4138 6364
376 269 483 325 585

1498 280 1771 337 CONTRA
1814 283 2203 353 EUNOMIUM,
2243 287 2373 343 LIB.
2412 288 2503 343 lli.

3531 294 3634 351 586

370 387 522 456 ἡμῖν,
554 388 648 440 καὶ
683 388 887 459 ἐκλήθη
910 391 970 444 τὸ
998 392 1167 463 ὄνομα
1200 394 1363 448 αὐτοῦ
1389 411 1403 425 °
1436 400 1503 452 τά
1531 417 1588 452 τε
1610 400 1740 455 ἄλλα
1773 403 1938 456 πάντα

2054 419 2178 466 nus,
2241 407 2401 460 Pater
2425 403 2593 474 futuri
2613 404 2814 467 swculi.
2850 409 2958 464 nisi
2999 410 3300 465 secundum
3371 408 3561 467 Isaiam
3589 414 3630 444 ¹⁷

370 478 471 530 δσα
498 480 527 530 ὁ
554 481 839 551 προφήτης
882 482 1133 553 ὠνόμασε
1156 501 1171 516 ⁸
1199 487 1293 540 καὶ
1329 491 1465 558 μετὰ
1487 492 1723 557 πάντων,
1750 498 1951 564 Πατὴρ

370 568 477 621 τοῦ
500 568 830 636 μέλλοντος
856 573 1091 641 αἰῶνος.
1112 578 1379 649 Πρότερον
1403 578 1495 636 οὖν
1527 585 1715 653 γέγονε
1738 588 1796 640 τὸ
1813 590 1950 643 κατὰ

368 658 466 728 τὴν
490 659 785 729 παρθενίαν
819 667 1138 735 μυστήριον,
1169 669 1262 721 καὶ
1296 672 1327 740 ή
1367 673 1495 743 περὶ
1525 674 1584 726 τὸ
1606 676 1778 739 πάθος
1809 681 1953 732 οἱκο-

369 751 551 821 νομία.
585 754 694 805 Καὶ
729 754 848 806 τότε
883 757 933 807 οἱ
979 759 1131 826 σοφοὶ
1168 762 1267 831 τῆς
1298 763 1535 828 πίστεως
1574 769 1951 837 ἀρχιτέκτονες

366 842 458 895 τὸν
486 843 733 913 θεμέλιον
753 847 853 916 τῆς
874 847 1109 915 πίστεως
1129 854 1507 909 κατεϐἀλοντο.
1536 854 1703 922 Οὗτος
1720 859 1778 913 δέ
1803 862 1948 915 ἐστιν

365 933 398 983 ό
428 934 472 985 Χ
482 935 677 1003 ριστὸς.
696 941 726 990 ὁ
738 940 940 1009 Πατὴρ
956 944 1060 998 τοῦ
1073 944 1400 1013 μέλλοντος
1411 939 1644 1016 αἰῶνος,
1660 945 1704 1018 ᾧ
1732 954 1949 1006 ἐποικοο

366 1025 691 1097 δομεῖταιιὴ
738 1029 844 1081 τῶν
882 1030 1252 1104 ἀτελευτήτων
1306 1038 1516 1095 αίώνων
1571 1042 1705 1114 ζωή.
1746 1045 1946 1099 Τούτου

367 1114 424 1167 δὲ
457 1116 766 1185 γενομένου,
804 1118 890 1171 ἵνα
923 1123 980 1173 ὲν
1019 1123 1234 1193 ἑκάστῳ
1266 1128 1373 1180 τῶν
1414 1132 1851 1186 πεπιστευκότων
1880 1131 1947 1184 τά

369 1206 488 1259 θεῖα
530 1206 813 1278 θελήματα
843 1210 937 1263 τοῦ
988 1214 1343 1284 εύαγγελικοῦ
1377 1221 1561 1291 νόμου,
1603 1225 1697 1276 καὶ
1732 1224 1801 1276 τὰ
1830 1242 1947 1278 ποι-

369 1298 493 1351 κίλα
523 1301 615 1353 τοῦ
646 1303 799 1369 ἁγίου
834 1305 1151 1375 Πνεύματος
1177 1312 1491 1383 χαρίσματα
1530 1315 1773 1386 γένηται,
1803 1318 1946 1389 ἅπερ

367 1390 545 1444 πάντα
590 1396 865 1462 τροπικῶς
903 1398 1043 1452 κατά
1076 1416 1197 1455 τινα
1243 1407 1497 1478 προσφυῆ
1542 1411 1815 1479 σημασίαν
1844 1411 1943 1482 ὅρη

367 1483 463 1536 καὶ
494 1483 718 1557 βουνοὺς,
731 1487 985 1557 ὀνομάζει
1008 1494 1041 1561 ἡ
1073 1493 1191 1545 θεία
1218 1495 1436 1567 Γραφή·
1472 1499 1571 1566 τὴν
1598 1501 1943 1573 δικαιοσύνην

370 1574 469 1642 μὲν
502 1575 601 1646 ὅρη
629 1576 765 1629 Θεοῦ
804 1578 1163 1649 ὀνομάζουσα,
1194 1585 1263 1637 τὰ
1298 1586 1356 1639 δὲ
1380 1588 1641 1658 κρίματα,
1675 1591 1945 1656 ἀϐύσσους

366 1666 862 1756 προσαγορεύουσα,
878 1670 982 1739 γῆν
993 1671 1047 1724 δὲ
1058 1675 1154 1743 τὴν
1174 1676 1280 1729 ὑπὸ
1290 1678 1380 1732 τοῦ
1394 1680 1566 1749 Λόγου
1582 1686 1941 1756 σπειρομένην

366 1755 459 1808 καὶ
487 1759 941 1828 καρποφοροῦσαν
968 1762 1056 1815 τὸν
1078 1766 1339 1836 πολύχουν
1362 1772 1592 1842 καρπόν.
1626 1776 1697 1827 Ἢ
1726 1779 1802 1841 ὡς
1828 1755 1939 1829 ἐτέ-

368 1848 538 1941 ρωθεν
573 1851 723 1941 παρά
770 1851 848 1922 τῷ
882 1854 1047 1909 Δαϐὶδ
1083 1857 1181 1926 μὲν
1226 1862 1445 1932 εἰρήνην
1511 1864 1598 1919 διὰ
1636 1868 1745 1921 τῶν
1773 1870 1936 1941 ὀρῶν,

363 1939 708 2012 δικαιοσύνην
748 1942 805 1996 δὲ
836 1944 922 1996 διὰ
959 1946 1068 1998 τῶν
1110 1948 1312 2018 βουνῶν
1343 1952 1731 2026 διδασκόμεθα’
1768 1939 1936 2029 ἀναγ-

364 2030 533 2093 καίως
563 2033 621 2082 ἐν
650 2035 762 2097 τοῖς
796 2039 1005 2099 πιστοῖς
1041 2039 1072 2107 ἡ
1114 2040 1271 2107 σοφία
1300 2046 1574 2109 γεννᾶται,
1615 2048 1707 2099 καὶ
1735 2048 1938 2120 ἀληθὴς

362 2121 391 2171 ὁ
416 2120 607 2188 Λόγος.
649 2123 710 2174 ‘0
736 2124 842 2194 γὰρ
877 2126 933 2177 ὲν
956 2131 1068 2187 τοῖς
1094 2128 1406 2199 δεξαμένοις
1428 2134 1590 2188 αὐτὸν
1622 2136 1716 2199 ὣν,
1742 2142 1799 2192 ἐν
1826 2144 1940 2203 τοῖς

363 2211 613 2275 ἀπίστοις
667 2212 819 2267 οὔπω
846 2216 1132 2289 ἐγεννήθη.
1172 2220 1291 2275 Ἵνα
1344 2220 1437 2277 οὖν
1484 2226 1655 2281 ταῦτα
1682 2231 1774 2282 καὶ
1807 2233 1937 2303 παρ’

364 2304 495 2372 ἡμῖν
525 2306 771 2374 γένηται.
819 2308 925 2379 χρὴ
969 2310 1061 2362 τὸν
1101 2312 1303 2366 τούτων
1346 2315 1674 2389 δημιουργὸν
1718 2323 1776 2373 ἐν
1809 2326 1938 2393 ἡμῖν

362 2395 707 2464 γεννηθῆναι.
741 2399 894 2452 Οὕτω
921 2400 977 2453 δὲ
1001 2403 1093 2455 καὶ
1117 2405 1187 2458 τά
1216 2406 1413 2477 ἐφεξῆς
1437 2407 1647 2475 τούτοις
1684 2414 1825 2466 κατὰ
1846 2417 1937 2469 τὸν

362 2484 553 2553 εἱρμὸν
587 2485 773 2538 τοῦτον
827 2492 1251 2563 κατανοήσομεν.
1298 2498 1420 2550 Ἐὰν
1468 2499 1577 2570 γὰρ
1616 2503 1845 2575 γεννηθῇ
1880 2508 1937 2557 ἐν

363 2576 493 2645 ἡμῖν
536 2578 568 2646 ἡ
602 2580 777 2648 σοφία,
831 2581 951 2633 τότε
985 2585 1136 2655 παρά
1169 2586 1262 2639 τοῦ
1291 2588 1424 2642 Θεοῦ
1472 2597 1935 2660 κατασκευάζεται

364 2669 421 2760 εν
460 2669 691 2740 ἑκάστῳ,
730 2672 763 2740 ἧ
792 2689 853 2724 τε
884 2672 1036 2744 χώρα
1082 2678 1173 2729 καὶ
1202 2678 1233 2747 ἡ
1273 2679 1547 2750 ἀοίκητος.
1576 2683 1744 2756 Χὼρα
1773 2688 1870 2758 μὲν
1899 2692 1932 2760 ἡ

361 2758 623 2831 δεχομένη
656 2762 749 2816 τοῦ
794 2765 968 2833 Λόγου
1010 2767 1108 2837 τὴν
1164 2773 1388 2841 σπορὰν,
1422 2774 1515 2826 καὶ
1561 2774 1659 2846 τὴν
1708 2758 1930 2850 ἄροσινλ

363 2853 618 2925 ἀοίκητος
655 2855 713 2907 δὲ
755 2859 789 2927 ἡ
830 2857 937 2909 τῶν
968 2860 1217 2930 πονηρῶν
1258 2865 1558 2936 οἰκητόρων
1595 2871 1934 2942 χωριζομένη

364 2944 595 3015 καρδία·
642 2947 736 2999 καὶ
780 2947 952 3012 οὕτως
990 2950 1141 3005 ἔσται
1187 2954 1341 3023 ἡμῶν
1390 2957 1665 3029 ήοῖκησις
1706 2964 1798 3016 ἐπὶ
1828 2965 1936 3019 τῶν

2054 498 2315 565 parvulus
2346 514 2486 568 puer
2514 499 2676 553 nobis
2710 508 2876 555 natus
2902 510 3072 566 esset,
3104 514 3157 557 et
3171 503 3292 572 ejus
3322 519 3521 560 nomen
3548 518 3639 558 vo-

2053 596 2237 643 catum
2274 597 2445 654 esset,
2478 600 2534 645 et
2564 600 2757 645 caetera
2795 608 2914 662 qua:
2942 595 3209 662 pr0pbeta
3247 596 3529 657 nominat,
3579 603 3636 647 ct

2052 696 2174 733 cum
2226 682 2506 749 omnibus,
2550 682 2712 736 Pater
2762 685 2928 753 futuri
2975 687 3175 739 swculi.
3242 687 3404 741 Prius
3466 687 3634 757 igitur

2052 773 2160 828 fuit
2183 776 2507 845 mysterium
2554 777 2699 846 quod
2738 778 2791 831 in
2826 779 3037 848 virgine
3072 779 3278 834 factum
3313 790 3415 843 est,
3470 787 3633 848 atque

2050 866 2142 920 illa
2175 868 2230 920 in
2262 868 2519 937 passione
2549 868 2910 938 dispensatio.
2964 871 3143 940 Atque
3172 880 3303 925 tunc
3354 872 3632 940 sapientes

2050 956 2179 1011 ﬁdei
2211 958 2498 1014 architecti
2550 959 2664 1014 sive
2717 961 2995 1031 principes
3054 962 3193 1017 fabri
3244 964 3367 1019 ﬁdei
3428 964 3629 1020 funda-

2047 1056 2291 1103 mentum
2338 1060 2656 1120 posuerunt.
2699 1050 2799 1106 Hic
2824 1062 3007 1108 autem
3058 1061 3145 1110 est
3170 1052 3442 1120 Christus,
3468 1052 3630 1112 Pater

2048 1140 2218 1209 futuri
2248 1143 2450 1206 swcult',
2483 1159 2648 1213 super
2671 1161 2783 1215 quo
2802 1147 3105 1201 aediﬁcatur
3121 1150 3445 1202 saeculorum
3465 1149 3626 1204 finem

2047 1248 2322 1301 nunquam
2350 1234 2729 1289 babiturorum
2766 1238 2895 1291 vita.
2952 1236 3108 1303 Quod
3156 1238 3354 1292 factum
3385 1238 3503 1303 fuit,
3570 1247 3629 1293 ut

2046 1324 2102 1377 in
2140 1340 2471 1394 unoquoque
2501 1328 2845 1383 credentium
2878 1330 3080 1384 divina:
3127 1332 3439 1388 voluntates
3491 1332 3627 1401 legis

2046 1414 2410 1488 Evangelicm,
2476 1426 2532 1473 et
2566 1420 2715 1478 varia
2770 1421 2945 1474 sancti
2998 1420 3241 1491 Spiritus
3276 1423 3420 1477 dona
3468 1423 3624 1486 ﬁant,

2044 1524 2168 1579 quae
2200 1511 2386 1563 omnia
2442 1511 2656 1581 tropice
2696 1513 2999 1566 secundum
3032 1512 3322 1582 quamdam
3376 1524 3625 1585 agnatam

2045 1600 2162 1654 sive
2190 1600 2555 1656 adhaerentem
2611 1602 3035 1671 signiﬁeantiam
3094 1613 3309 1660 montes
3342 1613 3397 1660 et
3450 1606 3623 1661 colles

2045 1690 2294 1743 nominat
2324 1690 2609 1760 Scriptura
2637 1692 2844 1746 divina.
2874 1692 3152 1747 Justitiam
3184 1694 3404 1763 quidem
3455 1709 3617 1748 mon-

2045 1790 2126 1837 tes
2155 1781 2249 1837 Dei
2281 1784 2595 1845 nominans,
2639 1784 2848 1853 judicia
2880 1800 3008 1839 vero
3038 1786 3267 1855 abyssos
3300 1786 3608 1855 appellans.

2041 1881 2242 1928 terram
2257 1884 2439 1929 autem
2461 1888 2491 1928 a
2511 1874 2688 1930 Verbo
2718 1884 2893 1930 satam
2909 1887 2963 1932 et
2981 1875 3242 1931 ferentem
3265 1877 3623 1941 multiplicem

2038 1973 2093 2021 et
2109 1967 2393 2036 ecpiosum
2415 1966 2676 2022 fructum.
2702 1967 2799 2024 Vel
2829 1970 2973 2024 sicut
3005 1970 3182 2024 alibia
3211 1968 3416 2023 Davide
3460 1969 3626 2024 doce-

2038 2070 2182 2118 mur,
2202 2070 2298 2124 per
2314 2063 2526 2110 montes
2542 2057 2765 2127 quidem
2787 2074 2996 2128 pacem,
3017 2075 3114 2129 per
3132 2059 3302 2114 colles
3320 2073 3448 2114 vero
3458 2058 3624 2128 justi-

2038 2148 2205 2211 tiam;
2253 2150 2571 2203 necessario
2612 2150 2667 2204 in
2701 2150 2953 2208 ﬁdelibus
2992 2152 3265 2222 sapientia
3302 2158 3619 2222 generatur,

2038 2246 2093 2293 ct
2135 2254 2320 2292 verum
2347 2239 2622 2307 Verbum;
2671 2241 2762 2311 qui
2792 2242 2939 2296 enim
2975 2249 3059 2297 est
3108 2242 3164 2295 in
3209 2241 3296 2296 his
3325 2242 3417 2310 qui
3454 2255 3615 2296 acce-

2041 2338 2238 2399 perunt
2296 2331 2497 2399 ipsum,
2553 2331 2606 2385 in
2656 2348 2769 2387 non
2813 2332 3166 2387 credentibus
3214 2332 3459 2386 nondum
3509 2340 3616 2388 est.

2039 2419 2113 2475 Ut
2160 2419 2326 2489 igitur
2376 2420 2492 2474 haec
2535 2422 2697 2476 nobis
2742 2422 3131 2487 innascantur,
3191 2431 3619 2492 oportcteorum

2036 2511 2347 2567 eiiectorem
2398 2514 2450 2567 in
2489 2515 2649 2570 nobis
2680 2516 2855 2571 nasci.
2887 2516 2980 2569 Sic
3006 2524 3187 2571 autem
3218 2523 3274 2572 et
3300 2533 3421 2587 quae
3448 2516 3605 2571 dein—

2036 2616 2165 2671 ceps
2215 2611 2519 2671 sequuntur
2572 2605 2675 2659 hoc
2728 2606 2849 2674 ipso
2901 2622 3044 2661 nexu
3106 2607 3494 2677 intelligemus.
3552 2607 3614 2661 Si

2035 2695 2180 2746 enim
2224 2694 2277 2746 in
2321 2694 2480 2749 nobis
2508 2696 2692 2764 genita
2732 2697 2897 2751 fuerit
2933 2697 3224 2766 sapientia.
3254 2705 3388 2751 tunc
3420 2713 3449 2750 a
3510 2697 3621 2752 Deo

2036 2784 2376 2838 construitur
2413 2786 2474 2839 in
2508 2800 2842 2856 unoquoque
2878 2792 2933 2839 et
2978 2788 3132 2855 regio
3169 2802 3290 2856 quae
3318 2786 3617 2847 habitatur,

2035 2884 2090 2929 et
2126 2891 2248 2943 qua:
2283 2892 2393 2929 non
2446 2876 2756 2931 habitatur:
2808 2878 2961 2948 regio
3006 2877 3230 2945 quidem
3280 2877 3616 2935 habitabilis.

2035 2980 2156 3034 qua!
2185 2966 2356 3019 divini
2393 2966 2552 3021 Verbi
2602 2967 2871 3022 sationem
2924 2968 3121 3037 recipit
3167 2976 3221 3022 et
3276 2970 3615 3036 arationem;

364 3036 547 3138 άκρων
856 3041 1072 3138 Ἱεῖπειδὴ
1100 3044 1207 3115 γὰρ
1235 3046 1334 3116 τῆς
1355 3048 1458 3116 γῆς
1483 3049 1543 3103 τὸ
1573 3052 1672 3121 μέν
1699 3072 1753 3107 τι
1774 3055 1936 3126 βάθος

2039 3056 2248 3109 inculta
2282 3065 2464 3110 autem
2508 3056 2625 3111 sive
2675 3036 3075 3121 inhabitabilis,
3113 3073 3210 3112 cor
3238 3058 3383 3127 quod
3420 3073 3449 3110 a
3485 3074 3614 3129 per-

364 3128 533 3190 ἐστὶν,
559 3128 618 3181 τὸ
647 3129 704 3182 δὲ
744 3130 1079 3197 ἐπιπόλαιον,
1113 3136 1240 3188 ὅταν
1269 3155 1353 3200 τις
1389 3139 1465 3212 μὴ
1493 3142 1745 3213 ὑπόγειος
1777 3148 1938 3220 γένη-

362 3238 453 3274 ται
485 3223 618 3293 μηδὲ
666 3225 1032 3296 σπηλαιώδης,
1068 3230 1124 3280 ἐν
1152 3230 1229 3301 τῷ
1270 3232 1338 3285 τὰ
1369 3234 1519 3288 κάτω
1560 3240 1802 3308 φρονεῖν·
1828 3235 1938 3304 οἷός

365 3317 480 3367 ἐστι
506 3316 615 3369 τῶν
653 3319 710 3371 ἐν
748 3320 992 3390 ἁμαρτίᾳ
1019 3321 1236 3383 ζώντων
1268 3326 1296 3375 ὀ
1323 3325 1457 3392 βίος,
1483 3328 1589 3382 τῶν
1621 3333 1938 3404 ἐμπεπηγό-

363 3424 472 3461 των
504 3412 569 3479 τῇ
600 3410 951 3481 ἀνυποστάτῳ
972 3412 1063 3465 τοῦ
1078 3411 1240 3482 βυθοῦ
1259 3416 1383 3486 ἱλύῖ,
1412 3416 1493 3483 οἷς
1516 3422 1730 3491 ἀληθῶς
1761 3427 1937 3499 φρέαρ

365 3500 515 3553 ἐστὶν
559 3504 591 3571 ή
641 3502 776 3571 ζωὴ,
826 3502 968 3557 κατά
1008 3505 1106 3576 τὴν
1154 3506 1473 3578 ψαλμῳδίαν
1504 3513 1604 3585 τὴν
1642 3515 1931 3585 λέγουσαν·

364 3590 530 3657 Μηδέ
571 3595 851 3661 συσχέτω
877 3595 969 3649 ἐπ’
998 3596 1103 3663 ἐμὲ
1150 3598 1334 3669 φρέαρ
1383 3600 1449 3653 τὸ
1490 3605 1683 3671 στόμα
1726 3609 1933 3663 αὐτοῦ.

377 3682 502 3736 Ἐὰν
532 3678 623 3735 οὖν
652 3701 734 3747 τις
759 3686 1176 3757 ὲγγεννηθείσης
1204 3690 1351 3760 αὐτῷ
1376 3693 1474 3762 τῆς
1509 3696 1701 3763 σοφίας
1730 3697 1799 3751 τὰ
1826 3700 1937 3753 ἄνω

367 3777 559 3844 φρονῇ,
587 3774 839 3827 τοσοῦτον
870 3777 970 3847 τῆς
993 3779 1095 3848 γῆς
1124 3781 1519 3852 ἐφαπτόμενος,
1549 3787 1670 3840 ὅσον
1698 3792 1938 3860 ἐπάναγ-

367 3883 478 3931 κες,
514 3863 666 3930 οὗτος
690 3870 757 3921 τὰ
784 3870 927 3940 ἄκρα
952 3871 1052 3941 τῆς
1078 3872 1169 3924 ὑπ’
1202 3874 1428 3945 οὐρανὸν
1456 3881 1612 3943 οἰκεῖ,
1644 3882 1744 3934 οὐκ
1766 3884 1937 3954 ἐμϐα-

366 3956 541 4012 θύνων
588 3958 665 4030 τῷ
696 3961 868 4030 γηΐνῳ
916 3964 1255 4033 φρονήματι·
1290 3968 1462 4038 τούτῳ
1489 3970 1580 4023 τὸν
1618 3974 1843 4044 οὐρανὸν
1877 3979 1935 4031 ὲν

367 4050 544 4120 ἑαυτῷ
572 4052 693 4105 ἀντὶ
745 4054 844 4123 τῆς
878 4055 982 4123 γῆς
1030 4057 1366 4126 ὲτοιμάζοντι
1410 4062 1443 4131 ή
1478 4063 1637 4132 σοφία
1681 4068 1933 4140 πάρεστι.

368 4140 476 4231 Καὶ
507 4141 634 4194 ὃταν
660 4142 755 4212 τὴν
782 4143 890 4195 τῶν
919 4145 1126 4198 ἄνωθεν
1163 4149 1337 4215 νεφῶν
1381 4150 1746 4220 διδασκαλίαν,
1788 4160 1938 4231 ἰσχυ-

370 4230 467 4302 ρὰν
496 4232 672 4303 ἐαυτῷ
711 4237 869 4296 ποιεῖ,
897 4238 975 4295 εἰς
1001 4235 1161 4307 ἔργον
1196 4241 1343 4308 ἄγων
1373 4244 1441 4297 τά
1479 4230 1934 4320 παραγγέλματα,

366 4323 465 4390 τήν
495 4339 554 4373 τε
583 4322 823 4394 μεγάλην
859 4328 952 4378 καὶ
985 4327 1291 4398 εὐρύχωρον
1310 4331 1409 4400 τῆς
1435 4335 1631 4399 κακίας
1660 4337 1935 4396 θάλασσαν

366 4414 430 4482 τῇ
466 4414 685 4484 ἀκριϐεῖ
731 4415 971 4487 πολιτεία
1024 4418 1273 4490 καθάπερ
1315 4424 1455 4490 ὴῖὸνι
1508 4428 1613 4480 τινὶ
1646 4429 1932 4501 διαλαϐὼν,
1966 4412 2011 4466 D

365 4504 561 4557 κωλύει
606 4506 667 4558 τὸ
712 4507 985 4576 έμπαστον
1033 4509 1175 4581 ὕδωρ
1219 4515 1465 4583 προῖέναι
1513 4518 1607 4571 τοῦ
1648 4523 1931 4593 στόματος.

368 4594 484 4647 Κᾶν
522 4597 579 4647 ἐν
625 4600 827 4665 πηγαῖς
855 4600 1097 4671 καταχθῇ
1146 4601 1222 4671 τῷ
1249 4603 1349 4673 τῆς
1394 4604 1740 4673 διδασκαλίας
1780 4616 1934 4684 χαρί-

367 4698 552 4773 σματι,
586 4686 701 4753 μετ’
733 4687 1032 4755 ἀσφαλείας
1062 4691 1306 4760 προχέων
1338 4693 1430 4747 τοῦ
1465 4695 1623 4764 λόγου
1653 4699 1715 4752 τὸ
1750 4703 1930 4773 νάμα·

362 4771 438 4835 ὡς
464 4776 536 4844 μή
562 4791 664 4827 τινι
702 4782 999 4847 παρασχεῖν
1025 4779 1085 4831 τὸ
1108 4782 1290 4846 ποτὸν,
1320 4784 1439 4837 ἀντὶ
1464 4786 1705 4859 καθαροῦ
1743 4771 1930 4859 ὓδατος

364 4864 673 4958 ἀνατροπὴν
715 4867 958 4938 θολερὰν,
1006 4870 1108 4923 κᾶν
1143 4873 1466 4946 ὑπεραρθεὶς
1513 4880 1693 4951 πάσης
1735 4888 1930 4958 γηῖνης

366 4954 595 5025 βάσεως,
626 4958 857 5028 διαέριος
906 4960 983 5030 τῷ
1018 4961 1115 5032 βίῳ
1159 4964 1404 5036 γένηται,
1440 4971 1531 5023 ἐπὶ
1558 4972 1659 5042 τῆς
1689 4954 1930 5049 πνευμα-

360 5049 520 5118 τικῆς
551 5050 796 5117 βεϐηκὼς
827 5054 1115 5119 πολιτείας,
1133 5056 1199 5127 ἢν
1226 5060 1458 5131 ἀνέμους
1481 5066 1509 5116 ὁ
1543 5064 1698 5134 λόγος
1719 5070 1929 5141 ὠνόμα-

364 5154 484 5192 σεν·
516 5140 655 5196 ὥστε
700 5145 773 5206 είς
846 5144 1033 5215 θρόνον
1076 5148 1170 5200 τοῦ
1223 5151 1283 5202 ὲν
1338 5152 1484 5223 αὐτῷ
1535 5157 1925 5231 καθιδρυμένου

362 5231 739 5319 ἀφορισθῆναι.
782 5231 907 5298 υἷος
955 5232 1024 5308 ἦν
1073 5239 1101 5289 ὁ
1158 5239 1367 5304 Παῦλος
1419 5245 1796 5318 ἀφωρισμένος
1846 5258 1927 5319 εἰς

363 5318 710 5385 Εὐαγγέλιον,
733 5320 810 5381 είς
839 5324 899 5376 τὸ
921 5324 1171 5391 γενέσθαι
1212 5327 1401 5393 σκεῦος
1432 5330 1680 5400 ἐκλογῆς,
1708 5338 1802 5389 τοῦ
1834 5318 1927 5409 pa;

364 5412 554 5463 στάσαι
600 5412 659 5463 τὸ
687 5414 856 5484 ὄνομα
892 5415 985 5468 τοῦ
1030 5418 1186 5482 Θεοῦ.
1216 5420 1291 5482 ὡς
1338 5421 1494 5487 ἄλλος
1544 5427 1700 5498 Λόγῳ
1739 5430 1925 5500 θρόνος

363 5500 597 5567 ἐγένετο,
622 5504 651 5556 ὁ
678 5505 767 5557 τὸν
793 5506 983 5560 ἑαυτοῦ
1008 5508 1399 5580 καθιδρυμένον
1429 5514 1731 5583 βαστάζων.
1760 5523 1925 5577 Ὅταν

362 5591 532 5645 ταῦτα
559 5594 740 5649 καὶτὰ
763 5598 983 5651 τοιαῦτα
1012 5602 1346 5674 κατορθωθῇ,
1375 5604 1513 5672 ὥστε
1542 5610 1923 5682 εὐφραίνεσθαι

435 5682 479 5716 ¹¹
509 5685 633 5740 lsai.
660 5702 736 5749 ιτ,
768 5689 819 5740 6.
897 5690 938 5720 ’³
977 5689 1120 5745 Psal.
1160 5708 1351 5761 vam,
1383 5694 1467 5750 16.

647 5779 918 5843 Punica.
964 5782 1083 5844 Gn.
1128 5785 1323 5849 XLV.

2039 3150 2213 3203 versis
2243 3156 2296 3203 et
2316 3150 2498 3218 pravis
2516 3149 2915 3204 habitatoribus
2941 3156 2996 3203 et
3019 3150 3212 3204 incolis
3232 3149 3526 3211 deseritur.
3562 3158 3618 3205 et

2040 3240 2118 3294 sic
2152 3240 2257 3293 erit
2295 3240 2454 3293 nobis
2484 3239 2746 3294 habitatio
2794 3240 2848 3293 in
2875 3241 3105 3295 summis
3138 3250 3301 3296 terra:
3340 3242 3610 3311 partibus.

2042 3331 2323 3401 Siquidem
2356 3342 2515 3387 terrm
2566 3348 2694 3401 pars
2744 3333 2992 3402 quaedam
3023 3341 3106 3388 est
3134 3331 3426 3403 profunda,
3467 3350 3613 3405 qiua-

2038 3425 2162 3478 dam
2208 3440 2326 3494 quae
2367 3426 2419 3477 in
2481 3426 2825 3478 extremitate
2873 3424 3098 3488 eminet,
3136 3440 3259 3479 cum
3317 3425 3441 3495 quis
3503 3440 3613 3477 non

2040 3518 2430 3572 subterraneus
2484 3532 2658 3585 neque
2707 3531 3046 3574 cavernosus
3103 3516 3286 3579 fuerit,
3318 3518 3447 3571 dum
3494 3533 3615 3586 qua'

2038 3618 2170 3662 sunt
2195 3608 2450 3663 deorsum
2488 3609 2667 3676 sapit;
2711 3608 2892 3678 qualis
2927 3616 3012 3663 est
3043 3609 3155 3662 vita
3201 3625 3393 3663 eorum
3428 3611 3517 3679 qui
3558 3610 3613 3664 in

2038 3708 2266 3768 peccato
2310 3701 2518 3759 vivunt,
2572 3700 2665 3769 qui
2710 3700 2761 3752 in
2808 3699 2937 3752 limo
2986 3698 3239 3769 profundi
3283 3714 3390 3753 non
3431 3700 3613 3755 subsi-

2039 3798 2217 3847 stente
2265 3799 2392 3846 sunt
2434 3789 2624 3844 infixi:
2684 3790 2885 3859 quibus
2934 3801 3132 3859 puteus
3180 3806 3309 3845 vere
3357 3791 3467 3844 vita
3505 3802 3609 3852 est,

2038 3880 2336 3935 secundum
2368 3878 2567 3934 Psalmi
2603 3889 2863 3933 cantum:
2898 3878 3079 3949 Neque
3111 3890 3295 3951 urgeat
3335 3897 3492 3949 super
3529 3898 3608 3935 me

2037 3981 2224 4040 puteus
2259 3986 2316 4024 os
2371 3986 2525 4024 suum
2556 3970 2621 4024 ".
2663 3968 2721 4023 Si
2774 3970 3142 4041 quis-igitur,
3203 3981 3491 4042 postquam
3550 3974 3605 4025 in

2038 4064 2157 4133 ipso
2185 4062 2365 4116 divina
2397 4061 2557 4116 fuerit
2588 4064 2769 4133 genita
2794 4064 3086 4134 sapientia,
3127 4081 3248 4135 qua:
3275 4080 3438 4135 supra
3485 4078 3612 4120 sunt

2039 4155 2257 4224 sapiat:
2302 4154 2640 4209 tantumdem
2674 4163 2833 4209 terra:
2880 4157 3155 4227 attingens
3203 4166 3467 4226 quantum
3515 4174 3610 4213 ne-

2039 4262 2193 4302 cesse
2240 4255 2342 4311 est,
2400 4247 2487 4301 hic
2533 4256 2775 4301 extrema
2811 4256 2973 4303 terrae
3011 4250 3114 4304 sub
3156 4250 3297 4304 coelo
3352 4250 3606 4305 habitat:

2040 4354 2147 4392 non
2171 4338 2224 4393 in
2258 4345 2506 4393 terrenas
2522 4339 2886 4408 cogitationes
2912 4340 3229 4395 demersus:
3258 4341 3387 4395 huic
3408 4341 3609 4395 coctum

2040 4428 2144 4483 sibi
2174 4430 2296 4485 loco
2327 4438 2486 4483 terra:
2518 4432 2845 4499 praeparanti
2875 4431 3146 4500 sapientia
3176 4432 3405 4486 assistit.
3445 4433 3608 4486 Cum-
3704 4484 3710 4493 ,

2038 4537 2145 4591 que
2176 4522 2481 4575 doctrinam
2528 4521 2835 4576 caelestium
2874 4523 3099 4576 nubium
3138 4522 3371 4575 validam
3414 4531 3468 4577 et
3518 4524 3601 4576 tir-

2039 4628 2180 4667 mam
2215 4604 2317 4669 sibi
2356 4612 2508 4673 facit,
2535 4612 2601 4667 ad
2633 4628 2773 4683 opus
2819 4627 3085 4667 revocans
3117 4621 3416 4683 precepta;
3459 4628 3610 4682 mag-

2034 4719 2274 4774 numque
2302 4713 2356 4759 et
2378 4706 2680 4774 spatiosum
2710 4704 2966 4757 vitiorum
2996 4719 3147 4758 mare
3181 4711 3440 4758 accurata
3460 4706 3603 4760 bene

2030 4798 2246 4853 vivendi
2278 4799 2489 4852 ratione
2515 4806 2774 4867 tanquam
2795 4798 2978 4851 littore
2998 4798 3235 4866 quodam
3257 4797 3601 4866 dispescens,

2034 4889 2403 4942 turbulentam
2450 4902 2645 4958 aquam
2699 4903 2767 4942 ex
2823 4902 2922 4940 ore
2970 4902 3073 4942 suo
3132 4885 3405 4954 proﬂuere
3468 4902 3601 4956 pro-

2036 4981 2207 5036 bibet.
2233 4981 2389 5047 Quod
2429 4982 2476 5035 si
2517 4981 2583 5035 ad
2618 4980 2794 5036 fontes
2830 4979 2993 5034 fuerit
3032 4979 3307 5034 adductus
3333 4979 3604 5034 doctrinm

2033 5074 2178 5129 dono
2206 5074 2350 5144 quod
2387 5072 2529 5128 Deus
2562 5073 2927 5143 gratiﬁcatur,
2974 5080 3106 5125 tunc
3138 5086 3263 5124 cum
3307 5072 3605 5127 securitate

2032 5166 2183 5221 verbi
2228 5164 2509 5235 profundit
2562 5166 2807 5229 laticem,
2836 5166 2913 5219 ita
2958 5171 3019 5219 ut
3055 5179 3163 5218 non
3209 5163 3373 5218 alicui
3407 5170 3599 5232 potum

2030 5271 2131 5326 pro
2158 5271 2296 5326 aqua
2313 5272 2449 5325 pura
2476 5257 2751 5310 turbidam
2771 5256 3112 5327 eversionem
3143 5256 3403 5325 praebeat.
3442 5255 3504 5307 Et
3548 5255 3596 5309 si

2032 5362 2199 5417 supra
2230 5362 2445 5402 omnem
2479 5357 2752 5402 terrenum
2774 5362 3022 5417 gressum
3044 5346 3388 5409 sublimatus,
3417 5345 3599 5400 aerias

2033 5441 2147 5494 sive
2176 5439 2481 5509 spiritualis
2512 5439 2730 5494 vivendi
2768 5441 2979 5495 ratione
3009 5438 3186 5493 factus
3213 5439 3401 5497 fuerit.
3433 5438 3601 5506 spiri-

2034 5530 2197 5583 talem
2267 5530 2513 5598 politiam
2574 5530 2688 5584 sive
2744 5530 3215 5585 conversationem
3277 5529 3595 5598 ingressus.

2032 5636 2196 5691 quam
2237 5628 2429 5675 ventos
2474 5621 2776 5676 nominavit
2814 5620 3037 5677 divinus
3081 5635 3283 5676 sermo:
3333 5620 3405 5672 ita
3450 5622 3595 5672 utin

3264 5801 3338 5861 19
