4138 6364
517 263 629 328 887

1752 263 1810 318 Β.
1851 258 2179 318 GREGORH
2207 250 2494 310 NYSSENI

3668 228 3780 286 583

517 384 779 438 thronum
823 380 945 449 ejus
989 379 1084 449 qui
1137 380 1190 434 in
1231 379 1353 450 ipso
1399 378 1671 441 consedit,
1726 385 2039 450 segregetur
2080 396 2092 431 :

2199 372 2300 443 ἤδη
2335 370 2426 424 τὸν
2459 371 2516 422 ὲν
2558 361 2734 433 ἑαυτῷ
2775 361 2872 434 τὴν
2916 357 3239 430 οέκουμένην
3273 353 3369 450 τοῦ
3411 351 3547 404 Θεου
3574 362 3782 450 σοντες

518 473 696 542 qualis
745 471 847 525 fuit
893 470 1095 527 Paulus
1147 478 1469 541 segregatus
1501 465 1569 526 ad
1615 469 1992 541 Evangeliuin,
2035 479 2096 524 ut

519 574 664 619 esset
704 579 801 620 vas
849 565 1138 618 electionis
1187 574 1241 619 et
1276 563 1444 619 ferret
1482 577 1680 618 nomen
1715 562 1808 617 Dei
1844 564 1922 616 '9:
1962 569 2096 616 tunc

513 660 668 713 velut
697 659 838 713 alius
865 657 1025 713 Verbi
1051 660 1281 714 thronus
1300 657 1480 714 factus
1509 666 1616 722 est,
1635 658 1727 728 qui
1754 657 1888 712 illud
1918 664 2096 729 gestat

517 750 662 818 quod
708 751 762 807 in
809 751 928 816 ipso
985 750 1256 805 consedit.
1322 750 1458 804 Cum
1525 751 1642 805 haec
1703 758 1759 804 et
1803 764 1924 818 quae
1965 757 2096 804 sunt

507 840 638 909 ejus
672 841 888 909 generis
930 839 1242 910 perfecerit,
1303 843 1375 896 ita
1425 850 1482 895 ut
1517 841 1730 896 laetetur
1780 842 1871 895 ille
1900 841 1995 910 qui
2038 841 2092 894 in

518 932 701 1000 seipso
733 941 935 985 terram
966 948 996 985 a
1028 931 1138 986 Deo
1163 933 1460 987 liabitatam
1488 934 1706 1002 penitus
1729 933 2095 988 absolveritet

520 1023 891 1092 compleverit,
929 1024 1169 1092 gaudens
1194 1027 1338 1094 quod
1373 1040 1480 1078 non
1512 1025 1808 1078 belluarum
1830 1039 2092 1094 quarum-

519 1114 645 1166 dam
693 1112 931 1167 ferarum
964 1122 1020 1169 et
1054 1115 1285 1170 rationis
1306 1118 1635 1186 expertium,
1670 1117 1764 1170 sed
1810 1117 2092 1169 hominum

519 1213 675 1272 pater
706 1202 883 1258 factus
913 1215 1016 1270 est,
1057 1207 1152 1274 qui
1189 1230 1196 1238 -
1232 1203 1324 1259 ﬁlii
1349 1206 1547 1259 divinae
1575 1215 1704 1259 sunt
1732 1206 2092 1274 cogitationes

505 1302 573 1347 «et
603 1309 787 1357 sensa,
821 1311 942 1365 qua:
969 1296 1036 1350 ad
1069 1297 1308 1350 divmam
1341 1298 1628 1366 imaginem
1669 1296 2088 1352 conformantur

521 1401 619 1453 per
653 1383 817 1438 fidem
879 1387 934 1440 in
982 1403 1106 1442 eum
1166 1390 1256 1457 qui
1319 1389 1371 1441 in
1432 1389 1590 1442 nobis
1645 1397 1864 1442 creatus
1903 1397 1986 1443 est
2039 1396 2093 1441 et

520 1476 858 1545 genituszla)
911 1478 1244 1534 fidesautem
1264 1496 1399 1533 voce
1425 1479 1483 1531 D.
1505 1479 1656 1534 Pauli
1679 1480 2088 1534 fundamentum

506 1563 866 1636 intelligitur,
903 1584 1000 1638 per
1032 1584 1196 1639 quam
1240 1571 1493 1626 ﬁdelibus
1535 1571 1888 1639 iugeneratur
1939 1571 2091 1642 sapi-

520 1653 693 1719 entia,
715 1665 769 1711 et
786 1658 968 1713 omnia
993 1674 1112 1726 quae
1145 1669 1275 1713 sunt
1304 1659 1450 1713 dicta
1498 1669 1777 1728 operatur:
1812 1669 1940 1714 tunc
1969 1662 2090 1730 ejus

2198 437 2452 522 λέσαντα,
2493 453 2940 526 εὐφραινόμενον,
2971 451 3052 503 ὅτι
3079 448 3199 518 οὐχὶ
3227 443 3431 516 θηρίων
3478 437 3639 491 τινῶν
3679 437 3785 518 και

2197 554 2426 620 ἀλόγων,
2472 547 2585 601 ἀλλ’
2615 541 2916 616 ἀνθρώπων
2970 539 3154 611 πατὴρ
3189 537 3425 606 ἐγένετο,
3467 528 3611 586 οὗτοι
3633 529 3676 582 δ’
3707 528 3781 581 ἂν

2196 644 2304 700 εἷεν
2346 646 2394 697 οἱ
2426 639 2677 700 θεοειδεῖς
2709 635 2980 706 λογισμοὶ,
3008 635 3057 685 oi
3102 631 3241 685 κατά
3275 630 3372 698 τὴν
3403 621 3553 678 θείαν
3589 623 3780 674 εἰκόνα.

2199 737 2582 809 μορφούμενοι,
2627 729 2714 785 διά
2742 729 2842 798 τῆς
2871 729 2949 791 εἰς
2975 726 3065 778 τὸν
3104 721 3391 777 κτισθέντα
3421 721 3478 770 ὲν
3517 719 3648 785 ἡμῖν
3679 713 3781 766 καὶ

2194 805 2524 898 γεννηθέντα
2565 821 2822 883 πίστεως·
2873 820 2909 887 ἠ
2963 817 3020 869 δὲ
3051 814 3232 876 πίστις
3271 810 3412 864 κατά
3435 809 3533 879 τὴν
3559 805 3778 858 Παύλου

2195 920 2380 988 φωνὴν
2402 918 2430 968 ὁ
2451 915 2697 984 θεμέλιος
2720 913 2936 971 νοεῖται,
2963 908 3028 960 δι’
3054 902 3120 977 ἧς
3142 907 3397 973 γεννᾶται
3423 903 3534 962 τοῖς
3561 901 3780 960 πιστοῖς

2195 1013 2228 1080 ἡ
2255 1009 2438 1079 σοφία,
2468 1007 2561 1060 καὶ
2582 1005 2760 1058 πάντα
2785 1002 2849 1054 τά
2880 999 3146 1069 εἰρημένα
3177 994 3496 1066 ἐργάζεται·
3519 992 3636 1042 τότε
3670 1006 3778 1080 μετ

2194 1070 2384 1172 κάριος
2413 1097 2624 1168 άληθῶς
2656 1098 2684 1147 ὁ
2720 1093 2813 1145 τοῦ
2849 1087 3272 1160 κατωρθωκότος
3312 1084 3518 1153 γίνεται
3554 1080 3666 1150 βίος
3683 1097 3711 1172 ·-
3727 1070 3779 1144 ᾧ

2196 1168 2426 1264 ἁρμόζει
2452 1190 2544 1244 καὶ
2577 1184 2999 1256 ἐπευφραίνεται
3036 1183 3093 1234 ἐν
3123 1178 3286 1231 παντὶ
3319 1172 3552 1245 καιρῷὴ
3589 1168 3776 1236 σοφία,

2191 1257 2416 1358 πέλ-καθ’
2446 1284 2656 1355 ἡμέραν
2683 1280 2818 1348 αὐτῇ
2853 1275 2988 1347 μόνῃ
3020 1267 3490 1358 προσχαιρομένῳ.
3520 1257 3780 1358 Εὐφραί-

2193 1353 2356 1434 νεται
2549 1374 2762 1439 Κύριος
2786 1369 2883 1421 ἐπὶ
2908 1364 3033 1430 τοῖς
3052 1364 3245 1426 ὁσίοις
3258 1357 3463 1414 αὐτοῦ·
3484 1355 3580 1409 καὶ
3603 1353 3779 1446 ἐνού-

2186 1468 2352 1537 ρανῷ
2371 1445 2522 1538 χαρὰ
2551 1467 2773 1534 γίνεται
2802 1459 2901 1513 ἐπὶ
2919 1456 3043 1522 τοῖς
3060 1451 3430 1522 σωζομένοις.
3461 1445 3569 1538 Καὶ
3589 1447 3616 1499 ὁ
3637 1445 3778 1538 ρι-

2196 1563 2317 1624 στὸς
2365 1559 2552 1629 Πατὴρ
2598 1558 2689 1608 ἐπὶ
2719 1553 2794 1623 τῷ
2830 1547 3161 1605 ἀνασωθέντι
3196 1542 3296 1613 υίῷ
3330 1537 3595 1611 ἑορτάζει.
3638 1534 3779 1587 Τού-

2193 1671 2300 1707 των
2333 1653 2390 1706 δὲ
2436 1653 2564 1721 παρ’
2593 1647 2750 1719 ἡμῶν
2784 1643 3052 1713 ἐπιδρομῇ
3108 1635 3402 1708 ῥηθέντων,
3437 1633 3465 1685 ὁ
3492 1629 3776 1706 φιλόπονος

523 1741 617 1810 qui
653 1742 732 1794 sic
762 1743 1032 1810 perfectus
1053 1755 1107 1801 et
1137 1749 1393 1802 omnibus
1423 1751 1599 1804 modis
1625 1751 1908 1804 absolutus
1930 1728 2092 1805 fuerit

2200 1745 2464 1814 ἀναγνοὺς
2505 1741 2604 1810 τῆς
2654 1739 2805 1801 θείας
2841 1732 3068 1806 Γραφῆς
3110 1729 3181 1782 τὰ
3215 1728 3406 1796 ἐδάφη.
3457 1734 3776 1793 προσαρμο-

523 1831 630 1884 vita
663 1848 788 1887 vere
811 1833 967 1889 beata
992 1835 1261 1893 eﬁicitur:
1305 1840 1466 1908 eique
1491 1841 1641 1894 omni
1679 1849 1920 1909 tempore
1955 1855 2092 1894 con-

524 1923 692 1974 sentit
721 1931 774 1976 et
804 1927 1113 1994 congaudet
1147 1930 1436 1998 sapientia,
1461 1931 1556 2000 qui
1579 1931 1824 2000 quotidie
1843 1933 1945 1985 hac
1977 1933 2095 1987 sola

523 2011 839 2068 delectatur.
872 2014 1011 2069 Nam
1039 2017 1295 2072 Dominus
1324 2020 1539 2074 Iactatur
1569 2023 1623 2074 in
1657 2027 1852 2077 sanctis
1876 2024 1985 2076 suis
2010 2024 2091 2077 ὀε

519 2113 572 2156 ct
614 2105 665 2156 in
704 2108 832 2158 cwlo
871 2107 1122 2174 gaudium
1161 2112 1220 2178 ﬁt
1257 2127 1412 2178 super
1440 2114 1519 2166 Itis
1556 2115 1646 2184 qui
1688 2115 1821 2167 salvi
1857 2116 1991 2184 ﬁunt
2025 2116 2091 2168 “.

475 2271 478 2275 Α
526 2192 589 2245 Et
630 2194 879 2252 Christus
912 2199 1070 2253 Pater
1104 2213 1321 2270 propter
1353 2199 1522 2256 lilium
1568 2206 1660 2273 qui
1693 2207 1878 2259 salvus
1920 2207 2095 2260 factus

519 2295 624 2347 est,
668 2285 863 2341 festum
892 2291 1152 2344 celebrat.
1182 2292 1278 2346 His
1303 2311 1330 2345 a
1356 2295 1512 2348 nobis
1547 2297 1754 2349 cursim
1776 2306 1830 2350 et
1860 2298 2098 2351 breviter

519 2375 705 2441 dictis,
747 2377 1051 2435 industrius
1084 2390 1134 2435 et
1172 2385 1347 2438 solers
1383 2385 1570 2449 lector,
1603 2388 1696 2455 qui
1719 2387 1915 2441 divina:
1949 2385 2096 2442 Scri-

522 2473 695 2534 ptura:
726 2471 1031 2536 pavimenta
1064 2477 1357 2541 percurrit,
1415 2477 1502 2532 bis
1534 2478 1955 2547 speculamentis
1979 2479 2099 2534 sive

510 2560 1070 2616 commutationibus
1117 2565 1492 2620 accommodet
1548 2567 1838 2637 aanigmata
1886 2567 1962 2636 (id
2015 2573 2100 2622 est

519 2647 755 2702 obscura
775 2651 1050 2708 involucra
1075 2671 1195 2724 qua:
1212 2657 1394 2712 verbis
1425 2657 1572 2712 aliud
1605 2658 1920 2727 praiferunt,
1952 2658 2097 2712 aliud

2198 1840 2499 1899 σὰτω’τοῖς
2546 1833 2864 1904 θεωρήμασι
2905 1828 2976 1881 τὰ
3023 1826 3347 1894 αἰνίγματα’
3377 1817 3678 1887 δοκιμάσας
3724 1814 3774 1866 εί

2201 1929 2276 2000 μὴ
2305 1925 2592 1997 παραπολύ
2633 1921 2880 1995 κρεῖττόν
2913 1921 3029 1972 ἐστι
3067 1916 3201 1986 πρὸς
3229 1912 3389 1966 τοῦτο
3420 1908 3633 1980 βλέπειν
3661 1904 3776 2000 οἶες

2199 2019 2321 2071 σθαι
2351 2017 2452 2086 τὴν
2481 2011 2588 2066 τῶν
2627 2011 2961 2081 αἰνιγμάτων
3003 2006 3262 2066 διάνοιαν,
3295 2001 3388 2055 καὶ
3435 1999 3508 2069 μὴ
3546 1995 3683 2049 κατά
3712 1992 3776 2046 τὸ

2197 2106 2537 2180 προσχείρως
2576 2101 2990 2170 ὑπονοούμενον.
3027 2096 3099 2151 Οὐ
3130 2095 3240 2165 γάρ
3270 2095 3385 2146 ἐστι
3421 2087 3644 2143 δυνατὸν
3673 2085 3774 2154 τὴν

2197 2179 2289 2254 τοῦ
2330 2198 2572 2252 Ἰωάννου
2601 2193 2878 2261 θεολογίαν
2904 2189 3075 2260 ἁληθῆ
3103 2185 3445 2257 νομισθῆναι,
3467 2179 3564 2251 τὴν
3595 2179 3774 2232 πάντα

2196 2292 2264 2344 τὰ
2319 2288 2604 2342 κτισθέντα
2663 2285 2824 2355 ἔργον
2876 2277 3016 2334 εἶναι
3063 2277 3156 2331 τοῦ
3208 2275 3382 2342 Λόγου
3431 2271 3769 2342 ὑμνήσασαν,

2197 2386 2356 2456 εἴπερ
2388 2382 2619 2436 ἐνταῦθα
2646 2383 2674 2434 ὁ
2700 2380 2797 2449 τὴν
2817 2375 3004 2444 σοφίαν
3021 2374 3233 2437 κτίσας,
3254 2370 3368 2440 μετ’
3393 2366 3562 2436 αὐτῆς
3583 2363 3676 2456 καὶ

2199 2454 2335 2531 ἄλλα
2363 2476 2538 2528 πάντα
2580 2468 2937 2539 πεποιηκέναι
2979 2462 3304 2518 πιστεύοιτο.
3335 2457 3530 2512 Οὐκέτι
3569 2455 3676 2526 γὰρ
3702 2454 3772 2506 δι’

2203 2567 2415 2636 ἐκείνης
2445 2565 2596 2618 ἔσται
2635 2561 2706 2614 τά
2745 2560 2942 2621 πάντα,
2976 2555 3111 2609 ἀλλά
3155 2552 3291 2624 μετά
3333 2550 3548 2604 πάντων
3589 2545 3770 2616 ἐκείνη

2200 2660 2308 2712 τῶν
2333 2655 2632 2726 γεγονότων
2661 2649 3119 2723 ἀριθμηθήσεται.

522 2739 776 2795 “en-gibus
811 2744 1052 2812 ῑθηθιιι),
1078 2749 1422 2818 probans,an
1445 2763 1552 2801 non
1576 2746 1747 2801 multo
1779 2745 1974 2802 melius
1995 2757 2078 2801 est
2107 2747 2420 2801 existimare
2445 2745 2551 2797 huc
2582 2741 2780 2795 intueri
2805 2737 3124 2793 sententiam
3149 2731 3514 2802 aenigmatum,
3539 2739 3646 2780 non
3669 2739 3770 2776 an-

521 2837 630 2884 tem
675 2832 740 2886 ad
773 2848 897 2886 eum
944 2849 1164 2889 sensum
1203 2854 1293 2897 qui
1337 2838 1545 2906 primus
1584 2839 1847 2892 occurrit.
1894 2835 2015 2893 Non
2053 2838 2196 2892 enim
2237 2837 2298 2890 D.
2351 2835 2576 2890 Joannis
2607 2831 2876 2900 theologia
2922 2842 3048 2882 vera
3083 2833 3261 2896 potest
3300 2818 3622 2882 existimari,
3650 2830 3774 2906 quas

522 2923 704 2974 omnia
742 2930 925 2975 creata
967 2939 1106 2992 opus
1135 2921 1296 2977 Verbi
1341 2939 1465 2979 esse
1501 2926 1840 2995 prmdicat,si
1863 2927 2083 2997 quidem
2122 2927 2211 2980 hic
2245 2926 2336 2994 qui
2371 2921 2690 2994 sapientiam
2713 2917 3204 2987 creavil,cnmipsa
3222 2917 3326 2970 alia
3367 2907 3549 2962 omnia
3577 2905 3773 2960 Ῐθεὶεεθ

521 3013 799 3068 credatur.
826 3013 947 3069 Non
985 3016 1128 3070 enim
1153 3017 1387 3084 amplius
1423 3033 1518 3085 per
1537 3020 1682 3070 illam
1708 3026 1870 3070 erunt
1908 3017 2112 3079 omnia,
2159 3020 2251 3072 sed
2292 3034 2414 3071 cum
2459 3015 2715 3069 omnibus
2745 3018 2942 3064 creatis
3000 3006 3090 3060 illa
3122 2999 3627 3058 connumerabitur.

593 3105 746 3172 Quod
802 3117 979 3161 autem
1039 3107 1105 3162 ad
1194 3110 1293 3160 hoc
1377 3108 1674 3177 respiciunt
1748 3109 2172 3176 aenigmaticaac

526 3213 734 3258 voces,
797 3199 1044 3268 sequenti
1126 3199 1382 3267 deinceps
1447 3214 1700 3253 sermone
1779 3201 2048 3253 evolvitur
2080 3240 2095 3261 ,

516 3288 620 3392 -q‘ui
663 3281 833 3343 dicit:
881 3288 1038 3342 Nunc
1073 3290 1278 3359 itaque,
1318 3290 1420 3358 fili,
1453 3290 1580 3342 audi
1621 3307 1719 3343 nte.
1792 3290 1989 3344 Beatus
2019 3300 2098 3344 est

510 3377 616 3446 qui
648 3394 788 3431 meas
818 3380 928 3432 vias
949 3378 1178 3432 custodit
1207 3379 1251 3408 η
1277 3398 1288 3432 :
1328 3379 1466 3443 vias,
1497 3378 1706 3432 scilicet
1736 3377 1805 3432 ad
1841 3377 2096 3432 virtutem

525 3469 726 3532 aditus,
757 3487 988 3540 quarum
1021 3471 1351 3540 principium
1387 3471 1447 3526 ﬁt
1477 3472 1761 3541 sapientia:
1779 3471 2094 3540 acquisitio.

511 3563 659 3628 Quis
702 3563 866 3632 igitur
903 3564 968 3617 ad
1022 3564 1164 3619 hanc
1199 3564 1440 3618 divinam
1483 3565 1704 3619 intuens
1755 3565 2096 3634 Scripturam

523 3671 631 3709 non
665 3655 862 3724 impios
882 3656 1082 3724 pariter
1108 3667 1162 3710 et
1179 3641 1543 3727 sycophantas
1566 3657 1814 3712 veritatis
1841 3657 2095 3713 inimicos

523 3747 810 3802 censebit?
869 3747 1072 3817 impios
1122 3749 1366 3818 quidem,
1407 3749 1537 3818 quia
1594 3747 1923 3803 ineffabilem
1972 3750 2094 3802 uni-

515 3841 690 3909 ‘geniti
724 3839 816 3894 Dei
876 3841 1240 3908 majestatem,
1275 3852 1541 3910 quantum
1579 3843 1633 3896 in
1691 3841 1824 3910 ipsis
1856 3848 1960 3903 est,
1998 3842 2095 3895 dev

517 3939 822 3991 struentes,
855 3941 1123 3986 creaturae
1173 3931 1513 4003 adiungunt:
1551 3948 1718 3987 unum
1749 3947 1939 3987 eorum
1975 3947 2098 4002 qua:

525 4023 593 4075 ab
620 4021 740 4092 ipso
770 4022 1034 4092 producta
1080 4033 1208 4079 sunt
1249 4022 1538 4078 Dominum
1589 4023 1970 4080 demonstrare
2003 4025 2094 4079 ob-

523 4115 651 4169 nixe
681 4115 1093 4179 contendentes,
1141 4115 1302 4185 cujus
1327 4115 1668 4185 unigenitum
1701 4125 1786 4170 est
1825 4115 1880 4169 in
1910 4119 2094 4170 omnia

513 4203 835 4270 imperium.
864 4201 1238 4273 Sycophantas
1258 4218 1408 4264 vero.
1444 4203 1495 4255 id
1527 4213 1610 4257 est
1645 4203 2092 4264 calumniatores.

517 4288 652 4357 quia
685 4303 808 4342 cum
861 4290 926 4343 ad
981 4290 1118 4344 tales
1170 4289 1496 4344 astruendas
1551 4289 1838 4358 opiniones
1889 4291 2093 4344 nullam

525 4378 750 4432 omnino
780 4379 888 4433 illis
916 4379 1262 4434 occasionem
1310 4394 1470 4433 sacra
1507 4377 1790 4448 Scriptura
1836 4382 2094 4450 prmbeat,

519 4469 682 4540 quasi
734 4469 883 4524 illinc
917 4470 1291 4525 testimonium
1326 4469 1644 4536 educentes,
1676 4472 1941 4526 adversus
1973 4472 2088 4541 pie-

518 4569 691 4614 tatem
723 4568 1028 4614 armantur.
1057 4559 1328 4625 Quoniam
1375 4560 1542 4629 igitur
1571 4560 1780 4613 nullam
1813 4576 1880 4615 ex
1917 4561 2093 4616 sacris

524 4651 681 4706 libris
715 4667 903 4706 vocem
932 4653 1222 4706 ostendere
1257 4659 1506 4721 possunt,
1541 4665 1664 4720 quae
1699 4651 1918 4720 quidem
1941 4660 2094 4708 ante-

524 4752 783 4796 aeternam
823 4741 1090 4809 unigeniti
1122 4740 1213 4795 Dei
1245 4741 1471 4810 gloriam
1507 4756 1630 4793 cum
1658 4740 1903 4808 subjecta
1938 4757 2092 4795 crea-

524 4842 651 4885 tura
697 4831 896 4885 intueri
934 4829 1215 4896 consulat;
1265 4829 1352 4883 liis
1395 4844 1424 4881 a
1470 4830 1628 4884 nobis
1674 4830 2090 4896 demonstratis,

521 4924 786 4991 pneclare
810 4922 975 4976 habet
1007 4921 1228 4990 pietatis
1254 4922 1493 4976 sermoni
1511 4930 1706 4974 contra
1748 4923 2092 4977 mendacium

527 5017 768 5070 victoriae
821 5014 1041 5084 pmmia
1080 5013 1432 5082 adjudicare,
1486 5021 1651 5081 atque
1708 5013 1793 5069 his
1839 5016 2092 5071 omnibus

523 5103 844 5161 artiﬁciosis
903 5104 1186 5158 nominum
1252 5101 1696 5172 impositionibus
1752 5104 2093 5172 repudiatis,

523 5197 726 5265 quibus
763 5202 1072 5249 creaturam
1103 5208 1226 5248 cum
1263 5201 1533 5255 creatore,
1567 5203 1621 5246 et
1652 5192 1920 5247 facturam
1965 5209 2090 5248 cum

525 5287 737 5342 factore
778 5285 1070 5356 copulant:
1113 5285 1361 5339 conﬁteri
1423 5285 1884 5354 quemadmodum
1934 5285 2094 5340 docet

596 5471 638 5500 ιν
669 5473 788 5521 Act.
822 5482 896 5530 ix,
927 5466 950 5519 l
1006 5479 1126 5535 sqq.

2275 3110 2397 3161 Ὅτι
2435 3108 2491 3160 δὲ
2541 3106 2671 3178 πρὸς
2719 3101 2875 3156 τοῦτο
2917 3101 3205 3170 βλέπουσιν
3256 3095 3311 3146 αἱ
3356 3085 3770 3160 αἰνιγματώδεις

2197 3198 2392 3266 φωναὶ,
2422 3196 2509 3250 διά
2554 3197 2645 3249 τοῦ
2676 3196 2872 3265 ἐφεξῆς
2915 3193 3073 3260 λόγου
3117 3185 3300 3258 σαφῶς
3348 3181 3768 3240 ὲκκαλύτιτεται,

2196 3290 2253 3351 ὃς
2293 3305 2423 3357 φησι
2443 3305 2456 3318 ⁸
2492 3287 2621 3341 Νῦν
2663 3283 2776 3349 οὖν,
2798 3285 2910 3352 υἱὲ,
2965 3281 3236 3337 ἄκουσόν
3255 3292 3389 3346 μουι
3421 3276 3535 3338 καὶ,
3563 3269 3767 3326 Μακά-

2189 3393 2322 3444 ριος
2349 3377 2416 3442 ὃς
2459 3376 2566 3440 τὰς
2602 3375 2743 3444 ἐμὰς
2787 3373 2967 3438 ὀδοὺς
3013 3369 3342 3436 φυλάσσεν
3389 3366 3540 3428 ὁδοὺς
3570 3360 3770 3433 δηλαδὴ

2191 3467 2391 3535 λέγων,
2431 3467 2526 3530 τὰς
2573 3465 2706 3536 πρὸς
2731 3465 2829 3536 τὴν
2875 3464 3078 3534 ἀρετὴν
3117 3461 3361 3530 ἐφόδους,
3400 3452 3474 3510 ὧν
3511 3457 3651 3526 ἀρχὴ
3680 3454 3769 3521 γί-

2196 3578 2340 3613 νεται
2360 3560 2458 3625 τῆς
2486 3559 2724 3629 σοφίαςὴ
2757 3559 2966 3628 κτῆσιςι
2996 3556 3093 3619 Τίς
3115 3555 3294 3607 τοίνυν
3323 3552 3458 3621 πρὸς
3488 3550 3587 3620 τὴν
3619 3548 3769 3601 θείαν

2199 3650 2409 3719 βλέπων
2434 3648 2654 3719 Γραφὴν
2683 3648 2784 3700 οὐκ
2815 3647 3028 3706 ἀσεϐεῖς
3049 3662 3107 3697 τε
3137 3641 3273 3713 ὁμοῦ
3304 3643 3398 3695 καὶ
3428 3637 3768 3706 συκοφάντας

2197 3738 2332 3796 εἶναι
2361 3741 2487 3804 τούς
2520 3739 2744 3810 ἐχθροὺς
2789 3739 2888 3808 τῆς
2926 3735 3184 3806 ἀληθείας
3216 3732 3572 3802 συνθήσεταις
3615 3730 3768 3781 Ἀσε-

2198 3835 2310 3896 6εῖς
2341 3833 2457 3904 μὲν,
2488 3833 2569 3884 ὅτι
2611 3831 2710 3901 τὴν
2742 3830 2978 3900 ἄρρητον
3010 3826 3103 3879 τοῦ
3159 3822 3476 3896 μονογενοῦς
3510 3819 3644 3874 Θεοῦ
3680 3819 3768 3873 δό-

2198 3927 2312 3992 ξαν,
2348 3928 2470 3980 ὅσον
2518 3927 2604 3978 ἐπ’
2649 3925 2853 3990 αὐτοῖς,
2910 3921 3246 3982 καθελόντες,
3290 3920 3356 3988 τῇ
3412 3914 3586 3969 κτίσει
3642 3929 3768 3964 συν-

2196 4020 2455 4073 άπτουσιν
2480 4033 2492 4046 '
2521 4018 2578 4070 ἓν
2598 4016 2706 4069 τῶν
2728 4015 2856 4083 παρ’
2883 4011 3050 4068 αὐτοῦ
3074 4009 3370 4080 γεγονότων
3393 4002 3768 4060 ἀποδεικνύειν

2197 4108 2621 4175 φιλονεικοῦντες
2659 4107 2750 4159 τὸν
2793 4104 3017 4176 Κύριον,
3047 4096 3108 4156 οὐ
3151 4099 3435 4172 μονογενὲς
3472 4098 3586 4149 ἐστι
3625 4093 3765 4149 κατὰ

2197 4202 2413 4252 πάντων
2441 4199 2502 4251 τὸ
2533 4198 2747 4268 κράτος.
2780 4193 3126 4263 Συκοφάντας
3155 4191 3231 4252 δὲ,
3269 4191 3349 4244 ὅτι
3376 4187 3643 4259 μηδεμίαν
3669 4184 3766 4237 αὑ-

2194 4293 2307 4352 τοῖς
2336 4291 2432 4359 τῆς
2461 4289 2680 4361 Γραφῆς
2709 4286 2843 4357 πρὸς
2874 4284 2970 4348 τὰς
2999 4280 3250 4343 τοιαύτας
3279 4277 3570 4347 ὑπολήψεις
3597 4277 3764 4345 ἀφορ-

2200 4383 2305 4454 μὴν
2332 4381 2771 4452 παρασχομένης,
2797 4379 2872 4441 ὼς
2901 4375 3106 4429 ἐκεῖθεν
3127 4371 3454 4442 ἐπαγόμενοι
3486 4370 3585 4440 τὴν
3626 4384 3766 4438 μαρο

2194 4473 2383 4543 τυρίαν
2403 4473 2543 4526 κατά
2567 4472 2666 4541 τῆς
2686 4467 2963 4530 εὐσεϐείας
2981 4465 3308 4527 ὁπλίζονται.
3343 4462 3494 4513 Ἐπεὶ
3515 4457 3607 4513 οὖν
3634 4457 3764 4528 παρ’

2199 4563 2409 4626 οὐδενὸς
2435 4562 2616 4633 ἔχουσι
2639 4561 2746 4614 τῶν
2774 4560 2939 4627 ἁγίων
2967 4555 3194 4628 Γραφῶν
3222 4553 3481 4619 ἐπιδεῖξαί
3508 4569 3627 4604 τινα
3660 4566 3744 4618 φω

2200 4653 2316 4724 νὴν,
2349 4655 2470 4725 ἥτις
2505 4653 2605 4722 τὴν
2630 4648 2950 4723 προαιώνιον
2983 4648 3076 4700 τοῦ
3112 4645 3429 4718 μονογενοῦς
3451 4641 3586 4695 Θεοῦ
3609 4640 3764 4704 δόξαν

2203 4745 2342 4814 μετὰ
2373 4743 2469 4814 τῆς
2501 4741 2811 4813 ὑποχειρίου
2845 4739 3076 4801 κτίσεως
3092 4739 3223 4808 ὁρᾷν
3263 4733 3634 4805 συμϐουλεύει,
3665 4749 3763 4783 κα-

2197 4835 2304 4898 λῶς
2336 4835 2400 4888 ἂν
2437 4835 2549 4904 ἔχει
2593 4833 2794 4887 τούτων
2837 4833 2970 4901 ἡμῖν
3009 4828 3428 4898 ἀποδειχθέντων
3457 4825 3556 4897 ἤδη
3599 4840 3765 4894 προσι-

2204 4926 2608 4998 μαρτυρηθῆναι
2630 4925 2708 4996 τῷ
2739 4925 2836 4988 τῆς
2864 4922 3143 4985 εὐσεϐείας
3176 4921 3318 4990 λόγῳ
3347 4919 3486 4972 κατά
3512 4917 3605 4970 τοῦ
3632 4915 3762 4986 ψεύ-

2197 5019 2319 5082 δους
2350 5019 2418 5071 τά
2461 5019 2774 5089 νικητήρια,
2820 5015 2912 5067 καὶ
2944 5015 3118 5076 πάσας
3148 5013 3323 5066 αὐτῶν
3354 5010 3449 5074 τὰς
3479 5009 3761 5076 ὀνομαστι-

2199 5111 2299 5172 κάς
2326 5109 2524 5170 ταύτας
2542 5107 2881 5177 τεχνολογίας
2910 5104 3355 5174 παρωσαμένους.
3378 5101 3444 5153 δι’
3466 5094 3540 5153 ὧν
3567 5115 3760 5170 συναρ-

2202 5200 2422 5270 μόζουσι
2459 5201 2518 5252 τὸ
2564 5195 2769 5269 κτίσμα
2794 5197 2872 5268 τῷ
2907 5199 3170 5257 κτίσαντι,
3217 5196 3311 5248 καὶ
3352 5194 3412 5247 τὸ
3447 5193 3651 5262 ποίημα
3683 5188 3760 5257 τῷ

2199 5293 2511 5363 ποιήσαντι³
2561 5291 2862 5360 ὁμολογεῖν,
2895 5289 3076 5352 καθὼς
3121 5288 3353 5343 διδάσκει
3385 5289 3446 5342 τὸ
3487 5286 3545 5352 ἐξ
3593 5285 3759 5356 οὐρα-

1203 5466 1246 5496 ²⁰
1277 5463 1419 5519 Psal.
1451 5479 1720 5529 Lxxxvm,
1745 5465 1798 5521 8.
1875 5469 1915 5500 ἐ
1952 5467 2083 5524 Luc.
2127 5487 2218 5532 xv,
2263 5471 2347 5525 l0.
2423 5473 2467 5502 "
2504 5469 2665 5525 Prov.
2711 5485 2797 5536 tu,
2826 5469 2894 5522 i3

591 5658 670 5719 (at
705 5652 876 5707 Locus
900 5653 1183 5712 obscurus,
1215 5650 1309 5706 sed
1351 5667 1380 5706 e
1418 5650 1601 5710 Greca
1623 5649 1766 5714 LXX
1800 5653 2165 5727 lntcrpretum
2209 5657 2454 5714 versione
2478 5654 2734 5711 Proverb.
2758 5669 2856 5708 vui
2897 5650 3305 5724 intelligendus.
