4138 6364
352 340 456 398 ίιεο

1472 336 1748 395 CONTRA
1790 341 2182 407 EUNOMIUM,
2217 339 2346 398 LIB.
2382 342 2471 397 Ill.

348 457 457 508 νῶν
487 453 835 522 Ξύαγγέλισν,
861 455 993 507 Υἱὸν
1021 454 1350 530 ἀγαπηζόν,
1374 458 1436 508 οὐ
1464 457 1635 523 νόθον,
1659 459 1777 512 οὐδὲ
1800 462 1930 512 ὐπο-

2044 461 2387 529 Evangelium
2434 475 2463 512 e
2503 436 2661 512 cailis
2699 454 2990 517 auditum,
3027 450 3225 508 Filium
3257 454 3507 507 dilectum
3533 453 3606 512 ".

350 547 570 617 ϐλητὸν.
618 550 685 617 τῇ
730 547 788 598 δὲ
814 546 906 598 τοῦ
948 547 1078 599 Υἱοῦ
1130 551 1277 618 φωνῇ
1330 550 1511 601 πᾶσαν
1554 549 1650 620 τὴν
1692 555 1926 623 φυσικὴν

351 639 660 708 οἰκειότητα
690 639 1296 709 συμπαραδεξαμένους,
1331 642 1477 695 Θεὸν
1501 643 1791 709 ἀληθινὸν
1826 644 1931 696 τὸν

351 732 421 784 ἐκ
452 730 557 783 τοῦ
592 729 882 796 ἀληθινοῦ
914 730 1061 783 Θεοῦ
1090 731 1265 798 λέγειν
1290 748 1305 763 ·
1336 733 1429 785 καὶ
1462 733 1529 785 τὰ
1550 734 1725 786 πάντα
1756 735 1931 787 ὠσαύ-

355 840 466 885 τως
498 822 583 874 ἐπ’
612 822 776 874 αὐτοῦ
802 821 1096 887 πιστεύειν,
1129 821 1227 876 ὅσα
1243 824 1298 875 ἐν
1313 822 1388 893 τῷ
1412 826 1585 895 Πατρὶ
1612 828 1925 897 καθορᾶται⁸

353 916 489 969 διότι
523 914 581 967 ’ἐν
615 915 741 979 εἱσι,
786 915 879 967 καὶ
906 916 964 966 ἓν
988 914 1065 984 τῷ
1088 915 1260 985 ἑτέρῳ
1288 918 1487 970 νοεῖται
1509 918 1571 970 τὸ
1599 920 1803 991 ἕτερον,
1834 922 1931 990 οὐχ

354 1004 717 1074 ὐπερπίπτον,
762 1003 861 1055 οὐκ
916 1002 1322 1073 ἐλαττούμενον,
1368 1006 1429 1057 οὐ
1466 1007 1609 1060 κατά
1650 1026 1773 1062 τινα
1812 1010 1930 1063 θεο-

357 1095 541 1166 πρεπῆ
570 1110 631 1146 τε
662 1094 755 1146 καὶ
793 1094 995 1161 ἀγαθὸν
1035 1098 1358 1166 χαρακτῆρα
1407 1096 1928 1173 παρηλλαγμένον,ἣ

356 1199 759 1251 αλλοιουμενον.

422 1275 664 1335 Φανερᾶς
698 1272 877 1325 τοίνυν
906 1271 1008 1341 τῆς
1036 1272 1172 1343 πρὸς
1204 1273 1393 1327 ἑαυτὸν
1436 1274 1613 1345 μάχης
1646 1276 1738 1329 τοῦ
1771 1278 1933 1329 Εὐνο-

358 1365 483 1428 μίου
513 1364 882 1433 γεγενημένης
902 1403 916 1425 ,
970 1366 1027 1416 ἐν
1074 1360 1155 1426 οἷς
1187 1366 1404 1417 ἐναντία
1431 1366 1601 1434 λέγων
1627 1368 1802 1438 ἑαυτῷ
1829 1370 1935 1422 ἁπ-

354 1451 696 1520 ελέλεγκται,
754 1454 852 1506 νῦν
882 1455 979 1522 μὲν
1008 1454 1095 1508 διὰ
1128 1457 1187 1507 τὸ
1220 1458 1541 1528 γεννηθῆναι
1574 1460 1713 1513 κατὰ
1748 1461 1931 1529 φύσιν,

354 1542 495 1611 λέγω
536 1542 647 1596 δεῖν
675 1545 833 1596 αὐτὸν
868 1545 996 1599 Υίὸν
1025 1547 1422 1617 ὀνομάζεσθαι·
1474 1550 1634 1604 πάλιν
1669 1552 1725 1605 δὲ
1759 1553 1844 1607 διὰ
1873 1554 1933 1606 τὸ

358 1637 674 1706 κτισθῆναι,
728 1637 923 1707 μηκέτι
972 1638 1129 1702 Υίδν,
1192 1640 1329 1693 ἀλλὰ
1387 1643 1597 1713 ποίημα
1655 1644 1928 1712 λέγεσθαι.

357 1729 663 1799 Προσήκειν
688 1725 839 1798 οἶμαι
868 1730 959 1783 τὸν
980 1733 1249 1802 νουνεχῶς
1268 1734 1361 1787 καὶ
1387 1736 1750 1799 ὲπιστατικῶς
1778 1738 1934 1790 ἐπαΐ-

354 1836 505 1882 οντα,
555 1820 743 1891 ἐπειδὴ
771 1821 869 1872 οὐκ
901 1821 1171 1890 ἐνδέχεται
1214 1822 1309 1874 δύο
1339 1824 1657 1893 μαχομένων
1683 1825 1932 1896 ἀλλήλοις

2035 564 2144 602 ιιοιι
2178 551 2403 602 nothum
2450 550 2566 604 sive
2596 548 2983 609 adulterinum,
3034 563 3142 600 non
3179 545 3615 615 supposititium,

2032 648 2087 694 et
2138 642 2299 694 simul
2333 640 2458 693 Filii
2495 654 2629 694 voce
2667 655 2882 692 omnem
2909 639 3215 691 naturalem
3239 637 3617 705 cognationem

2032 733 2381 801 accipientes,
2426 732 2591 785 Deum
2625 746 2803 784 verum
2832 731 2896 783 de
2931 729 3040 783 Deo
3078 745 3193 783 vero
3233 729 3436 790 dicere,
3466 728 3619 782 simi-

2032 824 2266 891 literque
2300 824 2482 876 omnia
2514 822 2569 875 in
2614 822 2732 891 ipso
2757 821 3013 884 credere,
3044 836 3164 889 qua:
3199 821 3251 873 in
3286 819 3446 873 Patre
3480 836 3617 872 con-

2033 914 2373 982 spiciuntur:
2412 916 2540 984 quia
2586 929 2751 967 unum
2806 920 2954 975 sunt,
2993 921 3048 965 et
3094 913 3147 965 in
3181 913 3346 964 altero
3384 912 3617 962 alterum

2032 1007 2394 1076 intelligitur:
2446 1022 2553 1060 non
2597 1006 3047 1075 superincidens,
3082 1020 3190 1057 non
3242 1005 3617 1063 imminutum,

2032 1115 2141 1153 non
2198 1100 2495 1154 secundum
2551 1097 2788 1165 aliquem
2842 1094 2954 1148 Deo
3008 1096 3265 1149 decorum
3315 1102 3370 1146 et
3413 1094 3616 1146 bonum

2028 1192 2398 1244 characterem
2433 1190 2799 1244 immutatum.
2835 1188 2917 1242 vel
2957 1187 3102 1240 aliud
3138 1186 3365 1239 factum.

2105 1283 2180 1352 (a)
2211 1282 2347 1335 Cum
2376 1296 2504 1350 ergo
2525 1282 2596 1335 sit
2624 1279 2913 1333 manifesta
2944 1279 3197 1332 Eunomii
3234 1292 3423 1332 secum
3454 1292 3618 1345 repn-

2032 1374 2273 1443 gnanlia,
2310 1373 2363 1426 in
2394 1371 2597 1440 quibus
2628 1371 2840 1440 sibiipsi
2874 1370 3257 1424 contradicere
3288 1372 3616 1437 redargutus

2033 1474 2135 1527 est,
2172 1480 2314 1518 nunc
2352 1463 2571 1532 quidem
2621 1463 2748 1531 quia
2797 1463 2868 1516 sit
2908 1463 3128 1530 genitus
3173 1458 3474 1515 secundum
3518 1476 3618 1512 na-

2034 1554 2359 1619 turam,dico
2381 1556 2558 1623 ipsum
2583 1562 2833 1622 oportere
2855 1549 3048 1606 Filium
3072 1553 3341 1605 nominari
3364 1571 3375 1605 :
3403 1565 3615 1612 rursus.

2033 1647 2158 1716 quia
2189 1647 2259 1700 sit
2286 1657 2524 1709 creatus,
2553 1661 2661 1699 non
2689 1645 2923 1713 amplius
2962 1642 3180 1700 Filium.
3212 1642 3307 1696 sed
3346 1642 3613 1696 facturam

2033 1738 2160 1792 dici.
2190 1735 2497 1791 Convenire
2532 1746 2664 1805 puto
2709 1752 2832 1790 eum
2889 1737 2985 1805 qui
3036 1744 3241 1789 attente
3273 1744 3327 1789 et
3381 1735 3620 1789 scienter

2034 1829 2207 1893 audit,
2254 1830 2512 1897 quoniam
2561 1827 2796 1882 duorum
2843 1828 2984 1881 inter
3035 1843 3094 1881 se
3140 1827 3497 1896 pugnantium
3550 1841 3619 1880 ex

356 1909 551 1977 λόγων,
580 1913 719 1964 κατά
747 1912 807 1964 τὸ
836 1912 947 1966 ἴσον
976 1914 1032 1965 ὲν
1052 1914 1295 1985 ἐκατέρῳ
1320 1915 1379 1967 τὸ
1407 1916 1600 1985 ἀληθὲς
1624 1918 1928 1988 εὑρεθῆναι,

2044 1936 2189 1990 equo
2233 1934 2548 1975 sermonum
2580 1921 2638 1973 in
2680 1914 3620 1985 utroqueverumnoncontingitin-

357 2002 681 2056 ἀποϐάλλειν
719 2002 777 2067 ἐξ
805 2004 1127 2075 ἀμφοτέρων
1159 2007 1219 2059 τὸ
1258 2007 1451 2071 ἀσεϐές
1480 2025 1537 2060 τε
1571 2011 1662 2062 καὶ
1692 2010 1933 2082 βλάσφη-

361 2112 481 2162 μον,
526 2094 586 2147 τὸ
626 2096 760 2149 κατὰ
792 2096 850 2148 τὸ
894 2097 1099 2166 κτίσμα
1140 2098 1282 2166 λέγω
1326 2100 1420 2152 καὶ
1452 2101 1659 2171 ποίημα
1686 2119 1699 2131 ·
1746 2101 1931 2156 θέσθαι

359 2188 417 2239 δὲ
446 2187 589 2256 μόνῳ
628 2186 705 2258 τῷ
740 2188 874 2259 πρὸς
909 2191 1191 2245 εὐσέϐειαν
1219 2191 1559 2263 βλέποντιτῷ
1596 2195 1735 2247 κατά
1774 2196 1933 2264 φύσιν

354 2279 704 2348 ὁμολογοῦντι
724 2285 1002 2351 προσεῖναι
1022 2284 1099 2353 τῷ
1129 2287 1407 2353 μονογενεῐ
1424 2286 1543 2356 Θεῷ
1569 2287 1666 2357 τὴν
1693 2288 1783 2341 τοῦ
1816 2288 1931 2341 υἱοῦ

362 2370 731 2440 προσηγορίαν
754 2388 765 2399 ·
812 2371 887 2434 ὡς
920 2371 984 2424 ἂν
1016 2374 1104 2425 καὶ
1132 2373 1220 2426 διὰ
1250 2376 1348 2444 τῆς
1374 2376 1481 2429 τῶν
1512 2376 1717 2449 ἐχθρῶν
1751 2379 1933 2448 φωνῆς

360 2462 390 2512 ὁ
414 2460 513 2528 τῆς
548 2461 827 2523 εὐσεϐείας
850 2460 1005 2529 λόγος
1034 2462 1145 2532 ἔχοι
1168 2464 1265 2534 τὴν
1291 2465 1567 2523 σύστασιν.

433 2552 619 2619 Λέγων
650 2552 706 2604 δὲ
733 2553 913 2615 πάλιν,
937 2554 1220 2609 ἀναλαϐὼν
1244 2556 1301 2609 ὃν
1323 2556 1382 2621 ἐξ
1406 2559 1578 2629 ἀρχῆς
1604 2562 1767 2615 αὐτοῦ
1793 2577 1934 2633 παρ-

360 2640 566 2711 εθέμην
597 2642 773 2709 λόγονῖ
829 2645 1135 2711 Γεννητὸν
1169 2645 1331 2710 ὄντα,
1358 2649 1510 2717 φησὶ,
1543 2646 1803 2703 τὸνΥίὸν
1837 2653 1935 2705 καὶ

364 2729 631 2799 γέννημα
656 2730 855 2801 λέγειν
895 2736 964 2787 οὐ
1004 2738 1460 2805 παραιτούμεθα,
1488 2736 1595 2805 τῆς
1633 2743 1934 2809 γεννηθεί-

365 2836 486 2888 σης
504 2822 690 2889 αὐτῆς
711 2826 943 2891 οὐσίας,
969 2826 1068 2879 καί
1092 2824 1202 2894 τῆς
1222 2828 1327 2882 τοῦ
1355 2830 1487 2884 υἱοῦ
1510 2835 1933 2901 προσηγορίας.

366 2914 481 2980 τὴν
500 2918 779 2983 τοιαύτην
795 2917 912 2970 τῶν
938 2920 1244 2987 ὀνομάτων
1270 2923 1676 2991 οἱκειονμένης
1695 2926 1934 2995 σχέσιν.

366 3003 519 3067 Τέως
547 3006 642 3074 μὲν
659 3003 750 3059 οὖν
775 3010 801 3059 ό
818 3008 1073 3079 κριτικῶς
1095 3008 1202 3062 τῶν
1231 3011 1537 3081 λεγομένων
1556 3014 1787 3080 ἁκούων,
1811 3016 1934 3067 τού-

368 3108 462 3144 του
490 3095 805 3164 μεμνήσθω,
832 3097 909 3149 ὃτι
943 3096 1038 3167 τὴν
1067 3099 1416 3168 γεννηθεῖσαν
1440 3100 1607 3169 λέγει,
1639 3103 1714 3166 ὡς
1742 3105 1938 3175 μηκέτι

374 3185 511 3254 μήτε
544 3186 639 3256 τὴν
668 3189 991 3259 ἀγεννησίαν
1027 3192 1161 3261 μήτε
1194 3192 1292 3263 τὴν
1323 3193 1591 3265 γέννησιν,
1616 3199 1730 3250 ἀντ’
1752 3198 1940 3261 οὐσίας

371 3274 915 3345 παραλαμϐάνεσθαν
975 3278 1088 3331 ἀλλ’
1152 3280 1257 3351 ἰδία
1287 3282 1383 3352 μὲν
1418 3283 1515 3353 τὴν
1549 3286 1735 3339 οὐσίαν
1761 3304 1940 3358 ταρασ-
1968 3266 2011 3324 C

372 3362 759 3435 λαμϐάνεσθαι,
815 3368 920 3441 ἰδίᾳ
960 3369 1015 3423 δὲ
1062 3370 1120 3423 τὸ
1165 3374 1487 3444 γεννηθῆναι
1544 3377 1735 3447 αὐτὴν,
1786 3377 1819 3448 ἥ
1867 3376 1943 3449 μὴ

371 3459 730 3529 γεννηθῆναι,
789 3461 877 3515 διὰ
907 3462 1014 3514 τῶν
1035 3463 1516 3535 ὲπιθεωρουμένων
1558 3468 1692 3539 αὐτῇ
1725 3469 1944 3539 ἰδιωμά-

373 3568 481 3603 των
511 3552 906 3609 κατανοεϊσθαι.
937 3553 1267 3607 Φιλοπονώτε
1277 3573 1367 3627 ρον
1393 3557 1451 3610 δὲ
1479 3558 1569 3611 τὸν
1594 3561 1722 3630 περὶ
1752 3562 1942 3616 τούτου

374 3641 531 3707 λόγον
564 3642 1006 3712 κατανοήσωμεν.
1047 3646 1275 3698 Οὐσίαν
1322 3648 1716 3716 γεγεννῆσθαι
1774 3651 1941 3719 λέγει,

386 3732 525 3785 Flor
550 3732 618 3785 δὲ
654 3728 807 3785 εἶναι
839 3730 947 3799 τῆς
972 3738 1368 3803 γεννηθείσης
1395 3740 1609 3804 οὐσίας
1639 3740 1703 3793 τὸ
1738 3741 1943 3812 ὄνομα.

391 3822 531 3875 Ἀλλ’
578 3825 635 3874 ἐν
681 3821 888 3884 τούτοις
930 3824 957 3874 ό
1008 3825 1136 3893 παρ’
1178 3824 1337 3894 ἡμῶν
1379 3826 1534 3895 λόγος
1573 3828 1661 3881 διὰ
1701 3829 1793 3882 δύο
1837 3831 1947 3885 τῶν

378 3914 634 3967 ἐναντίων
689 3913 893 3981 ἐλέγξει
944 3913 1131 3982 λόγον·
1173 3916 1290 3980 ἑνὸς
1337 3920 1433 3988 μὲν
1474 3920 1572 3989 τῆς
1615 3924 1949 3994 κακουργίας

376 4003 474 4074 τὴν
517 4004 886 4075 ἐπιχείρησιν·
941 4006 1125 4077 ἑτέρου
1157 4007 1213 4060 δὲ
1254 4011 1351 4079 τῆς
1393 4008 1513 4063 καθ’
1558 4011 1716 4082 ημῶν
1740 4015 1948 4084 ἐπιχει-

383 4095 591 4165 ρήσεως
630 4095 731 4165 τὴν
776 4095 1010 4149 ἀτονίαν.
1062 4098 1372 4170 Κακουργεί
1412 4101 1510 4171 μὲν
1540 4103 1666 4174 γὰρ,
1700 4105 1949 4175 γέννησιν

378 4183 565 4248 οὐσίας
615 4186 805 4255 λέγων,
854 4189 939 4242 ἵνα
975 4193 1357 4264 κατασκευάσῃ
1403 4193 1499 4263 τὴν
1545 4195 1682 4265 πρὸς
1714 4196 1952 4267 ἀλλήλας

382 4275 490 4330 τῶν
514 4276 709 4332 οὐσιῶν
745 4281 1079 4347 ἐναντίωσιν,
1110 4283 1187 4354 τῷ
1207 4284 1446 4356 γεννητῷ
1473 4304 1533 4339 τε
1558 4290 1653 4340 καὶ
1676 4290 1952 4361 ἀγεννήτῳ

383 4371 518 4441 πρὸς
538 4373 829 4443 ἑτερότητα
864 4374 1074 4442 φύσεως
1100 4377 1497 4447 διεσχισμὲνας.
1564 4379 1872 4451 Ἐλέγχεται
1895 4381 1951 4435 δὲ
2023 4366 2033 4387 ’

381 4463 444 4515 τὸ
469 4464 565 4532 τῆς
588 4464 979 4537 ἐπιχειρήσεως
1011 4468 1217 4534 ἄτονον,
1248 4470 1314 4522 δι’
1349 4470 1526 4523 αὐτῶν
1553 4464 1627 4525 ὧν
1655 4473 1688 4543 ή
1716 4490 1951 4546 κακουρ-

384 4555 482 4623 γία
515 4558 1003 4623 κατασκευάζεται.
1044 4560 1102 4612 ’0
1127 4560 1235 4630 γὰρ
1261 4563 1612 4633 γεγεννῆσθαι
1638 4564 1737 4635 τὴν
1769 4566 1953 4619 οὐσίαν

384 4645 572 4710 εἰπὼν,
598 4647 784 4718 ἕτερόν
805 4666 857 4702 τι
878 4651 977 4721 τὴν
1011 4651 1260 4720 γέννησιν
1290 4648 1427 4706 εἶναι
1461 4655 1610 4726 παρὰ
1638 4656 1737 4727 τὴν
1768 4658 1956 4711 οὐσίαν

385 4739 569 4807 σαφῶς
604 4740 918 4810 διορίζεται.
979 4743 1064 4805 Ὧς
1100 4743 1174 4813 μὴ
1217 4744 1282 4796 ἂν
1327 4745 1387 4797 τὸ
1424 4748 1817 4818 σημαινόμενον
1860 4750 1958 4821 τῆς

384 4832 687 4900 γεννήσεως
718 4832 796 4901 τῷ
842 4833 940 4901 τῆς
982 4833 1171 4896 οὐσίας
1216 4835 1624 4907 ἑφαρμοσθῆναι
1667 4838 1828 4909 λόγῳ.
1880 4841 1954 4892 Οὐ

386 4923 495 4989 γὰρ
521 4923 657 4992 ὅπερ
688 4925 745 4975 ἐν
791 4922 1001 4987 πολλοῖς
1036 4926 1423 4989 κατεσκεύασε,
1463 4927 1621 4980 τοῦτο
1662 4931 1753 4982 καὶ
1791 4932 1848 4983 ὲν
1881 4930 1958 5001 τῷ

389 5014 547 5084 μέρει
576 5014 752 5084 τούτῳ
788 5015 1103 5086 πεποίηκεν.
1162 5018 1326 5070 Ὥστε
1360 5019 1528 5089 αὐτὴν
1560 5022 1733 5072 εἰπεῖν
1773 5021 1958 5074 οὐσίαν

387 5104 524 5159 εἶναι
568 5107 666 5176 τὴν
710 5106 987 5175 γέννησιν,
1041 5108 1175 5162 ἀλλά
1208 5110 1530 5180 γεννηθῆναι
1574 5112 1823 5181 ὁμολογεῖ
1860 5114 1956 5184 τὴν

386 5197 593 5263 οὐσίαν,
631 5199 704 5261 ὼς
742 5198 1160 5270 διακεκριμένην
1202 5201 1287 5269 ἐφ’
1323 5202 1589 5274 ἑκατέρας
1633 5204 1815 5272 φωνῆς
1846 5209 1957 5269 τοῖς

386 5288 672 5342 ἁκούουσιν
704 5289 1018 5357 ἐγγενέσθαι
1054 5292 1153 5362 τὴν
1178 5292 1405 5348 ἔννοιαν.
1428 5294 1589 5348 Ἀλλο
1620 5295 1727 5367 γάρ
1752 5312 1804 5348 τι
1832 5298 1947 5366 νόη-

393 5397 469 5448 μα
497 5378 701 5445 γίνεται
731 5379 806 5450 τῷ
838 5380 918 5432 ὅτι
955 5382 1215 5453 ἐγεννήθη
1252 5385 1561 5446 ἀκούσαντι.
1599 5388 1691 5440 καὶ
1720 5387 1845 5441 ἄλλο
1871 5388 1957 5441 διὰ

389 5478 483 5529 τοῦ
526 5480 620 5545 τῆς
644 5477 826 5539 οὐσίας
855 5477 1133 5547 ὀνόματος.
1197 5477 1533 5547 Σαφέστερος
1567 5476 1624 5529 δὲ
1666 5477 1858 5545 γένοιτ’
1891 5479 1955 5533 ἂν

389 5568 523 5637 ημῖν
565 5567 668 5618 ὑπὸ
703 5566 812 5618 τῶν
850 5567 1260 5635 ὑποδειγμάτων
1297 5570 1325 5620 ό
1363 5567 1535 5637 λόγος.
1586 5563 1748 5624 Εἶπεν
1793 5571 1851 5624 ὲν
1881 5570 1955 5642 τῷ

463 5676 510 5708 ’³
544 5676 733 5733 Matth.
764 5693 847 5741 ιιι,
884 5677 970 5744 17;
1006 5693 1140 5741 xvn,
1165 5678 1220 5734 5.

466 5770 549 5841 (a)
570 5770 667 5827 llic
691 5781 823 5843 puto
856 5772 1025 5826 multa
1052 5770 1259 5827 deesse.

1986 4614 2030 4669 D

2034 2010 2236 2076 veniri,
2276 2026 2340 2066 ex
2358 2011 2623 2065 ambobus
2645 2010 2789 2079 quod
2808 2019 2890 2064 est
2909 2008 3134 2077 impium
3156 2015 3210 2061 et
3234 2005 3612 2074 blaSphemum

2035 2103 2345 2172 repudiare,
2380 2101 2526 2168 quod
2574 2099 2878 2156 secundum
2911 2106 3217 2152 creaturam
3251 2105 3306 2150 et
3351 2094 3614 2149 facturam

2033 2194 2255 2247 estdico
2274 2210 2288 2257 ;
2307 2192 2560 2246 assentiri
2586 2200 2767 2245 autem
2787 2190 2886 2244 soli
2916 2188 2979 2242 ad
3001 2188 3254 2257 pietatem
3277 2184 3542 2255 spectanti
3566 2191 3620 2234 et

2035 2284 2332 2348 conﬁtenti,
2383 2283 2529 2353 quod
2580 2282 2883 2337 secundum
2907 2288 3157 2334 naturam
3198 2278 3301 2347 ipsi
3337 2276 3617 2344 unigenito

2037 2374 2144 2431 Deo
2206 2375 2302 2429 ﬁlii
2334 2375 2623 2444 appellatio
2663 2372 2942 2442 competit,
2974 2378 3033 2424 ut
3068 2370 3232 2423 etiam
3265 2367 3616 2421 inimicorum

2036 2481 2167 2520 voce
2211 2468 2428 2535 pietatis
2465 2480 2645 2519 sermo
2683 2462 3041 2517 confirmetur
3077 2469 3132 2514 et
3160 2468 3460 2514 asseratur.

2107 2556 2354 2626 Repetilo
2411 2565 2589 2610 autem
2651 2555 2824 2623 ipsius
2885 2569 3047 2622 quem
3098 2553 3167 2605 ab
3226 2550 3383 2604 initio
3445 2562 3618 2618 appo-

2037 2648 2121 2703 sui
2182 2662 2463 2702 sermone:
2553 2643 2818 2711 Genitum,
2884 2644 3079 2715 inquit,
3143 2639 3341 2696 Filium
3378 2654 3509 2699 esse.
3569 2646 3621 2691 ct

2037 2753 2285 2806 gennema
2314 2737 2420 2790 sive
2442 2737 2736 2805 progeniem
2764 2736 2938 2787 dicere
2963 2734 3089 2786 non'
3109 2747 3410 2785 recusamus
3442 2746 3460 2783 :
3502 2745 3622 2782 cum

2036 2830 2153 2895 ipsa
2201 2829 2378 2897 genita
2414 2828 2643 2882 essentia
2673 2867 2687 2888 ,
2750 2835 2799 2879 et
2849 2824 2950 2894 ﬁlii
2997 2822 3285 2892 appellatio
3332 2820 3489 2874 talem
3529 2836 3624 2872 no—

2037 2921 2236 2973 minum
2263 2920 2572 2973 relationem
2602 2917 2704 2972 sibi
2744 2915 3009 2970 vindicare
3060 2914 3248 2983 possit.
3310 2912 3392 2967 Eo
3440 2928 3616 2981 usque

2039 3012 2282 3080 quidem,
2321 3011 2413 3081 qui
2463 3025 2588 3064 cum
2624 3008 2836 3078 judicio
2883 3022 2944 3059 ea
2979 3021 3099 3074 qua:
3141 3004 3404 3058 dicuntur
3451 3003 3624 3061 audit.

2040 3103 2204 3172 hujus
2232 3103 2559 3165 meminerit,
2597 3101 2762 3170 quod,
2794 3099 3031 3169 genitam
3058 3096 3355 3151 essentiam
3383 3094 3536 3168 dicit_,
3567 3105 3628 3147 nt

2040 3210 2149 3249 non
2181 3195 2688 3263 amplius_naturam
2716 3189 3089 3261 generationis
3135 3194 3413 3256 expertem
3450 3201 3628 3254 neque

2042 3286 2450 3358 generationem
2499 3299 2599 3354 pro
2626 3284 2743 3352 ipsa
2771 3283 3011 3337 essentia
3059 3294 3379 3345 sumamus;
3412 3278 3506 3334 sed
3535 3294 3627 3332 se-

2044 3378 2273 3448 paratim
2322 3377 2540 3447 quidem
2586 3375 2904 3441 essentiam,
2948 3373 3242 3444 separatim
3279 3388 3409 3426 vero
3455 3371 3626 3440 ipsam

2045 3470 2280 3540 genitam
2335 3484 2479 3530 esse.
2530 3469 2614 3523 vel
2657 3484 2765 3523 non
2819 3468 3080 3538 genitam,
3133 3482 3228 3537 per
3267 3465 3630 3535 proprietates

2044 3576 2165 3630 qum
2189 3563 2244 3615 in
2275 3561 2395 3629 ipsa
2421 3560 2858 3631 conspiciuntur,
2899 3558 3290 3628 intelligamus.
3330 3557 3437 3610 Sed
3468 3571 3631 3609 accu-

2044 3653 2220 3707 ratius
2262 3651 2329 3706 de
2371 3652 2473 3707 hoc
2523 3666 2833 3705 sermonem
2869 3650 3301 3703 consideremus.
3331 3646 3631 3701 Essenliam

2045 3744 2273 3811 genitam
2295 3759 2407 3796 esse
2437 3742 2593 3806 dicit,
2631 3740 2681 3794 F
2685 3741 2836 3795 ilium
2873 3756 2990 3795 vero
3028 3741 3268 3795 essentia:
3305 3740 3495 3809 genin
3520 3754 3632 3792 esse

2048 3852 2255 3889 nomen.
2305 3835 2411 3889 Sed
2457 3834 2510 3888 in
2549 3834 2636 3888 his
2667 3834 2761 3904 qui
2812 3840 3003 3888 noster
3044 3840 3130 3887 est
3178 3844 3378 3897 sermo,
3413 3830 3633 3884 duobus

2048 3928 2342 3983 contrariis
2372 3936 2562 3997 arguet
2597 3940 2907 3981 sermonem
2943 3943 2957 3979 :
2999 3940 3108 3979 uno
3156 3923 3375 3992 quidem
3422 3921 3628 3991 impro-

2050 4020 2237 4075 bitatis
2283 4020 2400 4074 sive
2444 4019 2663 4072 malitia:
2694 4027 2991 4073 conatum:
3049 4015 3221 4069 altero
3263 4028 3392 4067 vero
3437 4020 3629 4067 contra

2051 4129 2153 4168 nos
2191 4112 2521 4167 incursionis
2556 4112 3002 4165 imbecillitatem.
3050 4107 3284 4177 Maligne
3314 4105 3459 4160 enim
3496 4105 3628 4174 agit,

2052 4205 2182 4259 dum
2220 4204 2355 4257 dicit
2396 4203 2803 4273 generationem
2843 4202 3114 4263 essentia,
3159 4209 3220 4253 ut
3265 4199 3627 4273 essentiarnm

2052 4296 2194 4350 inter
2216 4310 2274 4350 se
2294 4295 2728 4348 contrarietatem
2760 4301 2990 4357 astruat,
3023 4293 3150 4345 dum
3186 4307 3280 4345 eas
3305 4291 3358 4343 in
3390 4289 3441 4343 id
3482 4288 3628 4358 quod

2053 4386 2292 4457 genitum
2325 4394 2408 4441 est
2446 4394 2503 4437 et
2547 4400 2655 4438 non
2704 4387 2970 4453 genitum,
3012 4382 3077 4437 ad
3125 4381 3488 4438 dill‘erentiam
3534 4396 3622 4433 na-

2054 4486 2213 4542 turae,
2243 4474 2457 4529 dividit.
2490 4473 2752 4544 Arguitur
2790 4473 2953 4527 etiam
3001 4471 3375 4541 aggressionis
3417 4485 3529 4523 sua:
3574 4467 3629 4521 in

2058 4580 2158 4619 nos
2187 4564 2551 4624 imbecillitas,
2579 4576 2675 4631 per
2703 4562 2936 4630 ipsamet
2968 4575 3090 4629 qua:
3119 4560 3239 4627 ejus
3270 4558 3476 4611 malitia
3516 4572 3633 4609 mo-

2059 4658 2209 4712 litur.
2243 4654 2345 4721 Qui
2367 4654 2512 4709 enim
2542 4652 2836 4709 essentiam
2873 4650 3109 4722 genitam
3140 4664 3262 4705 esse
3289 4649 3449 4710 dixit,
3482 4647 3627 4702 aliud

2058 4747 2317 4818 quiddam
2386 4759 2509 4799 esse
2590 4742 2994 4814 generationem
3064 4749 3260 4809 praeter
3332 4737 3629 4793 essentiam

2060 4848 2247 4910 aperte
2273 4838 2486 4902 definit;
2523 4837 2597 4891 ita
2622 4844 2681 4889 ut
2721 4836 2865 4905 quod
2907 4831 3277 4905 generationis
3306 4829 3525 4883 nomine
3557 4831 3629 4883 si-

2060 4933 2369 5003 gniﬁcatur,
2430 4946 2540 4985 non
2590 4929 2842 4984 essentia:
2894 4925 3095 4979 rationi
3152 4922 3458 4977 conveniat.
3508 4919 3632 4975 Non

2059 5025 2204 5079 enim
2248 5022 2390 5091 quod
2430 5022 2485 5075 in
2531 5019 2717 5073 multis
2758 5016 3015 5079 astruxit,
3065 5014 3168 5067 hoc
3217 5011 3380 5066 etiam
3423 5010 3479 5064 in
3525 5009 3631 5064 hac

2064 5123 2218 5184 parte
2252 5113 2409 5168 fecit:
2444 5114 2519 5165 ita
2543 5120 2602 5165 ut
2629 5109 2775 5162 dicat
2799 5107 2971 5175 ipsam
2999 5104 3293 5160 essentiam
3316 5115 3439 5156 esse
3468 5116 3634 5170 geueo

2063 5209 2353 5267 rationem,
2387 5203 2483 5258 sed
2528 5201 2765 5271 genitam
2806 5210 2929 5251 esse
2962 5193 3256 5248 conﬁtetur
3299 5189 3629 5245 essentiam:

2063 5297 2135 5350 ita
2167 5305 2223 5349 ut
2253 5312 2348 5366 per
2389 5306 2676 5362 utramque
2725 5303 2910 5343 vocem
2951 5286 3205 5340 distincta
3238 5284 3385 5336 notio
3432 5278 3632 5333 animis

2064 5388 2396 5442 audientium
2432 5386 2800 5455 ingencretur.
2833 5379 2952 5433 Alia
2969 5378 3116 5433 enim
3147 5375 3300 5429 notio
3326 5371 3634 5439 concipitur

2063 5479 2118 5533 in
2155 5479 2335 5531 animo
2378 5477 2497 5544 ejus
2543 5475 2634 5543 qui
2690 5471 2861 5532 audit,
2907 5467 3054 5535 quod
3105 5466 3321 5536 genitus
3372 5470 3490 5516 est:
3528 5458 3632 5512 alia

2062 5585 2193 5627 vero
2232 5585 2326 5641 per
2361 5566 2611 5624 essentia:
2645 5578 2863 5619 nomen.
2906 5560 3011 5615 Sed
3057 5557 3427 5627 exemplorum
3475 5564 3633 5622 apr

3512 339 3697 395 590'
