4138 6364
590 318 686 374 σοι

1821 324 1879 375 S.
1955 321 2136 377 GREG

2241 321 2281 376 ιι
2320 321 2619 394 mssmt
3728 323 3840 379 sae

588 437 786 490 sttione
813 432 1101 487 dilucidior
1135 433 1289 486 nobis
1335 432 1424 490 (iet
1463 447 1665 490 sermo.
1717 434 1854 490 Dicit
1896 439 1948 491 in
1985 437 2139 491 Evan‘

2266 437 2575 506 Εὐαγγελίῳ
2601 439 2629 490 6
2655 435 2877 508 Κύριος,
2903 437 2984 488 ὅτι
3013 404 3477 506 προσεγγιζούσης
3495 436 3593 505 τῆς
3623 432 3836 500 ὠδῖνος,

587 528 730 598 gelio
781 525 1040 579 Dominus
1076 526 1140 586 “,
1176 527 1318 594 quod
1367 527 1766 597 propinquante
1805 539 1992 597 partus
2031 545 2155 584 cru-

587 620 756 680 ciatu,
787 619 982 673 mulier
1029 626 1113 672 est
1157 619 1210 672 in
1251 618 1461 683 dolore,
1512 621 1624 675 sive
1659 618 1934 677 tristitiam
1957 621 2148 678 habet:

587 719 775 778 postea
803 727 929 764 vero
957 712 1214 780 gaudium
1251 710 1467 780 gaudet,
1508 713 1634 780 quia
1666 721 1824 766 natus
1869 723 1953 767 est
1997 714 2157 768 homo

588 801 642 852 in
671 799 895 855 mundo.
934 799 1001 853 Ut
1043 801 1206 869 igitur
1247 799 1301 852 in
1355 801 1455 853 hac
1509 809 1660 868 parte
1712 799 1817 852 duo
1875 814 2034 854 sensa
2089 799 2158 853 ab

586 890 879 958 Evangelio
902 891 1138 945 tlisrreta
1166 892 1462 954 discimus,
1491 909 1656 945 unum
1680 891 1915 961 quidem,
1945 900 2155 960 partum

582 997 744 1050 quem
775 998 869 1051 per
896 985 1300 1051 generationem
1336 984 1733 1050 intelleximus;
1770 985 1997 1038 alterum
2026 998 2156 1036 vero

585 1074 817 1140 idipsum
870 1073 1010 1142 quod
1046 1075 1101 1126 iit
1137 1089 1202 1126 ex
1244 1083 1396 1142 partu
1437 1092 1448 1127 :
1501 1088 1608 1128 non
1651 1075 1795 1128 enim
1845 1080 2032 1142 partus
2072 1080 2157 1128 est

587 1163 766 1222 homo,
809 1165 902 1218 sed
955 1181 1050 1232 per
1075 1172 1286 1234 partum
1322 1165 1512 1219 homo:
1541 1165 1623 1219 sie
1665 1176 1718 1218 et
1761 1164 1813 1216 in
1860 1163 1962 1218 hoc
2010 1163 2154 1230 loco,

575 1270 706 1309 eum
741 1255 1039 1310 Eunomius
1065 1257 1400 1311 concesserit
1429 1257 1668 1325 genitam
1696 1270 1818 1310 esse
1838 1255 2153 1318 essentiam,

587 1347 751 1414 priori
787 1347 1003 1414 quid‘m
1037 1348 1204 1400 verbo
1236 1346 1380 1416 quod
1419 1362 1482 1400 ex
1515 1347 1697 1415 aliquo
1730 1353 1813 1401 est
1835 1345 2012 1399 edocti
2059 1362 2156 1401 su-

585 1453 707 1491 mus
733 1456 744 1491 :
779 1447 1037 1506 sequente
1069 1454 1196 1489 vero
1223 1438 1396 1506 ipsum
1424 1436 1727 1505 subjectum
1759 1434 2151 1502 intelleximus.

579 1526 670 1578 eui
701 1541 764 1579 ex
809 1528 992 1594 aliquo
1026 1535 1109 1579 est
1147 1527 1521 1580 subsistentia.
1573 1523 1627 1578 Si
1668 1526 1832 1597 igitur
1882 1525 2028 1579 aliud
2069 1535 2153 1580 est

577 1617 834 1669 essentia:
875 1618 1258 1683 signiﬁcatum,
1295 1615 1439 1669 aliud
1470 1632 1598 1670 vero
1639 1633 1743 1670 vox
1785 1617 2152 1686 generationis

580 1707 882 1774 intelligere
913 1707 1188 1774 supponit,
1221 1705 1380 1759 docta
1421 1713 1727 1760 commenta
1761 1706 1894 1774 ipsis
1931 1713 2153 1774 repente

579 1804 925 1856 corruerunt,
961 1797 1103 1849 velut
1149 1795 1337 1849 frivola
1370 1811 1496 1849 vasa
1533 1795 1714 1849 ﬁctilia
1746 1795 1956 1860 collisa,
1989 1803 2151 1864 atque

581 1889 723 1941 inter
757 1903 814 1940 se
849 1888 1150 1943 confracta.
1203 1887 1318 1940 Non
1370 1888 1514 1940 enim
1561 1886 1794 1956 amplius
1841 1887 1920 1940 eis
1968 1885 2151 1939 licebit

576 1981 740 2048 geniti
777 1995 898 2031 cum
943 1979 1186 2046 ingenito
1216 1978 1573 2032 ditl'ereutialn
1622 1973 1675 2031 in
1714 1976 1837 2030 Filii
1885 1985 1939 2030 et
1972 1975 2150 2031 Patris

577 2055 848 2122 essentias
894 2067 1374 2130 transferentibus,
1429 2069 1591 2124 simul
1638 2069 1704 2123 ad
1741 2085 1829 2124 res
1865 2070 2145 2142 nominum

581 2163 722 2214 inter
769 2177 828 2215 se
886 2163 1304 2231 repugnantiam
1351 2162 1672 2216 transferre.
1717 2161 1852 2215 Cum
1893 2161 2038 2216 enim
2081 2162 2150 2216 ab

581 2255 844 2307 l'lunomio
873 2256 942 2310 sit
981 2269 1302 2308 concessum
1353 2255 1591 2327 genitam
1640 2268 1761 2308 esse.
1808 2253 2103 2322 essentiam
2129 2290 2144 2314 ,

575 2346 1032 2416 quemadmodum
1063 2346 1369 2414 exemplum
1405 2343 1789 2414 Evangelicum
1828 2343 1971 2398 hunc
2019 2361 2148 2399 seu-

575 2455 696 2492 sum
731 2439 997 2508 explicat,
1033 2439 1086 2491 in
1130 2454 1239 2507 quo
1288 2437 1564 2491 hominem
1611 2447 1796 2490 natum
1851 2452 1973 2491 esse
2021 2452 2145 2490 cum

572 2531 898 2591 didicimus,
934 2547 1042 2584 non
1091 2530 1362 2584 hominem
1418 2529 1561 2583 idem
1622 2543 1743 2584 esse
1806 2544 1929 2583 cum
1979 2544 2146 2598 gene-

575 2623 788 2679 ratione
841 2622 1246 2684 intelleximus,
1300 2620 1396 2676 sed
1454 2621 1733 2690 propriam
1795 2621 1849 2674 in
1913 2628 2145 2691 utroque

572 2697 794 2770 nomine
831 2715 1108 2770 notionem
1159 2703 1705 2783 comprehendimus,
1750 2729 1859 2768 non
1906 2715 2142 2782 amplius

572 2810 750 2862 locum
799 2807 1020 2862 habebit
1078 2806 1302 2878 Interesis
1353 2820 1474 2874 qua:
1520 2821 1614 2874 per
1661 2805 1931 2876 ejusmodi
1978 2821 2142 2859 voces

569 2901 938 2957 essentiarum
968 2899 1340 2952 diversitatem
1370 2912 1470 2951 suo
1504 2897 1756 2967 dogmate
1785 2897 2047 2952 decernit.

641 2991 710 3047 Ut
738 3005 918 3047 autem
950 2989 1293 3044 manifestius
1339 2989 1496 3042 nobis
1546 2989 1613 3042 de
1659 2989 1744 3044 his
1774 3004 1955 3043 sermo
1986 3006 2138 3044 reve-

2261 531 2316 580 ἐν
2342 527 2482 599 λύπῃ
2513 528 2718 595 γίνεται
2752 530 2784 598 ἡ
2820 527 2953 598 γυνή
2979 541 2992 554 ·
3061 526 3196 596 μετὰ
3231 525 3401 580 ταῦτα
3428 526 3485 579 δὲ
3511 528 3685 597 χαράν
3715 532 3837 597 χαί-

2263 637 2364 690 ρει,
2389 622 2468 673 ὃτι
2493 619 2752 689 ἐγεννήθη
2776 619 2870 673 ἄνθ
2881 636 3058 688 ρωπος
3081 620 3158 680 εἰς
3181 618 3269 671 τὸν
3290 617 3511 687 κόσμον,
3551 619 3634 679 Ὠς
3654 621 3836 672 τοίνυν

2259 714 2316 764 ἐν
2348 712 2425 782 τῷ
2460 712 2613 782 μέρει
2641 710 2813 781 τούτῳ
2841 711 2933 762 δύο
2977 711 3221 779 νοήματα
3264 709 3654 780 διακεκριμένα
3681 713 3837 782 παρὰ

2258 803 2355 857 τοῦ
2384 805 2713 870 Εὐαγγελίου
2743 803 3108 871 μανθάνομεν,
3135 801 3192 853 ἓν
3223 803 3341 868 μέν,
3373 802 3460 853 τὸν
3484 803 3640 855 τόκον
3667 805 3723 856 ὃν
3743 806 3836 859 διὰ

2257 898 2354 966 τῆς
2377 897 2678 964 γεννήσεως
2710 880 3036 964 ἐνοήσαμενο
3080 893 3266 963 ἕτερον
3295 893 3350 946 δὲ
3384 893 3517 946 αὐτὸ
3552 895 3612 946 τὸ
3645 899 3706 948 ἐκ
3734 897 3833 949 τοῦ

2256 987 2414 1038 τόκου
2445 986 2722 1054 γινόμενον
2753 1001 2768 1015 ο
2812 987 2872 1038 οὐ
2899 985 3006 1052 γὰρ
3039 987 3066 1038 6
3093 985 3247 1046 τόκος
3285 984 3432 1036 ἐστὶν
3464 988 3492 1038 6
3524 986 3831 1057 ἅνθρωπος,

2256 1075 2390 1128 ἀλλὰ
2419 1076 2506 1129 διὰ
2543 1075 2636 1128 τοῦ
2664 1075 2822 1128 τόκου
2854 1077 2881 1128 6
2903 1075 3208 1144 ἄνθρωπος’
3269 1075 3411 1128 οὕτω
3449 1075 3542 1128 καὶ
3575 1077 3832 1140 ἐνταῦθα,

2255 1169 2348 1221 τοῦ
2389 1168 2649 1238 Εὐνομίου
2672 1168 2995 1238 γεννηθῆναι
3022 1169 3120 1237 τὴν
3147 1168 3334 1220 οὐσίαν
3366 1168 3798 1239 ὁμολογήσαντος
3817 1188 3830 1199 ·

2256 1261 2332 1330 τῷ
2368 1260 2465 1330 μὲν
2504 1261 2797 1330 προάγοντι
2842 1261 3044 1330 ῥήματι
3073 1259 3133 1312 τὸ
3177 1259 3240 1312 ἔκ
3282 1277 3427 1324 τινος
3454 1260 3830 1331 ἐδιδάχθημεν,

2255 1353 2333 1424 τῷ
2363 1354 2418 1407 δὲ
2446 1354 2663 1422 ἐφεξῆς,
2693 1352 2823 1405 αὐτὸ
2847 1352 2906 1404 τὸ
2937 1352 3293 1422 ὑποκείμενον
3323 1353 3649 1423 ἐνοήσαμεν,
3681 1347 3725 1421 ᾧ
3765 1355 3836 1407 ἐκ

2255 1446 2346 1498 τοῦ
2377 1446 2518 1508 τινός
2565 1449 2764 1514 ἐστινὴ
2819 1446 3128 1508 ὑπόστασις.
3180 1445 3242 1497 Εἰ
3289 1439 3378 1497 οὖν
3418 1445 3546 1499 ἄλλο
3587 1446 3685 1515 μέν
3712 1447 3835 1497 ἐστι

2253 1541 2352 1608 τῆς
2376 1539 2561 1601 οὐσίας
2595 1539 2652 1591 τὸ
2688 1539 3107 1607 σημαινόμενον·
3172 1537 3356 1608 ἕτερον
3407 1537 3464 1590 δὲ
3503 1541 3536 1609 ἡ
3577 1539 3676 1606 τῆς
3702 1556 3832 1602 γενο

2254 1631 2460 1699 νήσεως
2493 1629 2642 1700 φωνὴ
2673 1632 2814 1682 νοεῖν
2847 1629 3175 1690 ὑποτίθεται,
3207 1629 3584 1682 διαπέπτωκεν
3617 1628 3834 1697 ἁθρόως

2253 1719 2437 1781 αὐτοῖς
2464 1718 2532 1771 τὰ
2561 1717 2697 1786 σονρὰ
2719 1719 3106 1788 μηχανήματα,
3125 1717 3312 1788 ὥσπερ
3334 1717 3628 1788 ὀστράκινα
3658 1717 3830 1788 σκεύη

2252 1811 2498 1882 ἀλλήλοις
2524 1810 2914 1881 προσαχθέντα,
2941 1811 3031 1862 καὶ
3053 1810 3118 1862 δι’
3141 1810 3383 1881 ἀλλήλων
3407 1811 3822 1879 διατρυφθέντα.

2251 1903 2446 1955 Οὐκέτι
2477 1902 2583 1972 γὰρ
2618 1903 2796 1965 αὐτοῖς
2824 1901 3032 1967 ἐξέσται
3057 1904 3154 1973 τὴν
3182 1901 3273 1955 τοῦ
3300 1902 3556 1972 γεννητοῦ
3596 1903 3729 1972 πρὸς
3766 1905 3831 1956 τὸ

2250 1992 2538 2062 ἀγέννητον
2563 1991 2840 2060 διαστολὴν
2860 1993 2952 2044 ἐπὶ
2973 1994 3070 2062 τῆς
3091 1993 3183 2044 τοῦ
3211 1991 3340 2044 Υἱοῦ
3369 1992 3462 2045 καὶ
3491 1991 3583 2044 τοῦ
3616 1994 3831 2064 Πατρὶς

2249 2081 2434 2143 οὐσίας
2455 2081 2868 2152 μεταφέρουσιν,
2885 2082 3324 2153 συμμεταφέρειν
3340 2083 3431 2134 ἐπὶ
3444 2081 3514 2135 τὰ
3529 2083 3829 2153 πράγματα

2249 2167 2345 2239 τὴν
2375 2169 2724 2240 προσάλληλα
2757 2169 2865 2222 τῶν
2899 2171 3174 2240 ὀνομάτων
3198 2173 3396 2240 μάχην.
3439 2171 3764 2242 Ὀμολογηθὲ
3779 2190 3827 2223 θ-

2247 2277 2336 2322 τος
2363 2260 2469 2330 γὰρ
2505 2260 2652 2331 παρὰ
2692 2261 2784 2312 τοῦ
2816 2261 3076 2331 Εὐνομίου
3123 2262 3204 2314 ὅτι
3257 2261 3523 2333 ἐγεννήθη
3563 2264 3595 2333 ἡ
3645 2263 3825 2326 οὖσίαι

2249 2351 2429 2414 καθὼς
2478 2354 2570 2404 καὶ
2615 2352 2674 2404 τὸ
2721 2351 3069 2420 εὐαγγελικδν
3101 2353 3402 2424 ὑπόδειγμα
3434 2354 3532 2424 τὴν
3569 2354 3827 2424 τοιαύτην

2247 2441 2535 2513 ἐρμηνεύει
2556 2441 2811 2501 διάνοιαν,
2835 2445 2888 2494 ἐν
2903 2435 2946 2509 ᾧ
2970 2442 3059 2494 τὸν
3076 2441 3358 2511 ἄνθρωπον
3375 2443 3699 2512 γεννηθῆναι
3720 2460 3828 2512 μα-

2248 2533 2447 2596 θόντες,
2477 2533 2535 2585 οὐ
2567 2533 2757 2584 ταύτὸν
2791 2534 3086 2603 ὲνοήσαμεν
3212 2535 3461 2603 γεννήσει
3490 2533 3579 2585 τὸν
3611 2533 3823 2604 ἄνθρω-

2248 2640 2367 2685 πον,
2400 2621 2512 2674 ἀλλ’
2537 2621 2664 2674 ἴδιον
2691 2621 2773 2687 ἐφ’
2803 2620 3060 2689 ἐκατέρου
3083 2620 3188 2670 τῶν
3217 2619 3494 2689 ὀνομάτων
3525 2618 3826 2688 ἐδεξάμεθα

2245 2717 2442 2786 νόημα,
2470 2715 2649 2768 οὐκέτι
2676 2713 2856 2784 χώραν
2887 2712 2994 2776 ἕξει
3028 2712 3242 2776 πάντως
3275 2714 3308 2780 ἡ
3343 2713 3550 2782 αἵρεσις
3583 2712 3677 2784 τὴν
3711 2715 3826 2766 ἐτε-

2248 2807 2444 2878 ρότητα
2471 2805 2576 2858 τῶν
2605 2804 2798 2858 οὐσιῶν
2830 2804 2918 2858 διὰ
2943 2804 3052 2857 τῶν
3090 2803 3346 2856 τοιούτων
3397 2805 3588 2871 φωνῶν
3613 2805 3822 2874 δογμα-

2241 2899 2483 2961 τίζουσα.

2323 2989 2408 3050 Ὠς
2440 2987 2482 3040 δ’
2511 2988 2575 3040 ἂν
2608 2987 2837 3058 μάλιστα
2870 2986 3196 3056 σαφέστερον
3228 2986 3356 3056 ἡμῖν
3384 2987 3412 3038 6
3453 2985 3578 3056 περὶ
3612 2986 3822 3041 τούτων

570 3088 730 3149 letur,
760 3086 840 3140 sic
872 3097 1066 3136 rursus
1113 3082 1254 3150 quod
1293 3081 1611 3150 proponitur
1641 3081 1960 3135 didueamus
1989 3096 2005 3135 :
2034 3079 2139 3134 Na-

2241 3079 2395 3149 λόγος
2434 3080 2836 3148 ἐκκαλυφθείη,
2895 3079 3093 3132 οὑτωσὶ
3142 3078 3201 3130 τὸ
3254 3079 3610 3148 προκείμενον
3653 3083 3819 3134 πάλιν

564 3190 745 3234 turam
775 3177 1063 3230 humanam
1096 3188 1125 3225 a
1159 3172 1426 3242 principio
1449 3187 1571 3224 cum
1603 3173 1856 3227 omnibus
1893 3171 2014 3226 fecit
2044 3173 2132 3225 ille

563 3272 661 3340 qui
696 3269 1011 3342 uni-versum
1063 3263 1339 3325 condidit,
1394 3277 1458 3322 ac
1496 3274 1781 3332 postquam
1828 3262 2005 3318 factus
2053 3271 2162 3328 est,

567 3361 774 3423 Adam,
805 3366 938 3412 tunc
971 3357 1374 3426 generationem
1409 3370 1530 3424 qua:
1574 3354 1629 3408 ﬁt
1667 3372 1730 3409 ex
1775 3363 1963 3410 mutuo
1989 3370 2139 3409 com-

569 3454 728 3523 plexu
773 3447 1083 3520 hominibus
1130 3446 1400 3508 instituit.
1445 3462 1569 3500 cum
1602 3446 1778 3510 dixit,
1819 3445 2053 3502 Crescite
2083 3459 2132 3502 et

564 3539 996 3610 multiplicamini
1031 3539 1096 3589 ³⁵.
1133 3534 1268 3590 Cum
1302 3538 1467 3607 igitur
1509 3539 1642 3594 Abel
1688 3554 1784 3608 per
1827 3541 2134 3612 generatio-

568 3651 688 3690 nem
721 3633 998 3693 substitit,
1030 3631 1153 3698 quis
1180 3644 1329 3683 sana:
1357 3631 1556 3708 mentis
1587 3647 1812 3702 compos
1842 3649 1950 3687 non
1979 3633 2133 3689 dixe-

564 3730 668 3787 rit,
699 3727 999 3782 secundum
1038 3728 1178 3783 idem
1219 3727 1470 3780 humana:
1513 3724 1882 3794 generationis
1925 3725 2131 3794 signifi-

563 3829 744 3873 catum
769 3859 782 3880 ,
824 3819 1030 3886 absque
1070 3817 1421 3888 generatione
1467 3817 1732 3870 Adamqu
1777 3817 2132 3872 suhstitisse?

562 3913 814 3965 Attamen
860 3911 1068 3981 primus
1118 3911 1281 3964 homo
1329 3918 1500 3962 totum
1551 3908 1606 3961 in
1652 3908 1833 3976 seipse
1884 3908 2133 3964 humana:

564 4003 813 4057 essentia:
839 4002 1132 4056 terminum
1161 4001 1349 4054 habuit
1379 4020 1390 4053 :
1419 4008 1472 4054 et
1505 3999 1596 4068 qui
1628 4014 1691 4053 ex
1724 3999 1817 4053 illo
1844 4009 2131 4070 generatus

567 4103 685 4157 est,
717 4093 967 4149 similiter
1001 4094 1053 4147 in
1097 4092 1289 4148 eadem
1333 4093 1586 4147 essentia:
1631 4093 1841 4147 ratione
1889 4094 2132 4148 subscri-

562 4183 730 4237 bitur.
778 4183 932 4249 Quod
973 4182 1017 4237 si
1060 4187 1239 4253 genita
1271 4183 1516 4237 essentia.
1539 4182 1783 4247 diversa,
1817 4183 1885 4238 ab
1914 4198 1977 4239 ea
2011 4201 2131 4253 qua:

561 4274 739 4342 genita
789 4289 896 4327 non
928 4281 1011 4326 est
1040 4280 1474 4336 construeretur,
1504 4286 1612 4326 non
1645 4272 1891 4342 utrisque
1940 4273 2128 4327 eadem

559 4364 812 4419 essentia:
845 4365 987 4418 ratio
1015 4351 1368 4432 competeret.
1415 4363 1658 4428 Quorum
1700 4364 1844 4417 enim
1889 4364 2127 4421 essentia

558 4454 772 4507 diversa
792 4494 808 4518 ,
857 4455 1052 4506 horum
1088 4467 1195 4504 non
1229 4457 1311 4504 est
1339 4451 1523 4505 eadem
1559 4453 1811 4506 essentia:
1843 4453 1980 4505 ratio
2011 4455 2125 4508 sive

557 4541 822 4596 deﬁnitio.
873 4539 1140 4606 Quoniam
1192 4540 1356 4610 igitur
1402 4539 1592 4593 iisdem
1639 4540 1954 4610 designatus
2001 4558 2126 4612 pro-

559 4631 881 4700 prietatibus
911 4638 964 4684 et
987 4646 1049 4683 ea
1080 4646 1199 4698 qua:
1224 4640 1306 4683 est
1333 4631 1490 4693 Adae,
1522 4641 1573 4684 et
1600 4646 1660 4684 ea
1690 4649 1810 4700 qua:
1834 4644 1918 4688 est.
1944 4635 2126 4704 Abelis

556 4723 790 4774 essentia
819 4763 833 4787 ,
888 4736 1112 4775 necesse
1165 4728 1248 4774 est.
1291 4723 1516 4774 omnino
1555 4725 1606 4774 in
1654 4723 1919 4778 ambobus
1963 4740 2124 4778 unam

556 4813 851 4868 essentiam
882 4827 1003 4866 esse
1032 4812 1278 4866 eontiteri
1312 4829 1324 4864 :
1355 4813 1518 4864 alium
1552 4821 1730 4882 autem
1761 4823 1927 4884 atque
1957 4817 2122 4871 alium

558 4906 612 4959 in
647 4907 840 4959 eadem
874 4913 1067 4958 natura
1098 4905 1480 4958 demonstrari.
1513 4903 1644 4958 Nam
1693 4907 1862 4960 Adam
1908 4916 1963 4962 et
1991 4909 2122 4964 Abel

558 4997 612 5050 in
647 5004 853 5051 natura:
887 4997 1095 5051 ratione
1130 5012 1272 5050 unus
1301 4995 1410 5051 duo
1435 5004 1596 5051 sunt:
1627 4998 1798 5072 sediu
1825 5003 2125 5070 proprieta-

557 5090 703 5144 tibus
732 5104 853 5158 quae
883 5089 935 5142 in
971 5088 1211 5156 ipsorum
1243 5093 1474 5155 utroque
1508 5097 1826 5152 cernuntur,
1866 5091 2122 5145 inconfu-

556 5196 677 5236 sum
714 5179 854 5234 inter
886 5195 945 5235 se
975 5179 1175 5232 habent
1207 5179 1517 5233 discrimen.
1563 5179 1679 5234 Non
1712 5182 1876 5253 igitur
1905 5186 2123 5254 proprie

553 5270 661 5324 dici
692 5277 899 5339 potest,
934 5269 1076 5338 quod
1107 5269 1278 5332 Adam
1323 5271 1615 5324 essentiam
1666 5288 1694 5325 a
1745 5261 1925 5344 sei-ps0
1958 5277 2118 5330 aliam

555 5363 670 5416 sive
696 5360 968 5414 diversam
999 5360 1217 5429 genuit,
1255 5359 1347 5414 sed
1383 5362 1610 5425 melius,
1643 5364 1788 5431 quod
1830 5380 1894 5419 ex
1937 5366 2120 5436 seipse

553 5450 740 5519 genuit
769 5449 934 5502 alium
964 5449 1204 5516 scipsum
1231 5467 1244 5502 :
1276 5463 1398 5502 cum
1432 5467 1538 5518 qtto
1563 5455 1740 5506 omnis
1766 5454 1884 5521 ejus
1913 5457 2004 5524 qui
2032 5472 2120 5524 ge-

553 5548 673 5597 nuit
704 5540 954 5596 essentia:
991 5541 1127 5593 ratio
1157 5541 1315 5594 simul
1346 5541 1490 5596 edita
1524 5550 1625 5598 est.
1665 5543 1820 5610 Quod
1854 5546 2018 5615 igitur
2050 5547 2114 5604 de

626 5723 671 5752 ⁸³
699 5720 855 5776 Joau.
914 5736 1023 5785 XVI,
1057 5721 1146 5775 2|.
1223 5721 1268 5752 ¹⁸
1309 5719 1504 5776 Cenes.
1540 5735 1575 5787 I,
1615 5718 1705 5775 23.

2241 3172 2658 3245 διαληψώμεθω
2688 3171 2938 3240 Ἐποίησε
2982 3170 3079 3241 τὴν
3107 3169 3452 3241 ἀνθρωπίνην
3500 3171 3656 3238 φύσιν
3691 3176 3816 3226 κατ’

2237 3264 2408 3336 ἀρχὰς
2428 3263 2563 3334 μετὰ
2595 3264 2810 3316 πάντων
2839 3263 2864 3314 6
2892 3261 2950 3313 τὸ
2969 3263 3076 3312 πᾶν
3106 3261 3530 3331 συστησάμενος,
3557 3264 3648 3315 καὶ
3677 3268 3820 3334 μετᾶ

2238 3355 2296 3407 τὸ
2333 3354 2583 3423 γενέσθαι
2609 3352 2698 3406 τὸν
2731 3352 2918 3422 ’Δδὰμ,
2949 3353 3068 3403 τότε
3100 3350 3195 3421 τήν
3217 3351 3274 3416 ἐξ
3302 3351 3544 3423 ἀλλήλων
3564 3353 3819 3426 γέννησιν

2235 3448 2348 3508 τοῖς
2398 3443 2703 3515 ἀνθρώποις
2745 3443 3167 3512 ἐνομοθέτησεν,
3226 3442 3422 3506 εἰπὼν,
3467 3444 3819 3508 Αῠξάνεσθε

2237 3537 2338 3591 καὶ
2371 3537 2772 3603 πληθύνεσθε.
2829 3534 2935 3586 Τοῦ
2966 3534 3141 3586 τοίνυν
3183 3534 3339 3586 Ἀὅέλ
3372 3537 3642 3606 γεννητῶς
3674 3538 3816 3590 ὐπο-

2239 3629 2479 3690 στάντος,
2505 3625 2587 3690 τίς
2633 3627 2732 3679 οὐκ
2761 3625 2825 3678 ἂν
2865 3626 3008 3678 εἴποι
3039 3626 3146 3678 τῶν
3169 3620 3228 3677 εὖ
3277 3627 3633 3694 φρονούντων,
3689 3632 3816 3682 κατ’

2235 3719 2366 3772 αὐτὸ
2411 3718 2468 3772 τὸ
2520 3719 2617 3788 τῆς
2655 3718 3002 3788 ἀνθρωπίνης
3047 3719 3350 3786 γεννήσεως
3393 3719 3811 3789 σημαινόμενον,

2234 3813 2541 3880 ἀγεννήτως
2571 3811 2660 3864 τὸν
2701 3812 2870 3882 Ἀδὰμ
2917 3813 3232 3882 ὑποστῆναι.
3289 3811 3450 3865 Ἀλλά
3477 3811 3582 3882 μὴν
3602 3815 3629 3865 6
3658 3812 3814 3883 πρῶ-

2234 3922 2322 3966 τος
2356 3904 2662 3975 ἄνθρωπος,
2697 3904 2815 3957 ὅλον
2849 3903 3004 3975 ἔσχεν
3034 3905 3092 3956 ἐν
3125 3903 3300 3974 ἑαυτῷ
3334 3904 3434 3974 τῆς
3463 3904 3814 3975 ἀνθρωπίνης

2232 3997 2417 4059 οὐσίας
2436 3996 2525 4048 τὸν
2549 3996 2691 4067 ὅρον,
2716 3997 2808 4049 καὶ¹
2839 3997 2866 4047 6
2896 3995 2955 4058 ἐξ
2983 3997 3188 4049 ἐκείνου
3218 3995 3513 4066 γεννηθεὶς,
3546 3995 3812 4059 ὡσαύτως

2233 4089 2290 4139 ἐν
2333 4087 2408 4158 τῷ
2433 4087 2579 4158 αὐτῷ
2619 4077 2718 4158 τῆς
2762 4088 2948 4150 οὐσίας
2990 4087 3365 4158 ὑπογράφεται
3415 4087 3579 4158 λόγῳ.
3636 4089 3698 4140 Ei
3745 4088 3811 4140 δὲ

2231 4179 2362 4249 ἄλλη
2394 4196 2478 4242 τις
2511 4181 2542 4249 ἡ
2582 4179 2898 4249 γεννηθεῖσα
2937 4179 3094 4232 οὐσία
3128 4179 3277 4251 παρὰ
3306 4180 3403 4249 τὴν
3429 4180 3500 4250 μὴ
3525 4179 3808 4258 γεννηθεῖ-

2233 4288 2329 4324 σαν
2349 4273 2795 4337 κατεσκευάζετο,
2819 4273 2918 4325 οὐκ
2939 4271 3004 4325 ἂν
3028 4272 3112 4323 ἐπ’
3135 4272 3453 4342 ἀμφοτέρων
3477 4273 3504 4322 6
3526 4272 3685 4333 αὐτὸς
3705 4272 3806 4340 τῆς

2230 4364 2414 4425 οὐσίας
2448 4364 2654 4433 ἥρμοσε
2708 4363 2881 4430 λόγος.
2947 4357 3046 4416 Ὧν
3088 4364 3195 4434 γὰρ
3248 4367 3280 4434 ἡ
3331 4365 3483 4416 οὐσία
3526 4364 3804 4435 διάφορος,

2164 4447 2203 4499 Ι)
2231 4454 2434 4507 τούτων
2467 4455 2584 4508 οὐδὲ
2622 4459 2649 4508 6
2675 4455 2830 4524 λόγος
2860 4457 3003 4508 ἐστὶν
3031 4459 3059 4510 6
3088 4457 3246 4518 αὐτὸς
3271 4457 3368 4524 τῆς
3401 4457 3601 4518 οὐσίας.
3647 4457 3808 4509 Ίεπεὶ

2230 4543 2322 4598 οὐν
2366 4549 2476 4608 τοῖς
2528 4547 2707 4609 αὐτοῖς
2756 4547 3214 4618 χαρακτηρίζεται
3250 4547 3528 4617 ἱδιώμασιν
3567 4548 3683 4618 ἦτε
3706 4547 3804 4600 τοῦ

2244 4639 2410 4708 Ἀδὰμ
2438 4640 2530 4691 καὶ
2553 4640 2585 4709 ἡ
2609 4639 2700 4691 τοῦ
2736 4639 2886 4691 ’Λϋὲλ
2913 4640 3068 4694 οὐσία
3093 4657 3105 4669 ·
3137 4641 3282 4693 πᾶσα
3307 4641 3513 4711 ὁνάγκη
3549 4639 3674 4710 μίαν
3699 4640 3806 4709 μὲν

2229 4731 2413 4784 οὐσίαν
2452 4733 2536 4783 ἐπ’
2569 4733 2893 4802 ἀμφοτέροις
2935 4729 3072 4785 εἶναι
3114 4732 3453 4788 συντίθεσθαι
3480 4750 3493 4762 ο
3549 4733 3702 4786 ἄλλον
3737 4735 3802 4787 δέ

2230 4825 2322 4877 καὶ
2352 4824 2504 4876 ἄλλον
2535 4825 2622 4877 τὸν
2653 4826 2710 4876 ὲν
2737 4827 2803 4896 τῇ
2832 4827 2964 4896 αὐτῇ
2998 4825 3154 4893 φύσει
3177 4825 3543 4895 δεικνύμενον.
3602 4826 3659 4877 Ὀ
3687 4826 3800 4896 γὰρ

2244 4917 2412 4986 Ἀδάμ
2442 4917 2534 4969 καὶ
2561 4918 2588 4969 ὁ
2627 4917 2783 4970 Ἀὅὲλ
2813 4918 2870 4969 ἐν
2909 4917 3158 4987 τῷλόγῳ
3206 4917 3304 4985 τῆς
3349 4917 3579 4986 φύσεως,
3615 4913 3694 4980 εἷς
3742 4919 3799 4971 οἱ

2229 5006 2320 5060 δύο
2343 5007 2475 5058 εἰσίν
2495 5023 2510 5038 ·
2534 5008 2591 5060 ἐν
2620 5007 2676 5060 δὲ
2697 5010 2807 5070 τοῖς
2839 5007 3318 5077 ἐπιθεωρουμένοις
3350 5007 3592 5076 ἐκατέρῳ
3617 5006 3800 5059 αὐτῶν

2232 5098 2530 5167 ῐδιώμασιν,
2577 5097 2876 5167 ἂσύγχυτον
2924 5097 3102 5166 ἔχουσι
3150 5097 3247 5166 τὴν
3283 5098 3375 5149 ἀπ’
3407 5097 3647 5167 ἀλλήλων
3681 5097 3801 5150 διά-

2229 5207 2426 5259 κρισιν.
2475 5187 2680 5241 Οὐκοῦν
2709 5191 2806 5241 οὐκ
2834 5187 2947 5240 ἔστι
2973 5189 3171 5260 κυρίως
3209 5191 3399 5252 εἰπεῖν,
3429 5190 3509 5241 ὅτι
3552 5190 3580 5240 6
3625 5189 3800 5259 Ἀδάμ

2227 5282 2411 5333 οὐσῐαν
2441 5284 2567 5350 παρ’
2598 5282 2760 5334 αὐτὸν
2789 5281 2953 5350 ἄλλην
2976 5282 3276 5350 ἐγέννησεν,
3308 5280 3447 5333 ἀλλὰ
3485 5281 3680 5349 μᾶλλον
3711 5284 3796 5334 ὅτι

2226 5371 2283 5434 ἐξ
2320 5371 2509 5424 ἐαυτοῦ
2540 5372 2824 5440 ἐγέννησεν
2849 5371 3002 5426 ἄλλον
3035 5373 3223 5425 ἑαυτόν
3253 5389 3264 5402 ·
3297 5365 3341 5438 ᾧ
3367 5373 3473 5434 πᾶς
3497 5373 3524 5424 6
3564 5373 3658 5438 τῆς
3697 5373 3796 5424 τοῦ

2223 5464 2577 5532 γεννήσαντος
2626 5462 2809 5526 οὐσίας
2849 5463 3216 5533 συναπετέχθη
3251 5463 3426 5530 λόγος.
3481 5463 3654 5530 Ὅπερ
3701 5459 3798 5513 οἷν

2221 5551 2313 5603 ἐπὶ
2340 5551 2438 5622 τῆς
2489 5551 2830 5624 ἀνθρωπίνης
2869 5552 3258 5624 μεμαθήκαμεν
3303 5553 3538 5624 φύσεως,
3566 5554 3651 5605 διὰ
3694 5556 3798 5624 τῆς
