4138 6364
331 486 436 561 593

1431 510 1715 568 CONTRA
1753 506 2144 579 EUMONIUM,
2185 509 2316 567 LIB.
2379 509 2470 568 Ill.

3473 505 3584 563 894

331 625 470 684 κατά
498 626 556 680 τὸ
586 626 874 685 ἀκόλουθον
904 630 1010 684 ύπο
1039 632 1132 685 τοῦ
1152 632 1309 700 λόγου
1335 634 1742 707 προδειχθείσης
1762 635 1896 704 ἡμῖν

2002 641 2194 689 natura
2224 634 2462 689 humana
2483 629 2772 688 didicimus
2795 669 2812 697 ,
2854 645 2919 687 ea
2958 627 3368 701 consequentia
3405 624 3583 684 deda-

328 721 567 788 ὁδηγίας,
617 719 773 774 τοῦτο
801 719 951 792 οἶμαι
976 724 1087 777 δεῖν
1114 725 1206 778 καὶ
1237 726 1329 779 ἐπὶ
1360 725 1458 798 τὴν
1487 727 1763 799 ἀκήρατον
1792 728 1902 780 τῶν

332 815 489 863 θείων
516 811 798 882 δογμάτων
824 817 1149 888 κατανόησιν
1174 820 1254 882 είς
1283 818 1505 889 ὁδηγὶαν
1533 818 1736 873 λαϐεῖν.
1789 820 1904 873 Πᾶ-

334 920 434 956 σαν
460 904 566 974 γὰρ
590 906 836 977 σαρκώδη
856 908 957 962 καὶ
981 908 1169 979 ὑλικὴν
1197 910 1403 965 ἔννοιαν
1422 912 1528 965 τῶν
1549 911 1705 965 θείων
1730 929 1789 965 τε
1809 913 1904 966 καὶ

334 994 552 1065 ὑψηλῶν
584 997 864 1066 δογμάτων
886 1000 1326 1071 ἀποσεισάμενοι,
1357 1003 1770 1073 ἀσφαλεστάτην
1789 1003 1907 1069 ἔξο-

338 1105 437 1156 μεν
486 1086 574 1140 διὰ
623 1089 717 1141 τοῦ
769 1091 1232 1164 καταλειπομένου
1280 1095 1570 1163 νοήματος,
1632 1095 1760 1148 ὅταν
1813 1095 1905 1147 ἐκ·

335 1174 578 1246 καθαρθῇ
622 1175 730 1229 τῶν
770 1179 1055 1246 τοιούτων,
1111 1181 1207 1251 τὴν
1252 1183 1344 1235 ἐπὶ
1382 1183 1450 1236 τὰ
1492 1184 1670 1254 ὑψηλά
1715 1201 1775 1237 τε
1813 1186 1906 1237 καὶ

333 1268 603 1337 ἀπρόσιτα
630 1272 1019 1340 χειραγωγίαν.
1081 1273 1448 1344 Ὁμολογεῖται
1485 1275 1593 1347 γὰρ
1626 1277 1720 1331 καὶ
1755 1278 1905 1349 παρά

333 1356 441 1409 τῶν
476 1358 731 1411 ἐναντίων
755 1359 843 1413 τὸν
872 1363 966 1414 ἐπὶ
990 1363 1205 1417 πάντων
1235 1365 1361 1418 ὄντα
1384 1366 1536 1431 Θεὸν,
1570 1368 1787 1439 Πατέρα
1810 1369 1903 1422 τοῦ

338 1443 677 1512 Μονογενοῦς
718 1443 819 1497 καὶ
861 1447 1001 1505 εἶναι
1047 1455 1141 1507 καὶ
1179 1454 1461 1524 λέγεσθαι,
1510 1457 1645 1512 ἀλλά
1688 1459 1904 1512 καὶτὸν

335 1539 613 1610 Μονογενῆ
635 1541 765 1594 Θεὸν
794 1543 884 1595 τὸν
918 1546 982 1597 ὲκ
1009 1544 1101 1598 τοῦ
1133 1547 1342 1612 Πατρὸς
1367 1549 1514 1613 ὄντα,
1541 1551 1792 1620 γεννητὸν
1815 1552 1906 1604 διὰ

334 1626 396 1679 τὸ
422 1629 743 1700 γεννηθῆναι
766 1632 1238 1702 κατονομᾶζουσιν.
1303 1637 1454 1689 Ἐπεὶ
1483 1632 1575 1691 οὖν
1613 1641 1670 1692 ἐν
1698 1638 1907 1710 ἀνθρώ-

336 1736 456 1783 ποις
486 1721 545 1773 τὸ
582 1722 672 1773 τοῦ
712 1724 920 1794 πιτρὸς
946 1724 1113 1795 ὄνομα
1141 1726 1571 1800 συνεζευγμένας
1603 1730 1715 1802 ἔχει
1751 1733 1905 1796 τινὰς

335 1810 619 1877 ἐμφάσεις,
648 1805 722 1865 ὧν
753 1814 783 1883 ή
814 1815 1089 1886 ἀκήρατος
1116 1816 1466 1889 ἠλλοτρίωται
1497 1822 1656 1888 φύσις
1678 1839 1692 1853 ο
1730 1824 1904 1877 πάντα

335 1904 596 1971 προσήκει
626 1906 724 1957 ὅσα
755 1907 901 1987 περὶ,
929 1907 1024 1978 τὴν
1068 1906 1317 1982 σαρκώδη
1348 1912 1442 1965 τοῦ
1484 1915 1691 1985 πατρὸς
1724 1932 1894 1987 σημα-

338 1990 456 2042 σίαν
486 1991 643 2045 ὑλικά
670 1986 915 2064 νοήματα
937 1998 1355 2070 συνεισέρχεται,
1380 2003 1571 2055 καταλί
1582 2020 1764 2066 ποντα,
1789 2003 1906 2057 θεο-
1934 1989 1981 2049 Β

339 2083 520 2152 πρεπῆ
550 2100 668 2137 τινα
706 2085 940 2140 διάνοιαν
979 2090 1314 2171 ὲμφαντικὴν
1352 2094 1518 2164 μόνης
1550 2095 1648 2165 τῆς
1688 2097 1905 2166 γνησιόο

335 2189 496 2241 τητος
525 2174 618 2227 ἐπὶ
648 2176 740 2229 τοῦ
763 2176 898 2230 Θεοῦ
924 2182 1015 2233 καὶ
1042 2181 1251 2253 Πατρὸς
1280 2184 1707 2242 ἐντυπώσασθαι,
1756 2176 1906 2243 Ἐπεὶ

335 2257 428 2312 οὖν
452 2264 513 2314 ού
548 2265 705 2334 μόνον
734 2268 834 2320 ὅσα
867 2269 900 2339 ή
935 2268 1071 2341 σὰρξ
1101 2275 1240 2326 νοεῖν
1266 2274 1573 2330 ὑποτίθεται
1601 2280 1666 2348 τῇ
1695 2279 1787 2332 τοῦ
1815 2281 1907 2334 ἀν-

336 2350 609 2420 θρωπίνου
643 2359 845 2428 πατρὸς
885 2361 1062 2434 ἐννοίᾳ
1103 2365 1714 2438 συγκαταλαμϐάνεται,
1771 2371 1906 2426 ἀλλά

336 2445 430 2496 καὶ
454 2445 850 2521 διαστηματική
884 2469 965 2512 τις
988 2453 1163 2508 ἔννοια
1188 2461 1574 2513 συνεπινοεῖται
1604 2462 1819 2527 πάντως
1837 2466 1901 2535 τῇ

334 2536 646 2611 ἀνθρωπίνῃ
680 2543 995 2613 πατρότητι,
1042 2546 1218 2611 καλῶς
1259 2548 1324 2601 ἀν
1352 2548 1461 2620 ἔχοι
1493 2549 1571 2621 τῷ
1609 2554 1905 2624 σωματικῷ

335 2629 493 2699 ῥύπῳ
539 2631 633 2684 καὶ
673 2631 771 2703 τὴν
799 2633 1231 2708 διαστήματικήν
1263 2638 1468 2694 ἔννοιαν
1505 2643 1596 2695 ἐπὶ
1629 2645 1727 2713 τῆς
1755 2644 1905 2709 θείας

336 2721 754 2776 συναποϐάλλειν
804 2728 1128 2797 γεννήσεως,
1184 2729 1259 2793 ὡς
1310 2730 1377 2784 ἂν
1428 2735 1758 2803 πανταχόθεν
1807 2738 1903 2788 ὲκο

334 2809 658 2883 πλυνθείσης
687 2814 784 2884 τῆς
808 2815 997 2886 ὑλικῆς
1023 2818 1299 2885 ἰδιότητος,
1317 2821 1607 2893 καθαρεύοι
1630 2826 1824 2890 παντὸς
1840 2829 1899 2880 ού

333 2902 494 2973 μόνον
522 2905 823 2974 ὲμπαθοῦς,
861 2907 993 2960 ἀλλά
1023 2909 1114 2961 καὶ
1154 2909 1577 2982 διαστηματικοῦ
1611 2917 1900 2986 νοήματος,

331 2994 366 3065 ἡ
392 2993 728 3067 ὑπερέχουσα
763 2998 1031 3071 γέννησις.
1093 3000 1303 3056 Ούκοῦν
1334 3005 1367 3058 ὁ
1398 3007 1618 3078 Πατέρα
1656 3009 1746 3062 τὸν
1773 3010 1903 3065 Θεὸν

329 3084 523 3155 λέγων,
551 3091 617 3159 τῇ
652 3088 744 3142 τοῦ
781 3085 917 3143 εἶναι
950 3092 1041 3144 τὸν
1064 3084 1195 3146 Θεὸν
1229 3097 1425 3165 ἐννοίᾳ,
1461 3099 1556 3151 καὶ¹
1590 3102 1657 3156 τό
1683 3118 1733 3154 τι
1763 3097 1903 3156 εἶναι

334 3179 818 3265 συμπεριλήψεται.
845 3175 915 3253 ᾯ
948 3183 1055 3254 γὰρ
1081 3185 1187 3237 ἀπό
1221 3204 1364 3250 τινος
1395 3190 1568 3260 ἀρχῆς
1605 3190 1719 3243 ἐστι
1746 3192 1805 3244 τὸ
1831 3189 1904 3245 εἷ-

330 3286 438 3331 ναι,
463 3270 635 3342 τούτῳ
663 3273 756 3325 καὶ
787 3273 850 3328 τό
878 3271 1086 3329 τιεῖναι
1118 3278 1334 3342 πάντως
1353 3281 1460 3334 ἀπό
1479 3299 1620 3346 τινος
1652 3284 1898 3355 ἄρχεταν

404 3361 420 3381 9
476 3356 503 3381 τ
746 3359 768 3378 ν
930 3367 943 3383 ν
1166 3379 1171 3383 .

332 3362 401 3431 ὲφ
447 3378 507 3415 ου
545 3358 600 3415 δὲ
627 3363 686 3416 τὸ
718 3381 855 3416 ειναι
892 3383 989 3419 ουκ
1024 3368 1244 3439 ἤρξατο,
1281 3371 1400 3424 οὐδὲ
1439 3373 1494 3425 εἴ
1523 3393 1575 3428 τι
1614 3375 1741 3430 ἀλλο
1771 3380 1899 3450 περὶ

333 3453 491 3506 αὐτὸν
511 3453 1093 3525 θεωρεῖται,ἀπό’τινος
1110 3461 1209 3531 τὴν
1230 3454 1402 3534 ἀρχὴν
1429 3463 1561 3535 ἔχει.
1606 3467 1764 3521 Ἀλλά
1795 3469 1899 3541 μὴν

334 3542 522 3612 Πατὴρ
554 3543 583 3594 ὁ
604 3542 753 3605 Θεὸς,
782 3544 975 3599 οὐκοῦν
1003 3546 1062 3611 ἐξ
1095 3549 1263 3603 ἀϊδίου
1298 3552 1445 3604 ἐστὶν
1468 3554 1604 3625 ὅπερ
1626 3555 1793 3612 ἔστιν.
1824 3560 1899 3611 Ού

332 3632 441 3704 γὰρ
460 3636 691 3703 ἐγένετο,
710 3636 822 3689 ἀλλ’
845 3637 958 3691 ἔστι
975 3640 1164 3710 Πατήρ
1180 3659 1195 3670 ε
1228 3644 1319 3723 ἐπὶ
1338 3644 1474 3697 Θεοῦ
1506 3645 1613 3723 γάρ
1631 3648 1659 3700 ὃ
1688 3644 1775 3723 ἦν,
1808 3652 1902 3703 καὶ

333 3723 445 3777 ἐστι
476 3726 776 3780 italiam“
816 3727 942 3781 είδέ
973 3731 1026 3782 τί
1049 3748 1175 3784 ποτε
1320 3731 1406 3806 ἦν,
1459 3722 1581 3790 οὔτε
1608 3740 1751 3792 ἐστὶν
1778 3740 1900 3794 οὕτε

333 3816 484 3904 ἔσται
510 3839 520 3850 ·
551 3820 611 3872 ού
634 3821 740 3892 γάρ
753 3823 988 3876 τοιούτου
1012 3826 1149 3888 τινὸς
1174 3827 1522 3883 πεπίστευται
1538 3828 1674 3885 εἶναι
1693 3832 1898 3904 Πατὴρ,

332 3899 396 3961 οὗ
426 3911 591 3980 χωρὶς
619 3912 838 3977 εὐσεϐές
878 3915 1025 3967 ἐστιν
1051 3918 1135 3983 ἐφ’
1165 3904 1355 3970 ἑαυτοῦ
1388 3937 1514 3972 ποτε
1552 3921 1642 3973 τὸν
1675 3916 1806 3977 Θεὸν

334 4017 420 4054 ναι
448 4001 641 4071 λέγειν.
690 4003 844 4089 Ζωῆς
864 4005 971 4077 γάρ
997 4007 1110 4060 ἐστι
1140 4010 1318 4089 πατὴρ
1340 4012 1366 4063 ό
1398 4012 1607 4082 Πατὴρ,
1648 4014 1901 4087 ἀληθείας

332 4106 394 4144 τε
417 4091 508 4144 καὶ
536 4092 742 4160 σοφίας,
770 4094 863 4146 καὶ
884 4094 1060 4162 τρωτὸς
1081 4097 1172 4148 καὶ
1192 4098 1461 4167 ἀγιασμοῧ
1489 4100 1898 4171 καὶδυνάμεως,

334 4182 428 4235 καὶ
450 4183 663 4236 πάντων
689 4184 798 4238 τῶν
821 4185 1095 4252 τοιούτων,
1135 4188 1236 4241 ὅσα
1267 4190 1295 4241 ὁ
1336 4191 1643 4262 Μονογενής
1670 4195 1783 4246 ἐστι
1808 4198 1900 4247 καὶ

334 4274 845 4345 ὀνομάζεται.”οταν
863 4278 1040 4331 τοίνυν
1059 4280 1207 4350 παρά
1216 4281 1323 4334 τῶν
1340 4271 1545 4355 ἐχθρῶν
1559 4270 1900 4339 κατασκευά-

335 4362 490 4433 ζηται
532 4364 593 4418 τὸ
623 4366 697 4436 μὴ
739 4361 876 4421 εἷναί
908 4360 1037 4422 ποτε
1072 4369 1205 4438 φῶς,
1237 4371 1337 4425 οὐκ
1368 4368 1503 4436 οἰδα,
1534 4374 1677 4438 τίνος
1701 4373 1899 4429 πλείων

332 4452 481 4506 ἐστιν
507 4456 540 4526 ή
570 4450 760 4526 ζημία,
796 4457 1022 4528 πότερον
1042 4459 1206 4513 αὑτοῦ
1238 4462 1333 4515 τοῦ
1359 4463 1552 4529 φωτὸς,
1582 4464 1709 4517 ὅταν
1740 4464 1813 4536 μὴ
1840 4466 1900 4519 τὸ

334 4542 450 4612 ςῶς
464 4539 520 4618 ᾗ.
536 4545 569 4617 ἢ
590 4544 684 4598 τοῦ
698 4546 930 4617 ἔχοντος,
946 4544 1074 4602 ὅταν
1087 4541 1265 4620 μὴέχη
1277 4544 1334 4599 τὸ
1345 4548 1459 4615 φῶς
1470 4584 1483 4599 .
1494 4552 1649 4607 Οὕτω
1662 4554 1758 4607 καὶ
1773 4572 1837 4607 πε
1846 4556 1899 4627 ρι

2003 725 2185 780 ctione
2224 741 2344 794 quae
2374 732 2501 781 ante
2542 740 2573 779 a
2610 725 2769 780 nobis
2797 725 3012 779 ratione
3046 722 3423 779 demonstrata
3454 725 3575 782 est,

2003 817 2107 872 hoc
2132 817 2324 882 etiam,
2356 827 2411 870 ιιι
2433 816 2647 872 facilius
2674 817 2740 872 ad
2766 815 3237 886 incorruptibilem
3265 812 3576 867 divinorum

2003 908 2346 961 decretorum
2376 898 2739 979 cognitionem
2775 906 3061 970 ducamur,
3098 890 3581 979 sumendum-esse

2005 999 2258 1052 arbitror.
2282 996 2415 1051 Nam
2444 1013 2566 1053 cum
2594 1012 2809 1051 omnem
2841 996 3123 1051 carnalem
3153 1002 3208 1050 et
3238 978 3576 1049 materialem

2005 1084 2262 1142 adivinis
2295 1094 2349 1141 et
2380 1086 2615 1142 excelsis
2665 1085 2902 1140 decretis
2951 1083 3351 1140 removerimus
3400 1083 3582 1136 notio-

2005 1194 2166 1242 nem,
2201 1195 2269 1233 ex
2300 1178 2509 1251 reliquo
2550 1176 2750 1232 mentis
2802 1184 3061 1248 perceptu
3105 1176 3311 1230 talibus
3352 1182 3582 1236 perpur-

2005 1279 2149 1339 gato,
2181 1269 2246 1323 ad
2280 1266 2530 1324 Sublimia
2557 1274 2610 1324 et
2640 1269 2921 1323 inaccessa
2955 1276 3161 1318 certam
3192 1270 3246 1315 ct
3274 1259 3580 1330 expeditam

2006 1361 2151 1415 viam
2185 1361 2529 1415 habebimus.
2564 1355 2881 1411 Adversarii
2924 1356 3069 1410 enim
3098 1353 3431 1408 conﬁtentur
3457 1367 3582 1406 eum

2006 1453 2097 1524 qui
2134 1450 2189 1506 in
2223 1449 2476 1504 omnibus
2504 1456 2589 1504 est
2620 1448 2761 1503 Deus
2783 1489 2796 1509 .
2822 1447 3038 1503 Patrem
3062 1445 3344 1515 Unigeuiti
3380 1452 3436 1499 et
3462 1457 3586 1498 esse

2006 1551 2061 1596 et
2104 1540 2247 1605 dici,
2281 1542 2579 1610 quinetiam
2612 1539 2958 1608 unigenitum
3003 1536 3172 1593 Deum
3209 1536 3301 1608 qui
3328 1551 3395 1590 et
3429 1533 3593 1588 Patre

2004 1642 2120 1701 est,
2151 1642 2435 1705 propterea
2465 1632 2609 1703 quod
2647 1643 2727 1687 est
2761 1631 3002 1700 genitus,
3039 1645 3165 1685 eum
3217 1627 3457 1698 genitum
3488 1643 3589 1679 no-

2004 1728 2233 1782 minant.
2264 1725 2533 1793 Quoniam
2567 1740 2695 1780 vero
2727 1710 2897 1794 patris
2924 1738 3121 1777 nomen
3159 1722 3303 1776 inter
3337 1719 3587 1773 homines

2003 1819 2326 1888 coniunctas
2352 1834 2535 1875 secum
2569 1817 2732 1872 habet
2757 1814 3022 1886 quasdam
3051 1813 3361 1884 emphases,
3387 1811 3440 1865 id
3464 1819 3586 1873 est,

2005 1906 2455 1982 significationes,
2487 1925 2517 1963 a
2547 1909 2751 1980 quibus
2781 1907 3109 1963 immortalis
3134 1914 3328 1962 natura
3359 1918 3593 1975 prorsus

2008 2008 2092 2057 est
2124 2002 2326 2057 aliena:
2365 1986 2552 2055 omnes
2580 2006 2699 2069 qua:
2728 2001 2874 2053 circa
2902 1999 3178 2053 carnalem
3215 1997 3390 2065 patris
3419 1995 3593 2066 signi-

2007 2094 2280 2150 ﬁcantiam
2333 2075 2673 2148 concurrunt
2717 2092 3029 2147 materialcs
3068 2100 3370 2160 conceptus
3413 2089 3583 2142 relin-

2007 2180 2294 2257 quentem,
2327 2184 2482 2240 decet
2514 2183 2808 2255 quamdam
2848 2182 2956 2238 Deo
2985 2184 3237 2237 decoram
3277 2181 3588 2249 intelligen-

2007 2278 2134 2332 tiam
2164 2276 2336 2332 solius
2363 2274 2745 2346 germanitatis
2782 2275 3015 2329 iudicem
3039 2315 3051 2332 .
3083 2274 3137 2327 in
3181 2273 3291 2326 Duo
3338 2280 3392 2324 ct
3429 2270 3589 2324 Patre

2007 2369 2322 2424 informare.
2355 2352 2808 2436 Quandoquidem
2855 2360 3020 2437 igitur
3061 2381 3166 2418 non
3213 2365 3392 2418 solum
3436 2350 3589 2430 qum-

2005 2473 2239 2529 cumque
2285 2444 2416 2512 caro
2465 2457 2772 2527 intelligere
2827 2440 3100 2527 suggerit,
3155 2455 3348 2510 notitia
3408 2445 3581 2522 patris

2005 2550 2226 2605 humani
2260 2547 2818 2620 comprehenduntur,
2853 2548 2947 2604 scd
2979 2549 3143 2603 etiam
3179 2547 3468 2602 intervallo
3495 2544 3581 2597 di-

2004 2640 2203 2696 stincta
2237 2638 2482 2711 quaedam
2510 2624 2661 2693 notio
2689 2654 2815 2693 cum
2847 2632 3177 2713 paternitatc
3208 2636 3446 2689 humana
3470 2649 3590 2687 om-

2002 2734 2134 2788 nino
2164 2742 2347 2786 mente
2374 2730 2710 2800 concipitur,
2741 2712 3001 2800 praeclare
3029 2712 3226 2782 habeat
3251 2767 3266 2791 ,
3306 2726 3359 2779 in
3390 2725 3591 2779 divinae

2001 2821 2369 2894 generationis
2395 2812 2854 2894 contemplatione
2881 2813 2994 2872 una
3016 2832 3139 2870 cum
3165 2814 3445 2885 corporeis
3465 2804 3589 2869 Sor-

2002 2916 2165 2970 dibus
2208 2915 2357 2969 illam
2386 2913 2551 2967 etiam
2594 2891 2998 2965 intervallarem
3042 2905 3320 2962 notionem
3367 2907 3589 2975 penitus
3643 2898 3647 2905 ’

2003 2998 2270 3075 abjicere.
2303 3015 2362 3059 ut
2389 2992 2540 3058 omni
2571 3018 2635 3058 ex
2674 3012 2829 3073 parte
2856 3001 3001 3056 eluta
3038 2998 3304 3054 materiali
3340 2990 3592 3069 proprie-

2003 3092 2142 3161 tate,
2180 3097 2274 3151 illa
2306 3096 2724 3165 supereminens
2755 3094 3039 3164 generatio
3073 3076 3183 3163 non
3221 3091 3397 3146 solum
3431 3091 3582 3143 omni

2002 3180 2255 3252 turbido,
2308 3185 2404 3242 sed
2452 3176 2615 3240 etiam
2663 3174 2950 3239 intervallo
2994 3172 3256 3236 distincto
3311 3178 3586 3232 intellectu

2008 3289 2140 3350 pura
2163 3281 2255 3335 sit.
2282 3277 2423 3348 Ergo
2449 3279 2538 3347 qui
2567 3262 2783 3330 Patrem
2815 3270 2983 3330 Deum
3015 3268 3185 3334 dicit,
3215 3260 3411 3326 notitia
3440 3270 3587 3340 quod

2006 3364 2148 3427 Deus
2172 3371 2275 3437 sit,
2293 3356 2346 3425 et
2367 3368 2513 3440 quod
2536 3364 2608 3423 sit
2634 3356 2843 3436 aliquid
2865 3354 3281 3436 complectetur.
3314 3360 3415 3417 Cui
3438 3363 3585 3439 enim

2003 3464 2072 3518 ab
2101 3464 2283 3533 aliquo
2312 3459 2582 3531 principio
2609 3466 2725 3524 est,
2759 3466 2819 3512 ut
2849 3444 2921 3512 sit
2940 3456 2967 3521 ,'
2990 3456 3118 3511 huic
3143 3462 3198 3509 et
3227 3448 3433 3527 aliquid
3464 3467 3592 3507 esse

2002 3553 2223 3607 omnino
2256 3551 2324 3605 ah
2356 3550 2539 3619 aliquo
2572 3548 2763 3619 incipit
2794 3566 2807 3602 :
2843 3548 2895 3600 in
2934 3562 3042 3614 quo
3093 3556 3270 3600 autem
3312 3542 3433 3599 esse
3477 3559 3586 3597 non

2002 3645 2167 3714 coepit
2187 3681 2200 3704 ,
2231 3656 2405 3715 neque
2436 3641 2480 3694 si
2507 3639 2635 3709 quid
2667 3637 2816 3692 aliud
2846 3639 2898 3691 in
2934 3639 3053 3708 ipso
3086 3630 3486 3699 consideretur,
3519 3636 3589 3688 ab

2003 3732 2185 3806 aliquo
2226 3724 2553 3803 principium
2586 3730 2766 3783 habet.
2798 3729 2867 3782 At
2896 3716 3056 3782 Pater
3085 3737 3167 3783 est
3200 3716 3378 3792 Deus,
3415 3728 3582 3797 igitur

2004 3823 2072 3874 ah
2100 3828 2303 3874 aeterno
2336 3819 2420 3871 est
2447 3815 2591 3887 quod
2620 3825 2734 3878 est,
2764 3831 2871 3870 non
2902 3817 3047 3869 enim
3080 3824 3166 3871 est
3196 3817 3442 3887 genitus,
3487 3815 3580 3870 sed

2003 3896 2164 3966 Pater
2190 3916 2294 3965 est.
2325 3899 2525 3983 lul’ieo
2560 3907 2704 3959 enim
2739 3904 2881 3974 quod
2921 3907 3056 3969 fuit,
3106 3912 3192 3960 est
3238 3914 3294 3960 et
3344 3909 3468 3960 erit.
3523 3905 3581 3958 Si

2003 4000 2184 4057 autem
2220 4000 2347 4070 quid
2376 3997 2668 4067 aiiquaudo
2696 4012 2803 4049 non
2848 3994 2980 4058 fuit.
3032 4013 3208 4065 neque
3242 4004 3360 4060 est,
3406 4011 3589 4065 neque

2001 4098 2144 4154 erit:
2188 4108 2295 4149 non
2341 4076 2486 4147 enim
2518 4077 2644 4146 talis
2690 4090 2925 4157 alicujus
2960 4084 3122 4144 Pater
3172 4088 3295 4144 eSsc
3340 4076 3617 4144 creditus

2001 4196 2118 4253 est,
2152 4200 2263 4255 quo
2297 4184 2415 4239 sine
2449 4182 2596 4251 pium
2629 4190 2714 4235 est
2746 4181 2799 4233 in
2853 4180 3034 4257 seipso
3086 4179 3306 4248 aliquan
3331 4181 3383 4231 lo
3417 4180 3583 4232 Deum

2001 4294 2124 4334 esse
2153 4276 2354 4332 dicere.
2410 4264 2545 4327 Vile
2586 4272 2729 4325 enim
2775 4280 2857 4325 est
2911 4281 3080 4337 pater,
3118 4262 3211 4339 qui
3260 4277 3344 4324 est
3399 4268 3585 4332 Pater,

2002 4352 2358 4435 veritatisque
2385 4372 2439 4420 et
2471 4363 2783 4433 sapientiae,
2817 4352 2874 4417 et
2901 4352 3039 4414 locis
3089 4371 3145 4415 et
3190 4359 3581 4415 sanctiﬁcatio-

2001 4460 2087 4514 nis
2129 4469 2185 4514 et
2228 4440 2485 4518 virtutis,
2528 4454 2886 4522 omniumque
2928 4451 3199 4519 ejusmodi
3228 4468 3348 4522 qua:
3383 4449 3583 4521 Uuige-

2001 4553 2150 4607 nitus
2178 4556 2264 4605 est
2293 4550 2347 4604 et
2378 4547 2713 4601 nominatur.
2746 4545 2882 4598 Cum
2918 4542 3085 4614 igitur
3125 4546 3193 4598 ab
3239 4544 3577 4599 adversariis

331 4634 432 4705 τῆς
449 4635 591 4708 ζωῆς
612 4636 703 4690 καὶ
730 4637 828 4707 τῆς
843 4636 1099 4708 ἀληθείας
1121 4640 1214 4691 καὶ
1237 4643 1336 4709 τῆς
1355 4639 1652 4712 δυνάμεως,
1676 4645 1894 4701 καὶτῶν

2002 4641 2271 4701 astruitur
2298 4641 2474 4695 lucem
2511 4653 2623 4694 non
2654 4635 2950 4709 aliquando
2974 4636 3142 4692 fuisse
3169 4654 3184 4691 :
3213 4636 3396 4690 nescio
3422 4635 3582 4703 cujus

333 4725 509 4779 ἄλλων
538 4729 751 4780 πάντων
776 4728 874 4781 ὅσα
895 4727 986 4781 τὸν
1017 4729 1276 4800 πατρικὸν
1298 4730 1497 4801 πληροῖ
1524 4733 1720 4788 κόλπον
1740 4737 1769 4789 ὁ
1791 4737 1897 4790 Μο-

331 4814 572 4885 νογενὴς,
608 4817 665 4868 ὲν
696 4815 775 4886 τῷ
805 4816 919 4887 ἰδίῳ
968 4816 1293 4888 πληρώματι
1321 4819 1388 4872 τὰ
1422 4822 1599 4875 πάντα
1625 4822 1718 4876 ῶν.
1773 4825 1892 4897 Ἴση

330 4908 440 4979 γὰρ
464 4908 582 4962 καθ’
611 4910 867 4981 ἑκάτερόν
893 4911 1038 4963 ἐστιν
1063 4912 1095 4982 ή
1127 4911 1342 4971 ἀτοπία.
1383 4914 1477 4966 καὶ
1501 4914 1600 4985 τῆς
1633 4916 1772 4971 κατά
1798 4917 1893 4970 τοῦ

332 4997 465 5052 Υίοῦ
512 4997 859 5069 βλασφημίας
904 5000 1227 5071 ἀντίρῤοπος
1278 5004 1310 5072 ἡ
1357 5003 1499 5057 κατὰ
1542 5006 1635 5059 τοῦ
1685 5008 1896 5079 Πατρός

330 5090 479 5142 ἐστιν
525 5089 764 5144 ἀσέϐεια.
844 5091 931 5143 Ἐν
974 5091 1082 5162 γὰρ
1118 5090 1194 5162 τῷ
1241 5093 1412 5145 εἰπεῖν
1450 5112 1581 5148 ποτε
1634 5096 1707 5169 μὴ
1759 5094 1895 5152 εἶναι

328 5181 423 5235 τὸν
461 5180 682 5252 Κύριον,
714 5181 811 5252 οὐχ
842 5182 1026 5246 ἁπλῶς
1053 5182 1243 5247 δώσεις
1270 5183 1362 5237 τοῦ
1401 5185 1475 5256 μὴ
1509 5183 1644 5240 εἶναι
1672 5188 1769 5259 τήν
1809 5190 1899 5243 δύ-

330 5290 515 5344 ναμιν,
560 5274 696 5328 ἀλλά
729 5274 822 5327 τοῦ
849 5275 984 5328 Θεοῦ
1030 5274 1103 5347 μὴ
1147 5271 1283 5329 εἶναι
1309 5276 1482 5344 λέξεις
1507 5278 1606 5351 τὴν
1648 5280 1894 5352 δύναμιν,

330 5362 426 5417 τοῦ
455 5363 664 5435 Πατρός
698 5365 797 5435 τῆς
829 5364 1128 5434 δυνάμεως.
1185 5365 1392 5419 Οὐκοῦν
1420 5369 1452 5437 ή
1503 5366 1596 5420 τοῦ
1647 5370 1721 5439 μὴ
1758 5366 1897 5425 εἷναί

332 5472 463 5510 ποτε
493 5455 586 5508 τὸν
620 5456 750 5509 Υἱὸν
788 5456 875 5509 διά
923 5454 1016 5509 τοῦ
1048 5455 1142 5509 σοῦ
1169 5455 1327 5524 λόγου
1359 5461 1696 5530 κατασκευὴ,
1743 5461 1894 5514 οὐδὲν

331 5545 459 5601 ἄλλο
486 5546 519 5617 ἢ
549 5546 750 5610 παντὸς
782 5545 988 5615 ἀγαθοῦ
1016 5547 1247 5617 ἐρημίαν
1284 5549 1412 5619 περὶ
1440 5548 1530 5603 τὸν
1559 5550 1775 5622 Πατέρα
1797 5569 1897 5607 κα-

330 5637 677 5702 τασκευάζει.
711 5637 852 5708 Ὅρα
880 5637 965 5701 τίς
994 5637 1129 5708 πρὸς
1160 5639 1258 5692 ὅτι
1288 5640 1649 5711 καταστρέφει
1667 5642 1774 5695 τῶν
1805 5661 1895 5698 σο-

331 5727 447 5798 φῶν
475 5731 510 5800 ὴ
530 5729 797 5801 ἀγχίνοια.
832 5730 955 5794 Πῶς
984 5730 1235 5802 ἀληθεύει
1268 5733 1360 5786 καὶ
1382 5732 1470 5787 διὰ
1507 5733 1707 5790 τούτων
1737 5737 1770 5807 ή
1800 5736 1894 5791 τοῦ

331 5820 541 5893 Κυρίου
573 5820 746 5892 φωνὴ,
778 5820 814 5892 ἦ
848 5837 1030 5891 φησιν,
1069 5823 1149 5875 ὅτι
1203 5822 1257 5875 '0
1288 5821 1513 5878 ἀθετῶν
1551 5825 1674 5895 ἐμὲ,
1704 5827 1903 5882 ἀθετεῖ

333 5912 442 5968 τὸν
466 5912 908 5968 ἀποστείλαντά
929 5930 1027 5984 με’
1059 5912 1123 5966 δι’
1153 5907 1228 5968 ὧν
1260 5914 1366 5985 γὰρ
1391 5914 1449 5967 τὸ
1474 5915 1611 5970 εἷναί
1641 5935 1768 5971 ποτε
1799 5920 1892 5972 τοῦ

1998 4734 2173 4803 major
2199 4740 2285 4787 est
2311 4730 2550 4794 mulcta,
2585 4737 2767 4784 utrum
2820 4728 2992 4799 ipsius
3039 4728 3177 4783 lucis
3232 4728 3451 4797 quando
3492 4729 3583 4783 lux

1999 4802 2109 4880 non
2140 4818 2290 4885 erat.
2327 4822 2395 4875 an
2421 4820 2692 4883 habentis,
2714 4834 2839 4873 cum
2888 4802 3062 4872 lucem
3109 4833 3216 4871 non
3264 4819 3444 4874 habz-t.
3491 4818 3583 4872 Sic

1996 4922 2054 4971 et
2085 4914 2153 4970 de
2186 4913 2300 4989 vita
2330 4920 2384 4966 et
2414 4909 2483 4965 de
2530 4911 2768 4973 virtute,
2818 4910 3050 4980 aliisque
3091 4911 3347 4965 omnibus
3381 4911 3581 4981 quibus

1999 4996 2283 5079 paternum
2331 5003 2511 5059 sinum
2553 5000 2880 5072 Unigenitus
2918 5001 3137 5072 implet,
3194 5002 3288 5073 qui
3342 5002 3396 5056 in
3453 5019 3582 5069 pro-

2001 5099 2120 5171 pria
2154 5095 2490 5169 plenitudine
2521 5103 2608 5150 est
2633 5095 2817 5148 omnia
2849 5111 2865 5161 ;
2897 5094 3127 5163 aequalis
3153 5094 3299 5149 enim
3335 5094 3389 5148 iu
3423 5104 3580 5149 utro-

2000 5207 2107 5263 que
2135 5198 2220 5246 est
2265 5187 2610 5248 absurditas,
2661 5194 2828 5256 atque
2883 5188 2936 5241 in
2979 5184 3177 5241 Filium
3227 5187 3583 5256 blasphemiae

1999 5282 2303 5354 aequilibris
2333 5287 2418 5336 est
2458 5279 2724 5334 adversus
2763 5276 2982 5332 Patrem
3029 5279 3302 5348 impietas.
3337 5278 3582 5334 Dicendo

1997 5374 2144 5429 enim
2168 5369 2463 5443 aliquando
2485 5386 2593 5425 non
2621 5385 2744 5426 esse
2766 5369 3055 5434 Dominum
3075 5413 3088 5435 ,
3116 5386 3226 5425 non
3258 5371 3583 5442 simpliciter

1998 5466 2155 5521 dabis
2185 5480 2295 5519 non
2321 5478 2444 5519 esse
2466 5461 2763 5541 potentiam
2786 5501 2802 5525 ,
2840 5460 2934 5517 sed
2969 5460 3063 5516 Dei
3096 5478 3204 5516 non
3234 5464 3357 5517 esse
3386 5472 3581 5531 poten—

2002 5558 2133 5612 tiam
2163 5557 2348 5619 dices,
2396 5553 2580 5609 Patris
2611 5548 2886 5624 poteutiae.
2922 5553 3092 5624 Igitur
3123 5571 3221 5625 per
3260 5564 3406 5609 tuam
3453 5569 3580 5608 ora-

1999 5636 2207 5704 tionem
2235 5646 2504 5712 assertio,
2536 5644 2681 5716 quod
2710 5645 3007 5715 aliquando
3042 5660 3150 5699 non
3186 5646 3349 5700 fuerit
3378 5643 3520 5700 Filiu
3557 5688 3574 5711 ,

1998 5739 2137 5795 nihil
2165 5738 2313 5794 aliud
2345 5753 2508 5809 quam
2536 5737 2713 5791 omnis
2740 5736 2866 5791 boui
2899 5735 3248 5792 solitudinem
3272 5776 3287 5800 ,
3323 5734 3441 5792 sive
3472 5737 3573 5792 de-

2002 5831 2295 5887 sertionem
2347 5829 2401 5884 in
2448 5827 2610 5883 Patre
2656 5827 2944 5884 construit.
2981 5825 3115 5883 Vide
3148 5843 3308 5899 quem
3362 5829 3569 5885 exitum

2001 5923 2161 5980 habet
2190 5921 2512 5994 sapientium
2547 5920 2794 5990 solertia,
2823 5920 3096 5992 quomodo
3120 5937 3308 5978 verum
3341 5920 3477 5979 dicit
3503 5923 3573 5978 de
