4138 6364
507 458 614 516 595

1725 453 1785 510 S.
1838 451 2168 511 GBEGOR“
2200 449 2501 506 NYSSENI

3657 445 3769 504 596

507 577 596 632 his
627 589 731 631 vox
763 574 980 631 Domini
1013 589 1134 645 qua:
1166 573 1276 640 ait,
1309 573 1416 640 Qui
1451 589 1530 628 me
1564 573 1797 641 spernit,
1835 589 1953 625 eum
1992 576 2086 639 qui

2201 567 2519 636 πονογενοῦς
2572 564 2854 628 ἀθετοῦσι,
2904 565 2993 619 διὰ
3037 565 3241 620 τούτων
3306 561 3630 636 ἀτιμάζουσι
3669 563 3763 617 τὸν

509 685 594 722 me
639 667 785 720 misit
834 668 1034 735 spernit
1065 666 1286 735 “'zper
1309 680 1430 734 quae
1467 664 1612 718 enim
1665 663 1936 732 Unigt-niti
1966 679 2090 716 esse

511 757 810 827 aliquando
839 765 1228 826 aspernantur,
1257 755 1471 810 Patrem
1506 757 1683 824 ipsum
1710 754 2043 808 dedecorant
2072 773 2086 807 :

511 861 675 900 omne
698 845 900 899 bonum
919 860 1116 898 nomen
1137 853 1191 899 et
1216 845 1491 898 notionem
1516 853 1757 913 paterna:
1773 843 1957 912 gloriae
1987 843 2088 896 ltoc

513 951 769 992 sermone
802 936 1201 1006 deprtedantes.

585 1027 663 1082 Ex
697 1027 784 1082 his
813 1029 980 1099 igitur
1011 1044 1133 1098 qua:
1161 1027 1307 1082 dicta
1343 1037 1506 1090 sunt,
1539 1026 1821 1080 evidenter
1856 1026 2092 1095 scripto-

513 1121 591 1174 ris
654 1119 926 1174 imbecilla
978 1129 1032 1174 et
1079 1119 1334 1189 languida
1391 1118 1705 1187 malignitas
1754 1116 2091 1185 deprehensa

515 1214 637 1262 est:
671 1211 763 1276 qui
799 1213 928 1264 dum
965 1222 1213 1268 astruere
1245 1223 1478 1266 conatur
1507 1212 1765 1267 essentize
1803 1209 2082 1280 Unigeniti

515 1299 889 1354 diversitatem
924 1314 954 1352 a
989 1310 1212 1368 paterna
1241 1305 1478 1358 essentia
1500 1343 1517 1365 ,
1547 1320 1613 1357 ex
1659 1319 1725 1358 eo
1768 1304 1914 1372 quod
1949 1304 2091 1354 hanc

514 1391 735 1460 quidem
784 1391 1117 1459 ingenitam,
1169 1391 1316 1444 illam
1359 1407 1490 1444 vero
1533 1396 1772 1460 genitam
1816 1394 2092 1460 nominet,

517 1481 620 1534 sibi
653 1482 1033 1536 contradicere
1061 1481 1430 1551 redarguitur,
1477 1480 1656 1536 futilis.
1679 1493 1732 1536 et
1767 1497 1946 1538 vanus
1976 1486 2092 1538 bla-

519 1581 670 1637 tero,
705 1574 795 1642 qui
830 1574 996 1644 ﬁngat
1026 1573 1172 1644 quod
1202 1589 1324 1628 esse
1353 1574 1504 1628 nullo
1536 1574 1698 1627 modo
1729 1575 1926 1644 possit.
1951 1572 2086 1626 Nam

515 1679 580 1716 ex
611 1665 730 1733 ejus
761 1667 938 1720 verbis
965 1665 1397 1721 demonstratum
1437 1675 1549 1730 est,
1598 1668 1832 1736 primum
1867 1667 2086 1737 quidem

517 1756 663 1809 aliud
695 1771 820 1811 esse
864 1757 1156 1816 essentiae.
1198 1757 1345 1811 aliud
1392 1773 1523 1812 vero
1569 1759 1941 1826 generationis
1987 1773 2089 1812 no-

517 1863 662 1902 men.
695 1848 897 1903 Deinde
924 1849 1066 1919 quod
1110 1863 1218 1902 non
1251 1850 1430 1918 aliqua
1465 1864 1604 1902 nova
1635 1850 1872 1904 essentia
1902 1857 1957 1903 ct
1995 1865 2088 1905 se-

2192 660 2408 730 Πατέρα
2434 675 2447 690 ο
2475 661 2582 712 πᾶν
2607 659 2808 726 ἀγαθὸν
2836 659 3005 727 ὄνομά
3025 677 3082 712 τε
3103 661 3196 712 καὶ
3218 659 3414 729 νόημα,
3437 657 3537 727 τῆς
3564 673 3727 726 πατρι

2191 754 2293 822 κῆς
2323 751 2479 822 δόξης
2501 749 2576 820 τῷ
2597 750 2741 822 λόγῳ
2766 767 2833 803 πε
2842 750 3246 820 ρισυλήσαντες.

2262 1010 2470 1063 Οὐκοῦν
2489 1010 2735 1081 ἐναργῶς
2761 1011 3077 1084 πεφώραται
3100 1010 3187 1065 διὰ
3214 1011 3321 1064 τῶν
3343 1011 3642 1082 εἰρημένων
3662 1011 3760 1065 τοῦ

2191 1100 2526 1170 λογογράφου
2553 1104 2585 1172 ἡ
2613 1103 2796 1156 ἀτονία
2819 1105 2916 1172 τῆς
2943 1104 3294 1174 κακουργίας,
3331 1104 3390 1168 ὃς
3426 1106 3764 1157 κατασκευάο

2193 1191 2307 1254 ζειν
2339 1191 2628 1265 ἐπιχειρῶν
2656 1193 2752 1264 τὴν
2789 1194 2886 1264 τῆς
2913 1195 3098 1258 οὐσίας
3124 1194 3217 1247 τοῦ
3257 1195 3592 1261 Μονογενοῦς
3623 1197 3762 1266 πρὸς

2191 1280 2289 1351 τὴν
2313 1281 2631 1353 τοῦπατρὸς
2652 1284 2984 1338 ἐναντίωσιν
3014 1287 3100 1340 διὰ
3118 1286 3211 1338 τοῦ
3232 1286 3329 1357 τὴν
3351 1288 3448 1356 μὲν
3468 1287 3761 1356 ἀγέννητον

2190 1371 2288 1442 τὴν
2315 1371 2370 1424 δὲ
2397 1374 2656 1444 γεννητὴν
2683 1377 2984 1446 ὀνομάζειν,
3033 1376 3350 1447 ἀπηλέγχθη
3382 1379 3493 1440 τοῖς
3523 1377 3762 1430 ἀσυστά-

2190 1481 2302 1527 τοις
2333 1466 2740 1535 ἐμματαιάζων.
2787 1468 3024 1538 Ἐδείχθη
3059 1469 3166 1540 γάρ
3187 1469 3276 1522 διὰ
3309 1469 3416 1522 τῶν
3442 1471 3572 1537 παρ’
3593 1467 3759 1523 αὑτοῦ

2191 1552 2397 1620 λόγων,
2439 1555 2652 1626 πρῶτον
2682 1557 2780 1626 μὲν
2820 1559 3001 1629 ἕτερον
3022 1553 3158 1612 εἶναι
3201 1561 3260 1614 τὸ
3298 1560 3396 1630 τῆς
3424 1559 3628 1623 οὐσίας,
3663 1561 3762 1614 καὶ

2191 1645 2316 1696 ἄλλο
2339 1645 2438 1714 τῆς
2463 1649 2766 1721 γεννήσεως
2803 1649 2973 1719 ὄνομα
2997 1665 3009 1678 ·
3057 1650 3247 1704 ἔπειτα
3277 1651 3332 1704 δὲ
3365 1652 3446 1704 ὅτι
3479 1652 3578 1704 οὐκ
3603 1652 3760 1704 οὐσία

2187 1751 2272 1797 τις
2301 1737 2458 1807 καινὴ
2501 1739 2593 1791 καὶ
2641 1739 3065 1811 παρηλλαγμένη
3112 1743 3262 1812 παρὰ
3302 1741 3400 1812 τὴν
3428 1742 3520 1795 τοῦ
3548 1742 3762 1813 Πατρὸς

2190 1825 2377 1879 οὐσίαν
2408 1827 2484 1898 τῷ
2509 1829 2619 1900 Υἱῷ
2641 1831 2868 1902 ὑπέστη.
2929 1832 3067 1884 Ἀλλ’
3089 1833 3226 1903 ὅπερ
3260 1835 3409 1888 ἐστὶν
3441 1837 3469 1887 ὁ
3496 1835 3680 1905 Πατὴρ
3702 1835 3769 1886 ἐν,

517 1949 706 2008 parata
736 1941 804 1995 ab
832 1957 894 1996 ea
922 1915 1044 2012 qua»
1083 1942 1259 1996 Patris
1285 1915 1402 2006 est,
1432 1941 1572 1997 Filio
1612 1943 1772 1996 inest.
1804 1943 1910 1997 Sed
1943 1943 2088 2013 quod

2201 1915 2270 1985 τῷ
2301 1916 2442 1987 λόγῳ
2481 1918 2581 1988 τῆς
2615 1922 2846 1988 φύσεως,
2889 1922 3048 1976 τοῦτο
3078 1925 3171 1978 καὶ
3199 1925 3228 1976 ὀ
3269 1923 3328 1986 ἐξ
3357 1923 3563 1976 ἐκείνου
3588 1925 3764 1982 ἐστὶν,

516 2028 679 2085 Pater
709 2041 792 2088 est
824 2034 876 2086 in
908 2034 1120 2087 ratione
1150 2041 1390 2100 naturae,
1424 2033 1528 2088 hoc
1561 2036 1724 2089 etiam
1760 2043 1846 2089 est
1873 2035 1963 2089 ille
1993 2035 2090 2102 qui

518 2139 584 2176 ex
611 2123 702 2176 illo
736 2125 981 2186 exsistit,
1008 2140 1130 2178 cum
1157 2133 1350 2178 natura
1377 2123 1431 2178 in
1456 2124 1822 2179 diversitatem
1846 2140 1954 2179 non
1978 2141 2094 2178 mu-

517 2223 663 2268 tetur
685 2214 738 2267 in
767 2213 887 2268 Filii
911 2231 1167 2285 persona,
1192 2215 1494 2270 secundum
1521 2225 1646 2270 ante
1665 2214 2089 2269 demonstratam

519 2303 680 2359 nobis
729 2306 996 2359 sermonis
1043 2305 1350 2358 veritatem.
1399 2304 1456 2358 in
1503 2305 1689 2359 Abelis
1734 2305 2091 2359 subsistentia

520 2401 730 2446 natura!
757 2391 1117 2447 differentiam
1154 2408 1262 2446 non
1299 2393 1426 2446 fecit
1461 2413 1473 2447 :
1512 2394 1591 2448 sic
1631 2394 1792 2447 etiam
1825 2393 1878 2446 in
1915 2396 2095 2446 incor-

521 2482 875 2554 ruptibilibus
925 2483 1162 2538 decretis
1208 2483 1342 2536 nihil
1381 2483 1436 2536 in
1480 2483 1663 2552 scipso
1696 2499 1791 2553 per
1821 2483 2091 2553 propriam

517 2572 924 2643 generationem
954 2569 1280 2640 Unigenitus
1303 2572 1446 2626 Deus
1473 2573 1764 2627 essentiam
1793 2588 1897 2626 non
1929 2574 2093 2641 geniti

520 2661 863 2723 imtnutavit,
888 2675 953 2715 ex
981 2659 1143 2715 Patre
1167 2663 1258 2730 qui
1289 2662 1486 2718 exivit.
1513 2668 1566 2715 et
1595 2662 1687 2730 qui
1713 2669 1798 2715 cst
1828 2663 1880 2715 in
1913 2660 2093 2725 Patre,

521 2754 664 2806 sicut
698 2753 1050 2823 Evangelium
1091 2754 1248 2809 dicit.
1287 2752 1393 2808 Sed
1424 2763 1508 2828 est
1551 2756 1850 2809 secundum
1887 2755 2098 2823 simpli-

519 2859 637 2899 cem
667 2852 721 2898 et
753 2844 1032 2915 proprium
1064 2843 1185 2898 ﬁdei
1217 2853 1416 2898 nostra:
1442 2860 1746 2899 sermonem
1769 2885 1782 2903 .
1816 2844 1996 2896 lumen
2031 2844 2097 2897 de

522 2935 764 2998 lumine,
807 2935 951 2991 Deus
979 2951 1142 2990 verus
1174 2936 1241 2990 de
1287 2935 1398 2990 Deo
1440 2951 1602 2999 vero,
1645 2937 1829 2988 omnia
1875 2935 1971 3020 \hic
2013 2941 2097 2988 est

523 3043 868 3098 quaecunque
897 3035 981 3082 est
1008 3027 1099 3082 ille
1119 3067 1134 3091 ,
1163 3043 1228 3082 eo
1255 3036 1482 3097 excepto
1508 3028 1654 3097 quod
1685 3028 1774 3082 ille
1801 3035 1883 3081 est
1911 3025 2094 3080 Pater.

524 3122 762 3192 Scopum
792 3127 972 3176 autem
1008 3121 1168 3190 cuius
1195 3136 1363 3175 causa
1395 3120 1508 3174 hare
1533 3118 1824 3172 artiﬁciose
1854 3126 2096 3173 tractans

523 3211 888 3284 persequitur,
911 3227 1023 3268 non
1053 3213 1289 3266 arbitror
1320 3218 1573 3280 Oportere
1601 3210 2092 3278 impraesentiarum

523 3305 726 3359 dicere.
756 3301 882 3358 Sive
911 3304 1088 3357 audax
1110 3312 1165 3358 et
1188 3303 1554 3373 periculosum
1577 3341 1590 3365 ,
1621 3302 1737 3355 sive
1767 3315 2094 3355 concessum

523 3404 609 3452 est
636 3404 689 3451 et
719 3395 964 3466 periculo
994 3405 1181 3460 vacat,
1217 3395 1451 3466 ﬁgurare
1484 3410 1551 3448 ex
1580 3394 1762 3462 aliquo
1792 3394 1856 3446 ad
1890 3392 2096 3460 aliquid

527 3488 582 3540 in
611 3486 794 3540 divina
814 3496 1011 3541 natura
1035 3486 1423 3557 signiﬁcativas
1445 3485 1712 3540 dictiones
1733 3524 1749 3548 ,
1771 3492 1826 3540 et
1856 3483 2100 3554 γέννημα

527 3578 908 3648 (progeniem)
938 3577 1124 3633 dicere
1148 3593 1272 3632 eum
1305 3577 1400 3648 qui
1429 3577 1644 3647 genitus
1673 3583 1777 3632 est.

599 3667 724 3723 Haec
768 3678 1072 3739 prtetereo,
1119 3683 1187 3724 ne
1230 3669 1358 3724 dum
1410 3683 1576 3738 super
1626 3667 1836 3721 minora
1883 3675 2101 3739 certans

528 3767 729 3830 praeter
764 3759 1020 3814 decorum
1054 3774 1235 3814 sermo
1270 3766 1456 3813 noster
1485 3766 1806 3827 occupatur,
1837 3758 1983 3827 quod
2004 3737 2102 3813 ἐει

528 3851 709 3920 majus
733 3852 987 3922 negligat.
1014 3851 1118 3905 Sed
1150 3850 1282 3904 illud
1311 3850 1434 3904 d'ico
1457 3857 1710 3904 accurate
1736 3858 1789 3909 et
1813 3848 2105 3918 diligenter

529 3943 970 4013 cognoscendum
999 3957 1123 3998 esse
1148 3949 1203 3996 et
1229 3941 1630 3997 discutiendum
1654 3981 1668 4003 ,
1697 3951 1878 3995 utrum
1906 3956 2104 3995 secun—

529 4035 659 4088 dum
687 4043 936 4088 naturam
963 4033 1155 4088 relatio
1177 4033 1371 4087 horum
1401 4032 1575 4086 induit
1601 4033 1881 4086 nominum
1906 4046 2098 4086 usum:

522 4129 630 4184 hoc
663 4127 808 4181 enim
838 4126 927 4180 ille
962 4141 1192 4196 prorsus
1218 4126 1292 4178 ait
1313 4167 1327 4186 ,
1360 4125 1502 4194 quod
1527 4140 1650 4178 cum
1680 4125 2102 4194 appellationum

531 4219 862 4288 proprietate
879 4219 1086 4287 pariter
1108 4217 1160 4271 id
1193 4217 1336 4286 quod
1365 4225 1449 4272 est
1479 4217 1780 4273 secundum
1806 4216 2100 4271 essentiam

531 4309 830 4364 inducitur.
855 4306 975 4362 Non
1003 4308 1148 4361 enim
1183 4307 1235 4360 in
1263 4307 1459 4376 seipsis
1491 4305 1636 4359 nuda
1665 4307 1885 4360 nomina
1907 4306 1974 4357 ab
2000 4318 2106 4356 em-

531 4402 690 4472 phasi
719 4400 1149 4472 signiﬁcatorum
1182 4397 1488 4469 disjuncta',
1521 4397 1839 4453 relationem
1874 4396 2014 4450 inter
2045 4411 2104 4449 se

534 4492 734 4547 habere
763 4489 1000 4560 aliquam
1031 4497 1085 4544 et
1115 4488 1542 4543 familiaritatem
1573 4489 1696 4558 quis
1729 4487 1929 4541 dixerit
1962 4505 1974 4538 :
2009 4485 2102 4540 sed

2190 2010 2250 2061 οὐ
2281 2010 2707 2083 μεταϐληθείσης
2735 2016 2814 2078 εἰς
2841 2016 3130 2086 ἑτερότητα
3160 2019 3218 2070 έν
3242 2020 3306 2086 τῇ
3330 2017 3424 2069 τοῦ
3461 2016 3590 2069 Υὶοῦ
3628 2017 3762 2069 ὑπο-

2193 2105 2377 2158 στάσει
2407 2107 2504 2175 τῆς
2529 2106 2759 2175 φύσεως,
2787 2108 2929 2162 κατὰ
2948 2111 3046 2181 τὴν
3074 2109 3479 2180 προδειχθεῖσαν
3508 2113 3638 2180 ἡμῖν
3668 2110 3770 2163 τοῦ.

2191 2195 2347 2265 λόγου
2376 2199 2649 2268 ἀλήθειαν.
2706 2202 2827 2253 Ἐπὶ
2858 2203 2956 2272 τῆς
2986 2202 3079 2254 τοῦ
3127 2202 3280 2255 Ἀϐὲλ
3318 2203 3505 2264 οὐσίας
3537 2203 3636 2270 τὴν
3665 2203 3766 2270 τῆς

2194 2289 2406 2357 φύσεως
2426 2292 2774 2364 παραλλαγὴν
2799 2295 2896 2347 οὐκ
2920 2295 3174 2364 ἐποίησεν
3198 2311 3209 2323 ·
3237 2294 3409 2357 οὕτως
3431 2296 3525 2348 καὶ
3547 2295 3637 2346 ἐπὶ
3657 2292 3774 2346 τῶν

2192 2382 2481 2452 ἀκηράτων
2505 2384 2809 2453 δογμάτων,
2839 2387 2988 2440 οὐδὲν
3033 2389 3090 2440 ὲν
3133 2387 3308 2456 ἑαυτῷ
3347 2387 3434 2440 διὰ
3483 2387 3580 2456 τῆς
3627 2386 3772 2447 ἰδίας.

2193 2473 2515 2543 γεννήσεως.
2545 2475 2641 2544 τὴν
2659 2474 2752 2527 τοῦ
2782 2475 2856 2546 μὴ
2883 2478 3232 2546 γεννηθέντος
3262 2477 3446 2530 οὐσίαν
3472 2475 3772 2545 ὴλλοίωσεν

2194 2564 2222 2615 ὁ
2259 2565 2567 2635 Μονογενὴς
2599 2565 2748 2628 Θεὸς,
2791 2568 2852 2618 ἐκ
2877 2566 2968 2619 τοῦ
2997 2568 3209 2638 Πατρὸς
3235 2565 3464 2633 ἐξελθὼν
3486 2567 3579 2620 καὶ¹
3601 2567 3656 2618 ἐν
3685 2565 3770 2634 τῷ

2196 2655 2368 2724 Πατρὶ
2391 2653 2485 2711 ῶν.
2512 2655 2692 2718 καθὼς
2711 2657 2769 2710 τὸ
2789 2657 3112 2725 Εὐαγγέλιον
3137 2658 3303 2726 λέγει.
3336 2657 3470 2710 Ἀλλ’
3491 2658 3604 2709 ἔστι
3624 2657 3776 2711 κατὰ.

2196 2747 2286 2798 τὸν
2314 2747 2516 2799 ἁπλοῦν
2540 2765 2598 2800 τε
2643 2749 2738 2802 καὶ
2774 2748 3036 2802 ἰδιωτικὸν
3058 2749 3158 2818 τῆς
3186 2749 3311 2802 καθ’
3355 2750 3500 2820 ἡμᾶς
3533 2749 3768 2809 πίστεως

2196 2838 2368 2903 λόγον.
2396 2838 2508 2907 φῶς
2540 2839 2604 2891 ἐκ
2639 2838 2834 2905 φωτὸς,
2863 2839 2996 2902 Θεὸς
3020 2839 3270 2908 ἀληθινὸς
3315 2840 3378 2892 ὲκ
3407 2837 3541 2890 Θεοῦ
3575 2837 3768 2906 ἀληθι-

2196 2925 2310 2988 νοῦ,
2332 2927 2508 2980 πάντα
2533 2928 2609 2980 ῶν
2637 2921 2792 2991 οὗτος
2818 2929 2917 2982 ὅσα
2938 2929 3082 2982 ἐστὶν
3098 2931 3324 2992 ἐκεῖνος,
3353 2928 3489 2998 πλὴν
3515 2927 3607 2981 τοῦ
3628 2927 3772 2980 ἐκεῖ-

2197 3034 2284 3080 νος
2313 3013 2451 3070 εἶναι
2477 3013 2683 3086 Πατήρ.
2705 3015 2806 3069 Τὸν
2822 3015 2879 3070 δὲ
2899 3019 3098 3073 σκοπὸν
3129 3013 3188 3073 οὗ
3214 3021 3370 3090 χάριν
3390 3020 3559 3074 ταῦτα
3586 3035 3771 3089 τεχνο-

2197 3108 2371 3176 λογῶν
2403 3107 2758 3178 διεξέρχεται,
2804 3109 2954 3162 οὐδὲν
2985 3107 3136 3181 οἶμαι
3179 3111 3289 3164 δεῖν
3332 3114 3388 3165 ἐν
3436 3110 3512 3180 τῷ
3540 3110 3777 3180 παρόντε

2198 3198 2394 3266 λέγειν.
2446 3197 2570 3249 Εἴτε
2598 3198 2868 3269 τολμηρόν
2895 3216 2953 3251 τε
2985 3201 3078 3252 καὶ
3110 3200 3444 3264 κινδυνῶδες,
3481 3201 3590 3252 εἴτε
3635 3217 3768 3266 συγ-

2200 3287 2578 3358 κεχωρημένον
2616 3288 2733 3339 ἐστὶ
2786 3288 2881 3341 καὶ
2925 3289 3202 3342 ἀκίνδυνον
3242 3290 3301 3342 τὸ
3348 3289 3772 3360 παρασχηματί-

2199 3378 2311 3442 ζειν
2357 3379 2418 3430 ἐκ
2450 3395 2592 3440 τινος
2626 3379 2703 3441 είς
2751 3397 2801 3431 τι
2837 3379 2933 3443 τὰς
2979 3381 3313 3450 σημαντικὰς
3354 3382 3447 3434 ἐπὶ
3484 3382 3583 3450 τῆς
3617 3378 3771 3443 θείας

2199 3469 2412 3536 φύσεως
2436 3467 2628 3533 λέξεις,
2657 3467 2749 3520 καὶ
2779 3467 3025 3538 γέννημα
3049 3468 3224 3538 λέγειν
3247 3469 3337 3523 τὸν
3366 3469 3710 3540 γεννηθέντα.

2285 3649 2532 3719 Παρίημι
2570 3645 2761 3710 ταῦτα,
2805 3646 2884 3710 ὡς
2952 3646 3016 3699 ἂν
3033 3644 3106 3716 μὴ
3132 3647 3198 3716 τῇ
3226 3645 3361 3715 πρὸς
3379 3644 3448 3697 τά
3467 3644 3772 3714 μικρότερα

2206 3741 2374 3811 μάχῃ,
2397 3741 2536 3810 πέρα
2558 3739 2650 3792 τοῦ
2680 3739 2887 3800 δέοντος
2912 3739 2941 3791 ὁ
2967 3737 3122 3805 λόγος
3141 3739 3271 3806 ἡμῖν
3292 3735 3777 3806 ἐνασχολούμενος,

2203 3831 2426 3901 άμελοίη
2472 3829 2566 3883 τοῦ
2599 3829 2858 3900 μείζονος.
2928 3828 3066 3882 Ἀλλ’
3095 3827 3270 3879 ἐκεῖνό
3303 3844 3445 3896 φημι
3467 3827 3576 3878 δεῖν
3606 3829 3767 3897 ἀκρι-

2204 3923 2312 3986 ϐῶς
2340 3922 2701 3991 κατανοῆσαι,
2737 3921 2784 3972 εί
2810 3921 2843 3991 ἡ
2873 3919 3014 3973 κατὰ
3045 3919 3204 3987 φύσιν
3239 3917 3418 3987 σχέσις
3449 3917 3773 3987 παρεισάγει

2202 4016 2308 4068 τῶν
2345 4015 2619 4084 ὀνομάτων
2662 4011 2864 4064 τούτων
2902 4011 3001 4080 τὴν
3025 4011 3220 4082 χρῆσιν
3240 4027 3254 4040 ·
3302 4008 3461 4061 τοῦτο
3491 4010 3597 4074 γὰρ
3627 4011 3768 4061 ἐκεῖ·

2202 4107 2290 4168 νὸς
2313 4121 2444 4174 φησι
2467 4105 2701 4165 πάντως,
2727 4103 2808 4154 ὅτι
2837 4102 2902 4171 τῇ
2924 4100 3030 4152 τῶν
3055 4098 3433 4171 προσηγοριῶν
3481 4099 3777 4171 οἰκειότητι

2205 4199 2297 4252 καὶ
2329 4197 2391 4250 τὸ
2423 4197 2540 4250 κατ’
2570 4195 2758 4248 οὐσίαν
2780 4195 2976 4247 οἰκεῖον
3007 4191 3533 4262 συμπαρεισάγεται.
3563 4191 3638 4243 Οὐ
3664 4189 3774 4260 γὰρ

2206 4293 2271 4345 ἂν
2300 4289 2384 4358 ἐφ’
2418 4286 2625 4341 ἑαυτῶν
2663 4285 2793 4354 ψιλὰ
2824 4283 2893 4338 τὰ
2926 4283 3161 4353 ὀνόματα
3191 4283 3286 4352 τῆς
3311 4282 3417 4335 τῶν
3443 4281 3776 4352 σημαινομέ-

2204 4398 2309 4433 νων
2340 4378 2628 4448 ὲμφάσεως
2664 4374 3045 4445 διεζευγμένα,
3091 4371 3270 4444 σχέσιν
3316 4372 3458 4443 ἔχειν
3487 4372 3607 4424 τινὰ
3638 4372 3782 4442 πρὸς

2205 4471 2404 4540 ἄλληλα
2435 4471 2528 4522 καὶ
2561 4467 2865 4536 οἰκειότητα
2903 4467 3122 4535 φήσειεν
3146 4479 3159 4493 ⁸
3203 4463 3313 4516 ἀλλ’
3361 4467 3418 4517 ὲν
3444 4466 3562 4526 ταῖς
3598 4481 3776 4532 σημα-

533 4582 588 4634 in
630 4581 697 4635 iis
728 4580 893 4655 rebus
926 4595 1048 4650 quae
1073 4596 1168 4646 per
1200 4580 1472 4634 dictiones
1516 4577 1914 4646 significantur,
1959 4577 2097 4646 quod

2215 4564 2355 4626 σίαις
2378 4563 2497 4623 ταῖς
2522 4560 2628 4613 ὑπὸ
2655 4559 2760 4613 τῶν
2791 4558 2984 4624 λέξεων
3011 4556 3386 4626 δηλουμέναις,
3417 4555 3475 4608 τὸ
3491 4555 3683 4608 οἰκεῖόν
3716 4572 3777 4622 τε

531 4683 616 4729 est
642 4672 910 4727 familiare
935 4684 987 4727 et
1015 4673 1250 4727 alienum
1276 4673 1329 4725 in
1357 4672 1810 4741 appellationibus
1835 4671 2106 4725 discerni-

535 4783 679 4822 mus.
718 4765 861 4834 ΕΙ·ςο
897 4765 943 4819 si
977 4765 1174 4820 Filium
1213 4765 1414 4819 habere
1449 4765 1750 4817 naturalem
1787 4764 2102 4817 relationem

534 4874 658 4912 cum
690 4855 850 4909 Patre
882 4856 1193 4919 conﬁtetur,
1229 4855 1436 4909 relictis
1472 4854 1960 4922 appellationibus,
1993 4853 2100 4906 vim

535 4964 658 5019 quae
693 4956 778 5002 est
813 4949 866 5000 in
915 4948 1237 5016 signiﬁcatis
1268 4947 1680 5009 dignoscamus.
1717 4944 1908 5000 Utrum
1955 4945 2102 5014 quod

536 5041 770 5094 alienum
807 5047 891 5092 cst
933 5039 1003 5093 ab
1045 5040 1280 5093 essentia
1323 5039 1378 5092 in
1429 5039 1836 5109 propinquitate
1877 5045 1931 5092 et
1981 5053 2108 5106 pro-

536 5129 766 5200 prietate
811 5129 1091 5182 nominum
1134 5130 1506 5198 cognoscitur,
1538 5145 1606 5183 an
1640 5130 1784 5198 quod
1817 5137 2108 5198 cognatum

537 5228 624 5276 est
653 5229 707 5274 et
741 5221 1041 5289 proprium.
1076 5219 1183 5274 Sed
1212 5219 1451 5273 alienum
1484 5219 1668 5274 dicere
1702 5218 2003 5272 manifesta!
2031 5225 2116 5272 est

540 5311 790 5367 insanize.
833 5309 1117 5375 Quomodo
1157 5311 1301 5365 enim
1334 5311 1460 5380 quis
1504 5318 1853 5364 externorum
1897 5317 1950 5363 et
1992 5324 2118 5363 cum

540 5403 743 5472 quibus
777 5401 925 5454 nulla
956 5409 1041 5455 est
1070 5402 1417 5464 communio,
1450 5403 1763 5470 contiguam
1798 5409 1852 5454 et
1885 5401 2108 5469 propin—

543 5507 704 5564 quam
736 5493 790 5547 in
824 5491 1136 5546 nominibus
1168 5502 1454 5548 conservet
1490 5493 1912 5557 ordinationem,
1989 5507 2106 5543 cum

542 5586 658 5652 ipsa
689 5585 865 5654 genita
896 5584 1125 5637 essentia
1164 5583 1350 5654 (sicut
1381 5583 1497 5655 ait)
1532 5595 1583 5637 et
1623 5582 1752 5636 Filii
1784 5581 2068 5652 appellatio
2092 5625 2105 5645 ,

545 5685 719 5730 tamen
743 5675 1011 5728 nominum
1031 5677 1361 5745 utproprt'am
1386 5675 1485 5731 sibi
1511 5675 1729 5729 vindicet
1747 5674 2048 5729 relationem
2070 5669 2093 5723 ἲ

621 5851 689 5884 ⁸⁸⁸
723 5849 852 5909 Luc.
907 5866 961 5918 ι,
993 5851 1056 5906 l6

2213 4657 2306 4708 καὶ
2332 4653 2606 4723 ἀλλότριον
2625 4651 2731 4704 τῶν
2756 4648 3130 4719 προσηγοριῶν
3151 4647 3508 4716 διακρίνομεν.
3545 4647 3776 4707 Οὐκοῦν,

2211 4750 2260 4801 εἰ
2308 4746 2539 4816 φυσικὴν
2570 4744 2711 4813 ἔχειν
2747 4743 2994 4812 ὁμολογεῖ
3028 4741 3207 4810 σχέσιν
3239 4741 3328 4792 τὸν
3358 4740 3481 4793 Υἱὸν
3522 4742 3651 4811 πρὲις
3685 4741 3778 4792 τὸν

2212 4839 2450 4909 Πατέρα,
2476 4835 2858 4897 καταλιπόντες
2893 4833 2991 4896 τὰς
3024 4833 3413 4904 προσηγορίας,
3443 4831 3539 4900 τὴν
3572 4833 3629 4883 ἐν
3665 4835 3780 4895 τοῖς

2213 4931 2627 5004 σημαινομένοις
2669 4930 3090 4997 κατανοήσωμεν
3129 4924 3375 4993 δύναμιν,
3444 4926 3676 4996 Πότερον
3719 4926 3784 4978 τὸ

2211 5025 2487 5094 ἀλλότριον
2524 5021 2624 5090 τῆς
2647 5019 2832 5081 οὐσίας
2871 5020 2934 5070 ἐν
2950 5017 3236 5085 οἰκειότητι
3266 5016 3684 5087 κατανοεῖται,ἣ
3718 5017 3778 5069 τὸ

2219 5114 2477 5184 συγγενές
2508 5130 2567 5164 τε
2593 5111 2686 5163 καὶ
2710 5110 2857 5162 ἴδιον.
2894 5107 3052 5160 Ἀλλὰ
3076 5107 3137 5160 τὸ
3162 5109 3257 5177 μὲν
3277 5107 3552 5177 ἀλλότριον
3583 5110 3778 5170 εἰπεῖν,

2222 5209 2457 5279 φανερᾶς
2493 5204 2684 5274 μανίας
2712 5201 2876 5254 ἐστίν.
2914 5199 3038 5263 Πῶς
3067 5201 3174 5270 γάρ
3195 5215 3275 5260 τις
3294 5197 3400 5249 τῶν
3422 5199 3585 5264 ξένων
3605 5215 3663 5250 τε
3685 5199 3780 5251 καὶ

2224 5299 2596 5368 άκοινωνήτων
2627 5294 2834 5363 συναφῆ
2863 5309 2921 5345 τε
2970 5293 3062 5346 καὶ
3103 5291 3304 5344 οἰκείαν
3335 5291 3391 5342 ἐν
3419 5294 3527 5351 τοῖς
3555 5290 3780 5358 ὀνόμασι

2214 5395 2464 5457 διασώζει
2502 5391 2672 5456 τάξιν,
2726 5388 2834 5455 τῆς
2877 5385 3266 5456 γεννηθεΙσης
3312 5381 3497 5447 αὐτῆς
3547 5383 3778 5446 οὐσίας.

2216 5487 2396 5550 καθώς
2423 5501 2583 5555 φησι,
2644 5479 2871 5544 καὶτῆς
2913 5477 3018 5532 τοῦ
3069 5476 3203 5530 Υἱοῦ
3241 5475 3640 5545 προσηγορίας
3669 5474 3783 5540 τὴν

2216 5579 2496 5642 τοιαύτην
2529 5574 2646 5627 τῶν
2671 5570 2974 5641 ὀνομάτων
3003 5568 3407 5636 οἰκειουμένης
3431 5566 3682 5634 σχέσιν;
3723 5566 3785 5621 Εἰ

2216 5669 2360 5727 δὲτὸ
2409 5669 2603 5722 οἰκεῖον
2647 5664 2731 5718 διὰ
2763 5662 2868 5716 τῶν
2911 5659 3286 5733 προσηγοριῶν
3335 5658 3535 5713 τούτων
3575 5660 3779 5726 ἀποση-
