4138 6364
312 490 417 546 547

1432 485 1718 541 CONTRA
1749 483 2140 555 EUNOMIUM,
2177 487 2310 542 LIB.
2341 485 2430 542 Ill.

3466 485 3574 544 598

316 601 600 676 μαίνεσθαι
615 601 783 672 λέγοι,
801 601 1098 673 συνήγορος
1126 600 1184 668 ἐξ
1205 598 1448 670 ἀνάγκης
1470 601 1565 654 τοῦ
1589 600 1768 654 κοινοῦ
1794 601 1892 670 τῆς
1921 649 1924 657 .

2022 600 2146 666 Quod
2178 602 2223 655 si
2255 599 2646 670 proprietatem
2681 597 2796 654 sive
2825 595 3291 684 propinquitatem
3338 613 3433 669 per
3476 599 3575 654 has

314 696 498 759 οὐσίας
526 695 927 765 ἀναφανήσεται
955 693 1042 746 διὰ
1066 694 1163 764 τῆς
1190 693 1299 746 τῶν
1328 693 1605 763 ὀνομάτων
1624 693 1892 764 οἰκειότη-

315 805 424 850 τος.
461 786 570 840 Καὶ
596 785 656 837 τὸ
686 784 793 836 τῶν
823 785 1198 854 ὑποκειμένων
1219 784 1450 851 συναφὲς
1473 783 1896 846 κατασκευάζων

321 879 699 950 σημαίνεσθαι,
739 879 834 932 καὶ
886 877 1044 931 τοῦτο
1103 877 1366 948 πολλαχοῦ
1409 879 1506 948 τῆς
1534 877 1898 949 λογογραφίας

321 971 486 1024 ποιῶν
517 971 616 1023 ούκ
646 970 949 1023 ἐπίσταται.
983 971 1058 1022 Δι’
1084 964 1158 1022 ὢν
1187 971 1293 1040 γὰρ
1325 973 1591 1041 ἐπιχειρεῖ
1620 971 1899 1042 καθαιρεῖν

319 1064 418 1131 τὴν
449 1062 727 1133 ἀλήθειαν,
775 1061 1043 1125 ἀκουσίως
1084 1062 1346 1126 πολλάκις
1394 1063 1719 1116 καθέλκεται
1764 1063 1902 1133 πρὸς

323 1155 648 1225 συνηγορίαν
676 1154 784 1206 τῶν
810 1153 1228 1224 πολεμουμένων
1248 1153 1552 1224 δογμάτων.
1585 1150 1708 1210 Οίόν
1737 1173 1788 1207 τι
1809 1155 1902 1207 καὶ

324 1247 450 1318 περὶ
476 1247 567 1300 τοῦ
595 1246 769 1299 Σαοὺλ
785 1246 849 1298 ἐκ
872 1245 974 1315 τῆς
1010 1246 1250 1316 ἱστορίας
1275 1246 1609 1317 ἠκούσαμεν,
1644 1249 1725 1301 ὅτι
1747 1246 1903 1318 θυμῷ

324 1355 453 1390 ποτε
487 1337 628 1390 κατά
674 1336 782 1391 τῶν
832 1338 1280 1408 προφητευόντων
1319 1339 1654 1409 κινούμενος,
1695 1338 1904 1408 ἡττήθη

324 1430 423 1499 τῆς
449 1430 686 1500 χάριτος,
715 1429 809 1482 καὶ
831 1429 938 1482 τῶν
966 1429 1408 1500 θεοφορουμένων
1430 1424 1508 1494 εἷς
1532 1425 1599 1500 ἦν
1622 1449 1635 1461 ·
1662 1430 1757 1483 τοῦ
1783 1447 1907 1501 προ-

326 1520 554 1591 φητικοῦ
582 1520 908 1591 πνεύματος,
938 1521 1011 1584 ὼς
1037 1516 1209 1592 οἶμαι,
1236 1522 1304 1574 δι’
1325 1519 1517 1573 ἑαυτοῦ
1547 1521 1637 1574 τὸν
1665 1522 1904 1574 ἀποστάι

327 1630 428 1684 την
457 1613 746 1669 παιδεῦσαι
786 1612 1130 1683 θελήσαντος.
1182 1611 1348 1665 Ὅθεν,
1374 1612 1436 1665 τὸ
1470 1613 1776 1684 παράλογον
1813 1614 1910 1684 τῆς

330 1706 619 1776 συντυχίας
647 1705 915 1775 παροιμία
940 1705 1016 1776 τῷ
1045 1705 1182 1776 μετά
1221 1705 1395 1758 ταῦτα
1410 1705 1597 1773 γέγονε
1632 1705 1753 1776 βίῳ.
1781 1705 1912 1759 θαυ-

337 1798 615 1869 μαστικῶς
643 1799 744 1868 τῆς
781 1799 1021 1869 ἱστορίας
1053 1797 1110 1851 τὸ
1131 1797 1340 1851 τοιοῦτο
1369 1797 1685 1867 διεξιούσης,
1714 1800 1779 1852 Ei
1813 1777 1912 1852 κὰὶ

343 1892 542 1948 Σαοὺλ
565 1892 635 1945 ἐν
662 1890 991 1960 προφήταις
1012 1907 1034 1955 ;

419 2153 509 2207 Ἑν
535 2152 674 2204 τίσιν
701 2145 796 2204 οὖν
838 2151 867 2203 ὁ
899 2149 1160 2220 Εὑνόμιος
1196 2151 1261 2220 τῇ
1305 2148 1531 2219 ἀληθείᾳ
1559 2146 1908 2210 συνίσταται;

351 2247 439 2299 Ἔν
477 2241 559 2307 οἷς
600 2261 762 2313 φησιν
785 2260 800 2277 ο
845 2243 926 2296 ὅτι
957 2242 1144 2307 Αὐτὸς
1192 2245 1225 2294 ό
1255 2243 1487 2308 Κύριος,
1527 2240 1660 2305 Υἱὸς
1682 2235 1768 2292 ὢν
1797 2237 1904 2292 τοῦ

343 2338 490 2392 Θεοῦ
518 2337 621 2390 τοῦ
653 2330 870 2401 ζῶντος
898 2333 1014 2401 τὴν
1051 2332 1117 2387 ἐκ
1145 2331 1257 2400 τῆς
1274 2335 1582 2404 Παρθενου
1625 2330 1914 2400 γέννησιν

342 2429 454 2482 οὐκ
479 2427 1016 2494 ,ἐπαισχυνόμενος,
1055 2425 1126 2477 ἐν
1148 2423 1274 2490 τοῖς
1293 2423 1513 2476 ἑαυτοῦ
1536 2425 1740 2491 λόγοις
1776 2422 1915 2476 rm

342 2519 655 2588 ἀνθρώπου
675 2517 972 2584 πολλάκις
990 2517 1303 2586 ὠνόμασεν
1327 2516 1561 2570 ἑαυτόν.
1587 2515 1786 2569 Τοῦτον
1808 2514 1917 2586 γὰρ

343 2613 438 2664 καὶ
475 2613 634 2682 ἡμεῖς
672 2610 762 2663 τὸν
790 2610 946 2678 λόγον
973 2611 1052 2672 είς
1087 2608 1361 2673 ἀπόδειξιν
1387 2608 1480 2662 τοῦ
1507 2607 1684 2662 κοινοῦ
1711 2609 1807 2678 τῆς
1831 2609 1918 2661 ού-

349 2702 468 2765 σίας
497 2701 879 2772 προσφέρομεν
901 2716 913 2728 ·
965 2703 1044 2754 ὅτι
1071 2701 1165 2754 τιῦ
1195 2701 1326 2754 Υἱοῦ
1354 2702 1415 2753 τὸ
1458 2701 1625 2763 ὖνομα
1655 2701 1774 2771 ἴσην
1799 2700 1916 2752 κατ’

346 2794 555 2863 ἀμφότε
564 2811 628 2862 ρο.
646 2794 744 2866 τὴτ
761 2793 857 2863 τῆς
877 2805 1094 2862 φύσεως
1107 2793 1384 2847 κοινωνίαν
1402 2785 1692 2863 (α).οὒτως
1705 2787 1800 2840 καὶ
1824 2789 1918 2843 τοῦ

347 2884 484 2938 Θεοῦ
520 2885 644 2947 Υἱὸς
675 2884 888 2946 πάντως
925 2887 1127 2937 νοεῖται
1161 2884 1246 2936 διὰ
1288 2885 1384 2954 τὴν
1424 2885 1523 2955 τῆς
1554 2884 1739 2946 οὐσίας
1757 2881 1919 2935 αὐτοῦ

351 2977 487 3047 πρὸς
511 2979 610 3046 τὴν
639 2978 695 3040 ἐξ
721 2969 788 3046 ἦς
832 2975 1039 3044 ὑπέστη
1082 2987 1373 3044 συνάφειαν
1391 2993 1404 3005 ⁸
1463 2976 1556 3028 καὶ
1585 2975 1646 3028 τὸ
1671 2974 1922 3042 μέγιστον

351 3071 451 3138 τῆς
483 3067 738 3136 ἀληθείας
788 3064 950 3118 ὅπλον
1001 3058 1154 3127 οὗτος
1183 3067 1210 3118 ὁ
1255 3065 1410 3133 λόγος
1447 3066 1614 3118 ἐστίν.
1667 3065 1769 3118 Τὸν
1817 3065 1924 3132 γὰρ

358 3160 583 3230 μεσίτην
607 3157 740 3211 Θεοῦ
772 3157 863 3210 καὶ
902 3153 1223 3224 ἀνθρώπων,
1257 3156 1437 3219 καθὼς
1467 3157 1744 3226 ὠνόμασεν
1773 3157 1800 3206 6
1833 3156 1926 3225 μέ-

353 3269 457 3322 γας
491 3250 826 3312 ’Λπόστολος,
857 3253 1006 3307 οὐδὲν
1038 3253 1208 3314 οὕτως
1244 3251 1318 3312 ὡς
1345 3249 1407 3300 τὸ
1434 3249 1529 3302 τοῦ
1562 3248 1690 3301 Υἰοῦ
1719 3249 1925 3301 δείκνυ-

357 3358 440 3394 σιν
462 3341 650 3410 ὄνομα,
698 3340 933 3413 ἑκατέρᾳ
962 3342 1120 3410 φύσει
1147 3344 1210 3411 τῇ
1249 3338 1367 3409 θείᾳ
1401 3356 1457 3390 τε
1487 3338 1580 3391 καὶ
1617 3337 1932 3408 ἀνθρωπίνῃ

357 3430 502 3484 κατά
531 3431 592 3482 τὸ
616 3427 734 3484 ἶσον
769 3432 1227 3502 ὲφαρμοζόμενον.
1263 3431 1322 3482 Ὀ
1357 3429 1462 3500 γὰρ
1495 3429 1653 3492 αὐτὸς
1679 3429 1773 3481 καὶ
1795 3427 1928 3482 Θεοῦ

356 3517 483 3582 Υἱός
508 3519 642 3580 ἐστι,
686 3525 780 3576 καὶ
817 3524 946 3587 Υἱὸς
984 3521 1270 3594 ἀνθρώπου
1307 3523 1429 3574 κατ’
1469 3520 1780 3590 οἰκονομίαν
1813 3520 1931 3588 ἐγέ-

358 3628 513 3664 νετο·
571 3614 658 3665 ἵνα
703 3617 770 3686 τῇ
805 3615 940 3685 πρὸς
985 3616 1239 3684 ἑκάτερον
1289 3613 1570 3682 κοινωνίᾳ,
1638 3611 1704 3663 δι’
1739 3610 1929 3663 ἑαυτοῦ

360 3699 569 3772 συνάψῃ
592 3702 658 3753 τὰ
687 3703 947 3756 διεστῶτα
973 3706 1037 3773 τῇ
1063 3702 1244 3770 φύσει.
1301 3702 1362 3752 Εἰ
1393 3701 1491 3768 μὲν
1524 3696 1614 3753 οὖν
1645 3700 1933 3768 γενόμενος

359 3787 488 3850 Υἱὸς
511 3789 796 3859 ἀνθρώπου
828 3792 1090 3862 ἀμέτοχος
1115 3787 1182 3862 ἦν
1211 3791 1309 3860 τῆς
1334 3789 1679 3861 ἀνθρωπίνης
1696 3791 1929 3858 φύσεως,

361 3882 648 3938 ἀκόλουθον
677 3883 740 3935 ἂν
776 3880 842 3954 ἦν
865 3883 1000 3937 Θεοῦ
1034 3885 1159 3936 Υἱὸν
1191 3884 1314 3936 ὄντα
1352 3883 1534 3944 αὑτὸν,
1583 3881 1714 3952 μηδὲ
1741 3899 1932 3934 κοινω-

362 3977 471 4026 νεῖν
496 3975 595 4043 τῆς
616 3974 763 4038 θείας
785 3976 972 4038 οὐσίας
997 3977 1192 4045 λέγειν.
1220 3978 1282 4029 Εἰ
1304 3976 1360 4030 δὲ
1392 3977 1498 4028 πᾶν
1515 3975 1575 4027 τὸ
1602 3974 1934 4045 ἀνθρώπινον

363 4065 656 4137 σύγκραμα
678 4068 735 4119 ἐν
778 4067 926 4138 αὐτῷ
970 4064 1057 4140 ἦν·
1089 4059 1408 4142 ἰὲπειράσθη
1438 4069 1543 4137 γάρ
1586 4067 1727 4120 κατὰ
1758 4068 1937 4122 πάντα

361 4157 484 4210 καθ’
517 4159 806 4227 ὁμοιότητα
846 4159 1013 4228 χωρὶς
1049 4159 1321 4228 ἁμαρτίας
1347 4159 1383 4228 ο)
1415 4158 1627 4229 ἀνάγκη
1655 4159 1803 4210 πᾶσα
1841 4159 1936 4210 καὶ

363 4251 472 4302 πᾶν
517 4251 615 4318 τῆς
667 4249 1034 4320 ὑπερεχούσης
1079 4250 1263 4313 οὐσίας
1287 4253 1503 4322 ἰδίωμα,
1537 4252 1594 4302 ἐν
1641 4249 1789 4321 αὐτῷ
1837 4267 1928 4302 πι-

364 4343 572 4396 στεύειν
601 4339 739 4396 εἷναι
770 4343 868 4412 τῆς
895 4341 988 4395 τοῦ
1017 4343 1146 4394 Υίοῦ
1179 4341 1361 4410 φωνῆς
1391 4342 1590 4411 ὁμοίως
1613 4343 1761 4414 αὐτῷ
1795 4361 1935 4414 μαρ-

362 4433 630 4503 τυρούσης
660 4433 916 4503 ἑκάτερον
937 4449 950 4462 ·
998 4435 1054 4485 ἐν
1085 4433 1162 4502 τῷ
1189 4431 1456 4503 ἀνθρώπῳ
1489 4433 1606 4504 μὲν,
1639 4433 1699 4487 τὸ
1726 4433 1935 4504 ἀνθρώ-

363 4541 538 4589 πινον,
573 4527 629 4576 ἐν
659 4525 714 4577 δὲ
746 4525 822 4595 τῷ
854 4524 994 4593 Θεῷ,
1024 4525 1084 4577 τὸ
1113 4525 1268 4578 θεῖον.

435 4616 497 4669 Εἰ
526 4613 617 4669 οὖν
651 4617 705 4668 αἱ
735 4617 1149 4684 προσηγορίαι,
1193 4614 1373 4679 καθώς
1404 4633 1566 4684 φησιν
1597 4619 1624 4670 ό
1650 4617 1929 4686 Εύνόμιος,
1964 4628 2008 4683 ι)

363 4708 425 4762 τὸ
455 4711 650 4762 οἰκεῖον
684 4708 1044 4761 ἐνδείκνυνται
1075 4725 1090 4739 °
1121 4709 1230 4778 ἡδὲ
1252 4708 1516 4778 οἰκειότης
1544 4710 1600 4760 ὲν
1643 4713 1753 4772 τοῖς
1793 4709 1934 4780 πρά-

364 4818 588 4870 γμασιν,
620 4801 718 4852 οὐκ
748 4801 804 4852 ἐν
846 4800 1027 4868 ψιλαῖς
1059 4799 1340 4870 θεωρεῖται
1376 4802 1494 4862 ταῖς
1527 4799 1633 4853 τῶν
1656 4801 1938 4869 ὀνομάτων

367 4895 590 4961 φωναῖς,
614 4892 915 4962 πράγματα
954 4892 1010 4945 δέ
1039 4909 1178 4962 φημι
1224 4893 1344 4945 καθ’
1370 4893 1537 4945 ἑαυτά
1579 4894 1860 4964 νοούμενα,
1889 4896 1938 4947 εί

371 4985 446 5054 μὴ
469 4984 735 5054 τολμηρὸν
763 4982 936 5046 οὕτως
976 4985 1148 5035 εἰπεῖν
1181 4983 1270 5036 τὸν
1311 4985 1438 5037 Υἱόν
1476 5002 1536 5036 τε
1567 4985 1659 5038 καὶ
1705 4985 1794 5038 τὸν
1830 4988 1939 5040 Πα-

365 5077 529 5146 τέρα,
555 5077 640 5139 τίς
671 5075 941 5138 ἀντείποι,
975 5075 1048 5146 μὴ
1075 5075 1195 5145 οὐχὶ
1233 5076 1327 5129 καὶ⁸
1361 5077 1520 5130 αὐτὸν
1549 5076 1638 5129 τὸν
1663 5078 1761 5147 τῆς
1783 5077 1942 5146 βλασ-

370 5169 576 5239 φημίας
606 5169 913 5239 προστάτην
958 5169 1278 5238 αὐτομάτως
1323 5169 1458 5239 προς
1489 5168 1586 5239 τὴν
1617 5170 1942 5240 συνηγορίαν

368 5261 466 5329 τῆς
506 5258 785 5321 εὐσεϐείας
822 5257 1280 5327 καθελκυσθῆναι,
1327 5258 1394 5310 δι’
1444 5257 1634 5310 ἑαυτοῦ
1686 5260 1810 5322 τοὺς
1862 5263 1941 5313 οὶ-

369 5350 548 5412 κείους
583 5349 952 5418 ἀνατρέποντα
994 5347 1216 5416 λόγους·
1269 5348 1362 5400 καὶ
1391 5349 1450 5400 τὸ
1489 5349 1586 5418 τῆς
1615 5349 1799 5412 οὐσίας
1831 5368 1944 5403 κοι-

370 5440 459 5494 νὸν
487 5439 578 5491 ἐπὶ
607 5437 713 5490 τῶν
737 5437 894 5491 θείων
918 5438 1199 5509 δογμάτων
1223 5437 1664 5508 ἁνακηρύσσοντα
1689 5457 1701 5504 ;
1740 5441 1810 5492 Ub
1836 5442 1942 5510 γάρ

369 5529 619 5600 ψεύδεται
659 5529 784 5600 περὶ
808 5529 1010 5582 τούτων
1052 5528 1319 5591 ἀκουσίως
1364 5529 1491 5599 παρ’
1521 5530 1684 5582 αὑτοῦ
1721 5549 1944 5602 προσρι-

374 5621 496 5692 (pet;
527 5620 667 5691 ὑπὲρ
690 5623 790 5692 τῆς
818 5619 1074 5691 ἀληθείας
1099 5621 1127 5672 ὀ
1156 5618 1341 5688 λόγος,
1371 5621 1451 5673 ὅτι
1478 5621 1576 5673 οὐκ
1604 5620 1666 5674 ἂν
1733 5623 1940 5696 ἐκλήθη

444 5775 493 5808 ⁸⁸
530 5776 551 5829 l
584 5775 716 5846 Reg.
761 5791 819 5841 ι,
867 5775 954 5830 Η.
1028 5775 1073 5806 ’⁷
1106 5772 1293 5828 lTim.
1331 5790 1395 5828 ιι.
1427 5773 1481 5829 5.

1997 696 2388 765 appellationes
2420 693 2719 765 signiﬁcari
2751 692 2927 755 dicat,
2966 693 3281 748 necessario
3313 699 3576 761 patronus

1996 787 2306 841 communis
2335 785 2588 840 essentia:
2613 784 2937 839 ostendetur
2963 800 3059 854 per
3088 784 3371 838 nominum
3393 784 3579 840 usita—

1997 891 2104 933 tam
2137 879 2616 932 consuetudinem.
2656 876 2721 929 Et
2753 886 3012 930 astruens
3043 875 3415 943 subjectorum
3453 889 3579 943 pro-

2001 971 2362 1040 pinquitatem
2423 970 2537 1026 sive
2587 969 2953 1022 coheesiouem
3012 968 3360 1037 signiﬁcare,
3414 966 3578 1034 idque

2001 1060 2190 1114 multis
2227 1061 2279 1114 in
2315 1061 2452 1116 locis
2494 1059 2617 1114 libri
2653 1060 2722 1114 ab
2749 1075 2817 1114 eo
2849 1058 3038 1128 scripti
3074 1058 3251 1112 nescit
3285 1072 3344 1111 se
3377 1055 3577 1111 facere.

2000 1153 2104 1208 Per
2131 1168 2252 1224 quae
2284 1154 2428 1207 enim
2463 1154 2748 1207 veritatem
2785 1152 3004 1206 abolere
3033 1159 3283 1211 conatur,
3325 1165 3468 1218 saepe
3511 1149 3580 1202 ad

2003 1246 2367 1316 patrocinium
2419 1245 2759 1299 decretorum
2805 1258 2926 1313 quae
2969 1249 3245 1311 oppugnat
3275 1241 3444 1294 invite
3493 1254 3586 1293 ac-

2005 1337 2171 1391 cedit.
2210 1336 2384 1402 Quale
2416 1335 2677 1404 quiddam
2713 1335 2781 1390 de
2813 1334 2976 1388 Saule
3007 1349 3070 1387 ex
3111 1333 3339 1387 historia
3368 1329 3584 1387 audivi—

2006 1439 2129 1478 mus
2149 1465 2162 1489 ,
2190 1428 2337 1494 quod
2370 1425 2448 1478 ira
2474 1422 2770 1493 aliquando
2797 1431 2989 1477 contra
3021 1422 3318 1493 prophetas
3347 1435 3578 1474 commo

2007 1522 2097 1568 tus
2127 1530 2156 1568 a
2177 1514 2358 1584 gratia
2389 1523 2681 1583 superatus
2721 1523 2836 1576 est,
2866 1523 2920 1567 et
2949 1530 3091 1569 unus
3122 1522 3240 1568 erat
3269 1529 3458 1568 eorum
3493 1513 3587 1582 qui

2009 1605 2233 1661 numine
2264 1604 2613 1670 amabantur,
2647 1605 2968 1675 prophetico
2998 1605 3232 1674 spiritu,
3266 1606 3412 1661 sicut
3439 1605 3588 1659 arbi-

2009 1702 2146 1757 tror,
2178 1711 2274 1764 per
2305 1696 2547 1764 scipsum
2575 1695 2793 1750 erudire
2823 1705 3127 1764 apostatam
3156 1697 3390 1750 volente.
3429 1695 3587 1751 [inde

2011 1785 2360 1854 proverbium
2397 1786 2450 1838 in
2485 1785 2592 1840 vita
2625 1796 2972 1855 posterorum
3020 1786 3224 1840 factum
3265 1796 3344 1841 est
3370 1829 3384 1848 ,
3421 1787 3488 1842 de
3523 1803 3590 1842 eo

2011 1877 2156 1946 quod
2186 1884 2334 1931 esset
2363 1878 2698 1947 inopinabile
2726 1888 2779 1932 et
2811 1890 3004 1948 printer
3033 1893 3184 1947 spem
3206 1918 3219 1932 .
3252 1877 3580 1932 mirabiliter

1944 1945 1986 2000 Β
2013 1945 2240 2023 historia
2271 1969 2373 2024 hoc
2406 1945 2707 2026 recitante:
2744 1945 3001 2040 Nunquid
3030 1945 3080 2023 et
3113 1969 3248 2025 Saul
3296 1972 3434 2025 inter
3463 1987 3592 2041 pro-

2008 2062 2190 2130 phetas
2223 2061 2306 2114 "1’

2081 2149 2139 2204 In
2173 2150 2374 2220 quibus
2403 2150 2566 2220 igitur
2592 2149 2894 2205 Eunomius
2918 2152 3129 2205 veritati
3164 2153 3505 2207 assentitur?
3533 2153 3590 2209 in

2011 2241 2212 2312 quibus
2266 2240 2419 2306 dicit,
2466 2242 2610 2312 quod
2641 2242 2745 2308 ipse
2762 2236 3105 2307 Dominus,F
3107 2241 3232 2296 ilius
3249 2259 3366 2295 cum
3394 2245 3462 2297 sit
3496 2243 3594 2299 Dei

2013 2332 2257 2395 viventis,
2283 2352 2348 2392 ea:
2373 2335 2587 2405 Virgine
2618 2333 3006 2402 generationem
3036 2349 3138 2385 non
3166 2333 3470 2389 erubescens
3491 2376 3504 2400 ,
3538 2336 3592 2388 in

2013 2425 2124 2478 suis
2152 2423 2479 2477 sermonibus
2512 2423 2712 2476 Filium
2730 2423 2958 2478 hominis
2994 2440 3130 2493 sirpe
3158 2427 3384 2493 scipsum
3421 2431 3595 2482 nemi-

2014 2515 2178 2567 navit.
2247 2513 2356 2569 Nos
2385 2513 2529 2568 enim
2555 2515 2717 2568 etiam
2751 2515 2896 2570 hunc
2923 2511 3232 2571 sermonem
3265 2517 3331 2572 ad
3364 2519 3594 2573 demon-

2017 2607 2336 2661 strationem
2355 2608 2662 2662 communis
2688 2608 2940 2662 essentite
2965 2609 3314 2679 proferimus.
3343 2609 3468 2662 Nam
3499 2607 3593 2663 Fi-

2017 2698 2072 2750 lii
2101 2713 2297 2752 nomen
2334 2699 2600 2767 acqualem
2637 2698 2704 2752 ad
2737 2707 2971 2768 utraque
3005 2709 3216 2754 natura:
3249 2702 3596 2755 communio-

2019 2805 2142 2844 nem
2174 2789 2468 2858 designat.
2534 2792 2626 2848 Sic
2677 2793 2837 2845 etiam
2892 2790 3062 2846 Filius
3152 2792 3393 2846 hominis
3429 2793 3595 2847 intel-

2020 2881 2206 2950 [igitur
2237 2889 2460 2950 propter
2491 2896 2609 2935 eam
2643 2897 2808 2951 quam
2845 2883 3151 2952 assumpsit
3187 2899 3315 2938 cum
3355 2885 3596 2938 humana

2021 2973 2263 3028 essentia
2302 2974 2768 3042 conjunctionem,
2803 2986 2854 3029 et
2885 2976 3180 3029 maximum
3229 2977 3477 3030 veritatis
3518 2986 3598 3034 ιθ-

2022 3066 2131 3120 lum
2158 3066 2262 3121 hoc
2295 3065 2526 3121 Verbum
2561 3074 2665 3122 est.
2703 3066 2834 3121 Nam
2875 3066 3225 3121 mediatorem
3257 3067 3344 3121 Dei
3390 3079 3441 3122 et
3485 3068 3589 3123 1:3-

2024 3157 2252 3221 minum,
2283 3157 2735 3226 quemadmodum
2761 3172 2991 3226 magnus
3027 3155 3234 3212 Paulus
3276 3158 3596 3220 nominavit,

2030 3246 2161 3298 nihil
2187 3262 2340 3316 aeque
2363 3261 2424 3298 ac
2442 3245 2562 3300 Filii
2589 3263 2786 3300 nomen
2817 3248 3180 3307 demonstrat,
3203 3249 3344 3316 quod
3383 3249 3601 3318 utrique

2032 3345 2239 3389 naturae
2283 3335 2478 3390 divinae
2534 3345 2587 3391 et
2653 3337 2905 3391 humana:
2959 3339 3242 3407 :equaliter
3292 3353 3601 3392 acemnmo-

2031 3428 2190 3481 datur
2221 3429 2284 3480 '7.
2350 3427 2493 3484 idem
2547 3428 2692 3482 enim
2731 3437 2786 3482 et
2836 3428 2928 3482 Dei
2963 3428 3136 3483 Filius
3191 3436 3294 3491 est.
3331 3441 3383 3484 et
3423 3428 3595 3482 Filius

2031 3522 2268 3575 hominis
2298 3537 2391 3591 per
2425 3521 2860 3575 incarnationem
2893 3520 3068 3575 factus
3110 3529 3224 3586 est;
3263 3529 3322 3574 ut
3356 3535 3452 3590 per
3481 3536 3599 3574 eam

2032 3627 2193 3681 quam
2230 3628 2352 3665 cum
2384 3622 2613 3682 utroque
2662 3613 2824 3666 habet
2857 3613 3318 3676 communionem,
3350 3627 3471 3681 qum
3504 3627 3602 3664 na-

2034 3719 2152 3758 tura
2181 3693 2387 3760 distaht
2429 3720 2522 3773 per
2565 3703 2806 3773 scipsum
2850 3704 3087 3772 copulet.
3135 3703 3191 3756 Si
3221 3703 3387 3773 igitur
3421 3702 3596 3757 Filius

2035 3798 2271 3852 hominis
2304 3797 2480 3852 factus
2502 3797 2754 3850 humanae
2782 3805 2990 3850 natura:
3019 3804 3166 3850 esset
3199 3810 3395 3865 expers
3422 3838 3435 3860 ,
3461 3811 3598 3848 con—

2036 3904 2271 3959 sequens
2295 3898 2440 3944 esset
2468 3889 2756 3951 aliirmare,
2783 3889 2995 3943 etiamsi
3031 3887 3122 3943 Dei
3166 3886 3338 3942 Filius
3365 3889 3476 3956 ipse
3507 3889 3600 3951 sit,

2035 3996 2143 4035 non
2208 3989 2388 4034 tamen
2447 3996 2570 4035 cum
2635 3981 2817 4035 divina
2877 3981 3109 4035 essentia
3167 3980 3599 4034 communicare.

2036 4071 2189 4138 Quod
2233 4073 2277 4126 si
2305 4087 2464 4125 omne
2506 4071 2802 4126 humanum
2841 4081 3152 4126 concretum
3207 4071 3262 4125 in
3314 4071 3432 4141 ipso
3472 4077 3594 4124 erat

2038 4164 2299 4235 (tentatus
2326 4173 2410 4217 est
2439 4155 2709 4232 enim‘pcr
2740 4165 2920 4218 omnia
2953 4166 3252 4220 secundum
3281 4164 3599 4218 similitudi-

2037 4269 2158 4308 nem
2190 4255 2395 4322 absque
2432 4261 2654 4324 peccato
2683 4254 2771 4317 ³⁸),
2793 4250 3110 4308 necesSeest
3131 4251 3356 4307 omnino
3377 4271 3598 4308 omnem

2038 4346 2495 4416 supereminentis
2534 4345 2784 4400 essentize
2815 4347 3198 4416 proprietatem
3237 4349 3290 4400 in
3331 4348 3450 4418 ipso
3482 4362 3606 4401 esse

2037 4438 2292 4493 credere:
2338 4453 2459 4492 cum
2484 4436 2606 4491 Filii
2639 4453 2741 4491 vox
2773 4438 2877 4493 sibi
2918 4447 3209 4508 utrumque
3260 4440 3486 4500 tribuat,
3531 4439 3587 4492 in

2037 4530 2258 4585 homine
2291 4528 2508 4598 quidem
2539 4528 2862 4592 humanum,
2893 4530 2946 4583 in
2979 4529 3087 4584 Deo
3115 4530 3397 4584 divinum.

2108 4619 2163 4674 Si
2201 4619 2366 4688 igitur
2402 4617 2800 4687 appellationes,
2843 4620 3297 4690 quemadmodum
3333 4619 3465 4673 dicit
3507 4617 3612 4669 Eu-

2043 4712 2282 4773 nomius,
2326 4711 2470 4778 quod
2525 4711 2806 4779 proprium
2842 4719 2926 4764 est
2969 4719 3025 4765 et
3078 4709 3349 4763 familiare
3383 4709 3612 4764 demon-

2047 4812 2254 4859 strant:
2322 4799 2627 4871 proprietas
2683 4810 2865 4856 autem
2921 4803 2974 4856 in
3035 4801 3220 4864 rebus,
3289 4816 3394 4855 non
3450 4802 3613 4855 nudis

2045 4895 2323 4949 nominum
2351 4894 2574 4952 vocibus
2602 4903 2902 4966 spectatur.
2941 4909 3030 4948 res
3055 4903 3232 4946 autem
3261 4891 3386 4945 dico
3430 4908 3527 4960 per
3555 4907 3615 4947 se

2047 4995 2324 5056 spectatas
2379 4994 2433 5039 et
2485 4987 2793 5042 intellectas
2845 4984 2974 5052 (nisi
3024 4983 3164 5037 forte
3217 4981 3290 5037 sit
3335 4983 3510 5036 audax
3559 4991 3613 5034 ct
3689 5043 3692 5046 _

2041 5079 2389 5134 temerarium
2422 5081 2502 5134 sic
2550 5079 2824 5149 appellare
2862 5075 3058 5130 Filium
3089 5084 3143 5130 et
3188 5073 3452 5140 Patremz)
3491 5075 3614 5145 quis
3684 5085 3690 5123 ῖ

2043 5173 2325 5242 negaverit
2356 5173 2534 5242 ipsum
2563 5169 2915 5239 blasphemiae
2942 5174 3218 5222 auctorem
3251 5175 3304 5220 et
3327 5166 3612 5235 praesidem

2046 5267 2112 5320 ad
2142 5263 2390 5319 veritatis
2436 5260 2797 5332 patrocinium
2849 5268 3042 5328 sponte
3067 5255 3232 5318 trahi,
3265 5271 3361 5324 per
3397 5270 3455 5309 se
3485 5269 3616 5324 pro.
3680 5309 3682 5311 ,

2044 5357 2195 5426 prius
2247 5370 2526 5410 sermones
2559 5360 2916 5414 evel-tentent,
2954 5358 3008 5402 et
3038 5351 3481 5403 communionem
3518 5362 3606 5400 es-
3680 5333 3683 5336 ’

2050 5445 2239 5500 sentia:
2293 5445 2345 5497 in
2395 5444 2596 5498 divinis
2639 5441 2874 5496 decretis
2930 5448 3261 5494 asscrentem
3317 5447 3370 5492 ct
3423 5439 3596 5506 praedi-

2049 5537 2299 5592 cantem?
2358 5536 2476 5589 Non
2511 5537 2652 5590 enim
2686 5537 2945 5588 mentitur
2977 5533 3045 5588 de
3077 5531 3160 5586 his
3208 5530 3374 5585 invite
3403 5531 3472 5584 ab
3499 5531 3619 5602 ipso

2052 5627 2329 5697 projectus
2379 5642 2478 5699 pro
2525 5627 2751 5682 veritate
2799 5642 3001 5690 sermo,
3037 5623 3182 5696 quod
3233 5638 3342 5678 non
3376 5630 3607 5679 vocatu!

1561 5775 1607 5807 "
1647 5775 1813 5832 Hebr.
1849 5793 1925 5842 Iv,
1956 5780 2044 5837 15.

436 5864 513 5932 (αὶ
528 5865 724 5932 supple,
742 5867 1188 5932 elaeodaBavarico
1218 5869 1345 5932 apud
1371 5869 1660 5919 Gretserum
1685 5864 1924 5932 :_x0tvwv_t¢

2022 5864 2298 5914 νδείκνυται.
2323 5861 2405 5919 Ὦς
2422 5862 2510 5929 γὰρ
2532 5865 2630 5920 υίὸς
2658 5864 2904 5929 ἀνθρώπου
2936 5865 3122 5927 λέγεται
3145 5862 3223 5911 διὰ
3243 5862 3328 5920 τήν
3347 5866 3429 5921 τῆς
3450 5860 3629 5928 capite;

361 5923 519 5978 αὐτοῦ
543 5923 658 5992 πρός
677 5929 762 5988 τήν
785 5928 832 5986 ἐξ
852 5928 908 5989 ἧς
930 5929 1146 5992 ἐγεννήθην·
1173 5923 1463 5995 συγγένειαν,
1490 5933 1618 5982 οὕτω
1641 5929 1723 5978 καί
1756 5944 1802 5978 κ.
1826 5944 1869 5975 τ.
1897 5928 1940 5977 λ.
