4138 6364
515 482 617 542 ὗῦθ

1754 479 1811 533 S.
1837 478 2166 536 GliEGORll
2202 478 2495 535 NYSSENI

3671 483 3784 539 ϐξὶῦ

516 612 659 660 asset
687 602 883 671 Filius,
914 603 1019 658 nisi
1050 603 1320 658 naturalis
1359 604 1642 659 nominum
1673 603 1871 656 notitia
1901 616 2084 656 veram

2200 600 2337 665 Υἱὸς,
2362 601 2432 673 μὴ
2457 602 2555 671 τῆς
2578 602 2807 671 φυσικῆς
2824 601 2933 656 τῶν
2953 601 3229 671 ὀνομάτων
3248 599 3455 664 ἐννοίας
3477 598 3784 671 ἐπαληθεύ-

517 693 934 764 appellationem
979 694 1328 759 ostenderet;
1385 697 1531 749 sicut
1590 696 1737 749 enim
1789 694 2089 748 scabellum

522 786 636 834 sive
667 794 951 833 scamnum
987 794 1096 832 non
1127 778 1334 831 dicitur
1358 776 1506 832 ﬁlius
1535 777 1699 842 fabri,
1736 793 1914 847 neque
1937 779 2089 847 quis-

517 886 681 942 quam
736 869 1067 941 prudentum
1132 868 1372 934 diceret,
1425 868 1809 924 :edilicatorem
1867 870 2088 923 domum

520 966 820 1036 peperisse,
873 980 1051 1032 neque
1096 963 1292 1017 vitium
1340 961 1731 1031 propaginem,
1760 960 1933 1015 vinea:
1974 961 2093 1014 cul-

521 1056 661 1110 toris
719 1055 1036 1125 progeniem
1085 1053 1481 1108 nominamus:
1524 1050 1620 1105 sed
1666 1068 1804 1121 opus
1854 1051 2094 1105 hominis

518 1148 667 1219 quod
699 1147 770 1203 ab
820 1162 885 1203 eo
921 1146 1245 1200 fabricatum
1284 1156 1368 1199 est
1401 1164 1414 1200 :
1458 1145 1629 1199 lilium
1673 1159 1803 1198 vero
1855 1142 2096 1197 hominis

519 1255 642 1294 eum
671 1240 761 1309 qui
787 1255 853 1293 ex
886 1238 1007 1307 ipso
1033 1238 1249 1307 genitus
1281 1246 1404 1291 est:
1448 1236 1553 1303 sic,
1591 1237 1811 1307 opinor,
1848 1248 1909 1290 ut
1948 1235 2095 1305 quod

521 1330 870 1384 commodum
924 1339 1010 1384 est
1042 1341 1095 1382 ct
1130 1345 1434 1399 congruum
1477 1345 1574 1399 per
1606 1329 1829 1383 nomina
1868 1328 1921 1381 in
1968 1328 2099 1382 suh-

517 1421 680 1490 jcctis
715 1421 1156 1490 signiﬁcaretur:
1189 1421 1262 1474 ita
1306 1427 1360 1473 et
1396 1419 1488 1473 Dei
1522 1419 1719 1473 Filium
1756 1418 2097 1489 unigenitum

522 1510 727 1574 edocti,
766 1526 873 1563 non
914 1510 1004 1565 Dei
1037 1517 1347 1563 creaturam
1386 1509 1486 1562 hac
1535 1510 1903 1579 appellatione
1938 1510 2086 1561 intel-

524 1603 794 1667 leximus,
846 1602 943 1657 sed
995 1603 1139 1670 quod
1178 1618 1306 1656 vere
1353 1618 1457 1657 vox
1512 1602 1607 1656 ﬁlii
1659 1603 1971 1672 signiﬁcato
2017 1602 2103 1655 de-

524 1701 827 1749 monstrat.
863 1693 1021 1758 ρυοά
1084 1694 1129 1748 si
1181 1694 1309 1748 vitis
1362 1694 1651 1764 genimen,
1716 1694 1928 1747 fructus
1988 1693 2104 1747 sive

525 1800 772 1855 germen,
810 1785 997 1838 vinum
1036 1786 1351 1840 nominatur
1383 1800 1414 1838 a
1457 1785 1740 1855 Scriptura
1773 1805 1787 1840 :
1824 1801 2001 1855 neque
2024 1786 2104 1839 sic

524 1894 592 1931 ex
639 1878 744 1931 hac
780 1879 1017 1933 nominis
1070 1878 1461 1933 communione
1518 1879 1634 1934 sive
1673 1880 2103 1949 azquivocatione

526 1969 581 2023 in
623 1970 859 2026 decretis
883 1970 1103 2041 pietatis
1131 1986 1317 2026 sermo
1341 1971 1587 2026 laedetur.
1614 1970 1731 2026 Non
1767 1972 1915 2026 enim
1939 1987 2105 2040 quer—
2132 1954 2168 2005 Β

526 2078 624 2117 cus
667 2078 887 2133 germen
937 2065 1055 2119 sive
1098 2064 1336 2119 fructum
1384 2066 1572 2119 vinum
1621 2066 1876 2125 dicimus,
1922 2081 2103 2133 neque

528 2155 653 2210 vitis
702 2155 991 2225 glandem;
1040 2157 1133 2211 sed
1188 2157 1371 2227 aliqua
1408 2166 1493 2211 est
1534 2159 1847 2211 communio
1901 2166 2135 2212 secun-'

528 2245 659 2300 dum
696 2257 951 2301 naturam
986 2250 1331 2318 geunematis
1364 2250 1479 2304 sive
1516 2248 1728 2304 fructus
1756 2248 1822 2302 ad
1870 2248 1923 2302 id
1960 2249 2106 2303 unde

526 2347 610 2392 est
646 2356 660 2390 :
707 2338 906 2392 humor
938 2341 1083 2394 enim
1112 2341 1205 2409 qui
1233 2350 1317 2395 est
1352 2341 1405 2394 in
1442 2340 1570 2402 vite,
1620 2355 1717 2409 per
1756 2338 1983 2393 fundum
2019 2355 2106 2392 ra-

527 2431 665 2487 dicis
691 2448 721 2486 a
761 2432 998 2486 medulla
1032 2442 1337 2497 extractus,
1378 2441 1649 2502 potestate
1695 2432 1914 2503 quidem
1964 2448 2105 2502 aqua

528 2533 632 2587 est.
692 2526 1083 2579 consecutione
1124 2541 1255 2580 vero
1308 2527 1543 2593 quadam
1588 2540 1686 2595 per
1734 2534 1945 2580 natura:
1988 2526 2106 2577 vias

530 2628 844 2682 permeans,
894 2621 949 2667 et
993 2629 1059 2667 ex
1114 2614 1470 2670 inferioribus
1517 2614 1583 2668 ad
1616 2614 1669 2668 id
1724 2614 1870 2683 quod
1916 2628 2107 2681 super-

530 2705 736 2758 eminet
760 2705 1066 2770 conﬂuens,
1104 2706 1160 2760 in
1186 2707 1301 2761 vini
1331 2708 1653 2776 qualitatem
1678 2715 1943 2772 mutatur,
1974 2705 2108 2760 solis

529 2796 684 2851 radio
715 2808 1069 2867 cooperante,
1103 2800 1194 2869 qui
1228 2799 1412 2854 calore
1441 2799 1727 2853 humidum
1759 2814 1791 2854 e
1835 2797 2107 2869 profundo

532 2887 599 2941 ad
653 2903 876 2958 germen
935 2891 1184 2955 eiiciens,
1220 2892 1443 2962 propria
1491 2900 1546 2947 et
1578 2892 1927 2947 convenienti
1982 2906 2107 2947 coc-

542 2981 688 3035 tione
723 2990 777 3034 ct
804 2983 1121 3038 maturitate
1162 2986 1444 3039 humorem
1482 2983 1645 3039 ellicit
1677 2986 1866 3038 vinum
1900 3003 1913 3039 :
1945 2984 2018 3037 ita
2050 2994 2109 3037 ut

531 3071 831 3124 secundum
871 3082 1119 3126 naturam
1150 3072 1348 3127 humor
1376 3074 1467 3128 ille
1486 3074 1578 3144 qui
1600 3084 1684 3129 est
1703 3075 1756 3127 in
1777 3074 1886 3128 vite
1907 3074 2108 3127 nullam

529 3175 655 3215 cum
693 3163 824 3216 vino
856 3180 921 3217 ex
970 3180 1033 3219 ea
1066 3165 1337 3235 producto
1369 3166 1753 3221 alienationem
1784 3168 1900 3222 sive
1926 3166 2107 3219 diver-

530 3254 752 3307 sitatem
808 3255 1003 3309 haheat
1046 3277 1059 3310 :
1106 3272 1173 3311 ex
1214 3257 1307 3311 ille
1340 3258 1483 3311 enim
1516 3258 1763 3323 humido,
1794 3259 1896 3313 hoe
1926 3257 2109 3312 humi-

2193 693 2358 763 ούσης
2377 696 2477 763 τὴν
2498 693 2707 761 κλῆσιν.
2740 694 2829 756 Ὠς
2851 691 2959 763 γάρ
2980 693 3040 745 οὑ
3071 692 3287 758 λέγεται
3309 692 3509 763 βάθρον
3540 691 3654 755 υἱὸς
3680 691 3779 745 τοῦ

2192 786 2465 855 τεχνίτου.
2514 786 2621 839 οὐδ’
2658 787 2722 839 ἀν
2750 803 2834 849 τις
2866 785 3007 838 εἴποι
3053 786 3161 838 τῶν
3207 784 3648 855 σωφρονούντων,
3692 786 3781 838 ὅτι

2191 878 2220 929 6
2258 877 2537 948 οίκοδόμος
2592 878 2692 948 τὴν
2733 878 2908 931 οἰκίαν
2960 877 3325 929 ἐτεκνώσατοο
3384 880 3501 929 οᾲδὲ
3532 879 3781 947 γέννημα

2192 971 2287 1024 τοῦ
2353 969 2737 1042 ἀμπελουργοῦ
2798 970 2889 1022 τὸν
2945 969 3241 1040 ἀμπελῶνα
3308 970 3754 1039 κατονομὰζομεν

2190 1072 2305 1125 ἀλλ’
2383 1065 2542 1136 ἔργον
2578 1066 2673 1135 μὲν
2704 1063 2990 1134 ἀνθρώπου
3038 1061 3099 1115 τὸ
3140 1060 3601 1130 κατασκεύασμα·
3660 1061 3779 1115 υἱὸν

2192 1156 2247 1206 δὲ
2274 1155 2561 1226 ἀνθρώπου
2588 1155 2679 1207 τὸν
2708 1155 2765 1220 ἐξ
2796 1153 2958 1207 αὑτοῦ
2992 1150 3361 1221 γεννώμενον
3394 1154 3468 1213 ὼς
3496 1146 3777 1220 ἂν,οἷμαι,

2192 1247 2253 1301 τὸ
2289 1248 2592 1318 πρόσφορον
2618 1246 2707 1300 διὰ
2734 1244 2839 1296 τῶν
2864 1243 3142 1313 ὀνομάτων
3173 1245 3229 1293 ὲν
3253 1245 3364 1305 τοῖς
3397 1242 3781 1311 ὑποκειμένοις

2202 1342 2534 1409 σημαίνοιτο’
2598 1337 2773 1400 οὕτως
2813 1337 2905 1389 καὶ
2939 1335 3068 1387 Υίὸν
3100 1332 3235 1385 Θεοῦ
3272 1334 3363 1387 τὸν
3396 1333 3667 1402 Μονογενῆ
3700 1333 3783 1385 δι-

2193 1425 2511 1495 δαχθέντες,
2580 1426 2641 1477 οὑ
2692 1424 2900 1494 κτίσμα
2936 1422 3070 1475 Θεοῦ
3119 1421 3205 1474 διὰ
3252 1422 3352 1490 τῆς
3406 1423 3783 1493 προσηγορίας

2194 1520 2495 1589 ὲνοήσαμεν
2517 1518 2738 1587 ταύτης,
2756 1517 2869 1571 ἀλλ’
2896 1517 3030 1585 ὅπερ
3052 1515 3271 1585 ἀληθῶς
3294 1518 3325 1586 ή
3354 1514 3447 1567 τοῦ
3477 1514 3605 1567 Υἱοῦ
3627 1516 3780 1586 φωνὴ

2195 1609 2273 1678 τῷ
2330 1610 2710 1679 σημαινομένῳ
2767 1607 3119 1660 ἐνδείκνυται.
3180 1606 3241 1657 El
3284 1605 3341 1657 δὲ
3394 1607 3489 1657 καὶ
3532 1604 3778 1675 ἀμπέλου

2196 1703 2437 1771 γέννημα
2462 1703 2488 1753 6
2533 1696 2673 1763 οἶνος
2705 1701 2808 1753 ὑπὸ
2853 1700 2952 1769 τῆς
2995 1699 3216 1769 Γραφῆς
3244 1696 3611 1766 ὀνομάζεται·
3655 1698 3778 1750 οὐδὲ

2196 1791 2365 1853 οὑτως
2392 1792 2455 1843 ἐκ
2482 1790 2582 1858 τῆς
2624 1788 2945 1859 ὁμωνυμίας
2989 1786 3189 1856 ταύτης
3222 1786 3315 1838 ἐπὶ
3350 1786 3457 1837 τῶν
3484 1790 3583 1856 τῆς
3618 1787 3778 1838 εὐσε-

2199 1882 2349 1944 ϐείας
2365 1882 2647 1951 δογμάτων
2671 1884 2698 1933 ὀ
2719 1881 2873 1948 λόγος
2887 1879 3357 1949 παραλαϐήσεται.
3401 1878 3475 1931 Οὑ
3496 1877 3604 1947 γάρ
3619 1878 3781 1948 δρυὸς

2199 1974 2441 2043 γέννημα
2466 1972 2555 2025 τὸν
2584 1970 2724 2025 οἶνόν
2750 1990 2945 2042 φαμεν,
2971 1973 3089 2025 οὑδὲ
3120 1972 3365 2043 ἀμπέλου
3396 1971 3493 2040 τὴν
3525 1969 3774 2039 βάλανον.

2213 2064 2349 2117 Ἀλλ’
2381 2064 2433 2115 εἴ
2474 2064 2557 2126 τίς
2607 2064 2720 2115 ἐστι
2752 2063 3003 2115 κοινωνία
3030 2063 3171 2115 κατά
3204 2061 3303 2131 τὴν
3343 2058 3502 2128 φύσιν
3530 2056 3621 2110 τοῦ
3651 2074 3778 2125 γεν-

2199 2158 2437 2228 νήματος
2470 2156 2601 2226 πρὸς
2631 2155 2691 2206 τὸ
2716 2154 2835 2206 ὅθεν
2866 2154 3010 2207 ἐστίν
3029 2171 3041 2184 ⁸
3069 2157 3102 2224 ἡ
3136 2155 3242 2223 γὰρ
3265 2154 3321 2205 ὲν
3345 2154 3408 2222 τῇ
3441 2150 3668 2220 ἀμπέλῳ
3687 2166 3778 2200 νο-

2198 2251 2301 2315 τὶς,
2334 2249 2419 2301 διὰ
2446 2248 2539 2300 τοῦ
2571 2246 2840 2316 πυθμένος
2864 2246 2962 2317 τῆς
2996 2245 3173 2315 ῥίζης,
3207 2245 3311 2297 ὑπὸ
3336 2244 3433 2314 τῆς
3454 2241 3781 2312 ὲντεριώνης

2200 2342 2545 2410 ἐξελκομένη,
2577 2343 2640 2411 τῇ
2670 2339 2892 2407 δυνάμει
2927 2339 3028 2409 μὲν
3047 2338 3190 2408 ὕδωρ
3218 2336 3387 2401 ἐστὶν,
3416 2333 3701 2405 ἀκολουθίᾳ
3720 2333 3785 2385 δέ

2200 2453 2305 2488 τινι
2333 2434 2421 2486 διὰ
2460 2433 2568 2485 τῶν
2608 2431 2741 2484 ὁδῶν
2779 2430 2880 2500 τῆς
2918 2428 3130 2498 φύσεως
3162 2427 3523 2499 πορευομένη,
3580 2425 3673 2477 καὶ
3715 2426 3781 2476 ἐκ

2199 2526 2309 2579 τῶν
2338 2524 2660 2593 κατωτέρων
2692 2522 2828 2590 πρὸς
2853 2521 2913 2573 τὸ
2943 2520 3335 2590 ὑπερκείμενον
3379 2518 3777 2590 μεταρῤέουσατ

2203 2617 2338 2687 πρὸς
2367 2617 2507 2668 οἴνου
2549 2612 2871 2683 μεταϐάλλει
2897 2612 3175 2679 ποιότητα,
3214 2611 3579 2681 συνεργούσης
3608 2627 3657 2661 τι
3687 2609 3783 2661 καὶ

2202 2707 2302 2776 τῆς
2336 2705 2562 2775 ἡλιακῆς
2583 2705 2818 2767 ἀκτῖνος,
2855 2704 2889 2772 ἢ
2922 2702 3009 2754 διὰ
3040 2704 3138 2771 τῆς
3168 2702 3499 2769 θερμότητος
3526 2699 3587 2752 τὸ
3614 2699 3783 2767 ὑγρὸν

2205 2801 2267 2852 ἐκ
2294 2798 2387 2851 τοῦ
2426 2796 2618 2867 βάθους
2664 2795 2756 2846 ἐπὶ
2789 2794 2888 2864 τὴν
2943 2792 3179 2863 βλάστην
3212 2791 3533 2856 ἐξέλκουσα,
3570 2790 3655 2842 διὰ
3683 2790 3783 2858 τῆς

2205 2890 2407 2953 οἰκείας
2432 2889 2525 2941 καὶ
2566 2884 2900 2955 καταλλήλου
2948 2884 3195 2953 πέψεως,
3246 2879 3387 2936 οἶνον
3427 2883 3526 2952 τὴν
3582 2881 3785 2949 ἰκμάδα.

2206 2981 2368 3034 ποιεῖ·
2415 2977 2556 3031 ὥστε
2586 2978 2726 3030 κατά
2752 2978 2939 3044 φύσιν,
2970 2975 3239 3045 μηδεμίαν
3271 2974 3657 3044 ἀλλοτριότητα
3682 2972 3783 3041 τὴν

2204 3070 2528 3140 ὲγκειμένην
2570 3070 2635 3138 τῇ
2671 3066 2899 3137 ἀμπέλῳ
2938 3066 3115 3117 νοτίδα
3159 3065 3295 3136 πρὸς
3321 3064 3410 3117 τὸν
3438 3060 3580 3117 οἶνον
3599 3062 3690 3116 τὸν
3717 3063 3781 3128 ἐξ

2205 3162 2374 3231 αὐτῆς
2405 3158 2854 3229 ἀπογεννὼμενον
2881 3157 3046 3228 ἔχειν*
3061 3156 3120 3222 ἐξ
3143 3156 3351 3209 ἐκείνου
3367 3156 3475 3226 γὰρ
3495 3154 3587 3207 τοῦ
3609 3155 3785 3226 ὑγροῦ

2206 3254 2267 3307 τὸ
2288 3253 2449 3324 ὑγρὸν
2480 3253 2661 3313 τοῦτο,
2692 3250 2785 3303 καὶ
2810 3251 2908 3303 οὑκ
2950 3250 3013 3303 ἄν
3046 3268 3128 3313 τις
3160 3250 3352 3319 ἑτέραν
3379 3250 3480 3319 τῆς
3505 3247 3598 3300 τοῦ
3632 3249 3777 3300 οἴνου

530 3346 694 3411 dunt,
758 3362 937 3409 neque
990 3348 1282 3419 quisquam
1344 3350 1507 3403 aliam
1572 3350 1685 3404 vini
1767 3349 2103 3405 humiditatis

2204 3308 2495 3416 ὑγρότητος
2520 3308 2697 3397 αἰτίαν
2726 3344 2887 3406 εἴποι,
2925 3346 2971 3394 εί
3012 3342 3085 3411 μὴ
3111 3308 3235 3412 ⁷τὴν
3253 3308 3495 3409 φυσικῶς
3527 3340 3779 3410 ἐγκειμέ-

531 3451 754 3489 causam
811 3437 1048 3506 dixerit,
1087 3441 1193 3495 nisi
1247 3441 1573 3505 humorem,
1632 3442 1727 3511 qui
1782 3441 2110 3496 naturaliter

532 3528 853 3597 palmitibus
898 3531 1062 3586 inest.
1124 3530 1464 3597 Qualitatum
1531 3543 1714 3587 autem
1763 3534 2107 3601 diﬂ'erentiaz,

532 3636 642 3674 non
676 3622 977 3676 secundum
1028 3623 1081 3676 id
1118 3624 1263 3693 quod
1314 3624 1597 3679 humidum
1652 3634 1759 3691 est,
1811 3626 2110 3681 discrimen

537 3711 801 3775 inferunt,
821 3713 917 3767 sed
952 3718 1259 3784 proprietas
1275 3727 1359 3772 est
1377 3718 1649 3787 quadam,
1682 3734 1802 3788 qua:
1827 3719 2107 3772 humidum

533 3802 678 3872 quod
708 3812 792 3858 est
821 3806 877 3859 in
907 3807 1036 3861 vino
1092 3808 1161 3861 ab
1193 3824 1254 3863 ea
1297 3825 1419 3879 quae
1447 3820 1531 3865 est
1562 3811 1616 3864 in
1657 3812 1877 3881 palmite
1907 3813 2108 3867 astric-

532 3895 681 3952 tione
701 3895 991 3965 discernit,
1022 3900 1108 3954 vel
1136 3900 1207 3954 oh
1233 3900 1600 3967 dulcedinem,
1628 3903 1709 3957 vel
1732 3903 2108 3958 humiditatem

531 4001 653 4067 quae
689 3987 886 4043 horum
921 3975 1255 4057 alterutrum
1300 3994 1597 4047 comitatur
1636 3995 1711 4049 ita
1745 4005 1807 4052 ut
1836 3996 2107 4067 subjecto,

528 4066 669 4121 idem
692 4068 820 4130 sint,
835 4072 1157 4138 qualitatum
1177 4087 1304 4125 vero
1318 4071 1643 4129 diﬂ‘erentiis
1661 4066 2097 4144 distinguantur.

526 4152 700 4224 :gitur
727 4161 1186 4227 quemadmodum
1223 4178 1349 4217 cum
1378 4180 1442 4219 ev
1474 4165 1758 4235 Scriptura
1785 4166 2101 4224 audivimus

528 4248 872 4317 unigenitum
930 4250 1099 4306 Deum
1175 4248 1375 4309 Filium
1410 4269 1539 4312 esse
1580 4257 1858 4325 hominis;
1891 4275 1959 4314 ex
1998 4262 2100 4315 hac

528 4341 769 4394 nominis
794 4343 1056 4399 relatione
1076 4359 1200 4399 cum
1225 4362 1355 4401 vero
1373 4346 1595 4403 homine
1630 4350 2099 4406 necessitudinem

534 4442 591 4485 et
621 4434 1000 4502 cognationem
1034 4436 1364 4493 didicimus:
1397 4440 1481 4494 sic
1515 4440 1767 4510 quamvis
1795 4444 2097 4505 secundum

529 4541 835 4583 sermonem
890 4530 1328 4587 adversariorum
1377 4549 1643 4603 gennema
1704 4535 1820 4590 sive
1876 4551 2100 4606 germen

2201 3454 2299 3507 νην
2329 3439 2441 3501 τοῖς
2464 3437 2705 3505 κλήμασι
2737 3435 2917 3487 νοτίδα
2942 3451 2956 3463 θ
3006 3434 3062 3485 αἱ
3091 3433 3147 3484 δὲ
3176 3432 3281 3484 τῶν
3324 3432 3624 3502 ποιοτήτων
3663 3430 3781 3485 διας

2202 3527 2383 3598 φοραὶ,
2410 3527 2472 3579 οὑ
2497 3526 2594 3596 τὴν
2620 3525 2761 3578 κατὰ
2788 3525 2847 3577 τὸ
2872 3524 3036 3594 ὑγρὸν
3060 3522 3418 3593 παραλλαγὴν
3441 3521 3777 3591 ἐμποιοῦσιν⁵

2200 3620 2337 3674 ἀλλά
2361 3636 2501 3681 τινος
2539 3619 2797 3687 ἰδιότητος
2825 3617 2886 3669 τὸ
2912 3617 2970 3669 ὲν
2997 3616 3077 3687 τῷ
3102 3616 3227 3684 οἴνῳ
3252 3616 3417 3685 ὑγρὸν
3447 3614 3554 3667 ἀπὸ
3580 3616 3677 3685 τῆς
3720 3616 3782 3666 ἐν

2199 3710 2277 3782 τῷ
2316 3710 2551 3781 κλήματι
2603 3707 2983 3778 διακρινούσης
3018 3706 3282 3775 στύψεως,
3318 3704 3350 3776 ἦ
3396 3705 3714 3775 γλυκύτητι,
3742 3705 3779 3776 ἢ

2201 3804 2477 3873 ὑγρότητι,
2510 3801 2723 3871 θατέρῳ
2758 3798 2962 3851 τούτων
2995 3798 3475 3869 παρομαρτούσης·
3535 3796 3671 3850 ὥστε
3700 3797 3779 3867 τῷ

2204 3896 2302 3967 μὲν
2340 3894 2681 3963 ὑποκείμενῳ
2706 3891 2900 3944 ταὺτδν
2928 3886 3085 3953 εἶναι,
3129 3893 3249 3954 ταῖς
3270 3890 3327 3943 δὲ
3350 3890 3459 3943 τῶν
3484 3893 3780 3960 ποιοτήτων

2200 3988 2480 4056 διαφοραῖς
2502 3985 2866 4050 ἐξαλλάσσειν.
2883 3982 3090 4036 Οὐκοῦν
3115 3983 3305 4054 ὥσπερ
3335 3982 3462 4035 Υίὸν
3488 3982 3779 4051 ἀνθρώπου

2199 4079 2290 4132 τὸν
2321 4076 2584 4150 μονογενῆ
2618 4076 2749 4128 Θεὸν
2778 4075 2928 4147 παρά
2957 4075 3057 4144 τῆς
3086 4075 3308 4144 Γραφῆς
3346 4074 3660 4143 ἀκηκοότες.
3692 4073 3781 4127 διὰ

2199 4170 2300 4241 τῆς
2344 4169 2438 4224 τοῦ
2490 4168 2754 4238 ὀνόματος
2796 4167 3031 4237 σχέσεως
3077 4166 3177 4237 τὴν
3215 4165 3350 4236 πρὸς
3400 4166 3489 4218 τὸν
3528 4164 3789 4235 ἀληθινὸν.

2202 4264 2485 4333 ἄνθρωπον
2511 4261 2817 4329 οἰκειότητα
2858 4257 3255 4330 μεμαθήκαμεν
3276 4272 3292 4288 ⁸
3355 4258 3500 4311 οὕτω
3526 4259 3628 4311 κᾶν
3666 4258 3783 4325 γένο

2202 4370 2351 4423 νημα
2372 4353 2512 4407 κατὰ
2542 4352 2631 4405 τὸν
2658 4351 2816 4419 λόγον
2844 4350 2933 4403 τοῦ
2966 4350 3287 4402 ὑπεναντίον
3328 4350 3356 4399 ὁ
3384 4348 3509 4411 Υἱὸς
3530 4348 3778 4419 λέγηται.

2201 4445 2352 4499 οὐδὲν
2374 4440 2534 4514 ἦττον
2564 4443 2658 4497 καὶ
2676 4442 2764 4495 διὰ
2791 4440 2981 4495 τούτου
3013 4440 3075 4493 τὸ
3106 4442 3225 4492 κατ’
3255 4440 3439 4493 οὑσίαν
3464 4442 3658 4493 οίκείον
3683 4442 3781 4493 αύ-

2202 4537 2294 4590 τοῦ
2324 4536 2459 4607 πρὸς
2492 4535 2582 4588 τὸν
2611 4533 2975 4604 γεγεννηκότα
3014 4532 3356 4601 μανθάνομεν
3377 4566 3393 4592 ,
3447 4528 3532 4584 διὰ
3559 4532 3650 4584 τοῦ
3686 4533 3785 4586 καὶ

530 4614 702 4673 Filius
730 4620 966 4684 dicatur,
1021 4624 1383 4680 nihilominus
1414 4625 1577 4679 etiam
1635 4642 1731 4696 per
1778 4627 1904 4689 hoc,
1958 4628 2103 4697 quod

2205 4630 2297 4681 τὸν
2326 4624 2467 4681 οἶνον
2490 4629 2735 4698 γέννημα
2759 4627 2856 4697 τῆς
2897 4625 3140 4695 ἀμπέλου
3178 4625 3488 4694 λεγόμενον,
3524 4624 3598 4695 μὴ
3627 4625 3783 4677 ἀλλό-

531 4711 834 4765 secundum
883 4714 1179 4768 essentiam
1212 4715 1493 4785 proprium
1526 4724 1613 4771 est
1648 4723 1704 4771 et
1744 4717 2101 4785 conjunctum

529 4817 653 4857 cum
690 4820 756 4861 eo
801 4806 894 4875 qui
933 4809 1120 4876 genuit
1158 4808 1533 4878 intelligimus.
1569 4809 1708 4875 Quia
1740 4824 1864 4864 cum
1912 4810 2102 4864 vinum

529 4894 741 4949 dicatur
798 4913 1085 4965 geunema,
1140 4898 1258 4953 sive
1331 4897 1544 4955 fructus
1577 4900 1725 4962 vitis,
1757 4916 1866 4954 non
1919 4908 2101 4954 tamen

529 4988 763 5042 alienum
809 4990 924 5044 sive
963 4990 1237 5046 diversum
1271 4991 1545 5046 invenitur
1585 4994 1887 5047 secundum
1922 4993 2102 5046 humi-

530 5077 719 5133 ditatis
754 5081 1042 5143 rationem,
1083 5082 1151 5135 ab
1184 5098 1247 5136 ea
1286 5082 1521 5135 naturali
1552 5096 1673 5151 qua:
1706 5082 1761 5135 in
1811 5082 1920 5135 vite
1961 5082 2105 5134 inest

531 5179 820 5239 pmestate.
854 5173 959 5226 Sed
996 5189 1119 5242 quae
1144 5174 1405 5227 dicuntur
1433 5174 1501 5228 ah
1524 5174 1861 5228 adversariis
1897 5174 1943 5227 si
1979 5172 2103 5243 quis

530 5276 664 5314 sane
689 5264 985 5329 examinet,
1027 5264 1093 5318 ad
1145 5272 1399 5318 nostrum
1432 5263 1629 5334 dogma
1656 5272 1911 5333 spectant
1935 5279 2073 5328 ;sen

530 5351 701 5405 tentia
753 5368 880 5408 vero
930 5355 1165 5424 propriis
1230 5355 1474 5423 ipsorum
1525 5355 1959 5412 astructionibus
2019 5372 2079 5411 re

533 5454 759 5513 pugnat,
793 5446 993 5515 ubique
1028 5447 1174 5515 quod
1204 5447 1501 5504 secundum
1532 5449 1832 5503 essentiam
1863 5448 2102 5502 alienum

528 5544 615 5591 est
644 5552 894 5592 asserere
942 5538 1137 5608 cupide
1188 5541 1540 5595 certantium.
1597 5539 1762 5609 Atqui
1828 5538 2105 5607 conjicere

531 5643 873 5698 nequaquam
898 5628 1055 5685 facile
1083 5640 1168 5685 est
1188 5671 1200 5694 ,
1251 5631 1394 5686 unde
1419 5632 1484 5687 ad
1515 5633 1785 5700 ejusmodi
1814 5633 2103 5703 Opiniones

533 5714 754 5771 adducti
821 5718 1061 5776 fuerunt.
1138 5722 1192 5775 Si
1258 5722 1401 5776 enim
1469 5723 1564 5777 ﬁlii
1632 5723 1921 5793 appellatio
1993 5739 2102 5778 non

534 5807 853 5877 simpliciter
896 5828 963 5867 ex
1017 5814 1200 5885 aliquo
1229 5831 1350 5869 esse
1394 5815 1686 5885 signiﬁcat,
1741 5816 1836 5871 sed
1883 5817 2104 5887 preprie

535 5902 836 5959 naturalem
873 5907 1333 5976 prepinquitatcm
1376 5923 1469 5976 per
1499 5907 1551 5963 id
1586 5908 1948 5976 signiﬁcatum
1981 5925 2103 5979 per-

2204 4736 2351 4791 τριον
2384 4718 2672 4789 εὑρεθῆναι
2714 4716 2855 4770 κατὰ
2894 4716 2983 4768 τὸν
3009 4715 3108 4785 τῆς
3148 4716 3445 4785 ὑγρότητος
3485 4714 3641 4781 λόγον
3681 4715 3781 4783 τῆς

2206 4809 2438 4879 φυσικῆς
2463 4808 2786 4879 ἐγκειμένης
2820 4810 2883 4877 τῇ
2918 4806 3146 4878 ἀμπέλῳ
3168 4806 3465 4875 δυνάμεως.
3532 4804 3686 4858 Ἀλλά
3711 4806 3783 4857 τά-

2208 4902 2306 4972 μὲν
2332 4901 2598 4971 λεγόμενα
2644 4900 2792 4970 παρὰ
2823 4901 2929 4952 τῶν
2977 4897 3311 4950 ὑπεναντίων
3331 4936 3345 4959 ,
3402 4897 3457 4949 εἴ
3494 4914 3583 4959 τις
3610 4896 3779 4963 ὑγιῶς

2205 4992 2466 5059 ἐξετάζοι,
2503 4993 2639 5064 πρὸς
2664 4992 2724 5044 τὸ
2758 4991 3024 5062 ἡμέτερον
3061 4990 3237 5059 δόγμα
3260 4989 3476 5059 βλέπει·
3516 4990 3549 5055 ἡ
3576 4989 3631 5040 δὲ
3660 4988 3780 5040 διά-

2203 5104 2324 5140 νοια
2363 5088 2483 5148 ταῖς
2528 5084 2683 5147 ἰδίαις
2719 5084 2898 5137 αὑτῶν
2933 5085 3301 5145 κατασκευαῖς
3340 5081 3779 5149 ἀντιφθέγγεται,

2205 5175 2478 5246 πανταχοῦ
2508 5176 2567 5229 τὸ
2593 5176 2735 5229 κατά
2766 5176 2864 5247 τὴν
2901 5176 3087 5228 οὐσίαν
3121 5174 3400 5244 ἀλλότριον
3435 5174 3778 5226 κατασκευά-

2206 5270 2318 5335 ζειν
2362 5268 2825 5341 φιλονεικούντων.
2871 5266 3061 5320 Καίτοι
3104 5283 3167 5334 γε
3202 5267 3547 5320 παντάπασιν
3572 5266 3775 5336 ἄπορόν

2205 5364 2319 5415 ἐστι
2349 5360 2884 5432 καταστοχάσασθαι,
2930 5359 3050 5412 ὅθεν
3076 5358 3211 5429 πρὸς
3237 5357 3336 5421 τὰς
3367 5358 3614 5419 τοιαύτας
3642 5359 3774 5409 ὑπο-

2203 5456 2391 5526 λήψεις
2430 5454 2768 5525 ὑπήχθησαν.
2823 5454 2885 5504 Εί
2920 5451 3028 5522 γάρ
3072 5454 3105 5522 ἡ
3147 5450 3240 5503 τοῦ
3277 5450 3394 5503 υἱοῦ
3434 5450 3774 5522 προσηγορία

2204 5549 2301 5618 οὑχ
2326 5546 2510 5609 ἁπλῶς
2538 5546 2598 5598 τὸ
2619 5544 2682 5598 ἐκ
2710 5560 2852 5605 τινος
2882 5539 3022 5595 εἶναι
3050 5544 3318 5613 σημαίνει,
3343 5541 3480 5594 ἀλλά
3510 5542 3653 5604 ἰδίως
3672 5542 3773 5611 τὴν

2205 5641 2344 5693 κατά
2370 5638 2526 5707 φύσιν
2556 5636 2827 5689 οἰκείωσιν
2855 5634 2941 5687 διὰ
2966 5634 3058 5686 τοῦ
3081 5634 3482 5705 σημαινομένου
3512 5633 3773 5703 παρίστη-

2207 5748 2309 5793 σιν,
2339 5730 2414 5793 ὡς
2442 5730 2601 5791 αὑτός
2630 5744 2790 5797 φησιν
2816 5729 2843 5779 ό
2874 5726 3154 5793 Εὑνόμιος·
3220 5725 3311 5776 καὶ
3342 5723 3585 5794 γέννημα
3612 5720 3769 5793 aput,

2203 5815 2343 5880 οἶνος
2370 5819 2437 5871 οὔ
2451 5817 2682 5884 λέγεται,
2716 5816 2808 5868 καὶ
2837 5815 3149 5884 γεννήματα
3178 5812 3284 5865 τῶν
3313 5813 3555 5883 ἐχιδνῶν,
3590 5811 3773 5878 καθώς

2205 5927 2336 5979 φησι
2390 5908 2445 5961 τὸ
2493 5906 2850 5976 Εὑαγγέλιον,
2903 5906 3055 5976 ὄφεις
3103 5903 3211 5961 alat
3258 5904 3351 5957 καὶ
3399 5904 3459 5957 οὑ
3502 5902 3774 5976 1:966:74-
