4138 6364
334 529 449 588 σοι

1472 537 1752 594 εοΝτιιΑ
1787 504 2176 609 ΕιιΝοιιιιιιι,
2211 542 2342 596 LIB.
2381 545 2473 598 ιιι.

3477 547 3582 607 661

336 642 494 706 δῆλον
524 644 607 698 ὅτι
640 646 732 699 καὶ
759 647 854 700 ἐπὶ
885 647 977 701 τοῦ
1003 649 1340 720 Μονογενοῦς
1377 653 1410 722 ἦ
1444 669 1503 705 τε
1533 651 1627 706 τοῦ
1651 653 1782 705 Υίοῦ
1809 655 1905 707 καὶ

2011 656 2178 716 bibet.
2207 663 2266 711 ut
2294 659 2408 728 ipse
2453 665 2700 711 au.umat
2738 656 3071 725 Eunomius;
3097 667 3152 716 et
3183 669 3446 732 gennema
3473 664 3590 720 sive

337 735 430 788 τοῦ
477 737 810 808 γεννήματος
847 741 1185 812 προσηγορία
1270 744 1370 797 οὑκ
1409 745 1474 798 ἂν
1503 745 1641 814 πρὸς
1685 747 1743 798 τὸ
1791 747 1911 800 ἑτε-

342 827 560 894 ρογενὲς
615 829 726 899 ἔχει
766 829 864 901 τὴν
896 834 1235 904 οίκειότητα’
1295 834 1408 888 ἀλλ’
1447 837 1603 906 εἴπερ
1640 837 1778 890 κατά
1819 837 1910 890 τὸν

340 918 494 986 λόγον
535 921 644 974 τῶν
711 923 1044 979 ὑπεναντίων
1086 929 1179 981 καὶ
1228 927 1470 998 γέννημα
1511 927 1761 995 λέγεται,
1815 929 1911 982 καὶ

341 1010 482 1064 κατὰ
503 1011 602 1084 τὴν
634 1009 823 1082 φύσιν,
877 1017 952 1080 ὠς
985 1019 1356 1088 ὁμολογοῦσιν,
1404 1021 1549 1072 ἐστὶν
1581 1023 1613 1090 ἡ
1652 1020 1741 1073 τοῦ
1777 1021 1908 1075 Υῐοῦ

341 1103 551 1174 κλῆσις,
583 1107 683 1177 τῆς
713 1109 900 1172 οὐσίας
930 1112 1044 1163 ἐστὶ
1074 1113 1289 1175 πάντως
1332 1112 1425 1164 τοῦ
1467 1112 1850 1181 γεγεννηκότος
1881 1114 1910 1166 ὁ

340 1193 490 1261 Υἱὸς,
518 1197 620 1250 οὑκ
649 1198 808 1251 ἄλλου
831 1203 973 1263 τινὸς
1000 1202 1107 1254 τῶν
1141 1202 1244 1266 ἔξω
1269 1202 1653 1274 θεωρουμένων
1682 1202 1780 1272 τῆς
1812 1203 1911 1271 φύ-

341 1304 496 1351 σεως.
549 1289 612 1341 Ei.
634 1289 690 1342 δὲ
732 1290 941 1344 ἐκεῖθεν
990 1293 1205 1362 ἀληθῶς
1239 1295 1406 1356 ἐστιν,
1455 1295 1552 1347 οὑκ
1581 1295 1912 1359 ἀπεξὲνωται

340 1379 556 1442 πάντως
588 1379 681 1432 τοῦ
709 1381 829 1435 ὅθεν
850 1383 1016 1448 ἐστὶν,
1036 1381 1113 1447 ὥς
1132 1385 1222 1438 καὶ
1253 1386 1310 1437 ὲν
1335 1389 1443 1448 τοῖς
1470 1384 1649 1450 ἄλλοις
1669 1385 1878 1457 ἐδείχθη
1898 1403 1911 1417 ‘

337 1471 420 1524 δτι
455 1475 562 1526 πᾶν
586 1474 646 1526 τὸ
677 1475 932 1543 γεννητὸν
959 1476 1022 1529 ἐκ
1053 1493 1196 1541 τινος
1226 1477 1486 1544 ὑποστὰν,
1518 1479 1777 1549 ὁμογενὲς
1799 1481 1914 1533 ἐστι

338 1561 557 1627 πάντως
584 1563 662 1635 τῷ
698 1564 758 1628 ἐξ
783 1560 842 1620 οῦ
875 1567 1117 1635 γέγονεν.

2019 749 2231 804 l'ruel'us
2264 765 2501 819 quercus
2550 751 2734 804 vinum
2784 768 2893 806 non
2930 753 3160 818 dicitur,
3212 766 3266 808 et
3311 755 3587 817 genimina

2017 839 2133 894 sive
2186 843 2474 912 progenies
2514 842 2857 911 viperarum,
2900 845 3045 898 sicut
3097 846 3340 915 loquitur
3385 846 3586 901 alicubi

2019 931 2369 1003 Evangelium
2419 935 2487 997 ”.
2531 945 2812 1005 serpentes
2844 948 2971 990 sunt
3014 945 3068 991 et
3119 953 3225 990 non
3271 954 3420 1001 oves,
3464 954 3588 1008 per-

2019 1025 2266 1094 Spicuum
2289 1036 2370 1080 est
2396 1027 2539 1096 quod
2557 1039 2608 1082 et
2632 1029 2686 1081 in
2712 1028 3004 1098 Unigenito
3035 1031 3149 1083 sive
3181 1031 3274 1083 ﬁlii
3316 1032 3427 1085 sive
3455 1046 3589 1100 gen-

2017 1117 2250 1169 nematis
2271 1118 2562 1185 appellatio
2593 1131 2873 1188 nunquam
2932 1121 2997 1173 ad
3029 1121 3078 1174 id
3111 1123 3248 1186 qttotl
3278 1134 3352 1174 est
3389 1119 3586 1174 diversi

2015 1206 2230 1274 generis
2273 1209 2738 1263 necessitudinem
2800 1201 3144 1268 habenused
3170 1203 3213 1257 si
3237 1207 3450 1276 quidem
3499 1227 3586 1263 se-

2017 1299 2256 1350 cundum
2311 1300 2747 1355 adversariorum
2794 1301 3060 1357 rationem
3113 1303 3273 1356 etiam
3321 1317 3585 1369 genucula

2018 1388 2240 1453 dicitur,
2307 1401 2470 1462 atque
2533 1394 2696 1448 etiam
2753 1394 3052 1449 secundum
3116 1403 3384 1458 naturam,
3443 1395 3585 1447 sicut

2017 1483 2365 1546 conﬁtentur,
2387 1494 2471 1540 est
2503 1483 2620 1538 Filii
2669 1487 2996 1552 nominatio,
3030 1488 3278 1542 essentia:
3317 1497 3398 1540 est
3428 1497 3585 1555 pror-

2019 1586 2115 1627 sus
2142 1572 2263 1640 ejus
2293 1570 2800 1642 qnigenuitFilius.
2839 1593 2950 1632 non
2980 1587 3189 1633 naturae
3222 1579 3362 1634 alius
3396 1578 3586 1647 cujus-

337 1669 500 1723 quam
534 1671 722 1710 eoruut
752 1675 872 1728 qua:
921 1669 1074 1714 extra
1129 1660 1577 1720 considerantur.
1635 1663 1790 1731 Quod
1853 1661 1899 1718 si
1940 1663 2093 1719 illinc
2122 1681 2251 1722 vere
2278 1675 2384 1730 est,
2419 1683 2530 1721 non
2560 1676 2643 1722 est
2675 1683 2905 1737 prorsus
2932 1670 3142 1725 alienus
3182 1673 3250 1726 ab
3310 1687 3374 1726 eo
3441 1675 3585 1726 unde

336 1756 440 1811 est,
486 1750 627 1805 sicut
670 1751 725 1806 in
767 1753 888 1809 aliis
927 1757 1368 1810 demonstratum.
1433 1766 1552 1823 est;
1604 1762 1730 1827 quia
1776 1746 1960 1813 omne.
1987 1758 2228 1828 genitum
2279 1774 2342 1814 ex
2393 1759 2578 1830 aliquo
2632 1761 2942 1817 subsistens
2982 1762 3228 1832 ejusdem
3264 1764 3425 1834 plane
3500 1772 3584 1819 est

339 1845 552 1914 generis
583 1853 635 1898 et
661 1853 868 1900 naturae
896 1863 1019 1902 cum
1048 1864 1113 1903 eo
1142 1865 1206 1904 ex
1234 1865 1343 1920 quo
1366 1853 1609 1921 genitura
1644 1857 1750 1904 est.

405 1936 470 1989 Εί
501 1936 558 1989 δέ
578 1954 660 1999 τις
680 1939 935 2012 ἀπαιτοίη
957 1941 1056 2011 τῆς
1074 1940 1221 2005 θείας
1243 1942 1430 2006 οὐσίας
1468 1940 1764 2015 ἑρμηνείαν
1783 1943 1904 1998 τινὰ

2080 1939 2233 2005 Quod
2284 1938 2330 1993 si
2380 1938 2504 2008 quis
2542 1939 2739 1994 divinm
2770 1940 3022 1994 essentia:
3068 1939 3578 2010 interpretationem

337 2027 429 2080 καὶ
453 2029 774 2098 ὑπογραφὴν
805 2031 899 2084 καὶ
931 2031 1213 2103 ἐξήγησιν,
1257 2033 1488 2104 ἀμαθεῖς
1511 2029 1653 2086 εἶναι
1677 2033 1775 2102 τῆς
1801 2049 1911 2085 τοι-

336 2118 503 2186 αὑτης
523 2121 713 2185 σοφίας
741 2122 840 2173 οὐκ
861 2123 1207 2193 ἀρνησόμεθα
1223 2140 1237 2154 ⁸
1255 2123 1507 2177 τοσοῦτον
1527 2122 1911 2193 ὁμολογοῦντες

339 2216 514 2284 μόνον,
542 2218 621 2269 δτι
652 2218 749 2270 οὑκ
777 2217 892 2271 ἔστι
921 2218 983 2272 τὸ
1025 2219 1274 2289 ἀόριστον
1307 2222 1448 2274 κατὰ
1476 2221 1574 2291 τὴν
1609 2220 1768 2289 φύσιν
1793 2221 1910 2273 ἐπι·-

335 2309 456 2380 νοίᾳ
502 2310 606 2363 τινὶ
649 2312 908 2381 ῥημάτων
950 2311 1328 2384 διαληφθῆναι.
1383 2313 1456 2366 Τὸ
1503 2313 1610 2383 γὰρ
1658 2312 1730 2383 μὴ
1769 2313 1910 2382 ἔχειν

333 2405 457 2472 ὅρον
484 2403 582 2474 τὴν
610 2403 760 2459 θείαν
798 2403 1206 2475 μεγαλωσύνην,
1238 2407 1271 2476 ἡ
1299 2405 1602 2476 προφητεία
1627 2405 1724 2475 βοᾷ
1755 2404 1908 2475 διαῤ-

335 2495 502 2570 ῥήδην
533 2495 880 2567 κηρύσσουσα
901 2513 916 2527 ο
947 2497 1028 2549 ὅτι
1063 2498 1159 2567 τῆς
1192 2496 1680 2567 μεγαλοπρεπείας,
1705 2496 1804 2564 τῆς
1828 2494 1911 2547 δό-

335 2584 451 2653 ξης,
481 2583 581 2654 τῆς
628 2585 935 2656 ἁγιωσύνης
976 2585 1142 2639 αὑτοῦ
1172 2586 1271 2638 οὑκ
1311 2585 1425 2638 ἔστι
1453 2585 1647 2655 πέρας.
1677 2585 1737 2637 El
1763 2584 1820 2637 δὲ
1843 2582 1912 2636 τὰ

334 2678 462 2748 περὶ
510 2676 670 2730 αὑτὸν
717 2677 1065 2748 ἀπεράτωτα,
1097 2676 1230 2730 πολὺ
1282 2675 1480 2745 μᾶλλον
1517 2675 1680 2738 αὑτὸς
1708 2677 1910 2738 ἐκεῖνος

335 2769 456 2820 κατ’
488 2767 673 2819 οὑσίαν
722 2767 751 2820 ὃ
799 2767 853 2820 τί
903 2767 1033 2821 ποτέ
1066 2767 1234 2831 ἐστιν,
1269 2767 1441 2820 οὑδενὶ
1467 2766 1576 2837 ὅρῳ
1608 2767 1728 2819 κατ’
1762 2766 1910 2819 οὐδὲν

338 2861 503 2930 μέρος
531 2851 973 2928 διαλαμϐάνεται.
1011 2859 1072 2912 Εἰ
1097 2854 1189 2913 οὖν
1222 2860 1256 2929 ἡ
1290 2859 1376 2912 διά
1415 2857 1524 2912 τῶν
1557 2858 1831 2928 ὀνομάτων
1851 2875 1908 2911 τε

335 2951 430 3002 καὶ
458 2950 716 3020 ῥημάτων
741 2949 1004 3020 ἑρμηνεία
1031 2948 1386 3018 διαλαμϐάνει
1412 2966 1530 3012 πως
1563 2951 1630 3019 τῇ
1666 2949 1910 3018 σημασίᾳ

332 3042 395 3098 τὸ
425 3043 780 3114 ὑποκείμενον
807 3060 822 3074 ⁸
852 3042 914 3094 τὸ
938 3042 995 3095 δὲ
1020 3041 1270 3114 ἀόριστον
1297 3041 1695 3113 περιληφθῆναι
1724 3043 1782 3094 οὑ
1821 3040 1912 3092 δύ-

334 3149 490 3187 ναται
512 3151 526 3164 ο
558 3135 657 3187 οὑκ
683 3133 748 3188 άν
771 3150 856 3196 τις
895 3133 1118 3196 εἰκότως
1165 3132 1263 3203 τὴν
1298 3131 1537 3203 ἀμαθίαν
1555 3131 1708 3202 ἡμῶν
1738 3131 1911 3183 αἰτιά-

337 3239 511 3285 σαιτο,
568 3223 642 3294 μὴ
684 3224 1099 3296 θρασυνομένων
1120 3223 1260 3276 κατά
1295 3223 1402 3277 τῶν
1424 3222 1763 3292 ἀτολμήτων.
1792 3221 1909 3273 Τίνι

334 3314 442 3385 γὰρ
479 3313 700 3384 ὀνόματι
740 3313 975 3368 διαλάϐω
1025 3313 1086 3367 τὸ
1135 3314 1538 3385 ἀπερίληπτον;
1600 3314 1697 3368 Διά
1749 3314 1906 3377 ποίας

335 3409 516 3478 φωνῆς
545 3406 843 3475 ὲξαγγείλω
867 3407 928 3460 τὸ
952 3404 1364 3478 ἀνεκφὼνητον;
1413 3406 1565 3459 Ἐπεὶ
1604 3403 1696 3460 οὖν
1729 3409 1908 3478 κρείτ-

333 3499 424 3552 τόν
464 3501 578 3552 ἐστι
631 3499 726 3552 καὶ
757 3498 1085 3570 ὑψηλότερον
1122 3498 1222 3568 τῆς
1250 3497 1612 3568 όνομαστικῆς
1635 3498 1908 3569 σημασίας

333 3590 395 3642 τὸ
421 3584 595 3652 Θεῖον,
613 3591 792 3660 σιωπῆ
821 3591 985 3660 τιμᾷν
1019 3588 1086 3642 τά
1111 3589 1248 3660 ὑπὲρ
1277 3589 1433 3658 λόγον
1462 3607 1518 3642 τε
1550 3590 1645 3642 καὶ
1669 3590 1904 3642 διάνοιαν

340 3678 752 3751 μεμαθήκαμεν.
792 3680 909 3734 Κᾶν
931 3680 1232 3753 ὲπεμϐαίνῃ
1256 3685 1321 3753 τῇ
1353 3682 1605 3752 εὐλαϐείᾳ
1621 3681 1788 3752 ταύτῃ
1810 3679 1903 3733 τοῦ

333 3770 490 3838 λόγου
517 3770 542 3822 ὁ
569 3770 922 3840 ὑπερφρονῶν
949 3773 1078 3842 παρ’
1099 3771 1127 3822 ὃ
1151 3771 1228 3823 δεῖ
1245 3774 1479 3841 φρονεῖν,
1506 3773 1563 3824 ὲν
1587 3770 1780 3839 γέλωτι
1805 3769 1904 3841 τὴν

335 3863 573 3933 ἀμαθίαν
598 3863 755 3933 ἡμῶν
782 3862 880 3933 τὴν
912 3864 1038 3933 περὶ⁸
1081 3863 1188 3916 τῶν
1219 3863 1617 3932 ἀκαταλήπτων
1644 3862 1902 3932 ποιούμε-

334 3966 442 4013 νος,
483 3950 575 4002 καὶ
605 3949 698 4002 τοῦ
729 3951 1133 4020 ἀσηματίστου
1168 3951 1260 4004 καὶ
1290 3953 1538 4022 ἀορίστου
1577 3952 1669 4006 καὶ
1699 3949 1903 4022 ἀμεγέ-

334 4038 458 4102 boat;
491 4038 584 4092 καὶ
605 4039 828 4101 ἀπόσου,
845 4041 1055 4111 Πατρός
1080 4059 1138 4094 τε
1161 4041 1302 4110 λέγω
1329 4043 1424 4096 καὶ
1452 4042 1580 4096 Υίοῦ
1619 4045 1711 4096 καὶ
1733 4043 1902 4095 1]νεὺ-

338 4147 506 4200 ματος
549 4130 727 4196 ἀγίου,
779 4132 876 4202 τὴν
929 4131 1072 4185 κατὰ
1136 4132 1196 4185 τὸ
1245 4133 1494 4204 ἀνόμοιον
1555 4133 1901 4201 ἐπιγινώσκει

335 4220 707 4292 παραλλαγὴν,
754 4223 848 4275 καὶ
893 4222 1153 4294 προφέρει
1199 4223 1356 4276 τοῦτο
1388 4223 1522 4293 πρὸς
1561 4222 1778 4293 ἔλεγχον
1802 4224 1902 4293 τῆς

335 4313 571 4383 ἀμαθίας
608 4312 784 4383 ἡμῶν,
841 4312 869 4366 ὑ
916 4313 1153 4383 συνεχῶς
1185 4313 1330 4385 παρά
1366 4313 1474 4366 τῶν
1506 4313 1760 4384 μαθητῶν
1802 4314 1901 4382 τῆς

335 4406 547 4474 ἀπάτης
573 4406 939 4474 προτείνεται·
968 4404 1050 4469 τὸ,
1103 4404 1296 4474 Ὑμεῖς
1315 4405 1705 4474 προσκυνεῖτε
1742 4405 1773 4458 ὃ
1790 4407 1899 4459 οὐκ

334 4501 552 4564 οἴδατε,
571 4503 618 4553 εἰ
641 4501 739 4572 τὴν
759 4501 946 4553 οὑσίαν
961 4500 1053 4554 τοῦ
1085 4518 1384 4572 προσκυνου
1392 4501 1551 4572 μένου
1573 4503 1673 4555 οὑκ
1699 4502 1893 4555 οἴδατε·

334 4592 394 4645 οὑ
430 4592 845 4663 φοϐηθησόμεθα
874 4593 1010 4646 κατά
1037 4593 1132 4664 τὴν
1168 4592 1473 4664 συμϐουλὴν
1497 4594 1590 4647 τοῦ
1619 4597 1895 4666 προφήτου
1931 4615 1974 4669 ι)

332 4682 423 4735 τὸν
448 4683 744 4752 ὀνειδισμὸν
767 4683 874 4736 τῶν
906 4685 1155 4755 ἀφρόνων
1178 4701 1189 4713 ·
1220 4684 1339 4737 οὐδὲ
1367 4685 1453 4738 διὰ
1481 4684 1570 4737 τὸν
1600 4685 1900 4754 φαυλισμδν

334 4773 511 4826 αὐτῶν
561 4774 702 4826 κατά
739 4774 846 4826 τῶν
893 4775 1286 4845 ἀνεκφωνὴτων
1339 4775 1858 4846 θρασυστομήσομεν
1885 4793 1898 4807 ”

332 4863 423 4916 τὸν
456 4863 667 4933 ἰδιώτην
720 4863 797 4933 τῷ
854 4864 995 4934 λόγῳ
1034 4862 1241 4917 Παῦλον
1278 4863 1595 4916 διδάσκαλον
1631 4864 1736 4917 τῶν
1764 4864 1901 4936 ὑπὲρ

333 4953 533 5022 γνῶσιν
576 4954 890 5024 μυστηρίων
930 4953 1271 5025 ποιούμενον
1315 4953 1374 5016 ὃς
1418 4953 1666 5007 τοσοῦτον
1714 4956 1903 5025 ἀπέχει

333 5040 428 5097 τοῦ
449 5047 545 5115 τὴν
572 5044 721 5098 θείαν
750 5043 908 5112 φύσιν
933 5045 1083 5107 ἐντὸς
1123 5044 1222 5113 τῆς
1251 5044 1596 5115 ἀνθρωπίνης
1628 5045 1904 5116 περινοίας

334 5137 560 5199 οἴεσθαι,
595 5135 669 5199 ὡς
701 5136 884 5189 καὶτὰ
922 5135 1163 5207 κρίματα
1201 5136 1297 5188 τοῦ
1341 5136 1473 5189 Θεοῦ
1511 5137 1906 5209 ἀνεξερεύνητα

336 5225 533 5294 λέγειν,
566 5227 660 5280 καὶ
690 5227 788 5291 τὰς
805 5226 953 5290 όδοὺς
975 5226 1426 5297 ἀνεξιχνιάστους.
1441 5228 1533 5280 καὶ
1552 5227 1623 5280 τά·
1636 5230 1748 5291 τοῖς
1771 5230 1906 5296 ἀγα-

337 5315 510 5367 πῶσιν
541 5316 700 5368 αὑτὸν
729 5315 867 5387 ὑπὲρ
893 5315 1002 5367 τῶν
1033 5316 1089 5366 ὲν
1125 5314 1204 5384 τῷ
1239 5314 1337 5385 βίῳ
1369 5309 1503 5378 τῷδε
1537 5315 1904 5386 κατορθωθέν⁴

336 5423 443 5460 των
472 5407 872 5478 ἐτηγγελμένα,
905 5409 1043 5479 ὑπὲρ
1073 5407 1372 5478 κατάληψιν
1414 5403 1552 5460 εἶναι
1581 5408 1907 5480 διισχυρίζε-

340 5497 462 5551 σθαι
483 5515 496 5528 ·
529 5499 604 5560 ὡς
639 5501 775 5569 μήτε
802 5499 1063 5569 ὀφθαλμῷ
1094 5499 1296 5559 λαϐεῖν.
1333 5500 1467 5570 μήτε
1495 5501 1631 5570 ἀκοῇ
1661 5500 1900 5570 παραδέ-

341 5588 550 5652 ξασθαι,
579 5590 712 5658 μήτε
747 5588 972 5660 καρδίαν
1011 5589 1256 5660 χωρῆσαι
1283 5587 1501 5643 δυνατὸν
1535 5584 1692 5643 εῖναι.
1723 5591 1904 5645 Ταῦτα

336 5678 514 5730 τοίνυν
558 5677 816 5748 μαθόντες
866 5677 972 5730 ἀπὸ
1009 5675 1102 5730 τοῦ
1149 5677 1379 5739 Παύλου,
1425 5676 1744 5747 θαρροῦντες
1770 5681 1906 5731 ἀπο-

339 5769 662 5840 φαινόμεθα,
716 5770 799 5822 δτι
852 5769 912 5822 οὑ
952 5769 1109 5839 μόνον
1139 5769 1206 5822 τὰ
1250 5770 1490 5841 κρίματα
1511 5769 1602 5822 τοῦ
1636 5769 1770 5822 Θεοῦ
1807 5770 1906 5840 τῆς

408 5951 455 5990 ³³
489 5951 675 6007 Matth.
722 5966 803 6016 ιιι,
837 5950 890 6005 7.
967 5949 1436 6018 “Psal.cutv,'3.

1551 5950 1592 5984 ἰ
1615 5947 1767 6006 Joan.
1800 5966 1872 6017 tv,
1901 5949 1990 6010 ἥ.

2016 2033 2278 2102 postulet,
2315 2039 2369 2083 et
2407 2030 2826 2098 descriptionem
2859 2042 3023 2100 atque
3046 2034 3466 2096 enarrationem,
3501 2033 3587 2086 in-

2020 2121 2211 2177 doctos
2261 2136 2382 2175 esse
2430 2135 2530 2174 nos
2576 2129 2631 2175 et
2684 2120 2904 2190 ignaros
2962 2122 3084 2176 talis
3143 2123 3424 2192 sapientia:
3472 2139 3582 2177 non

2011 2210 2415 2264 lnﬁciabimur:
2449 2208 2624 2264 solum
2657 2210 2761 2264 hoc
2793 2218 3003 2264 tantum
3048 2212 3393 2276 conﬁtentes,
3434 2214 3581 2282 quod

2013 2303 2280 2356 inﬁnitum
2311 2309 2394 2356 est
2438 2301 2740 2356 secundum
2797 2309 3046 2356 naturam
3099 2305 3246 2358 nullo
3291 2303 3584 2359 verborum

2011 2404 2279 2466 conceptu
2330 2396 2718 2464 comprehendi
2773 2411 2958 2464 posse.
2998 2393 3134 2450 Nam
3193 2398 3431 2452 divinam
3465 2415 3584 2452 ma-

2007 2487 2258 2557 jestatem
2310 2489 2417 2538 non
2457 2485 2660 2540 habere
2693 2485 2983 2539 terminum
3019 2502 3122 2541 nec
3157 2503 3319 2557 posse
3344 2487 3584 2541 cireum-

2011 2579 2200 2641 scribi,
2241 2577 2528 2647 prophetia
2566 2577 2712 2631 clare
2743 2577 2986 2631 clamitat
3016 2587 3071 2632 et
3103 2580 3361 2648 praedicat
3393 2595 3406 2631 :
3437 2581 3582 2650 quod

2011 2669 2450 2738 magniﬁcentiae,
2513 2669 2718 2738 gloriae,
2772 2668 3228 2725 sanctiﬁcatiOnis
3280 2670 3403 2739 ejus
3472 2688 3582 2726 non

2009 2770 2094 2817 est
2137 2761 2261 2816 ﬁnis
2317 2761 2385 2814 ³⁰.
2440 2760 2594 2826 Quod
2635 2761 2680 2815 si
2710 2777 2832 2830 qum
2875 2770 3003 2816 sunt
3047 2763 3196 2817 circa
3237 2763 3414 2832 ipsum
3463 2765 3586 2818 inli-

2011 2840 2309 2913 nita'sunt,
2348 2853 2518 2905 multo
2565 2854 2738 2922 magis
2779 2853 2869 2908 ille
2905 2854 3021 2923 ipse
3063 2857 3361 2909 secundum
3397 2870 3586 2909 essen-

2010 2945 2139 2998 tiam
2171 2943 2436 3013 quidquid
2472 2954 2650 2998 tamen
2700 2953 2784 2998 est
2811 2946 2961 2998 nullo
2990 2946 3225 2998 termino
3255 2947 3400 2999 nulla
3433 2957 3586 3015 parte

2011 3035 2519 3104 comprehenditur.
2564 3035 2618 3089 Si
2653 3036 2821 3106 igitur
2847 3037 3230 3106 interpretatio
3256 3053 3376 3106 quae
3400 3041 3458 3091 lit
3489 3055 3587 3108 per

2012 3126 2231 3180 nomina
2266 3136 2319 3182 et
2354 3128 2515 3181 verba
2563 3129 2952 3196 complectitur
2981 3129 3382 3198 quodammodo
3414 3120 3586 3198 signi:-

2013 3216 2265 3272 lieatione
2313 3218 2457 3287 q-uod
2509 3219 2834 3288 subjicitur;
2883 3220 3027 3288 quod
3075 3228 3256 3274 autent
3311 3219 3583 3274 inﬁnitum

2011 3316 2094 3362 est
2127 3323 2234 3362 non
2271 3317 2448 3378 potest
2494 3309 2924 3378 comprehendi;
2959 3310 3144 3364 nullus
3179 3309 3375 3362 merito
3416 3309 3586 3364 insci-

2009 3402 2137 3454 tiam
2174 3412 2418 3455 nostram
2441 3400 2764 3469 culpaverit,
2801 3401 2945 3471 quod
2971 3401 3038 3456 de
3064 3415 3169 3454 non
3187 3402 3453 3456 audendis
3474 3417 3582 3455 non

2007 3491 2268 3546 audacter
2323 3492 2634 3560 loquamur.
2677 3491 2926 3558 Quonam
2979 3483 3134 3546 enim'
3179 3493 3402 3547 nomine
3435 3492 3584 3562 quod

2008 3583 2562 3654 incomprehensibile
2582 3592 2666 3640 est
2699 3582 3074 3654 complectar?
3103 3581 3222 3649 Qua
3245 3598 3379 3638 voce
3407 3600 3586 3638 enun-

2005 3677 2153 3731 tiabo
2198 3677 2344 3747 quod
2375 3677 2526 3731 nulla
2559 3691 2692 3732 voce
2721 3676 2954 3746 exprimi
2979 3684 3033 3734 et
3058 3675 3335 3730 enuntiari
3361 3676 3587 3746 potest?

2005 3769 2272 3836 Quoniam
2299 3767 2464 3840 igitur
2479 3767 2709 3822 Numen)
2731 3765 2925 3821 melius
2938 3773 3022 3819 est
3043 3771 3301 3837 omnique
3321 3770 3582 3825 nominali

2005 3858 2365 3929 signiﬁcantia
2385 3859 2678 3919 excelsius,
2705 3872 2825 3926 quae
2845 3857 3150 3911 orationem
3170 3873 3384 3912 omnem
3405 3867 3459 3914 et
3488 3875 3586 3914 co.

2004 3949 2319 4019 gitationem
2338 3958 2595 4018 superant
2633 3949 2850 4003 silentio
2867 3949 3047 4004 colere
3063 3957 3118 4003 et
3137 3950 3366 4004 adorare
3388 3951 3584 4006 didici-

2005 4057 2145 4096 mus.
2167 4039 2232 4094 Et
2252 4041 2296 4094 si
2328 4041 2380 4094 in
2404 4042 2544 4094 hanc
2576 4041 2719 4110 piam
2746 4041 3056 4096 cautionem
3083 4042 3200 4096 sive
3221 4043 3589 4096 reverentiam

2003 4132 2275 4186 sermonis
2299 4131 2542 4195 insultet,
2561 4131 2651 4186 ille
2672 4131 2763 4201 qui
2793 4132 3149 4200 sapiteximie
3166 4148 3330 4202 supra
3361 4136 3409 4187 id
3434 4135 3583 4204 quod

2002 4236 2193 4290 sapere
2207 4231 2439 4291 oportet.
2465 4230 2711 4276 nostram
2729 4221 2798 4276 de
2828 4222 3477 4293 incomprehensibilibus
3499 4227 3587 4280 in-

2002 4313 2212 4367 scitiam
2231 4313 2484 4378 irridens,
2517 4321 2682 4382 atque
2705 4312 2825 4381 ejus
2856 4314 3002 4383 quod
3036 4314 3221 4385 [ἰείη-ιε
3249 4331 3445 4385 expers
3475 4326 3589 4383 est,

2001 4405 2146 4474 quod
2195 4403 2461 4459 inﬁnitum
2506 4414 2610 4467 est,
2649 4405 2793 4474 quod
2825 4406 3202 4476 magnitudine
3230 4416 3402 4471 caret,
3435 4407 3592 4480 quod‘

2000 4501 2261 4566 quantum
2310 4503 2552 4560 nonest,
2596 4493 2775 4550 Patris
2806 4495 2932 4550 dico
2974 4506 3026 4551 et
3070 4496 3192 4552 Filii
3251 4507 3307 4552 et
3341 4499 3588 4569 Spiritus

2001 4587 2194 4652 sancti,
2230 4585 2529 4640 secundum
2563 4585 2831 4642 dissimile
2866 4588 3152 4655 cognoscit
3188 4587 3586 4657 differentiam,

2001 4684 2055 4730 et
2080 4675 2183 4730 hoc
2210 4674 2418 4745 profert
2449 4675 2516 4729 ad
2550 4684 2754 4731 nostra:
2797 4675 3033 4731 inscitia:
3065 4679 3580 4747 reprehensionem,

2002 4767 2144 4836 quod
2181 4767 2445 4820 continuo
2498 4767 2567 4822 ab
2621 4767 2829 4822 erroris
2883 4768 3173 4837 discipulis
3204 4771 3588 4838 protenditur,

2004 4859 2108 4913 hoc
2141 4874 2358 4927 nempe,
2419 4857 2523 4912 Vos
2555 4859 2795 4912 adoratis
2843 4859 2983 4927 quod
3022 4861 3234 4913 nescitis
3284 4863 3362 4925 ³⁸,
3415 4863 3462 4917 si
3493 4878 3589 4916 es—

2005 4951 2235 5006 sentiam
2279 4949 2400 5017 ejus
2448 4950 2542 5019 qui
2575 4951 2841 5004 adoratur
2881 4951 3148 5021 ignoratis
3181 4970 3196 5006 :
3237 4968 3348 5006 non
3381 4967 3582 5008 secun-

2004 5043 2132 5098 dmn
2182 5043 2456 5112 propheta:
2504 5044 2795 5098 consilium
2835 5045 3189 5113 opprobrium
3225 5046 3588 5114 insipientem

2006 5143 2332 5200 metuemus,
2395 5149 2572 5203 neque
2630 5141 2852 5206 prepter
2903 5144 3280 5206 contemptum
3333 5139 3585 5207 ipsorum

2005 5233 2194 5276 contra
2247 5239 2310 5278 ea
2360 5240 2481 5292 quae
2533 5224 2682 5278 nulla
2734 5239 2869 5279 voce
2919 5233 3149 5294 possunt
3193 5227 3428 5296 exprimi
3492 5242 3583 5281 au-

2005 5311 2193 5368 dacter
2239 5314 2570 5384 loquemur:
2600 5313 2829 5370 Paulum
2857 5332 3111 5372 sermone
3149 5317 3462 5388 imperitum
3495 5318 3582 5372 la-

2009 5407 2241 5469 cientes,
2295 5408 2389 5478 qui
2421 5408 2686 5479 magister
2727 5408 2826 5462 fuit
2878 5412 3262 5480 mysteriorum
3294 5426 3418 5481 qua:
3451 5419 3590 5465 sunt

2007 5513 2169 5566 supra
2221 5499 2619 5568 COgnitionem;
2653 5500 2747 5570 qui
2784 5509 2997 5554 tantum
3055 5501 3210 5556 abest
3242 5509 3300 5554 ut
3339 5499 3590 5554 divinam

2009 5597 2261 5642 naturam
2308 5590 2545 5644 humana
2589 5591 2946 5660 intelligentia
2985 5599 3040 5646 et
3097 5599 3279 5644 mente
3329 5605 3591 5660 compreo'

2011 5681 2174 5736 hendi
2229 5695 2390 5751 posse
2435 5683 2735 5748 existimet,
2772 5691 2832 5738 ut
2882 5684 3043 5739 etiam
3099 5681 3192 5737 Dei
3235 5683 3442 5753 judicia
3474 5682 3583 5736 im-

2011 5774 2432 5843 perserutabilia
2479 5790 2602 5832 esse
2651 5776 2821 5844 dicat,
2867 5776 3095 5847 viasque
3138 5790 3248 5830 non
3310 5774 3590 5846 pervestio
