4138 6364
522 468 630 525 ωδ

1752 470 1812 527 s.
1852 470 2177 529 ansconu
2216 456 2513 528 Nv‘sssru

3678 474 3790 529 605

522 588 735 659 glltiles
760 587 829 651 ³³.
863 596 921 644 et
951 604 1074 659 quae
1119 588 1471 660 diligentibus
1501 589 1677 659 ipsum
1720 606 1820 659 pro
1846 590 2103 659 perfectis

2207 591 2313 645 τῶν
2346 592 2572 663 ὲρευνᾷν
2616 584 3037 660 ὲπιχειροῦντων
3082 585 3363 661 δυνάμεώς
3406 590 3555 646 ἐστιν
3584 590 3788 663 ὑψηλός

522 684 578 736 in
628 679 729 736 hac
788 680 898 734 vita
947 681 1144 737 olliciis
1175 682 1451 752 promissa
1502 693 1650 746 sunt,
1684 698 1849 751 supra
1878 698 2099 735 omnem

525 772 728 827 mentis
773 781 989 841 captum
1023 789 1146 828 esse
1176 772 1484 831 confirmet.
1536 782 1593 826 ut
1629 789 1805 842 neque
1834 790 1895 827 ea
1926 774 2103 827 oculis

524 862 729 929 videre,
771 879 948 932 neque
997 865 1185 917 auditu
1240 866 1541 934 percipere,
1587 881 1761 934 neque
1810 864 1975 918 corde
2006 880 2102 917 co-

522 957 698 1024 gitare
762 957 1054 1025 quisquam
1100 958 1273 1026 possit
1327 957 1391 1009 ³³.
1441 956 1565 1008 "me
1622 956 1789 1024 igitur
1842 971 1872 1008 a
1931 954 2102 1008 Paulo

520 1046 702 1100 edocti
744 1047 1084 1101 confidentes
1140 1062 1545 1107 asseveramns,
1586 1046 1731 1115 quod
1775 1062 1882 1100 non
1926 1048 2100 1100 solum

522 1138 724 1207 iudicia
776 1140 867 1194 Dei
900 1142 1092 1192 altiora
1139 1149 1269 1193 sunt
1304 1141 1508 1192 virtute.
1538 1155 1727 1192 eorum
1763 1141 1855 1209 qui
1891 1154 1951 1193 ea
1981 1153 2100 1209 per-

522 1232 755 1285 scrutari
796 1239 1027 1292 tentant,
1092 1230 1185 1284 sed
1237 1231 1399 1282 etiam
1447 1231 1541 1281 vite
1593 1230 1926 1299 cognitionis
1977 1229 2098 1294 ejus

521 1322 703 1377 adhuc
754 1323 913 1376 inviae
957 1329 1201 1383 manent,
1255 1321 1533 1389 nullisque
1583 1322 1825 1390 vestigiis
1852 1320 2095 1373 calcatae.

521 1414 638 1469 Hoc
679 1418 824 1470 enim
853 1416 1170 1486 Apostolum
1209 1416 1345 1469 velle
1381 1414 1693 1481 significare
1743 1414 2095 1473 arbitramur,

2202 699 2365 752 τερα·
2426 680 2561 734 ἀλλὰ
2602 680 2694 732 καὶ
2738 682 2837 749 τῆς
2886 678 3139 748 γνώσεως
3180 680 3308 742 ὁδοὶ,
3363 680 3526 750 μέχρι
3559 681 3654 733 τοῦ
3688 680 3792 733 νῦν

2204 773 2443 844 ἀτριϐεῖς
2474 790 2531 825 τε
2570 775 2663 827 καὶ
2685 772 2998 825 ἀνεπίϐατοι
3035 771 3275 840 μένουσι.
3299 772 3469 824 Τοῦτο
3498 775 3605 843 γὰρ
3626 772 3792 842 ἡγού-

2207 864 2345 934 μεθα
2371 865 2460 917 τὸν
2499 866 2814 917 Ἀπόστολον
2841 866 3081 933 σημᾶναι
3113 863 3456 933 βουλόμενον,
3487 865 3793 934 ἀνεξιχνιά-

2207 973 2359 1019 στους
2388 958 2559 1009 εἰπεῖν
2586 957 2683 1019 τὰς
2714 956 2886 1018 ὀδοὺς,
2913 958 2966 1008 αἳ
2989 957 3124 1026 πρὸς
3151 956 3211 1009 τὸ
3236 957 3621 1027 ἀκατάληπτον
3649 974 3789 1027 προ-

2205 1048 2450 1118 φέρουσι,
2498 1048 2776 1101 δεικνύντα
2825 1048 2911 1101 διὰ
2938 1048 3035 1117 τῆς
3080 1047 3297 1111 λέξεως,
3344 1049 3427 1101 ὅτι
3465 1049 3791 1111 ἀνεπίϐατός

2207 1142 2320 1192 ἐστι
2358 1140 2635 1209 λογισμοῖς
2684 1138 3042 1207 ἀνθρωπίνοις
3102 1140 3134 1208 ἡ
3201 1140 3401 1206 γνῶσις
3450 1140 3654 1209 ἐκείνη,
3690 1139 3791 1191 καὶ

2205 1230 2356 1283 οὑπω
2382 1249 2460 1294 τις
2494 1231 2792 1300 ἐπέστησεν
2821 1231 2982 1283 αὑτοῦ
3032 1231 3128 1296 τὴν
3159 1232 3399 1284 διάνοιαν
3447 1235 3513 1302 τῇ
3562 1231 3791 1302 τοιαύτῃ

2204 1322 2297 1374 τοῦ
2327 1323 2481 1390 λόγου
2514 1325 2728 1393 πορεία,
2750 1322 2871 1375 οὔτε
2893 1342 2940 1376 τι
2964 1323 3121 1392 ἴχνος,
3146 1322 3269 1375 οὔτε
3306 1327 3528 1393 σημεῖον
3553 1325 3787 1395 καταλη-

2206 1414 2404 1482 πτικῆς
2432 1414 2621 1482 ἐφόδου
2655 1418 2765 1477 τοῖς
2794 1414 3051 1483 άλήπτοις
3079 1416 3233 1484 ἐνεση
3245 1415 3465 1483 μάνατο.

521 1520 645 1561 cum
694 1507 834 1560 dixit
869 1509 984 1560 vias
1025 1507 1572 1575 impervestigabilcs.
1604 1522 1726 1575 qum
1774 1506 1840 1558 ad
1883 1505 2439 1573 incompreltcnsibile
2469 1506 2807 1575 provehunt;
2869 1506 3165 1559 ostendens
3230 1522 3325 1574 per
3389 1506 3529 1559 hanc
3587 1507 3787 1560 dictio-

523 1611 670 1657 nem,
709 1597 852 1666 quod
929 1598 1214 1649 inaccessa
1274 1606 1322 1648 et
1357 1598 1620 1665 impervia
1688 1597 1943 1650 humanis
2011 1596 2318 1651 rationibus
2382 1606 2467 1651 est
2530 1597 2618 1650 illa
2676 1597 2936 1665 cognitio,
2988 1595 3217 1649 necdum
3278 1598 3569 1666 quisquam
3628 1613 3786 1651 suam

519 1690 905 1759 cogitationem
932 1689 1168 1741 firmavit
1195 1689 1284 1740 tali
1317 1690 1548 1743 rationis
1570 1705 1885 1758 progressu,
1910 1703 2085 1757 neque
2124 1689 2295 1742 ullum
2333 1689 2623 1759 vestigium
2654 1705 2829 1758 neque
2888 1690 3104 1759 signum
3166 1690 3599 1758 comprehensivi
3668 1690 3789 1743 adi-

521 1794 610 1839 tus
658 1784 723 1835 ad
762 1782 1332 1851 incomprehensibilia
1388 1782 1667 1837 indicavit.

594 1874 721 1928 Haec
765 1875 948 1942 itaque
996 1890 1121 1925 cum
1161 1890 1228 1926 ex
1266 1888 1464 1942 magno
1510 1873 1661 1926 Pauli
1709 1874 1929 1943 ingenio
1959 1872 2102 1926 didi-

2279 1870 2462 1923 Ταῦτα
2493 1871 2668 1924 τοίνυν
2703 1872 2765 1923 ὲκ
2786 1872 2883 1941 τῆς
2903 1870 3263 1940 ἀποστολικῆς
3295 1873 3662 1941 μεγαλοφυϊας
3682 1893 3791 1945 μα..

522 1966 790 2023 eerimus.
845 1981 911 2017 ex
959 1965 1046 2019 his
1078 1980 1199 2033 qua:
1234 1964 1376 2017 dicta
1420 1975 1548 2020 sunt
1583 1967 1914 2035 colligimus.
1963 1964 2107 2033 quod

525 2055 574 2111 si
622 2052 716 2107 Dei
760 2052 969 2121 judicia
1018 2053 1165 2106 nulla
1216 2054 1658 2121 perscrutatione
1694 2062 1927 2122 possunt
1959 2054 2109 2106 inve-

523 2143 652 2204 niri,
694 2154 869 2211 neque
891 2143 989 2198 via:
1008 2142 1389 2210 pervestigari.
1430 2151 1485 2195 et
1516 2142 1782 2195 bonorum
1817 2144 2108 2211 promissio

522 2249 740 2288 omnem
785 2234 1120 2302 opinabilem
1176 2233 1551 2301 conjecturam
1593 2241 1647 2286 et
1679 2234 2109 2287 verisimilitudi-

520 2341 645 2377 nem
705 2330 950 2393 superat,
1006 2333 1216 2393 quanto
1268 2326 1439 2393 magis
1482 2325 1783 2378 secundum
1837 2325 2109 2380 ineﬂabile

520 2426 685 2485 atque
739 2415 1123 2469 inaccessibile
1153 2415 1410 2483 superius
1434 2422 1592 2468 estet
1622 2416 1894 2470 excelsius
1928 2416 2105 2485 ipsum

518 2504 733 2558 Numen
770 2503 1025 2557 omnibus
1084 2506 1171 2559 his
1219 2521 1342 2574 qua:
1392 2506 1458 2559 de
1490 2507 1609 2573 ipso
1648 2518 1829 2560 mente
1860 2515 1913 2561 ct
1945 2508 2106 2560 intel-

520 2597 663 2649 lectu
702 2597 1110 2666 concipiuntur,
1147 2614 1381 2666 quorum
1416 2608 1595 2653 tamen
1624 2599 1828 2651 nullam
1861 2614 1982 2651 esse
2014 2614 2103 2651 co-

520 2690 817 2757 gnitionem
863 2704 891 2741 a
927 2687 1038 2743 Deo
1085 2690 1315 2744 edogttts
1354 2689 1559 2744 Paulus
1606 2688 1951 2760 pronuntiat?
1984 2705 2108 2757 pro-

522 2790 707 2849 pterea
761 2784 814 2834 in
866 2780 1027 2834 nob's
1079 2782 1212 2850 ipsis
1266 2782 1660 2836 confirmamus
1704 2783 1901 2851 dogma
1959 2779 2105 2850 quod

521 2874 726 2926 subsan
756 2896 781 2923 ι.
807 2882 924 2937 tttr,
960 2888 1060 2927 nos
1093 2874 1381 2927 inferiores
1414 2890 1537 2927 esse
1572 2874 1875 2931 secundum
1912 2874 2103 2943 cogni-

522 2967 726 3017 tionem
765 2966 848 3019 his
866 2982 987 3035 quae
1008 2980 1189 3019 o:nn.s
1213 2966 1545 3035 cognitionis
1570 2966 1787 3019 modum
1812 2966 2100 3029 excedunt,

520 3058 867 3121 Confitentes,
928 3067 981 3112 et
1043 3073 1169 3111 vere
1226 3074 1328 3111 nos
1377 3057 1612 3111 adorare
1666 3058 1904 3113 dicimus
1958 3057 2103 3128 quod

521 3153 751 3206 scimus.
784 3150 1021 3205 Scimus
1078 3161 1259 3204 autem
1308 3150 1498 3220 gloriae
1551 3151 1930 3205 celsitudinem
1983 3150 2103 3217 ejus

522 3246 617 3312 qui
660 3244 943 3306 adoratur,
980 3258 1047 3297 eo
1082 3245 1224 3311 ipso,
1271 3242 1418 3311 quod
1473 3257 1581 3297 nou
1632 3243 1910 3311 possimus
1942 3243 2103 3295 ratio-

520 3338 685 3391 ni'ous
732 3334 1218 3404 comprehendere,
1271 3336 1610 3389 mstimantes
1666 3334 2100 3402 magnitudinem

522 3428 1017 3497 incxrogitabilem,
1073 3434 1127 3479 et
1172 3427 1317 3496 quod
1374 3443 1402 3479 a
1454 3425 1685 3479 Domino
1746 3426 2105 3478 Samaritana:

519 3518 727 3571 dictum
764 3526 868 3579 est,
902 3527 954 3569 et
985 3526 1171 3568 contra
1205 3532 1305 3570 nos
1340 3517 1408 3569 ab
1442 3516 1775 3569 adversariis
1808 3517 2102 3583 prolatum,

521 3610 695 3678 tuagis
739 3612 957 3677 proprie
985 3608 1249 3662 adversus
1290 3609 1412 3661 illos
1447 3608 1682 3661 dicatur.
1727 3607 1827 3660 Vos
1864 3607 2103 3660 adoratis

522 3703 663 3773 quod
706 3702 940 3764 nescitis,
997 3701 1173 3769 inquit
1211 3700 1475 3754 Dominus
1508 3700 1573 3751 ad
1609 3699 2004 3753 Samaritanam
2034 3699 2101 3762 ",

523 3793 908 3862 corporalibus
942 3793 1153 3846 notitiis
1183 3792 1235 3845 in
1277 3791 1727 3893 opitiionibtts‘ie
1771 3791 1878 3845 Deo
1904 3807 2105 3859 praeoc-

526 3895 807 3955 «upalam,
866 3885 1029 3953 cujus
1098 3899 1279 3938 sermo
1342 3884 1603 3953 prmclare
1667 3883 2099 3952 perstringitur:

527 3977 674 4047 quod
695 3976 1025 4031 Samaritani
1062 3976 1227 4031 Dettm
1260 3992 1318 4030 se
1352 3976 1585 4029 adorare
1604 3982 1881 4044 putantes,
1910 3973 2104 4029 deinde

526 4070 698 4126 Deum
738 4069 1101 4138 corporaliter
1135 4070 1258 4121 loco
1292 4068 1532 4121 insidere
1577 4067 1930 4128 arbitrantes,
1967 4082 2103 4119 voce

525 4171 687 4216 tenus
733 4160 942 4221 colunt,
996 4158 1143 4213 aliud
1185 4158 1442 4229 quiddam
1499 4162 1681 4227 potius
1735 4173 1897 4225 quam
1935 4156 2101 4211 Deum

527 4256 842 4309 adorantes.
894 4250 1039 4305 Nihil
1076 4252 1221 4305 enim
1265 4250 1411 4320 quod
1459 4251 1580 4303 loco
1627 4249 2101 4316 circumscriptum

524 4345 869 4413 intelligitur,
908 4341 1119 4397 Numen
1142 4350 1248 4396 est.
1298 4340 1404 4395 Sed
1450 4339 1726 4409 proprium
1749 4338 2101 4397 estDeitatis,

528 4437 732 4504 ubique
777 4450 901 4488 esse
955 4442 1008 4486 et
1040 4448 1133 4501 per
1168 4432 1349 4485 omnia
1382 4446 1583 4493 meare,
1624 4430 1884 4497 nulloque
1930 4429 2105 4498 spatio

2218 1963 2420 2026 θόντες,
2450 1964 2875 2034 ἀναλογιζόμεθα
2906 1965 2991 2018 διὰ
3036 1964 3142 2017 τῶν
3170 1966 3491 2037 εἰρημένων,
3522 1970 3602 2022 ὅτι
3632 1973 3680 2023 εἰ
3714 1972 3787 2025 τά

2210 2054 2451 2124 κρίματα
2507 2056 2921 2128 ἐξερευνηθῆναι
2975 2058 3034 2109 οὑ
3067 2055 3304 2120 δύναται,
3337 2059 3428 2111 καὶ
3468 2062 3520 2114 αἱ
3545 2062 3653 2115 ὁδοὶ
3685 2066 3788 2118 οὑκ

2209 2148 2618 2217 ἐξιχνιάζονται,
2655 2150 2748 2201 καὶ
2784 2152 2815 2219 ἡ
2847 2149 2953 2202 τῶν
3002 2151 3220 2217 ἀγαθῶν
3260 2153 3560 2221 ἐπαγγελία
3605 2158 3788 2225 πάσης

2210 2241 2532 2310 ὑπέρκειται
2566 2242 2669 2311 τῆς
2698 2243 3129 2313 ἀποστοχασμῶν
3159 2246 3426 2309 εἰκασίας,
3460 2248 3610 2318 πόσῳ
3644 2251 3785 2318 μᾶλ-

2208 2334 2298 2385 λον
2330 2333 2407 2401 τῷ
2434 2334 2616 2405 μέτρῳ
2649 2335 2789 2386 κατὰ
2824 2334 2883 2387 τὸ
2917 2335 3191 2405 ἄφραστόν
3218 2354 3277 2388 τε
3312 2339 3405 2390 καὶ
3436 2339 3787 2409 ἀπροσπέλαε

2211 2442 2353 2487 στον,
2404 2426 2675 2497 ἁνώτερόν
2718 2430 2833 2479 ἐστι
2875 2428 2969 2481 καὶ
3009 2428 3334 2500 ὑῂλότερον
3361 2431 3491 2483 αὑτὸ
3529 2432 3589 2485 τὸ
3623 2428 3780 2481 Θεῖον

2206 2517 2313 2569 τῶν
2347 2520 2475 2587 περί
2507 2518 2637 2571 αὑτὸ
2668 2518 2994 2589 νοουμένων,
3045 2514 3117 2575 ὧν
3137 2522 3393 2591 οὐδεμίαν
3412 2518 3550 2575 εἶναι
3580 2524 3782 2591 γνῶσιν

2206 2610 2235 2661 6
2266 2608 2600 2672 Θεοδίδακτος
2630 2610 3245 2679 ἀποφαίνεταιΠαῦλος;
3272 2614 3363 2665 καὶ
3386 2613 3473 2666 διὰ
3504 2615 3660 2667 τοῦτο
3695 2614 3786 2685 βε-

2208 2698 2466 2769 ϐαιοῦμεν
2494 2702 2551 2752 ἐν
2572 2702 2702 2770 ἡμῖν
2730 2702 2983 2764 αὑτοῖςτὸ
3012 2702 3545 2773 καταχλευαζόμενον
3568 2706 3743 2775 δόγμα
3766 2723 3782 2738 °

2205 2789 2588 2859 ὁμολογοῦντες
2633 2790 2887 2855 ἐλάττους
2948 2788 3093 2844 εἶναι
3148 2793 3287 2846 κατά
3329 2794 3423 2864 τὴν
3452 2796 3647 2863 γνῶσιν
3676 2798 3789 2849 τῶν

2207 2882 2637 2951 ὑπερϐαινόντων
2690 2883 2786 2953 τὴν
2832 2885 3050 2951 γνῶσιν,
3106 2888 3197 2938 καὶ
3241 2891 3561 2956 προσκυνεῖν
3606 2905 3785 2959 φαμεν

2205 2974 2418 3044 ἀληθῶς
2453 2974 2586 3044 ὅπερ
2611 2974 2862 3043 οἴδαμενο
2881 2976 3114 3045 Οἴδαμεν
3141 2976 3196 3029 δὲ
3237 2976 3300 3029 τὸ
3340 2977 3471 3046 ὕψος
3492 2979 3590 3049 τῆς
3625 2981 3786 3049 δόξης

2204 3064 2296 3117 τοῦ
2326 3063 2817 3133 προσκυνουμένου,
2845 3064 2991 3134 αὑτῷ
3021 3064 3098 3133 τῷ
3120 3065 3189 3136 μὴ
3221 3065 3479 3119 δύνασθαι
3503 3072 3611 3129 τοῖς
3639 3069 3788 3137 λογι-

2207 3157 2362 3224 σμοῖς
2411 3155 2754 3214 καταλαϐεῖν,
2818 3156 3258 3227 ἀναλογιζόμενοι
3290 3159 3348 3211 τὸ
3390 3159 3484 3212 τοῦ
3524 3161 3787 3229 μεγέθους

2204 3244 2541 3303 ἀνείκαστον,
2585 3246 2678 3297 καὶ
2726 3244 2786 3297 τὸ
2812 3247 2949 3316 πρὸς
2993 3247 3092 3316 τὴν
3127 3249 3454 3319 Σαμαρεῖτιν
3496 3252 3644 3320 παρά
3689 3253 3787 3306 τοῦ

2204 3339 2408 3410 Κυρίου
2444 3337 2623 3407 ῥηθὲν,
2658 3336 2777 3390 καθ’
2805 3338 2962 3408 ἡμῶν
2991 3338 3046 3391 δὲ
3077 3340 3226 3410 παρὰ
3270 3342 3378 3393 τῶν
3411 3342 3618 3414 ἐχθρῶν
3653 3361 3791 3415 προ-

2205 3432 2523 3502 φερόμενον,
2557 3430 2692 3499 πρὸς
2720 3430 2959 3494 ἐκείνους
2992 3430 3057 3483 ἂν
3082 3432 3278 3501 μᾶλλον
3315 3435 3519 3505 κυρίως
3554 3436 3783 3505 λέγοιτο.

2204 3526 2276 3577 Τὸ
2305 3524 2431 3594 γὰρ,
2486 3522 2683 3591 Ὑμεῖς
2735 3523 3130 3590 προσκυνεῖτε
3178 3524 3209 3577 6
3264 3528 3374 3579 οὐκ
3400 3527 3619 3593 οἴδατε,
3652 3532 3789 3601 φησὶ

2204 3614 2337 3684 πρὸς
2367 3614 2465 3683 τὴν
2494 3613 2823 3682 Σαμαρεῖτιν
2860 3613 2887 3663 6
2928 3614 3149 3682 Κύριος,
3181 3620 3521 3683 σωματικαῖς
3552 3620 3788 3681 ἐννοίαις

2204 3708 2262 3758 ὲν
2284 3709 2401 3769 ταῖς
2434 3706 2561 3776 περὶ
2584 3703 2717 3756 Θεοῦ
2744 3704 2921 3769 δόξαις
2956 3706 3414 3784 προειλημμένην,
3447 3705 3514 3779 ἧς
3550 3710 3726 3773 καλῶς
3757 3713 3789 3763 6

2202 3796 2360 3864 λόγος
2392 3795 2730 3848 καθάπτεται
2747 3810 2761 3824 ⁸
2786 3794 2867 3845 ὃτι
2897 3792 3027 3847 Θεὸν
3048 3799 3366 3865 προσκυνεῖν
3383 3799 3430 3848 οί
3450 3799 3786 3868 Σαμαρεῖται

2204 3887 2535 3954 νομίζοντες,
2571 3880 2690 3938 εἶτα
2724 3884 3051 3954 σωματικῶς
3091 3886 3509 3956 ὲγκαθιδρύσθαι
3536 3890 3684 3959 τόπῳ
3722 3890 3786 3941 τὸ

2199 3981 2347 4030 Θεῖον
2370 3978 2632 4047 οἰόμενοι,
2675 3977 2835 4045 μέχρι
2875 3976 2973 4044 τῆς
3001 3977 3180 4045 φωνῆς
3212 3978 3543 4043 εὐσεϐοῦσιν,
3578 3980 3702 4033 ἄλλο
3729 3998 3787 4033 τι

2206 4085 2280 4139 πρ
2295 4067 2636 4128 )σκυνοῦντες
2661 4066 2755 4117 καὶ
2784 4064 2843 4115 οὑ
2873 4063 3024 4117 Θεόν.
3053 4065 3216 4117 υὺδὲν
3242 4067 3348 4137 γὰρ
3381 4070 3437 4119 ἐν
3468 4071 3783 4137 περιγραφῇ

2205 4158 2512 4228 νοούμενον,
2560 4158 2709 4210 Θεῖόν
2756 4160 2901 4210 ἐστιν
2922 4176 2935 4190 ·
2972 4157 3083 4210 ἀλλ’
3130 4156 3259 4209 ἴδιον
3293 4158 3393 4226 τῆς
3419 4156 3701 4223 Θεότητος,
3725 4158 3788 4210 τὸ

2206 4250 2478 4320 πανταχοῦ
2524 4247 2682 4311 εἶναι,
2726 4250 2817 4301 καὶ
2865 4248 2953 4301 διὰ
2984 4247 3199 4301 πάντων
3230 4248 3403 4317 ¹ἣκειν,
3455 4247 3549 4299 καὶ
3595 4247 3785 4316 μηδενὶ

2207 4339 2631 4410 περιείργεσθαι.
2670 4338 2828 4391 Ὥστε
2874 4338 3293 4408 περιστρέφεται
3340 4340 3449 4401 τοῖς
3484 4339 3786 4408 χριστομά-

2206 4449 2321 4501 χοις
2354 4434 2431 4494 εἰς
2478 4431 2812 4500 κατηγορίαν
2874 4431 3052 4483 αὑτῶν
3089 4433 3117 4483 6
3150 4431 3271 4484 καθ’
3310 4430 3465 4500 ἡμῶν
3514 4433 3787 4501 προφερόο

523 4524 924 4582 circumscribi.
948 4523 1129 4589 Quare
1151 4538 1332 4577 sermo
1357 4521 1447 4592 qui
1484 4530 1678 4574 contra
1701 4535 1800 4574 nos
1829 4519 2103 4587 profertur

2211 4541 2369 4592 μενος
2400 4522 2575 4590 λόγος.
2617 4523 2703 4585 Ὠς
2728 4523 2835 4593 γὰρ
2856 4525 3047 4593 τοπικῇ
3079 4540 3184 4575 τινι
3215 4526 3525 4594 περιγραφῇ
3552 4523 3612 4574 τὸ
3629 4523 3783 4578 Θεῖον

528 4620 582 4673 in
610 4618 1038 4678 accusationem,
1062 4615 1117 4667 in
1143 4615 1291 4684 ipsos
1313 4614 1517 4669 ChriSti
1545 4620 1947 4682 oppugnatores
1972 4627 2104 4666 con-

526 4713 778 4765 vertitur.
808 4707 879 4763 Ut
899 4709 1044 4763 enim
1088 4707 1251 4760 locali
1276 4706 1510 4774 quadam
1542 4703 1911 4773 descriptione
1934 4701 2102 4757 Deum

528 4803 797 4859 contineri
839 4800 1173 4854 Samaritani
1208 4806 1485 4868 putantes,
1532 4795 1853 4864 reprehensi
1884 4794 2106 4848 fuerunt

529 4910 626 4965 per
655 4910 716 4948 ea
754 4908 874 4961 qua?
909 4892 1222 4950 audierunt.
1250 4891 1375 4959 quia
1399 4888 1653 4943 Adoratis
1681 4885 1825 4954 quod
1859 4888 2101 4948 nescitis,

527 4994 583 5039 et
613 4984 766 5036 vobis
797 4984 979 5036 cultus
1014 4980 1079 5033 ad
1122 4977 1291 5033 Deum
1325 4985 1582 5045 spectans
1614 4975 1672 5028 fit
1704 4974 1940 5028 inutilis:
1977 4989 2010 5026 n
2032 4988 2100 5025 tm

528 5078 621 5147 qui
658 5084 879 5145 putatur
918 5077 1039 5128 loco
1067 5070 1327 5135 insidere,
1362 5085 1469 5122 non
1499 5076 1583 5122 est
1616 5069 1756 5121 Deus
1796 5086 1810 5120 :
1867 5067 1944 5121 sic
1975 5080 2103 5134 pro-

528 5172 647 5241 prie
694 5170 860 5223 etiam
915 5166 984 5220 ad
1031 5168 1131 5221 hos
1185 5179 1359 5219 novos
1408 5160 1787 5214 Samaritanos
1824 5159 1985 5212 liceat
2021 5157 2106 5210 di-

529 5275 676 5323 cere,
712 5261 856 5329 quod
879 5258 1097 5312 nomine
1129 5253 1457 5325 ἀγεννησίας
1488 5252 1917 5322 ingenerationis,
1957 5251 2107 5304 velut

530 5352 653 5406 loco
706 5350 939 5420 quodam
980 5346 1455 5416 circumscriptam
1492 5360 1615 5399 esse
1658 5342 1897 5396 divinam
1925 5356 2109 5395 essen-

531 5445 665 5497 tiam
699 5442 1068 5511 suspicantes,
1103 5438 1341 5491 udoratis
1380 5436 1516 5505 quod
1549 5435 1786 5497 nescitis,
1825 5435 1969 5486 sicut
2002 5430 2110 5484 Deo

532 5534 752 5605 quidem
793 5532 1121 5596 servientes,
1162 5528 1258 5583 sed
1311 5530 1623 5599 ignorantes
1656 5524 1747 5578 Dei
1783 5522 2108 5576 infinitatem

533 5623 800 5681 excedere
855 5636 1073 5675 omnem
1108 5618 1533 5690 signiﬁcantiam
1563 5614 1848 5670 nominum
1879 5620 1933 5667 et
1961 5625 2113 5665 eom-

534 5712 985 5785 prcliensionem.

608 5889 656 5921 ⁸³
694 5890 849 5945 Rom.
919 5905 994 5957 Il,
1042 5888 1128 5944 55.
1203 5884 1300 5961 f’l
1332 5884 1538 5951 Cornu,
1571 5884 1622 5939 9.

1730 5879 1775 5914 “
1796 5878 1951 5935 Joan.
1984 5892 2058 5940 tv.
2084 5876 2174 5931 22.

2213 4613 2562 4683 περιέχεσθαι
2613 4613 2946 4681 Σαμαρεῖται
3002 4610 3330 4680 νομίζοντες,
3375 4610 3785 4681 ἐπετιμήθησαν

2210 4706 2275 4757 δι’
2301 4699 2372 4756 ὧν
2403 4705 2640 4773 ἥκουσαν
2668 4719 2683 4735 ο
2724 4698 2803 4752 ὃτι
2832 4699 3192 4771 Προσκυνεῖτε
3246 4701 3274 4754 ὃ
3320 4702 3419 4755 οὑκ
3452 4702 3650 4762 οἴδατε,
3687 4703 3785 4756 καὶ

2210 4796 2466 4863 ἀνόνητος
2502 4794 2711 4861 γίνεται
2746 4793 2871 4861 ὑμῖν
2917 4794 2948 4861 ἡ
2996 4792 3222 4862 λατρεία
3269 4796 3302 4863 ἡ
3332 4794 3467 4865 πρὸς
3497 4793 3629 4846 Θεὸν
3659 4794 3783 4863 βλέ-

2211 4900 2411 4939 πουσαο
2429 4884 2558 4947 Θεὸς
2580 4899 2689 4956 γαρ
2714 4884 2863 4953 τόπῳ
2889 4884 2993 4936 τινὶ
3022 4884 3375 4955 καθιδρύσθαι
3408 4884 3780 4955 νομιζόμενος,

2211 4979 2341 5041 Θεὸς
2369 4978 2465 5030 οὑκ
2492 4976 2636 5029 ἔστιν
2658 4993 2672 5006 °
2705 4977 2874 5039 οὕτως
2902 4976 2967 5030 ἂν
2999 4978 3083 5047 εἴη
3133 4977 3334 5047 κυρίως
3362 4978 3456 5029 καὶ
3489 4978 3624 5049 πρὸς
3656 4979 3783 5041 τοὺς

2212 5070 2365 5131 νέους
2389 5069 2729 5139 Σαμαρείτας
2752 5070 2942 5131 εἰπεῖν,
2970 5070 3050 5121 ὃτι
3080 5068 3157 5137 τῷ
3194 5068 3415 5137 ὀνόματι
3439 5069 3536 5138 τῆς
3608 5069 3784 5137 ἀγεν-

2211 5162 2449 5228 νηονίας,
2485 5155 2593 5213 οἷόν
2624 5179 2727 5215 τινι
2767 5161 2918 5231 τόπῳ
2958 5159 3336 5229 περιειλῆφθαι
3376 5160 3476 5229 τὴν
3522 5159 3670 5213 θείαν
3696 5162 3785 5212 οῦ-

2214 5254 2331 5305 σίαν
2363 5252 2732 5318 ὑπονοοῦντες,
2754 5253 3143 5323 προσκυνεῖτε
3166 5252 3196 5303 ὃ
3214 5253 3322 5303 οὐκ
3340 5250 3557 5313 οἴδατε,
3575 5251 3648 5312 ὡς
3663 5250 3785 5321 Θεῷ

2215 5346 2312 5415 μὲν
2352 5345 2721 5415 λατρεύοντες,
2786 5342 3102 5411 ἀγνοοῦντες
3153 5342 3209 5394 δὲ
3266 5343 3345 5394 ὅτι
3382 5342 3564 5412 πάσης
3591 5342 3689 5411 τῆς
3721 5342 3781 5407 ἐξ

2208 5435 2483 5504 ὀνομάτων
2513 5434 2787 5505 σημασίας
2820 5436 2913 5488 καὶ
2956 5431 3293 5504 περιλήψεως
3323 5432 3653 5505 ὑπερπίπτιι
3688 5431 3778 5486 τοῦ

2211 5525 2344 5578 Θεοῦ
2364 5526 2423 5578 τὸ
2439 5526 2705 5596 ἀόριστον.
