4138 6364
314 516 426 574 605

1427 505 1704 564 CONTRA
1737 502 2125 567 EUNOMIUM,
2161 500 2290 557 LIB.
2327 501 2415 558 111.

3472 502 3578 560 (τοῦ

405 624 568 680 ’Λλλά
631 623 724 677 ἐπὶ
783 622 940 676 πλέον
1026 624 1341 695 παρηνέχθη
1368 623 1477 676 τῶν
1521 623 1894 695 προκειμένων

2073 617 2179 671 Sed
2216 618 2432 687 longius
2467 617 2534 672 de
2559 617 2722 674 rebus
2762 616 3064 688 propositis
3105 617 3282 671 oratio
3307 617 3571 678 excurrit,

314 720 344 772 6
369 720 547 787 λόγος,
570 720 682 781 τοῖς
702 717 790 770 ἀεὶ
824 715 964 770 κατά
988 717 1065 769 *τὸ
1108 716 1397 770 ἀκόλουθον
1419 715 1895 788 ἐφευρισκομένοις

317 813 619 880 ἑπόμενος·
667 807 862 862 οὐκοῦν
907 808 1066 862 πάλιν
1106 807 1205 878 τὴν
1257 807 1575 861 ἀκολουθίαν
1626 806 1896 860 ἐπαναλά-

316 900 519 970 6ωμεν.
559 898 786 970 Ἐπειδὴ
828 899 927 968 τὴν
979 899 1336 970 προτεθεῖσαν
1383 899 1532 970 αὑτῷ
1559 898 1716 969 ῥῆσιν
1758 900 1895 952 ἀπο-

316 991 572 1060 χρὼντως
601 985 753 1060 οἶμαι
783 988 871 1041 διά
899 987 1006 1041 τῶν
1036 988 1336 1058 εἰρημένων
1363 987 1796 1056 πεφανερῶσθαι,
1834 986 1892 1039 οὐ

318 1082 455 1154 πρὸς
515 1095 615 1154 την
672 1081 931 1150 ἀλήθειαν
991 1081 1169 1150 μόνον,
1233 1078 1366 1132 ἀλλὰ
1412 1080 1506 1132 καὶ
1535 1079 1668 1150 πρὸς
1698 1078 1896 1150 ἑαυτὴν

318 1175 547 1244 ἔχουσαν
569 1172 843 1236 ἐναντίως.
871 1173 933 1225 Εἰ
965 1173 1073 1242 γάρ
1101 1170 1220 1224 κατ’
1250 1171 1448 1234 αὐτοὺς
1480 1173 1512 1241 ὴ
1545 1170 1745 1241 φυσικὴ
1774 1171 1896 1241 σχέ-

321 1281 404 1329 σις
436 1267 502 1335 τῇ
556 1263 649 1316 τοῦ
693 1263 822 1316 Υίοῦ
850 1263 1187 1334 προσηγορίᾳ
1214 1259 1349 1332 πρὸς
1396 1262 1486 1313 τὸν
1521 1261 1738 1333 Πατέρα
1773 1279 1896 1314 συν-

324 1351 557 1414 ίσταται,
587 1354 681 1406 καὶ
700 1353 834 1424 πρὸς
852 1353 941 1404 τὸν
957 1352 1344 1421 γεγεννηκότα,
1364 1353 1396 1423 ἡ
1421 1351 1514 1404 τοῦ
1535 1354 1892 1424 γεννήματος,

320 1445 463 1496 κατά
491 1462 614 1496 τινα
667 1444 1061 1514 γραμματικὴν
1093 1441 1382 1513 φλυαρίαν,
1419 1442 1518 1506 τάς
1557 1443 1896 1514 σημαντικὰς

319 1537 422 1605 τῆς
447 1535 597 1598 Θείας
628 1535 841 1603 φύσεως
885 1534 1054 1600 λέξεις
1083 1534 1180 1604 τῆς
1211 1534 1401 1601 σοφίας
1423 1533 1626 1587 τούτων
1658 1536 1736 1597 είς
1775 1535 1895 1588 ὀνο-

325 1629 508 1696 μάτων
549 1627 732 1697 σχῆμα
761 1625 1205 1696 παρατυπούσης,
1223 1626 1399 1679 οὐκέτ’
1424 1628 1489 1680 ἄν
1512 1644 1594 1690 τις
1611 1627 1900 1698 ,ἀμφιϐάλ-

321 1718 402 1772 λοι
428 1717 525 1787 τὴν
555 1720 619 1771 ἐκ
646 1717 859 1788 φύσεως
881 1721 1279 1790 συνισταμένην
1312 1719 1419 1772 τῶν
1444 1719 1722 1788 ὀνομάτων
1761 1719 1897 1789 πρὸς

322 1811 526 1881 ἄλληλα
558 1812 758 1879 σχέσιν,
795 1809 1066 1873 ἀπόδειξιν
1104 1811 1202 1881 τῆς
1250 1811 1366 1863 κατ’
1397 1809 1583 1864 οὐσίαν
1612 1810 1789 1862 αὐτῶν
1816 1812 1896 1863 οἱ-

323 1904 623 1970 κειότητος,
652 1901 849 1972 μᾶλλον
873 1901 929 1953 δὲ
960 1902 1285 1971 ταυτότητος
1323 1901 1585 1972 γίνεσθαι.
1633 1901 1792 1955 ’Λλλά
1822 1901 1896 1972 μὴ

1995 710 2155 779 quasi
2214 717 2474 779 perpetua
2523 711 2668 765 serie
2714 724 2778 765 ea
2826 725 2949 779 quae
2991 725 3088 780 per
3146 710 3574 778 consequentias

1995 802 2353 856 inveniuntur
2386 817 2625 872 sequens
2659 821 2670 855 :
2705 802 2884 868 Quare
2907 792 3575 857 consecutionem'rursus

1993 899 2328 960 repetamus.
2363 892 2814 962 Quandoquidem
2847 893 3184 964 propositam
3218 894 3285 947 ab
3311 895 3430 963 ipso
3457 893 3574 948 dic-

1994 985 2194 1039 tionem
2241 985 2462 1040 abunde
2497 987 2632 1041 satis
2671 1001 2795 1040 reor
2845 1001 2943 1054 per
2993 1001 3056 1041 ea
3097 1002 3220 1056 qua?
3257 987 3402 1041 dicta
3443 997 3576 1042 sunt

1994 1076 2329 1130 declaratum
2378 1092 2522 1140 esse,
2583 1092 2692 1130 non
2755 1078 2935 1130 solum
2989 1077 3228 1142 veritati,
3261 1077 3356 1132 sed
3406 1077 3570 1132 etiam

1995 1168 2216 1236 sibiipsi
2249 1183 2372 1223 esse
2403 1169 2756 1223 contrariam.
2794 1167 2850 1222 Si
2882 1169 3048 1233 enim,
3096 1176 3155 1222 ιιι
3197 1169 3300 1238 ipsi
3357 1169 3569 1232 volunt,

1994 1261 2267 1315 naturalis
2300 1261 2498 1316 relatio
2537 1260 2660 1315 Filii
2693 1245 3058 1331 appellatione
3093 1263 3159 1316 ad
3185 1261 3402 1316 Patrem
3437 1276 3573 1316 con-

1996 1353 2266 1412 stituitur.
2297 1361 2353 1407 et
2380 1355 2446 1406 ad
2492 1368 2615 1408 eum
2643 1355 2736 1422 qui
2768 1355 2960 1425 genuit
2985 1353 3346 1424 gennematis,
3377 1354 3428 1406 id
3485 1365 3570 1410 est

1994 1441 2287 1514 progeniei,
2307 1440 2516 1505 relatio,
2531 1441 3135 1511 secundumquamdam
3161 1430 3570 1514 grammaticam

1996 1535 2367 1605 nugationem,
2395 1534 2783 1603 signiticativas
2820 1534 3017 1588 divinae
3054 1545 3265 1588 natura:
3305 1534 3575 1587 dictiones

1998 1625 2194 1679 horum
2237 1626 2507 1695 sapientia
2557 1626 2622 1678 ad
2675 1625 2902 1694 ﬁguram
2938 1627 3218 1679 nominum
3259 1626 3572 1694 el‘ﬁngente,

1998 1732 2105 1770 non
2149 1717 2385 1788 amplius
2415 1719 2540 1784 quis
2570 1717 2833 1786 ambigat,
2869 1733 2933 1772 ex
2976 1726 3169 1771 natura
3214 1718 3572 1772 constitutam

1997 1809 2281 1862 nominum
2332 1809 2476 1862 inter
2508 1825 2567 1863 se
2608 1811 2950 1872 relationem,
2997 1810 3460 1864 necessitudinem
3487 1809 3572 1864 vel

1997 1902 2181 1970 potius
2232 1901 2535 1956 identitatis
2584 1901 3106 1956 demonstrationem
3144 1901 3280 1955 ﬁeri.
3333 1901 3438 1956 Sed
3473 1902 3571 1955 ad-

328 1995 681 2067 μεταϐαλέτω
725 1993 824 2065 τὴν
876 1993 1123 2047 ἐναντίαν
1164 1995 1344 2066 φωνὴν
1370 1997 1398 2046 6
1421 1995 1685 2066 ἡμέτερος
1718 1993 1894 2062 λόγος.

1999 1995 2365 2050 versariorum
2414 2010 2600 2048 vocem
2637 2002 2824 2047 nostra
2857 2008 2965 2047 non
2997 2001 3166 2046 mutet
3197 2008 3373 2061 neque
3402 2009 3573 2063 repu-

335 2087 423 2150 Ὠς
447 2087 513 2140 ἂν
539 2088 614 2158 μὴ
644 2087 824 2158 δοκοίη
858 2089 923 2158 τῇ
949 2086 1203 2157 ἀσθενείᾳ
1235 2087 1372 2159 μόνῃ
1402 2086 1509 2138 τῶν
1534 2085 1900 2156 ἀντιμαχομέ-

324 2195 431 2231 νων
479 2177 540 2231 τὺ
591 2177 767 2248 δόγμα
818 2181 917 2248 τῆς
965 2177 1242 2240 εὐσεϐείας
1280 2177 1660 2247 κρατύνεσθαι,
1700 2177 1814 2231 ἀλλ’
1839 2178 1897 2229 ὲν

325 2269 502 2339 ἐαυτῷ
533 2270 764 2339 μάλιστα
789 2269 888 2340 τὴν
930 2270 1085 2340 ίσχῦν
1117 2269 1280 2340 ἔχειν.
1327 2269 1416 2331 Ὠς
1461 2263 1551 2320 οὖν
1591 2270 1706 2320 ἐστι
1741 2268 1899 2320 δυνα-

322 2362 435 2421 τὸν,
487 2363 554 2415 δι’
613 2361 978 2432 εὐτονωτέρας
1030 2362 1130 2431 τῆς
1193 2361 1518 2431 συνηγορίας
1551 2359 1899 2430 βεϐαιωθήτω

323 2451 455 2523 παρ’
521 2451 675 2522 ἡμῶν
725 2450 901 2503 αὐτῶν
948 2453 976 2503 6
1026 2451 1392 2521 ἀντικείμενος
1421 2451 1595 2519 λόγος,
1648 2451 1722 2514 ὡς
1749 2450 1813 2502 ἂν
1838 2450 1898 2502 τὸ

325 2543 662 2615 ὑπερϐάλλον
693 2544 790 2614 τῆς
840 2542 1120 2612 δυνάμεως
1152 2542 1509 2611 διαγνωσθείη
1544 2543 1682 2596 κατά
1700 2542 1898 2613 πολλὴν

327 2633 671 2704 πεποίθησιν,
695 2633 790 2686 καὶ
822 2632 889 2684 τά
918 2631 1397 2703 παραλελειμμένα
1424 2632 1576 2702 παρά
1602 2631 1711 2685 τῶν
1740 2634 1895 2684 ἐναν-

325 2727 453 2779 τίων
477 2728 556 2788 εἰς
584 2725 784 2796 ἀκριϐῆ
835 2723 1066 2794 βάσανον
1104 2724 1200 2792 τῆς
1225 2722 1476 2791 ἀληθείας
1509 2723 1664 2793 ἡμῶν
1700 2740 1899 2794 προφε-

328 2819 552 2889 ρόντων.
597 2817 742 2887 Ἐρεί
771 2815 878 2886 γὰρ
915 2816 1045 2878 ἴσως
1080 2815 1108 2866 6
1129 2816 1240 2876 τοῖς
1267 2813 1524 2876 ἐναντίοις
1556 2814 1896 2884 ἰσχυριζόμε-

325 2926 432 2970 νος,
466 2910 547 2962 ὅτι
575 2909 634 2961 οὐ
676 2907 890 2970 πάντως
932 2906 965 2976 ἡ
1015 2904 1107 2958 τοῦ
1166 2903 1283 2957 υἱοῦ
1320 2904 1414 2957 καὶ
1443 2905 1534 2957 τοῦ
1563 2907 1898 2975 γεννήματος

326 3001 514 3069 κλῆσις
560 2999 620 3052 τὸ
669 2999 809 3053 κατά
834 2997 931 3069 τὴν
960 2997 1121 3066 φύσιν
1166 2999 1361 3050 οἰκεῖον
1408 2997 1750 3068 παρίστησιν.
1786 2999 1898 3052 Καὶ

325 3091 434 3161 γάρ
461 3091 554 3144 καὶ
605 3091 791 3144 τέκνον
821 3106 903 3153 τις
937 3088 1106 3160 ὀργῆς
1141 3090 1196 3140 ὲν
1224 3091 1289 3158 τῇ
1321 3088 1510 3158 Γραφῇ
1536 3087 1772 3155 λέγεται,
1805 3089 1899 3141 καὶ

326 3183 602 3245 ἀπωλείας
649 3181 791 3245 υίὸς,
845 3177 936 3233 καὶ
964 3180 1210 3248 γέννημα
1244 3178 1475 3248 ἐχίδνης,
1514 3179 1608 3231 καὶ
1639 3179 1699 3232 οὐ
1725 3177 1896 3248 δήπου

325 3275 572 3342 κοινότης
615 3289 698 3334 τις
758 3270 971 3341 φύσεως
1020 3271 1132 3330 τοῖς
1186 3267 1449 3332 τοιούτοις
1501 3269 1726 3338 ὀνόμασι
1770 3285 1896 3321 συν-

325 3363 587 3434 ανεφάνη.
621 3363 693 3415 Οὐ
721 3363 829 3431 γάρ
849 3359 1042 3413 ταύτόν
1075 3361 1188 3411 ἐστι
1218 3358 1296 3429 τῷ
1329 3358 1667 3429 ὑποκειμένῳ
1699 3358 1897 3421 Ἰούδας
1924 3341 1967 3398 (ἶ

324 3459 354 3510 ό
384 3458 481 3526 τῆς
507 3453 776 3515 ἀπωλείας
799 3453 912 3514 υἱὸς
951 3451 1352 3521 ὠνομασμένος,
1382 3452 1476 3505 καὶ
1499 3451 1635 3523 αὐτὴ
1663 3451 1802 3505 κατά
1839 3451 1900 3503 τὸ

325 3546 611 3616 νοούμενον
640 3547 674 3616 ἡ
699 3543 960 3600 ἀπώλεια.
999 3544 1160 3596 Ἀλλο
1203 3543 1311 3615 γάρ
1335 3543 1430 3596 τοῦ
1465 3544 1605 3598 κατά
1643 3544 1734 3596 τὸν
1768 3543 1900 3597 Ἰού-

324 3642 441 3703 δαν,
495 3642 590 3694 καὶ
643 3641 826 3710 ἕτερον
885 3640 984 3710 τῆς
1040 3638 1311 3702 ἀπωλείας
1354 3639 1416 3692 τὸ
1483 3639 1896 3709 σημαινόμενον.

338 3733 566 3802 Ὁμοίως
593 3732 648 3785 δὲ
670 3731 764 3784 καὶ
795 3732 859 3784 ὲκ
879 3730 972 3783 τοῦ
1007 3730 1248 3783 ἐναντίου
1270 3730 1370 3800 τὴν
1399 3729 1519 3800 ἴσην
1557 3731 1898 3801 κατασκευὴν

325 3823 356 3876 ὃ
378 3823 532 3891 λόγος
568 3822 698 3892 έχοι.
727 3822 849 3874 Υἱοὶ
873 3821 982 3892 γάρ
1022 3820 1196 3890 φωτός
1238 3839 1380 3885 τινος
1414 3822 1507 3875 καὶ
1545 3823 1649 3874 υἱοὶ
1690 3824 1899 3893 ἡμέρας

327 3914 629 3984 λεγόμενοι,
676 3915 736 3967 οὐ
773 3913 969 3966 ταύτόν
1016 3915 1122 3966 είσι
1161 3912 1238 3984 τῷ
1287 3915 1424 3982 φωτὶ
1473 3916 1566 3967 καὶ
1606 3917 1672 3984 τῇ
1720 3916 1901 3986 ἡμέρᾳ

327 4008 468 4060 κατὰ
492 4007 582 4060 τὸν
610 4006 765 4073 λόγον
792 4007 888 4075 τῆς
933 4005 1164 4074 φύσεως,
1193 4005 1286 4058 καὶ
1325 4005 1493 4058 τέκνα
1518 4005 1610 4058 τοῦ
1651 4006 1901 4076 Ἀϐραὰμ

325 4093 375 4144 ri
405 4091 538 4144 λίθοι
555 4093 812 4160 γίνονται,
839 4093 966 4145 ὅταν
987 4092 1074 4147 διὰ
1100 4094 1197 4162 τῆς
1227 4093 1457 4155 πίστεως
1485 4097 1578 4147 καὶ
1604 4094 1709 4146 τῶν
1725 4095 1900 4164 ἔργων

329 4184 645 4251 συγγένειαν
697 4183 794 4254 τὴν
847 4184 983 4255 πρὸς
1021 4185 1184 4244 αὑτὸν
1231 4184 1570 4248 οἰκειὼσωσι,
1607 4187 1699 4238 καὶ
1740 4192 1791 4239 οἱ
1821 4186 1901 4252 τῷ

326 4275 622 4342 Πνεύματι
645 4274 748 4327 τοῦ
780 4275 927 4328 Θεοῦ
960 4276 1255 4345 ἀγόμενοι,
1281 4275 1462 4338 καθώς
1484 4293 1646 4344 φησιν
1680 4278 1706 4328 6
1747 4276 1904 4327 Ἀπό-

329 4366 534 4425 στολος,
594 4364 701 4418 υἱοὶ
718 4362 850 4417 Θεοῦ
868 4361 1137 4431 λέγονται,
1196 4368 1254 4419 οὐ
1274 4367 1468 4420 ταύτὸν
1497 4369 1645 4430 ὄντες
1674 4368 1751 4438 τῷ
1785 4368 1902 4438 Θεῷ

327 4463 466 4515 κατά
485 4461 580 4531 τὴν
602 4459 760 4528 φύσιν
781 4475 793 4488 ·
821 4458 913 4510 καὶ
934 4458 1102 4511 πολλὰ
1123 4459 1344 4513 τοιαῦτα
1367 4462 1514 4532 παρά
1535 4463 1631 4533 τῆς
1656 4461 1903 4514 θεοπνεύ-

330 4569 456 4606 στου
482 4551 706 4623 Γραφῆς
727 4551 872 4603 ἔστιν
895 4548 1274 4614 ἀναλέξασθαι,
1299 4547 1450 4604 δι’ὧν
1465 4555 1497 4621 ἡ
1513 4552 1694 4624 ἀπάτη
1734 4553 1902 4607 καθά-

2001 2087 2114 2140 diet
2142 2087 2338 2138 oratio.
2379 2083 2448 2138 Ut
2476 2100 2584 2137 non
2618 2083 2733 2138 sola
2764 2083 3132 2136 imbecillitate
3162 2080 3571 2136 adversantium

1997 2179 2217 2251 pietatis
2258 2180 2453 2248 dogma
2497 2177 2810 2231 conﬁrmari
2844 2176 3110 2233 videatur,
3153 2175 3246 2228 sed
3296 2175 3348 2227 in
3390 2174 3576 2243 seipso

1999 2270 2239 2323 maxime
2269 2268 2437 2322 robttr
2462 2267 2684 2320 habere.
2711 2265 2986 2331 Quantum
3031 2265 3194 2333 igitur
3225 2265 3337 2319 ﬁeri
3371 2274 3572 2334 potest,

1998 2360 2308 2413 robustiore
2352 2357 2657 2426 patrocinio
2684 2371 2714 2408 a
2759 2356 2920 2409 nobis
2953 2355 3088 2424 ipsis
3136 2355 3572 2409 adversariorum

1999 2466 2180 2506 sermo
2240 2452 2616 2516 conﬁrmetur,
2678 2457 2739 2502 ut
2795 2464 2860 2504 ex
2909 2449 3076 2501 multa
3135 2455 3320 2501 nostra
3376 2447 3574 2501 ﬁducia

1997 2552 2261 2613 quantum
2300 2543 2516 2596 viribus
2547 2525 2868 2610 superemus
2899 2539 3274 2609 dignoscatur,
3306 2553 3367 2592 ea
3407 2540 3572 2593 etiam

1997 2649 2119 2701 quae
2185 2633 2254 2687 ab
2310 2631 2646 2686 adversariis
2690 2638 2817 2685 sunt
2878 2628 3154 2698 praeterita
3205 2629 3272 2683 ad
3326 2631 3576 2685 veritatis

1997 2733 2243 2779 exactam
2294 2723 2674 2794 probationem
2723 2719 3079 2790 proferentcs.
3134 2720 3284 2774 [licet
3344 2720 3576 2774 fortasse

1997 2821 2090 2890 qui
2139 2818 2434 2872 contrariis
2483 2817 2680 2870 nititur
2717 2823 2770 2869 et
2821 2814 3105 2868 contendit
3152 2812 3386 2873 fortiter,
3425 2814 3575 2882 qttod

1997 2927 2104 2964 non
2156 2910 2378 2962 onmino
2425 2908 2520 2962 ﬁlii
2569 2916 2622 2961 et
2678 2907 3041 2974 gennematis,
3108 2905 3224 2958 sive
3288 2905 3567 2973 progeniei

1998 3001 2310 3070 appellatio,
2356 3000 2501 3068 quod
2539 2997 2839 3053 secundum
2882 3005 3132 3050 naturam
3180 3004 3264 3050 est
3293 2997 3573 3065 propriutn

1996 3102 2391 3163 repraesentat;
2439 3106 2564 3144 nam
2618 3099 2670 3143 et
2717 3089 2771 3141 in
2812 3087 3092 3157 Scriptura
3128 3088 3271 3141 ﬁlius
3324 3088 3418 3141 ine
3447 3089 3576 3156 quis

1998 3184 2226 3248 dicitur,
2271 3191 2326 3238 et
2356 3181 2683 3252 perditionis
2715 3181 2880 3244 ﬁlius,
2917 3190 2970 3233 et
3009 3194 3273 3247 gennema
3304 3179 3418 3234 sive
3445 3195 3573 3248 pro-

2000 3278 2182 3348 genies
2233 3276 2570 3345 viperarum,
2600 3286 2775 3340 neque
2808 3271 2918 3324 ulla
2949 3278 3160 3323 natura:
3210 3271 3579 3326 communitas

2001 3375 2086 3430 his
2115 3372 2431 3428 nominibus
2462 3369 2622 3422 simul
2646 3367 2926 3422 declarata
2955 3373 3040 3420 est
3065 3382 3078 3428 ;
3117 3380 3224 3418 non
3260 3365 3405 3418 enim
3433 3365 3575 3420 idem

2001 3476 2085 3522 est.
2126 3481 2250 3520 cum
2297 3463 2548 3530 subjecto
2592 3458 2731 3513 Juda
2765 3457 3096 3528 perditionis
3148 3455 3292 3512 ﬁlius
3322 3457 3574 3510 nomina-

2002 3566 2110 3618 tus,
2135 3565 2188 3611 et
2223 3557 2341 3626 ipsa
2372 3553 2676 3610 secundum
2709 3552 2761 3606 id
2799 3551 2939 3620 quod
2969 3549 3290 3617 intelligitur
3319 3549 3572 3618 perditio.

2001 3648 2160 3702 Aliud
2206 3651 2352 3703 enim
2385 3645 2749 3716 signiﬁcatum
2781 3642 3018 3697 hominis
3055 3639 3227 3700 Judre.
3264 3640 3409 3692 aliud
3454 3656 3576 3709 per-

2001 3739 2250 3796 ditionis.
2280 3737 2544 3790 Similiter
2565 3736 2728 3788 etiam
2758 3749 2788 3788 e
2813 3733 3092 3788 contrario
3135 3732 3398 3800 aequalem
3436 3747 3571 3784 con-

2001 3831 2358 3886 structionem
2412 3843 2592 3883 sermo
2640 3827 2838 3880 habere
2879 3825 3072 3894 possit.
3116 3823 3248 3875 Nam
3287 3823 3379 3876 ﬁlii
3436 3824 3581 3877 lucis

2003 3924 2240 3990 alicujus
2289 3931 2344 3976 et
2387 3920 2482 3974 ﬁlii
2540 3919 2646 3973 diei
2689 3918 2780 3986 qui
2828 3918 3108 3976 dicuntur,
3137 3931 3243 3969 non
3277 3915 3416 3968 idem
3450 3927 3578 3970 sunt

2003 4030 2128 4069 cum
2169 4014 2289 4067 luce
2338 4019 2392 4066 et.
2430 4011 2539 4072 die,
2581 4007 2880 4063 secundum
2933 4013 3145 4060 naturae
3193 4004 3482 4066 rationem,
3523 4012 3579 4059 et

2005 4108 2102 4164 ﬁlii
2140 4106 2415 4160 Abraham
2452 4101 2659 4171 lapides
2690 4098 2826 4153 ﬁttnt
2860 4113 2983 4151 cum
3012 4113 3108 4166 per
3139 4096 3296 4150 ﬁdem
3333 4107 3387 4149 et
3411 4111 3576 4165 opera

2003 4197 2388 4266 cognationem
2425 4208 2548 4247 cum
2584 4193 2706 4260 ipso
2738 4190 2841 4242 sibi
2893 4188 3206 4246 asciveriut,
3249 4197 3303 4242 et
3336 4194 3426 4256 qui
3451 4188 3576 4258 Spi-

2009 4289 2116 4340 ritu
2149 4287 2250 4341 Dei
2277 4295 2525 4360 aguntur,
2583 4283 2726 4337 sicut
2773 4281 3014 4350 loquitur
3045 4279 3350 4348 Apostolus
3382 4280 3448 4341 ³⁵,
3482 4279 3576 4331 lilii

2004 4380 2098 4434 Dei
2155 4380 2435 4439 dicuntur,
2481 4391 2606 4429 cum
2655 4391 2760 4429 non
2815 4375 2924 4429 sint
2962 4373 3102 4428 idem
3156 4389 3281 4427 cum
3332 4372 3441 4427 Deo
3481 4388 3580 4442 per

2003 4481 2260 4526 naturam
2294 4488 2308 4522 :
2345 4476 2400 4524 et
2429 4468 2596 4522 multa
2623 4466 2966 4532 ejusmodiex
3001 4465 3284 4535 Scriptura
3316 4465 3580 4521 divinitus

2006 4563 2271 4632 inspirata
2332 4561 2460 4615 licet
2515 4560 2790 4629 colligere,
2855 4558 3057 4628 quibus
3113 4557 3264 4611 fraus
3317 4565 3575 4624 tanquam

328 4661 435 4714 περ
499 4643 660 4696 εἰκών
711 4658 794 4704 τις
850 4641 1220 4712 ἐπηνθισμένη
1267 4643 1384 4704 ταῖς
1421 4647 1712 4711 γραφικοῖς
1757 4663 1897 4717 μαρ-

2004 4656 2180 4723 imago
2208 4653 2554 4706 eﬁlorescens
2575 4667 2638 4705 ex
2671 4649 2952 4720 Scriptura
2987 4648 3313 4703 testimoniis
3334 4648 3577 4702 veritatis

1303 4733 1315 4749 Q

327 4735 540 4804 τυρίαις
564 4733 626 4786 τὸ
651 4733 749 4801 τῆς
781 4732 1032 4803 ἀληθείας
1060 4731 1274 4784 εἴδωλον
1295 4732 1662 4802 ὑποκρίνεται.

397 4826 462 4878 Τί
510 4821 602 4878 οὖν
646 4825 807 4894 ἡμεῖς
856 4823 991 4893 πρὸς
1042 4823 1196 4875 τοῦτό
1247 4840 1459 4891 (patum;
1517 4818 1667 4876 Οἶδεν
1714 4824 1898 4895 ὴοεία

325 4917 517 4988 Γραφὴ
565 4918 684 4970 κατ’
739 4915 1059 4986 ἀμφοτέρων
1084 4913 1189 4966 τῶν
1229 4916 1444 4966 ἐννοιῶν
1475 4917 1770 4986 κεχρῆσθαι
1802 4918 1895 4970 τοῦ

325 5007 445 5063 υἱοῦ
506 5011 570 5078 τῇ
627 5009 798 5078 φωνῇ.
832 5008 991 5059 Ὥστε
1039 5008 1146 5058 τισὶ
1207 5008 1298 5068 μὲν
1336 5010 1397 5058 ἐκ
1428 5007 1659 5074 φύσεως,
1693 5010 1797 5062 τισὶ
1841 5009 1897 5062 δὲ

329 5099 727 5166 επισκευαστὴν
754 5098 845 5150 καὶ
888 5097 1175 5167 ἐπίκτητον
1210 5093 1462 5167 εἶναιτὴν
1488 5099 1686 5167 ταύτην
1731 5118 1898 5172 προσ-

328 5191 576 5261 ηγορίαν.
608 5191 776 5243 Ὅταν
829 5189 926 5261 μὲν
960 5189 1066 5260 γὰρ
1097 5191 1242 5252 υἱοὺς
1295 5190 1594 5258 ἀνθρώπων
1629 5192 1721 5244 καὶ
1749 5193 1897 5255 υἱοὺς

328 5282 460 5352 λέγῃ
505 5281 695 5351 κριῶν,
724 5281 823 5352 τὴν
879 5282 1001 5334 κατ’
1038 5280 1225 5332 οὐσίαν
1249 5281 1342 5332 τοῦ
1374 5281 1725 5350 γεννηθέντος
1762 5284 1898 5354 πρὸς

328 5373 420 5425 τὸν
448 5372 506 5437 ἐξ
524 5368 583 5427 οὗ
602 5372 790 5440 γέγονε
839 5372 1020 5440 σχέσιν
1052 5371 1434 5441 ἀποσημαίνει.
1466 5373 1633 5424 Ὅταν
1665 5374 1720 5426 δὲ
1751 5376 1898 5439 υἱοὺς

329 5464 608 5534 δυνάμεως
639 5463 672 5532 ἢ
707 5463 872 5516 τέκνα
929 5463 1063 5534 λέγῃ
1111 5463 1265 5525 Θεοῦ,
1292 5464 1390 5532 τὴν
1421 5466 1483 5516 ἐκ
1530 5466 1898 5536 προαιρέσεως

330 5555 616 5625 γινομένην
674 5555 988 5624 ἀγχιστείαν
1051 5555 1365 5629 παρίστησι.
1415 5557 1522 5608 Καὶ
1556 5557 1655 5626 μέν
1689 5575 1770 5610 τοι
1800 5561 1893 5614 καὶ

329 5649 472 5703 κατά
500 5647 595 5715 τὴν
622 5647 867 5700 ἐναντίαν
900 5647 1157 5712 διάνοιαν,
1191 5648 1241 5700 οἱ
1271 5648 1422 5700 αὐτοὶ
1462 5648 1556 5701 καὶ
1588 5651 1691 5702 υἱοὶ
1749 5651 1896 5704 Ἱιλεὶ

331 5739 426 5800 ul.
456 5738 563 5791 υἱοὶ
584 5738 760 5796 λοιμοὶ
798 5737 1212 5811 ὠνομάσθησαν,
1253 5740 1389 5812 πρὸς
1431 5741 1688 5813 ἑκάτερον
1720 5744 1899 5814 νόημα

407 5919 454 5953 ³⁸
478 5918 639 5976 Rom.
671 5935 789 5987 rut,
823 5918 914 5977 Η.

2001 4743 2354 4798 simulacrum
2399 4741 2680 4794 mentitur.

2071 4833 2211 4899 Quid
2260 4833 2424 4901 igitur
2472 4846 2572 4884 nos
2633 4829 2697 4882 ad
2747 4828 2849 4881 hoc
2899 4826 3174 4881 dicimus?
3230 4825 3286 4879 In
3345 4833 3578 4894 utroque

2003 4940 2170 4979 sensu
2239 4923 2337 4976 ﬁlii
2395 4937 2527 4975 voce
2575 4921 2651 4973 uti
2704 4919 2854 4973 novit
2892 4919 3073 4971 divina
3133 4918 3448 4986 Scriptura,
3504 4919 3578 4971 ita

2002 5028 2061 5071 ut
2095 5015 2422 5085 quibusdam
2452 5029 2482 5067 a
2523 5021 2736 5072 natura,
2770 5008 3096 5080 quibusdam
3128 5025 3258 5064 vero
3294 5008 3574 5077 adjectitia

2001 5118 2056 5162 et
2106 5107 2405 5161 adventitia
2457 5105 2529 5160 sit
2556 5105 2682 5157 talis
2717 5101 3025 5172 appellatio.
3068 5100 3202 5154 Cum
3252 5101 3396 5154 enim
3433 5100 3578 5153 ﬁlios

2000 5199 2286 5252 hominum
2324 5197 2458 5250 dicit.
2504 5204 2560 5250 et
2608 5195 2747 5249 ﬁlios
2791 5194 3040 5255 arietum,
3099 5193 3413 5245 relationem
3455 5208 3577 5260 qua:

1998 5297 2083 5343 est
2116 5288 2415 5343 secundum
2449 5286 2741 5341 essentiam
2775 5285 2937 5352 geniti
2981 5299 3104 5337 cum
3139 5299 3203 5336 eo
3247 5287 3337 5352 qui
3381 5287 3571 5352 genuit

2000 5381 2292 5449 signiﬁcat.
2352 5379 2488 5431 Cum
2523 5393 2652 5430 vero
2697 5377 2837 5430 ﬁlios
2892 5377 3147 5445 potentia:
3184 5377 3262 5428 vel
3296 5375 3388 5428 Dei
3436 5376 3577 5428 tilias

1999 5472 2152 5537 dicit,
2182 5471 2640 5540 propinquitatem
2676 5485 2794 5538 quae
2826 5469 3034 5522 arbitrii
3077 5469 3252 5522 Ithera
3290 5469 3571 5520 voluntate

2000 5575 2053 5615 et
2075 5564 2340 5618 electione
2363 5562 2439 5625 ﬁt,
2474 5560 2730 5615 ostendit.
2755 5561 3061 5626 Quinetiam
3097 5559 3376 5614 contrario
3409 5574 3572 5611 sensu

2005 5656 2167 5709 iidem
2214 5663 2268 5708 et
2326 5653 2418 5706 ﬁlii
2471 5652 2584 5707 Heli
2633 5665 2688 5706 et
2741 5653 2833 5705 ﬁlii
2890 5652 3052 5706 Belial
3100 5650 3367 5704 nominati
3419 5658 3571 5712 sunt,

2006 5746 2072 5800 ad
2117 5754 2406 5816 utramque
2451 5746 2730 5800 notionem
2784 5743 3016 5798 ﬁliorum
3049 5741 3411 5814 appellatione
3441 5756 3574 5796 cm.-
