4138 6364
525 532 628 592 607

1802 530 1861 586 S.
1885 530 2216 588 GREGORII
2255 531 2548 589 NYSSE'SI

3669 525 3779 586 008

524 657 788 723 gruenter
832 651 1214 703 conveniente.
1249 643 1406 709 Quod
1437 644 1582 700 enim
1626 644 1718 698 ﬁlii
1769 643 1886 700 Heli
1924 646 2100 700 vocati

2208 650 2300 720 τῆς
2319 648 2428 703 τῶν
2467 647 2598 702 υἱῶν
2626 645 2992 719 προσηγορίας
3023 646 3376 718 εύαρμόστως
3397 643 3642 715 ἐχούσης.
3682 645 3780 715 Τῳ

519 750 650 799 sunt
692 740 759 804 “,
809 738 956 810 quod
1011 737 1315 793 secundum
1360 746 1612 791 naturam
1666 747 1953 808 cognatum
1989 751 2097 798 est,

521 849 648 888 cum
692 833 783 886 illo
830 830 1032 885 habere
1088 829 1350 892 perhibiti
1404 836 1554 882 sunt.
1611 825 1779 881 Belial
1829 843 1958 882 vero
2004 829 2097 882 lilii

517 924 783 980 nominati
815 923 858 955 ³⁷
885 963 901 989 ,
949 921 1018 975 ob
1047 921 1335 975 electionis
1361 920 1476 974 sive
1512 919 1744 972 instituti
1780 919 2098 986 pravitatem

523 1017 772 1071 accusati
828 1020 980 1075 Sunt,
1019 1021 1077 1065 ut
1109 1019 1235 1081 pote
1262 1019 1476 1081 patrem
1506 1009 1561 1063 in
1595 1012 1718 1062 vitae
1746 1009 1956 1062 ratione
1989 1024 2096 1062 nou

523 1109 868 1169 mmolantes,
914 1105 1007 1158 sed
1061 1113 1286 1173 peccato
1329 1117 1489 1156 suum
1543 1101 1834 1155 consilium
1879 1111 1930 1154 et
1980 1100 2104 1153 vitae

519 1200 831 1254 institutum
872 1197 1233 1266 applicantes.
1301 1194 1356 1247 ln
1416 1203 1610 1246 natura
1666 1193 1834 1262 igitur
1892 1191 2101 1256 inﬁma,

520 1302 684 1360 atque
722 1290 776 1342 in
821 1289 905 1342 his
949 1288 1112 1340 rebus
1147 1286 1375 1347 nostris,
1427 1286 1553 1353 quia
1610 1284 1754 1353 quod
1806 1285 2102 1337 Immanqu

520 1390 604 1436 est
649 1382 810 1435 habet
849 1379 916 1432 ad
966 1389 1280 1447 utrumque,
1330 1375 1399 1429 ad
1440 1377 1634 1430 vitium
1686 1376 1810 1429 dico
1847 1386 1900 1430 et
1930 1378 2106 1428 virtu-

524 1485 655 1538 tem,
710 1472 972 1542 aqualem
1040 1470 1481 1540 propensionem,
1536 1470 1592 1522 in
1646 1469 1806 1522 nobis
1862 1475 1970 1530 est,
2021 1465 2104 1520 vel

521 1565 706 1620 noctis
753 1565 838 1618 vel
889 1563 996 1617 diei
1047 1563 1191 1617 filios
1249 1563 1387 1626 fieri,
1447 1569 1701 1615 manente
1747 1561 2105 1615 nihilominus

523 1659 821 1715 secundum
855 1657 908 1711 id
936 1658 1078 1726 quod
1116 1657 1450 1725 praecipuum
1503 1665 1586 1710 est
1627 1655 1682 1709 in
1729 1656 1963 1725 propriis
1997 1663 2106 1709 ter-

527 1752 693 1805 minis
727 1761 940 1804 natura.
979 1747 1166 1818 Neque
1209 1747 1354 1801 enim
1386 1747 1477 1801 ille
1521 1746 1614 1817 qui
1658 1756 1879 1817 propter
1909 1746 2102 1799 vitium

528 1841 625 1895 ira:
679 1841 823 1894 [ilius
872 1840 1051 1894 factus
1079 1849 1183 1902 est,
1217 1839 1286 1892 ab
1319 1838 1556 1891 lmmana
1585 1839 1940 1908 generatione
1973 1839 2104 1891 alie-

525 1939 690 1985 natus
741 1938 846 1994 est,
896 1945 1074 2000 neque
1119 1929 1164 1982 is
1215 1929 1308 1998 qui
1350 1943 1446 1996 per
1499 1928 1820 1982 electionem
1862 1929 2099 1996 seipsum

527 2025 672 2078 bono
701 2021 1023 2076 familiarem
1077 2021 1348 2092 adjutriit,
1396 2036 1489 2087 per
1520 2020 1883 2073 urbanitatem
1915 2027 1968 2072 et
1997 2019 2097 2073 ho-

522 2121 736 2167 nestam
783 2126 994 2164 morum
1019 2109 1513 2162 conformationem
1543 2123 1610 2162 ex
1644 2107 1964 2161 hominibus
1994 2121 2098 2160 na-

522 2213 615 2259 tus
647 2220 769 2258 esse
793 2203 902 2257 dici
934 2201 1133 2267 desiit;
1165 2201 1261 2255 sed
1288 2209 1485 2254 natura
1518 2200 1574 2254 in
1603 2201 1855 2269 utrisque
1886 2205 2091 2263 stante,

526 2291 826 2347 secundum
877 2290 1174 2344 electiones
1217 2296 1271 2343 et
1323 2291 1448 2342 vitae
1507 2287 1762 2341 instituta
1793 2284 2099 2340 diﬂ'erentia

525 2384 748 2437 nomina
779 2379 1206 2452 prOpinquitatis
1239 2380 1354 2434 sive
1380 2377 1804 2434 necessitudinis
1834 2377 2099 2441 induunt;

523 2473 612 2526 vel
660 2481 720 2525 ut
779 2472 873 2525 Dei
923 2471 1015 2522 lilii
1080 2484 1175 2539 per
1224 2469 1505 2531 virtutem,
1554 2467 1639 2520 vel
1686 2465 1945 2520 contrarii
2007 2479 2103 2533 per

526 2565 716 2618 vitium
770 2563 925 2619 fiant.

598 2657 654 2710 In
684 2654 888 2711 divinis
919 2662 1099 2709 autem
1134 2652 1479 2706 documentis
1512 2646 1607 2717 qui
1643 2645 1949 2699 naturalem
1981 2656 2104 2698 ser-

526 2758 620 2804 vat
656 2747 904 2803 ordinem
945 2744 1248 2800 Eunomius
1284 2740 1502 2814 (ipsius
1543 2738 1689 2794 enim
1729 2736 1910 2791 verbis
1964 2735 2106 2789 scri-

526 2842 702 2912 ptoris
720 2836 885 2904 utar),
908 2848 962 2892 et
989 2837 1245 2907 superius
1276 2834 1430 2887 lectis
1463 2832 1748 2891 insistens,
1779 2837 1834 2883 et
1856 2843 1980 2882 eum
2010 2827 2106 2897 qui

529 2930 748 3001 genitus
793 2937 878 2982 est
914 2941 1182 2997 gennema
1231 2925 1347 2979 sive
1395 2921 1712 2992 progeniem
1763 2919 1948 2974 dicere
1996 2932 2106 2971 non

528 3034 823 3076 recusans:
847 3037 988 3083 cum,
1013 3018 1214 3088 inquit,
1251 3017 1371 3086 ipsa
1406 3015 1594 3084 genitte
1622 3013 1890 3077 assentire,
1927 3020 1976 3064 et
2004 3009 2106 3079 ﬁlii

528 3113 819 3182 appeiiatio
854 3113 1011 3166 talem
1042 3109 1318 3164 nominum
1357 3107 1668 3160 relationem
1693 3103 1796 3158 sibi
1829 3103 2057 3156 asciscat
2086 3117 2106 3155 :

532 3222 644 3276 quo
673 3203 836 3258 modo
865 3202 1007 3274 quod
1033 3201 1276 3273 genitum
1316 3209 1402 3254 est
1439 3211 1469 3252 a
1498 3204 1792 3269 generante
1821 3195 2022 3249 alienat
2053 3200 2108 3247 ct

2203 746 2298 815 μὲν
2330 745 2440 814 γάρ
2470 744 2576 796 υἱοὶ
2599 742 2690 795 τοῦ
2719 742 2866 794 Ἠλεὶ
2894 740 3175 809 κληθῆναι,
3203 739 3262 790 τὸ
3289 737 3430 791 κατὰ
3458 737 3615 806 φύσιν
3644 753 3781 804 συγ-

2200 837 2354 905 γενές
2390 835 2524 905 πρὸς
2553 836 2758 888 ἐκεῖνον
2796 833 2938 903 ἔχειν
2987 830 3464 902 ἐμαρτυρήθησαν.
3497 829 3688 898 Λοιμοὶ
3718 829 3779 882 δὲ

2203 929 2308 981 υἱοὶ
2348 926 2862 996 κατονομασθέντες.
2903 925 2994 976 ἐπὶ
3035 927 3100 994 τῇ
3137 924 3235 993 τῆς
3270 920 3641 992 προαιρέσεως
3677 936 3778 989 μο-

2201 1020 2400 1092 χθηρίᾳ
2421 1019 2891 1089 κατηγορήθησαν,
2913 1017 2986 1077 ὡς
3007 1017 3123 1085 οὐχὶ
3140 1016 3227 1067 τὸν
3250 1013 3458 1082 πατέρα
3489 1011 3778 1082 ζηλοῦντες

2201 1113 2279 1185 τῷ
2316 1113 2432 1182 βίῳ,
2463 1111 2595 1163 ἀλλὰ
2637 1112 2701 1180 τῇ
2750 1109 2916 1179 κακία
2943 1108 3039 1178 τὴν
3103 1107 3412 1176 προαίρεσιν
3461 1103 3666 1155 ἑαυτῶν
3698 1105 3780 1154 οἱ-

2204 1202 2545 1264 κειώσαντες.
2596 1195 2716 1254 Ἑπὶ
2755 1199 2850 1269 μὲν
2874 1195 2964 1251 οὖν
2993 1198 3089 1267 τῆς
3114 1197 3262 1249 κάτω
3284 1196 3515 1263 φύσεως,
3549 1196 3638 1247 καὶ
3665 1194 3779 1245 τῶν

2205 1291 2327 1343 καθ’
2353 1293 2498 1361 ἡμᾶς
2528 1289 2886 1360 πραγμάτων,
2914 1289 2999 1341 διὰ
3023 1287 3081 1340 τὸ
3111 1287 3243 1358 πρὸς
3267 1286 3524 1355 ἑκάτερον
3550 1286 3747 1354 ἐπιρῤο

2206 1381 2322 1445 πῶς
2357 1382 2419 1434 τὸ
2442 1382 2776 1452 ἀνθρώπινον
2797 1380 2958 1450 ἔχειν,
2991 1379 3125 1449 πρὸς
3149 1378 3346 1431 κακίαν
3364 1377 3508 1444 λέγω
3533 1377 3625 1429 καὶ
3648 1377 3781 1446 ἀρε-

2206 1475 2320 1547 τὴν,
2356 1475 2441 1544 ἐφ’
2470 1477 2602 1545 ἡμῖν
2630 1475 2796 1538 ἐστιν,
2843 1474 2876 1544 ἢ
2905 1473 3094 1534 νυκτὸς
3125 1471 3157 1541 ἦ
3193 1471 3402 1540 ἡμέρας
3439 1469 3586 1530 υἱοὺς
3623 1464 3781 1534 γενέ·

2208 1570 2350 1630 σθαι,
2391 1567 2655 1640 μενούσης
2690 1566 2829 1620 κατὰ
2858 1565 2918 1618 τὸ
2955 1563 3360 1635 προηγούμενον
3396 1564 3452 1614 ἐν
3488 1562 3599 1621 τοῖς
3625 1559 3779 1621 ίδίοις

2204 1660 2352 1730 ὅροις
2382 1659 2478 1728 τῆς
2502 1657 2732 1726 φύσεως.
2762 1654 2897 1710 Gbce
2945 1655 3053 1726 γὰρ
3090 1656 3118 1707 ὁ
3151 1653 3238 1707 διὰ
3260 1655 3457 1706 κακίαν
3492 1649 3662 1721 ὀργῆς
3688 1649 3783 1701 τέ-

2206 1769 2330 1804 κνον
2357 1751 2646 1820 γενόμενος
2695 1749 2793 1818 τῆς
2835 1745 3178 1817 ἀνθρωπίνης
3221 1743 3553 1816 ἡλλοτριώθη
3583 1741 3781 1810 γεννή-

2209 1859 2366 1905 σεως,
2398 1840 2520 1895 οὔτε
2569 1845 2598 1893 ὁ
2631 1840 2708 1909 τῷ
2737 1837 2922 1909 ἀγαθῷ
2962 1837 3049 1890 διὰ
3086 1835 3454 1907 προαιρέσεως
3481 1834 3670 1887 ἑαυτὸν
3699 1834 3780 1884 οἰ-

2207 1934 2462 1996 κειιῦσας,
2489 1934 2551 1986 τὸ
2579 1934 2635 1998 ἐξ
2664 1932 2962 2001 ἀνθρώπων
2988 1931 3148 1999 φῦναι
3187 1931 3274 1984 διὰ
3302 1929 3402 1998 τῆς
3435 1927 3780 1994 ἁστειότητος

2205 2027 2312 2079 τῶν
2338 2025 2784 2097 ἐπιτηδευμάτων
2822 2025 3078 2077 ἀπώσατο
3103 2040 3118 2055 ο
3157 2022 3292 2076 ἀλλὰ
3323 2022 3422 2092 τῆς
3451 2020 3660 2090 φύσεως
3687 2017 3779 2086 ἐφ’

2201 2118 2479 2190 ἑκατέρων
2517 2117 2780 2186 ἑστώσης,
2811 2118 2868 2170 αἱ
2915 2116 3055 2170 κατὰ
3087 2115 3184 2178 τὰς
3216 2114 3561 2184 προαιρέσεις
3587 2111 3776 2178 διαφο-

2205 2213 2296 2283 ραὶ
2318 2211 2386 2264 τὰ
2417 2211 2655 2280 ὀνόματα
2685 2209 2782 2280 τῆς
2813 2207 3141 2276 οἰκειότητος
3187 2205 3502 2258 ὑποδύονται
3523 2221 3536 2234 ·
3565 2202 3598 2274 ἢ
3638 2201 3778 2254 Θεοῦ

2201 2305 2367 2357 τέκνα
2391 2303 2456 2356 δι’
2477 2302 2697 2372 ἀρετῆς,
2725 2301 2758 2370 ἢ
2784 2299 2876 2352 τοῦ
2903 2299 3274 2369 ἀντικειμένου
3298 2297 3386 2350 διὰ
3417 2295 3610 2358 κακίας
3633 2293 3780 2363 γινὰ-

2207 2413 2377 2448 αενοι.

2287 2664 2412 2718 Ἐπὶ
2451 2662 2509 2716 δέ
2555 2679 2618 2730 γε
2663 2661 2768 2714 τῶν
2816 2660 2972 2713 θείων
3015 2658 3295 2726 δογμάτιιδν
3339 2660 3367 2710 ὁ
3412 2657 3508 2727 τὴν
3542 2655 3784 2725 φυσικὴν

2204 2755 2483 2820 διασώζων
2521 2753 2672 2820 τάξιν
2705 2752 2965 2822 Εὑνόμιος
2985 2768 2997 2781 ·
3039 2751 3220 2810 αὐτοῖς
3249 2750 3356 2817 γὰρ
3384 2753 3654 2818 χρήσομαι
3677 2745 3780 2799 τοῦ

2205 2848 2544 2919 λογογράφου
2573 2848 2685 2907 τοῖς
2718 2845 2957 2914 ῥήμασι·
3004 2843 3096 2895 καὶ
3133 2844 3244 2905 τοῖς
3270 2840 3469 2894 ἄνωθεν
3499 2839 3778 2908 ἐγνωσμέ-

2206 2957 2315 3002 νοις
2369 2937 2653 3009 ἐμμένων,
2706 2937 2799 2988 καὶ
2846 2934 3100 3004 γεννητὸν
3145 2933 3270 2986 ὄντα
3310 2932 3555 3001 γέννημα
3597 2930 3781 3000 λέγειν

2206 3033 2265 3086 ού
2306 3029 2732 3102 παραιτούμενος
2763 3045 2776 3058 ·
2849 3031 2961 3098 τῆς
3000 3025 3391 3095 γεννηθείσης
3430 3022 3639 3091 αὐτῆς,
3696 3020 3782 3085 ὥς

2207 3142 2392 3196 φησιν,
2415 3123 2666 3188 οὐσίας,
2721 3117 2819 3174 καὶ
2880 3116 2992 3186 τῆς
3031 3116 3140 3172 τοῦ
3203 3115 3333 3170 υἱοῦ
3376 3115 3782 3184 προσηγορίας

2207 3215 2324 3284 τὴν
2356 3214 2636 3279 τοιαύτην
2674 3211 2792 3264 τὼν
2837 3207 3140 3278 ὀνομάτων
3191 3205 3593 3275 οἰκειουμένης
3636 3204 3784 3272 σχέ-

528 3295 798 3366 disjungit
833 3296 901 3350 ab
936 3310 1001 3349 ea
1036 3309 1156 3364 quaa
1189 3290 1496 3348 secundum
1545 3289 1846 3345 essentiam
1887 3295 1973 3344 est
2013 3302 2105 3342 ne-

2209 3321 2343 3359 σιν·
2383 3304 2500 3366 πῶς
2530 3302 2796 3372 άλλοτριοῖ
2818 3300 2915 3369 τῆς
2954 3298 3074 3351 κατ’
3121 3298 3306 3350 οὐσίαν
3350 3297 3676 3366 οἰκειότητος
3717 3295 3784 3348 τὸ

529 3387 901 3444 cessitudine?
945 3385 1080 3439 Nam
1130 3384 1199 3439 d'e
1251 3385 1337 3438 his
1387 3384 1482 3452 qui
1517 3389 1739 3453 propter
1763 3381 1993 3435 crimina
2025 3379 2108 3433 di-

530 3488 732 3533 cuntur
762 3479 858 3531 lilii
889 3478 968 3531 vel
1004 3485 1327 3547 gennemata
1363 3476 1477 3530 sive
1503 3475 1771 3544 germina,
1802 3473 1882 3527 vel
1916 3485 2109 3526 rursus

531 3571 598 3625 de
631 3585 698 3624 eo
735 3584 896 3639 quem
956 3569 1076 3621 laus
1130 3568 1202 3620 ob
1239 3565 1369 3618 talia
1409 3565 1633 3618 nomina
1682 3563 2106 3626 concomitatur,

531 3677 642 3714 non
679 3659 804 3712 licet
831 3657 1036 3719 (licere,
1065 3658 1207 3725 quod
1237 3655 1363 3723 quis
1390 3668 1517 3708 vere
1551 3653 1619 3707 ab
1650 3653 1731 3706 ira
1765 3653 1980 3723 genitus
2016 3653 2109 3706 irae

533 3752 679 3808 ﬁlius
727 3749 1054 3820 appelletur.
1097 3746 1286 3817 Neque
1339 3762 1533 3802 rursus
1557 3746 1701 3800 diem
1748 3746 1872 3814 quis
1921 3744 2110 3798 habuit

531 3843 896 3911 corporaliter
931 3853 1086 3893 suam
1121 3847 1374 3901 matrem,
1415 3837 1490 3890 ita
1529 3844 1590 3890 ut
1613 3835 1732 3904 ejus
1773 3834 1917 3888 filius
1946 3833 2110 3887 fuerit

538 3934 894 3997 nominatus,
946 3930 1042 3985 sed
1101 3929 1411 3982 delectuum
1478 3925 1783 3981 diﬂ‘erentia
1838 3925 2110 3994 ejusmodi

535 4029 680 4098 parit
710 4025 1043 4095 cognitionis
1076 4022 1319 4075 nomina.
1351 4021 1455 4072 Hic
1499 4019 1632 4073 dicit
1665 4017 1965 4072 Eunomius
1990 4058 2004 4077 ,
2025 4025 2118 4080 με-

534 4121 662 4173 lium
707 4133 824 4171 cum
858 4118 929 4170 sit
979 4116 1182 4184 genitus
1205 4153 1220 4178 ,
1266 4128 1520 4182 genuema
1541 4149 1556 4174 ,
1579 4110 1631 4164 id
1651 4117 1754 4173 est,
1781 4107 2110 4177 progeniem,

534 4209 706 4262 dicere
737 4198 839 4262 non
873 4221 1198 4268 recusamus,
1221 4206 1491 4274 quoniam,
1517 4203 1711 4270 inquit.
1736 4202 1910 4270 genita
1931 4215 2108 4254 esseu-

539 4302 614 4354 tia
655 4309 704 4355 et
751 4299 851 4368 ﬁlii
895 4296 1179 4367 appellatio
1235 4295 1397 4348 talem
1428 4295 1724 4348 nominum
1780 4292 2109 4361 affectionem

536 4393 646 4447 sive
676 4391 987 4445 relationem
1015 4389 1115 4442 sibi
1143 4387 1404 4442 conciliet.
1457 4383 1514 4440 Si
1555 4385 1740 4454 igitur,
1773 4384 1899 4453 quia
1962 4381 2104 4436 ﬁlius

538 4484 612 4540 sit
646 4499 774 4540 vere
814 4496 1077 4552 gennema
1093 4479 1426 4553 (pregenies)
1483 4477 1776 4532 confitetur
1803 4478 1964 4532 talem
2005 4490 2111 4530 no-

538 4575 748 4629 minum
793 4573 896 4628 sibi
929 4571 1202 4625 asciscere
1239 4569 1601 4634 relationem;
1634 4579 1912 4639 quomodo
1948 4568 2111 4623 nabet

2207 3396 2463 3466 γεννηθὲν
2489 3393 2581 3448 τοῦ
2607 3393 2993 3462 γεννήσαντος;
3042 3389 3132 3442 ἐπὶ
3164 3388 3259 3458 μὲν
3288 3386 3396 3457 γάρ
3418 3387 3524 3440 τῶν
3553 3388 3642 3440 ἐπὶ
3666 3386 3784 3439 δια-

2210 3488 2337 3558 ϐολῇ
2369 3485 2672 3555 λεγομένων
2722 3481 2852 3534 υἱῶν
2890 3480 2922 3551 ῆ
2952 3479 3326 3550 γεννημάτων,
3360 3479 3392 3550 ἢ
3429 3477 3590 3531 πάλιν
3619 3477 3702 3546 ἐφ’
3734 3471 3784 3545 ᾧ

2209 3575 2424 3638 ἔπαινός
2453 3591 2536 3636 τις
2565 3571 2908 3642 παρομαρτεῖ
2933 3572 3045 3631 τοῖς
3071 3568 3330 3629 τοιούτοις
3371 3567 3646 3636 ὀνόμασιν,
3679 3568 3782 3618 οὐκ

2209 3668 2352 3720 ἐστιν
2382 3665 2554 3717 εἰπεῖν
2585 3664 2666 3715 ὅτι
2695 3659 2909 3731 άληθῶς
2951 3677 3038 3722 τις
3078 3657 3229 3729 παρὰ
3266 3656 3365 3728 τῆς
3393 3658 3560 3727 ὀργῆς
3588 3675 3783 3726 γεννη-

2209 3758 2341 3819 θεὶς,
2389 3757 2575 3809 τέκνον
2617 3752 2787 3824 ὀργῆς
2834 3743 3296 3822 προσηγόρευται·
3357 3749 3463 3802 οὐδ’
3508 3743 3574 3801 αὖ
3619 3748 3782 3802 πάλιν

2209 3849 2421 3919 ἡμέραν
2465 3863 2548 3910 τις
2594 3843 2917 3914 σωματικῶς
2958 3842 3113 3911 ἔσχεν
3142 3839 3334 3894 ἑαυτοῦ
3381 3841 3606 3910 μητέρα,
3637 3839 3784 3892 ὥστε

2210 3940 2323 4002 υίὸς
2347 3938 2546 4009 ταύτης
2576 3934 2941 4006 ὀνομασθῆναι
2975 3950 2988 3964 ·
3040 3932 3153 3984 ἀλλ’
3197 3931 3231 4001 ἡ
3268 3933 3376 3984 τῶν
3410 3931 3784 4002 προαιρέσεων

2208 4030 2440 4101 διαφορᾶ
2465 4031 2695 4086 ποιεῖται
2733 4028 2802 4080 τὰ
2826 4025 2924 4094 τῆς
2947 4024 3201 4095 τοιαύτης
3235 4023 3551 4091 συγγενείας
3583 4022 3786 4092 ὀνόμα-

2208 4139 2296 4175 τα.
2342 4119 2607 4174 Ἐνταῦθα
2651 4118 2707 4171 δέ
2749 4133 2912 4186 φησιν
2941 4115 2969 4168 ὁ
3010 4115 3270 4185 Εύνόμιος
3295 4130 3310 4143 ·
3349 4115 3430 4168 ὅτι
3475 4113 3786 4178 Γεννητόν

2211 4212 2356 4265 ὄντα
2391 4210 2497 4264 τὸν
2516 4210 2651 4264 υἱὸν
2674 4207 2934 4278 γέννημά
2969 4207 3171 4276 λέγειν
3198 4206 3270 4258 οὐ
3305 4205 3742 4272 παραιτούμεθα
3765 4218 3782 4232 ⁸

2209 4303 2320 4370 τῆς
2367 4302 2792 4373 τεννηθείσης,
2858 4297 3058 4368 φησιν,
3108 4297 3322 4362 οὐσίας
3373 4295 3470 4348 καὶ
3522 4292 3626 4360 τῆς
3675 4293 3786 4347 τοῦ

2211 4396 2346 4450 υἱοῦ
2383 4393 2788 4464 προσηγορῐας
2837 4391 2951 4460 τὴν
2987 4392 3270 4453 τοιαύτην
3312 4386 3432 4456 τῶν
3479 4385 3788 4456 ὀνομάτων

2211 4487 2435 4557 σχέσιν
2479 4486 2910 4554 οικειουμένης.
2960 4485 3022 4536 Εἰ
3067 4479 3159 4537 οὖν
3191 4481 3280 4536 διὰ
3311 4481 3373 4535 τὸ
3407 4479 3619 4550 άληθῶς
3657 4477 3787 4546 γέν-

2212 4597 2361 4650 νημα
2394 4575 2531 4632 εἶναι
2562 4578 2653 4631 τὸν
2686 4577 2800 4630 υίδν
2841 4574 3090 4646 ὁμολογεῖ
3127 4573 3225 4642 τὴν
3252 4571 3504 4640 τοιαύτην
3535 4570 3641 4623 τῶν
3667 4572 3789 4622 ὀνο-

537 4665 886 4720 oecasionem
906 4663 1072 4718 talem
1095 4662 1378 4716 nominum
1397 4675 1618 4714 causam
1639 4659 2105 4726 accommodandi,

2219 4673 2401 4741 μάτων
2427 4665 2754 4723 οἰκειοῦσθαι
2781 4665 2984 4733 σχέσιν,
3021 4663 3135 4725 πῶς
3165 4662 3274 4732 ἔχει
3320 4660 3512 4730 καιρὸν
3537 4659 3787 4728 ἐφαρμό-

537 4765 592 4810 u
616 4755 700 4810 his
731 4770 852 4820 quae
875 4769 971 4823 per
1002 4753 1412 4807 translationem
1443 4758 1497 4804 et
1545 4751 1774 4804 abusum
1823 4751 2106 4814 dicuntur,

537 4854 594 4902 et
626 4847 710 4902 his
743 4847 942 4916 quibus
969 4844 1233 4898 naturalis
1263 4843 1502 4908 affectio,
1544 4841 1659 4896 sive
1689 4843 1926 4908 relatio,
1968 4843 2111 4897 sicut

540 4939 617 4991 ait
649 4938 970 4999 Eunomius,
996 4938 1162 4991 talem
1195 4935 1451 4989 conciliat
1481 4935 1975 5004 nuncupationem?
1997 4935 2109 4990 Hoc

541 5030 707 5099 igitur
734 5043 924 5083 verum
951 5035 1037 5082 est
1071 5027 1125 5080 in
1167 5027 1234 5081 iis
1260 5027 1398 5081 solis
1424 5027 1627 5096 quibus
1654 5037 1739 5081 est
1773 5027 1999 5082 conﬁnis
2043 5027 2111 5081 ad

541 5122 792 5175 virtutem
837 5129 891 5174 et
946 5119 1136 5172 vitium
1191 5125 1386 5172 natura
1418 5158 1434 5182 ,
1481 5118 1536 5172 in
1585 5119 1783 5188 quibus
1816 5135 1958 5189 sirpe
1985 5121 2110 5190 quis

543 5212 819 5268 contraria
856 5210 1372 5273 assumit'nomina,
1397 5212 1557 5268 modo
1575 5211 1738 5279 lucis,
1775 5211 1936 5266 modo
1978 5227 2108 5266 vero

546 5304 916 5365 tenebrarum,
958 5301 1134 5357 factus
1177 5301 1340 5366 ﬁlius,
1365 5307 1590 5369 propter
1619 5315 1737 5355 eam
1760 5317 1922 5370 quam
1947 5301 2111 5357 habet

542 5409 667 5448 cum
710 5393 940 5448 honesto
965 5394 1050 5448 vel
1083 5393 1365 5448 contrario
1392 5391 1705 5447 allinitatem
1737 5401 1791 5448 et
1825 5395 2111 5465 cognatio-

543 5491 690 5541 nem.
727 5485 831 5540 Ubi
854 5500 984 5539 vero
1018 5485 1381 5540 contrarietas
1414 5485 1592 5540 locum
1632 5500 1744 5539 non
1775 5485 1956 5549 habet,
1989 5488 2112 5541 nul-

544 5580 628 5634 lus
682 5577 914 5646 amplius
967 5576 1059 5630 lilii
1111 5591 1299 5631 vocem
1351 5591 1415 5631 ex
1448 5577 1810 5633 translatione
1847 5578 2114 5634 celebrari

542 5673 710 5732 dicat,
734 5669 1113 5728 instareorum
1139 5673 1234 5741 qui
1263 5687 1331 5727 ex
1364 5671 1618 5728 instituto
1651 5683 1706 5729 et
1729 5674 1942 5731 delectu
1973 5675 2113 5730 hanc

541 5763 647 5820 sibi
679 5763 1095 5833 appellationem
1129 5763 1445 5819 conciliant.
1485 5764 1602 5819 Non
1637 5767 1783 5822 enim
1809 5767 1998 5825 eadem
2024 5776 2110 5826 est

619 5935 668 5970 ⁸⁸
705 5937 724 5992 ι
757 5936 890 6010 Reg.
929 5955 986 6007 ll,
1018 5939 1106 5996 29..

1187 5941 1225 5974 ³⁷
1261 5941 1279 5996 ι
1307 5938 1433 6012 Reg.
1463 5959 1498 6008 ι,
1534 5941 1616 5996 l6.

2217 4763 2328 4826 ζειν
2353 4761 2452 4829 τὴν
2476 4758 2728 4828 τοιαύτην
2759 4756 2867 4809 τῶν
2894 4755 3174 4824 ὀνομάτων
3206 4752 3382 4806 αἰτίαν
3411 4754 3521 4814 τοῖς
3552 4768 3610 4804 τε
3639 4751 3788 4803 κατὰ

2220 4851 2551 4924 μεταφορὰν,
2591 4852 2655 4902 ἐκ
2699 4848 3088 4918 καταχρήσεως
3133 4844 3462 4914 λεγομένοις,
3495 4842 3589 4896 καὶ
3633 4838 3712 4904 οἷς
3747 4845 3782 4911 ἠ

2217 4943 2418 5014 φυσικὴ
2462 4941 2663 5012 σχέσις,
2698 4939 2878 5002 καθώς
2907 4955 3068 5008 φησιν
3093 4940 3121 4989 ὁ
3157 4937 3435 5005 Εύνόμιος,
3473 4935 3570 5006 τὴν
3597 4932 3788 4986 τοιαύ-

2215 5053 2314 5106 την
2345 5033 2637 5088 οἰκειοῦται
2667 5031 2884 5103 κλῆσινς
2931 5028 3139 5084 Οὐκοῦν
3165 5030 3258 5082 ἐπὶ
3290 5029 3464 5099 μόνων
3497 5026 3690 5096 ἀληθὲς
3720 5025 3790 5078 τὺ

2209 5125 2448 5179 τοιοῦτόν
2483 5127 2648 5190 ἐστιν,
2678 5118 2758 5186 οἷς
2790 5123 3036 5193 μεθόριος
3075 5122 3211 5193 πρὸς
3246 5122 3444 5192 ἀρετήν
3470 5138 3529 5172 τε
3561 5120 3653 5173 καὶ
3682 5135 3786 5172 κα-

2213 5219 2334 5270 κίαν
2368 5219 2400 5288 ὴ
2429 5215 2588 5285 φύσις
2611 5233 2626 5249 ο
2673 5216 2756 5284 ἐφ’
2785 5209 2860 5267 ὧν
2885 5213 3140 5276 πολλάκις
3163 5212 3233 5266 τά
3257 5212 3474 5266 ἐναντία
3502 5228 3585 5273 τις
3619 5227 3790 5279 μετα-

2213 5307 2477 5376 λαμϐάνει
2520 5305 2630 5358 τῶν
2670 5305 2968 5375 ὀνομάτων,
3012 5303 3105 5354 νῦν
3153 5302 3250 5372 μὲν
3296 5302 3491 5370 φωτὸς,
3533 5301 3694 5354 πάλιν
3723 5300 3790 5353 δὲ

2217 5399 2458 5465 σκότους,
2503 5396 2592 5452 διὰ
2631 5397 2728 5467 τῆς
2760 5396 2896 5468 πρὸς
2923 5395 2984 5448 τὸ
3025 5395 3185 5448 καλὸν
3227 5395 3260 5465 ἢ
3293 5395 3429 5466 πρὸς
3456 5392 3517 5447 τὸ
3547 5391 3791 5447 ἐναντίον

2214 5488 2558 5552 οίκειώσεως,
2586 5489 2772 5542 τέκνον
2801 5489 3099 5558 γινόμενος.
3145 5487 3317 5541 Ὅπου
3357 5486 3411 5539 δὲ
3442 5487 3501 5538 τὸ
3547 5483 3788 5539 ἐναντίον

2216 5581 2397 5654 χώραν
2421 5580 2520 5634 ούκ
2548 5579 2679 5650 ἔχει,
2707 5579 2881 5633 οὐκέτ’
2913 5579 2978 5633 ἄν
3006 5597 3090 5642 τις
3116 5578 3210 5631 τοῦ
3244 5577 3358 5630 υἱοῦ
3385 5577 3482 5647 τὴν
3512 5575 3692 5644 φωνὴν
3720 5576 3789 5629 ἐκ

2221 5674 2532 5744 μεταφορᾶς
2563 5671 2986 5742 ἐπιφημίζεσθαι
3018 5671 3186 5739 λέγοι,
3214 5669 3334 5723 καθ’
3361 5669 3653 5739 ὁμοιέιτητα
3677 5665 3790 5719 τῶν

2216 5767 2304 5822 διὰ
2329 5765 2695 5839 προαιρέσεως
2722 5763 3102 5842 οἰκειουμένων
3122 5762 3217 5834 τὴν
3248 5760 3460 5831 κλῆσιν.
3489 5759 3562 5814 Οὐ
3588 5759 3696 5829 γὰρ
3719 5756 3807 5811 ἂν·
