4138 6364
396 342 500 400 ως)

1517 344 1794 400 CONTRA
1826 345 2216 418 EUNOMIUM,
2255 346 2385 406 LIB.
2420 348 2506 403 111.

3528 352 3630 410 (illi

397 460 476 521 εἰς
507 455 694 509 τοῦτον
719 456 859 510 ἔλθοι
893 458 982 511 τὸν
1011 458 1187 526 λόγον,
1214 459 1294 512 ὅτι
1319 459 1504 532 ὥσπερ
1535 460 1818 532 ἄνθρωπος
1838 463 1952 516 ἀπο

2068 466 2228 527 ratio,
2268 467 2413 534 quod
2457 464 2916 536 quemadmodum
2967 466 3126 521 homo
3157 466 3248 536 qui
3283 467 3626 522 tenebrarum

393 548 613 617 θέμενος
658 548 727 600 τά
775 548 910 620 ἔργα
951 549 1044 602 τοῦ
1093 549 1337 614 σκότους,
1384 550 1470 604 διὰ
1499 551 1598 621 τῆς
1632 554 1961 623 εὐσχήμονος

393 637 539 707 ζωῆς
586 641 762 710 φωτὸς
792 640 1000 708 γίνεται
1032 641 1220 694 τέκνον
1245 659 1259 673 ·
1308 642 1448 695 οὕτω
1481 644 1572 696 καὶ
1608 647 1636 697 ὁ
1672 645 1962 714 μονογενὴς

391 729 542 792 Θεὸς,
574 732 638 784 ἐκ
669 733 969 803 μεταϐολῆς
995 733 1060 786 ἐκ
1092 733 1186 786 τοῦ
1221 736 1456 806 χείρονος
1497 737 1878 805 ἁντιλαμϐάνει
1902 736 1964 789 τὸ

391 824 801 894 προτιμότερον.
851 825 1166 896 Ἀνθρωπος
1212 829 1319 899 γάρ
1367 845 1448 892 τις
1499 827 1613 892 ὣν,
1660 831 1770 893 υίὸς
1826 829 1958 882 Θεοῦ

389 914 632 979 γίνεται,
685 915 771 969 διὰ
822 917 922 988 τῆς
966 921 1335 990 πνευματικῆς
1381 923 1683 991 γεννήσεως
1743 921 1960 992 Χριστῷ

389 1005 790 1075 συναπτόμενος
822 1024 835 1036 ο
883 1009 912 1060 ὁ
955 1008 1012 1061 δὲ
1059 1011 1148 1062 τὸν
1195 1010 1476 1081 ἄνθρωπον
1517 1011 1582 1064 δι’
1617 1013 1780 1069 αὑτοῦ
1826 1012 1959 1066 Θεοῦ

389 1095 500 1147 υἱὸν
531 1095 717 1159 ποιῶν,
753 1097 914 1162 αὐτὸς
942 1099 1102 1152 ἄλλου
1147 1098 1260 1154 υἱοῦ
1301 1100 1396 1154 τοῦ
1431 1104 1784 1173 χαριζομένου
1812 1103 1960 1174 αὐτῷ

385 1183 483 1256 τὴν
533 1187 802 1240 υἱοθεσίαν
853 1190 948 1242 οὐκ
997 1191 1285 1253 ἐπιδέεται,
1331 1192 1444 1245 ἀλλ’
1479 1195 1615 1264 ὅπερ
1661 1195 1777 1248 ἐστὶ
1820 1196 1961 1249 κατὰ

387 1276 546 1344 φύσιν
579 1279 668 1330 καὶ
696 1280 1037 1348 ὀνομάζεται.
1093 1282 1410 1353 Ἀνθρωπος
1443 1285 1538 1354 μὲν
1567 1286 1728 1350 αὐτὸς
1767 1287 1959 1340 ἑαυτὸν

386 1368 620 1438 ἀμείϐει,
651 1370 740 1423 τοῦ
772 1372 998 1425 παλαιοῦ
1027 1372 1118 1426 τὸν
1147 1374 1263 1426 νέον
1290 1375 1798 1446 ἀνταλλασσόμενος.
1827 1377 1966 1444 Θεὸς

385 1457 461 1516 δὲ,
495 1461 574 1521 είς
603 1459 655 1510 τί
687 1461 1074 1532 ἀλλαγήσεται,
1115 1462 1255 1516 ὥστε
1297 1464 1324 1516 ὃ
1360 1466 1433 1536 μὴ
1471 1465 1583 1536 ἔχει
1612 1468 1958 1538 προσκτήσα-

387 1547 548 1612 σθαις
580 1550 912 1621 -Ἀνθρωπος
959 1553 1061 1622 μὲν
1090 1554 1278 1607 ἑαυτὸν
1329 1555 1768 1625 ἀπεκδυσάμενος
1792 1596 1808 1621 ,
1858 1557 1957 1628 τὴν

385 1646 533 1699 θείαν
569 1647 878 1704 ἐπενδύεται
909 1650 1084 1718 φύσιν.
1131 1650 1186 1702 '0
1215 1650 1271 1702 δὲ
1305 1651 1392 1703 ἀεὶ
1417 1649 1674 1714 ὡσαύτως
1716 1649 1874 1720 ἔχων,
1904 1650 1956 1702 τί

382 1739 716 1803 ἀποτίθεται,
748 1740 779 1812 ἦ
819 1744 870 1794 τί
903 1741 1316 1812 περιϐάλλεταις
1351 1741 1669 1812 Ἀνθρωπος
1711 1742 1810 1811 μὲν
1840 1741 1956 1808 υίὸς

2064 569 2229 624 opera
2291 556 2562 627 deposuit,
2589 566 2686 622 per
2731 557 3013 610 honestam
3068 558 3234 611 vitam
3291 557 3430 612 lucis
3486 557 3632 624 ﬁlius

2061 646 2332 716 gignitur,
2375 646 2454 702 sic
2489 651 2651 700 etiam
2686 649 3002 718 unigenitus
3038 648 3201 710 Deus.
3235 665 3298 704 ex
3326 651 3632 706 mulatione

2063 735 2372 788 adeteriori
2403 735 2549 805 quod
2597 735 2974 792 Itonorabilius
3016 748 3101 792 est
3146 738 3365 807 accipit.
3416 737 3628 793 Etenim

2062 825 2259 890 aliquis
2289 842 2412 879 cum
2444 828 2513 881 sit
2544 828 2726 888 homo,
2766 829 2907 882 lilius
2947 827 3035 881 Dei
3074 826 3347 892 efﬁcitur,
3376 842 3500 882 cum
3532 843 3626 896 per

2062 917 2360 984 Spiritalem
2395 919 2800 986 generationem
2847 919 3060 973 Christo
3101 921 3470 988 conjungitur.
3525 919 3629 986 Qui

2062 1014 2242 1060 autem
2279 1007 2554 1062 hominem
2591 1023 2688 1078 per
2713 1009 2956 1078 seipsum
2977 1008 3064 1062 Dei
3101 1010 3267 1063 ﬁlium
3303 1010 3489 1072 efﬁcit,
3514 1012 3632 1080 ipse

2060 1097 2169 1150 alio
2196 1097 2306 1151 ﬁlio
2327 1099 2419 1167 qui
2451 1098 2500 1153 ei
2522 1099 2864 1166 adoptionem
2897 1099 3234 1168 gratiﬁcetur
3263 1115 3367 1153 non
3403 1100 3628 1170 indiget,

2061 1189 2160 1245 sed
2189 1189 2338 1260 quod
2373 1200 2457 1245 est
2489 1190 2789 1246 secundum
2822 1200 3098 1251 naturam,
3136 1190 3240 1244 hoc
3271 1191 3431 1245 etiam
3455 1191 3630 1248 nomi-

2060 1290 2245 1336 natur.
2283 1281 2401 1352 lpse
2444 1282 2664 1356 quidem
2716 1283 2880 1336 homo
2923 1282 3166 1352 seipsum
3211 1283 3497 1344 immutat,
3530 1297 3632 1351 pro

2058 1381 2240 1428 vetere
2267 1388 2465 1428 novum
2498 1374 2802 1430 vindicans.
2845 1373 2991 1428 Deus
3031 1385 3208 1428 autem
3244 1374 3307 1426 ad
3345 1373 3472 1443 quid
3507 1389 3629 1427 mu-

2059 1464 2303 1529 tabitur,
2344 1466 2417 1520 ita
2469 1478 2528 1521 ut
2571 1467 2716 1538 quod
2764 1481 2872 1520 non
2921 1466 3082 1520 habet
3136 1465 3421 1533 acquirat?
3457 1463 3630 1520 llomo

2057 1555 2278 1631 quidem
2319 1557 2560 1626 seipsum
2601 1574 2808 1612 exuens
2839 1557 3080 1611 divinam
3119 1557 3295 1612 induit
3327 1566 3578 1614 naturam
3611 1576 3626 1612 :

2056 1647 2150 1716 qui
2185 1663 2316 1702 vero
2345 1663 2560 1718 semper
2606 1649 2795 1703 eodem
2830 1647 2992 1702 modo
3026 1663 3084 1702 se
3115 1648 3276 1704 habet
3299 1647 3427 1716 quid
3464 1646 3631 1717 depo-

2056 1740 2159 1802 nit,
2193 1739 2278 1794 vel
2305 1740 2715 1797 circumvestit?
2751 1739 2924 1794 Homo
2954 1738 3169 1807 quidem
3208 1738 3298 1792 Dei
3339 1739 3481 1792 ﬁlius
3511 1739 3630 1794 efﬁ-

380 1831 514 1884 Θεοῦ
546 1831 750 1899 γίνεται
788 1833 1103 1904 προσλαϐὼν
1133 1835 1169 1888 ἃ
1195 1835 1293 1887 οὐκ
1322 1834 1454 1904 ἔχει,
1483 1834 1577 1886 καὶ
1602 1832 1890 1886 ἀποϐαλὼν
1920 1833 1952 1887 ἃ

2057 1831 2220 1895 citur,
2257 1845 2544 1889 assumens
2581 1846 2702 1901 quae
2741 1845 2851 1886 non
2892 1830 3074 1890 habet,
3109 1837 3162 1883 et
3191 1844 3310 1898 qua:
3339 1829 3502 1882 habet
3533 1827 3630 1882 ab-

380 1919 513 1989 ἔχει.
556 1920 614 1973 ’0
640 1921 696 1974 δὲ
723 1922 991 1992 μηδέποτε
1021 1921 1258 1990 γεγονὼς
1287 1923 1344 1975 ἐν
1371 1923 1554 1992 κακίᾳ,
1586 1922 1709 1974 οὔτε
1738 1923 1766 1976 ὃ
1789 1924 1951 1994 λάϐῃ,

380 2012 502 2066 οὔτε
550 2015 579 2067 ὃ
622 2016 896 2088 καταλίπῃ
953 2016 1085 2086 ἔχει.
1140 2017 1309 2070 Πάλιν
1340 2019 1367 2069 ό
1409 2016 1691 2086 ἄνθρωπος
1735 2017 1955 2070 δύναται

381 2105 458 2174 πῆ
508 2106 604 2174 μὲν
643 2106 854 2177 ἀληθῶς
891 2125 1035 2171 τινος
1070 2108 1181 2172 υίὸς
1217 2107 1488 2178 λέγεσθαι,
1519 2109 1647 2161 ὅταν
1691 2108 1825 2178 πρὸς
1857 2109 1955 2178 τὴν

381 2197 540 2262 φύσιν
586 2196 797 2266 βλέπων
839 2217 921 2262 τις
969 2200 1155 2267 λέγει,
1210 2201 1284 2269 πῆ
1333 2200 1388 2252 δὲ
1434 2202 1498 2252 ἐκ
1544 2203 1952 2270 καταχρήσεως,

382 2290 508 2342 ὅταν
540 2293 572 2360 ἡ
601 2291 692 2344 τοῦ
722 2291 835 2361 βίου
867 2292 1182 2362 προαίρεσις
1211 2291 1439 2361 ἐπιϐάλῃ
1484 2291 1544 2343 τὸ
1570 2291 1760 2360 ὄνομα.
1811 2291 1868 2343 Ὀ
1896 2291 1954 2343 δὲ

382 2381 533 2445 Θεὸς,
570 2382 627 2434 ἓν
659 2383 733 2434 ὢν
778 2383 1000 2451 ἀγαθὸν,
1053 2386 1109 2435 ἐν
1159 2383 1299 2453 ἁπλῇ
1349 2400 1404 2434 τε
1437 2384 1530 2436 καὶ
1579 2383 1855 2454 ἀσυνθέτῳ
1887 2385 1952 2454 τῇ

379 2473 557 2542 φύσει,
603 2474 830 2527 πάντοτε
877 2475 1013 2546 πρὸς
1060 2474 1120 2526 τὸ
1168 2475 1300 2528 αὐτὸ
1342 2473 1548 2543 βλέπει,
1582 2474 1674 2527 καὶ
1699 2473 1952 2526 οὐδέποτε

376 2566 494 2621 ταῖς
524 2564 624 2633 τῆς
654 2565 1023 2636 προαιρέσεως
1051 2567 1250 2636 ὁρμαῖς
1286 2564 1697 2634 μεταϐάλλεται,
1728 2565 1842 2617 ἀλλ’
1868 2565 1954 2617 ἀεὶ

377 2658 471 2708 καὶ
500 2657 746 2726 βούλεται
774 2659 909 2729 ὅπερ
946 2660 1111 2720 ἐστὶν,
1145 2660 1239 2712 καὶ
1264 2661 1291 2713 ὃ
1316 2661 1430 2712 ἐστι
1456 2658 1672 2722 πάντως
1705 2659 1798 2712 καὶ
1828 2658 1952 2727 βού-

377 2747 547 2804 λεται.
599 2750 762 2802 Ὥστε
804 2749 869 2803 δι’
903 2752 1224 2821 ἀμφοτέρων
1255 2747 1383 2814 Υἱὸς
1427 2751 1562 2804 θεοῦ
1613 2752 1814 2815 κυρίως
1860 2751 1954 2804 καὶ

379 2838 594 2906 ἀληθῶς
623 2838 1012 2908 ὀνομάζεσθαι·
1065 2841 1164 2909 τῆς
1195 2857 1255 2892 τε
1315 2840 1528 2908 φύσεως
1571 2842 1627 2893 ἐν
1678 2841 1843 2910 ἑαυτῇ
1892 2840 1953 2892 τὸ

377 2929 578 2998 ἀγαθὸν
609 2932 856 3001 ἐχούσης,
907 2932 1005 3001 τῆς
1049 2949 1107 2984 τε
1157 2933 1523 3002 προαιρέσεως
1572 2933 1669 2984 οὐκ
1703 2933 1953 3001 ἀπερρω-

377 3022 536 3089 γυίας
577 3021 671 3075 τοῦ
721 3024 1042 3092 κρείττονος.
1101 3023 1188 3087 Ὠς
1227 3024 1300 3093 μὴ
1348 3024 1413 3076 ἂν
1454 3025 1518 3076 ἐκ
1561 3023 1952 3092 καταχρήσεως

379 3113 528 3184 αὐτῷ
576 3115 675 3185 τὴν
709 3115 890 3185 φωνὴν
942 3115 1144 3185 ταύτην
1191 3115 1564 3187 ἐπικληθῆναι.
1616 3116 1820 3170 Οὐκοῦν
1863 3115 1951 3168 οῦ-

378 3205 569 3274 δεμίαν
603 3205 712 3276 ἔχει
742 3205 947 3276 χώραν,
979 3208 1122 3278 ἅπερ
1150 3209 1214 3260 ἐκ
1239 3207 1528 3278 προσώπου
1559 3207 1665 3260 τῶν
1697 3205 1951 3260 ἐναντίων

379 3299 591 3360 ἑαυτοῖς
632 3298 1008 3368 ἀντεθήκαμεν
1031 3338 1045 3358 .
1095 3299 1268 3352 ταῦτα
1282 3298 1374 3350 ἐπὶ
1392 3297 1577 3369 γραφῆ
1593 3298 1782 3370 (α)τῇς
1811 3300 1954 3352 κατά

379 3387 539 3458 φύσιν
563 3389 887 3459 οἰκειότητος
925 3389 1076 3460 παρὰ
1107 3388 1215 3442 τῶν
1260 3389 1516 3441 ἐναντίων
1563 3389 1948 3460 προφέρεσθαι.

459 3479 595 3539 Ἀλλ’
652 3481 751 3533 οὐκ
803 3475 898 3533 οἷδ’
957 3481 1104 3544 ὅπως
1161 3481 1194 3551 ἢ
1255 3480 1388 3533 διότι
1430 3479 1714 3549 μισοῦντές
1751 3497 1811 3532 τε
1861 3482 1952 3534 καὶ

377 3569 840 3642 ἀποστρεφόμενοι
868 3571 964 3642 τὴν
993 3571 1268 3642 ἀλήθειαν,
1303 3573 1417 3626 υἱὸν
1447 3574 1544 3640 μὲν
1573 3573 1733 3626 αὑτὸν
1756 3572 1952 3644 ὀνομά-

377 3663 578 3728 ζουσιν,
620 3663 695 3727 ὼς
742 3661 786 3715 δ’
834 3662 898 3717 ἂν
947 3664 1020 3735 μὴ
1046 3665 1106 3716 τὸ
1149 3665 1265 3717 κατ’
1311 3666 1498 3718 οὐσίαν
1527 3664 1704 3718 κοινὸν
1733 3665 1823 3718 διὰ
1853 3665 1951 3734 τῆς

379 3759 560 3825 φωνῆς
597 3754 798 3825 ταύτης
833 3756 1225 3826 μαρτυρηθείη,
1264 3756 1362 3825 τῆς
1387 3757 1711 3826 ἐγκειμένης
1733 3756 1810 3825 τῷ
1832 3755 1951 3809 ὀνό-

382 3865 507 3916 ματι
536 3848 807 3917 σημασίας
837 3847 934 3918 τὴν
965 3848 1145 3917 φωνὴν
1177 3848 1529 3918 χωρίσαντες,
1561 3847 1715 3900 κενὸν
1746 3847 1807 3899 τὸ
1829 3847 1949 3900 ὅνο-

381 3959 456 4012 μα
486 3941 577 3994 τοῦ
611 3940 724 3994 υἱοῦ
771 3942 865 3994 καὶ
913 3943 1224 4012 ἀσήμαντον
1253 3941 1331 4012 τῷ
1371 3943 1662 4009 Μονογενεῖ
1697 3942 1950 3996 καταλεί-

379 4050 560 4098 πουσι,
594 4033 752 4103 μόνον
779 4034 843 4086 αὑ
855 4032 925 4102 τῷ
944 4033 1034 4086 τὸν
1063 4033 1230 4102 ψόφον
1253 4034 1351 4104 τῆς
1377 4033 1557 4103 φωνῆς
1580 4032 1946 4102 χαριζόμενοι.

379 4126 486 4178 Κα)⁸
525 4127 606 4178 ὅτι
637 4124 809 4178 ταῦτα
838 4125 1012 4194 ἀληθῆ
1040 4124 1205 4192 λέγω,
1256 4125 1348 4176 καὶ
1377 4124 1436 4175 ού
1469 4124 1949 4194 παραστοχάζομαι

379 4215 471 4268 τοῦ
500 4215 702 4268 σκοποῦ
721 4214 829 4267 τῶν
857 4216 1210 4276 ὑπεναντίων,
1234 4213 1482 4284 φανερῶς
1513 4213 1656 4266 ἔστιν
1683 4212 1742 4278 ἐξ
1771 4213 1947 4266 αὐτῶν

377 4302 450 4361 ὧν
473 4307 911 4378 κατεπιχειροῦσι
932 4307 1030 4376 τῆς
1062 4306 1316 4377 ἀληθείας
1346 4305 1553 4376 μαθεῖν.
1588 4305 1822 4359 Τοιαῦτα
1841 4306 1948 4376 γάρ

379 4401 524 4452 ἐστιν
555 4398 591 4452 ἃ
621 4397 747 4467 παρ’
779 4397 958 4451 αὐτῶν
1003 4397 1096 4450 ἐπὶ
1126 4398 1435 4465 κατασκευῇ
1475 4396 1572 4465 τῆς
1606 4395 1949 4466 βλασφημίας

2052 1922 2289 1992 jiciens:
2317 1924 2409 1994 qui
2433 1933 2614 1978 autem
2635 1924 2783 1977 omni
2817 1938 3029 1992 semper
3060 1921 3237 1975 caruit
3269 1921 3423 1982 vitio,
3450 1935 3628 1987 neque

2055 2014 2201 2085 quod
2241 2018 2422 2084 capiat
2457 2015 2640 2078 habet,
2675 2031 2850 2085 neque
2879 2013 3025 2084 quod
3064 2015 3358 2082 relinquat.
3413 2012 3627 2068 Rursus

2057 2105 2222 2159 homo
2253 2115 2435 2176 potest
2470 2107 2672 2177 partim
2707 2121 2836 2161 vere
2868 2105 2973 2160 dici
3013 2105 3157 2158 ﬁlius
3194 2104 3463 2172 alicujus,
3498 2119 3625 2156 cum

2057 2197 2124 2251 ad
2150 2207 2405 2253 naturam
2438 2199 2740 2268 respiciens
2769 2199 2895 2268 quis
2923 2198 3078 2261 dicit,
3107 2199 3301 2266 partim
3328 2213 3394 2252 ex
3426 2198 3626 2262 abusu,

2054 2305 2178 2342 cum
2207 2290 2330 2344 vita:
2361 2291 2666 2361 institutum
2698 2291 2747 2344 ei
2783 2305 2983 2343 nomen
3018 2289 3298 2359 imposuit.
3341 2287 3485 2342 Deus
3529 2305 3630 2342 au-

2057 2390 2164 2436 tem
2193 2383 2284 2451 qui
2307 2392 2390 2436 est
2409 2399 2575 2437 unum
2605 2383 2805 2436 bonum
2839 2382 2892 2436 in
2923 2382 3157 2451 simplici
3183 2388 3237 2436 et
3266 2382 3627 2451 incomposita

2055 2477 2272 2536 natura,
2303 2485 2518 2540 semper
2539 2470 2605 2524 ad
2636 2473 2778 2526 idem
2827 2473 3105 2536 intuetur,
3154 2488 3333 2541 neque
3382 2487 3625 2540 unquam

2053 2564 2320 2633 propositi
2362 2563 2782 2632 impulsionihus
2813 2571 3216 2628 commutatur,
3281 2563 3376 2620 sed
3412 2580 3628 2634 semper

2053 2656 2172 2709 vult
2205 2657 2256 2710 id
2290 2657 2436 2726 quod
2473 2662 2579 2716 est.
2612 2664 2668 2710 et
2703 2655 2850 2726 quod
2879 2665 2964 2711 est
2995 2657 3222 2710 omnino
3263 2658 3428 2712 etiam
3461 2658 3574 2710 vult
3609 2676 3623 2712 :

2055 2749 2130 2803 ita
2173 2757 2231 2802 ut
2271 2765 2370 2818 per
2403 2759 2634 2818 utraque
2681 2750 2901 2819 proprie
2948 2757 3003 2804 et
3037 2765 3168 2804 vere
3208 2750 3297 2810 Dei
3328 2747 3500 2803 Filius
3544 2752 3626 2804 sic

2051 2841 2390 2905 nominetur,
2441 2855 2565 2894 cum
2611 2849 2664 2894 et
2712 2841 2832 2909 ejus
2878 2851 3072 2894 natura
3107 2841 3162 2893 in
3195 2842 3371 2909 seipsa
3423 2842 3625 2903 bonum

2054 2931 2274 2994 habeat,
2311 2941 2423 2985 tum
2457 2932 2603 3001 quod
2639 2932 2760 3000 ejus
2788 2932 3040 2986 voluntas
3061 2931 3131 2986 ab
3160 2947 3224 2985 eo
3255 2931 3398 3000 quod
3431 2932 3626 2986 melius

2051 3029 2156 3084 est,
2192 3038 2470 3091 nunquam
2505 3022 2680 3091 possit
2725 3023 2998 3092 abrumpi.
3045 3021 3229 3090 Itaque
3265 3037 3366 3075 vox
3412 3021 3528 3076 haec
3559 3024 3628 3076 de

2055 3114 2175 3182 ipso
2220 3130 2329 3173 non
2379 3131 2445 3169 ex
2492 3114 2666 3168 abusu
2724 3114 3132 3183 pronuntietur.
3188 3112 3410 3166 Nullum
3459 3113 3628 3180 igitur

2056 3205 2258 3258 habent
2285 3205 2463 3260 locum
2492 3221 2612 3275 quae
2635 3221 2699 3258 ex
2731 3220 2968 3274 persona
2995 3205 3433 3259 adversariorum
3467 3204 3626 3259 nobis

2053 3297 2191 3366 ipsis
2237 3298 2621 3368 Opposuiinus,
2657 3307 2718 3350 ut
2768 3300 2881 3352 hate
2931 3297 3000 3351 ab
3033 3297 3361 3352 adversariis
3411 3312 3442 3351 e
3489 3299 3627 3351 scri-

2052 3399 2210 3461 ptura
2239 3392 2587 3462 cognationis
2619 3391 2921 3446 secundum
2971 3401 3222 3444 naturam
3252 3391 3622 3460 proferantur.

2124 3482 2230 3537 Sed
2274 3485 2460 3539 nescio
2494 3484 2768 3554 quomodo
2819 3483 2904 3537 vel
2953 3483 3308 3552 quamobrem
3358 3481 3484 3536 odio
3522 3482 3624 3535 ha-

2050 3576 2265 3638 bentes,
2316 3575 2402 3630 vel
2453 3585 2768 3632 aversantes
2823 3575 3130 3637 veritatem,
3191 3573 3359 3627 ﬁlium
3404 3575 3624 3642 quidem

2052 3669 2231 3738 ipsum
2271 3667 2581 3728 nominant,
2627 3683 2696 3720 ne
2727 3682 2857 3722 vero
2891 3665 3036 3736 quod
3093 3674 3149 3720 et
3197 3664 3499 3719 secundum
3536 3681 3625 3719 es-

2052 3759 2282 3814 sentiam
2320 3774 2609 3814 commune
2663 3767 2747 3812 est
2801 3773 2898 3827 per
2936 3758 3078 3810 hanc
3126 3770 3315 3836 vocem
3361 3763 3621 3811 testatqu

2051 3858 2216 3914 esset,
2252 3854 2320 3906 ab
2357 3852 2612 3920 imposita
2656 3850 2862 3904 nomini
2910 3849 3276 3919 signiﬁcantia
3309 3862 3496 3901 vocem
3538 3863 3625 3901 se-

2049 3951 2330 4010 parantes,
2393 3941 2556 3996 inane
2620 3938 2713 3993 ﬁlii
2760 3953 2958 3993 nomen
3005 3933 3060 3992 et
3107 3937 3244 3991 nihil
3303 3936 3623 4008 signiﬁcans

2051 4033 2347 4104 Uuigenito
2380 4021 2717 4103 relinquunt,
2749 4032 2926 4086 solum
2952 4030 3105 4086 vocis
3134 4043 3331 4084 sonum
3377 4028 3424 4082 ei
3458 4031 3624 4098 grati-

2050 4130 2299 4183 ﬁcantes.
2334 4126 2490 4192 Quod
2525 4127 2641 4181 hac
2683 4140 2811 4179 vera
2845 4125 2990 4186 dico,
3035 4139 3213 4192 neque
3263 4138 3292 4176 a
3329 4138 3493 4193 scopo
3530 4122 3625 4176 ad-

2049 4221 2418 4277 versariorum
2453 4219 2670 4277 aberro,
2697 4217 2826 4272 licet
2854 4232 2920 4271 ex
2949 4217 3036 4272 his
3066 4230 3188 4285 quze
3222 4215 3325 4283 ipsi
3359 4215 3622 4270 adversus

2047 4311 2336 4367 veritatem
2399 4308 2743 4368 moliuntur,
2795 4305 3006 4374 liquido
3067 4304 3402 4371 perdiscere.
3469 4303 3623 4359 Talia

2049 4400 2194 4456 enim
2241 4405 2370 4454 sunt
2401 4411 2524 4465 quae
2573 4396 2641 4451 ab
2681 4397 2816 4465 ipsis
2853 4395 2920 4450 ad
2973 4395 3324 4450 astruendam
3369 4395 3622 4463 blasphe-

378 4491 731 4562 arpogépstat,
761 4492 840 4543 ὅτι
871 4490 1036 4543 πολλά
1065 4489 1156 4542 τοῦ
1187 4487 1522 4558 Μονογενοῦς
1543 4487 1778 4560 ὀνόματα
1800 4489 1948 4560 παρὰ

2053 4491 2217 4546 miam
2265 4488 2640 4560 proferuntur,
2676 4486 2822 4556 quod
2872 4486 3042 4540 multa
3089 4483 3363 4555 Unigeuiti
3401 4486 3621 4540 nomina

376 4586 474 4654 τῆς
507 4584 653 4647 Θείας
701 4583 920 4654 Γραφῆς
953 4582 1328 4652 ἐδιδάχθημεν,
1377 4581 1542 4644 λίθον,
1589 4581 1796 4652 ἀξίνην,
1842 4583 1944 4636 πέ-

377 4693 530 4747 τραν,
567 4674 832 4744 θεμέλιον,
879 4673 1060 4744 ἄρτον,
1111 4672 1370 4740 ἄμπελον,
1420 4669 1610 4742 θύραν,
1645 4670 1782 4734 ὁδὸν,
1823 4687 1946 4724 ποι-

383 4770 538 4838 μένα,
587 4767 786 4837 πηγὴν,
835 4765 1009 4832 ξύλον,
1070 4765 1380 4827 ἀνάστασιν,
1430 4762 1762 4826 διδάσκαλον,
1807 4761 1944 4829 φῶς,

378 4862 471 4912 καὶ
495 4859 627 4914 ἄλλα
655 4858 878 4912 τοιαῦτα
903 4857 1072 4910 πολλά
1095 4873 1108 4888 ⁸
1139 4856 1252 4908 ἀλλ’
1281 4855 1431 4912 οὐδὲν
1455 4854 1658 4908 τούτων
1687 4853 1826 4907 κατὰ
1848 4853 1946 4922 τὴν

379 4954 664 5023 πρόχειρον
710 4949 981 5022 σημασίαν
1025 4948 1242 5011 εὐσεϐές
1291 4949 1435 5000 ἐστιν
1479 4946 1571 5000 ἐπὶ
1617 4945 1710 4998 τοῦ
1745 4945 1946 5017 Κυρίου

377 5046 628 5108 νοοῦντας
655 5044 852 5112 λέγειν.
885 5039 962 5094 Ἦ
998 5041 1105 5110 γὰρ
1129 5039 1195 5093 ἂν
1230 5041 1315 5110 εἴη
1343 5040 1448 5092 τῶν
1478 5038 1857 5102 ἀτοπωτάτων,
1886 5038 1948 5092 τὸ

325 5161 329 5165 ·
378 5137 666 5206 ἀσώματόν
686 5153 743 5188 τε
770 5135 864 5188 καὶ
892 5133 1074 5197 ἀῦλον,
1102 5123 1304 5186 ἁπλοῦν
1318 5148 1376 5182 τε
1398 5129 1492 5184 καὶ
1521 5129 1944 5200 ἀσχημάτιστον,

376 5233 495 5292 ταῖς
545 5226 965 5298 ἐμφαινομέναις
1010 5225 1120 5277 τισὶ
1180 5223 1288 5276 τῶν
1330 5222 1608 5292 ὀνομάτων
1654 5222 1948 5292 σημασίαις

377 5318 801 5390 διαμορφοῦσθαι
845 5317 1122 5387 νομίζειν.-
1154 5316 1314 5368 Ὥστε
1361 5313 1545 5385 ἀξίνην
1591 5312 1944 5378 ἀκούσαντας,

377 5412 437 5463 τὸ
487 5411 688 5463 τοιόνδε
735 5410 918 5480 σχῆμα
960 5407 1054 5461 τοῦ
1103 5408 1320 5476 σιδήρου
1349 5407 1508 5468 νοεῖν,
1557 5404 1589 5474 ἥ
1626 5403 1740 5472 φῶς
1766 5404 1826 5456 τὸ
1858 5405 1946 5457 ἐν·

379 5501 582 5571 ἀέριον,
616 5501 649 5571 ἢ
695 5500 938 5569 ἄμπελον
981 5498 1078 5568 τὴν
1122 5499 1186 5550 ἐκ
1217 5496 1438 5566 φυτείας
1467 5494 1780 5564 κλημάτων,
1817 5495 1851 5565 ἦ
1894 5513 1947 5548 τι

377 5591 485 5644 τῶν
520 5591 692 5645 ἄλλων
718 5591 970 5650 ἕκαστον,
1015 5587 1196 5651 καθὼς
1229 5588 1262 5656 ἡ
1293 5584 1546 5656 συνήθεια
1574 5587 1712 5639 νοεῖν
1757 5586 1946 5638 ὑποτί-

380 5684 553 5746 θεται,
581 5681 692 5735 ἀλλ’
725 5681 817 5735 ἐπὶ
840 5681 902 5735 τὸ
925 5679 1386 5751 θεοπρεπέστερον
1413 5677 1512 5740 τὰς
1538 5677 1645 5729 τῶν
1669 5678 1948 5747 ὀνομάτων

379 5773 583 5828 τούτων
610 5772 1020 5844 μετενεγκόντες
1043 5769 1325 5840 ἐμφάσεις,
1349 5766 1474 5822 ἄλλο
1500 5783 1550 5820 τι
1575 5764 1822 5836 νοοῦμεν,
1846 5765 1946 5821 κᾶν

2050 4598 2116 4638 ex
2149 4581 2333 4635 divina
2371 4579 2656 4648 Scriptura
2695 4579 3013 4641 didicimus,
3063 4576 3320 4646 lapidem,
3354 4578 3617 4641 securim,

2049 4682 2288 4744 petram,
2340 4671 2793 4730 fundamentum.
2840 4684 3074 4738 panem,
3127 4669 3328 4729 vitem,
3382 4668 3617 4733 ostium,

2051 4775 2350 4836 pastorem.
2406 4763 2633 4822 fontem,
2684 4762 2913 4831 lignum,
2969 4760 3271 4820 doctorem,
3313 4759 3513 4820 lucem,
3565 4767 3620 4814 et

2049 4855 2156 4908 alia
2196 4853 2468 4923 ejusmodi
2505 4852 2711 4916 multa;
2758 4851 2848 4906 sed
2886 4851 3081 4906 horum
3128 4850 3335 4908 utilium
3367 4861 3621 4917 prompta

2039 4955 2102 5000 .et
2138 4947 2338 5002 usitata
2369 4943 2768 5014 signiﬁcatione
2798 4943 2944 5010 pium
2988 4949 3073 4996 est
3100 4941 3168 4995 de
3198 4941 3425 4994 Domino
3458 4941 3620 4994 iutel-

2049 5036 2304 5106 ligentem
2351 5033 2692 5088 dicere:vel
2741 5032 2885 5085 enim
2948 5029 3406 5084 absurdissimum
3454 5027 3621 5083 fuerit

2049 5125 2192 5196 quod
2246 5125 2632 5193 incorporeum
2683 5129 2788 5186 est,
2837 5130 2892 5176 et
2936 5120 3178 5175 materia!
3230 5134 3446 5188 expers,
3497 5119 3622 5171 sim-

2049 5219 2283 5288 plexque
2313 5225 2368 5270 ct
2403 5215 2588 5286 ﬁgura:
2614 5230 2829 5277 exsors,
2872 5212 3262 5283 apparentibus
3289 5211 3618 5280 quibusdam

2050 5310 2329 5362 nominum
2363 5306 2857 5378 signiﬁcationibus
2904 5314 3096 5373 putare
3123 5317 3284 5374 posse
3319 5300 3616 5356 ell‘ormari.

2049 5400 2126 5454 Ita
2165 5410 2224 5457 ut
2253 5399 2489 5455 securim
2541 5413 2664 5452 cum
2714 5396 3073 5454 audierimus.
3123 5395 3287 5449 talem
3321 5392 3451 5446 l'erri
3484 5391 3620 5458 ﬁgu-

2049 5507 2168 5548 ram
2217 5501 2397 5545 mente
2443 5489 2853 5558 concipiamus,
2905 5488 2990 5540 vel
3035 5487 3212 5540 lucem
3264 5498 3384 5554 quaa
3428 5488 3512 5536 est
3558 5480 3618 5532 in

2049 5599 2196 5648 aere,
2238 5585 2324 5640 vel
2355 5583 2520 5638 vitem
2559 5597 2625 5637 ex
2665 5579 3005 5650 plantatione
3033 5579 3343 5650 palmitum,
3370 5574 3452 5628 vel
3489 5571 3618 5642 quid

2052 5672 2284 5744 aliopum
2333 5668 2800 5740 unumquodque,
2859 5669 3000 5723 sicut
3056 5664 3398 5721 consuetudo
3449 5660 3618 5715 nexili

2051 5763 2274 5832 Sllltjit‘il.
2303 5779 2315 5817 :
2347 5762 2440 5820 sed
2475 5762 2540 5818 ad
2588 5759 2639 5816 id
2669 5759 2817 5832 quod
2863 5761 3037 5832 magis
3081 5759 3192 5815 Deo
3233 5754 3523 5813 conveniat
3561 5756 3621 5808 et
