4138 6364
511 353 602 408 δι’

1742 352 1799 406 ε.
1856 350 2179 407 GREGORII
2231 350 2517 407 NYSSENI

3642 363 3745 416 Gl'.’

507 473 767 525 decorum
801 468 873 523 sit
903 468 1098 522 horum
1120 467 1413 527 hominum
1446 466 1837 523 transferentes
1871 468 2078 536 signiti-

2180 467 2320 520 οὕτω
2353 470 2828 540 κατονομάζωμεν,
2880 471 2976 541 οὐχ
3022 472 3097 535 ὡς
3140 472 3268 526 ὄντα
3296 491 3346 526 τι
3376 475 3578 528 τούτων
3608 480 3750 530 κατὰ

509 564 740 625 cantias,
775 560 925 615 aliud
964 558 1221 630 quiddam
1264 561 1637 631 intelligimus,
1677 568 1731 613 et
1770 561 1851 614 sic
1896 560 2075 613 nomi-

510 671 728 719 namus,
760 670 868 709 non
911 655 1056 723 quod
1103 653 1175 707 sit
1218 653 1412 706 horum
1462 653 1571 706 tale
1602 653 1730 722 quid
1775 651 2075 705 secundum

511 759 727 803 natura}
754 750 1042 811 rationem,
1090 747 1183 801 sed
1230 747 1309 800 sic
1347 746 1464 799 haec
1504 762 1626 800 cum
1668 745 1888 807 dicitur,
1928 742 2075 796 aliud

513 839 765 910 quiddam
819 850 1015 908 praeter
1066 854 1132 892 ea
1180 852 1276 907 per
1334 837 1448 891 haac
1503 845 1685 891 mente
1733 835 2073 903 intelligitur.

510 932 666 999 Quod
696 934 742 986 si
770 931 900 984 talia
930 930 1150 983 nomina
1190 932 1354 982 etiam
1388 944 1515 983 vere
1548 929 1616 982 de
1647 927 1929 995 unigenito
1968 924 2076 978 Deo

511 1024 794 1083 dicuntur,
829 1030 883 1074 et
921 1030 1130 1074 naturae
1177 1018 1702 1073 demonstrationem
1735 1033 1844 1072 non
1895 1018 2075 1071 conli-

511 1122 672 1180 nent;
726 1126 1070 1179 consequens
1113 1124 1237 1163 esse
1269 1109 1481 1173 dicunt,
1522 1124 1700 1178 neque
1731 1108 1822 1161 ﬁlii
1870 1106 2079 1176 signifi—

510 1214 690 1259 catum
732 1203 1032 1259 secundum
1076 1201 1454 1270 praevalente":
1508 1199 1957 1254 consuetudinem
2008 1197 2073 1251 a‘d

511 1306 721 1350 natura:
772 1294 1278 1363 interpretationem
1324 1306 1639 1356 assumere,
1693 1289 1787 1344 sed
1834 1288 2078 1342 invenire

512 1387 677 1457 hujus
706 1386 859 1441 vocis
896 1387 1131 1454 aliquam
1180 1384 1600 1454 significandam
1640 1381 1865 1436 alteram
1904 1380 1971 1433 ab
2012 1394 2076 1433 ea

509 1494 631 1547 quae
662 1476 971 1531 communis
1006 1485 1087 1530 est
1116 1483 1169 1530 et
1197 1478 1249 1528 in
1284 1485 1556 1544 promptu.
1588 1472 1712 1527 [lare
1746 1482 1799 1527 et
1828 1471 2075 1539 ejusdem

510 1571 656 1624 modi
684 1570 1159 1639 philosophantur,
1193 1575 1252 1621 ut
1288 1573 1539 1621 astruant
1571 1581 1678 1620 non
1708 1581 1830 1619 esse
1856 1564 2072 1627 Filium,

508 1660 654 1731 quod
703 1660 920 1729 quidem
966 1670 1049 1713 est
1098 1666 1151 1711 et
1195 1658 1414 1711 dicitur.
1459 1654 1627 1710 Nobis
1659 1670 1789 1709 vero
1818 1653 1885 1707 ad
1928 1652 2075 1706 aliud

510 1754 804 1808 festinabat
830 1766 1027 1815 sermo,
1056 1763 1249 1819 nempe
1287 1750 1352 1802 ad
1378 1745 1853 1802 demonstrandum
1883 1759 2075 1799 recen-

512 1856 621 1900 tem
673 1844 924 1899 Eunomii
980 1842 1333 1912 scriptionem
1393 1839 1586 1893 falsam
1641 1853 1763 1892 esse
1814 1852 1917 1892 nec
1971 1835 2075 1891 sibi

509 1946 850 1993 constantem
886 1944 939 1988 et
984 1934 1369 1992 cohaerentem,
1416 1944 1591 1998 neque
1632 1928 1851 1982 veritati
1899 1942 2075 1997 neque

514 2032 619 2085 sibi
675 2029 776 2098 ipsi
824 2035 1267 2081 consentaneam.
1318 2021 1586 2087 Quoniam
1641 2035 1766 2073 vero
1822 2034 1916 2089 per
1955 2035 2077 2088 quae

514 2124 756 2193 ipsorum
821 2120 1017 2188 dogma
1081 2129 1445 2175 accusamus,
1496 2112 1662 2165 veluti
1725 2111 2075 2180 blasphemiae

508 2211 778 2282 quoddam
810 2207 1169 2279 patrocinium
1198 2204 1446 2258 oratione
1483 2202 1763 2255 inductum
1806 2209 1909 2262 est,
1938 2217 2074 2270 pra:-

2174 559 2269 611 τὸν
2296 560 2449 628 λόγον
2475 562 2572 631 τῆς
2600 562 2834 629 φύσεως,
2862 563 2975 616 ἀλλ’
2999 563 3076 627 ὡς
3102 563 3272 617 ταῦτα
3300 565 3404 635 μὲν
3436 566 3745 637 λεγόμενον,

2175 652 2300 706 ἄλλο
2328 652 2383 705 δέ
2414 670 2465 705 τι
2491 653 2641 723 παρὰ
2659 654 2832 708 ταῦτα
2857 654 2944 708 διὰ
2972 656 3078 709 τῶν
3107 656 3411 727 λεγομένων
3439 659 3746 730 νοούμενον.

2176 746 2238 797 Εἰ
2268 746 2324 797 δὲ
2355 746 2421 797 τά
2453 746 2676 798 τοιαῦτα
2710 747 2817 799 τῶν
2863 748 3138 818 ὀνομάτων
3171 751 3262 801 καὶ
3308 750 3520 819 άληθῶς
3562 752 3741 804 ἐπιλε-

2175 855 2330 905 γεται
2364 838 2439 908 τῷ
2474 842 2750 907 μονογενεῖ
2770 840 2908 908 Θεῷ,
2938 842 3029 893 καὶ
3054 842 3150 911 τῆς
3177 842 3388 911 φύσεως
3414 844 3474 896 οὐ
3502 845 3747 914 περιέχει

2176 928 2271 998 τὴν
2315 928 2552 992 ἔνδειξιν,
2584 929 2871 982 ἀκόλουθον
2901 925 3038 984 εἶναι
3080 931 3315 1001 λέγουσι,
3348 933 3481 1003 μηδὲ
3504 934 3596 986 τοῦ
3628 934 3746 987 υίοῦ

2176 1020 2235 1071 τὸ
2271 1022 2687 1090 σημαινόμενον,
2728 1022 2866 1075 κατᾶ
2894 1022 2990 1093 τὴν
3022 1024 3417 1095 ἐπικρατοῦσαν
3460 1024 3746 1092 συνήθειαν

2177 1114 2255 1174 εἰς
2282 1112 2380 1181 τὴν
2407 1111 2505 1179 τῆς
2536 1112 2747 1180 φύσεως
2790 1114 3083 1184 ἑρμηνείαν
3128 1116 3592 1186 παραλαμϐάνειν,
3628 1115 3746 1168 ἀλλ’

2178 1201 2507 1270 ἐξευρίσκειν
2534 1201 2652 1253 τινὰ
2678 1203 2950 1271 σημασίαν
2978 1202 3179 1272 ταύτης
3206 1204 3302 1272 τῆς
3324 1204 3523 1270 φωνῆς,
3550 1204 3746 1274 ἑτέραν

2176 1290 2327 1359 παρὰ
2354 1292 2451 1362 τὴν
2486 1292 2669 1361 κοινήν
2712 1310 2771 1345 τε
2826 1293 2917 1345 καὶ
2954 1292 3260 1362 πρόχειρον.
3313 1292 3497 1345 Ταῦτα
3539 1294 3630 1345 καὶ
3677 1295 3747 1346 τά

2174 1381 2398 1435 τοιαῦτα
2432 1381 2796 1452 φιλοσοφοῦσι,
2833 1384 2968 1453 πρὸς
3005 1385 3343 1453 κατασκευὴν
3372 1383 3465 1435 τοῦ
3500 1384 3572 1455 μὴ
3606 1380 3745 1436 εἶναι

2176 1473 2267 1526 τὸν
2301 1474 2449 1537 Υἱὸν,
2495 1475 2632 1544 ὅπερ
2663 1476 2776 1526 ἐστί
2821 1493 2879 1527 τε
2923 1477 3015 1528 καὶ
3043 1476 3277 1543 λέγεται.
3335 1472 3496 1543 Ἡμῖν
3527 1474 3581 1526 δὲ
3611 1476 3744 1543 πρδς

2176 1565 2358 1635 ἕτερον
2390 1565 2487 1636 μὲν
2531 1560 2599 1635 ἦν
2626 1566 2867 1618 σπεύδων
2892 1568 2919 1618 6
2946 1566 3122 1634 λόγος,
3171 1566 3268 1635 τὴν
3314 1562 3619 1636 πῷσφατον
3648 1564 3744 1616 τοῦ

2178 1655 2439 1725 Εὐνομίου
2468 1657 2829 1727 λογογραφίαν
2870 1657 3036 1721 δεῖξαι
3077 1657 3247 1726 ψευδῆ
3295 1657 3390 1709 καὶ
3424 1654 3742 1718 ἀσύστατον,

2178 1748 2268 1798 καὶ
2297 1745 2419 1799 οὔτε
2454 1746 2588 1817 πρὸς
2613 1746 2709 1816 τὴν
2736 1746 3011 1817 ἀλήθειαν,
3050 1746 3173 1799 οῦτε
3202 1748 3335 1817 πρὸς
3369 1746 3567 1815 ἑαυτὴν
3610 1762 3748 1814 συμ-

2112 1820 2151 1874 B
2182 1838 2481 1906 φωνοῦσαν.
2528 1840 2676 1891 Ἐπεί
2704 1838 2758 1890 δὲ
2787 1839 2852 1891 δι’
2889 1833 2963 1892 ὧν
2990 1839 3398 1909 κατηγοροῦμεν
3428 1836 3519 1890 τοῦ
3546 1836 3745 1907 δόγμα-

2180 1948 2269 1993 τος
2300 1930 2497 1993 αὐτῶν,
2521 1925 2630 1984 οἷόν
2648 1948 2731 1994 τις
2758 1931 3049 2000 συνηγορία
3076 1930 3174 2000 τῆς
3197 1927 3538 1999 βλασφημίας
3566 1931 3750 1981 ἐπεισ-

2180 2019 2318 2090 ήχθη
2341 2020 2416 2090 τῷ
2437 2020 2577 2090 λόγῳ
2596 2037 2610 2051 ·
2649 2020 2829 2083 καλῶς
2862 2020 2925 2073 ἂν
2957 2020 3067 2090 ἔχοι
3098 2021 3225 2089 περὶ
3261 2019 3447 2073 τούτου
3485 2018 3749 2088 πρότερον

2180 2112 2237 2163 ἐν
2265 2111 2427 2180 ὀλίγῳ
2470 2110 2739 2164 διαλαϐεῖν
2763 2152 2777 2177 ,
2828 2108 2926 2163 εἶθ’
2964 2108 3133 2173 οὕτως
3181 2110 3274 2163 ἐπὶ
3300 2109 3396 2181 τὴν
3432 2108 3746 2162 ἀκολουθίαν

2180 2202 2287 2255 τῶν
2318 2204 2717 2272 γεγραμμένων
2752 2201 3082 2255 ἐπανελθεῖν.

510 2306 658 2358 clare
682 2317 741 2356 se
772 2300 967 2353 habeat
1006 2296 1073 2350 de
1098 2311 1163 2351 eo
1198 2308 1370 2364 pauca
1412 2292 1707 2357 disserere,
1740 2291 1935 2345 deinde
1968 2292 2047 2345 sic
2083 2294 2150 2347 ad
2185 2293 2514 2362 scriptorum
2542 2303 2968 2364 consequentem
3003 2294 3197 2349 seriem
3223 2293 3422 2349 redire.

579 2390 683 2445 Fas
704 2389 866 2459 igitur
890 2386 1060 2442 estde
1084 2384 1167 2439 his
1184 2382 1387 2452 aliquid
1408 2384 1608 2445 dicere,
1633 2392 1686 2436 et
1703 2398 1732 2433 a
1751 2391 2083 2452 congruente

508 2483 786 2553 proposito
801 2495 907 2533 non
927 2478 1197 2531 aberrare.
1214 2473 1366 2539 Quod
1390 2490 1511 2526 cum
1531 2474 1637 2527 sint
1655 2475 1819 2526 multa
1839 2473 2081 2536 nomina,

509 2576 649 2629 sicut
668 2574 744 2627 illi
771 2574 1073 2639 aiunt,qua:
1094 2566 1385 2638 Unigenito
1402 2581 1431 2620 a
1451 2564 1729 2634 Scriptura
1748 2567 2079 2631 tribuuntur,

509 2668 716 2720 nullum
748 2664 975 2717 aliorum
1003 2676 1096 2729 per
1119 2659 1430 2713 relationem
1450 2671 1571 2709 cum
1595 2671 1660 2708 eo
1680 2656 1769 2724 qui
1792 2656 1973 2724 genuit
1991 2670 2084 2708 eo-

510 2758 814 2829 gnationem
865 2761 918 2807 et
964 2751 1332 2806 adhaesionem
1390 2747 1590 2802 habere
1642 2748 1897 2800 dicimus.
1961 2744 2076 2797 Non

508 2852 650 2905 enim
693 2848 834 2903 sicut
865 2845 1045 2900 Patris
1076 2842 1296 2904 Filium,
1344 2842 1424 2894 sic
1457 2840 1539 2894 vel
1573 2838 1825 2909 lapidem,
1858 2838 1940 2891 vel
1990 2854 2079 2891 re-

509 2941 932 2999 surrectionem,
979 2938 1061 2990 vel
1115 2945 1407 3003 pastorem,
1449 2932 1532 2985 vel
1587 2932 1780 2992 lucem,
1825 2930 1907 2982 vel
1948 2928 2078 2998 quid

510 3037 738 3088 aliorum
770 3031 835 3084 ad
877 3028 1043 3082 Deum
1078 3027 1453 3081 universorum
1499 3021 1793 3076 referentes
1821 3022 2073 3075 dicimus.

511 3125 617 3179 Sed
645 3124 771 3176 licet
808 3129 1065 3188 tanquam
1110 3125 1225 3169 arte
1250 3114 1483 3183 quadam
1532 3120 1585 3166 et
1619 3112 1800 3182 regula
1830 3111 2075 3164 bil'ariatn

510 3217 820 3270 divinorum
892 3208 1176 3263 nominum
1239 3204 1656 3275 signiﬁcantiam
1719 3203 2073 3271 distinguere.

510 3305 766 3373 Quaedam
808 3303 951 3356 enim
1001 3298 1231 3353 excelsa:
1284 3304 1339 3350 et
1390 3293 1679 3348 ineﬂabilis
1730 3294 1915 3363 gloria:
1965 3294 2079 3345 sive

514 3394 819 3465 niajestatis
885 3390 1271 3444 iudicationem
1325 3386 1527 3439 habent
1579 3384 1873 3454 :quaadam
1948 3398 2078 3437 vero

513 3487 759 3560 providzr.
824 3479 1252 3551 tliSpcnsationis
1305 3477 1623 3530 varietatem
1675 3475 2074 3528 demonstrant.

513 3582 588 3635 Ita
629 3587 686 3631 ut
728 3574 1032 3632 secundum
1092 3570 1413 3642 hypothesin
1464 3566 1575 3620 nisi
1632 3576 1781 3621 esset
1833 3566 1886 3620 id
1934 3566 2076 3636 quod

514 3671 778 3726 beneficio
812 3666 1065 3730 aﬂicitur,
1098 3679 1275 3732 neque
1311 3662 1390 3714 hae
1421 3676 1583 3715 voces
1614 3675 1733 3729 qua).
1756 3658 2078 3713 benelieium

516 3763 781 3821 indicant,
818 3759 902 3813 his
937 3765 1123 3811 essent
1158 3755 1396 3807 tributae.
1429 3752 1559 3817 Qum
1584 3760 1762 3805 autem
1793 3750 1939 3819 quod
1972 3750 2078 3801 Deo

512 3856 767 3909 convenit
800 3860 853 3904 et
878 3849 1134 3904 decorum
1166 3854 1251 3899 est
1279 3844 1579 3907 declarant,
1628 3843 1789 3896 etiam
1833 3841 1953 3895 sine
1993 3840 2079 3895 his

513 3960 744 4015 quorum
797 3943 969 4011 gratia
1027 3942 1084 3991 lit
1129 3935 1503 4006 dispensatio,
1555 3941 1787 4003 cognate
1852 3939 1907 3985 et
1952 3947 2079 4001 pro-

515 4036 632 4107 prie
686 4034 963 4104 unigenito
1009 4030 1117 4084 Deo
1177 4028 1571 4081 attribuuntur.
1616 4023 1687 4078 Ut
1744 4032 1925 4077 autem
1967 4023 2080 4075 evi-

514 4126 731 4181 dentius
781 4128 895 4179 haec
938 4121 1209 4180 sententia
1245 4118 1403 4173 nobis
1441 4119 1657 4171 evoluta
1706 4122 1912 4185 pateat,
1961 4114 2078 4184 ipsa

516 4219 735 4274 nomina
783 4215 1239 4285 contemplemur.
1302 4208 1589 4279 Nunquam
1633 4208 1760 4261 vitis
1829 4203 2081 4259 nomina-

516 4322 608 4365 tus
654 4318 799 4363 esset
846 4306 1142 4369 Dominus,
1202 4303 1307 4358 nisi
1357 4298 1716 4371 plantationis
1772 4312 1940 4351 causa
1986 4311 2080 4349 eo-

517 4418 637 4457 rum
682 4402 774 4471 qni
816 4400 869 4453 in
925 4398 1044 4468 ipso
1100 4395 1461 4449 radicantur:
1495 4407 1669 4461 neque
1717 4400 1919 4459 pastor,
1968 4386 2077 4442 nisi

2254 2386 2296 2436 Τ
2303 2384 2319 2435 ί
2348 2384 2521 2437 τοίνυν
2551 2386 2697 2437 ἐστὶν
2722 2386 2970 2447 εἰπόντας
3002 2384 3136 2455 πρὸς
3176 2385 3243 2438 τὰ
3281 2384 3503 2437 τοιαῦτα
3538 2384 3609 2454 μὴ
3636 2384 3752 2435 δια-

2187 2479 2408 2545 μαρτεῖν
2435 2475 2525 2527 τοῦ
2555 2477 2918 2546 προσήκοντος
2941 2494 2955 2543 ;
2987 2474 3103 2529 ’Ὁτι
3130 2476 3335 2529 πολλῶν
3356 2476 3541 2537 ὄντων,
3570 2475 3751 2537 καθὼς

2184 2568 2419 2620 κάκεῖνοί
2456 2586 2607 2635 φασι,
2642 2570 2747 2619 τῶν
2778 2569 3072 2639 ὀνομάτων,
3107 2568 3143 2621 ὃ.
3168 2568 3243 2638 τῷ
3280 2570 3571 2636 Μονογενεῖ
3602 2570 3751 2637 παρὰ

2182 2660 2283 2729 τῆς
2312 2662 2529 2732 Γραφῆς
2560 2662 2890 2729 ἐπιλέγεται,
2912 2663 3063 2714 οὐδὲν
3088 2662 3193 2715 τῶν
3222 2662 3392 2715 ἄλλων
3421 2665 3484 2733 τῇ
3506 2662 3638 2732 πρὸς
3659 2664 3750 2713 τὸν

2185 2753 2545 2822 γεγεννηκότα
2582 2753 2759 2823 φαμὲν
2793 2754 3039 2823 ἀναφορᾷ
3066 2754 3128 2806 τὸ
3161 2753 3431 2824 προσφυὲς
3467 2753 3627 2824 ἔχειν.
3671 2754 3746 2805 Οὐ

2184 2844 2292 2912 γάρ
2339 2842 2525 2914 ὥσπερ
2555 2844 2681 2896 Υἰὸν
2709 2843 2801 2895 τοῦ
2830 2845 3060 2913 Πατρὸς,
3104 2845 3273 2908 οὕτως
3300 2845 3333 2913 ἢ
3363 2844 3529 2908 λίθον,
3560 2846 3592 2916 ἢ
3619 2846 3750 2897 ἀνά-

2186 2950 2390 2996 στάσιν,
2432 2934 2465 3002 ἢ
2512 2934 2760 3003 ποιμένα,
2804 2934 2836 3005 ἦ
2868 2934 3003 3002 φῶς,
3034 2935 3067 3005 ἦ
3100 2952 3152 2986 τι
3190 2935 3297 2987 τῶν
3329 2935 3501 2987 ἄλλων
3534 2936 3625 2986 ἐπὶ
3656 2934 3751 2986 τὸν

2184 3026 2314 3077 Θεὸν
2357 3026 2490 3079 ὅλων
2519 3025 2950 3096 ἐπαναφέροντες
2991 3025 3241 3095 λέγομεν.
3300 3026 3437 3078 Ἀλλ’
3464 3026 3607 3078 ἔστιν
3636 3020 3748 3079 οἷον

2182 3118 2343 3188 τέχνῃ
2387 3117 2492 3169 τινὶ
2530 3118 2624 3170 καὶ
2663 3118 2842 3170 κανόνι
2871 3118 2989 3187 διχῆ
3018 3116 3285 3170 διελέσθαι
3311 3117 3418 3169 τῶν
3444 3117 3600 3169 θείων
3629 3118 3748 3169 ὀνο-

2182 3211 2363 3279 μάτων
2411 3208 2508 3279 τὴν
2556 3210 2847 3279 σημασίαν.
2904 3210 2985 3263 Τά
3032 3211 3130 3280 μὲν
3167 3211 3276 3280 γάρ
3304 3210 3399 3278 τῆς
3448 3209 3655 3280 ὑψηλῆς
3686 3226 3747 3261 ἰε

2179 3302 2271 3354 καὶ
2298 3302 2572 3371 ἀφράστοιο
2596 3301 2752 3371 δόξης
2780 3302 2875 3372 τὴν
2900 3301 3118 3365 ἔνδειξιν
3145 3302 3277 3373 ἔχει,
3300 3302 3368 3355 τὰ
3392 3302 3447 3354 δὲ
3476 3303 3535 3354 τὸ
3567 3302 3749 3354 ποικί-

2178 3393 2267 3445 λον
2296 3396 2392 3461 τῆς
2436 3392 2796 3462 προνοητικῆς
2840 3395 3151 3463 οἰκονομίας
3193 3393 3526 3446 ἐνδείκνυται
3553 3410 3567 3423 ³
3606 3393 3748 3445 ὥστε

2178 3484 2297 3536 καο’
2340 3482 2611 3545 ὑπόθεσιν,
2665 3484 2713 3534 εί
2759 3484 2833 3555 μὴ
2880 3484 2939 3537 τὸ
2988 3485 3438 3554 εὐεργετούμενον
3469 3486 3574 3554 εἴη,
3612 3484 3748 3553 μηδὲ

2176 3575 2273 3635 τὰς
2311 3572 2493 3639 φωνάς
2532 3570 2737 3635 ταύτας
2786 3574 2872 3625 ἐπ’
2902 3573 3079 3626 αὐτῶν
3108 3574 3382 3644 τετάχθαι,
3428 3574 3485 3627 αἲ
3526 3574 3621 3644 τὴν
3651 3575 3745 3625 εῦ-

2179 3665 2429 3734 εργεσίαν
2479 3664 2857 3718 ἐνδείκνυνται.
2905 3666 3063 3718 Ὅσαι
3114 3666 3171 3719 δὲ
3219 3668 3279 3719 τὸ
3321 3666 3620 3738 Θεοπρεπὲς
3652 3667 3746 3736 ἐρ-

2182 3754 2470 3823 μηνεύουσι
2490 3795 2504 3819 ,
2552 3754 2644 3806 καὶ
2676 3754 2799 3824 δίχα
2832 3755 2938 3808 τῶν
2967 3758 3429 3827 οἰκονομουμένων
3454 3756 3748 3827 προσφυῶς

2179 3846 2270 3897 καὶ
2305 3845 2506 3914 κυρίως
2544 3848 2938 3918 ὲφαρμόζονται
2978 3848 3055 3918 τῷ
3090 3852 3367 3919 μονογενεῖ
3393 3848 3530 3918 Θεῷ.
3580 3850 3667 3912 Ὡς
3698 3848 3747 3901 δ’

2178 3935 2242 3989 ἂν
2274 3937 2662 4007 ἐναργέστερον
2686 3942 2815 4008 ἡμῖν
2839 3939 3201 4009 ἐκκαλυφθείη
3226 3940 3284 3992 τὸ
3308 3938 3517 3992 τοιοῦτο
3545 3939 3743 4010 δόγμα,

2180 4028 2266 4080 ἐπ’
2314 4029 2491 4082 αὐτῶν
2542 4029 2692 4083 ἔσται
2735 4031 2843 4083 τῶν
2876 4033 3151 4102 ὀνομάτων
3188 4035 3220 4103 ἡ
3258 4031 3477 4101 Θεωρία.
3527 4034 3638 4086 Οὐκ
3678 4032 3746 4085 ἂν

2178 4120 2419 4188 ἄμπελος
2443 4121 2731 4193 ὠνομάσθη
2766 4127 2793 4176 6
2824 4124 3044 4192 Κύριος,
3080 4124 3129 4176 εί
3163 4124 3236 4194 μὴ
3266 4125 3367 4194 τῆς
3394 4125 3615 4194 φυτείας
3643 4126 3747 4195 χά-

2182 4228 2266 4281 ριν
2293 4212 2400 4264 τῶν
2431 4213 2487 4264 ὲν
2519 4212 2668 4283 αὑτῷ
2697 4214 3028 4284 ριζουμένων
3055 4233 3069 4246 ·
3111 4215 3218 4268 οὐδ’
3250 4215 3314 4269 ἂν
3343 4216 3563 4287 ποιμὴν,
3588 4218 3635 4269 εί
3667 4216 3747 4289 μὴ

2178 4300 2247 4353 τά
2276 4301 2521 4370 πρόϐατα
2545 4302 2637 4354 τοῦ
2659 4302 2806 4355 οἴκου
2844 4303 3056 4373 Ἰσραὴλ
3084 4303 3346 4356 ἀπολώλει
3364 4321 3379 4335 ο
3409 4303 3515 4356 οὐδ’
3541 4305 3743 4375 ἰατρὸς,

2180 4394 2228 4444 εἰ
2265 4392 2337 4462 μὴ
2370 4393 2475 4445 τῶν
2504 4394 2800 4446 νοσούντων
2833 4395 3011 4465 χάριν,
3044 4396 3162 4448 οὐδὲ
3208 4398 3275 4447 τὰ
3304 4395 3462 4448 λοιπά
3486 4396 3593 4450 τῶν
3627 4396 3748 4448 ὀνο-

517 4510 647 4549 oves
712 4491 906 4544 domus
980 4487 1144 4542 lsrael
1197 4486 1488 4555 periissent
1533 4501 1545 4535 :
1595 4497 1772 4550 neque
1836 4478 2078 4533 medicus

2189 4482 2372 4552 μάτων
2400 4485 2485 4551 ἐφ’
2512 4486 2703 4537 ἑαυτοῦ
2738 4486 3073 4555 κατεδέχετο,
3123 4486 3195 4555 μὴ
3220 4487 3307 4540 διά
3346 4503 3486 4549 τινος
3514 4503 3749 4555 προνοη-

518 4586 622 4640 nisi
674 4580 1054 4653 'egrotantium
1098 4592 1284 4641 causa,
1316 4592 1491 4646 neque
1535 4576 1737 4643 reliqua
1775 4573 1993 4628 nomina
2028 4573 2083 4625 in

517 4676 753 4743 seipsum
820 4670 1126 4736 reciperet,
1188 4666 1290 4719 nisi
1364 4680 1458 4734 per
1512 4664 1746 4731 aliquam
1802 4663 2081 4732 providam

517 4769 623 4820 vim
653 4763 968 4819 efﬁcientem
1011 4757 1296 4813 commode
1327 4772 1514 4811 eorum
1568 4755 1742 4825 gratia
1787 4753 1878 4823 qui
1924 4753 2086 4807 bene-

519 4856 639 4911 ficio
680 4854 1003 4911 adiciuntur,
1055 4849 1154 4903 has
1198 4863 1358 4902 voces
1414 4857 1664 4915 tanquam
1700 4843 1802 4898 sibi
1836 4843 2084 4912 proprias

517 4945 829 4998 asciscerct.
867 4940 1003 5005 Quid
1055 4940 1197 4993 enim
1240 4954 1377 5007 opus
1404 4947 1487 4991 est
1519 4936 1728 5004 singula
1764 4951 2086 5005 percurren-

519 5049 622 5091 tctn
650 5038 701 5089 in
733 5036 818 5088 his
840 5048 957 5103 quae
979 5039 1124 5085 certa
1155 5040 1282 5084 sunt
1306 5036 1359 5082 et
1381 5026 1753 5081 conceduntur
1779 5043 2082 5081 sermonem

518 5126 853 5197 producere?
890 5122 1059 5176 Filius
1088 5131 1265 5174 autem
1298 5128 1352 5174 et
1393 5119 1632 5179 dextera,
1657 5128 1711 5171 et
1741 5116 2081 5187 Unigenitus,

517 5232 570 5275 ct
602 5219 854 5279 Verbum,
882 5230 934 5271 et
958 5217 1258 5286 Sapientia,
1288 5225 1341 5267 et
1371 5212 1574 5276 Virtus,
1610 5222 1664 5266 et
1690 5212 1874 5267 omnia
1897 5212 2085 5280 hujus-

520 5312 662 5366 niodi
703 5326 822 5380 qua:
851 5311 915 5363 ad
958 5308 1161 5377 aliquid
1203 5307 1479 5369 dicuntur,
1522 5313 1779 5374 tanquam
1829 5305 2085 5373 conjuga-

522 5407 664 5457 tione
722 5401 951 5471 quadam
1013 5400 1237 5453 relativa
1285 5414 1407 5450 cum
1452 5394 1611 5449 Patre
1658 5397 1919 5461 omnium,
1955 5397 2083 5450 dum

521 5493 680 5546 simul
724 5492 1056 5551 nominatur,
1088 5488 1306 5541 dieitur.
1345 5487 1436 5540 Dei
1461 5488 1603 5541 enim
1638 5489 1810 5541 virtus
1840 5489 2087 5541 nornina-

519 5592 627 5645 tur,
658 5590 710 5635 et
739 5584 955 5658 dextera
1002 5588 1053 5633 et
1085 5580 1173 5634 Dei
1206 5579 1469 5646 sapientia
1507 5587 1559 5632 et
1603 5577 1779 5633 Patris
1832 5576 1999 5631 Filius
2032 5590 2086 5633 et

521 5672 865 5743 linigenitus,
900 5682 950 5724 ct
983 5668 1215 5723 Verbum
1261 5670 1401 5737 apud
1430 5668 1617 5731 Deum,
1651 5678 1704 5721 et
1751 5684 2086 5737 qumcunqne

517 5774 646 5819 sunt
664 5762 957 5832 ejusmodi.
994 5762 1345 5832 Consequens
1378 5760 1538 5831 igitur
1566 5777 1632 5816 ex
1666 5762 1749 5817 his
1772 5762 1953 5827 dictis,
1989 5778 2085 5816 cu-

2182 4572 2340 4642 τικῆς
2371 4575 2645 4643 ἐνεργείας
2672 4576 2992 4646 προσφόρως
3026 4577 3119 4627 ἐπὶ
3145 4578 3250 4628 τῶν
3280 4576 3748 4646 εὐεργετουμένων

2183 4665 2281 4727 τὰς
2305 4666 2486 4732 φωνὰς
2512 4666 2898 4735 οἰκειούμενος.
2931 4668 2995 4719 Τί
3028 4668 3135 4737 γὰρ
3164 4669 3244 4721 δεῖ
3272 4670 3337 4721 τά
3368 4668 3485 4720 καθ’
3518 4669 3746 4721 ἕκαστον

2184 4759 2408 4827 λέγοντα
2442 4759 2699 4830 μηκύνειν
2726 4761 2783 4813 ἐν
2810 4763 2921 4823 τοῖς
2945 4758 3391 4830 ὁμολογουμένοις
3432 4759 3525 4812 τὸν
3552 4759 3703 4827 λόγον
3728 4778 3746 4827 ;

2186 4854 2313 4915 Υἱὸς
2344 4852 2400 4905 δὲ
2434 4852 2525 4904 καὶ
2554 4851 2734 4917 Δεξιὰ,
2782 4853 2875 4905 καὶ
2908 4853 3239 4920 Μονογενὴς,
3287 4853 3380 4905 καὶ
3421 4853 3611 4920 Λόγος,
3652 4853 3749 4906 καὶ

2186 4944 2374 5011 Σοφία,
2408 4945 2501 4996 καὶ
2524 4944 2779 5013 Δύναμις,
2811 4943 2904 4996 καὶ
2930 4944 2998 4995 τά
3022 4944 3245 4996 τοιαῦτα
3279 4946 3453 4997 πάντα
3483 4946 3582 4998 ὅσα
3611 4946 3748 5014 πρός

2184 5051 2236 5085 τι
2264 5034 2501 5102 λέγεται,
2530 5033 2775 5105 καθάπερ
2808 5038 2863 5087 ἐν
2900 5034 3125 5105 συζυγίᾳ
3156 5038 3262 5087 τινὶ
3288 5039 3507 5106 σχετικῇ
3537 5036 3612 5106 τῷ
3637 5037 3746 5088 ﬂat-

2184 5128 2273 5194 τρὶ
2327 5127 2544 5179 πάντων
2599 5126 3091 5196 συνονομαξόμενος
3149 5126 3382 5195 λέγεται.
3449 5128 3582 5180 θεοῦ
3637 5131 3748 5199 γάρ

2185 5218 2409 5286 δύναμις
2434 5218 2772 5287 ὀνομάζεται,
2797 5218 2889 5270 καὶ
2916 5216 3048 5269 Θεοῦ
3075 5217 3243 5282 δεξιά,
3278 5219 3371 5271 καὶ
3401 5218 3534 5270 Θεοῦ
3566 5220 3746 5286 σοφία,

2187 5310 2281 5361 καὶ
2311 5308 2520 5379 Ila-:96;
2549 5310 2693 5372 Υἱὸς,
2727 5310 2820 5361 καὶ
2848 5309 3174 5380 Μονογενὴς,
3193 5312 3286 5363 καὶ
3311 5311 3478 5377 Λόγος
3505 5312 3636 5379 πρὸς
3661 5312 3752 5363 τὸν

2188 5404 2339 5464 Θεὸν,
2373 5405 2466 5456 καὶ
2487 5406 2585 5456 ὅσα
2613 5404 2854 5456 τοιαῦτα.
2891 5404 3097 5456 Οὐκοῦν
3130 5404 3414 5457 ἀκόλουθον
3444 5406 3508 5456 ὲκ
3540 5406 3643 5456 τῶν
3677 5406 3755 5456 εί-

2193 5494 2441 5563 ρημένων
2474 5495 2702 5547 ἑκάστου
2732 5494 2838 5545 τῶν
2866 5495 3143 5565 ὀνομάτων
3170 5495 3501 5565 κατάλληλόν
3521 5513 3640 5547 τινα
3674 5494 3753 5564 τῷ

2189 5584 2549 5652 ὑποκειμένῳ,
2608 5584 2699 5635 καὶ
2746 5584 3059 5653 πρέπουσαν
3111 5586 3391 5655 ἐνοεωρείν
3440 5586 3749 5655 σημασίανο

2186 5673 2260 5735 ὡς
2293 5673 2355 5725 ἂν
2385 5675 2455 5742 μὴ
2485 5674 2562 5742 τῷ
2592 5675 2904 5745 διαμαρτεῖν
2928 5679 3026 5745 τῆς
3055 5676 3218 5745 ὀρθῆς
3248 5677 3483 5738 διανοίας
3510 5678 3637 5748 περὶ
3662 5678 3753 5729 τὸν

2188 5764 2285 5833 τῆς
2315 5763 2590 5827 εὐσεϐείας
2617 5765 3104 5837 πλημμελήσαιμεν
3127 5766 3299 5835 λόγον.
3335 5766 3542 5837 Ὠσπερ
3572 5767 3749 5822 τοίνυν
