4138 6364
323 294 436 348 623

1382 290 1658 349 CONTRA
1686 287 2078 356 EUNUMIUM,
2119 287 2248 345 LIB.
2291 289 2372 348 Ill.

3473 295 3578 356 6M

334 411 439 463 τῶν
467 411 639 466 ἄλλωι
659 414 888 466 ἕκαστον
911 413 1045 485 πρὸς
1070 413 1132 466 τὸ
1157 413 1454 484 θεοπρεπὲς
1484 408 1896 484 μεταλαϐόντες,

2013 411 2197 480 iusque
2245 412 2438 465 horum
2478 411 2757 466 nominum
2794 411 3240 482 signiﬁcationem
3285 416 3578 486 quamdam

335 503 630 575 ἀθετοῦμεν
657 506 754 575 τὴν
783 507 1070 577 πρόχειρον
1095 507 1180 558 ἐπ’
1202 506 1378 559 αὑτῶν
1410 505 1635 568 ἔννοιαν,
1658 506 1732 567 ὡς
1765 505 1900 575 μήτε

336 595 449 663 φῶς
493 596 694 656 ὑλικὸν.
745 601 878 666 μήτε
931 598 1276 667 πατουμένην
1327 597 1462 656 ὁδὸν,
1516 597 1651 666 μήτε
1697 596 1788 649 τὸν
1839 599 1902 648 ἐκ

347 689 601 758 γεωργίας
632 690 816 759 ἄρτον,
855 690 991 759 μήτε
1021 689 1109 742 τὸν
1135 689 1222 745 διὰ
1269 688 1529 759 ῥημάτων
1555 688 1710 756 λόγον
1737 729 1752 752 ,
1789 687 1902 740 ἀλλ’

335 778 455 832 ἀντὶ
501 778 704 831 τούτων
752 781 933 832 ἐκεῖνα
983 779 1220 849 νομίζειν
1263 781 1362 832 ὅσα
1405 779 1466 831 τὸ
1501 779 1782 849 μεγαλεῖον
1805 780 1903 847 τῆς

336 869 613 940 δυνάμεως
646 870 738 923 τοῦ
768 871 902 924 Θεοῦ
928 873 1100 940 Λόγου
1135 873 1463 944 παρίστησιν
1489 893 1501 906 ·
1549 873 1720 936 οὕτως
1744 871 1798 924 εἴ
1820 889 1906 933 τις

337 961 550 1032 ἁθετοίη
581 962 674 1014 τοῦ
719 963 836 1015 υίοῦ
870 964 967 1033 τὴν
1003 963 1204 1036 συνήθη
1237 967 1330 1018 καὶ
1360 966 1499 1018 κατὰ
1534 965 1693 1034 φύσιν
1725 981 1903 1034 σημα-

341 1051 479 1115 σίαν,
510 1053 576 1105 δι’
603 1049 670 1125 ἧς
699 1054 757 1105 τὸ
785 1057 847 1106 ἐκ
874 1055 972 1124 τῆς
1015 1055 1200 1118 οὑσίας
1231 1052 1367 1108 εἶναι
1394 1055 1486 1109 τοῦ
1520 1057 1905 1126 γεγεννηκότος

341 1145 700 1215 μανθάνομεν,
745 1148 880 1217 πρός
927 1167 1048 1202 τινα
1096 1149 1567 1221 θεοπρεπεστέραν
1613 1151 1904 1222 ἑρμηνείαν

341 1234 706 1304 μεταλήψεται
754 1235 968 1300 πάντως
1014 1237 1075 1290 τὸ
1118 1237 1306 1308 ὄνομα.
1372 1239 1586 1309 Ἐπειδὴ
1631 1240 1740 1309 γὰρ
1797 1239 1904 1293 τῶν

335 1325 509 1379 ἄλλων
532 1327 759 1380 ἑκάστου
784 1328 917 1399 πρὸς
939 1328 998 1380 τὸ
1024 1328 1354 1401 ἐνδοξότερον
1381 1333 1413 1399 ἡ
1447 1331 1743 1402 μετάληψις
1770 1348 1906 1398 γινο-

339 1417 472 1486 μένη
502 1419 637 1488 πρὸς
664 1417 760 1488 τὴν
791 1419 892 1488 τῆς
919 1419 1066 1483 θείας
1085 1421 1366 1492 δυνάμεως
1397 1422 1616 1486 ἔνδειξιν
1641 1424 1900 1493 ἥρμοσεν,

333 1506 624 1559 ἀκόλουθον
653 1507 866 1570 πάντως
899 1509 1016 1562 ἐστὶ
1049 1511 1140 1562 καὶ
1167 1510 1354 1563 τούτου
1390 1511 1484 1564 τοῦ
1521 1513 1780 1582 ὀνόματος
1812 1513 1905 1564 ἐπὶ

339 1598 396 1649 τὸ
436 1597 762 1668 ὑψηλότερον
809 1600 1190 1670 μετενεχθῆναι
1234 1603 1295 1654 τὸ
1348 1602 1760 1672 σημαινόμενον.
1808 1603 1904 1665 Τίς

335 1689 402 1743 ἂν
448 1685 540 1743 οὖν
589 1690 797 1758 γένοιτο
841 1691 1276 1764 θεοπρεπεστέρα
1302 1680 1510 1748 ⁵διάνοια
1547 1696 1637 1748 ἐπὶ
1681 1696 1782 1765 τῆς
1807 1695 1902 1748 τοῦ

337 1781 466 1834 Υίοῦ
513 1783 900 1854 προσηγορίας,
948 1785 996 1837 εί
1041 1785 1281 1838 ἁθετοῖτο
1313 1787 1453 1840 κατὰ
1481 1787 1570 1840 τὸν
1607 1788 1762 1856 λόγον
1793 1788 1900 1842 τῶν

335 1875 668 1927 ὑπεναντίων
698 1877 729 1946 ή
758 1876 959 1947 φυσικὴ
995 1878 1129 1948 πρδς
1170 1879 1261 1931 τὸν
1310 1881 1642 1951 γεννήσαντα
1675 1881 1855 1951 σχέσις
1883 1898 1897 1948 ;

338 1964 492 2035 Τάχα
520 1967 627 2036 γάρ
653 1966 824 2029 οὕτως
852 1968 1024 2031 οὐδεὶς
1065 1969 1200 2038 πρὸς
1228 1971 1478 2023 ἀσέϐειαν
1506 1971 1794 2042 τολμηρὸς,
1826 1971 1902 2034 ὡς

336 2061 392 2109 ἐν
417 2061 526 2122 τοῖς
553 2060 680 2129 περὶ
711 2060 806 2127 τῆς
835 2059 983 2122 θείας
1010 2059 1222 2129 φύσεως
1252 2061 1428 2128 λόγοις
1452 2063 1515 2114 τὸ
1535 2062 1787 2116 ταπεινὸν
1809 2063 1904 2116 καὶ

335 2149 669 2218 χαμαίζηλον
701 2149 808 2202 τῶν
847 2149 1062 2221 ὑψηλῶν
1088 2169 1147 2204 τε
1178 2153 1269 2204 καὶ
1297 2154 1541 2222 μεγάλων
1574 2154 1903 2224 ἁρμοδιώτε-

339 2257 430 2310 ρον
454 2240 676 2293 οῖεσθαι.
728 2240 933 2294 Οὑκοῦν
978 2244 1024 2294 εί
1059 2241 1155 2311 μέν
1187 2259 1307 2294 τινα
1337 2242 1538 2311 ταύτης
1569 2243 1904 2314 μεγαλοφυε-

339 2331 532 2402 στέραν
559 2331 795 2384 διάνοιαν
830 2332 1252 2403 ἐξευρίσκουσιν,
1295 2333 1369 2395 ὡς
1395 2335 1608 2398 ἀνάξιον
1638 2330 1776 2388 εἶναι
1818 2335 1903 2387 δο-

339 2425 453 2475 κεῖν
487 2423 614 2493 περὶ
633 2410 726 2475 τοὺ
754 2424 1086 2492 Μονογενοῦς
1109 2428 1267 2488 νοεῖν,
1286 2427 1346 2477 τὸ
1370 2427 1434 2478 ἐκ
1450 2427 1548 2496 τῆς
1571 2427 1784 2495 φύσεως
1807 2427 1901 2480 τοῦ

341 2516 548 2586 Πατρὸς
580 2511 738 2576 εἷναι,
765 2517 1074 2570 εἰπάτωσαν
1107 2517 1160 2570 εί
1184 2535 1235 2570 τι
1265 2517 1613 2586 γινώσκουσι,
1642 2519 1781 2572 κατὰ
1804 2520 1904 2589 τὴν

339 2605 646 2677 ἀπόρρητον
669 2603 846 2657 αὑτῶν
879 2606 1066 2674 σοφίαν
1098 2607 1195 2676 τῆς
1223 2605 1491 2678 πατρικῆς
1525 2607 1736 2676 φύσεως
1765 2607 1905 2677 ὑψη-

339 2698 556 2766 λότερον
578 2713 592 2726 ·
627 2696 765 2748 ὥστε
804 2697 938 2766 πρὸς
972 2697 1146 2749 ἐκεῖνο
1177 2697 1267 2750 τὸν
1319 2699 1576 2768 μονογενῆ
1626 2699 1755 2751 Θεὸν
1807 2703 1905 2752 ἐπ-

342 2787 598 2857 άραντας,
634 2787 731 2854 τῆς
758 2787 892 2858 πρὸς
915 2787 1005 2840 τὸν
1041 2788 1258 2858 Πατέρα
1289 2789 1523 2858 σχέσεως
1552 2789 1710 2842 αὑτὸν
1740 2792 1905 2861 ὑπερ·

344 2881 490 2949 ἆραι.
545 2879 608 2931 Ei
651 2879 704 2931 δὲ
749 2879 949 2942 παντὸς
988 2879 1153 2948 ὕψους
1198 2880 1536 2950 ὑπέρκειται,
1588 2882 1678 2934 καὶ
1726 2884 1905 2935 πᾶσαν

341 2969 566 3039 δύναμιν
610 2969 978 3040 θαυμαστικὴν
1022 2971 1336 3041 ὑπερϐαίνει
1366 2972 1462 3041 τῆς
1484 2970 1628 3034 θείας
1695 2973 1906 3040 φύσεως

341 3061 404 3112 τὺ
437 3061 738 3131 μεγαλεῖον,
792 3062 874 3123 τίς
904 3061 1250 3115 ὑπολείπεται
1287 3062 1460 3130 λόγος,
1498 3063 1589 3114 ἐπὶ
1632 3063 1691 3115 τὸ
1725 3063 1905 3132 μεῖζον
1937 3103 1982 3162 C

345 3150 523 3221 φέρων
543 3151 640 3220 τῆς
668 3149 760 3202 τοῦ
782 3150 911 3202 Υίοῦ
940 3152 1179 3221 κλήσεως
1203 3151 1300 3220 τὴν
1329 3151 1654 3221 ἐρμηνείαν;
1694 3150 1910 3220 Ἐπειδὴ

342 3243 522 3294 τοίνυν
553 3241 802 3310 ὁμολογεῖ
834 3243 1010 3295 πᾶσαν
1041 3242 1168 3311 περὶ
1201 3241 1295 3294 τοῦ
1333 3242 1666 3310 Μονογενοῦς
1702 3259 1910 3312 σημαν-

343 3333 500 3402 τικὴν
529 3331 692 3396 λέξιν,
721 3333 823 3386 κᾶν
850 3334 913 3384 ἐκ
945 3333 1042 3403 τῆς
1070 3333 1220 3385 κάτω
1255 3333 1538 3402 συνηθείας
1569 3333 1910 3403 ὀνομάζεται,

345 3423 482 3492 πρὸς
532 3422 592 3474 τὸ
634 3421 1045 3492 μεγαλειότερον
1087 3425 1207 3486 ταῖς
1247 3423 1475 3485 ἐννοίαις
1530 3423 1912 3493 μετατεθεῖσαν

345 3510 550 3584 κυρίως
575 3511 859 3578 λέγεσθαι·
897 3511 1166 3565 δείκνυται
1194 3513 1249 3566 δέ
1279 3513 1352 3584 μὴ
1385 3513 1638 3567 δύνασθαί
1668 3530 1788 3566 τινα
1822 3530 1918 3583 με·

345 3603 782 3675 γαλοφυεστέραν
829 3603 1035 3658 ἔννοιαν
1091 3605 1188 3675 τῆς
1229 3604 1322 3657 τοῦ
1366 3604 1494 3658 Υίοῦ
1547 3605 1914 3676 προσηγορίας

347 3696 526 3765 εὑρεῖν
553 3695 775 3766 ταύτης,
810 3695 844 3764 ἢ
890 3695 951 3748 τὸ
993 3697 1214 3766 γνήσιον
1248 3696 1382 3768 πρὸς
1424 3696 1513 3749 τὸν
1552 3696 1915 3766 γεγεννηκότα

349 3787 675 3858 παρίστησιν
696 3803 709 3818 ’
748 3786 898 3838 οὐδὲν
926 3781 1075 3856 οἶμαι
1105 3787 1301 3857 χρῆναι
1335 3786 1494 3838 πλέον
1526 3787 1914 3856 ἐπιδιατρίϐειν

349 3877 427 3949 τῷ
457 3879 624 3948 τόπῳ,
662 3877 857 3940 ἱκανῶς
881 3877 966 3930 διὰ
991 3877 1096 3931 τῶν
1128 3878 1427 3949 εἰρημένων
1464 3877 1870 3947 ἀποδειχθέντος
1895 3894 1908 3907 ’

349 3972 432 4023 ὅτι
475 3968 534 4020 οὑ
585 3969 851 4039 προσήκει
905 3968 1024 4021 καθ’
1073 3969 1362 4039 ὁμοιότητα
1405 3969 1512 4023 τῶν
1551 3968 1750 4022 λοιπῶν
1797 3971 1914 4022 ὀνο-

354 4062 540 4132 μάτων
575 4061 669 4112 κα)⁸
703 4061 800 4132 τὴν
832 4060 924 4114 τοῦ
965 4060 1091 4114 Υίοῢ
1137 4061 1503 4133 προσηγορίαν
1548 4061 1916 4133 μεθερμηνεύ-

349 4152 524 4210 σσθαα

1974 505 2251 580 _subjecto
2297 514 2486 558 mutuo
2534 506 2953 574 respondentem
2997 516 3050 561 et
3083 515 3471 576 congruentem
3501 510 3582 564 in-

2004 599 2232 664 Spicere,
2258 612 2324 649 ne
2355 612 2383 648 a
2435 604 2580 650 recta
2618 597 2972 665 intelligentia
3014 599 3330 654 aberrantes
3366 601 3420 653 in
3463 617 3580 655 ser-

2005 701 2217 738 monem
2264 686 2476 754 pietatis
2528 702 2830 754 peccemus.
2887 688 3354 753 Quemadmodum
3413 692 3579 759 igitur

2004 778 2232 830 aliorum
2272 778 2552 831 nominum
2588 778 3010 846 unumquodque
3042 781 3106 834 ad
3149 780 3199 833 id
3232 781 3374 846 quod
3407 782 3576 836 Deum

2005 870 2160 925 decet
2211 886 2334 924 cum
2388 870 2846 932 transtulerimus,
2884 871 3056 939 prima
3097 873 3279 942 specie
3331 875 3385 927 in
3443 874 3579 943 ipsis

2005 969 2351 1032 apparentem
2383 961 2658 1014 notionem
2691 963 3026 1030 spernimus,
3063 963 3137 1017 ita
3182 973 3239 1017 ut
3289 980 3466 1032 neque
3505 966 3581 1018 lu-

2004 1071 2120 1109 cem
2152 1055 2508 1117 materialem,
2542 1070 2715 1124 neque
2741 1056 2882 1108 viam
2914 1071 3034 1124 quae
3061 1056 3285 1122 pedibus
3313 1058 3577 1120 calcatur,

2004 1162 2180 1215 neque
2212 1161 2406 1217 panem
2434 1146 2525 1215 qui
2560 1163 2624 1199 ex
2674 1146 3005 1216 agricultura
3049 1147 3357 1210 conﬁcitur,
3403 1165 3580 1218 neque

2003 1239 2229 1292 verbum
2280 1239 2423 1307 quod
2460 1238 2515 1291 ﬁt
2552 1254 2616 1292 ex
2644 1239 2958 1303 vocabulis,
2992 1239 3084 1294 sed
3117 1255 3215 1308 pro
3250 1240 3334 1294 his
3374 1241 3462 1293 illa
3494 1241 3580 1294 iu-

2004 1330 2310 1399 telligamus
2342 1343 2678 1397 quazcunque
2720 1327 3061 1395 majestatem
3115 1329 3365 1396 potentiae
3416 1327 3577 1383 Verbi

2005 1419 2102 1473 Dei
2141 1428 2531 1488 rcprzeseutant
2570 1437 2582 1473 :
2635 1421 2710 1473 ita
2761 1419 2806 1473 si
2835 1420 2958 1487 quis
3000 1418 3262 1488 despiciat
3305 1432 3577 1474 assuetam

2005 1510 2100 1565 ﬁlii
2135 1520 2189 1564 et
2218 1511 2520 1564 naturalem
2553 1509 2990 1579 signiﬁcantiam,
3028 1524 3124 1578 per
3145 1524 3306 1578 quam
3334 1510 3577 1578 ejusdem

2003 1604 2254 1658 essentia:
2302 1618 2424 1655 cum
2469 1602 2713 1672 genitore
2771 1617 2894 1656 esse
2933 1601 3260 1666 didicimus,
3307 1601 3464 1670 plane
3509 1601 3578 1654 ad

2005 1694 2242 1763 aliquam
2304 1691 2415 1746 Deo
2469 1691 2642 1760 magis
2694 1691 2948 1745 decoram
2997 1704 3052 1744 et
3098 1691 3577 1760 congruentiorem

2008 1784 2512 1853 interpretationem
2559 1797 2758 1836 nomen
2811 1783 2913 1836 hoc
2945 1789 3320 1837 transsumere
3353 1798 3578 1836 necesse

2006 1875 2189 1931 fuerit.
2253 1874 2533 1944 Siquidem
2596 1875 2740 1928 enirn
2797 1875 3027 1928 aliorum
3080 1874 3344 1944 cujusque
3403 1875 3470 1928 ad
3523 1874 3579 1928 id

2005 1967 2151 2036 quod
2187 1967 2452 2021 illustrius
2483 1975 2536 2020 et
2579 1966 2862 2020 decentius
2907 1965 3302 2034 transsumptio
3335 1965 3476 2020 iacta
3510 1967 3578 2020 ad

2005 2059 2201 2114 divina:
2249 2058 2506 2127 potentiae
2546 2057 3065 2112 demonstrationem
3124 2058 3578 2124 accommodavit,

2004 2165 2345 2220 consequens
2374 2151 2600 2204 omnino
2622 2161 2706 2204 est
2755 2149 2916 2216 hujus
2942 2149 3104 2203 etiam
3138 2149 3376 2204 nominis
3405 2151 3580 2219 tigni-

2007 2242 2222 2296 ﬁcatum
2253 2242 2315 2295 ad
2336 2241 2388 2294 id
2413 2242 2556 2311 quod
2588 2250 2672 2295 est
2703 2241 2972 2296 excelsius
2999 2249 3051 2295 et
3074 2242 3361 2298 sublimius
3395 2251 3579 2298 trans-

2008 2332 2155 2387 ferri.
2179 2331 2437 2398 Quantam
2470 2332 2636 2402 igitur
2664 2347 2786 2386 esse
2813 2333 3016 2400 poterit
3035 2331 3142 2386 Deo
3166 2333 3580 2388 conrenieutior

2007 2425 2287 2495 magisque
2315 2425 2510 2479 decora
2543 2424 2895 2494 intelligentia
2928 2425 2982 2479 in
3033 2423 3153 2479 Filii
3197 2427 3578 2496 appellatione,

2007 2516 2052 2569 si
2103 2517 2403 2571 secundum
2455 2515 2888 2570 adversariorum
2944 2532 3250 2571 sermonem
3312 2519 3582 2574 naturalis

2007 2622 2128 2660 cum
2159 2607 2402 2677 genitore
2445 2606 2658 2661 aﬁ‘ertio
2699 2608 2813 2662 sive
2845 2607 3039 2661 relatio
3070 2607 3425 2677 repudietur?
3471 2607 3584 2663 for-

2007 2705 2152 2750 tasse
2194 2696 2336 2749 enim
2387 2697 2570 2750 nullus
2613 2705 2721 2750 tam
2773 2699 2948 2752 audax
2987 2705 3042 2753 et
3074 2715 3314 2768 praeceps
3359 2701 3426 2754 ad
3481 2701 3584 2755 im-

2008 2789 2260 2858 pietatem
2292 2788 2468 2849 fuerit,
2508 2797 2566 2842 ut
2589 2789 2642 2842 in
2673 2790 3020 2844 sermonibus
3045 2790 3112 2844 de
3145 2800 3336 2844 natura
3376 2791 3581 2856 divina,

2007 2880 2150 2948 quod
2199 2880 2304 2934 \ile
2347 2889 2400 2933 et
2439 2879 2709 2948 abjectum
2754 2889 2856 2944 est,
2908 2881 3118 2950 magnis
3159 2892 3212 2935 et
3259 2881 3582 2937 sublimibus

2008 2970 2418 3024 convenientins
2470 2979 2522 3024 et
2574 2971 2756 3039 aptius
2802 2971 3072 3040 opinetur.
3127 2970 3489 3036 Quamobrem
3534 2990 3561 3027 s

2013 3063 2247 3130 aliquam
2293 3061 2814 3130 magniﬁcentiorem
2863 3063 3275 3131 intelligentiam
3329 3064 3428 3118 hac
3466 3065 3584 3133 ipsa

2012 3153 2341 3220 excogitant,
2366 3153 2437 3204 ita
2467 3159 2525 3204 ut
2543 3152 2762 3222 indigna
2787 3153 3033 3206 videatur
3060 3169 3180 3208 esse
3200 3153 3265 3208 de
3294 3153 3586 3225 Unigenito

2014 3243 2185 3303 notio,
2220 3257 2411 3311 nempe
2437 3257 2557 3297 esse
2597 3258 2662 3296 ex
2702 3242 2876 3297 Patris
2912 3251 3104 3296 natura
3136 3243 3339 3305 dicant,
3376 3246 3421 3301 si
3453 3246 3585 3316 quid

2015 3332 2681 3402 cognoscuntsecundum
2712 3348 2867 3387 suam
2901 3347 3156 3387 arcanam
3218 3347 3273 3387 et
3323 3336 3584 3388 recondi-

2015 3435 2122 3478 tam
2149 3434 2309 3494 atque
2369 3424 2953 3478 incommemorabilem
3003 3425 3326 3494 sapientiam
3359 3435 3585 3495 paterna

2018 3526 2218 3570 natura
2248 3514 2451 3585 aliquid
2489 3515 2761 3570 excelsius
2788 3526 2841 3570 et
2877 3517 3198 3571 sublimius:
3245 3526 3302 3570 nt
3335 3518 3400 3572 ad
3451 3519 3585 3574 illud

2022 3607 2359 3676 unigenitum
2402 3605 2568 3659 Deum
2619 3608 2948 3670 attollentes,
2993 3623 3117 3662 eum
3161 3623 3323 3676 super
3366 3610 3588 3663 relatio-

2017 3715 2144 3753 nem
2165 3713 2326 3767 quam
2374 3699 2439 3750 ad
2476 3696 2692 3752 Patrem
2739 3698 2901 3753 habet
2949 3698 3293 3753 extollamus.
3339 3699 3492 3764 Quod
3538 3701 3586 3756 si

2019 3801 2226 3845 natura:
2252 3789 2446 3843 divina:
2469 3789 2726 3857 majestas
2755 3798 2810 3842 et
2851 3789 3149 3855 amplitudo
3204 3805 3418 3842 onmem
3461 3793 3590 3846 alti~

2018 3883 2257 3936 tudinem
2291 3881 2678 3950 supereminet,
2703 3895 3028 3948 omnemque
3071 3880 3446 3936 admirabilem
3483 3885 3589 3938 vir-

2021 3981 2188 4026 tutem
2216 3978 2472 4040 superat:
2510 3970 2632 4038 quis
2663 3971 2984 4038 relinquitur
3023 3984 3202 4024 sermo
3241 3969 3361 4023 Filii
3404 3973 3590 4040 appel-

2021 4064 2244 4118 lationis
2286 4062 2790 4132 interpretationem
2835 4061 2903 4115 ad
2953 4061 3154 4131 aliquid
3220 4063 3399 4132 majus
3422 4066 3589 4118 extul-

2021 4151 2176 4206 lens?
2208 4151 2476 4217 Quoniam
2499 4151 2661 4220 igitur
2678 4150 2876 4205 fatetur
2899 4166 3114 4206 omnem
3131 4151 3449 4216 dictionem,
3479 4171 3587 4224 qua

355 4248 677 4321 Unigenitus
735 4249 1091 4320 signiﬁcatur,
1131 4248 1345 4302 tametsi
1386 4264 1452 4303 ex
1500 4249 1708 4319 vulgari
1757 4247 2152 4303 consuetudine
2196 4246 2531 4308 nominatur,
2582 4245 2648 4298 ad
2703 4244 3218 4313 magniﬁcentiorcm
3273 4261 3495 4300 sensum
3536 4255 3591 4302 et

353 4347 630 4401 n0tionem
701 4345 1017 4399 translatam
1072 4345 1288 4414 proprie
1332 4345 1438 4397 dici
1480 4360 1494 4397 ;

1555 4347 1892 4398 demonstrat
1945 4350 2124 4397 autem
2201 4357 2260 4395 se
2329 4353 2618 4409 nonposse
2681 4338 3051 4393 sublimiorem
3115 4349 3170 4393 et
3235 4339 3590 4410 magniﬁcen-

352 4442 548 4496 tiorem
601 4442 846 4496 notitiam
894 4439 1056 4508 hujus
1103 4438 1222 4493 Filii
1277 4439 1660 4509 appellationis
1720 4439 1985 4504 invenire,
2026 4451 2188 4505 quam
2217 4450 2336 4489 eam
2367 4449 2487 4503 quae
2517 4434 2661 4503 quod
2685 4440 2770 4487 est
2807 4448 3122 4501 germanum
3146 4441 3200 4487 et
3226 4435 3590 4504 propinquum

353 4549 480 4588 cum
543 4549 609 4590 eo
682 4534 774 4604 qui
828 4533 1014 4603 genuit
1052 4531 1348 4586 exhibeat:
1392 4531 1524 4584 nihil
1568 4541 1700 4601 puto
1743 4539 1992 4600 oportere
2025 4530 2233 4583 diutius
2268 4527 2324 4580 in
2352 4526 2455 4579 hoc
2489 4527 2609 4579 loco
2668 4524 2968 4586 immorari,
3007 4540 3130 4578 cum
3173 4541 3239 4578 ex
3299 4527 3458 4579 dictis
3491 4526 3591 4579 ab-

354 4633 502 4688 unde
546 4631 681 4686 satis
715 4630 1140 4684 demonstratum
1182 4628 1253 4681 sit
1300 4627 1441 4696 quod
1475 4643 1582 4680 non
1627 4629 1879 4681 convenit
1919 4626 2091 4680 instar
2125 4624 2454 4693 reliquorum
2487 4621 2765 4675 nominum
2812 4619 2973 4674 etiam
3014 4618 3135 4674 Filii
3175 4622 3589 4691 appellationem

357 4720 727 4790 interpretari.

442 4813 577 4866 Ἀλλ’
598 4813 690 4866 ἐπὶ
714 4813 775 4866 τὸ
797 4812 996 4882 βιϐλίον
1021 4812 1181 4866 πάλιν
1208 4811 1535 4864 ἐπανακτέον
1555 4811 1651 4881 τὴν
1673 4809 1911 4881 θεωρίαν

2100 4805 2203 4860 Sed
2236 4807 2300 4858 ad
2348 4805 2469 4874 ejus
2511 4803 2748 4857 libellum
2793 4802 3306 4872 contemplationem
3359 4805 3595 4859 transfe-

359 4904 474 4956 Οὑκ
520 4904 634 4955 ἔστι
672 4903 780 4954 τῶν
825 4902 1026 4964 αὑτῶν,
1059 4901 1148 4952 τὸν
1189 4901 1442 4970 γεννητὸν
1471 4901 1715 4970 γέννημα
1746 4901 1923 4968 λέγειν

363 4997 440 5068 μὴ
477 4995 889 5067 παραιτεῖσθαι·
935 4997 1045 5058 τοῖς
1091 4994 1198 5065 γάρ
1250 4994 1470 5046 ἐκείνων
1518 4994 1792 5063 χρήσομαι
1832 4994 1927 5062 ῥή-

366 5104 568 5160 μασιν·
634 5087 743 5154 τῆς
778 5087 1169 5154 τεννηθείσης
1202 5083 1387 5150 αὐτῆς
1428 5085 1641 5147 οὐσίας
1683 5085 1777 5136 καὶ
1819 5082 1926 5149 τῆς

363 5178 472 5232 τοῦ
510 5177 644 5232 Tim?
673 5176 1074 5244 προσηγορίας
1108 5174 1222 5238 τὴν
1259 5174 1539 5239 τοιαύτην
1569 5171 1685 5224 τῶν
1713 5171 1926 5239 ὀνομά-

364 5288 483 5324 των
516 5269 918 5337 οἰκειουμένης
959 5266 1193 5335 σχέσιν
1256 5264 1344 5320 καὶ
1383 5263 1542 5317 πάλιν
1575 5263 1929 5332 μετατεθῆναι

364 5361 462 5422 τὰς
494 5361 787 5430 προσφυεῖς
820 5357 1110 5426 ὀνομασίας
1146 5357 1224 5418 είς
1265 5355 1530 5426 τροπικὰς
1580 5353 1926 5425 μεταλήψεις,

366 5450 508 5503 ὥστε
536 5451 678 5502 δυοῖν
711 5449 954 5518 θάτερον,
988 5449 1020 5519 ἢ
1055 5449 1115 5499 τὸ
1140 5448 1401 5518 πρότερρν
1425 5444 1531 5499 τῶν
1570 5448 1928 5516 ἐπιχειρημάο

368 5559 478 5594 των
526 5541 708 5605 αὑτοῖς
739 5540 1118 5602 διαπέπτωκε,
1169 5545 1262 5592 καὶ
1313 5537 1487 5608 μάτην
1531 5537 1933 5606 καταφεύγουσι

371 5635 508 5696 πρὸς
538 5633 635 5702 τὴν
675 5637 737 5686 ἐκ
763 5633 975 5702 φύσεως
1002 5632 1175 5695 τάξιν,
1207 5632 1284 5692 εἰς
1328 5629 1669 5698 κατασκευὴν
1701 5629 1792 5681 τοῦ
1822 5629 1932 5681 δεῖν

371 5743 613 5798 γεν-ιημα
651 5726 738 5779 τὸν
771 5725 1085 5796 γεννηθέντα
1124 5723 1544 5796 προσαγορείειν
1573 5741 1582 5752 ⁸
1635 5721 1665 5792 ἢ
1695 5723 1742 5774 εί
1778 5719 1934 5774 τοῦτο

2031 4914 2239 4950 ramus.
2269 4897 2385 4949 Non
2428 4904 2510 4950 est
2547 4893 2896 4956 eorumdem,
2933 4894 3172 4960 genitum
3227 4903 3281 4946 et
3327 4910 3593 4964 gennema

2033 4987 2409 5056 (progeniem)
2460 4984 2642 5038 dicere
2689 4998 2797 5036 non
2851 4998 3105 5036 recusare
3155 4984 3395 5052 (illorum
3449 4989 3595 5041 enim

2031 5080 2212 5133 verbis
2257 5080 2421 5147 utar),
2456 5093 2573 5130 cum
2607 5077 2778 5146 genita
2816 5076 2933 5144 ipsa
2971 5077 3197 5129 essentia
3238 5087 3287 5130 et
3334 5075 3462 5132 Filii
3499 5097 3595 5148 ap-

2030 5171 2247 5238 pellatio
2279 5172 2436 5224 talem
2485 5171 2755 5223 nominum
2794 5167 2895 5220 sibi
2933 5169 3200 5236 propriam
3247 5169 3468 5223 vindicet
3514 5189 3597 5224 re-

2037 5266 2284 5318 lationem
2310 5280 2322 5314 :
2363 5268 2419 5315 et
2442 5277 2633 5316 rursus
2660 5261 2958 5314 transferre
2990 5263 3253 5329 genuinas
3279 5271 3331 5314 et
3376 5273 3591 5316 natura.

2033 5356 2111 5410 les
2151 5355 2547 5409 nominationes
2595 5354 2660 5408 ad
2694 5353 2931 5422 tropicas
2963 5355 3477 5423 transsumptiones,
3527 5355 3599 5407 ita

2036 5457 2093 5500 ut
2125 5447 2355 5501 duorum
2401 5447 2654 5508 alterum,
2695 5447 2778 5500 vel
2818 5448 2970 5514 prius
3008 5447 3252 5515 ipsorum
3307 5463 3600 5514 argmnen-

2035 5545 2148 5590 tum
2172 5537 2393 5599 excidit,
2420 5536 2733 5606 frustraque
2763 5535 2829 5590 ad
2854 5544 3065 5590 natura:
3108 5536 3354 5590 ordinem
3407 5540 3602 5592 confu-

2035 5629 2191 5700 giunt
2224 5629 2290 5690 ad
2333 5628 2687 5684 astruendnm
2737 5637 2991 5698 oportere
3035 5630 3276 5697 genitum
3329 5630 3603 5698 appellare

2041 5737 2304 5791 gcnnema
2335 5721 2724 5792 (progeniem):
2773 5721 2913 5792 quod
2960 5723 3006 5776 si
3039 5721 3170 5776 illud
3211 5727 3600 5778 convenienter
