  <div class='ocr_page' id='page_1' title='image "/cluster/home/n/w/nwhite01/storage/ocr_20150623/45/nnc1.0046978445/321.png"; bbox 0 0 4138 6364; ppageno 0'>
   <div class='ocr_carea' id='block_1_1' title="bbox 575 367 681 421">
    <p class='ocr_par' dir='ltr' id='par_1_1' title="bbox 575 367 681 421">
     <span class='ocr_line' id='line_1_1' title="bbox 575 367 681 421; baseline -0.019 0"><span class='ocrx_word' id='word_1_1' title='bbox 575 367 681 421; x_wconf 70' lang='lat' dir='ltr'><strong>(il!)</strong></span> 
     </span>
    </p>
   </div>
   <div class='ocr_carea' id='block_1_2' title="bbox 1825 363 2575 424">
    <p class='ocr_par' dir='ltr' id='par_1_2' title="bbox 1825 363 2575 424">
     <span class='ocr_line' id='line_1_2' title="bbox 1825 363 2575 424; baseline 0 -4"><span class='ocrx_word' id='word_1_2' title='bbox 1825 363 1881 422; x_wconf 89' lang='lat' dir='ltr'><strong>S.</strong></span> <span class='ocrx_word' id='word_1_3' title='bbox 1911 365 2242 424; x_wconf 80' lang='lat' dir='ltr'><strong>GREGORII</strong></span> <span class='ocrx_word' id='word_1_4' title='bbox 2281 363 2575 424; x_wconf 78' lang='lat' dir='ltr'><strong>NYSSENI</strong></span> 
     </span>
    </p>
   </div>
   <div class='ocr_carea' id='block_1_3' title="bbox 3749 361 3863 421">
    <p class='ocr_par' dir='ltr' id='par_1_3' title="bbox 3749 361 3863 421">
     <span class='ocr_line' id='line_1_3' title="bbox 3749 361 3863 421; baseline -0.035 0"><span class='ocrx_word' id='word_1_5' title='bbox 3749 361 3863 421; x_wconf 72' lang='lat'><strong>6&#39;10</strong></span> 
     </span>
    </p>
   </div>
   <div class='ocr_carea' id='block_1_4' title="bbox 576 475 2153 555">
    <p class='ocr_par' dir='ltr' id='par_1_4' title="bbox 576 479 2153 552">
     <span class='ocr_line' id='line_1_4' title="bbox 576 479 2153 552; baseline 0.003 -17"><span class='ocrx_word' id='word_1_6' title='bbox 576 482 759 552; x_wconf 72' lang='lat' dir='ltr'><strong>nyniia</strong></span> <span class='ocrx_word' id='word_1_7' title='bbox 801 480 916 534; x_wconf 82' lang='lat' dir='ltr'><strong>sive</strong></span> <span class='ocrx_word' id='word_1_8' title='bbox 953 481 1188 534; x_wconf 85' lang='lat' dir='ltr'><strong>nominis</strong></span> <span class='ocrx_word' id='word_1_9' title='bbox 1214 479 1542 551; x_wconf 75' lang='lat' dir='ltr'><strong>ambiguitas</strong></span> <span class='ocrx_word' id='word_1_10' title='bbox 1578 482 1864 536; x_wconf 90' lang='lat' dir='ltr'><strong>veritatem</strong></span> <span class='ocrx_word' id='word_1_11' title='bbox 1892 481 2153 539; x_wconf 77' lang='lat' dir='ltr'><strong>fallaciter</strong></span> 
     </span>
    </p>
   </div>
   <div class='ocr_carea' id='block_1_5' title="bbox 2258 475 3864 555">
    <p class='ocr_par' dir='ltr' id='par_1_5' title="bbox 2269 475 3864 555">
     <span class='ocr_line' id='line_1_5' title="bbox 2269 475 3864 555; baseline -0.001 -18"><span class='ocrx_word' id='word_1_12' title='bbox 2269 483 2472 555; x_wconf 83' lang='grc' dir='ltr'>σαρκὸς</span> <span class='ocrx_word' id='word_1_13' title='bbox 2504 484 2585 546; x_wconf 78' lang='grc' dir='ltr'><strong>εἰς</strong></span> <span class='ocrx_word' id='word_1_14' title='bbox 2631 481 2694 536; x_wconf 85' lang='grc' dir='ltr'>τὸ</span> <span class='ocrx_word' id='word_1_15' title='bbox 2722 475 2862 536; x_wconf 74' lang='grc' dir='ltr'>εἴναι</span> <span class='ocrx_word' id='word_1_16' title='bbox 2892 481 3125 553; x_wconf 84' lang='grc' dir='ltr'>πάροδος</span> <span class='ocrx_word' id='word_1_17' title='bbox 3171 482 3330 554; x_wconf 85' lang='grc' dir='ltr'>ὑλική</span> <span class='ocrx_word' id='word_1_18' title='bbox 3378 480 3463 545; x_wconf 86' lang='grc' dir='ltr'><strong>τίς</strong></span> <span class='ocrx_word' id='word_1_19' title='bbox 3498 479 3614 535; x_wconf 78' lang='grc' dir='ltr'>ἐστι</span> <span class='ocrx_word' id='word_1_20' title='bbox 3643 481 3741 535; x_wconf 73' lang='grc' dir='ltr'><strong>καὶ</strong></span> <span class='ocrx_word' id='word_1_21' title='bbox 3768 483 3864 536; x_wconf 67' lang='grc' dir='ltr'><strong>διὰ</strong></span> 
     </span>
    </p>
   </div>
   <div class='ocr_carea' id='block_1_6' title="bbox 572 571 2163 642">
    <p class='ocr_par' dir='ltr' id='par_1_6' title="bbox 572 571 2163 642">
     <span class='ocr_line' id='line_1_6' title="bbox 572 571 2163 642; baseline 0.003 -18"><span class='ocrx_word' id='word_1_22' title='bbox 572 580 868 637; x_wconf 75' lang='lat' dir='ltr'><strong>pervertat.</strong></span> <span class='ocrx_word' id='word_1_23' title='bbox 899 573 1169 636; x_wconf 76' lang='lat' dir='ltr'><strong>Quoniam</strong></span> <span class='ocrx_word' id='word_1_24' title='bbox 1202 571 1368 641; x_wconf 88' lang='lat' dir='ltr'><strong>igitur</strong></span> <span class='ocrx_word' id='word_1_25' title='bbox 1398 573 1485 625; x_wconf 87' lang='lat' dir='ltr'><strong>via</strong></span> <span class='ocrx_word' id='word_1_26' title='bbox 1515 587 1638 641; x_wconf 73' lang='lat' dir='ltr'><strong>quae</strong></span> <span class='ocrx_word' id='word_1_27' title='bbox 1671 588 1768 642; x_wconf 92' lang='lat' dir='ltr'><strong>per</strong></span> <span class='ocrx_word' id='word_1_28' title='bbox 1799 588 2024 630; x_wconf 87' lang='lat' dir='ltr'><strong>carnem</strong></span> <span class='ocrx_word' id='word_1_29' title='bbox 2059 576 2163 629; x_wconf 90' lang='lat' dir='ltr'><strong>ali-</strong></span> 
     </span>
    </p>
   </div>
   <div class='ocr_carea' id='block_1_7' title="bbox 574 663 2162 736">
    <p class='ocr_par' dir='ltr' id='par_1_7' title="bbox 574 663 2162 736">
     <span class='ocr_line' id='line_1_7' title="bbox 574 663 2162 736; baseline 0.003 -17"><span class='ocrx_word' id='word_1_30' title='bbox 574 665 708 733; x_wconf 89' lang='lat' dir='ltr'><strong>quid</strong></span> <span class='ocrx_word' id='word_1_31' title='bbox 733 680 854 719; x_wconf 87' lang='lat' dir='ltr'><strong>esse</strong></span> <span class='ocrx_word' id='word_1_32' title='bbox 899 664 1047 724; x_wconf 85' lang='lat' dir='ltr'><strong>facit,</strong></span> <span class='ocrx_word' id='word_1_33' title='bbox 1087 663 1382 718; x_wconf 89' lang='lat' dir='ltr'><strong>materialis</strong></span> <span class='ocrx_word' id='word_1_34' title='bbox 1411 665 1659 734; x_wconf 68' lang='lat' dir='ltr'><strong>quardam</strong></span> <span class='ocrx_word' id='word_1_35' title='bbox 1689 674 1770 720; x_wconf 90' lang='lat' dir='ltr'><strong>est</strong></span> <span class='ocrx_word' id='word_1_36' title='bbox 1799 673 1852 721; x_wconf 91' lang='lat' dir='ltr'><strong>et</strong></span> <span class='ocrx_word' id='word_1_37' title='bbox 1887 682 1983 736; x_wconf 93' lang='lat' dir='ltr'><strong>per</strong></span> <span class='ocrx_word' id='word_1_38' title='bbox 2031 666 2162 723; x_wconf 65' lang='lat' dir='ltr'><strong>alle-</strong></span> 
     </span>
    </p>
   </div>
   <div class='ocr_carea' id='block_1_8' title="bbox 577 751 2161 826">
    <p class='ocr_par' dir='ltr' id='par_1_8' title="bbox 577 751 2161 826">
     <span class='ocr_line' id='line_1_8' title="bbox 577 751 2161 826; baseline 0.004 -21"><span class='ocrx_word' id='word_1_39' title='bbox 577 761 726 806; x_wconf 87' lang='lat' dir='ltr'><strong>ctum</strong></span> <span class='ocrx_word' id='word_1_40' title='bbox 776 753 1121 820; x_wconf 77' lang='lat' dir='ltr'><strong>provehitur.</strong></span> <span class='ocrx_word' id='word_1_41' title='bbox 1176 751 1321 821; x_wconf 88' lang='lat' dir='ltr'><strong>quod</strong></span> <span class='ocrx_word' id='word_1_42' title='bbox 1372 763 1554 808; x_wconf 88' lang='lat' dir='ltr'><strong>autem</strong></span> <span class='ocrx_word' id='word_1_43' title='bbox 1610 755 1999 826; x_wconf 89' lang='lat' dir='ltr'><strong>incorporeum</strong></span> <span class='ocrx_word' id='word_1_44' title='bbox 2057 774 2161 812; x_wconf 90' lang='lat' dir='ltr'><strong>nec</strong></span> 
     </span>
    </p>
   </div>
   <div class='ocr_carea' id='block_1_9' title="bbox 576 843 2162 913">
    <p class='ocr_par' dir='ltr' id='par_1_9' title="bbox 576 843 2162 913">
     <span class='ocr_line' id='line_1_9' title="bbox 576 843 2162 913; baseline 0.007 -19"><span class='ocrx_word' id='word_1_45' title='bbox 576 843 724 913; x_wconf 86' lang='lat' dir='ltr'><strong>tangi</strong></span> <span class='ocrx_word' id='word_1_46' title='bbox 757 851 936 912; x_wconf 87' lang='lat' dir='ltr'><strong>potest</strong></span> <span class='ocrx_word' id='word_1_47' title='bbox 971 853 1025 898; x_wconf 88' lang='lat' dir='ltr'><strong>et</strong></span> <span class='ocrx_word' id='word_1_48' title='bbox 1069 844 1302 899; x_wconf 83' lang='lat' dir='ltr'><strong>informe</strong></span> <span class='ocrx_word' id='word_1_49' title='bbox 1332 853 1385 898; x_wconf 89' lang='lat' dir='ltr'><strong>et</strong></span> <span class='ocrx_word' id='word_1_50' title='bbox 1426 845 1497 899; x_wconf 91' lang='lat' dir='ltr'><strong>ab</strong></span> <span class='ocrx_word' id='word_1_51' title='bbox 1542 848 1689 900; x_wconf 92' lang='lat' dir='ltr'><strong>omni</strong></span> <span class='ocrx_word' id='word_1_52' title='bbox 1727 848 1993 902; x_wconf 88' lang='lat' dir='ltr'><strong>materiali</strong></span> <span class='ocrx_word' id='word_1_53' title='bbox 2028 864 2162 905; x_wconf 89' lang='lat' dir='ltr'><strong>eon-</strong></span> 
     </span>
    </p>
   </div>
   <div class='ocr_carea' id='block_1_10' title="bbox 576 936 2162 1010">
    <p class='ocr_par' dir='ltr' id='par_1_10' title="bbox 576 936 2162 1010">
     <span class='ocr_line' id='line_1_10' title="bbox 576 936 2162 1010; baseline 0.004 -22"><span class='ocrx_word' id='word_1_54' title='bbox 576 936 819 990; x_wconf 87' lang='lat' dir='ltr'><strong>crctione</strong></span> <span class='ocrx_word' id='word_1_55' title='bbox 855 937 1088 991; x_wconf 88' lang='lat' dir='ltr'><strong>liberum</strong></span> <span class='ocrx_word' id='word_1_56' title='bbox 1132 938 1321 1006; x_wconf 86' lang='lat' dir='ltr'><strong>procul</strong></span> <span class='ocrx_word' id='word_1_57' title='bbox 1358 939 1425 990; x_wconf 91' lang='lat' dir='ltr'><strong>ab</strong></span> <span class='ocrx_word' id='word_1_58' title='bbox 1457 939 1604 992; x_wconf 71' lang='lat' dir='ltr'><strong>Iuni</strong></span> <span class='ocrx_word' id='word_1_59' title='bbox 1629 937 1919 995; x_wconf 82' lang='lat' dir='ltr'><strong>all&#39;ectione</strong></span> <span class='ocrx_word' id='word_1_60' title='bbox 1955 951 2008 994; x_wconf 90' lang='lat' dir='ltr'><strong>et</strong></span> <span class='ocrx_word' id='word_1_61' title='bbox 2038 957 2162 1010; x_wconf 88' lang='lat' dir='ltr'><strong>per-</strong></span> 
     </span>
    </p>
   </div>
   <div class='ocr_carea' id='block_1_11' title="bbox 577 1029 2162 1102">
    <p class='ocr_par' dir='ltr' id='par_1_11' title="bbox 577 1029 2162 1102">
     <span class='ocr_line' id='line_1_11' title="bbox 577 1029 2162 1102; baseline 0.004 -22"><span class='ocrx_word' id='word_1_62' title='bbox 577 1029 887 1082; x_wconf 80' lang='lat' dir='ltr'><strong>turbatione</strong></span> <span class='ocrx_word' id='word_1_63' title='bbox 921 1039 1191 1082; x_wconf 90' lang='lat' dir='ltr'><strong>remotum</strong></span> <span class='ocrx_word' id='word_1_64' title='bbox 1212 1039 1295 1084; x_wconf 90' lang='lat' dir='ltr'><strong>est</strong></span> <span class='ocrx_word' id='word_1_65' title='bbox 1324 1037 1377 1082; x_wconf 89' lang='lat' dir='ltr'><strong>et</strong></span> <span class='ocrx_word' id='word_1_66' title='bbox 1404 1029 1640 1084; x_wconf 91' lang='lat' dir='ltr'><strong>alienum</strong></span> <span class='ocrx_word' id='word_1_67' title='bbox 1665 1049 1676 1083; x_wconf 95' lang='lat'>:</span> <span class='ocrx_word' id='word_1_68' title='bbox 1704 1031 1771 1084; x_wconf 88' lang='lat' dir='ltr'><strong>de</strong></span> <span class='ocrx_word' id='word_1_69' title='bbox 1796 1045 1903 1100; x_wconf 91' lang='lat' dir='ltr'><strong>qua</strong></span> <span class='ocrx_word' id='word_1_70' title='bbox 1935 1048 2162 1102; x_wconf 88' lang='lat' dir='ltr'><strong>genera-</strong></span> 
     </span>
    </p>
   </div>
   <div class='ocr_carea' id='block_1_12' title="bbox 574 1120 2160 1190">
    <p class='ocr_par' dir='ltr' id='par_1_12' title="bbox 574 1120 2160 1190">
     <span class='ocr_line' id='line_1_12' title="bbox 574 1120 2160 1190; baseline 0.003 -18"><span class='ocrx_word' id='word_1_71' title='bbox 574 1120 724 1173; x_wconf 85' lang='lat' dir='ltr'><strong>tione</strong></span> <span class='ocrx_word' id='word_1_72' title='bbox 768 1120 1032 1188; x_wconf 84' lang='lat' dir='ltr'><strong>quaeritur</strong></span> <span class='ocrx_word' id='word_1_73' title='bbox 1061 1121 1165 1173; x_wconf 92' lang='lat' dir='ltr'><strong>hoc</strong></span> <span class='ocrx_word' id='word_1_74' title='bbox 1198 1121 1340 1184; x_wconf 90' lang='lat' dir='ltr'><strong>loco,</strong></span> <span class='ocrx_word' id='word_1_75' title='bbox 1386 1129 1636 1190; x_wconf 87' lang='lat' dir='ltr'><strong>spectare</strong></span> <span class='ocrx_word' id='word_1_76' title='bbox 1665 1123 1939 1185; x_wconf 89' lang='lat' dir='ltr'><strong>convenit,</strong></span> <span class='ocrx_word' id='word_1_77' title='bbox 1990 1139 2056 1176; x_wconf 88' lang='lat' dir='ltr'><strong>an</strong></span> <span class='ocrx_word' id='word_1_78' title='bbox 2094 1125 2160 1178; x_wconf 91' lang='lat' dir='ltr'><strong>de</strong></span> 
     </span>
    </p>
   </div>
   <div class='ocr_carea' id='block_1_13' title="bbox 576 1209 2160 1278">
    <p class='ocr_par' dir='ltr' id='par_1_13' title="bbox 576 1209 2160 1278">
     <span class='ocr_line' id='line_1_13' title="bbox 576 1209 2160 1278; baseline 0.006 -18"><span class='ocrx_word' id='word_1_79' title='bbox 576 1209 979 1278; x_wconf 86' lang='lat' dir='ltr'><strong>incorruptibili</strong></span> <span class='ocrx_word' id='word_1_80' title='bbox 1021 1218 1077 1264; x_wconf 91' lang='lat' dir='ltr'><strong>et</strong></span> <span class='ocrx_word' id='word_1_81' title='bbox 1123 1210 1329 1270; x_wconf 86' lang='lat' dir='ltr'><strong>divina,</strong></span> <span class='ocrx_word' id='word_1_82' title='bbox 1385 1226 1454 1264; x_wconf 91' lang='lat' dir='ltr'><strong>an</strong></span> <span class='ocrx_word' id='word_1_83' title='bbox 1489 1211 1556 1266; x_wconf 89' lang='lat' dir='ltr'><strong>de</strong></span> <span class='ocrx_word' id='word_1_84' title='bbox 1586 1210 1824 1265; x_wconf 83' lang='lat' dir='ltr'><strong>obnoxia</strong></span> <span class='ocrx_word' id='word_1_85' title='bbox 1873 1211 2160 1269; x_wconf 69' lang='lat' dir='ltr'><strong>affectibus</strong></span> 
     </span>
    </p>
   </div>
   <div class='ocr_carea' id='block_1_14' title="bbox 575 1300 2162 1373">
    <p class='ocr_par' dir='ltr' id='par_1_14' title="bbox 575 1300 2162 1373">
     <span class='ocr_line' id='line_1_14' title="bbox 575 1300 2162 1373; baseline 0.004 -20"><span class='ocrx_word' id='word_1_86' title='bbox 575 1311 628 1354; x_wconf 84' lang='lat' dir='ltr'><strong>et</strong></span> <span class='ocrx_word' id='word_1_87' title='bbox 657 1300 900 1355; x_wconf 87' lang='lat' dir='ltr'><strong>sordida.</strong></span> <span class='ocrx_word' id='word_1_88' title='bbox 931 1302 1036 1356; x_wconf 82' lang='lat' dir='ltr'><strong>Sed</strong></span> <span class='ocrx_word' id='word_1_89' title='bbox 1056 1302 1239 1357; x_wconf 91' lang='lat' dir='ltr'><strong>nullus</strong></span> <span class='ocrx_word' id='word_1_90' title='bbox 1261 1303 1458 1356; x_wconf 78' lang='lat' dir='ltr'><strong>dixerit</strong></span> <span class='ocrx_word' id='word_1_91' title='bbox 1479 1301 1547 1357; x_wconf 92' lang='lat' dir='ltr'><strong>de</strong></span> <span class='ocrx_word' id='word_1_92' title='bbox 1568 1302 1847 1373; x_wconf 85' lang='lat' dir='ltr'><strong>unigenito</strong></span> <span class='ocrx_word' id='word_1_93' title='bbox 1869 1302 1981 1359; x_wconf 89' lang='lat' dir='ltr'><strong>Deo</strong></span> <span class='ocrx_word' id='word_1_94' title='bbox 2004 1315 2162 1360; x_wconf 73' lang='lat' dir='ltr'><strong>aeter-</strong></span> 
     </span>
    </p>
   </div>
   <div class='ocr_carea' id='block_1_15' title="bbox 577 1393 2160 1466">
    <p class='ocr_par' dir='ltr' id='par_1_15' title="bbox 577 1393 2160 1466">
     <span class='ocr_line' id='line_1_15' title="bbox 577 1393 2160 1466; baseline 0.004 -22"><span class='ocrx_word' id='word_1_95' title='bbox 577 1408 701 1444; x_wconf 90' lang='lat' dir='ltr'><strong>nam</strong></span> <span class='ocrx_word' id='word_1_96' title='bbox 731 1393 1104 1446; x_wconf 84' lang='lat' dir='ltr'><strong>exsistentiam</strong></span> <span class='ocrx_word' id='word_1_97' title='bbox 1125 1408 1236 1446; x_wconf 92' lang='lat' dir='ltr'><strong>non</strong></span> <span class='ocrx_word' id='word_1_98' title='bbox 1259 1395 1488 1464; x_wconf 88' lang='lat' dir='ltr'><strong>proponi</strong></span> <span class='ocrx_word' id='word_1_99' title='bbox 1521 1395 1970 1466; x_wconf 89' lang='lat' dir='ltr'><strong>contemplationi</strong></span> <span class='ocrx_word' id='word_1_100' title='bbox 1994 1396 2160 1466; x_wconf 84' lang='lat' dir='ltr'><strong>hujus</strong></span> 
     </span>
    </p>
   </div>
   <div class='ocr_carea' id='block_1_16' title="bbox 577 1484 2160 1558">
    <p class='ocr_par' dir='ltr' id='par_1_16' title="bbox 577 1484 2160 1558">
     <span class='ocr_line' id='line_1_16' title="bbox 577 1484 2160 1558; baseline 0.004 -22"><span class='ocrx_word' id='word_1_101' title='bbox 577 1485 868 1538; x_wconf 85' lang='lat' dir='ltr'><strong>sermonis.</strong></span> <span class='ocrx_word' id='word_1_102' title='bbox 913 1484 1052 1550; x_wconf 88' lang='lat' dir='ltr'><strong>Quid</strong></span> <span class='ocrx_word' id='word_1_103' title='bbox 1103 1485 1267 1555; x_wconf 82' lang='lat' dir='ltr'><strong>igitur</strong></span> <span class='ocrx_word' id='word_1_104' title='bbox 1310 1485 1633 1541; x_wconf 88' lang='lat' dir='ltr'><strong>immoratur</strong></span> <span class='ocrx_word' id='word_1_105' title='bbox 1663 1487 1716 1540; x_wconf 93' lang='lat' dir='ltr'><strong>in</strong></span> <span class='ocrx_word' id='word_1_106' title='bbox 1754 1487 1856 1542; x_wconf 90' lang='lat' dir='ltr'><strong>hac</strong></span> <span class='ocrx_word' id='word_1_107' title='bbox 1887 1489 2160 1558; x_wconf 87' lang='lat' dir='ltr'><strong>corporali</strong></span> 
     </span>
    </p>
   </div>
   <div class='ocr_carea' id='block_1_17' title="bbox 577 1575 2162 1637">
    <p class='ocr_par' dir='ltr' id='par_1_17' title="bbox 577 1575 2162 1637">
     <span class='ocr_line' id='line_1_17' title="bbox 577 1575 2162 1637; baseline 0.004 -10"><span class='ocrx_word' id='word_1_108' title='bbox 577 1584 788 1628; x_wconf 69' lang='lat' dir='ltr'><strong>natura:</strong></span> <span class='ocrx_word' id='word_1_109' title='bbox 824 1576 1057 1637; x_wconf 83' lang='lat' dir='ltr'><strong>ratione,</strong></span> <span class='ocrx_word' id='word_1_110' title='bbox 1112 1575 1168 1628; x_wconf 89' lang='lat' dir='ltr'><strong>in</strong></span> <span class='ocrx_word' id='word_1_111' title='bbox 1205 1576 1571 1632; x_wconf 79' lang='lat' dir='ltr'><strong>abominanda</strong></span> <span class='ocrx_word' id='word_1_112' title='bbox 1610 1585 1664 1632; x_wconf 91' lang='lat' dir='ltr'><strong>et</strong></span> <span class='ocrx_word' id='word_1_113' title='bbox 1713 1577 1861 1633; x_wconf 72' lang='lat' dir='ltr'><strong>fmdo</strong></span> <span class='ocrx_word' id='word_1_114' title='bbox 1892 1582 2162 1634; x_wconf 85' lang='lat' dir='ltr'><strong>sermonis</strong></span> 
     </span>
    </p>
   </div>
   <div class='ocr_carea' id='block_1_18' title="bbox 577 1667 2154 1739">
    <p class='ocr_par' dir='ltr' id='par_1_18' title="bbox 577 1667 2154 1739">
     <span class='ocr_line' id='line_1_18' title="bbox 577 1667 2154 1739; baseline 0.006 -22"><span class='ocrx_word' id='word_1_115' title='bbox 577 1675 866 1736; x_wconf 89' lang='lat' dir='ltr'><strong>apparatu,</strong></span> <span class='ocrx_word' id='word_1_116' title='bbox 912 1675 1163 1720; x_wconf 90' lang='lat' dir='ltr'><strong>naturam</strong></span> <span class='ocrx_word' id='word_1_117' title='bbox 1216 1667 1472 1722; x_wconf 89' lang='lat' dir='ltr'><strong>sordibus</strong></span> <span class='ocrx_word' id='word_1_118' title='bbox 1514 1669 1832 1739; x_wconf 86' lang='lat' dir='ltr'><strong>inquinans,</strong></span> <span class='ocrx_word' id='word_1_119' title='bbox 1871 1670 2154 1726; x_wconf 89' lang='lat' dir='ltr'><strong>libidines-</strong></span> 
     </span>
    </p>
   </div>
   <div class='ocr_carea' id='block_1_19' title="bbox 575 1758 2160 1833">
    <p class='ocr_par' dir='ltr' id='par_1_19' title="bbox 575 1758 2160 1833">
     <span class='ocr_line' id='line_1_19' title="bbox 575 1758 2160 1833; baseline 0.005 -23"><span class='ocrx_word' id='word_1_120' title='bbox 575 1773 682 1825; x_wconf 82' lang='lat' dir='ltr'><strong>que</strong></span> <span class='ocrx_word' id='word_1_121' title='bbox 724 1758 974 1811; x_wconf 75' lang='lat' dir='ltr'><strong>humanae</strong></span> <span class='ocrx_word' id='word_1_122' title='bbox 1015 1760 1385 1829; x_wconf 80' lang='lat' dir='ltr'><strong>generationis</strong></span> <span class='ocrx_word' id='word_1_123' title='bbox 1429 1761 1721 1830; x_wconf 89' lang='lat' dir='ltr'><strong>publicans</strong></span> <span class='ocrx_word' id='word_1_124' title='bbox 1754 1764 2037 1833; x_wconf 89' lang='lat' dir='ltr'><strong>proposito</strong></span> <span class='ocrx_word' id='word_1_125' title='bbox 2070 1781 2160 1818; x_wconf 91' lang='lat' dir='ltr'><strong>ar-</strong></span> 
     </span>
    </p>
   </div>
   <div class='ocr_carea' id='block_1_20' title="bbox 2263 572 3863 645">
    <p class='ocr_par' dir='ltr' id='par_1_20' title="bbox 2263 572 3863 645">
     <span class='ocr_line' id='line_1_20' title="bbox 2263 572 3863 645; baseline -0.002 -17"><span class='ocrx_word' id='word_1_126' title='bbox 2263 575 2470 639; x_wconf 81' lang='grc' dir='ltr'><strong>πάθους</strong></span> <span class='ocrx_word' id='word_1_127' title='bbox 2499 573 2822 645; x_wconf 86' lang='grc' dir='ltr'>προάγεται,</span> <span class='ocrx_word' id='word_1_128' title='bbox 2851 573 2912 626; x_wconf 84' lang='grc' dir='ltr'><strong>τὸ</strong></span> <span class='ocrx_word' id='word_1_129' title='bbox 2940 573 2999 626; x_wconf 79' lang='grc' dir='ltr'><strong>δὲ</strong></span> <span class='ocrx_word' id='word_1_130' title='bbox 3021 572 3335 644; x_wconf 84' lang='grc' dir='ltr'>ἀσώματον,</span> <span class='ocrx_word' id='word_1_131' title='bbox 3366 575 3462 626; x_wconf 70' lang='grc' dir='ltr'>καὶ</span> <span class='ocrx_word' id='word_1_132' title='bbox 3498 575 3728 643; x_wconf 79' lang='grc' dir='ltr'>ἀναφὲς,</span> <span class='ocrx_word' id='word_1_133' title='bbox 3761 575 3863 626; x_wconf 79' lang='grc' dir='ltr'><strong>καὶ</strong></span> 
     </span>
    </p>
   </div>
   <div class='ocr_carea' id='block_1_21' title="bbox 2263 665 3863 736">
    <p class='ocr_par' dir='ltr' id='par_1_21' title="bbox 2263 665 3863 736">
     <span class='ocr_line' id='line_1_21' title="bbox 2263 665 3863 736; baseline -0.001 -16"><span class='ocrx_word' id='word_1_134' title='bbox 2263 665 2522 732; x_wconf 83' lang='grc' dir='ltr'><strong>ἀνείδεον,</strong></span> <span class='ocrx_word' id='word_1_135' title='bbox 2545 665 2641 720; x_wconf 71' lang='grc' dir='ltr'>καὶ</span> <span class='ocrx_word' id='word_1_136' title='bbox 2662 667 2762 735; x_wconf 85' lang='grc' dir='ltr'><strong>τῆς</strong></span> <span class='ocrx_word' id='word_1_137' title='bbox 2784 665 3016 728; x_wconf 84' lang='grc' dir='ltr'><strong>ὑλώδους</strong></span> <span class='ocrx_word' id='word_1_138' title='bbox 3041 665 3322 736; x_wconf 74' lang='grc' dir='ltr'><strong>ἐπιμιξίας</strong></span> <span class='ocrx_word' id='word_1_139' title='bbox 3341 665 3641 736; x_wconf 77' lang='grc' dir='ltr'>ἐλεύθερον,</span> <span class='ocrx_word' id='word_1_140' title='bbox 3668 665 3863 733; x_wconf 78' lang='grc' dir='ltr'>πάσης</span> 
     </span>
    </p>
   </div>
   <div class='ocr_carea' id='block_1_22' title="bbox 2263 756 3858 829">
    <p class='ocr_par' dir='ltr' id='par_1_22' title="bbox 2263 756 3858 829">
     <span class='ocr_line' id='line_1_22' title="bbox 2263 756 3858 829; baseline -0.001 -18"><span class='ocrx_word' id='word_1_141' title='bbox 2263 757 2553 822; x_wconf 82' lang='grc' dir='ltr'><strong>διαθέσεως</strong></span> <span class='ocrx_word' id='word_1_142' title='bbox 2575 756 2856 829; x_wconf 82' lang='grc' dir='ltr'>ἐμπαθοῦς</span> <span class='ocrx_word' id='word_1_143' title='bbox 2876 756 3253 826; x_wconf 78' lang='grc' dir='ltr'>ἠλλοτρίωται·</span> <span class='ocrx_word' id='word_1_144' title='bbox 3283 757 3554 829; x_wconf 88' lang='grc' dir='ltr'>θεωρῆσαι</span> <span class='ocrx_word' id='word_1_145' title='bbox 3577 759 3858 827; x_wconf 84' lang='grc' dir='ltr'>προσήκει</span> 
     </span>
    </p>
   </div>
   <div class='ocr_carea' id='block_1_23' title="bbox 2265 845 3857 920">
    <p class='ocr_par' dir='ltr' id='par_1_23' title="bbox 2265 845 3857 920">
     <span class='ocr_line' id='line_1_23' title="bbox 2265 845 3857 920; baseline -0.003 -16"><span class='ocrx_word' id='word_1_146' title='bbox 2265 851 2393 920; x_wconf 79' lang='grc' dir='ltr'>περὶ</span> <span class='ocrx_word' id='word_1_147' title='bbox 2422 851 2582 914; x_wconf 87' lang='grc' dir='ltr'>ποίας</span> <span class='ocrx_word' id='word_1_148' title='bbox 2625 851 2931 919; x_wconf 83' lang='grc' dir='ltr'><strong>γεννήσεως</strong></span> <span class='ocrx_word' id='word_1_149' title='bbox 2981 851 3012 919; x_wconf 83' lang='grc' dir='ltr'><strong>ή</strong></span> <span class='ocrx_word' id='word_1_150' title='bbox 3053 849 3278 920; x_wconf 77' lang='grc' dir='ltr'>ζήτησις</span> <span class='ocrx_word' id='word_1_151' title='bbox 3321 845 3408 918; x_wconf 75' lang='grc' dir='ltr'><strong>ἦν,</strong></span> <span class='ocrx_word' id='word_1_152' title='bbox 3442 850 3535 918; x_wconf 86' lang='grc' dir='ltr'><strong>τῆς</strong></span> <span class='ocrx_word' id='word_1_153' title='bbox 3566 849 3857 920; x_wconf 79' lang='grc' dir='ltr'><strong>ἀκηράτου</strong></span> 
     </span>
    </p>
   </div>
   <div class='ocr_carea' id='block_1_24' title="bbox 2265 939 3859 1012">
    <p class='ocr_par' dir='ltr' id='par_1_24' title="bbox 2265 939 3859 1012">
     <span class='ocr_line' id='line_1_24' title="bbox 2265 939 3859 1012; baseline -0.002 -15"><span class='ocrx_word' id='word_1_154' title='bbox 2265 943 2358 997; x_wconf 70' lang='grc' dir='ltr'>καὶ</span> <span class='ocrx_word' id='word_1_155' title='bbox 2385 942 2533 1005; x_wconf 88' lang='grc' dir='ltr'>θείας</span> <span class='ocrx_word' id='word_1_156' title='bbox 2554 983 2568 1000; x_wconf 87' lang='grc'><strong>,</strong></span> <span class='ocrx_word' id='word_1_157' title='bbox 2597 942 2629 1011; x_wconf 85' lang='grc' dir='ltr'>ἦ</span> <span class='ocrx_word' id='word_1_158' title='bbox 2661 942 2759 1011; x_wconf 86' lang='grc' dir='ltr'><strong>τῆς</strong></span> <span class='ocrx_word' id='word_1_159' title='bbox 2808 939 3088 1010; x_wconf 81' lang='grc' dir='ltr'>ὲμπαθούς</span> <span class='ocrx_word' id='word_1_160' title='bbox 3122 941 3216 994; x_wconf 73' lang='grc' dir='ltr'><strong>καὶ</strong></span> <span class='ocrx_word' id='word_1_161' title='bbox 3251 941 3530 1012; x_wconf 75' lang='grc' dir='ltr'>ῥυπώσης.</span> <span class='ocrx_word' id='word_1_162' title='bbox 3580 942 3719 994; x_wconf 82' lang='grc' dir='ltr'>Ἀλλ’</span> <span class='ocrx_word' id='word_1_163' title='bbox 3748 943 3859 994; x_wconf 78' lang='grc' dir='ltr'><strong>οὐκ</strong></span> 
     </span>
    </p>
   </div>
   <div class='ocr_carea' id='block_1_25' title="bbox 2263 1032 3858 1104">
    <p class='ocr_par' dir='ltr' id='par_1_25' title="bbox 2263 1032 3858 1104">
     <span class='ocr_line' id='line_1_25' title="bbox 2263 1032 3858 1104; baseline -0.001 -16"><span class='ocrx_word' id='word_1_164' title='bbox 2263 1037 2327 1088; x_wconf 83' lang='grc' dir='ltr'>ἄν</span> <span class='ocrx_word' id='word_1_165' title='bbox 2357 1051 2439 1097; x_wconf 90' lang='grc' dir='ltr'><strong>τις</strong></span> <span class='ocrx_word' id='word_1_166' title='bbox 2473 1033 2616 1086; x_wconf 80' lang='grc' dir='ltr'>εἴποι</span> <span class='ocrx_word' id='word_1_167' title='bbox 2639 1073 2654 1096; x_wconf 92' lang='grc'><strong>,</strong></span> <span class='ocrx_word' id='word_1_168' title='bbox 2695 1033 2755 1086; x_wconf 88' lang='grc' dir='ltr'><strong>τὸ</strong></span> <span class='ocrx_word' id='word_1_169' title='bbox 2807 1033 2881 1104; x_wconf 82' lang='grc' dir='ltr'>μὴ</span> <span class='ocrx_word' id='word_1_170' title='bbox 2923 1032 3170 1102; x_wconf 74' lang='grc' dir='ltr'>περὶτοῦ</span> <span class='ocrx_word' id='word_1_171' title='bbox 3223 1032 3542 1101; x_wconf 76' lang='grc' dir='ltr'>μονογενοῦς</span> <span class='ocrx_word' id='word_1_172' title='bbox 3578 1032 3714 1086; x_wconf 81' lang='grc' dir='ltr'>Θεοῦ</span> <span class='ocrx_word' id='word_1_173' title='bbox 3750 1034 3858 1104; x_wconf 78' lang='grc' dir='ltr'>τὴν</span> 
     </span>
    </p>
   </div>
   <div class='ocr_carea' id='block_1_26' title="bbox 2266 1122 3853 1194">
    <p class='ocr_par' dir='ltr' id='par_1_26' title="bbox 2266 1122 3853 1194">
     <span class='ocr_line' id='line_1_26' title="bbox 2266 1122 3853 1194; baseline -0.001 -18"><span class='ocrx_word' id='word_1_174' title='bbox 2266 1123 2589 1194; x_wconf 84' lang='grc' dir='ltr'>προαιώνιον</span> <span class='ocrx_word' id='word_1_175' title='bbox 2615 1122 2847 1194; x_wconf 76' lang='grc' dir='ltr'>ὓπαρξιν</span> <span class='ocrx_word' id='word_1_176' title='bbox 2875 1123 3196 1193; x_wconf 77' lang='grc' dir='ltr'>προκεῖσθαι</span> <span class='ocrx_word' id='word_1_177' title='bbox 3218 1126 3281 1192; x_wconf 79' lang='grc' dir='ltr'>τῇ</span> <span class='ocrx_word' id='word_1_178' title='bbox 3307 1122 3508 1193; x_wconf 81' lang='grc' dir='ltr'>θεωρίᾳ</span> <span class='ocrx_word' id='word_1_179' title='bbox 3536 1123 3628 1175; x_wconf 78' lang='grc' dir='ltr'>τοῦ</span> <span class='ocrx_word' id='word_1_180' title='bbox 3658 1122 3853 1190; x_wconf 83' lang='grc' dir='ltr'>λόγου.</span> 
     </span>
    </p>
   </div>
   <div class='ocr_carea' id='block_1_27' title="bbox 2264 1209 3858 1285">
    <p class='ocr_par' dir='ltr' id='par_1_27' title="bbox 2264 1209 3858 1285">
     <span class='ocr_line' id='line_1_27' title="bbox 2264 1209 3858 1285; baseline -0.001 -19"><span class='ocrx_word' id='word_1_181' title='bbox 2264 1213 2329 1266; x_wconf 90' lang='grc' dir='ltr'>Τί</span> <span class='ocrx_word' id='word_1_182' title='bbox 2363 1209 2455 1266; x_wconf 80' lang='grc' dir='ltr'><strong>οὖν</strong></span> <span class='ocrx_word' id='word_1_183' title='bbox 2498 1213 2865 1285; x_wconf 71' lang='grc' dir='ltr'>ὲμφιλοχωρεῖ</span> <span class='ocrx_word' id='word_1_184' title='bbox 2892 1217 2957 1282; x_wconf 83' lang='grc' dir='ltr'>τῇ</span> <span class='ocrx_word' id='word_1_185' title='bbox 2993 1215 3281 1284; x_wconf 82' lang='grc' dir='ltr'>σωματικῇ</span> <span class='ocrx_word' id='word_1_186' title='bbox 3323 1213 3494 1283; x_wconf 83' lang='grc' dir='ltr'>ταύτῃ</span> <span class='ocrx_word' id='word_1_187' title='bbox 3528 1213 3858 1284; x_wconf 69' lang='grc' dir='ltr'><strong>φυσιολογίᾳ</strong></span> 
     </span>
    </p>
   </div>
   <div class='ocr_carea' id='block_1_28' title="bbox 2265 1303 3857 1376">
    <p class='ocr_par' dir='ltr' id='par_1_28' title="bbox 2265 1303 3857 1376">
     <span class='ocr_line' id='line_1_28' title="bbox 2265 1303 3857 1376; baseline -0.003 -19"><span class='ocrx_word' id='word_1_188' title='bbox 2265 1307 2322 1357; x_wconf 81' lang='grc' dir='ltr'><strong>ὲν</strong></span> <span class='ocrx_word' id='word_1_189' title='bbox 2349 1307 2413 1376; x_wconf 83' lang='grc' dir='ltr'>τῇ</span> <span class='ocrx_word' id='word_1_190' title='bbox 2452 1303 2681 1374; x_wconf 85' lang='grc' dir='ltr'>βδελυρᾷ</span> <span class='ocrx_word' id='word_1_191' title='bbox 2731 1303 2823 1357; x_wconf 80' lang='grc' dir='ltr'>τοῦ</span> <span class='ocrx_word' id='word_1_192' title='bbox 2867 1304 3026 1372; x_wconf 90' lang='grc' dir='ltr'>λόγου</span> <span class='ocrx_word' id='word_1_193' title='bbox 3065 1303 3356 1373; x_wconf 80' lang='grc' dir='ltr'>διασκευῇ,</span> <span class='ocrx_word' id='word_1_194' title='bbox 3390 1303 3857 1373; x_wconf 74' lang='grc' dir='ltr'>καταρρυπαίνων</span> 
     </span>
    </p>
   </div>
   <div class='ocr_carea' id='block_1_29' title="bbox 2261 1392 3857 1466">
    <p class='ocr_par' dir='ltr' id='par_1_29' title="bbox 2261 1392 3857 1466">
     <span class='ocr_line' id='line_1_29' title="bbox 2261 1392 3857 1466; baseline -0.003 -18"><span class='ocrx_word' id='word_1_195' title='bbox 2261 1394 2361 1466; x_wconf 83' lang='grc' dir='ltr'><strong>τὴν</strong></span> <span class='ocrx_word' id='word_1_196' title='bbox 2395 1395 2588 1465; x_wconf 82' lang='grc' dir='ltr'>φύσιν,</span> <span class='ocrx_word' id='word_1_197' title='bbox 2621 1395 2714 1448; x_wconf 72' lang='grc' dir='ltr'><strong>καὶ</strong></span> <span class='ocrx_word' id='word_1_198' title='bbox 2760 1394 2828 1448; x_wconf 77' lang='grc' dir='ltr'>τὰ</span> <span class='ocrx_word' id='word_1_199' title='bbox 2873 1395 3000 1464; x_wconf 78' lang='grc' dir='ltr'>περὶ</span> <span class='ocrx_word' id='word_1_200' title='bbox 3053 1393 3148 1462; x_wconf 83' lang='grc' dir='ltr'>τὴν</span> <span class='ocrx_word' id='word_1_201' title='bbox 3199 1392 3546 1461; x_wconf 74' lang='grc' dir='ltr'>ἀνθρωπίνην</span> <span class='ocrx_word' id='word_1_202' title='bbox 3592 1393 3857 1460; x_wconf 77' lang='grc' dir='ltr'>γέννησιν</span> 
     </span>
    </p>
   </div>
   <div class='ocr_carea' id='block_1_30' title="bbox 2266 1482 3857 1560">
    <p class='ocr_par' dir='ltr' id='par_1_30' title="bbox 2266 1482 3857 1560">
     <span class='ocr_line' id='line_1_30' title="bbox 2266 1482 3857 1560; baseline -0.006 -18"><span class='ocrx_word' id='word_1_203' title='bbox 2266 1488 2412 1560; x_wconf 84' lang='grc' dir='ltr'>πάθη</span> <span class='ocrx_word' id='word_1_204' title='bbox 2438 1486 2797 1558; x_wconf 81' lang='grc' dir='ltr'>δημοσιεύων,</span> <span class='ocrx_word' id='word_1_205' title='bbox 2831 1485 3145 1540; x_wconf 84' lang='grc' dir='ltr'>καταλιπὼν</span> <span class='ocrx_word' id='word_1_206' title='bbox 3184 1485 3282 1555; x_wconf 79' lang='grc' dir='ltr'><strong>τὴν</strong></span> <span class='ocrx_word' id='word_1_207' title='bbox 3311 1482 3674 1554; x_wconf 84' lang='grc' dir='ltr'>προκειμένην</span> <span class='ocrx_word' id='word_1_208' title='bbox 3712 1482 3857 1534; x_wconf 80' lang='grc' dir='ltr'><strong>ὑπό-</strong></span> 
     </span>
    </p>
   </div>
   <div class='ocr_carea' id='block_1_31' title="bbox 2265 1571 3856 1648">
    <p class='ocr_par' dir='ltr' id='par_1_31' title="bbox 2265 1571 3856 1648">
     <span class='ocr_line' id='line_1_31' title="bbox 2265 1571 3856 1648; baseline -0.006 -16"><span class='ocrx_word' id='word_1_209' title='bbox 2265 1579 2442 1644; x_wconf 87' lang='grc' dir='ltr'>θεσιν;</span> <span class='ocrx_word' id='word_1_210' title='bbox 2474 1578 2549 1631; x_wconf 82' lang='grc' dir='ltr'><strong>Οὐ</strong></span> <span class='ocrx_word' id='word_1_211' title='bbox 2591 1577 2701 1648; x_wconf 89' lang='grc' dir='ltr'><strong>γὰρ</strong></span> <span class='ocrx_word' id='word_1_212' title='bbox 2735 1576 2831 1648; x_wconf 81' lang='grc' dir='ltr'><strong>τὴν</strong></span> <span class='ocrx_word' id='word_1_213' title='bbox 2871 1574 3058 1645; x_wconf 82' lang='grc' dir='ltr'>ζωώδη</span> <span class='ocrx_word' id='word_1_214' title='bbox 3105 1573 3307 1645; x_wconf 87' lang='grc' dir='ltr'>ταύτην</span> <span class='ocrx_word' id='word_1_215' title='bbox 3345 1573 3596 1643; x_wconf 82' lang='grc' dir='ltr'>γέννησιν</span> <span class='ocrx_word' id='word_1_216' title='bbox 3628 1571 3726 1641; x_wconf 78' lang='grc' dir='ltr'>τὴν</span> <span class='ocrx_word' id='word_1_217' title='bbox 3756 1571 3856 1623; x_wconf 71' lang='grc' dir='ltr'><strong>διὰ</strong></span> 
     </span>
    </p>
   </div>
   <div class='ocr_carea' id='block_1_32' title="bbox 2266 1663 3856 1744">
    <p class='ocr_par' dir='ltr' id='par_1_32' title="bbox 2266 1663 3856 1744">
     <span class='ocr_line' id='line_1_32' title="bbox 2266 1663 3856 1744; baseline -0.006 -19"><span class='ocrx_word' id='word_1_218' title='bbox 2266 1671 2466 1744; x_wconf 84' lang='grc' dir='ltr'>σαρκὸς</span> <span class='ocrx_word' id='word_1_219' title='bbox 2488 1670 2882 1741; x_wconf 82' lang='grc' dir='ltr'>συνισταμένην</span> <span class='ocrx_word' id='word_1_220' title='bbox 2909 1667 3099 1740; x_wconf 86' lang='grc' dir='ltr'>μαθεῖν</span> <span class='ocrx_word' id='word_1_221' title='bbox 3125 1666 3404 1738; x_wconf 78' lang='grc' dir='ltr'>ἐδεόμεθα.</span> <span class='ocrx_word' id='word_1_222' title='bbox 3425 1666 3520 1728; x_wconf 86' lang='grc' dir='ltr'><strong>Τίς</strong></span> <span class='ocrx_word' id='word_1_223' title='bbox 3542 1665 3649 1734; x_wconf 88' lang='grc' dir='ltr'>γὰρ</span> <span class='ocrx_word' id='word_1_224' title='bbox 3669 1663 3856 1726; x_wconf 72' lang='grc' dir='ltr'>οὕτως</span> 
     </span>
    </p>
   </div>
   <div class='ocr_carea' id='block_1_33' title="bbox 2263 1755 3853 1832">
    <p class='ocr_par' dir='ltr' id='par_1_33' title="bbox 2263 1755 3853 1832">
     <span class='ocr_line' id='line_1_33' title="bbox 2263 1755 3853 1832; baseline -0.006 -16"><span class='ocrx_word' id='word_1_225' title='bbox 2263 1762 2489 1832; x_wconf 80' lang='grc' dir='ltr'>ἠλίθιος,</span> <span class='ocrx_word' id='word_1_226' title='bbox 2543 1761 2618 1826; x_wconf 88' lang='grc' dir='ltr'>ὠς</span> <span class='ocrx_word' id='word_1_227' title='bbox 2655 1761 2846 1814; x_wconf 70' lang='grc' dir='ltr'>ἑαυτὸν</span> <span class='ocrx_word' id='word_1_228' title='bbox 2884 1759 3094 1830; x_wconf 83' lang='grc' dir='ltr'>βλέπων</span> <span class='ocrx_word' id='word_1_229' title='bbox 3129 1759 3222 1812; x_wconf 70' lang='grc' dir='ltr'><strong>καὶ</strong></span> <span class='ocrx_word' id='word_1_230' title='bbox 3262 1758 3397 1810; x_wconf 84' lang='grc' dir='ltr'>νοῶν</span> <span class='ocrx_word' id='word_1_231' title='bbox 3442 1758 3499 1809; x_wconf 81' lang='grc' dir='ltr'><strong>ἐν</strong></span> <span class='ocrx_word' id='word_1_232' title='bbox 3559 1755 3736 1824; x_wconf 81' lang='grc' dir='ltr'>ἑαυτῷ</span> <span class='ocrx_word' id='word_1_233' title='bbox 3785 1756 3853 1807; x_wconf 76' lang='grc' dir='ltr'>τὸ</span> 
     </span>
    </p>
   </div>
   <div class='ocr_carea' id='block_1_34' title="bbox 576 1839 2153 1925">
    <p class='ocr_par' dir='ltr' id='par_1_34' title="bbox 576 1849 2153 1925">
     <span class='ocr_line' id='line_1_34' title="bbox 576 1849 2153 1925; baseline 0.008 -26"><span class='ocrx_word' id='word_1_234' title='bbox 576 1858 834 1916; x_wconf 76' lang='lat' dir='ltr'><strong>gumento</strong></span> <span class='ocrx_word' id='word_1_235' title='bbox 866 1850 1096 1904; x_wconf 87' lang='lat' dir='ltr'><strong>relicto?</strong></span> <span class='ocrx_word' id='word_1_236' title='bbox 1126 1849 1245 1904; x_wconf 82' lang='lat' dir='ltr'><strong>Non</strong></span> <span class='ocrx_word' id='word_1_237' title='bbox 1277 1852 1422 1905; x_wconf 91' lang='lat' dir='ltr'><strong>enim</strong></span> <span class='ocrx_word' id='word_1_238' title='bbox 1447 1853 1739 1908; x_wconf 90' lang='lat' dir='ltr'><strong>animalem</strong></span> <span class='ocrx_word' id='word_1_239' title='bbox 1771 1854 1912 1909; x_wconf 88' lang='lat' dir='ltr'><strong>hanc</strong></span> <span class='ocrx_word' id='word_1_240' title='bbox 1940 1871 2153 1925; x_wconf 86' lang='lat' dir='ltr'><strong>genera-</strong></span> 
     </span>
    </p>
   </div>
   <div class='ocr_carea' id='block_1_35' title="bbox 2258 1839 3851 1925">
    <p class='ocr_par' dir='ltr' id='par_1_35' title="bbox 2265 1847 3851 1925">
     <span class='ocr_line' id='line_1_35' title="bbox 2265 1847 3851 1925; baseline -0.006 -17"><span class='ocrx_word' id='word_1_241' title='bbox 2265 1853 2625 1925; x_wconf 81' lang='grc' dir='ltr'>ἀνθρώπινον,</span> <span class='ocrx_word' id='word_1_242' title='bbox 2666 1851 2831 1922; x_wconf 84' lang='grc' dir='ltr'>ἄλλην</span> <span class='ocrx_word' id='word_1_243' title='bbox 2859 1850 3154 1924; x_wconf 76' lang='grc' dir='ltr'>ἑρμηνείαν</span> <span class='ocrx_word' id='word_1_244' title='bbox 3181 1851 3279 1919; x_wconf 84' lang='grc' dir='ltr'><strong>τῆς</strong></span> <span class='ocrx_word' id='word_1_245' title='bbox 3305 1847 3499 1902; x_wconf 78' lang='grc' dir='ltr'>ἑαυτοῦ</span> <span class='ocrx_word' id='word_1_246' title='bbox 3528 1848 3709 1920; x_wconf 77' lang='grc' dir='ltr'>ζητεῖν</span> <span class='ocrx_word' id='word_1_247' title='bbox 3740 1848 3851 1916; x_wconf 77' lang='grc' dir='ltr'><strong>φύ-</strong></span> 
     </span>
    </p>
   </div>
   <div class='ocr_carea' id='block_1_36' title="bbox 576 1941 2150 2016">
    <p class='ocr_par' dir='ltr' id='par_1_36' title="bbox 576 1941 2150 2016">
     <span class='ocr_line' id='line_1_36' title="bbox 576 1941 2150 2016; baseline 0.008 -26"><span class='ocrx_word' id='word_1_248' title='bbox 576 1941 774 1993; x_wconf 91' lang='lat' dir='ltr'><strong>tionetn</strong></span> <span class='ocrx_word' id='word_1_249' title='bbox 801 1957 920 2010; x_wconf 69' lang='lat' dir='ltr'><strong>qua:</strong></span> <span class='ocrx_word' id='word_1_250' title='bbox 941 1957 1038 2010; x_wconf 90' lang='lat' dir='ltr'><strong>per</strong></span> <span class='ocrx_word' id='word_1_251' title='bbox 1058 1957 1276 1996; x_wconf 88' lang='lat' dir='ltr'><strong>carnem</strong></span> <span class='ocrx_word' id='word_1_252' title='bbox 1306 1943 1585 2013; x_wconf 88' lang='lat' dir='ltr'><strong>perlicitur</strong></span> <span class='ocrx_word' id='word_1_253' title='bbox 1602 1943 1815 2000; x_wconf 88' lang='lat' dir='ltr'><strong>discere</strong></span> <span class='ocrx_word' id='word_1_254' title='bbox 1834 1947 2150 2016; x_wconf 87' lang='lat' dir='ltr'><strong>egebamus.</strong></span> 
     </span>
    </p>
   </div>
   <div class='ocr_carea' id='block_1_37' title="bbox 575 2029 2155 2108">
    <p class='ocr_par' dir='ltr' id='par_1_37' title="bbox 575 2029 2155 2108">
     <span class='ocr_line' id='line_1_37' title="bbox 575 2029 2155 2108; baseline 0.008 -26"><span class='ocrx_word' id='word_1_255' title='bbox 575 2029 710 2094; x_wconf 86' lang='lat' dir='ltr'><strong>Quis</strong></span> <span class='ocrx_word' id='word_1_256' title='bbox 733 2032 878 2085; x_wconf 92' lang='lat' dir='ltr'><strong>enim</strong></span> <span class='ocrx_word' id='word_1_257' title='bbox 910 2033 986 2086; x_wconf 84' lang='lat' dir='ltr'><strong>ita</strong></span> <span class='ocrx_word' id='word_1_258' title='bbox 1023 2033 1254 2089; x_wconf 89' lang='lat' dir='ltr'><strong>stolidus</strong></span> <span class='ocrx_word' id='word_1_259' title='bbox 1289 2042 1350 2088; x_wconf 92' lang='lat' dir='ltr'><strong>ut</strong></span> <span class='ocrx_word' id='word_1_260' title='bbox 1377 2034 1620 2104; x_wconf 90' lang='lat' dir='ltr'><strong>seipsum</strong></span> <span class='ocrx_word' id='word_1_261' title='bbox 1668 2036 1889 2092; x_wconf 86' lang='lat' dir='ltr'><strong>intuens</strong></span> <span class='ocrx_word' id='word_1_262' title='bbox 1922 2047 1976 2092; x_wconf 92' lang='lat' dir='ltr'><strong>et</strong></span> <span class='ocrx_word' id='word_1_263' title='bbox 2009 2040 2155 2108; x_wconf 90' lang='lat' dir='ltr'><strong>quod</strong></span> 
     </span>
    </p>
   </div>
   <div class='ocr_carea' id='block_1_38' title="bbox 575 2120 2156 2200">
    <p class='ocr_par' dir='ltr' id='par_1_38' title="bbox 575 2120 2156 2200">
     <span class='ocr_line' id='line_1_38' title="bbox 575 2120 2156 2200; baseline 0.009 -28"><span class='ocrx_word' id='word_1_264' title='bbox 575 2120 875 2175; x_wconf 87' lang='lat' dir='ltr'><strong>humanum</strong></span> <span class='ocrx_word' id='word_1_265' title='bbox 915 2131 1001 2179; x_wconf 92' lang='lat' dir='ltr'><strong>est</strong></span> <span class='ocrx_word' id='word_1_266' title='bbox 1028 2124 1083 2177; x_wconf 94' lang='lat' dir='ltr'><strong>in</strong></span> <span class='ocrx_word' id='word_1_267' title='bbox 1113 2125 1294 2194; x_wconf 87' lang='lat' dir='ltr'><strong>seipso</strong></span> <span class='ocrx_word' id='word_1_268' title='bbox 1323 2125 1634 2195; x_wconf 81' lang='lat' dir='ltr'><strong>intelligens</strong></span> <span class='ocrx_word' id='word_1_269' title='bbox 1663 2128 1830 2182; x_wconf 90' lang='lat' dir='ltr'><strong>alium</strong></span> <span class='ocrx_word' id='word_1_270' title='bbox 1860 2130 1946 2185; x_wconf 90' lang='lat' dir='ltr'><strong>sui</strong></span> <span class='ocrx_word' id='word_1_271' title='bbox 1982 2130 2156 2200; x_wconf 77' lang='lat' dir='ltr'><strong>ipsius</strong></span> 
     </span>
    </p>
   </div>
   <div class='ocr_carea' id='block_1_39' title="bbox 574 2217 2157 2290">
    <p class='ocr_par' dir='ltr' id='par_1_39' title="bbox 574 2217 2157 2290">
     <span class='ocr_line' id='line_1_39' title="bbox 574 2217 2157 2290; baseline 0.004 -24"><span class='ocrx_word' id='word_1_272' title='bbox 574 2221 784 2268; x_wconf 81' lang='lat' dir='ltr'><strong>natur-.e</strong></span> <span class='ocrx_word' id='word_1_273' title='bbox 809 2223 1020 2284; x_wconf 75' lang='lat' dir='ltr'><strong>quaerat</strong></span> <span class='ocrx_word' id='word_1_274' title='bbox 1046 2217 1423 2286; x_wconf 88' lang='lat' dir='ltr'><strong>interpretem,</strong></span> <span class='ocrx_word' id='word_1_275' title='bbox 1460 2227 1513 2272; x_wconf 91' lang='lat' dir='ltr'><strong>et</strong></span> <span class='ocrx_word' id='word_1_276' title='bbox 1539 2219 1681 2274; x_wconf 90' lang='lat' dir='ltr'><strong>scire</strong></span> <span class='ocrx_word' id='word_1_277' title='bbox 1705 2220 1944 2290; x_wconf 84' lang='lat' dir='ltr'><strong>indigeat</strong></span> <span class='ocrx_word' id='word_1_278' title='bbox 1971 2236 2157 2274; x_wconf 89' lang='lat' dir='ltr'><strong>neces-</strong></span> 
     </span>
    </p>
   </div>
   <div class='ocr_carea' id='block_1_40' title="bbox 575 2308 2161 2381">
    <p class='ocr_par' dir='ltr' id='par_1_40' title="bbox 575 2308 2161 2381">
     <span class='ocr_line' id='line_1_40' title="bbox 575 2308 2161 2381; baseline 0.005 -22"><span class='ocrx_word' id='word_1_279' title='bbox 575 2309 753 2360; x_wconf 90' lang='lat' dir='ltr'><strong>sarios</strong></span> <span class='ocrx_word' id='word_1_280' title='bbox 791 2308 1020 2363; x_wconf 73' lang='lat' dir='ltr'><strong>allectus</strong></span> <span class='ocrx_word' id='word_1_281' title='bbox 1050 2311 1142 2379; x_wconf 92' lang='lat' dir='ltr'><strong>qui</strong></span> <span class='ocrx_word' id='word_1_282' title='bbox 1195 2312 1251 2364; x_wconf 90' lang='lat' dir='ltr'><strong>in</strong></span> <span class='ocrx_word' id='word_1_283' title='bbox 1300 2311 1550 2380; x_wconf 91' lang='lat' dir='ltr'><strong>corporis</strong></span> <span class='ocrx_word' id='word_1_284' title='bbox 1595 2313 1945 2381; x_wconf 84' lang='lat' dir='ltr'><strong>generatione</strong></span> <span class='ocrx_word' id='word_1_285' title='bbox 1978 2314 2161 2367; x_wconf 88' lang='lat' dir='ltr'><strong>consi-</strong></span> 
     </span>
    </p>
   </div>
   <div class='ocr_carea' id='block_1_41' title="bbox 574 2399 2160 2474">
    <p class='ocr_par' dir='ltr' id='par_1_41' title="bbox 574 2399 2160 2474">
     <span class='ocr_line' id='line_1_41' title="bbox 574 2399 2160 2474; baseline 0.004 -22"><span class='ocrx_word' id='word_1_286' title='bbox 574 2399 871 2454; x_wconf 87' lang='lat' dir='ltr'><strong>derantur?</strong></span> <span class='ocrx_word' id='word_1_287' title='bbox 903 2400 1058 2465; x_wconf 88' lang='lat' dir='ltr'><strong>Quod</strong></span> <span class='ocrx_word' id='word_1_288' title='bbox 1083 2401 1239 2455; x_wconf 86' lang='lat' dir='ltr'><strong>aliter</strong></span> <span class='ocrx_word' id='word_1_289' title='bbox 1266 2401 1484 2471; x_wconf 91' lang='lat' dir='ltr'><strong>quidem</strong></span> <span class='ocrx_word' id='word_1_290' title='bbox 1513 2403 1604 2472; x_wconf 88' lang='lat' dir='ltr'><strong>qui</strong></span> <span class='ocrx_word' id='word_1_291' title='bbox 1630 2404 1822 2474; x_wconf 82' lang='lat' dir='ltr'><strong>gignit,</strong></span> <span class='ocrx_word' id='word_1_292' title='bbox 1847 2405 2005 2459; x_wconf 82' lang='lat' dir='ltr'><strong>aliter</strong></span> <span class='ocrx_word' id='word_1_293' title='bbox 2031 2421 2160 2460; x_wconf 85' lang='lat' dir='ltr'><strong>vero</strong></span> 
     </span>
    </p>
   </div>
   <div class='ocr_carea' id='block_1_42' title="bbox 574 2492 2159 2561">
    <p class='ocr_par' dir='ltr' id='par_1_42' title="bbox 574 2492 2159 2561">
     <span class='ocr_line' id='line_1_42' title="bbox 574 2492 2159 2561; baseline 0.005 -18"><span class='ocrx_word' id='word_1_294' title='bbox 574 2492 666 2560; x_wconf 90' lang='lat' dir='ltr'><strong>qui</strong></span> <span class='ocrx_word' id='word_1_295' title='bbox 710 2493 949 2561; x_wconf 86' lang='lat' dir='ltr'><strong>gignitur</strong></span> <span class='ocrx_word' id='word_1_296' title='bbox 1000 2492 1252 2557; x_wconf 87' lang='lat' dir='ltr'><strong>allicitur,</strong></span> <span class='ocrx_word' id='word_1_297' title='bbox 1306 2503 1363 2547; x_wconf 87' lang='lat' dir='ltr'><strong>ut</strong></span> <span class='ocrx_word' id='word_1_298' title='bbox 1415 2510 1480 2549; x_wconf 83' lang='lat' dir='ltr'><strong>ex</strong></span> <span class='ocrx_word' id='word_1_299' title='bbox 1536 2496 1636 2550; x_wconf 90' lang='lat' dir='ltr'><strong>hac</strong></span> <span class='ocrx_word' id='word_1_300' title='bbox 1688 2496 1939 2550; x_wconf 88' lang='lat' dir='ltr'><strong>doctrina</strong></span> <span class='ocrx_word' id='word_1_301' title='bbox 1995 2497 2159 2552; x_wconf 90' lang='lat' dir='ltr'><strong>homo</strong></span> 
     </span>
    </p>
   </div>
   <div class='ocr_carea' id='block_1_43' title="bbox 573 2584 2158 2660">
    <p class='ocr_par' dir='ltr' id='par_1_43' title="bbox 573 2584 2158 2660">
     <span class='ocr_line' id='line_1_43' title="bbox 573 2584 2158 2660; baseline 0.004 -23"><span class='ocrx_word' id='word_1_302' title='bbox 573 2584 771 2646; x_wconf 82' lang='lat' dir='ltr'><strong>discat,</strong></span> <span class='ocrx_word' id='word_1_303' title='bbox 823 2585 970 2653; x_wconf 91' lang='lat' dir='ltr'><strong>quod</strong></span> <span class='ocrx_word' id='word_1_304' title='bbox 1028 2586 1145 2654; x_wconf 87' lang='lat' dir='ltr'><strong>ipse</strong></span> <span class='ocrx_word' id='word_1_305' title='bbox 1191 2601 1288 2655; x_wconf 88' lang='lat' dir='ltr'><strong>per</strong></span> <span class='ocrx_word' id='word_1_306' title='bbox 1341 2585 1597 2641; x_wconf 79' lang='lat' dir='ltr'><strong>allectum</strong></span> <span class='ocrx_word' id='word_1_307' title='bbox 1647 2597 1892 2658; x_wconf 82' lang='lat' dir='ltr'><strong>generat,</strong></span> <span class='ocrx_word' id='word_1_308' title='bbox 1923 2596 1976 2644; x_wconf 91' lang='lat' dir='ltr'><strong>et</strong></span> <span class='ocrx_word' id='word_1_309' title='bbox 2011 2590 2158 2660; x_wconf 90' lang='lat' dir='ltr'><strong>quod</strong></span> 
     </span>
    </p>
   </div>
   <div class='ocr_carea' id='block_1_44' title="bbox 574 2674 2152 2748">
    <p class='ocr_par' dir='ltr' id='par_1_44' title="bbox 574 2674 2152 2748">
     <span class='ocr_line' id='line_1_44' title="bbox 574 2674 2152 2748; baseline 0.005 -22"><span class='ocrx_word' id='word_1_310' title='bbox 574 2674 800 2728; x_wconf 72' lang='lat' dir='ltr'><strong>allectus</strong></span> <span class='ocrx_word' id='word_1_311' title='bbox 823 2676 871 2728; x_wconf 80' lang='lat' dir='ltr'><strong>ei</strong></span> <span class='ocrx_word' id='word_1_312' title='bbox 909 2674 1070 2729; x_wconf 81' lang='lat' dir='ltr'><strong>fuerit</strong></span> <span class='ocrx_word' id='word_1_313' title='bbox 1092 2677 1462 2745; x_wconf 80' lang='lat' dir='ltr'><strong>generationis</strong></span> <span class='ocrx_word' id='word_1_314' title='bbox 1485 2678 1837 2748; x_wconf 89' lang='lat' dir='ltr'><strong>principium.</strong></span> <span class='ocrx_word' id='word_1_315' title='bbox 1861 2681 1988 2734; x_wconf 68' lang='grc' dir='ltr'><strong>Ηωο</strong></span> <span class='ocrx_word' id='word_1_316' title='bbox 2009 2681 2152 2735; x_wconf 90' lang='lat' dir='ltr'><strong>enim</strong></span> 
     </span>
    </p>
   </div>
   <div class='ocr_carea' id='block_1_45' title="bbox 575 2766 2156 2841">
    <p class='ocr_par' dir='ltr' id='par_1_45' title="bbox 575 2766 2156 2841">
     <span class='ocr_line' id='line_1_45' title="bbox 575 2766 2156 2841; baseline 0.004 -21"><span class='ocrx_word' id='word_1_317' title='bbox 575 2766 690 2820; x_wconf 85' lang='lat' dir='ltr'><strong>sive</strong></span> <span class='ocrx_word' id='word_1_318' title='bbox 722 2775 1009 2821; x_wconf 86' lang='lat' dir='ltr'><strong>taceantur</strong></span> <span class='ocrx_word' id='word_1_319' title='bbox 1035 2766 1150 2822; x_wconf 84' lang='lat' dir='ltr'><strong>sive</strong></span> <span class='ocrx_word' id='word_1_320' title='bbox 1168 2766 1422 2822; x_wconf 90' lang='lat' dir='ltr'><strong>dicantur</strong></span> <span class='ocrx_word' id='word_1_321' title='bbox 1456 2769 1592 2822; x_wconf 92' lang='lat' dir='ltr'><strong>nihil</strong></span> <span class='ocrx_word' id='word_1_322' title='bbox 1623 2770 1869 2836; x_wconf 90' lang='lat' dir='ltr'><strong>interest,</strong></span> <span class='ocrx_word' id='word_1_323' title='bbox 1903 2771 2018 2826; x_wconf 89' lang='lat' dir='ltr'><strong>sive</strong></span> <span class='ocrx_word' id='word_1_324' title='bbox 2033 2772 2156 2841; x_wconf 89' lang='lat' dir='ltr'><strong>quis</strong></span> 
     </span>
    </p>
   </div>
   <div class='ocr_carea' id='block_1_46' title="bbox 571 2856 2157 2927">
    <p class='ocr_par' dir='ltr' id='par_1_46' title="bbox 571 2856 2157 2927">
     <span class='ocr_line' id='line_1_46' title="bbox 571 2856 2157 2927; baseline 0.005 -18"><span class='ocrx_word' id='word_1_325' title='bbox 571 2856 906 2927; x_wconf 87' lang='lat' dir='ltr'><strong>divulgando</strong></span> <span class='ocrx_word' id='word_1_326' title='bbox 960 2867 1170 2913; x_wconf 70' lang='lat' dir='ltr'><strong>natura:</strong></span> <span class='ocrx_word' id='word_1_327' title='bbox 1219 2861 1435 2913; x_wconf 90' lang='lat' dir='ltr'><strong>occulta</strong></span> <span class='ocrx_word' id='word_1_328' title='bbox 1487 2872 1723 2926; x_wconf 84' lang='lat' dir='ltr'><strong>enarret,</strong></span> <span class='ocrx_word' id='word_1_329' title='bbox 1777 2863 1894 2917; x_wconf 84' lang='lat' dir='ltr'><strong>sive</strong></span> <span class='ocrx_word' id='word_1_330' title='bbox 1941 2863 2157 2918; x_wconf 85' lang='lat' dir='ltr'><strong>silentio</strong></span> 
     </span>
    </p>
   </div>
   <div class='ocr_carea' id='block_1_47' title="bbox 573 2946 2156 3020">
    <p class='ocr_par' dir='ltr' id='par_1_47' title="bbox 573 2946 2156 3020">
     <span class='ocr_line' id='line_1_47' title="bbox 573 2946 2156 3020; baseline 0.002 -20"><span class='ocrx_word' id='word_1_331' title='bbox 573 2946 816 3002; x_wconf 86' lang='lat' dir='ltr'><strong>involvat</strong></span> <span class='ocrx_word' id='word_1_332' title='bbox 837 2963 961 3018; x_wconf 67' lang='lat' dir='ltr'><strong>qua:</strong></span> <span class='ocrx_word' id='word_1_333' title='bbox 987 2963 1098 3002; x_wconf 90' lang='lat' dir='ltr'><strong>non</strong></span> <span class='ocrx_word' id='word_1_334' title='bbox 1131 2959 1258 3002; x_wconf 89' lang='lat' dir='ltr'><strong>sunt</strong></span> <span class='ocrx_word' id='word_1_335' title='bbox 1284 2948 1555 3003; x_wconf 79' lang='lat' dir='ltr'><strong>eﬂ‘erenda</strong></span> <span class='ocrx_word' id='word_1_336' title='bbox 1582 2949 1636 3002; x_wconf 91' lang='lat' dir='ltr'><strong>in</strong></span> <span class='ocrx_word' id='word_1_337' title='bbox 1653 2949 1869 3020; x_wconf 89' lang='lat' dir='ltr'><strong>vulgus,</strong></span> <span class='ocrx_word' id='word_1_338' title='bbox 1901 2957 2156 3004; x_wconf 86' lang='lat' dir='ltr'><strong>naturam</strong></span> 
     </span>
    </p>
   </div>
   <div class='ocr_carea' id='block_1_48' title="bbox 2266 1939 3848 2013">
    <p class='ocr_par' dir='ltr' id='par_1_48' title="bbox 2266 1939 3848 2013">
     <span class='ocr_line' id='line_1_48' title="bbox 2266 1939 3848 2013; baseline -0.005 -15"><span class='ocrx_word' id='word_1_339' title='bbox 2266 1963 2421 2009; x_wconf 89' lang='grc' dir='ltr'>σεως,</span> <span class='ocrx_word' id='word_1_340' title='bbox 2457 1945 2552 1998; x_wconf 75' lang='grc' dir='ltr'><strong>καὶ</strong></span> <span class='ocrx_word' id='word_1_341' title='bbox 2579 1944 2784 1997; x_wconf 87' lang='grc' dir='ltr'>δεῖσθαι</span> <span class='ocrx_word' id='word_1_342' title='bbox 2822 1942 3011 2013; x_wconf 85' lang='grc' dir='ltr'>μαθεῖν</span> <span class='ocrx_word' id='word_1_343' title='bbox 3054 1943 3123 1995; x_wconf 84' lang='grc' dir='ltr'><strong>τὰ</strong></span> <span class='ocrx_word' id='word_1_344' title='bbox 3154 1942 3427 2008; x_wconf 83' lang='grc' dir='ltr'>ἀναγκαῖα</span> <span class='ocrx_word' id='word_1_345' title='bbox 3457 1939 3604 2007; x_wconf 84' lang='grc' dir='ltr'>πάθη</span> <span class='ocrx_word' id='word_1_346' title='bbox 3642 1940 3743 1992; x_wconf 81' lang='grc' dir='ltr'><strong>ὃσα</strong></span> <span class='ocrx_word' id='word_1_347' title='bbox 3773 1940 3848 2005; x_wconf 80' lang='grc' dir='ltr'>τῇ</span> 
     </span>
    </p>
   </div>
   <div class='ocr_carea' id='block_1_49' title="bbox 2263 2029 3851 2109">
    <p class='ocr_par' dir='ltr' id='par_1_49' title="bbox 2263 2029 3851 2109">
     <span class='ocr_line' id='line_1_49' title="bbox 2263 2029 3851 2109; baseline -0.008 -18"><span class='ocrx_word' id='word_1_348' title='bbox 2263 2038 2514 2109; x_wconf 81' lang='grc' dir='ltr'>γεννήσει</span> <span class='ocrx_word' id='word_1_349' title='bbox 2544 2036 2924 2106; x_wconf 88' lang='grc' dir='ltr'>συνθεωρεῖται</span> <span class='ocrx_word' id='word_1_350' title='bbox 2955 2035 3048 2088; x_wconf 84' lang='grc' dir='ltr'>τοῦ</span> <span class='ocrx_word' id='word_1_351' title='bbox 3086 2033 3356 2104; x_wconf 75' lang='grc' dir='ltr'>σώματοςς</span> <span class='ocrx_word' id='word_1_352' title='bbox 3391 2033 3510 2084; x_wconf 86' lang='grc' dir='ltr'><strong>Ὅτι</strong></span> <span class='ocrx_word' id='word_1_353' title='bbox 3539 2031 3711 2092; x_wconf 79' lang='grc' dir='ltr'>ἄλλως</span> <span class='ocrx_word' id='word_1_354' title='bbox 3748 2029 3851 2098; x_wconf 81' lang='grc' dir='ltr'>μὲν</span> 
     </span>
    </p>
   </div>
   <div class='ocr_carea' id='block_1_50' title="bbox 2262 2121 3847 2198">
    <p class='ocr_par' dir='ltr' id='par_1_50' title="bbox 2262 2121 3847 2198">
     <span class='ocr_line' id='line_1_50' title="bbox 2262 2121 3847 2198; baseline -0.006 -17"><span class='ocrx_word' id='word_1_355' title='bbox 2262 2131 2291 2182; x_wconf 89' lang='grc' dir='ltr'><strong>ό</strong></span> <span class='ocrx_word' id='word_1_356' title='bbox 2321 2129 2542 2194; x_wconf 81' lang='grc' dir='ltr'>τίκτων,</span> <span class='ocrx_word' id='word_1_357' title='bbox 2579 2127 2779 2198; x_wconf 78' lang='grc' dir='ltr'>ἑτέρως</span> <span class='ocrx_word' id='word_1_358' title='bbox 2808 2127 2864 2180; x_wconf 85' lang='grc' dir='ltr'>δὲ</span> <span class='ocrx_word' id='word_1_359' title='bbox 2887 2126 2950 2179; x_wconf 90' lang='grc' dir='ltr'><strong>τὸ</strong></span> <span class='ocrx_word' id='word_1_360' title='bbox 2983 2127 3298 2194; x_wconf 84' lang='grc' dir='ltr'>τικτόμενον</span> <span class='ocrx_word' id='word_1_361' title='bbox 3342 2125 3398 2175; x_wconf 81' lang='grc' dir='ltr'>ὲν</span> <span class='ocrx_word' id='word_1_362' title='bbox 3425 2123 3586 2176; x_wconf 82' lang='grc' dir='ltr'>πάθει</span> <span class='ocrx_word' id='word_1_363' title='bbox 3613 2121 3847 2189; x_wconf 83' lang='grc' dir='ltr'>γίνεται,</span> 
     </span>
    </p>
   </div>
   <div class='ocr_carea' id='block_1_51' title="bbox 2263 2213 3846 2289">
    <p class='ocr_par' dir='ltr' id='par_1_51' title="bbox 2263 2213 3846 2289">
     <span class='ocr_line' id='line_1_51' title="bbox 2263 2213 3846 2289; baseline -0.006 -17"><span class='ocrx_word' id='word_1_364' title='bbox 2263 2218 2421 2283; x_wconf 78' lang='grc' dir='ltr'><strong>ὼςᾶν</strong></span> <span class='ocrx_word' id='word_1_365' title='bbox 2463 2219 2622 2289; x_wconf 84' lang='grc' dir='ltr'>μάθοι</span> <span class='ocrx_word' id='word_1_366' title='bbox 2650 2221 2713 2272; x_wconf 83' lang='grc' dir='ltr'>ὲκ</span> <span class='ocrx_word' id='word_1_367' title='bbox 2743 2217 2843 2286; x_wconf 90' lang='grc' dir='ltr'><strong>τῆς</strong></span> <span class='ocrx_word' id='word_1_368' title='bbox 2871 2215 3219 2279; x_wconf 77' lang='grc' dir='ltr'>διδασκαλίας</span> <span class='ocrx_word' id='word_1_369' title='bbox 3250 2213 3452 2283; x_wconf 85' lang='grc' dir='ltr'>ταύτης</span> <span class='ocrx_word' id='word_1_370' title='bbox 3481 2215 3508 2266; x_wconf 85' lang='grc' dir='ltr'>ὁ</span> <span class='ocrx_word' id='word_1_371' title='bbox 3535 2213 3846 2282; x_wconf 82' lang='grc' dir='ltr'>ἄνθρωπος,</span> 
     </span>
    </p>
   </div>
   <div class='ocr_carea' id='block_1_52' title="bbox 2260 2304 3850 2378">
    <p class='ocr_par' dir='ltr' id='par_1_52' title="bbox 2260 2304 3850 2378">
     <span class='ocr_line' id='line_1_52' title="bbox 2260 2304 3850 2378; baseline -0.007 -13"><span class='ocrx_word' id='word_1_372' title='bbox 2260 2313 2342 2365; x_wconf 83' lang='grc' dir='ltr'><strong>ὅτι</strong></span> <span class='ocrx_word' id='word_1_373' title='bbox 2365 2312 2526 2374; x_wconf 86' lang='grc' dir='ltr'>αὑτός</span> <span class='ocrx_word' id='word_1_374' title='bbox 2551 2328 2608 2363; x_wconf 89' lang='grc' dir='ltr'><strong>τε</strong></span> <span class='ocrx_word' id='word_1_375' title='bbox 2643 2309 2730 2363; x_wconf 78' lang='grc' dir='ltr'><strong>διὰ</strong></span> <span class='ocrx_word' id='word_1_376' title='bbox 2759 2309 2966 2372; x_wconf 82' lang='grc' dir='ltr'>πάθους</span> <span class='ocrx_word' id='word_1_377' title='bbox 3013 2310 3210 2378; x_wconf 83' lang='grc' dir='ltr'>γεννᾷ,</span> <span class='ocrx_word' id='word_1_378' title='bbox 3243 2307 3333 2360; x_wconf 78' lang='grc' dir='ltr'><strong>καὶ</strong></span> <span class='ocrx_word' id='word_1_379' title='bbox 3364 2305 3532 2369; x_wconf 83' lang='grc' dir='ltr'>πάθος</span> <span class='ocrx_word' id='word_1_380' title='bbox 3571 2304 3716 2374; x_wconf 85' lang='grc' dir='ltr'>αὑτῷ</span> <span class='ocrx_word' id='word_1_381' title='bbox 3743 2306 3850 2372; x_wconf 76' lang='grc' dir='ltr'><strong>τῆς</strong></span> 
     </span>
    </p>
   </div>
   <div class='ocr_carea' id='block_1_53' title="bbox 2260 2395 3849 2474">
    <p class='ocr_par' dir='ltr' id='par_1_53' title="bbox 2260 2395 3849 2474">
     <span class='ocr_line' id='line_1_53' title="bbox 2260 2395 3849 2474; baseline -0.008 -17"><span class='ocrx_word' id='word_1_382' title='bbox 2260 2403 2564 2474; x_wconf 86' lang='grc' dir='ltr'>γεννήσεως</span> <span class='ocrx_word' id='word_1_383' title='bbox 2596 2399 2816 2472; x_wconf 79' lang='grc' dir='ltr'>ήρξατο.</span> <span class='ocrx_word' id='word_1_384' title='bbox 2865 2398 3050 2452; x_wconf 82' lang='grc' dir='ltr'>Ταῦτα</span> <span class='ocrx_word' id='word_1_385' title='bbox 3089 2399 3198 2469; x_wconf 79' lang='grc' dir='ltr'><strong>γὰρ</strong></span> <span class='ocrx_word' id='word_1_386' title='bbox 3240 2399 3334 2452; x_wconf 75' lang='grc' dir='ltr'><strong>καὶ</strong></span> <span class='ocrx_word' id='word_1_387' title='bbox 3375 2395 3703 2467; x_wconf 84' lang='grc' dir='ltr'>σιωπώμενα</span> <span class='ocrx_word' id='word_1_388' title='bbox 3746 2396 3849 2445; x_wconf 79' lang='grc' dir='ltr'>καὶ</span> 
     </span>
    </p>
   </div>
   <div class='ocr_carea' id='block_1_54' title="bbox 2259 2484 3848 2565">
    <p class='ocr_par' dir='ltr' id='par_1_54' title="bbox 2259 2484 3848 2565">
     <span class='ocr_line' id='line_1_54' title="bbox 2259 2484 3848 2565; baseline -0.008 -18"><span class='ocrx_word' id='word_1_389' title='bbox 2259 2494 2544 2565; x_wconf 85' lang='grc' dir='ltr'>λεγόμενα,</span> <span class='ocrx_word' id='word_1_390' title='bbox 2574 2493 2635 2546; x_wconf 81' lang='grc' dir='ltr'><strong>τὸ</strong></span> <span class='ocrx_word' id='word_1_391' title='bbox 2659 2489 2775 2544; x_wconf 76' lang='grc' dir='ltr'>ἶσον</span> <span class='ocrx_word' id='word_1_392' title='bbox 2797 2491 2930 2562; x_wconf 85' lang='grc' dir='ltr'>ἕχει,</span> <span class='ocrx_word' id='word_1_393' title='bbox 2957 2491 3056 2544; x_wconf 84' lang='grc' dir='ltr'>κᾶν</span> <span class='ocrx_word' id='word_1_394' title='bbox 3085 2507 3168 2553; x_wconf 90' lang='grc' dir='ltr'><strong>τις</strong></span> <span class='ocrx_word' id='word_1_395' title='bbox 3194 2489 3390 2559; x_wconf 82' lang='grc' dir='ltr'>διεξείη</span> <span class='ocrx_word' id='word_1_396' title='bbox 3412 2485 3748 2556; x_wconf 72' lang='grc' dir='ltr'>δημοσιεύων</span> <span class='ocrx_word' id='word_1_397' title='bbox 3768 2484 3848 2535; x_wconf 67' lang='grc' dir='ltr'>τὰ</span> 
     </span>
    </p>
   </div>
   <div class='ocr_carea' id='block_1_55' title="bbox 2261 2575 3846 2653">
    <p class='ocr_par' dir='ltr' id='par_1_55' title="bbox 2261 2575 3846 2653">
     <span class='ocr_line' id='line_1_55' title="bbox 2261 2575 3846 2653; baseline -0.008 -16"><span class='ocrx_word' id='word_1_398' title='bbox 2261 2583 2488 2653; x_wconf 86' lang='grc' dir='ltr'>κρύφια,</span> <span class='ocrx_word' id='word_1_399' title='bbox 2525 2583 2628 2636; x_wconf 82' lang='grc' dir='ltr'>κᾶν</span> <span class='ocrx_word' id='word_1_400' title='bbox 2669 2582 3036 2650; x_wconf 81' lang='grc' dir='ltr'>συγκαλύπτει</span> <span class='ocrx_word' id='word_1_401' title='bbox 3079 2583 3145 2651; x_wconf 86' lang='grc' dir='ltr'>τῇ</span> <span class='ocrx_word' id='word_1_402' title='bbox 3193 2582 3369 2648; x_wconf 82' lang='grc' dir='ltr'>σιωπῇ</span> <span class='ocrx_word' id='word_1_403' title='bbox 3414 2576 3482 2630; x_wconf 77' lang='grc' dir='ltr'>τὰ</span> <span class='ocrx_word' id='word_1_404' title='bbox 3518 2575 3846 2644; x_wconf 73' lang='grc' dir='ltr'>ἀπόρρητα,</span> 
     </span>
    </p>
   </div>
   <div class='ocr_carea' id='block_1_56' title="bbox 2259 2665 3847 2744">
    <p class='ocr_par' dir='ltr' id='par_1_56' title="bbox 2259 2665 3847 2744">
     <span class='ocr_line' id='line_1_56' title="bbox 2259 2665 3847 2744; baseline -0.007 -17"><span class='ocrx_word' id='word_1_405' title='bbox 2259 2675 2319 2728; x_wconf 86' lang='grc' dir='ltr'><strong>τὸ</strong></span> <span class='ocrx_word' id='word_1_406' title='bbox 2345 2675 2434 2727; x_wconf 86' lang='grc' dir='ltr'>διὰ</span> <span class='ocrx_word' id='word_1_407' title='bbox 2475 2675 2677 2737; x_wconf 84' lang='grc' dir='ltr'>πάθους</span> <span class='ocrx_word' id='word_1_408' title='bbox 2711 2673 2959 2744; x_wconf 80' lang='grc' dir='ltr'>προϊέναι</span> <span class='ocrx_word' id='word_1_409' title='bbox 2988 2673 3084 2744; x_wconf 83' lang='grc' dir='ltr'><strong>τὴν</strong></span> <span class='ocrx_word' id='word_1_410' title='bbox 3117 2672 3276 2740; x_wconf 76' lang='grc' dir='ltr'>φύσιν</span> <span class='ocrx_word' id='word_1_411' title='bbox 3306 2669 3462 2740; x_wconf 79' lang='grc' dir='ltr'>ἡμῶν</span> <span class='ocrx_word' id='word_1_412' title='bbox 3502 2669 3600 2720; x_wconf 84' lang='grc' dir='ltr'><strong>οὑκ</strong></span> <span class='ocrx_word' id='word_1_413' title='bbox 3638 2665 3847 2735; x_wconf 66' lang='grc' dir='ltr'>ἠγνοή-</span> 
     </span>
    </p>
   </div>
   <div class='ocr_carea' id='block_1_57' title="bbox 2261 2758 3846 2839">
    <p class='ocr_par' dir='ltr' id='par_1_57' title="bbox 2261 2758 3846 2839">
     <span class='ocr_line' id='line_1_57' title="bbox 2261 2758 3846 2839; baseline -0.006 -21"><span class='ocrx_word' id='word_1_414' title='bbox 2261 2783 2466 2837; x_wconf 72' lang='grc' dir='ltr'>σαμενο</span> <span class='ocrx_word' id='word_1_415' title='bbox 2501 2765 2768 2836; x_wconf 76' lang='grc' dir='ltr'>ζητοῦμεν</span> <span class='ocrx_word' id='word_1_416' title='bbox 2805 2765 2861 2818; x_wconf 81' lang='grc' dir='ltr'><strong>δὲ</strong></span> <span class='ocrx_word' id='word_1_417' title='bbox 2895 2765 3023 2839; x_wconf 73' lang='grc' dir='ltr'>περὶ</span> <span class='ocrx_word' id='word_1_418' title='bbox 3052 2764 3149 2833; x_wconf 88' lang='grc' dir='ltr'><strong>τῆς</strong></span> <span class='ocrx_word' id='word_1_419' title='bbox 3191 2761 3400 2832; x_wconf 76' lang='grc' dir='ltr'>ὑψηλῆς</span> <span class='ocrx_word' id='word_1_420' title='bbox 3433 2760 3527 2813; x_wconf 74' lang='grc' dir='ltr'><strong>καὶ</strong></span> <span class='ocrx_word' id='word_1_421' title='bbox 3557 2758 3846 2829; x_wconf 78' lang='grc' dir='ltr'>ἁφράστου</span> 
     </span>
    </p>
   </div>
   <div class='ocr_carea' id='block_1_58' title="bbox 2261 2847 3845 2928">
    <p class='ocr_par' dir='ltr' id='par_1_58' title="bbox 2261 2847 3845 2928">
     <span class='ocr_line' id='line_1_58' title="bbox 2261 2847 3845 2928; baseline -0.006 -19"><span class='ocrx_word' id='word_1_422' title='bbox 2261 2857 2390 2928; x_wconf 70' lang='grc' dir='ltr'>περὶ</span> <span class='ocrx_word' id='word_1_423' title='bbox 2435 2857 2530 2910; x_wconf 79' lang='grc' dir='ltr'><strong>τοῦ</strong></span> <span class='ocrx_word' id='word_1_424' title='bbox 2576 2855 2909 2923; x_wconf 77' lang='grc' dir='ltr'>Μονογενοῦς</span> <span class='ocrx_word' id='word_1_425' title='bbox 2963 2855 3282 2926; x_wconf 76' lang='grc' dir='ltr'>ὑπάρξεως,</span> <span class='ocrx_word' id='word_1_426' title='bbox 3339 2852 3458 2907; x_wconf 85' lang='grc' dir='ltr'>καθ’</span> <span class='ocrx_word' id='word_1_427' title='bbox 3506 2852 3570 2922; x_wconf 84' lang='grc' dir='ltr'>ἢν</span> <span class='ocrx_word' id='word_1_428' title='bbox 3626 2852 3690 2902; x_wconf 80' lang='grc' dir='ltr'>ἐκ</span> <span class='ocrx_word' id='word_1_429' title='bbox 3742 2847 3845 2900; x_wconf 73' lang='grc' dir='ltr'>τοῦ</span> 
     </span>
    </p>
   </div>
   <div class='ocr_carea' id='block_1_59' title="bbox 2263 2942 3760 3018">
    <p class='ocr_par' dir='ltr' id='par_1_59' title="bbox 2263 2942 3760 3018">
     <span class='ocr_line' id='line_1_59' title="bbox 2263 2942 3760 3018; baseline -0.007 -18"><span class='ocrx_word' id='word_1_430' title='bbox 2263 2947 2474 3018; x_wconf 83' lang='grc' dir='ltr'>Πατρδς</span> <span class='ocrx_word' id='word_1_431' title='bbox 2497 2942 2634 3000; x_wconf 77' lang='grc' dir='ltr'>εἶναι</span> <span class='ocrx_word' id='word_1_432' title='bbox 2659 2946 3035 3006; x_wconf 82' lang='grc' dir='ltr'>πεπίστευται,</span> <span class='ocrx_word' id='word_1_433' title='bbox 3061 2945 3454 3016; x_wconf 78' lang='grc' dir='ltr'>σαφηνισθῆναι</span> <span class='ocrx_word' id='word_1_434' title='bbox 3474 2944 3564 2995; x_wconf 87' lang='grc' dir='ltr'><strong>τὸν</strong></span> <span class='ocrx_word' id='word_1_435' title='bbox 3585 2943 3760 3008; x_wconf 84' lang='grc' dir='ltr'>λόγον.</span> 
     </span>
    </p>
   </div>
   <div class='ocr_carea' id='block_1_60' title="bbox 572 3032 3847 3110">
    <p class='ocr_par' dir='ltr' id='par_1_60' title="bbox 572 3032 3847 3110">
     <span class='ocr_line' id='line_1_60' title="bbox 572 3032 3847 3110; baseline -0.004 -17"><span class='ocrx_word' id='word_1_436' title='bbox 572 3047 818 3095; x_wconf 83' lang='lat' dir='ltr'><strong>nostram</strong></span> <span class='ocrx_word' id='word_1_437' title='bbox 857 3039 1048 3095; x_wconf 72' lang='lat' dir='ltr'><strong>all‘ectu</strong></span> <span class='ocrx_word' id='word_1_438' title='bbox 1077 3040 1192 3096; x_wconf 89' lang='lat' dir='ltr'><strong>sive</strong></span> <span class='ocrx_word' id='word_1_439' title='bbox 1223 3041 1464 3108; x_wconf 79' lang='lat' dir='ltr'><strong>appetitu</strong></span> <span class='ocrx_word' id='word_1_440' title='bbox 1499 3037 1627 3093; x_wconf 82' lang='lat' dir='ltr'><strong>ferri</strong></span> <span class='ocrx_word' id='word_1_441' title='bbox 1667 3055 1779 3094; x_wconf 89' lang='lat' dir='ltr'><strong>non</strong></span> <span class='ocrx_word' id='word_1_442' title='bbox 1813 3039 2151 3110; x_wconf 88' lang='lat' dir='ltr'><strong>ignoramus.</strong></span> <span class='ocrx_word' id='word_1_443' title='bbox 2193 3036 2502 3104; x_wconf 70' lang='lat' dir='ltr'><strong>Quaerimus</strong></span> <span class='ocrx_word' id='word_1_444' title='bbox 2549 3045 2732 3090; x_wconf 85' lang='lat' dir='ltr'><strong>autem</strong></span> <span class='ocrx_word' id='word_1_445' title='bbox 2806 3043 2864 3088; x_wconf 91' lang='lat' dir='ltr'><strong>ut</strong></span> <span class='ocrx_word' id='word_1_446' title='bbox 2919 3037 3092 3088; x_wconf 85' lang='lat' dir='ltr'><strong>oratio</strong></span> <span class='ocrx_word' id='word_1_447' title='bbox 3169 3042 3354 3103; x_wconf 87' lang='lat' dir='ltr'><strong>aperte</strong></span> <span class='ocrx_word' id='word_1_448' title='bbox 3397 3041 3591 3086; x_wconf 78' lang='lat' dir='ltr'><strong>tractet</strong></span> <span class='ocrx_word' id='word_1_449' title='bbox 3638 3032 3706 3086; x_wconf 87' lang='lat' dir='ltr'><strong>de</strong></span> <span class='ocrx_word' id='word_1_450' title='bbox 3748 3033 3847 3087; x_wconf 70' lang='lat' dir='ltr'><strong>ilia</strong></span> 
     </span>
    </p>
   </div>
   <div class='ocr_carea' id='block_1_61' title="bbox 571 3128 3675 3201">
    <p class='ocr_par' dir='ltr' id='par_1_61' title="bbox 571 3128 3675 3201">
     <span class='ocr_line' id='line_1_61' title="bbox 571 3128 3675 3201; baseline -0.003 -15"><span class='ocrx_word' id='word_1_451' title='bbox 571 3135 787 3187; x_wconf 81' lang='lat' dir='ltr'><strong>excelsa</strong></span> <span class='ocrx_word' id='word_1_452' title='bbox 821 3141 876 3188; x_wconf 86' lang='lat' dir='ltr'><strong>et</strong></span> <span class='ocrx_word' id='word_1_453' title='bbox 908 3149 1018 3187; x_wconf 90' lang='lat' dir='ltr'><strong>non</strong></span> <span class='ocrx_word' id='word_1_454' title='bbox 1057 3131 1348 3186; x_wconf 89' lang='lat' dir='ltr'><strong>enarrabili</strong></span> <span class='ocrx_word' id='word_1_455' title='bbox 1385 3131 1648 3201; x_wconf 84' lang='lat' dir='ltr'><strong>unigeniti</strong></span> <span class='ocrx_word' id='word_1_456' title='bbox 1678 3131 1771 3186; x_wconf 90' lang='lat' dir='ltr'><strong>Dei</strong></span> <span class='ocrx_word' id='word_1_457' title='bbox 1802 3133 2142 3197; x_wconf 82' lang='lat' dir='ltr'><strong>exsistentia,</strong></span> <span class='ocrx_word' id='word_1_458' title='bbox 2185 3129 2488 3186; x_wconf 91' lang='lat' dir='ltr'><strong>secundum</strong></span> <span class='ocrx_word' id='word_1_459' title='bbox 2522 3145 2686 3201; x_wconf 87' lang='lat' dir='ltr'><strong>quam</strong></span> <span class='ocrx_word' id='word_1_460' title='bbox 2714 3144 2779 3183; x_wconf 80' lang='lat' dir='ltr'><strong>ex</strong></span> <span class='ocrx_word' id='word_1_461' title='bbox 2818 3128 2925 3181; x_wconf 68' lang='lat' dir='ltr'><strong>lleo</strong></span> <span class='ocrx_word' id='word_1_462' title='bbox 2963 3128 3120 3180; x_wconf 85' lang='lat' dir='ltr'><strong>Patre</strong></span> <span class='ocrx_word' id='word_1_463' title='bbox 3155 3143 3276 3182; x_wconf 86' lang='lat' dir='ltr'><strong>esse</strong></span> <span class='ocrx_word' id='word_1_464' title='bbox 3310 3128 3549 3180; x_wconf 83' lang='lat' dir='ltr'><strong>creditus</strong></span> <span class='ocrx_word' id='word_1_465' title='bbox 3573 3136 3675 3181; x_wconf 88' lang='lat' dir='ltr'><strong>cst.</strong></span> 
     </span>
    </p>
   </div>
   <div class='ocr_carea' id='block_1_62' title="bbox 642 3219 2153 3294">
    <p class='ocr_par' dir='ltr' id='par_1_62' title="bbox 642 3222 2149 3294">
     <span class='ocr_line' id='line_1_62' title="bbox 642 3222 2149 3294; baseline 0.002 -16"><span class='ocrx_word' id='word_1_466' title='bbox 642 3224 829 3294; x_wconf 81' lang='lat' dir='ltr'><strong>Itaque</strong></span> <span class='ocrx_word' id='word_1_467' title='bbox 875 3238 1000 3278; x_wconf 92' lang='lat' dir='ltr'><strong>cum</strong></span> <span class='ocrx_word' id='word_1_468' title='bbox 1049 3222 1165 3277; x_wconf 80' lang='lat' dir='ltr'><strong>haec</strong></span> <span class='ocrx_word' id='word_1_469' title='bbox 1196 3224 1267 3277; x_wconf 92' lang='lat' dir='ltr'><strong>sit</strong></span> <span class='ocrx_word' id='word_1_470' title='bbox 1305 3223 1585 3292; x_wconf 90' lang='lat' dir='ltr'><strong>proposita</strong></span> <span class='ocrx_word' id='word_1_471' title='bbox 1619 3223 1925 3293; x_wconf 90' lang='lat' dir='ltr'><strong>inquisitio,</strong></span> <span class='ocrx_word' id='word_1_472' title='bbox 1976 3239 2149 3281; x_wconf 91' lang='lat' dir='ltr'><strong>novus</strong></span> 
     </span>
    </p>
   </div>
   <div class='ocr_carea' id='block_1_63' title="bbox 2258 3219 3847 3294">
    <p class='ocr_par' dir='ltr' id='par_1_63' title="bbox 2321 3219 3847 3292">
     <span class='ocr_line' id='line_1_63' title="bbox 2321 3219 3847 3292; baseline -0.003 -16"><span class='ocrx_word' id='word_1_473' title='bbox 2321 3223 2538 3292; x_wconf 83' lang='grc' dir='ltr'>Ταύτης</span> <span class='ocrx_word' id='word_1_474' title='bbox 2564 3219 2741 3274; x_wconf 88' lang='grc' dir='ltr'>τοίνυν</span> <span class='ocrx_word' id='word_1_475' title='bbox 2769 3221 3135 3291; x_wconf 78' lang='grc' dir='ltr'>προκειμένης</span> <span class='ocrx_word' id='word_1_476' title='bbox 3172 3221 3268 3290; x_wconf 86' lang='grc' dir='ltr'><strong>τῆς</strong></span> <span class='ocrx_word' id='word_1_477' title='bbox 3298 3219 3618 3284; x_wconf 78' lang='grc' dir='ltr'>ἐξετάσεως,</span> <span class='ocrx_word' id='word_1_478' title='bbox 3656 3221 3685 3272; x_wconf 88' lang='grc' dir='ltr'>ὁ</span> <span class='ocrx_word' id='word_1_479' title='bbox 3712 3239 3847 3272; x_wconf 72' lang='grc' dir='ltr'>και-</span> 
     </span>
    </p>
   </div>
   <div class='ocr_carea' id='block_1_64' title="bbox 571 3313 2154 3385">
    <p class='ocr_par' dir='ltr' id='par_1_64' title="bbox 571 3313 2154 3385">
     <span class='ocr_line' id='line_1_64' title="bbox 571 3313 2154 3385; baseline -0.001 -13"><span class='ocrx_word' id='word_1_480' title='bbox 571 3321 675 3374; x_wconf 88' lang='lat' dir='ltr'><strong>iste</strong></span> <span class='ocrx_word' id='word_1_481' title='bbox 722 3317 1007 3385; x_wconf 86' lang='lat' dir='ltr'><strong>theologus</strong></span> <span class='ocrx_word' id='word_1_482' title='bbox 1045 3313 1255 3369; x_wconf 81' lang='lat' dir='ltr'><strong>ﬂuxum</strong></span> <span class='ocrx_word' id='word_1_483' title='bbox 1310 3324 1364 3370; x_wconf 90' lang='lat' dir='ltr'><strong>et</strong></span> <span class='ocrx_word' id='word_1_484' title='bbox 1419 3314 1671 3371; x_wconf 77' lang='lat' dir='ltr'><strong>affectum</strong></span> <span class='ocrx_word' id='word_1_485' title='bbox 1727 3323 1780 3370; x_wconf 89' lang='lat' dir='ltr'><strong>et</strong></span> <span class='ocrx_word' id='word_1_486' title='bbox 1820 3317 2154 3372; x_wconf 88' lang='lat' dir='ltr'><strong>materialem</strong></span> 
     </span>
    </p>
   </div>
   <div class='ocr_carea' id='block_1_65' title="bbox 571 3407 2156 3476">
    <p class='ocr_par' dir='ltr' id='par_1_65' title="bbox 571 3407 2156 3476">
     <span class='ocr_line' id='line_1_65' title="bbox 571 3407 2156 3476; baseline -0.001 -12"><span class='ocrx_word' id='word_1_487' title='bbox 571 3423 793 3464; x_wconf 82' lang='lat' dir='ltr'><strong>causam</strong></span> <span class='ocrx_word' id='word_1_488' title='bbox 810 3414 862 3462; x_wconf 90' lang='lat' dir='ltr'><strong>et</strong></span> <span class='ocrx_word' id='word_1_489' title='bbox 889 3407 1220 3462; x_wconf 73' lang='lat' dir='ltr'><strong>iunctionem</strong></span> <span class='ocrx_word' id='word_1_490' title='bbox 1238 3407 1528 3476; x_wconf 85' lang='lat' dir='ltr'><strong>quamdam</strong></span> <span class='ocrx_word' id='word_1_491' title='bbox 1554 3407 1811 3464; x_wconf 88' lang='lat' dir='ltr'><strong>sordibus</strong></span> <span class='ocrx_word' id='word_1_492' title='bbox 1829 3423 1938 3463; x_wconf 89' lang='lat' dir='ltr'><strong>non</strong></span> <span class='ocrx_word' id='word_1_493' title='bbox 1965 3423 2156 3464; x_wconf 91' lang='lat' dir='ltr'><strong>caren-</strong></span> 
     </span>
    </p>
   </div>
   <div class='ocr_carea' id='block_1_66' title="bbox 571 3497 2154 3569">
    <p class='ocr_par' dir='ltr' id='par_1_66' title="bbox 571 3497 2154 3569">
     <span class='ocr_line' id='line_1_66' title="bbox 571 3497 2154 3569; baseline -0.002 -15"><span class='ocrx_word' id='word_1_494' title='bbox 571 3511 700 3565; x_wconf 89' lang='lat' dir='ltr'><strong>tem,</strong></span> <span class='ocrx_word' id='word_1_495' title='bbox 733 3509 785 3553; x_wconf 92' lang='lat' dir='ltr'><strong>et</strong></span> <span class='ocrx_word' id='word_1_496' title='bbox 810 3497 1158 3554; x_wconf 82' lang='lat' dir='ltr'><strong>extrinsecus</strong></span> <span class='ocrx_word' id='word_1_497' title='bbox 1200 3497 1508 3552; x_wconf 83' lang='lat' dir='ltr'><strong>amuentem</strong></span> <span class='ocrx_word' id='word_1_498' title='bbox 1556 3498 1781 3553; x_wconf 90' lang='lat' dir='ltr'><strong>seminis</strong></span> <span class='ocrx_word' id='word_1_499' title='bbox 1811 3498 2154 3569; x_wconf 87' lang='lat' dir='ltr'><strong>largitionem</strong></span> 
     </span>
    </p>
   </div>
   <div class='ocr_carea' id='block_1_67' title="bbox 571 3586 2154 3660">
    <p class='ocr_par' dir='ltr' id='par_1_67' title="bbox 571 3586 2154 3660">
     <span class='ocr_line' id='line_1_67' title="bbox 571 3586 2154 3660; baseline -0.004 -15"><span class='ocrx_word' id='word_1_500' title='bbox 571 3591 866 3660; x_wconf 89' lang='lat' dir='ltr'><strong>omniaque</strong></span> <span class='ocrx_word' id='word_1_501' title='bbox 915 3588 1230 3658; x_wconf 87' lang='lat' dir='ltr'><strong>hujusmodi</strong></span> <span class='ocrx_word' id='word_1_502' title='bbox 1292 3587 1417 3640; x_wconf 87' lang='lat' dir='ltr'><strong>huic</strong></span> <span class='ocrx_word' id='word_1_503' title='bbox 1473 3587 1709 3643; x_wconf 90' lang='lat' dir='ltr'><strong>sermoni</strong></span> <span class='ocrx_word' id='word_1_504' title='bbox 1755 3586 1964 3656; x_wconf 89' lang='lat' dir='ltr'><strong>adjicit.</strong></span> <span class='ocrx_word' id='word_1_505' title='bbox 2000 3586 2154 3640; x_wconf 89' lang='lat' dir='ltr'><strong>llaud</strong></span> 
     </span>
    </p>
   </div>
   <div class='ocr_carea' id='block_1_68' title="bbox 572 3677 2151 3751">
    <p class='ocr_par' dir='ltr' id='par_1_68' title="bbox 572 3677 2151 3751">
     <span class='ocr_line' id='line_1_68' title="bbox 572 3677 2151 3751; baseline -0.004 -14"><span class='ocrx_word' id='word_1_506' title='bbox 572 3683 688 3737; x_wconf 88' lang='lat' dir='ltr'><strong>scio</strong></span> <span class='ocrx_word' id='word_1_507' title='bbox 737 3681 870 3751; x_wconf 92' lang='lat' dir='ltr'><strong>quid</strong></span> <span class='ocrx_word' id='word_1_508' title='bbox 919 3681 968 3736; x_wconf 90' lang='lat' dir='ltr'><strong>ei</strong></span> <span class='ocrx_word' id='word_1_509' title='bbox 1020 3678 1304 3744; x_wconf 86' lang='lat' dir='ltr'><strong>acciderit,</strong></span> <span class='ocrx_word' id='word_1_510' title='bbox 1347 3679 1443 3748; x_wconf 89' lang='lat' dir='ltr'><strong>qui</strong></span> <span class='ocrx_word' id='word_1_511' title='bbox 1499 3679 1571 3733; x_wconf 80' lang='lat' dir='ltr'><strong>ob</strong></span> <span class='ocrx_word' id='word_1_512' title='bbox 1599 3679 1822 3733; x_wconf 89' lang='lat' dir='ltr'><strong>nimiam</strong></span> <span class='ocrx_word' id='word_1_513' title='bbox 1865 3677 2151 3733; x_wconf 89' lang='lat' dir='ltr'><strong>scientiam</strong></span> 
     </span>
    </p>
   </div>
   <div class='ocr_carea' id='block_1_69' title="bbox 571 3770 2149 3840">
    <p class='ocr_par' dir='ltr' id='par_1_69' title="bbox 571 3770 2149 3840">
     <span class='ocr_line' id='line_1_69' title="bbox 571 3770 2149 3840; baseline -0.003 -13"><span class='ocrx_word' id='word_1_514' title='bbox 571 3772 709 3828; x_wconf 88' lang='lat' dir='ltr'><strong>nihil</strong></span> <span class='ocrx_word' id='word_1_515' title='bbox 731 3787 921 3827; x_wconf 91' lang='lat' dir='ltr'><strong>eorum</strong></span> <span class='ocrx_word' id='word_1_516' title='bbox 951 3785 1074 3840; x_wconf 68' lang='lat' dir='ltr'><strong>quae</strong></span> <span class='ocrx_word' id='word_1_517' title='bbox 1104 3770 1490 3835; x_wconf 87' lang='lat' dir='ltr'><strong>comprehendi</strong></span> <span class='ocrx_word' id='word_1_518' title='bbox 1520 3775 1798 3840; x_wconf 88' lang='lat' dir='ltr'><strong>nequeunt</strong></span> <span class='ocrx_word' id='word_1_519' title='bbox 1820 3777 1972 3824; x_wconf 85' lang='lat' dir='ltr'><strong>extra</strong></span> <span class='ocrx_word' id='word_1_520' title='bbox 1995 3784 2149 3824; x_wconf 90' lang='lat' dir='ltr'><strong>suam</strong></span> 
     </span>
    </p>
   </div>
   <div class='ocr_carea' id='block_1_70' title="bbox 574 3859 2148 3932">
    <p class='ocr_par' dir='ltr' id='par_1_70' title="bbox 574 3859 2148 3932">
     <span class='ocr_line' id='line_1_70' title="bbox 574 3859 2148 3932; baseline -0.001 -17"><span class='ocrx_word' id='word_1_521' title='bbox 574 3863 942 3932; x_wconf 89' lang='lat' dir='ltr'><strong>cognitionem</strong></span> <span class='ocrx_word' id='word_1_522' title='bbox 979 3861 1229 3915; x_wconf 87' lang='lat' dir='ltr'><strong>relictum</strong></span> <span class='ocrx_word' id='word_1_523' title='bbox 1261 3875 1381 3916; x_wconf 90' lang='lat' dir='ltr'><strong>esse</strong></span> <span class='ocrx_word' id='word_1_524' title='bbox 1415 3860 1702 3930; x_wconf 88' lang='lat' dir='ltr'><strong>gloriatur,</strong></span> <span class='ocrx_word' id='word_1_525' title='bbox 1737 3871 1790 3915; x_wconf 89' lang='lat' dir='ltr'><strong>et</strong></span> <span class='ocrx_word' id='word_1_526' title='bbox 1823 3859 2148 3915; x_wconf 69' lang='lat' dir='ltr'><strong>ineﬂ‘abilem</strong></span> 
     </span>
    </p>
   </div>
   <div class='ocr_carea' id='block_1_71' title="bbox 572 3952 2151 4024">
    <p class='ocr_par' dir='ltr' id='par_1_71' title="bbox 572 3952 2151 4024">
     <span class='ocr_line' id='line_1_71' title="bbox 572 3952 2151 4024; baseline -0.002 -15"><span class='ocrx_word' id='word_1_527' title='bbox 572 3954 692 4009; x_wconf 85' lang='lat' dir='ltr'><strong>Filii</strong></span> <span class='ocrx_word' id='word_1_528' title='bbox 723 3955 1130 4024; x_wconf 83' lang='lat' dir='ltr'><strong>generationem</strong></span> <span class='ocrx_word' id='word_1_529' title='bbox 1167 3968 1226 4007; x_wconf 88' lang='lat' dir='ltr'><strong>se</strong></span> <span class='ocrx_word' id='word_1_530' title='bbox 1252 3952 1600 4023; x_wconf 90' lang='lat' dir='ltr'><strong>interpretari</strong></span> <span class='ocrx_word' id='word_1_531' title='bbox 1631 3952 1934 4022; x_wconf 80' lang='lat' dir='ltr'><strong>profitetur,</strong></span> <span class='ocrx_word' id='word_1_532' title='bbox 1975 3969 2003 4005; x_wconf 89' lang='lat' dir='ltr'><strong>a</strong></span> <span class='ocrx_word' id='word_1_533' title='bbox 2025 3967 2151 4020; x_wconf 92' lang='lat' dir='ltr'><strong>pro-</strong></span> 
     </span>
    </p>
   </div>
   <div class='ocr_carea' id='block_1_72' title="bbox 571 4037 2150 4118">
    <p class='ocr_par' dir='ltr' id='par_1_72' title="bbox 571 4037 2150 4118">
     <span class='ocr_line' id='line_1_72' title="bbox 571 4037 2150 4118; baseline -0.003 -15"><span class='ocrx_word' id='word_1_534' title='bbox 571 4049 765 4118; x_wconf 88' lang='lat' dir='ltr'><strong>positis</strong></span> <span class='ocrx_word' id='word_1_535' title='bbox 805 4048 969 4101; x_wconf 86' lang='lat' dir='ltr'><strong>rcbus</strong></span> <span class='ocrx_word' id='word_1_536' title='bbox 1002 4046 1313 4108; x_wconf 86' lang='lat' dir='ltr'><strong>discedens,</strong></span> <span class='ocrx_word' id='word_1_537' title='bbox 1369 4046 1621 4116; x_wconf 68' lang='lat' dir='ltr'><strong>anguilla:</strong></span> <span class='ocrx_word' id='word_1_538' title='bbox 1657 4037 1847 4100; x_wconf 79' lang='lat' dir='ltr'><strong>instar</strong></span> <span class='ocrx_word' id='word_1_539' title='bbox 1904 4045 2150 4100; x_wconf 82' lang='lat' dir='ltr'><strong>feculen-</strong></span> 
     </span>
    </p>
   </div>
   <div class='ocr_carea' id='block_1_73' title="bbox 571 4138 2152 4208">
    <p class='ocr_par' dir='ltr' id='par_1_73' title="bbox 571 4138 2152 4208">
     <span class='ocr_line' id='line_1_73' title="bbox 571 4138 2152 4208; baseline -0.002 -15"><span class='ocrx_word' id='word_1_540' title='bbox 571 4150 682 4194; x_wconf 89' lang='lat' dir='ltr'><strong>tttm</strong></span> <span class='ocrx_word' id='word_1_541' title='bbox 720 4141 891 4193; x_wconf 87' lang='lat' dir='ltr'><strong>lutum</strong></span> <span class='ocrx_word' id='word_1_542' title='bbox 923 4148 977 4193; x_wconf 87' lang='lat' dir='ltr'><strong>et</strong></span> <span class='ocrx_word' id='word_1_543' title='bbox 1015 4153 1230 4193; x_wconf 76' lang='lat' dir='ltr'><strong>ctenum</strong></span> <span class='ocrx_word' id='word_1_544' title='bbox 1274 4139 1600 4192; x_wconf 85' lang='lat' dir='ltr'><strong>vilissimum</strong></span> <span class='ocrx_word' id='word_1_545' title='bbox 1647 4139 2035 4208; x_wconf 83' lang='lat' dir='ltr'><strong>cogitationum</strong></span> <span class='ocrx_word' id='word_1_546' title='bbox 2069 4138 2152 4190; x_wconf 89' lang='lat' dir='ltr'><strong>Iu-</strong></span> 
     </span>
    </p>
   </div>
   <div class='ocr_carea' id='block_1_74' title="bbox 571 4227 2150 4299">
    <p class='ocr_par' dir='ltr' id='par_1_74' title="bbox 571 4227 2150 4299">
     <span class='ocr_line' id='line_1_74' title="bbox 571 4227 2150 4299; baseline -0.001 -13"><span class='ocrx_word' id='word_1_547' title='bbox 571 4233 758 4286; x_wconf 87' lang='lat' dir='ltr'><strong>bricns</strong></span> <span class='ocrx_word' id='word_1_548' title='bbox 797 4232 965 4294; x_wconf 89' lang='lat' dir='ltr'><strong>subit,</strong></span> <span class='ocrx_word' id='word_1_549' title='bbox 1001 4246 1110 4285; x_wconf 91' lang='lat' dir='ltr'><strong>non</strong></span> <span class='ocrx_word' id='word_1_550' title='bbox 1142 4245 1303 4285; x_wconf 89' lang='lat' dir='ltr'><strong>secus</strong></span> <span class='ocrx_word' id='word_1_551' title='bbox 1331 4245 1490 4299; x_wconf 89' lang='lat' dir='ltr'><strong>quam</strong></span> <span class='ocrx_word' id='word_1_552' title='bbox 1522 4230 1613 4284; x_wconf 87' lang='lat' dir='ltr'><strong>ille</strong></span> <span class='ocrx_word' id='word_1_553' title='bbox 1642 4233 1948 4286; x_wconf 88' lang='lat' dir='ltr'><strong>nocturnus</strong></span> <span class='ocrx_word' id='word_1_554' title='bbox 1982 4227 2150 4284; x_wconf 89' lang='lat' dir='ltr'><strong>Nico-</strong></span> 
     </span>
    </p>
   </div>
   <div class='ocr_carea' id='block_1_75' title="bbox 573 4318 2148 4389">
    <p class='ocr_par' dir='ltr' id='par_1_75' title="bbox 573 4318 2148 4389">
     <span class='ocr_line' id='line_1_75' title="bbox 573 4318 2148 4389; baseline -0.002 -15"><span class='ocrx_word' id='word_1_555' title='bbox 573 4324 763 4375; x_wconf 83' lang='lat' dir='ltr'><strong>demus</strong></span> <span class='ocrx_word' id='word_1_556' title='bbox 811 4319 906 4389; x_wconf 91' lang='lat' dir='ltr'><strong>qui</strong></span> <span class='ocrx_word' id='word_1_557' title='bbox 938 4335 1062 4373; x_wconf 90' lang='lat' dir='ltr'><strong>cum</strong></span> <span class='ocrx_word' id='word_1_558' title='bbox 1093 4334 1123 4373; x_wconf 92' lang='lat' dir='ltr'><strong>a</strong></span> <span class='ocrx_word' id='word_1_559' title='bbox 1152 4318 1383 4373; x_wconf 90' lang='lat' dir='ltr'><strong>Domino</strong></span> <span class='ocrx_word' id='word_1_560' title='bbox 1418 4333 1708 4388; x_wconf 84' lang='lat' dir='ltr'><strong>supernam</strong></span> <span class='ocrx_word' id='word_1_561' title='bbox 1744 4318 2148 4388; x_wconf 88' lang='lat' dir='ltr'><strong>generationem</strong></span> 
     </span>
    </p>
   </div>
   <div class='ocr_carea' id='block_1_76' title="bbox 569 4411 2149 4480">
    <p class='ocr_par' dir='ltr' id='par_1_76' title="bbox 569 4411 2149 4480">
     <span class='ocr_line' id='line_1_76' title="bbox 569 4411 2149 4480; baseline -0.002 -13"><span class='ocrx_word' id='word_1_562' title='bbox 569 4415 881 4477; x_wconf 89' lang='lat' dir='ltr'><strong>doceretur,</strong></span> <span class='ocrx_word' id='word_1_563' title='bbox 916 4412 984 4466; x_wconf 89' lang='lat' dir='ltr'><strong>ad</strong></span> <span class='ocrx_word' id='word_1_564' title='bbox 1017 4427 1134 4465; x_wconf 90' lang='lat' dir='ltr'><strong>eam</strong></span> <span class='ocrx_word' id='word_1_565' title='bbox 1165 4427 1286 4480; x_wconf 65' lang='lat' dir='ltr'><strong>qttaa</strong></span> <span class='ocrx_word' id='word_1_566' title='bbox 1317 4411 1376 4465; x_wconf 86' lang='lat' dir='ltr'><strong>ﬁt</strong></span> <span class='ocrx_word' id='word_1_567' title='bbox 1416 4412 1473 4465; x_wconf 89' lang='lat' dir='ltr'><strong>in</strong></span> <span class='ocrx_word' id='word_1_568' title='bbox 1505 4413 1641 4466; x_wconf 87' lang='lat' dir='ltr'><strong>uteri</strong></span> <span class='ocrx_word' id='word_1_569' title='bbox 1672 4412 1907 4472; x_wconf 84' lang='lat' dir='ltr'><strong>sinibus,</strong></span> <span class='ocrx_word' id='word_1_570' title='bbox 1940 4413 2149 4476; x_wconf 78' lang='lat' dir='ltr'><strong>cogita-</strong></span> 
     </span>
    </p>
   </div>
   <div class='ocr_carea' id='block_1_77' title="bbox 569 4500 2146 4571">
    <p class='ocr_par' dir='ltr' id='par_1_77' title="bbox 569 4500 2146 4571">
     <span class='ocr_line' id='line_1_77' title="bbox 569 4500 2146 4571; baseline -0.004 -13"><span class='ocrx_word' id='word_1_571' title='bbox 569 4503 812 4558; x_wconf 88' lang='lat' dir='ltr'><strong>tionibus</strong></span> <span class='ocrx_word' id='word_1_572' title='bbox 840 4502 1180 4566; x_wconf 86' lang='lat' dir='ltr'><strong>trahebatur,</strong></span> <span class='ocrx_word' id='word_1_573' title='bbox 1214 4508 1268 4556; x_wconf 86' lang='lat' dir='ltr'><strong>et</strong></span> <span class='ocrx_word' id='word_1_574' title='bbox 1297 4501 1573 4571; x_wconf 89' lang='lat' dir='ltr'><strong>quomodo</strong></span> <span class='ocrx_word' id='word_1_575' title='bbox 1607 4503 1800 4554; x_wconf 89' lang='lat' dir='ltr'><strong>iterum</strong></span> <span class='ocrx_word' id='word_1_576' title='bbox 1828 4500 1880 4554; x_wconf 92' lang='lat' dir='ltr'><strong>in</strong></span> <span class='ocrx_word' id='word_1_577' title='bbox 1905 4509 2146 4554; x_wconf 85' lang='lat' dir='ltr'><strong>ventrem</strong></span> 
     </span>
    </p>
   </div>
   <div class='ocr_carea' id='block_1_78' title="bbox 571 4593 2147 4665">
    <p class='ocr_par' dir='ltr' id='par_1_78' title="bbox 571 4593 2147 4665">
     <span class='ocr_line' id='line_1_78' title="bbox 571 4593 2147 4665; baseline -0.003 -15"><span class='ocrx_word' id='word_1_578' title='bbox 571 4597 762 4650; x_wconf 87' lang='lat' dir='ltr'><strong>matris</strong></span> <span class='ocrx_word' id='word_1_579' title='bbox 797 4594 1199 4665; x_wconf 88' lang='lat' dir='ltr'><strong>ingrederetur,</strong></span> <span class='ocrx_word' id='word_1_580' title='bbox 1219 4593 1524 4654; x_wconf 88' lang='lat' dir='ltr'><strong>dubitabat,</strong></span> <span class='ocrx_word' id='word_1_581' title='bbox 1551 4594 1739 4648; x_wconf 89' lang='lat' dir='ltr'><strong>dicens</strong></span> <span class='ocrx_word' id='word_1_582' title='bbox 1759 4593 1780 4624; x_wconf 86' lang='grc'>¹</span> <span class='ocrx_word' id='word_1_583' title='bbox 1808 4610 1823 4646; x_wconf 93' lang='lat'><strong>:</strong></span> <span class='ocrx_word' id='word_1_584' title='bbox 1855 4593 1972 4660; x_wconf 85' lang='lat' dir='ltr'><strong>Quo</strong></span> <span class='ocrx_word' id='word_1_585' title='bbox 1995 4604 2147 4663; x_wconf 83' lang='lat' dir='ltr'><strong>pacto</strong></span> 
     </span>
    </p>
   </div>
   <div class='ocr_carea' id='block_1_79' title="bbox 569 4683 2146 4754">
    <p class='ocr_par' dir='ltr' id='par_1_79' title="bbox 569 4683 2146 4754">
     <span class='ocr_line' id='line_1_79' title="bbox 569 4683 2146 4754; baseline -0.001 -15"><span class='ocrx_word' id='word_1_586' title='bbox 569 4689 665 4740; x_wconf 81' lang='lat' dir='ltr'><strong>hoc</strong></span> <span class='ocrx_word' id='word_1_587' title='bbox 692 4695 860 4754; x_wconf 79' lang='lat' dir='ltr'><strong>potest</strong></span> <span class='ocrx_word' id='word_1_588' title='bbox 890 4686 1006 4754; x_wconf 78' lang='lat' dir='ltr'><strong>ﬁeri</strong></span> <span class='ocrx_word' id='word_1_589' title='bbox 1049 4686 1072 4738; x_wconf 88' lang='lat'><strong><em>?</em></strong></span> <span class='ocrx_word' id='word_1_590' title='bbox 1119 4685 1440 4739; x_wconf 79' lang='lat' dir='ltr'><strong>existimans</strong></span> <span class='ocrx_word' id='word_1_591' title='bbox 1488 4683 1614 4753; x_wconf 86' lang='lat' dir='ltr'><strong>quia</strong></span> <span class='ocrx_word' id='word_1_592' title='bbox 1659 4699 1824 4739; x_wconf 85' lang='lat' dir='ltr'><strong>senex</strong></span> <span class='ocrx_word' id='word_1_593' title='bbox 1869 4684 2050 4740; x_wconf 88' lang='lat' dir='ltr'><strong>denuo</strong></span> <span class='ocrx_word' id='word_1_594' title='bbox 2091 4687 2146 4740; x_wconf 87' lang='lat' dir='ltr'><strong>in</strong></span> 
     </span>
    </p>
   </div>
   <div class='ocr_carea' id='block_1_80' title="bbox 569 4775 2148 4854">
    <p class='ocr_par' dir='ltr' id='par_1_80' title="bbox 569 4775 2148 4854">
     <span class='ocr_line' id='line_1_80' title="bbox 569 4775 2148 4854; baseline -0.003 -20"><span class='ocrx_word' id='word_1_595' title='bbox 569 4781 762 4835; x_wconf 84' lang='lat' dir='ltr'><strong>matris</strong></span> <span class='ocrx_word' id='word_1_596' title='bbox 813 4779 1027 4833; x_wconf 89' lang='lat' dir='ltr'><strong>viscera</strong></span> <span class='ocrx_word' id='word_1_597' title='bbox 1076 4776 1310 4848; x_wconf 87' lang='lat' dir='ltr'><strong>ingredi,</strong></span> <span class='ocrx_word' id='word_1_598' title='bbox 1366 4784 1421 4830; x_wconf 92' lang='lat' dir='ltr'><strong>et</strong></span> <span class='ocrx_word' id='word_1_599' title='bbox 1485 4775 1541 4828; x_wconf 93' lang='lat' dir='ltr'><strong>in</strong></span> <span class='ocrx_word' id='word_1_600' title='bbox 1591 4782 1749 4830; x_wconf 90' lang='lat' dir='ltr'><strong>utero</strong></span> <span class='ocrx_word' id='word_1_601' title='bbox 1794 4777 1996 4854; x_wconf 86' lang='lat' dir='ltr'><strong>gestari</strong></span> <span class='ocrx_word' id='word_1_602' title='bbox 2039 4792 2148 4830; x_wconf 92' lang='lat' dir='ltr'><strong>non</strong></span> 
     </span>
    </p>
   </div>
   <div class='ocr_carea' id='block_1_81' title="bbox 567 4867 2149 4943">
    <p class='ocr_par' dir='ltr' id='par_1_81' title="bbox 567 4867 2149 4943">
     <span class='ocr_line' id='line_1_81' title="bbox 567 4867 2149 4943; baseline -0.002 -17"><span class='ocrx_word' id='word_1_603' title='bbox 567 4881 776 4943; x_wconf 86' lang='lat' dir='ltr'><strong>posset,</strong></span> <span class='ocrx_word' id='word_1_604' title='bbox 810 4870 1148 4940; x_wconf 90' lang='lat' dir='ltr'><strong>spiritualem</strong></span> <span class='ocrx_word' id='word_1_605' title='bbox 1201 4867 1607 4937; x_wconf 87' lang='lat' dir='ltr'><strong>generationem</strong></span> <span class='ocrx_word' id='word_1_606' title='bbox 1665 4882 1772 4923; x_wconf 92' lang='lat' dir='ltr'><strong>non</strong></span> <span class='ocrx_word' id='word_1_607' title='bbox 1821 4881 1984 4937; x_wconf 89' lang='lat' dir='ltr'><strong>posse</strong></span> <span class='ocrx_word' id='word_1_608' title='bbox 2033 4867 2149 4923; x_wconf 82' lang='lat' dir='ltr'><strong>ﬁeri</strong></span> 
     </span>
    </p>
   </div>
   <div class='ocr_carea' id='block_1_82' title="bbox 567 4959 2146 5035">
    <p class='ocr_par' dir='ltr' id='par_1_82' title="bbox 567 4959 2146 5035">
     <span class='ocr_line' id='line_1_82' title="bbox 567 4959 2146 5035; baseline -0.003 -15"><span class='ocrx_word' id='word_1_609' title='bbox 567 4980 744 5035; x_wconf 88' lang='lat' dir='ltr'><strong>neque</strong></span> <span class='ocrx_word' id='word_1_610' title='bbox 769 4964 1092 5026; x_wconf 78' lang='lat' dir='ltr'><strong>consistere,</strong></span> <span class='ocrx_word' id='word_1_611' title='bbox 1131 4977 1189 5016; x_wconf 93' lang='lat' dir='ltr'><strong>se</strong></span> <span class='ocrx_word' id='word_1_612' title='bbox 1225 4959 1650 5030; x_wconf 90' lang='lat' dir='ltr'><strong>redarguturum</strong></span> <span class='ocrx_word' id='word_1_613' title='bbox 1676 4975 1817 5015; x_wconf 88' lang='lat' dir='ltr'><strong>esse.</strong></span> <span class='ocrx_word' id='word_1_614' title='bbox 1862 4959 1967 5016; x_wconf 89' lang='lat' dir='ltr'><strong>Sed</strong></span> <span class='ocrx_word' id='word_1_615' title='bbox 2000 4961 2146 5017; x_wconf 90' lang='lat' dir='ltr'><strong>illius</strong></span> 
     </span>
    </p>
   </div>
   <div class='ocr_carea' id='block_1_83' title="bbox 567 5052 2144 5123">
    <p class='ocr_par' dir='ltr' id='par_1_83' title="bbox 567 5052 2144 5123">
     <span class='ocr_line' id='line_1_83' title="bbox 567 5052 2144 5123; baseline -0.003 -10"><span class='ocrx_word' id='word_1_616' title='bbox 567 5067 841 5113; x_wconf 85' lang='lat' dir='ltr'><strong>errantem</strong></span> <span class='ocrx_word' id='word_1_617' title='bbox 876 5054 1184 5123; x_wconf 83' lang='lat' dir='ltr'><strong>Opinionem</strong></span> <span class='ocrx_word' id='word_1_618' title='bbox 1237 5052 1499 5106; x_wconf 87' lang='lat' dir='ltr'><strong>Dominus</strong></span> <span class='ocrx_word' id='word_1_619' title='bbox 1534 5052 1786 5123; x_wconf 84' lang='lat' dir='ltr'><strong>corrigit,</strong></span> <span class='ocrx_word' id='word_1_620' title='bbox 1828 5052 2040 5116; x_wconf 89' lang='lat' dir='ltr'><strong>dicens,</strong></span> <span class='ocrx_word' id='word_1_621' title='bbox 2081 5069 2144 5108; x_wconf 89' lang='lat' dir='ltr'><strong>ea</strong></span> 
     </span>
    </p>
   </div>
   <div class='ocr_carea' id='block_1_84' title="bbox 567 5143 2144 5220">
    <p class='ocr_par' dir='ltr' id='par_1_84' title="bbox 567 5143 2144 5220">
     <span class='ocr_line' id='line_1_84' title="bbox 567 5143 2144 5220; baseline -0.002 -17"><span class='ocrx_word' id='word_1_622' title='bbox 567 5165 691 5220; x_wconf 67' lang='lat' dir='ltr'><strong>qua:</strong></span> <span class='ocrx_word' id='word_1_623' title='bbox 727 5154 854 5201; x_wconf 90' lang='lat' dir='ltr'><strong>sunt</strong></span> <span class='ocrx_word' id='word_1_624' title='bbox 888 5145 1068 5200; x_wconf 87' lang='lat' dir='ltr'><strong>carnis</strong></span> <span class='ocrx_word' id='word_1_625' title='bbox 1096 5153 1149 5198; x_wconf 87' lang='lat' dir='ltr'><strong>et</strong></span> <span class='ocrx_word' id='word_1_626' title='bbox 1183 5143 1408 5212; x_wconf 89' lang='lat' dir='ltr'><strong>spiritus</strong></span> <span class='ocrx_word' id='word_1_627' title='bbox 1443 5144 1660 5212; x_wconf 91' lang='lat' dir='ltr'><strong>propria</strong></span> <span class='ocrx_word' id='word_1_628' title='bbox 1706 5143 1910 5197; x_wconf 90' lang='lat' dir='ltr'><strong>nullam</strong></span> <span class='ocrx_word' id='word_1_629' title='bbox 1943 5145 2144 5200; x_wconf 83' lang='lat' dir='ltr'><strong>habere</strong></span> 
     </span>
    </p>
   </div>
   <div class='ocr_carea' id='block_1_85' title="bbox 569 5232 2143 5304">
    <p class='ocr_par' dir='ltr' id='par_1_85' title="bbox 569 5232 2143 5304">
     <span class='ocr_line' id='line_1_85' title="bbox 569 5232 2143 5304; baseline -0.006 -7"><span class='ocrx_word' id='word_1_630' title='bbox 569 5240 910 5299; x_wconf 84' lang='lat' dir='ltr'><strong>societatem,</strong></span> <span class='ocrx_word' id='word_1_631' title='bbox 958 5250 1060 5290; x_wconf 89' lang='lat' dir='ltr'><strong>nec</strong></span> <span class='ocrx_word' id='word_1_632' title='bbox 1090 5249 1250 5304; x_wconf 87' lang='lat' dir='ltr'><strong>posse</strong></span> <span class='ocrx_word' id='word_1_633' title='bbox 1281 5233 1647 5288; x_wconf 87' lang='lat' dir='ltr'><strong>commisceri.</strong></span> <span class='ocrx_word' id='word_1_634' title='bbox 1691 5232 1757 5287; x_wconf 89' lang='lat' dir='ltr'><strong>Et</strong></span> <span class='ocrx_word' id='word_1_635' title='bbox 1782 5235 1868 5289; x_wconf 90' lang='lat' dir='ltr'><strong>hic</strong></span> <span class='ocrx_word' id='word_1_636' title='bbox 1903 5236 2143 5304; x_wconf 88' lang='lat' dir='ltr'><strong>seipsum</strong></span> 
     </span>
    </p>
   </div>
   <div class='ocr_carea' id='block_1_86' title="bbox 568 5327 2147 5397">
    <p class='ocr_par' dir='ltr' id='par_1_86' title="bbox 568 5327 2147 5397">
     <span class='ocr_line' id='line_1_86' title="bbox 568 5327 2147 5397; baseline -0.005 -9"><span class='ocrx_word' id='word_1_637' title='bbox 568 5335 623 5388; x_wconf 90' lang='lat' dir='ltr'><strong>in</strong></span> <span class='ocrx_word' id='word_1_638' title='bbox 651 5331 922 5388; x_wconf 87' lang='lat' dir='ltr'><strong>similibus</strong></span> <span class='ocrx_word' id='word_1_639' title='bbox 947 5328 994 5382; x_wconf 91' lang='lat' dir='ltr'><strong>si</strong></span> <span class='ocrx_word' id='word_1_640' title='bbox 1024 5328 1153 5381; x_wconf 88' lang='lat' dir='ltr'><strong>velit</strong></span> <span class='ocrx_word' id='word_1_641' title='bbox 1178 5327 1464 5381; x_wconf 89' lang='lat' dir='ltr'><strong>emendet:</strong></span> <span class='ocrx_word' id='word_1_642' title='bbox 1499 5335 1712 5396; x_wconf 89' lang='lat' dir='ltr'><strong>oportet</strong></span> <span class='ocrx_word' id='word_1_643' title='bbox 1737 5327 1905 5390; x_wconf 88' lang='lat' dir='ltr'><strong>enim,</strong></span> <span class='ocrx_word' id='word_1_644' title='bbox 1935 5335 1994 5380; x_wconf 94' lang='lat' dir='ltr'><strong>ut</strong></span> <span class='ocrx_word' id='word_1_645' title='bbox 2026 5327 2147 5397; x_wconf 87' lang='lat' dir='ltr'><strong>opi-</strong></span> 
     </span>
    </p>
   </div>
   <div class='ocr_carea' id='block_1_87' title="bbox 569 5419 2143 5490">
    <p class='ocr_par' dir='ltr' id='par_1_87' title="bbox 569 5419 2143 5490">
     <span class='ocr_line' id='line_1_87' title="bbox 569 5419 2143 5490; baseline -0.005 -10"><span class='ocrx_word' id='word_1_646' title='bbox 569 5441 692 5488; x_wconf 87' lang='lat' dir='ltr'><strong>nor,</strong></span> <span class='ocrx_word' id='word_1_647' title='bbox 717 5423 962 5478; x_wconf 89' lang='lat' dir='ltr'><strong>veritatis</strong></span> <span class='ocrx_word' id='word_1_648' title='bbox 994 5427 1304 5475; x_wconf 87' lang='lat' dir='ltr'><strong>curatorem</strong></span> <span class='ocrx_word' id='word_1_649' title='bbox 1339 5419 1696 5489; x_wconf 88' lang='lat' dir='ltr'><strong>contemplari</strong></span> <span class='ocrx_word' id='word_1_650' title='bbox 1731 5419 2038 5490; x_wconf 87' lang='lat' dir='ltr'><strong>subjectum</strong></span> <span class='ocrx_word' id='word_1_651' title='bbox 2078 5435 2143 5474; x_wconf 84' lang='lat' dir='ltr'><strong>ex</strong></span> 
     </span>
    </p>
   </div>
   <div class='ocr_carea' id='block_1_88' title="bbox 569 5512 2148 5586">
    <p class='ocr_par' dir='ltr' id='par_1_88' title="bbox 569 5512 2148 5586">
     <span class='ocr_line' id='line_1_88' title="bbox 569 5512 2148 5586; baseline -0.004 -14"><span class='ocrx_word' id='word_1_652' title='bbox 569 5517 640 5573; x_wconf 83' lang='lat' dir='ltr'><strong>iis</strong></span> <span class='ocrx_word' id='word_1_653' title='bbox 669 5531 790 5586; x_wconf 68' lang='lat' dir='ltr'><strong>quae</strong></span> <span class='ocrx_word' id='word_1_654' title='bbox 824 5513 928 5584; x_wconf 92' lang='lat' dir='ltr'><strong>ipsi</strong></span> <span class='ocrx_word' id='word_1_655' title='bbox 981 5513 1201 5582; x_wconf 85' lang='lat' dir='ltr'><strong>prOpria</strong></span> <span class='ocrx_word' id='word_1_656' title='bbox 1235 5520 1382 5578; x_wconf 91' lang='lat' dir='ltr'><strong>sunt,</strong></span> <span class='ocrx_word' id='word_1_657' title='bbox 1411 5527 1522 5567; x_wconf 89' lang='lat' dir='ltr'><strong>non</strong></span> <span class='ocrx_word' id='word_1_658' title='bbox 1556 5528 1624 5567; x_wconf 85' lang='lat' dir='ltr'><strong>ex</strong></span> <span class='ocrx_word' id='word_1_659' title='bbox 1654 5512 2020 5566; x_wconf 88' lang='lat' dir='ltr'><strong>materialium</strong></span> <span class='ocrx_word' id='word_1_660' title='bbox 2056 5525 2148 5566; x_wconf 90' lang='lat' dir='ltr'><strong>ac-</strong></span> 
     </span>
    </p>
   </div>
   <div class='ocr_carea' id='block_1_89' title="bbox 571 5602 2141 5674">
    <p class='ocr_par' dir='ltr' id='par_1_89' title="bbox 571 5602 2141 5674">
     <span class='ocr_line' id='line_1_89' title="bbox 571 5602 2141 5674; baseline -0.002 -13"><span class='ocrx_word' id='word_1_661' title='bbox 571 5607 857 5662; x_wconf 81' lang='lat' dir='ltr'><strong>cusatione</strong></span> <span class='ocrx_word' id='word_1_662' title='bbox 887 5603 1215 5658; x_wconf 89' lang='lat' dir='ltr'><strong>calumniari</strong></span> <span class='ocrx_word' id='word_1_663' title='bbox 1249 5618 1372 5658; x_wconf 92' lang='lat' dir='ltr'><strong>eum</strong></span> <span class='ocrx_word' id='word_1_664' title='bbox 1402 5603 1494 5672; x_wconf 90' lang='lat' dir='ltr'><strong>qui</strong></span> <span class='ocrx_word' id='word_1_665' title='bbox 1526 5602 1768 5658; x_wconf 65' lang='lat' dir='ltr'><strong>materia:</strong></span> <span class='ocrx_word' id='word_1_666' title='bbox 1806 5611 1891 5659; x_wconf 90' lang='lat' dir='ltr'><strong>est</strong></span> <span class='ocrx_word' id='word_1_667' title='bbox 1928 5618 2141 5674; x_wconf 84' lang='lat' dir='ltr'><strong>expers.</strong></span> 
     </span>
    </p>
   </div>
   <div class='ocr_carea' id='block_1_90' title="bbox 575 5694 2146 5766">
    <p class='ocr_par' dir='ltr' id='par_1_90' title="bbox 575 5694 2146 5766">
     <span class='ocr_line' id='line_1_90' title="bbox 575 5694 2146 5766; baseline -0.002 -12"><span class='ocrx_word' id='word_1_668' title='bbox 575 5699 631 5754; x_wconf 78' lang='lat' dir='ltr'><strong>Si</strong></span> <span class='ocrx_word' id='word_1_669' title='bbox 655 5698 799 5754; x_wconf 89' lang='lat' dir='ltr'><strong>enim</strong></span> <span class='ocrx_word' id='word_1_670' title='bbox 831 5698 1013 5760; x_wconf 91' lang='lat' dir='ltr'><strong>homo,</strong></span> <span class='ocrx_word' id='word_1_671' title='bbox 1047 5697 1129 5752; x_wconf 88' lang='lat' dir='ltr'><strong>vel</strong></span> <span class='ocrx_word' id='word_1_672' title='bbox 1173 5697 1293 5764; x_wconf 75' lang='lat' dir='ltr'><strong>bos,</strong></span> <span class='ocrx_word' id='word_1_673' title='bbox 1323 5695 1410 5752; x_wconf 88' lang='lat' dir='ltr'><strong>vel</strong></span> <span class='ocrx_word' id='word_1_674' title='bbox 1439 5695 1586 5751; x_wconf 88' lang='lat' dir='ltr'><strong>aliud</strong></span> <span class='ocrx_word' id='word_1_675' title='bbox 1630 5694 1760 5766; x_wconf 84' lang='lat' dir='ltr'><strong>quid</strong></span> <span class='ocrx_word' id='word_1_676' title='bbox 1801 5711 1987 5751; x_wconf 90' lang='lat' dir='ltr'><strong>eorum</strong></span> <span class='ocrx_word' id='word_1_677' title='bbox 2027 5712 2146 5766; x_wconf 82' lang='lat' dir='ltr'><strong>quac</strong></span> 
     </span>
    </p>
   </div>
   <div class='ocr_carea' id='block_1_91' title="bbox 647 5811 1098 5879">
    <p class='ocr_par' dir='ltr' id='par_1_91' title="bbox 647 5811 1098 5879">
     <span class='ocr_line' id='line_1_91' title="bbox 647 5811 1098 5879; baseline 0.002 -14"><span class='ocrx_word' id='word_1_678' title='bbox 647 5815 663 5844; x_wconf 76' lang='grc'><strong>⁸</strong></span> <span class='ocrx_word' id='word_1_679' title='bbox 692 5811 847 5866; x_wconf 84' lang='lat' dir='ltr'><strong>Joan.</strong></span> <span class='ocrx_word' id='word_1_680' title='bbox 891 5827 972 5879; x_wconf 89' lang='grc' dir='ltr'>ιιι,</span> <span class='ocrx_word' id='word_1_681' title='bbox 1016 5811 1098 5866; x_wconf 88' lang='grc' dir='ltr'><strong>Ιθ.</strong></span> 
     </span>
    </p>
   </div>
   <div class='ocr_carea' id='block_1_92' title="bbox 2261 3310 3842 3382">
    <p class='ocr_par' dir='ltr' id='par_1_92' title="bbox 2261 3310 3842 3382">
     <span class='ocr_line' id='line_1_92' title="bbox 2261 3310 3842 3382; baseline -0.001 -16"><span class='ocrx_word' id='word_1_682' title='bbox 2261 3313 2348 3376; x_wconf 87' lang='grc' dir='ltr'><strong>νὸς</strong></span> <span class='ocrx_word' id='word_1_683' title='bbox 2393 3311 2641 3380; x_wconf 88' lang='grc' dir='ltr'>θεολόγος</span> <span class='ocrx_word' id='word_1_684' title='bbox 2681 3311 2866 3382; x_wconf 79' lang='grc' dir='ltr'>ρεὖσιν</span> <span class='ocrx_word' id='word_1_685' title='bbox 2920 3311 3014 3363; x_wconf 73' lang='grc' dir='ltr'><strong>καὶ</strong></span> <span class='ocrx_word' id='word_1_686' title='bbox 3064 3310 3232 3374; x_wconf 75' lang='grc' dir='ltr'>πάθος</span> <span class='ocrx_word' id='word_1_687' title='bbox 3273 3311 3364 3362; x_wconf 78' lang='grc' dir='ltr'><strong>καὶ</strong></span> <span class='ocrx_word' id='word_1_688' title='bbox 3413 3311 3602 3381; x_wconf 83' lang='grc' dir='ltr'>ὑλικὴν</span> <span class='ocrx_word' id='word_1_689' title='bbox 3633 3313 3842 3377; x_wconf 80' lang='grc' dir='ltr'>αἰτίαν,</span> 
     </span>
    </p>
   </div>
   <div class='ocr_carea' id='block_1_93' title="bbox 2259 3400 3846 3474">
    <p class='ocr_par' dir='ltr' id='par_1_93' title="bbox 2259 3400 3846 3474">
     <span class='ocr_line' id='line_1_93' title="bbox 2259 3400 3846 3474; baseline 0 -18"><span class='ocrx_word' id='word_1_690' title='bbox 2259 3405 2352 3456; x_wconf 76' lang='grc' dir='ltr'><strong>καὶ</strong></span> <span class='ocrx_word' id='word_1_691' title='bbox 2410 3402 2687 3474; x_wconf 83' lang='grc' dir='ltr'>ὲνέργειάν</span> <span class='ocrx_word' id='word_1_692' title='bbox 2738 3419 2856 3454; x_wconf 90' lang='grc' dir='ltr'>τινα</span> <span class='ocrx_word' id='word_1_693' title='bbox 2901 3401 3073 3472; x_wconf 75' lang='grc' dir='ltr'>ῥύπου</span> <span class='ocrx_word' id='word_1_694' title='bbox 3129 3401 3202 3470; x_wconf 85' lang='grc' dir='ltr'>μὴ</span> <span class='ocrx_word' id='word_1_695' title='bbox 3250 3400 3692 3471; x_wconf 82' lang='grc' dir='ltr'>καθαρεύουσαν,</span> <span class='ocrx_word' id='word_1_696' title='bbox 3746 3407 3846 3456; x_wconf 70' lang='grc' dir='ltr'><strong>καὶ</strong></span> 
     </span>
    </p>
   </div>
   <div class='ocr_carea' id='block_1_94' title="bbox 2258 3491 3845 3566">
    <p class='ocr_par' dir='ltr' id='par_1_94' title="bbox 2258 3491 3845 3566">
     <span class='ocr_line' id='line_1_94' title="bbox 2258 3491 3845 3566; baseline 0.001 -19"><span class='ocrx_word' id='word_1_697' title='bbox 2258 3494 2451 3561; x_wconf 79' lang='grc' dir='ltr'>ἔξωθεν</span> <span class='ocrx_word' id='word_1_698' title='bbox 2477 3493 2835 3566; x_wconf 61' lang='grc' dir='ltr'>ἐπιρρέουσαι]</span> <span class='ocrx_word' id='word_1_699' title='bbox 2870 3491 3154 3563; x_wconf 83' lang='grc' dir='ltr'>χορηγίαν,</span> <span class='ocrx_word' id='word_1_700' title='bbox 3187 3492 3281 3545; x_wconf 76' lang='grc' dir='ltr'><strong>καὶ</strong></span> <span class='ocrx_word' id='word_1_701' title='bbox 3311 3494 3487 3546; x_wconf 81' lang='grc' dir='ltr'>πάντα</span> <span class='ocrx_word' id='word_1_702' title='bbox 3512 3492 3582 3546; x_wconf 84' lang='grc' dir='ltr'><strong>τὰ</strong></span> <span class='ocrx_word' id='word_1_703' title='bbox 3607 3494 3845 3548; x_wconf 72' lang='grc' dir='ltr'>τοιαῦτα</span> 
     </span>
    </p>
   </div>
   <div class='ocr_carea' id='block_1_95' title="bbox 2256 3580 3846 3658">
    <p class='ocr_par' dir='ltr' id='par_1_95' title="bbox 2256 3580 3846 3658">
     <span class='ocr_line' id='line_1_95' title="bbox 2256 3580 3846 3658; baseline -0.001 -18"><span class='ocrx_word' id='word_1_704' title='bbox 2256 3587 2494 3658; x_wconf 81' lang='grc' dir='ltr'>τῷλόγῳ</span> <span class='ocrx_word' id='word_1_705' title='bbox 2523 3585 2894 3657; x_wconf 84' lang='grc' dir='ltr'>προστίθησιν.</span> <span class='ocrx_word' id='word_1_706' title='bbox 2929 3586 3041 3638; x_wconf 84' lang='grc' dir='ltr'>Οὐκ</span> <span class='ocrx_word' id='word_1_707' title='bbox 3073 3580 3185 3638; x_wconf 79' lang='grc' dir='ltr'>οῖδα</span> <span class='ocrx_word' id='word_1_708' title='bbox 3218 3586 3270 3637; x_wconf 85' lang='grc' dir='ltr'><strong>τί</strong></span> <span class='ocrx_word' id='word_1_709' title='bbox 3303 3584 3489 3638; x_wconf 81' lang='grc' dir='ltr'>παθὼν</span> <span class='ocrx_word' id='word_1_710' title='bbox 3511 3585 3632 3656; x_wconf 59' lang='lat' dir='ltr'><strong>sua</strong></span> <span class='ocrx_word' id='word_1_711' title='bbox 3663 3586 3846 3657; x_wconf 85' lang='grc' dir='ltr'>ὑπερ-</span> 
     </span>
    </p>
   </div>
   <div class='ocr_carea' id='block_1_96' title="bbox 2255 3676 3845 3748">
    <p class='ocr_par' dir='ltr' id='par_1_96' title="bbox 2255 3676 3845 3748">
     <span class='ocr_line' id='line_1_96' title="bbox 2255 3676 3845 3748; baseline 0.001 -17"><span class='ocrx_word' id='word_1_712' title='bbox 2255 3679 2502 3732; x_wconf 76' lang='grc' dir='ltr'>ϐάλλοντι</span> <span class='ocrx_word' id='word_1_713' title='bbox 2543 3679 2643 3747; x_wconf 80' lang='grc' dir='ltr'><strong>τῆς</strong></span> <span class='ocrx_word' id='word_1_714' title='bbox 2688 3678 2878 3746; x_wconf 77' lang='grc' dir='ltr'>σοφίας</span> <span class='ocrx_word' id='word_1_715' title='bbox 2924 3677 3088 3748; x_wconf 85' lang='grc' dir='ltr'>μηδὲν</span> <span class='ocrx_word' id='word_1_716' title='bbox 3144 3676 3251 3729; x_wconf 77' lang='grc' dir='ltr'>τῶν</span> <span class='ocrx_word' id='word_1_717' title='bbox 3297 3677 3554 3748; x_wconf 82' lang='grc' dir='ltr'>ἀλήπτων</span> <span class='ocrx_word' id='word_1_718' title='bbox 3600 3678 3707 3745; x_wconf 75' lang='grc' dir='ltr'>ἔξω</span> <span class='ocrx_word' id='word_1_719' title='bbox 3735 3681 3845 3748; x_wconf 74' lang='grc' dir='ltr'><strong>τῆς</strong></span> 
     </span>
    </p>
   </div>
   <div class='ocr_carea' id='block_1_97' title="bbox 2253 3767 3841 3842">
    <p class='ocr_par' dir='ltr' id='par_1_97' title="bbox 2253 3767 3841 3842">
     <span class='ocr_line' id='line_1_97' title="bbox 2253 3767 3841 3842; baseline 0 -19"><span class='ocrx_word' id='word_1_720' title='bbox 2253 3769 2446 3823; x_wconf 78' lang='grc' dir='ltr'>ἑαυτοῦ</span> <span class='ocrx_word' id='word_1_721' title='bbox 2477 3767 2731 3838; x_wconf 85' lang='grc' dir='ltr'>γνώσεως</span> <span class='ocrx_word' id='word_1_722' title='bbox 2765 3768 3157 3822; x_wconf 80' lang='grc' dir='ltr'>καταλιπέσθαι</span> <span class='ocrx_word' id='word_1_723' title='bbox 3191 3770 3385 3837; x_wconf 81' lang='grc' dir='ltr'>λέγων,</span> <span class='ocrx_word' id='word_1_724' title='bbox 3439 3772 3535 3823; x_wconf 71' lang='grc' dir='ltr'><strong>καὶ</strong></span> <span class='ocrx_word' id='word_1_725' title='bbox 3580 3770 3679 3842; x_wconf 82' lang='grc' dir='ltr'><strong>τὴν</strong></span> <span class='ocrx_word' id='word_1_726' title='bbox 3729 3771 3841 3841; x_wconf 80' lang='grc' dir='ltr'><strong>ἆῤ-</strong></span> 
     </span>
    </p>
   </div>
   <div class='ocr_carea' id='block_1_98' title="bbox 2254 3859 3844 3933">
    <p class='ocr_par' dir='ltr' id='par_1_98' title="bbox 2254 3859 3844 3933">
     <span class='ocr_line' id='line_1_98' title="bbox 2254 3859 3844 3933; baseline 0.001 -18"><span class='ocrx_word' id='word_1_727' title='bbox 2254 3865 2414 3933; x_wconf 82' lang='grc' dir='ltr'>ρητον</span> <span class='ocrx_word' id='word_1_728' title='bbox 2445 3861 2539 3915; x_wconf 75' lang='grc' dir='ltr'>τοῦ</span> <span class='ocrx_word' id='word_1_729' title='bbox 2583 3859 2714 3914; x_wconf 86' lang='grc' dir='ltr'>Υἱοῦ</span> <span class='ocrx_word' id='word_1_730' title='bbox 2762 3861 3018 3931; x_wconf 87' lang='grc' dir='ltr'>γέννησιν</span> <span class='ocrx_word' id='word_1_731' title='bbox 3058 3861 3543 3932; x_wconf 79' lang='grc' dir='ltr'>ἐπαγγελλόμενος,</span> <span class='ocrx_word' id='word_1_732' title='bbox 3589 3864 3844 3927; x_wconf 71' lang='grc' dir='ltr'>ἀποστὰς</span> 
     </span>
    </p>
   </div>
   <div class='ocr_carea' id='block_1_99' title="bbox 2251 3951 3839 4027">
    <p class='ocr_par' dir='ltr' id='par_1_99' title="bbox 2251 3951 3839 4027">
     <span class='ocr_line' id='line_1_99' title="bbox 2251 3951 3839 4027; baseline 0.001 -21"><span class='ocrx_word' id='word_1_733' title='bbox 2251 3953 2359 4006; x_wconf 81' lang='grc' dir='ltr'><strong>τῶν</strong></span> <span class='ocrx_word' id='word_1_734' title='bbox 2409 3953 2801 4027; x_wconf 83' lang='grc' dir='ltr'>προκειμένων,</span> <span class='ocrx_word' id='word_1_735' title='bbox 2861 3951 3115 4022; x_wconf 82' lang='grc' dir='ltr'>ἐγχέλυος</span> <span class='ocrx_word' id='word_1_736' title='bbox 3164 3952 3317 4023; x_wconf 86' lang='grc' dir='ltr'>δίκην</span> <span class='ocrx_word' id='word_1_737' title='bbox 3377 3955 3456 4017; x_wconf 83' lang='grc' dir='ltr'><strong>εἰς</strong></span> <span class='ocrx_word' id='word_1_738' title='bbox 3489 3955 3580 4007; x_wconf 72' lang='grc' dir='ltr'><strong>τὸν</strong></span> <span class='ocrx_word' id='word_1_739' title='bbox 3634 3955 3839 4026; x_wconf 80' lang='grc' dir='ltr'>ἰλυώδη</span> 
     </span>
    </p>
   </div>
   <div class='ocr_carea' id='block_1_100' title="bbox 2255 4043 3840 4116">
    <p class='ocr_par' dir='ltr' id='par_1_100' title="bbox 2255 4043 3840 4116">
     <span class='ocr_line' id='line_1_100' title="bbox 2255 4043 3840 4116; baseline 0.001 -18"><span class='ocrx_word' id='word_1_740' title='bbox 2255 4045 2512 4116; x_wconf 77' lang='grc' dir='ltr'>βόρόορον</span> <span class='ocrx_word' id='word_1_741' title='bbox 2555 4043 2662 4096; x_wconf 86' lang='grc' dir='ltr'><strong>τῶν</strong></span> <span class='ocrx_word' id='word_1_742' title='bbox 2705 4044 2979 4114; x_wconf 87' lang='grc' dir='ltr'>λογισμῶν</span> <span class='ocrx_word' id='word_1_743' title='bbox 3011 4044 3331 4099; x_wconf 80' lang='grc' dir='ltr'>καταδύεται</span> <span class='ocrx_word' id='word_1_744' title='bbox 3357 4063 3369 4076; x_wconf 81' lang='grc'><em>’</em></span> <span class='ocrx_word' id='word_1_745' title='bbox 3424 4047 3562 4100; x_wconf 85' lang='grc' dir='ltr'><strong>κατὰ</strong></span> <span class='ocrx_word' id='word_1_746' title='bbox 3600 4046 3692 4101; x_wconf 82' lang='grc' dir='ltr'><strong>τὸν</strong></span> <span class='ocrx_word' id='word_1_747' title='bbox 3736 4067 3840 4100; x_wconf 79' lang='grc' dir='ltr'>νυ-</span> 
     </span>
    </p>
   </div>
   <div class='ocr_carea' id='block_1_101' title="bbox 2252 4138 3841 4210">
    <p class='ocr_par' dir='ltr' id='par_1_101' title="bbox 2252 4138 3841 4210">
     <span class='ocr_line' id='line_1_101' title="bbox 2252 4138 3841 4210; baseline 0.002 -20"><span class='ocrx_word' id='word_1_748' title='bbox 2252 4138 2496 4208; x_wconf 85' lang='grc' dir='ltr'>κτερινὸν</span> <span class='ocrx_word' id='word_1_749' title='bbox 2529 4141 2731 4191; x_wconf 80' lang='grc' dir='ltr'>ἐκεῖνον</span> <span class='ocrx_word' id='word_1_750' title='bbox 2769 4138 3097 4208; x_wconf 84' lang='grc' dir='ltr'>Νικόδημον,</span> <span class='ocrx_word' id='word_1_751' title='bbox 3133 4138 3190 4202; x_wconf 74' lang='grc' dir='ltr'>ὃς</span> <span class='ocrx_word' id='word_1_752' title='bbox 3215 4139 3314 4208; x_wconf 79' lang='grc' dir='ltr'>τὴν</span> <span class='ocrx_word' id='word_1_753' title='bbox 3341 4139 3542 4192; x_wconf 81' lang='grc' dir='ltr'>ἄνωθεν</span> <span class='ocrx_word' id='word_1_754' title='bbox 3575 4140 3841 4210; x_wconf 78' lang='grc' dir='ltr'>γέννησιν</span> 
     </span>
    </p>
   </div>
   <div class='ocr_carea' id='block_1_102' title="bbox 2252 4230 3840 4302">
    <p class='ocr_par' dir='ltr' id='par_1_102' title="bbox 2252 4230 3840 4302">
     <span class='ocr_line' id='line_1_102' title="bbox 2252 4230 3840 4302; baseline 0.001 -20"><span class='ocrx_word' id='word_1_755' title='bbox 2252 4230 2343 4283; x_wconf 80' lang='grc' dir='ltr'>τοῦ</span> <span class='ocrx_word' id='word_1_756' title='bbox 2387 4231 2592 4302; x_wconf 84' lang='grc' dir='ltr'>Κυρίου</span> <span class='ocrx_word' id='word_1_757' title='bbox 2633 4231 2974 4294; x_wconf 85' lang='grc' dir='ltr'>διδάσκοντος</span> <span class='ocrx_word' id='word_1_758' title='bbox 3007 4230 3142 4301; x_wconf 84' lang='grc' dir='ltr'>πρὸς</span> <span class='ocrx_word' id='word_1_759' title='bbox 3189 4230 3279 4282; x_wconf 77' lang='grc' dir='ltr'>τὸν</span> <span class='ocrx_word' id='word_1_760' title='bbox 3320 4233 3376 4282; x_wconf 83' lang='grc' dir='ltr'><strong>έν</strong></span> <span class='ocrx_word' id='word_1_761' title='bbox 3419 4233 3597 4302; x_wconf 82' lang='grc' dir='ltr'>μήτρᾳ</span> <span class='ocrx_word' id='word_1_762' title='bbox 3628 4231 3840 4285; x_wconf 84' lang='grc' dir='ltr'>κόλπον</span> 
     </span>
    </p>
   </div>
   <div class='ocr_carea' id='block_1_103' title="bbox 2251 4321 3840 4394">
    <p class='ocr_par' dir='ltr' id='par_1_103' title="bbox 2251 4321 3840 4394">
     <span class='ocr_line' id='line_1_103' title="bbox 2251 4321 3840 4394; baseline 0.001 -19"><span class='ocrx_word' id='word_1_763' title='bbox 2251 4324 2360 4384; x_wconf 88' lang='grc' dir='ltr'>τοῖς</span> <span class='ocrx_word' id='word_1_764' title='bbox 2388 4321 2665 4392; x_wconf 86' lang='grc' dir='ltr'>λογισμοῖς</span> <span class='ocrx_word' id='word_1_765' title='bbox 2696 4322 3024 4393; x_wconf 87' lang='grc' dir='ltr'>κατεσύρετο</span> <span class='ocrx_word' id='word_1_766' title='bbox 3047 4338 3060 4352; x_wconf 84' lang='lat'><strong><em>°</em></strong></span> <span class='ocrx_word' id='word_1_767' title='bbox 3107 4324 3199 4376; x_wconf 75' lang='grc' dir='ltr'><strong>καὶ</strong></span> <span class='ocrx_word' id='word_1_768' title='bbox 3229 4322 3344 4385; x_wconf 85' lang='grc' dir='ltr'>πῶς</span> <span class='ocrx_word' id='word_1_769' title='bbox 3375 4323 3440 4376; x_wconf 83' lang='grc' dir='ltr'>ἂν</span> <span class='ocrx_word' id='word_1_770' title='bbox 3479 4326 3542 4374; x_wconf 80' lang='grc' dir='ltr'>ὲκ</span> <span class='ocrx_word' id='word_1_771' title='bbox 3574 4323 3840 4394; x_wconf 81' lang='grc' dir='ltr'>δευτέρου</span> 
     </span>
    </p>
   </div>
   <div class='ocr_carea' id='block_1_104' title="bbox 2253 4413 3837 4485">
    <p class='ocr_par' dir='ltr' id='par_1_104' title="bbox 2253 4413 3837 4485">
     <span class='ocr_line' id='line_1_104' title="bbox 2253 4413 3837 4485; baseline 0 -19"><span class='ocrx_word' id='word_1_772' title='bbox 2253 4413 2414 4467; x_wconf 81' lang='grc' dir='ltr'>πάλιν</span> <span class='ocrx_word' id='word_1_773' title='bbox 2452 4414 2599 4477; x_wconf 73' lang='grc' dir='ltr'>ἐντὸς</span> <span class='ocrx_word' id='word_1_774' title='bbox 2648 4414 2746 4484; x_wconf 89' lang='grc' dir='ltr'><strong>τῆς</strong></span> <span class='ocrx_word' id='word_1_775' title='bbox 2791 4413 2980 4483; x_wconf 88' lang='grc' dir='ltr'>νηδύος</span> <span class='ocrx_word' id='word_1_776' title='bbox 3020 4413 3264 4481; x_wconf 87' lang='grc' dir='ltr'>γένοιτο,</span> <span class='ocrx_word' id='word_1_777' title='bbox 3314 4413 3589 4485; x_wconf 87' lang='grc' dir='ltr'>διηπόρει,</span> <span class='ocrx_word' id='word_1_778' title='bbox 3630 4414 3837 4482; x_wconf 77' lang='grc' dir='ltr'>λέγων’</span> 
     </span>
    </p>
   </div>
   <div class='ocr_carea' id='block_1_105' title="bbox 2250 4505 3844 4577">
    <p class='ocr_par' dir='ltr' id='par_1_105' title="bbox 2250 4505 3844 4577">
     <span class='ocr_line' id='line_1_105' title="bbox 2250 4505 3844 4577; baseline 0.002 -19"><span class='ocrx_word' id='word_1_779' title='bbox 2250 4505 2382 4571; x_wconf 87' lang='grc' dir='ltr'><strong>Πῶς</strong></span> <span class='ocrx_word' id='word_1_780' title='bbox 2402 4505 2648 4559; x_wconf 77' lang='grc' dir='ltr'>δύναται</span> <span class='ocrx_word' id='word_1_781' title='bbox 2684 4505 2857 4560; x_wconf 88' lang='grc' dir='ltr'>τοῦτο</span> <span class='ocrx_word' id='word_1_782' title='bbox 2879 4505 3194 4574; x_wconf 79' lang='grc' dir='ltr'>γενέσθαι;</span> <span class='ocrx_word' id='word_1_783' title='bbox 3221 4507 3456 4577; x_wconf 76' lang='grc' dir='ltr'>νομίζων</span> <span class='ocrx_word' id='word_1_784' title='bbox 3479 4505 3540 4559; x_wconf 81' lang='grc' dir='ltr'><strong>τὸ</strong></span> <span class='ocrx_word' id='word_1_785' title='bbox 3572 4508 3644 4577; x_wconf 82' lang='grc' dir='ltr'>μὴ</span> <span class='ocrx_word' id='word_1_786' title='bbox 3671 4507 3844 4561; x_wconf 81' lang='grc' dir='ltr'>δύνα-</span> 
     </span>
    </p>
   </div>
   <div class='ocr_carea' id='block_1_106' title="bbox 2254 4596 3843 4671">
    <p class='ocr_par' dir='ltr' id='par_1_106' title="bbox 2254 4596 3843 4671">
     <span class='ocr_line' id='line_1_106' title="bbox 2254 4596 3843 4671; baseline 0.002 -21"><span class='ocrx_word' id='word_1_787' title='bbox 2254 4596 2378 4650; x_wconf 86' lang='grc' dir='ltr'>σθαι</span> <span class='ocrx_word' id='word_1_788' title='bbox 2416 4597 2507 4650; x_wconf 81' lang='grc' dir='ltr'><strong>τὸν</strong></span> <span class='ocrx_word' id='word_1_789' title='bbox 2551 4598 2860 4670; x_wconf 76' lang='grc' dir='ltr'>πρεσϐύτην</span> <span class='ocrx_word' id='word_1_790' title='bbox 2910 4599 2997 4652; x_wconf 82' lang='grc' dir='ltr'><strong>διὰ</strong></span> <span class='ocrx_word' id='word_1_791' title='bbox 3031 4600 3314 4669; x_wconf 82' lang='grc' dir='ltr'>σπλάγχνα</span> <span class='ocrx_word' id='word_1_792' title='bbox 3359 4601 3518 4652; x_wconf 82' lang='grc' dir='ltr'>πάλιν</span> <span class='ocrx_word' id='word_1_793' title='bbox 3561 4617 3843 4671; x_wconf 67' lang='grc' dir='ltr'>κυοφορηο</span> 
     </span>
    </p>
   </div>
   <div class='ocr_carea' id='block_1_107' title="bbox 2256 4689 3842 4764">
    <p class='ocr_par' dir='ltr' id='par_1_107' title="bbox 2256 4689 3842 4764">
     <span class='ocr_line' id='line_1_107' title="bbox 2256 4689 3842 4764; baseline 0.003 -23"><span class='ocrx_word' id='word_1_794' title='bbox 2256 4689 2412 4759; x_wconf 86' lang='grc' dir='ltr'>θῆναι</span> <span class='ocrx_word' id='word_1_795' title='bbox 2444 4691 2690 4762; x_wconf 84' lang='grc' dir='ltr'>μητρῷα,</span> <span class='ocrx_word' id='word_1_796' title='bbox 2731 4692 2829 4762; x_wconf 84' lang='grc' dir='ltr'>τὴν</span> <span class='ocrx_word' id='word_1_797' title='bbox 2867 4695 3238 4764; x_wconf 83' lang='grc' dir='ltr'>πνευματικὴν</span> <span class='ocrx_word' id='word_1_798' title='bbox 3262 4694 3509 4764; x_wconf 87' lang='grc' dir='ltr'>γέννησιν</span> <span class='ocrx_word' id='word_1_799' title='bbox 3538 4695 3842 4762; x_wconf 79' lang='grc' dir='ltr'>διελέγξειν</span> 
     </span>
    </p>
   </div>
   <div class='ocr_carea' id='block_1_108' title="bbox 2256 4781 3842 4857">
    <p class='ocr_par' dir='ltr' id='par_1_108' title="bbox 2256 4781 3842 4857">
     <span class='ocr_line' id='line_1_108' title="bbox 2256 4781 3842 4857; baseline 0.004 -24"><span class='ocrx_word' id='word_1_800' title='bbox 2256 4781 2576 4837; x_wconf 84' lang='grc' dir='ltr'>ἀσύστατον.</span> <span class='ocrx_word' id='word_1_801' title='bbox 2617 4783 2778 4837; x_wconf 81' lang='grc' dir='ltr'>Ἀλλά</span> <span class='ocrx_word' id='word_1_802' title='bbox 2819 4784 3070 4836; x_wconf 86' lang='grc' dir='ltr'>κάκείνου</span> <span class='ocrx_word' id='word_1_803' title='bbox 3102 4785 3195 4853; x_wconf 72' lang='grc' dir='ltr'>τὴν</span> <span class='ocrx_word' id='word_1_804' title='bbox 3242 4786 3660 4857; x_wconf 85' lang='grc' dir='ltr'>πεπλανημένην</span> <span class='ocrx_word' id='word_1_805' title='bbox 3693 4787 3842 4840; x_wconf 75' lang='grc' dir='ltr'>ὑπό-</span> 
     </span>
    </p>
   </div>
   <div class='ocr_carea' id='block_1_109' title="bbox 2256 4872 3842 4946">
    <p class='ocr_par' dir='ltr' id='par_1_109' title="bbox 2256 4872 3842 4946">
     <span class='ocr_line' id='line_1_109' title="bbox 2256 4872 3842 4946; baseline 0.005 -22"><span class='ocrx_word' id='word_1_806' title='bbox 2256 4872 2418 4943; x_wconf 69' lang='grc' dir='ltr'>ληψιν</span> <span class='ocrx_word' id='word_1_807' title='bbox 2459 4873 2762 4942; x_wconf 79' lang='grc' dir='ltr'>διορθοῦται</span> <span class='ocrx_word' id='word_1_808' title='bbox 2809 4875 2837 4926; x_wconf 88' lang='grc' dir='ltr'><strong>ό</strong></span> <span class='ocrx_word' id='word_1_809' title='bbox 2876 4874 3109 4944; x_wconf 87' lang='grc' dir='ltr'>Κύριος,</span> <span class='ocrx_word' id='word_1_810' title='bbox 3140 4875 3346 4946; x_wconf 81' lang='grc' dir='ltr'>ἄμικτα</span> <span class='ocrx_word' id='word_1_811' title='bbox 3375 4876 3548 4941; x_wconf 79' lang='grc' dir='ltr'>λέγων</span> <span class='ocrx_word' id='word_1_812' title='bbox 3582 4872 3722 4929; x_wconf 82' lang='grc' dir='ltr'>εἶναι</span> <span class='ocrx_word' id='word_1_813' title='bbox 3761 4880 3842 4932; x_wconf 74' lang='grc' dir='ltr'><strong>τὰ</strong></span> 
     </span>
    </p>
   </div>
   <div class='ocr_carea' id='block_1_110' title="bbox 2252 4960 3839 5036">
    <p class='ocr_par' dir='ltr' id='par_1_110' title="bbox 2252 4960 3839 5036">
     <span class='ocr_line' id='line_1_110' title="bbox 2252 4960 3839 5036; baseline 0 -18"><span class='ocrx_word' id='word_1_814' title='bbox 2252 4966 2350 5035; x_wconf 83' lang='grc' dir='ltr'><strong>τῆς</strong></span> <span class='ocrx_word' id='word_1_815' title='bbox 2386 4965 2583 5036; x_wconf 83' lang='grc' dir='ltr'>σαρκὸς</span> <span class='ocrx_word' id='word_1_816' title='bbox 2606 4965 2696 5017; x_wconf 75' lang='grc' dir='ltr'>καὶ</span> <span class='ocrx_word' id='word_1_817' title='bbox 2728 4964 2822 5017; x_wconf 73' lang='grc' dir='ltr'>τοῦ</span> <span class='ocrx_word' id='word_1_818' title='bbox 2854 4965 3159 5034; x_wconf 86' lang='grc' dir='ltr'>πνεύματος</span> <span class='ocrx_word' id='word_1_819' title='bbox 3199 4964 3455 5036; x_wconf 80' lang='grc' dir='ltr'>ἰδιώματα</span> <span class='ocrx_word' id='word_1_820' title='bbox 3477 5009 3490 5022; x_wconf 90' lang='grc'><strong>.</strong></span> <span class='ocrx_word' id='word_1_821' title='bbox 3530 4967 3638 5019; x_wconf 77' lang='grc' dir='ltr'>Καὶ</span> <span class='ocrx_word' id='word_1_822' title='bbox 3667 4960 3839 5032; x_wconf 71' lang='grc' dir='ltr'>οὗτος</span> 
     </span>
    </p>
   </div>
   <div class='ocr_carea' id='block_1_111' title="bbox 2252 5053 3840 5128">
    <p class='ocr_par' dir='ltr' id='par_1_111' title="bbox 2252 5053 3840 5128">
     <span class='ocr_line' id='line_1_111' title="bbox 2252 5053 3840 5128; baseline 0.002 -21"><span class='ocrx_word' id='word_1_823' title='bbox 2252 5053 2442 5108; x_wconf 80' lang='grc' dir='ltr'>ἑαυτὸν</span> <span class='ocrx_word' id='word_1_824' title='bbox 2471 5056 2527 5107; x_wconf 83' lang='grc' dir='ltr'>ἐν</span> <span class='ocrx_word' id='word_1_825' title='bbox 2563 5057 2674 5117; x_wconf 88' lang='grc' dir='ltr'>τοῖς</span> <span class='ocrx_word' id='word_1_826' title='bbox 2699 5056 2933 5126; x_wconf 85' lang='grc' dir='ltr'>ὁμοίοις,</span> <span class='ocrx_word' id='word_1_827' title='bbox 2967 5057 3014 5108; x_wconf 86' lang='grc' dir='ltr'><strong>εἰ</strong></span> <span class='ocrx_word' id='word_1_828' title='bbox 3051 5055 3324 5124; x_wconf 86' lang='grc' dir='ltr'>βούλεται,</span> <span class='ocrx_word' id='word_1_829' title='bbox 3354 5056 3704 5128; x_wconf 87' lang='grc' dir='ltr'>διορθούσθω.</span> <span class='ocrx_word' id='word_1_830' title='bbox 3738 5062 3840 5110; x_wconf 79' lang='grc' dir='ltr'>Δεῖ</span> 
     </span>
    </p>
   </div>
   <div class='ocr_carea' id='block_1_112' title="bbox 2253 5142 3839 5219">
    <p class='ocr_par' dir='ltr' id='par_1_112' title="bbox 2253 5142 3839 5219">
     <span class='ocr_line' id='line_1_112' title="bbox 2253 5142 3839 5219; baseline 0.002 -19"><span class='ocrx_word' id='word_1_831' title='bbox 2253 5147 2396 5216; x_wconf 86' lang='grc' dir='ltr'>γὰρ,</span> <span class='ocrx_word' id='word_1_832' title='bbox 2437 5142 2621 5216; x_wconf 75' lang='grc' dir='ltr'>οἶμαι,</span> <span class='ocrx_word' id='word_1_833' title='bbox 2677 5145 2768 5198; x_wconf 86' lang='grc' dir='ltr'>τὸν</span> <span class='ocrx_word' id='word_1_834' title='bbox 2811 5147 3132 5219; x_wconf 84' lang='grc' dir='ltr'>φροντιστὴν</span> <span class='ocrx_word' id='word_1_835' title='bbox 3185 5148 3284 5217; x_wconf 84' lang='grc' dir='ltr'><strong>τῆς</strong></span> <span class='ocrx_word' id='word_1_836' title='bbox 3313 5148 3568 5219; x_wconf 71' lang='grc' dir='ltr'>ἀληθείας</span> <span class='ocrx_word' id='word_1_837' title='bbox 3606 5151 3670 5200; x_wconf 86' lang='grc' dir='ltr'><strong>ὲκ</strong></span> <span class='ocrx_word' id='word_1_838' title='bbox 3718 5151 3839 5204; x_wconf 78' lang='grc' dir='ltr'>τῶν</span> 
     </span>
    </p>
   </div>
   <div class='ocr_carea' id='block_1_113' title="bbox 2255 5237 3843 5309">
    <p class='ocr_par' dir='ltr' id='par_1_113' title="bbox 2255 5237 3843 5309">
     <span class='ocr_line' id='line_1_113' title="bbox 2255 5237 3843 5309; baseline 0.001 -19"><span class='ocrx_word' id='word_1_839' title='bbox 2255 5238 2400 5292; x_wconf 81' lang='grc' dir='ltr'>ἰδίων</span> <span class='ocrx_word' id='word_1_840' title='bbox 2425 5237 2648 5307; x_wconf 90' lang='grc' dir='ltr'>θεωρεῖν</span> <span class='ocrx_word' id='word_1_841' title='bbox 2672 5237 2733 5290; x_wconf 83' lang='grc' dir='ltr'>τὸ</span> <span class='ocrx_word' id='word_1_842' title='bbox 2763 5237 3137 5308; x_wconf 87' lang='grc' dir='ltr'>προκείμενον,</span> <span class='ocrx_word' id='word_1_843' title='bbox 3165 5239 3239 5309; x_wconf 76' lang='grc' dir='ltr'>μὴ</span> <span class='ocrx_word' id='word_1_844' title='bbox 3257 5238 3344 5290; x_wconf 76' lang='grc' dir='ltr'>διὰ</span> <span class='ocrx_word' id='word_1_845' title='bbox 3372 5240 3467 5309; x_wconf 76' lang='grc' dir='ltr'><strong>τῆς</strong></span> <span class='ocrx_word' id='word_1_846' title='bbox 3490 5239 3597 5292; x_wconf 76' lang='grc' dir='ltr'>τῶν</span> <span class='ocrx_word' id='word_1_847' title='bbox 3626 5238 3843 5291; x_wconf 84' lang='grc' dir='ltr'>ὑλικῶν</span> 
     </span>
    </p>
   </div>
   <div class='ocr_carea' id='block_1_114' title="bbox 2252 5329 3838 5401">
    <p class='ocr_par' dir='ltr' id='par_1_114' title="bbox 2252 5329 3838 5401">
     <span class='ocr_line' id='line_1_114' title="bbox 2252 5329 3838 5401; baseline -0.001 -17"><span class='ocrx_word' id='word_1_848' title='bbox 2252 5331 2585 5401; x_wconf 80' lang='grc' dir='ltr'>κατηγορίας</span> <span class='ocrx_word' id='word_1_849' title='bbox 2617 5329 2918 5383; x_wconf 74' lang='grc' dir='ltr'>διαθάλλειν</span> <span class='ocrx_word' id='word_1_850' title='bbox 2943 5330 3034 5383; x_wconf 78' lang='grc' dir='ltr'><strong>τὸν</strong></span> <span class='ocrx_word' id='word_1_851' title='bbox 3067 5330 3247 5384; x_wconf 77' lang='grc' dir='ltr'>ἄῦλον.</span> <span class='ocrx_word' id='word_1_852' title='bbox 3284 5332 3346 5382; x_wconf 86' lang='grc' dir='ltr'>Εἰ</span> <span class='ocrx_word' id='word_1_853' title='bbox 3373 5332 3480 5400; x_wconf 79' lang='grc' dir='ltr'><strong>γαρ</strong></span> <span class='ocrx_word' id='word_1_854' title='bbox 3513 5331 3838 5400; x_wconf 81' lang='grc' dir='ltr'>ἄνθρωπος,</span> 
     </span>
    </p>
   </div>
   <div class='ocr_carea' id='block_1_115' title="bbox 2254 5421 3843 5493">
    <p class='ocr_par' dir='ltr' id='par_1_115' title="bbox 2254 5421 3843 5493">
     <span class='ocr_line' id='line_1_115' title="bbox 2254 5421 3843 5493; baseline 0.001 -19"><span class='ocrx_word' id='word_1_855' title='bbox 2254 5424 2287 5493; x_wconf 83' lang='grc' dir='ltr'><strong>ἢ</strong></span> <span class='ocrx_word' id='word_1_856' title='bbox 2331 5422 2475 5491; x_wconf 77' lang='grc' dir='ltr'>βοῦς,</span> <span class='ocrx_word' id='word_1_857' title='bbox 2509 5422 2542 5493; x_wconf 85' lang='grc' dir='ltr'>ἦ</span> <span class='ocrx_word' id='word_1_858' title='bbox 2574 5421 2698 5476; x_wconf 81' lang='grc' dir='ltr'>ἄλλο</span> <span class='ocrx_word' id='word_1_859' title='bbox 2719 5439 2770 5474; x_wconf 85' lang='grc' dir='ltr'><strong>τι</strong></span> <span class='ocrx_word' id='word_1_860' title='bbox 2803 5422 2910 5474; x_wconf 79' lang='grc' dir='ltr'>τῶν</span> <span class='ocrx_word' id='word_1_861' title='bbox 2936 5421 3021 5474; x_wconf 77' lang='grc' dir='ltr'><strong>διὰ</strong></span> <span class='ocrx_word' id='word_1_862' title='bbox 3049 5422 3248 5492; x_wconf 74' lang='grc' dir='ltr'>σαρκὸς</span> <span class='ocrx_word' id='word_1_863' title='bbox 3277 5423 3606 5492; x_wconf 87' lang='grc' dir='ltr'>τικτομένων</span> <span class='ocrx_word' id='word_1_864' title='bbox 3635 5424 3697 5475; x_wconf 85' lang='grc' dir='ltr'><strong>ού</strong></span> <span class='ocrx_word' id='word_1_865' title='bbox 3731 5441 3843 5475; x_wconf 74' lang='grc' dir='ltr'>κα-</span> 
     </span>
    </p>
   </div>
   <div class='ocr_carea' id='block_1_116' title="bbox 2254 5512 3844 5585">
    <p class='ocr_par' dir='ltr' id='par_1_116' title="bbox 2254 5512 3844 5585">
     <span class='ocr_line' id='line_1_116' title="bbox 2254 5512 3844 5585; baseline -0.002 -18"><span class='ocrx_word' id='word_1_866' title='bbox 2254 5513 2470 5585; x_wconf 88' lang='grc' dir='ltr'>θαρεύει</span> <span class='ocrx_word' id='word_1_867' title='bbox 2501 5514 2706 5576; x_wconf 81' lang='grc' dir='ltr'>πάθους</span> <span class='ocrx_word' id='word_1_868' title='bbox 2736 5515 2939 5581; x_wconf 81' lang='grc' dir='ltr'>γεννῶν</span> <span class='ocrx_word' id='word_1_869' title='bbox 2969 5515 3000 5582; x_wconf 80' lang='grc' dir='ltr'>ἢ</span> <span class='ocrx_word' id='word_1_870' title='bbox 3032 5516 3392 5584; x_wconf 76' lang='grc' dir='ltr'>γεννώμενοςο</span> <span class='ocrx_word' id='word_1_871' title='bbox 3419 5515 3469 5566; x_wconf 89' lang='grc' dir='ltr'><strong>τί</strong></span> <span class='ocrx_word' id='word_1_872' title='bbox 3504 5512 3661 5566; x_wconf 81' lang='grc' dir='ltr'>τοῦτο</span> <span class='ocrx_word' id='word_1_873' title='bbox 3694 5515 3844 5584; x_wconf 67' lang='grc' dir='ltr'>πρὶς</span> 
     </span>
    </p>
   </div>
   <div class='ocr_carea' id='block_1_117' title="bbox 2253 5606 3844 5678">
    <p class='ocr_par' dir='ltr' id='par_1_117' title="bbox 2253 5606 3844 5678">
     <span class='ocr_line' id='line_1_117' title="bbox 2253 5606 3844 5678; baseline -0.001 -18"><span class='ocrx_word' id='word_1_874' title='bbox 2253 5607 2351 5676; x_wconf 83' lang='grc' dir='ltr'>τὴν</span> <span class='ocrx_word' id='word_1_875' title='bbox 2377 5607 2562 5676; x_wconf 84' lang='grc' dir='ltr'>ἀπαθῆ</span> <span class='ocrx_word' id='word_1_876' title='bbox 2587 5609 2675 5661; x_wconf 81' lang='grc' dir='ltr'><strong>καὶ</strong></span> <span class='ocrx_word' id='word_1_877' title='bbox 2700 5608 2974 5678; x_wconf 88' lang='grc' dir='ltr'>ἀκήρατον</span> <span class='ocrx_word' id='word_1_878' title='bbox 3006 5608 3192 5675; x_wconf 78' lang='grc' dir='ltr'>φύσιν;</span> <span class='ocrx_word' id='word_1_879' title='bbox 3216 5608 3348 5660; x_wconf 78' lang='grc' dir='ltr'>υὺδὲ</span> <span class='ocrx_word' id='word_1_880' title='bbox 3377 5607 3485 5677; x_wconf 78' lang='grc' dir='ltr'>γὰρ</span> <span class='ocrx_word' id='word_1_881' title='bbox 3511 5606 3572 5659; x_wconf 82' lang='grc' dir='ltr'><strong>τὸ</strong></span> <span class='ocrx_word' id='word_1_882' title='bbox 3603 5606 3844 5674; x_wconf 62' lang='grc' dir='ltr'>θνητοὺς</span> 
     </span>
    </p>
   </div>
   <div class='ocr_carea' id='block_1_118' title="bbox 2255 5694 3844 5770">
    <p class='ocr_par' dir='ltr' id='par_1_118' title="bbox 2255 5694 3844 5770">
     <span class='ocr_line' id='line_1_118' title="bbox 2255 5694 3844 5770; baseline -0.011 -15"><span class='ocrx_word' id='word_1_883' title='bbox 2255 5700 2398 5769; x_wconf 75' lang='grc' dir='ltr'>ἡμᾶς</span> <span class='ocrx_word' id='word_1_884' title='bbox 2429 5694 2585 5763; x_wconf 77' lang='grc' dir='ltr'>εἶναι,</span> <span class='ocrx_word' id='word_1_885' title='bbox 2622 5697 2717 5770; x_wconf 82' lang='grc' dir='ltr'>τὴν</span> <span class='ocrx_word' id='word_1_886' title='bbox 2743 5696 3034 5751; x_wconf 81' lang='grc' dir='ltr'>ἀθανασίαν</span> <span class='ocrx_word' id='word_1_887' title='bbox 3060 5696 3152 5750; x_wconf 72' lang='grc' dir='ltr'>τοῦ</span> <span class='ocrx_word' id='word_1_888' title='bbox 3181 5695 3515 5765; x_wconf 72' lang='grc' dir='ltr'>Μονογενοῦς</span> <span class='ocrx_word' id='word_1_889' title='bbox 3542 5698 3844 5766; x_wconf 62' lang='grc' dir='ltr'>παραγρά-</span> 
     </span>
    </p>
   </div>
   <div class='ocr_carea' id='block_1_119' title="bbox 2297 5747 2305 5768">
    <p class='ocr_par' dir='ltr' id='par_1_119' title="bbox 2297 5747 2305 5768">
     <span class='ocr_line' id='line_1_119' title="bbox 2297 5747 2305 5768; baseline 0 0"><span class='ocrx_word' id='word_1_890' title='bbox 2297 5747 2305 5768; x_wconf 72' lang='grc' dir='ltr'><strong>ί</strong></span> 
     </span>
    </p>
   </div>
  </div>
