4138 6364
535 433 662 495 .625

1791 433 1846 488 S.
1882 429 2212 488 GREGORII
2251 432 2546 491 NYSSENI

3721 435 3820 492 6·ἐᾶ

558 561 709 608 caret
754 553 937 618 fuerit,
967 569 1076 608 non
1108 570 1228 610 esse
1259 555 1697 624 generationem:
1743 553 1891 625 quod
1922 553 1968 609 si
2013 551 2136 622 quis
2170 553 2496 608 conﬁteatur
2515 557 2662 625 quod
2686 572 3002 626 germanum
3029 567 3132 623 est,
3153 559 3411 614 'aﬁ'ectum
3467 561 3632 614 etiam
3695 573 3814 613 cum

559 649 914 718 generatione
943 648 1232 704 admittere

632 741 748 795 Non
775 741 854 797 sic
884 742 1136 798 sublimis
1157 741 1417 808 Joannes,
1451 761 1560 799 non
1587 746 1666 800 sic
1687 761 1792 800 vox
1817 745 1909 800 illa
1940 753 2139 798 tonans

2315 739 2426 810 Οὐχ
2465 739 2636 805 οὕτως
2677 743 2705 794 6
2747 742 2948 814 ὑψηλὸς
3000 743 3266 814 Ἰωάννης,
3303 746 3400 814 οὐχ
3431 745 3603 808 οὕτως
3637 749 3814 818 ἐκείνη

563 833 851 902 theologia:
898 833 1161 904 prmdicat
1197 836 1538 906 mySterium.
1601 839 1693 906 qui
1723 839 1886 892 etiam
1933 835 2136 890 Filium

562 924 657 979 Dei
689 927 958 992 nominat,
1006 928 1264 996 omnique
1302 929 1559 997 opinione
1589 929 1873 984 aﬁ'ectibus
1906 929 2142 983 haerente

563 1025 830 1087 expurgat
863 1019 1218 1088 prmconium.
1253 1019 1394 1074 Ecce
1419 1019 1564 1074 enim
1593 1021 1864 1086 quomodo
1895 1022 2140 1074 auditmn

563 1115 830 1175 praeparat
887 1114 942 1162 et
993 1115 1119 1162 ante
1175 1115 1335 1162 sanat
1385 1108 1439 1160 in
1498 1111 1779 1176 prooemiis
1839 1109 2139 1178 Evangelii.

563 1197 778 1262 Quanta
797 1213 962 1268 porro
992 1199 1045 1252 in
1065 1199 1292 1254 doctore
1319 1201 1683 1269 providentia,
1713 1215 1781 1256 ne
1802 1201 2140 1255 audientium

563 1289 764 1358 aliquis
815 1292 868 1342 in
916 1290 1147 1346 humiles
1197 1298 1250 1344 et
1299 1291 1540 1360 abjectas
1571 1293 1860 1361 opiniones
1894 1298 2137 1354 corruat,

563 1383 630 1434 ad
663 1381 932 1436 absurdas
967 1383 1229 1451 quasdam
1283 1383 1628 1452 suspiciones
1667 1398 1734 1436 ex
1788 1382 2004 1436 inscitia
2057 1382 2142 1435 lu-

561 1471 716 1524 brico
747 1473 896 1540 lapsu
927 1473 1216 1527 incitatus!
1251 1472 1321 1526 Ut
1350 1474 1502 1527 enim.
1529 1489 1692 1544 quam
1721 1473 2041 1542 longissime
2073 1473 2141 1526 ab

564 1561 762 1616 affectu
815 1579 921 1616 non
973 1565 1334 1618 exercitatum
1383 1565 1634 1618 auditum
1671 1565 1987 1626 abduceret,
2028 1581 2140 1618 non

563 1651 761 1705 Filium
789 1653 926 1706 dixit
956 1654 1008 1706 in
1039 1655 1324 1721 prommio,
1359 1671 1466 1708 non
1499 1653 1737 1718 Patrem,
1773 1670 1882 1708 non
1913 1671 2144 1724 genera-

564 1743 806 1806 tionem;
849 1760 918 1797 ne
945 1745 1069 1813 quis
1098 1745 1151 1796 in
1189 1745 1380 1814 primis
1421 1745 1504 1800 vel
1531 1745 1748 1800 Patrem
1786 1745 2032 1808 audiens,
2073 1745 2140 1800 ad

565 1843 868 1902 promptam
901 1843 954 1888 et
985 1841 1168 1888 notam
1209 1834 1375 1904 hujus
1407 1835 1646 1891 nominis
1682 1836 2139 1905 signiﬁcationem

563 1924 894 1989 traheretur,
951 1925 1034 1978 vel
1073 1923 1270 1978 Filium
1323 1925 1610 1994 prazdicari
1660 1940 1781 1978 cum
1832 1924 2138 1986 didicisset,

563 2023 828 2070 consueto
888 2031 1038 2070 more
1083 2027 1138 2070 et
1185 2017 1388 2070 usitato
1427 2015 1736 2088 signiﬁcatu
1779 2017 1886 2070 hoc
1939 2032 2136 2070 nomen

2241 833 2274 900 ἡ
2311 832 2536 902 βροντέα
2570 833 2720 904 φωνὴ
2761 834 2822 885 τὸ
2849 833 2948 902 τῆς
2991 833 3266 902 Θεολογίας
3304 835 3567 905 κηρύσσει
3610 841 3816 910 μυστή-

2245 940 2360 993 ριον
2381 941 2394 952 ·
2429 924 2486 988 ὃς
2531 926 2624 978 καὶ
2665 926 2792 978 Υἰὸν
2818 926 3068 996 ὀνομάζει
3099 925 3233 978 Θεοῦ
3252 967 3267 990 ,
3297 928 3389 980 καὶ
3420 927 3600 996 πάσης
3644 931 3817 998 ἐμπα-

2244 1014 2370 1078 θοῠς
2409 1016 2725 1088 ὑπολήψεως
2759 1017 3072 1088 ἐκκαθαίρει
3106 1018 3166 1069 τὸ
3212 1020 3494 1089 κήρυγμα.
3547 1021 3677 1073 Ἰδοὺ
3711 1022 3816 1091 γάρ

2244 1105 2360 1166 πῶς
2401 1107 2801 1181 προθεραπεύει
2835 1108 2934 1176 τὴν
2962 1107 3129 1178 ἀκοὴν
3157 1109 3212 1160 ἐν
3243 1111 3354 1171 τοῖς
3389 1109 3696 1179 προοιμίοις
3724 1112 3814 1164 τοῦ

2227 1198 2595 1266 Εὐαγγελίου.
2641 1200 2778 1269 Ὂση
2824 1198 2932 1268 γάρ
2975 1201 3032 1251 ἐν
3063 1198 3139 1267 τῷ
3168 1199 3471 1272 διδασκάλῳ
3515 1203 3816 1272 προμήθεια

2243 1289 2333 1342 τοῦ
2371 1293 2442 1360 μή
2481 1307 2601 1342 τινα
2642 1291 2746 1342 τῶν
2773 1292 3076 1344 ἀκουόντων
3122 1292 3201 1354 είς
3233 1291 3495 1355 ταπεινάς
3525 1293 3815 1362 ὑπολήψεις

2243 1381 2590 1443 καταπεσεῖν,
2611 1381 2744 1451 πρὸς
2763 1381 2995 1443 ἀτόπους
3018 1382 3168 1445 τινάς
3198 1383 3448 1446 ὑπονοίας
3469 1385 3526 1448 ἐξ
3552 1385 3814 1455 ἀμαθείας

2244 1471 2710 1542 ὑπολισθήσανταῑ
2743 1472 2829 1534 Ὧς
2871 1473 2976 1544 γὰρ
3012 1473 3077 1525 ἂν
3123 1473 3356 1542 μάλιστα
3395 1475 3584 1546 πόρῤω
3613 1475 3816 1536 πάθους

2243 1563 2515 1630 ἀπαγάγοι
2547 1565 2646 1632 τὴν
2688 1563 3031 1633 ἀγύμναστον
3063 1565 3254 1635 ἀκοὴν,
3288 1567 3384 1635 οὐχ
3422 1567 3548 1619 Υἱὸν
3578 1563 3728 1620 εἶπεν
3759 1571 3816 1620 ὲν

2243 1656 2534 1725 προοιμίῳ,
2585 1655 2644 1706 ού
2691 1655 2940 1724 Πατέρα,
2971 1656 3030 1708 οὖ
3075 1656 3364 1728 γέννησιν,
3401 1658 3486 1711 ἵνα
3529 1661 3600 1730 μή
3635 1677 3719 1723 τις
3759 1663 3816 1714 ὲν

2244 1745 2478 1816 πρώτοις
2509 1746 2539 1816 ἢ
2569 1745 2780 1816 Πατρὸς
2805 1746 3064 1810 ἀκούσας,
3091 1751 3372 1819 κατασυρῇ
3404 1749 3538 1819 πρὸς
3563 1751 3660 1820 τὴν
3687 1751 3815 1820 πρό-

2243 1855 2420 1908 χειρον
2453 1836 2686 1907 ἔμφασιν
2717 1836 2814 1889 τοῦ
2843 1835 3102 1908 ὀνόματος
3121 1877 3135 1899 ,
3171 1837 3204 1908 ἢ
3239 1838 3366 1890 Υίὸν
3401 1838 3586 1908 μαθὼν
3615 1857 3816 1910 κηρυσ-

2245 1928 2500 1999 σόμενον,
2541 1928 2681 1982 κατὰ
2723 1928 2821 1999 τὴν
2849 1920 2950 1981 ὦδε
2987 1928 3269 1999 συνήθειαν
3315 1930 3484 2003 νοήσῃ
3523 1930 3583 1982 τὸ
3611 1931 3811 2001 ὄνομα,

2242 2020 2274 2091 ἢ
2325 2019 2634 2091 προπταίσῃ
2669 2019 2748 2088 τῷ
2781 2019 2984 2088 ῥήματι
3028 2019 3128 2087 τῆς
3173 2020 3508 2088 γεννήσεως,
3566 2021 3642 2083 ὡς
3689 2021 3816 2089 λίθῳ

563 2107 745 2160 animo
775 2108 1283 2175 comprehenderet,
1319 2116 1372 2162 et
1411 2108 1468 2161 in
1500 2108 1868 2177 generationis
1897 2108 2137 2162 vocabu-

2243 2111 2665 2182 προσκόμματος
2684 2127 2698 2142 ’
2731 2109 2844 2162 ἀλλ’
2871 2110 2992 2162 ἀντὶ
3023 2109 3122 2179 μὲν
3155 2109 3389 2181 Πατρὸς,
3426 2109 3597 2180 ἀρχὴν
3625 2111 3818 2182 ὀνομά-

561 2201 675 2253 lum
721 2199 1049 2268 procideret,
1103 2207 1360 2268 tanquam
1399 2201 1452 2253 in
1497 2200 1731 2269 lapidem
1784 2199 2138 2256 oﬁ’ensionis:

563 2291 660 2346 sed
696 2292 873 2346 Patris
909 2292 1030 2346 loco
1061 2291 1393 2361 principium
1427 2293 1694 2355 nominat,
1729 2301 1783 2346 ct
1819 2308 1918 2362 pro
1949 2294 2140 2358 verbo,

562 2384 776 2453 genitus
805 2393 910 2445 est.
938 2385 1120 2452 posuit
1150 2384 1375 2437 verbum
1395 2424 1409 2446 ,
1451 2395 1597 2448 erat,
1625 2394 1678 2438 et
1711 2386 1830 2438 loco
1862 2384 1982 2438 Filii
2009 2427 2024 2450 ,
2054 2387 2142 2440 τὸν

563 2475 754 2542 Λόγον,
793 2474 1055 2538 Verbum,
1087 2482 1140 2528 et
1167 2474 1241 2528 ait
1273 2493 1282 2528 :
1319 2473 1384 2528 In
1413 2477 1669 2542 principio
1705 2486 1820 2530 erat
1853 2476 2076 2530 Verbum
2097 2479 2140 2532 ³.

563 2570 698 2631 Quis
725 2567 780 2620 in
813 2567 901 2622 his
921 2566 1187 2622 aﬁ‘ectus?
1219 2567 1308 2621 dic
1335 2568 1497 2622 mihi:
1532 2577 1586 2622 et
1619 2577 1759 2634 erat,
1795 2579 1847 2623 et
1869 2569 2138 2624 Verbum:

562 2676 690 2714 num
748 2659 973 2716 aﬁ‘ectus
1023 2659 1126 2714 fuit
1183 2662 1556 2730 principium?
1640 2680 1770 2718 num
1832 2666 1884 2718 in
1945 2665 2140 2719 aﬁ‘ectu

561 2753 712 2805 erat?
733 2767 863 2806 num
893 2767 987 2822 per
1018 2751 1294 2820 aﬁ'ectum,
1317 2756 1345 2806 6
1370 2755 1560 2822 Λόγος,
1581 2753 1859 2810 Verbum?
1889 2756 1982 2812 Vel
2009 2773 2143 2826 quo-

563 2845 705 2897 niam
738 2845 791 2898 in
829 2844 992 2898 dictis
1033 2860 1140 2900 non
1177 2855 1262 2900 est
1301 2844 1547 2909 aﬁectus,
1589 2863 1766 2916 neque
1814 2849 1957 2917 quod
2019 2865 2143 2917 pro-

562 2936 740 3006 prium
775 2944 832 2990 et
873 2951 1191 3005 germanum
1223 2945 1306 2990 est
1341 2937 1442 2990 hoc
1489 2940 1762 3007 praeconio
1805 2941 2138 2994 enuntiatur.

561 3027 723 3096 Atqui
758 3026 1034 3096 quomodo
1069 3026 1227 3080 aliter
1256 3029 1427 3097 magis
1459 3036 1512 3082 et
1545 3028 1751 3082 clarius
1784 3029 1835 3082 id
1872 3029 2016 3097 quod
2056 3045 2140 3083 sc-

561 3117 800 3172 cundum
858 3118 1157 3172 essentiam
1215 3133 1505 3174 commune
1561 3129 1644 3174 est
1699 3127 1752 3174 ct
1800 3136 2138 3188 germanum,

564 3206 826 3276 quodque
849 3217 1180 3260 comternum
1205 3205 1370 3261 Verbi
1401 3223 1525 3260 cum
1555 3209 1847 3278 principio,
1867 3226 2027 3280 quam
2049 3227 2142 3280 per

561 3299 676 3353 haec
707 3299 877 3353 verba
924 3313 1246 3368 expressum
1281 3297 1610 3354 esset?Non
1663 3301 1808 3355 enim
1861 3303 2016 3365 dixit,
2061 3302 2138 3356 Ex

563 3393 831 3461 principio
865 3392 1104 3462 genitum
1142 3400 1225 3446 est
1257 3391 1515 3455 Verbum,
1551 3407 1620 3448 ne
1670 3393 1904 3462 quadam
1948 3404 2137 3449 exten-

563 3485 679 3538 siva
715 3482 938 3538 notione
985 3498 1012 3534 a
1046 3483 1319 3552 principio
1353 3481 1587 3537 Verbum
1622 3483 1991 3554 disjungeret;
2045 3485 2136 3539 sed

561 3575 726 3630 simul
777 3590 902 3629 cum
945 3574 1220 3646 principio
1271 3576 1584 3645 praedicavit
1638 3591 1946 3639 commune,
2014 3571 2140 3631 cum

565 3663 704 3717 dixit
734 3671 787 3719 et
819 3663 887 3718 de
921 3664 1192 3734 principio
1235 3674 1288 3719 et
1315 3665 1382 3719 de
1418 3664 1620 3728 Verbo,
1651 3679 1846 3736 nempe
1873 3677 1991 3722 erat
2019 3687 2032 3734 ;
2069 3687 2138 3724 ne

564 3755 836 3823 princirio
889 3755 1164 3824 posterius
1209 3764 1356 3810 esset
1408 3755 1669 3822 Verbum,
1725 3758 1817 3810 sed
1867 3759 2142 3826 prazconio

563 3846 808 3900 auditum
837 3852 1220 3910 anteverteret,
1251 3846 1568 3914 priusquam
1603 3848 1780 3901 solum
1811 3849 2138 3918 principium

565 3937 619 3988 in
650 3936 830 4004 seipso
862 3934 1198 3995 admitteret,
1223 3948 1348 3986 eum
1373 3933 1624 4002 principii
1658 3934 1758 3988 ﬁde
1789 3950 2136 4004 congressus.

563 4025 770 4080 Deinde
815 4025 911 4088 ait,
945 4024 1016 4078 Ει
1071 4024 1295 4078 Verbum
1339 4033 1454 4078 erat
1501 4025 1638 4092 apud
1681 4017 1852 4079 Deum
1875 4027 1914 4078 ³.
1950 4027 2141 4078 Adhuc

553 4117 878 4188 evangelista
961 4124 1210 4170 nostrum
1254 4116 1404 4169 timet
1449 4115 1584 4168 rude
1620 4123 1674 4170 et
1727 4117 2140 4170 inexercitatum

563 4207 866 4274 ingenium,
899 4206 1080 4259 adhuc
1109 4206 1304 4260 metuit
1341 4215 1584 4259 nostram
1628 4203 1912 4258 infantiam
1955 4215 2008 4260 et
2045 4206 2144 4258 im-

563 4299 857 4368 peritiam,
917 4299 1160 4352 nondum
1223 4296 1642 4352 ﬁdeicommittit
1705 4291 1914 4350 auditui
1965 4295 2142 4352 Patris

565 4391 1004 4460 appellationem,
1041 4405 1107 4446 ne
1133 4390 1258 4459 quis
1279 4406 1466 4445 eorum
1497 4390 1587 4458 qui
1619 4389 1789 4459 magis
1816 4403 2036 4441 carnem
2057 4400 2144 4442 sa-

565 4480 746 4548 piunt,
775 4495 898 4532 cum
938 4477 1154 4534 Patrem
1189 4479 1444 4542 audierit,
1491 4495 1618 4533 mox
1657 4489 1885 4532 matrem
1914 4493 1978 4531 ex
2015 4491 2144 4531 con-

567 4578 831 4639 sequente
865 4571 1050 4624 arimo
1079 4586 1180 4625 suo
1215 4570 1380 4641 ﬁngat
1410 4579 1462 4625 et
1496 4572 1792 4642 imprimat.
1834 4569 1937 4624 Sed
1967 4585 2144 4638 neque

566 4666 742 4718 adhuc
775 4662 972 4718 Filium
993 4665 1236 4718 nominat
1268 4666 1322 4718 in
1357 4665 1458 4718 hoc
1482 4664 1754 4732 praeconio
1783 4682 1794 4716 :
1833 4662 2144 4732 suspicatur

2245 2203 2346 2267 ζει,
2374 2203 2494 2256 ἀντὶ
2533 2201 2591 2254 δὲ
2631 2201 2724 2254 τοῦ
2760 2201 3041 2272 ἐγεννήθη,
3067 2201 3130 2254 τὸ
3161 2197 3250 2272 ἧν,
3293 2201 3412 2253 ἀντὶ
3451 2201 3508 2254 δὲ
3537 2201 3632 2254 τοῦ
3663 2203 3815 2264 Υίοῦ,

2241 2297 2334 2350 τὸν
2357 2297 2550 2364 Λόγον,
2585 2295 2676 2348 καὶ
2705 2293 2866 2364 φησίν
2886 2312 2900 2325 ·
2945 2293 3048 2348 Ἐν
3083 2291 3240 2362 ἀρχῇ
3267 2288 3346 2361 ἦν
3373 2298 3406 2348 ό
3428 2296 3635 2363 Λόγος.
3662 2296 3819 2348 Ποῖον

2243 2389 2301 2440 ἐν
2337 2387 2544 2450 τούτοις
2584 2387 2782 2448 πάθος;
2813 2387 2930 2438 εἰπέ
2964 2401 3082 2455 μοι’
3121 2387 3213 2438 καὶ
3249 2382 3337 2457 ἦν,
3369 2387 3460 2438 καὶ
3495 2387 3666 2454 Λόγος
3687 2401 3700 2416 ⁸
3747 2387 3819 2456 μὴ

2246 2479 2414 2542 πάθος
2439 2481 2472 2550 ή
2503 2479 2665 2549 ἁρχὴ,
2705 2477 2777 2548 μὴ
2824 2481 2881 2530 ἐν
2909 2479 3067 2530 πάθει
3097 2478 3156 2530 τὸ
3187 2473 3255 2548 ἦν
3281 2518 3296 2544 ,
3337 2479 3410 2549 μὴ
3438 2477 3527 2530 διὰ
3567 2477 3768 2539 πάθους
3791 2477 3822 2527 ὁ

2243 2572 2413 2637 Λόγος
2437 2588 2450 2634 ;
2482 2571 2552 2621 Ἦ
2579 2568 2762 2638 ἐπειδὴ
2791 2567 2960 2631 πάθος
2982 2570 3040 2620 ἐν
3066 2571 3178 2631 τοῖς
3202 2567 3510 2639 εἰρημένοις
3526 2567 3626 2619 οὐκ
3653 2566 3818 2629 ἔστιν,

2243 2659 2362 2712 οὐδὲ
2401 2659 2461 2711 τὸ
2499 2661 2696 2712 οἰκεῖον
2740 2657 3153 2724 συνεκφαίνεται
3192 2657 3268 2728 τῷ
3313 2656 3648 2727 κηρύγματι.
3693 2657 3826 2710 Καί-

2244 2767 2390 2818 τοιγε
2438 2749 2553 2811 πῶς
2587 2749 2651 2802 ἂν
2685 2749 2883 2819 ἑτέρως
2919 2747 3116 2818 μᾶλλον
3161 2746 3439 2818 διαφανείη
3483 2747 3544 2798 τὸ
3580 2745 3699 2799 κατ’
3729 2747 3822 2798 ού-

2246 2843 2365 2895 σίαν
2405 2841 2580 2894 κοινόν
2621 2857 2680 2892 τε
2715 2841 2808 2892 καὶ
2841 2841 3092 2908 γνήσιον,
3127 2838 3220 2892 καὶ
3263 2837 3325 2891 τὸ
3359 2835 3694 2900 συναῖδιάζον
3727 2835 3823 2890 τοῦ

2242 2935 2416 3000 Λόγου
2441 2933 2575 3004 πρὸς
2605 2933 2700 3002 τὴν
2735 2929 2929 3000 ἀρχὴν,
2963 2930 2996 3000 ἢ
3027 2929 3114 2983 διὰ
3145 2929 3348 2982 τούτων
3375 2929 3482 2982 τῶν
3509 2927 3718 2997 λόγων;
3745 2930 3820 2982 Οὐ

2244 3026 2351 3095 γὰρ
2383 3021 2553 3087 εἶπεν,
2593 3024 2686 3076 Ἐκ
2722 3023 2821 3093 τῆς
2848 3021 3022 3092 ἀρχῆς
3055 3020 3313 3092 ἐγεννήθη
3340 3023 3368 3072 6
3395 3021 3599 3089 Λόγος,
3626 3021 3712 3074 ἵνα
3748 3021 3822 3092 μή

2243 3137 2348 3171 τινι
2375 3115 2728 3188 παρατατικῷ
2756 3119 2981 3186 νοήματι
3005 3117 3104 3185 τῆς
3133 3114 3306 3185 ἀρχῆς
3327 3113 3578 3184 διαζεύξῃ
3607 3114 3698 3166 τὸν
3723 3115 3826 3167 Δό-

2244 3229 2374 3278 γον,
2435 3209 2550 3263 ἀλλ’
2581 3209 2716 3278 ὁμοῦ
2751 3211 2815 3279 τῇ
2849 3211 2988 3278 ἀρχῇ
3033 3206 3392 3276 συνεκήρυξε,
3439 3207 3614 3260 κοινὸν
3657 3203 3826 3258 εἰπὼν

2243 3305 2338 3372 τῆς
2373 3303 2545 3374 ἀρχῆς
2585 3319 2644 3353 τε
2678 3302 2770 3353 καὶ
2797 3299 2890 3353 τοῦ
2919 3299 3093 3365 Λόγου
3127 3299 3186 3352 τὸ
3214 3294 3313 3368 ἦν·
3355 3299 3442 3351 ἵνα
3484 3295 3558 3368 μὴ
3599 3297 3828 3366 ἐφυστε-

2249 3397 2387 3466 ρήσῃ
2413 3392 2549 3464 μετά
2576 3392 2673 3458 τὴν
2703 3389 2874 3461 ἀρχὴν
2902 3392 2929 3442 ὁ
2949 3389 3139 3458 Λόγος,
3165 3388 3298 3442 ἀλλὰ
3328 3387 3508 3458 φθάσῃ
3531 3387 3628 3458 τὴν
3653 3385 3828 3456 ἀκοὴν

2243 3486 2319 3554 τῷ
2361 3483 2708 3554 κηρύγματι,
2761 3483 2888 3551 πρὶν
2935 3481 3100 3550 μόνην
3143 3479 3244 3548 τὴν
3289 3477 3462 3548 ἀρχὴν
3507 3475 3590 3544 ἐφ’
3623 3474 3828 3543 ἑαυτῆς

2244 3573 2670 3644 παραδέξασθαι,
2704 3575 2770 3642 τῇ
2809 3571 2935 3640 περὶ
2980 3569 3078 3639 τῆς
3111 3567 3282 3638 ἀρχῆς
3319 3566 3498 3618 πίστει
3534 3563 3824 3618 συνελθὼν.

2243 3665 2375 3722 Εἶτά
2401 3685 2553 3737 φησι,
2584 3665 2695 3718 Καὶ
2721 3669 2752 3718 ὁ
2781 3665 2970 3731 Λόγος
2995 3657 3073 3732 ἦν
3097 3659 3246 3727 πρὸς
3271 3657 3378 3710 τὸν
3395 3659 3565 3711 Θεόν.
3601 3656 3720 3710 Ἔτι
3749 3653 3831 3706 δέ·

2241 3760 2417 3812 δοικεν
2468 3755 2622 3827 ἡμῶν
2672 3757 2700 3808 ό
2759 3752 3148 3822 εὒαγγελιστὴς
3193 3749 3255 3804 τὸ
3305 3747 3686 3818 ἀγύμναστον·
3742 3745 3828 3798 ἔτι

2243 3850 2485 3917 φοϐεῖται
2517 3845 2673 3916 ἡμῶν
2695 3844 2754 3896 τὸ
2779 3843 3044 3913 νηπιῶδές
3069 3859 3130 3893 τε
3161 3841 3254 3893 καὶ
3279 3838 3622 3892 ἀπαίδευτον.
3657 3835 3830 3889 Οὔπω

2243 3937 2626 3996 καταπιστεύει
2657 3939 2719 4008 τῇ
2753 3937 2888 4006 ἀκοῇ
2927 3936 3026 4004 τὴν
3056 3933 3145 3986 τοῦ
3183 3930 3395 4001 Πατρὸς
3429 3927 3824 4001 προσηγορίαν.

2243 4033 2328 4084 ἵνα
2379 4032 2450 4101 μή
2483 4046 2562 4091 τις
2592 4027 2696 4080 τῶν
2727 4023 3184 4096 σαρκωδεστέρων
3216 4020 3438 4092 Πατέρα
3477 4019 3662 4090 μαθὼν
3683 4058 3696 4080 ,
3731 4018 3832 4070 καὶ

2247 4121 2456 4193 μητέρα
2481 4117 2620 4172 κατά
2652 4116 2712 4168 τὸ
2742 4111 3028 4168 ἀκόλουθον
3049 4111 3136 4164 διὰ
3155 4110 3254 4180 τῆς
3275 4108 3510 4170 διανοίας
3541 4103 3830 4158 ἀνατυπὼι

2245 4231 2424 4283 σηται,
2468 4211 2604 4264 Ἀλλ’
2631 4208 2842 4262 οὐδέπω
2857 4205 2975 4259 οὔτε
2999 4204 3124 4257 Υἱὸν
3149 4200 3405 4272 ὀνομάζει
3432 4203 3488 4254 ὲν
3513 4199 3590 4268 τῷ
3619 4196 3832 4268 κηρύγ-

2247 4323 2394 4378 ματι·
2436 4301 2729 4358 ὑποπτεύει
2771 4299 2880 4370 γὰρ
2921 4298 3001 4350 ἔτι
3033 4295 3189 4367 ἡμῶν
3237 4293 3334 4364 τήν
3369 4292 3504 4363 πρὸς
3540 4289 3638 4360 τὴν
3673 4289 3833 4342 κάτω

2245 4400 2404 4470 φύσιν
2445 4395 2750 4466 συνήθειαν,
2783 4393 2856 4462 μή
2887 4408 2968 4454 τις
2995 4389 3122 4441 Υἱὸν
3151 4385 3409 4450 ἀκούσας,
3442 4379 3832 4452 ὲξανθρωπίνῃ

2244 4491 2304 4542 τὸ
2323 4491 2479 4546 Θείον
2506 4488 2570 4540 δι’
2599 4482 2880 4555 ὲμπαθοῦς
2925 4477 3265 4548 ὑπολήψεως.
3295 4475 3392 4527 Διὰ
3433 4472 3578 4526 τοῦτ’
3621 4473 3832 4526 ἐπανα-

2244 4579 2534 4649 λαμϐάνων
2575 4575 2638 4628 τὸ
2677 4576 2959 4644 κήρυγμα,
3002 4569 3174 4636 Λόγον
3204 4566 3364 4619 πάλιν
3394 4564 3706 4633 ὠνόμασεν,
3741 4561 3832 4612 σοὶ

2245 4672 2416 4726 ταῦτα
2444 4664 2776 4738 φυσιολογῶν
2817 4661 2895 4732 τῷ
2935 4660 3167 4730 ἀπίστῳ.
3212 4658 3297 4719 Ὠς
3331 4655 3440 4726 γάρ
3473 4657 3500 4706 6
3531 4655 3619 4716 σὸς
3663 4651 3831 4720 λόγος

563 4759 706 4813 enim
741 4766 986 4812 nostram
1035 4755 1103 4808 ad
1151 4765 1400 4809 naturam
1457 4755 1618 4808 imam
1669 4749 2140 4816 consuetudinem,

2248 4767 2340 4820 καὶ
2369 4767 2433 4818 ὲκ
2453 4762 2545 4814 τοῦ
2572 4760 2661 4812 νοῦ
2686 4755 3035 4826 ἀναφαίνεται
3060 4753 3154 4806 καὶ
3181 4752 3240 4803 οὐ
3273 4746 3608 4820 μεσιτεύεται
3635 4743 3824 4796 πάθεν

563 4867 632 4904 ne
668 4850 793 4918 quis
839 4848 1027 4902 audito
1065 4846 1188 4900 Filii
1245 4847 1468 4900 nomine
1499 4845 1566 4898 ad
1617 4845 1854 4899 hominis
1908 4843 2140 4911 formam

563 4942 903 4996 divinitatem
940 4939 1156 4994 turbida
1208 4937 1444 5008 quadam
1497 4945 1552 4992 et
1593 4938 1786 4990 aﬁ‘ectu
1825 4938 1983 5006 plena
2025 4936 2142 5004 Opi-

562 5033 728 5084 nione
769 5029 1077 5084 reduceret.
1125 5027 1471 5097 Quapropter
1509 5028 1844 5098 praeconium
1893 5035 2142 5096 repetens

561 5137 755 5176 rursus
793 5120 1028 5176 Verbum
1063 5120 1387 5182 nominavit,
1419 5121 1534 5172 hazc
1567 5118 1664 5172 tibi
1694 5118 1932 5172 naturali
1981 5118 2144 5172 modo

562 5216 848 5270 declarans
904 5213 1128 5268 inﬁdeli.
1172 5211 1240 5267 Ut
1269 5212 1414 5266 enim
1469 5220 1596 5264 tuus
1626 5227 1807 5265 sermo
1855 5227 1919 5266 ex
1965 5221 2144 5267 mcntc

567 5309 768 5377 prodit,
812 5321 990 5375 neque
1050 5303 1270 5359 aﬁcctui
1319 5304 1531 5359 medius
1584 5304 1986 5359 inter-miscetur
2019 5322 2033 5358 :
2067 5305 2146 5360 sic

563 5402 728 5454 etiam
763 5399 874 5452 illic
907 5397 1141 5452 Verbum
1190 5411 1312 5449 cum
1354 5395 1577 5462 audisti,
1606 5403 1658 5449 et
1687 5410 1754 5449 ne
1796 5395 2052 5450 aﬁ'ectum
2076 5413 2144 5450 ex

562 5493 746 5561 aliquo
787 5489 1092 5559 intelligas,
1147 5485 1269 5541 ideo
1303 5487 1532 5554 repetito
1594 5489 1865 5557 prmconio
1921 5489 2015 5554 ait,
2075 5488 2145 5541 Et

573 5582 798 5636 Verbum
825 5590 940 5634 erat
973 5579 1114 5648 apud
1147 5579 1336 5635 Deum.
1365 5579 1408 5634 Ο
1439 5581 1710 5650 quomodo
1757 5579 1866 5635 Deo
1905 5582 2142 5638 adnectit

563 5667 800 5726 Verbum
823 5673 834 5726 ι
858 5673 968 5728 imo
997 5687 1146 5736 vero,
1171 5672 1444 5742 quomodo
1473 5673 1744 5730 inlinitum
1775 5690 1900 5730 cum
1929 5675 2142 5732 inﬁnito

639 5855 658 5882 ²
695 5852 851 5910 30311.
887 5870 923 5919 ι,
955 5855 1004 5908 ’1.
1085 5851 1108 5885 ³
1165 5851 1300 5908 ibid.

2243 4859 2415 4920 οὕτως
2441 4855 2600 4908 κάκεῖ
2627 4851 2796 4918 Λόγον
2824 4845 3082 4909 ἀκούσας,
3119 4843 3214 4895 καὶ
3240 4843 3342 4892 οὐκ
3365 4838 3426 4891 ἔκ
3447 4853 3586 4898 τινος
3608 4836 3826 4904 νοήσεις

2242 4952 2302 5005 τὸ
2341 4947 2532 5010 πάθος.
2583 4941 2682 4996 Διὰ
2709 4939 2865 4994 τοῦτό
2901 4953 3062 5006 φησιν
3092 4932 3373 4987 ἀναλαϐὼν
3423 4928 3581 4983 πάλιν
3621 4927 3682 4980 τὸ
3721 4927 3830 4997 κή-

2244 5059 2447 5116 ρυγμα,
2474 5037 2579 5093 Καὶ
2604 5039 2637 5090 ὁ
2657 5037 2844 5103 Λόγος
2869 5029 2947 5101 ἦν
2975 5031 3124 5097 πρὸς
3151 5025 3258 5116 τὸν
3285 5025 3450 5116 Geor.
3485 5023 3548 5116 “Si
3577 5020 3692 5083 πῶς
3717 5035 3833 5071 πα-

2246 5111 2503 5206 ραμετρεῖ
2521 5126 2597 5197 τῷ
2629 5123 2747 5194 Θεῷ
2773 5124 2863 5176 τὸν
2886 5121 3054 5188 Λόγον
3079 5134 3092 5148 ·
3125 5115 3320 5188 μᾶλλον
3349 5113 3426 5206 δὲ,
3463 5111 3591 5206 πῶς
3602 5125 3828 5206 erepti”.

2248 5197 2478 5296 parteiam
2501 5217 2576 5286 τῷ
2609 5216 2820 5285 ἀπείρῳ
2844 5213 2904 5264 τὸ
2933 5211 3192 5279 ἄπειρονῐ
3240 5207 3303 5258 '0
3333 5205 3522 5272 Λόγος
3553 5197 3650 5296 ἦν-
3672 5199 3832 5296 ατρὸς

2244 5292 2350 5368 τὸν
2380 5313 2527 5366 Θεόι·
2544 5327 2556 5338 ·
2583 5309 2718 5379 πρὸς
2743 5306 2861 5359 ὅλον
2889 5305 2978 5356 τὸν
3001 5302 3131 5355 Θεὸν
3165 5301 3378 5358 πάντως
3417 5296 3534 5356 ὅλος
3569 5295 3598 5347 ὁ
3626 5292 3827 5360 Λόγος.

2247 5404 2456 5460 Οὐκοῦν
2488 5403 2609 5464 ὅσος
2638 5401 2665 5452 6
2695 5397 2846 5460 Θεὸς,
2875 5393 3126 5455 τοσοῦτος
3163 5389 3362 5460 δηλαδὴ
3399 5387 3492 5440 καὶ
3522 5387 3551 5438 6
3579 5384 3752 5452 Λόγος
3795 5384 3832 5434 ὁ

2248 5497 2384 5569 πρὸς
2415 5494 2574 5547 αὑτὸν
2610 5491 2717 5543 ῶν·
2752 5489 2890 5541 ὥστε
2918 5487 2964 5538 εἰ
3009 5487 3037 5538 6
3077 5483 3206 5545 Θεὸς
3241 5479 3594 5550 περιώρισται
3616 5517 3632 5539 ,
3666 5475 3759 5527 καὶ
3799 5475 3836 5526 ὁ

2249 5561 2420 5650 Λόγος
2462 5581 2678 5640 πάντως
2715 5577 2772 5628 ἐν
2814 5576 2943 5644 ὅρῳ.
2997 5574 3059 5624 Εἰ
3092 5571 3147 5624 δὲ
3197 5569 3285 5622 τοῦ
3335 5567 3469 5622 Θεοῦ
3516 5568 3550 5637 ή
3598 5561 3835 5634 ἀπειρία

2247 5675 2512 5731 διαϐαίνει
2550 5671 2641 5726 τὸν
2667 5671 2824 5743 ὅρον,
2861 5665 2982 5720 οὐδὲ
3015 5661 3189 5734 τούτῳ
3229 5657 3697 5730 συνθεωρούμενος
3720 5651 3836 5712 Δό-
