4138 6364
371 329 480 390 6‘33

1491 338 1776 394 CONTRA
1819 341 2216 408 EUNOMIUM,
2276 343 2406 398 LIB.
2455 345 2542 398 IV.

3554 348 3658 402 626

375 461 471 515 γος
501 446 648 516 ὅροις
677 441 772 498 καὶ
805 444 1023 516 μέτροις
1058 439 1504 518 διαλαμϐάνεται.
1541 454 1616 506 Οὐ
1657 454 1765 526 γάρ
1791 454 1857 508 ἄν
1883 469 1968 518 τις

2080 458 2344 514 extendit!
2423 458 2647 512 Verbum
2680 472 2793 513 erat
2827 462 2967 527 apud
3008 463 3217 516 Deum:
3280 463 3423 532 apud
3489 475 3658 518 totum

376 537 527 610 εἴπῃ,
562 537 636 606 μὴ
667 537 816 609 πάσῃ
838 536 931 589 τοῦ
957 538 1172 608 Πατρὸς
1195 543 1259 610 τῇ
1287 540 1502 611 θεότητι
1542 544 1966 616 συνθεωρεῖσθαι

376 631 466 680 τὸν
499 629 692 695 Λόγον,
736 629 810 692 ὠς
844 628 910 682 ἂν
943 629 1017 701 μὴ
1048 631 1145 684 τοῦ
1171 631 1308 685 Θεοῦ
1341 634 1403 686 τὸ
1443 635 1542 704 μὲν
1568 639 1626 689 ἐν
1661 639 1819 708 Λόγῳ
1857 640 1966 710 εἴη,

376 722 438 774 τὸ
473 721 528 774 δὲ
572 721 779 791 γυμνὸν
816 720 908 772 τοῦ
946 722 1119 789 Λόγου
1167 724 1459 794 ἐλέγχοιτο.
1519 727 1689 782 Πάλιν
1725 732 1967 803 πατρικὴ

378 814 471 866 τοῦ
517 813 760 866 Ἰωάννου
812 813 999 884 φωνὴ,
1042 814 1204 866 πάλιν
1241 815 1348 870 τῶν
1392 819 1765 888 νηπιαζόντων
1810 821 1968 892 τιθη-

381 907 546 959 νεῖται
573 905 671 975 τὴν
697 904 867 976 ἀκοὴν
893 905 921 957 ὁ
949 905 1338 978 εὐαγγελιστὴς
1360 909 1436 980 τῷ
1458 910 1793 982 κηρύγματι·
1817 912 1969 967 οὔπω

382 998 632 1052 τοσοῦτον
690 997 1008 1068 ηὑξήθημεν
1060 999 1118 1050 ὲν
1173 1003 1293 1063 ταῖς
1333 1000 1579 1072 πρώταις
1618 1005 1837 1072 φωναῖς,
1893 1007 1969 1070 ὡς

385 1092 512 1144 Υὶὸν
545 1089 874 1152 ἀκούσαντες
898 1090 996 1141 οὐκ
1026 1089 1091 1142 ἂν
1117 1090 1441 1160 ὀλίσθοιμεν,
1469 1095 1557 1148 διὰ
1582 1096 1682 1166 τῆς
1704 1099 1970 1169 συνήθους

384 1185 694 1256 ἐμφάσεως.
739 1184 839 1238 Διὰ
869 1183 1026 1236 τοῦτο
1057 1183 1220 1236 πάλιν
1261 1186 1290 1237 ό
1324 1185 1500 1257 κῆρυξ
1537 1187 1782 1242 ἀναϐοῶν
1810 1191 1868 1241 ἐν
1901 1193 1967 1261 τῇ

381 1277 544 1349 τρίτῃ
569 1279 722 1347 φωνῇ
759 1275 840 1328 ἔτι
870 1276 1041 1344 Λόγον
1077 1277 1178 1346 οὐχ
1209 1276 1337 1330 Υίὸν
1370 1277 1724 1349 ἁνεκήρυξεν,
1775 1281 1966 1335 εἰπών’

384 1370 497 1424 Καὶ
528 1369 673 1435 Θεὸς
696 1364 777 1438 ἦν
808 1371 840 1421 ό
869 1369 1079 1436 Λόγος.
1114 1366 1336 1437 Πρῶτον
1365 1364 1517 1423 εἶπεν
1551 1371 1609 1424 ἐν
1648 1363 1692 1438 ᾧ
1723 1365 1813 1442 ἦν,
1851 1367 1971 1425 εἷτα

383 1463 520 1534 πρὸς
566 1462 688 1516 τίνα
731 1457 820 1534 ἦν,
864 1460 957 1513 νῦν
999 1462 1052 1513 τί
1091 1462 1240 1514 ἐστιν
1281 1461 1449 1531 λέγει.
1495 1462 1595 1516 Διὰ
1636 1464 1735 1534 τῆς
1780 1463 1971 1536 τρίτης

383 1558 775 1629 ὲπαναλήψεως
804 1559 948 1612 τελεῖ
975 1558 1066 1612 τὸν
1097 1560 1296 1615 σκοπὸν
1341 1560 1437 1614 τοῦ
1480 1561 1853 1632 κηρύγματος.
1893 1564 1968 1616 Οὐ

381 1651 491 1723 γὰρ
522 1651 716 1720 Λόγον,
735 1654 899 1723 φησι,
940 1655 1062 1708 τινά
1091 1656 1202 1708 τῶν
1232 1655 1372 1708 κατὰ
1410 1655 1469 1708 τὸ
1501 1655 1790 1728 πρόχειρον
1818 1672 1966 1708 νοου-

385 1741 583 1810 μένων,
617 1739 754 1795 άλλὰ
777 1742 908 1795 Θεὸν
929 1743 1188 1815 κηρύσσω
1214 1745 1270 1796 ἐν
1294 1743 1372 1814 τῷ
1389 1745 1482 1797 τοῦ
1509 1745 1682 1814 Λόγου
1729 1747 1969 1816 προσρή-

387 1847 515 1900 ματι
536 1848 549 1862 °
575 1824 727 1896 οὗτος
750 1833 858 1905 γὰρ
877 1837 906 1887 ό
929 1835 1120 1903 Λόγος,
1151 1836 1207 1898 ὃς
1228 1836 1286 1887 ὲν
1309 1836 1449 1906 ἀρχῇ
1481 1831 1568 1906 ἦν,
1598 1836 1848 1907 καὶπρὸς
1874 1838 1964 1889 τὸν

382 1920 514 1973 Θεὸν
544 1917 632 1991 ἦν,
658 1922 758 1974 οὐκ
787 1922 914 1975 ἄλλο
941 1940 993 1975 τι
1023 1923 1172 1993 παρᾶ
1201 1923 1289 1977 τὸν
1318 1922 1450 1976 Θεὸν
1476 1920 1564 1994 ἦν,
1596 1923 1731 1976 ἀλλὰ
1753 1926 1846 1978 καὶ
1869 1927 1968 1978 αὐ-

382 2011 474 2075 τὸς
523 2012 655 2077 Θεὸς
713 2008 800 2085 ἦν.
857 2014 966 2068 Καὶ
1006 2014 1242 2084 συνεχῶς
1289 2014 1376 2068 διὰ
1428 2015 1528 2084 τῆς
1578 2015 1969 2086 ἐπαναλήψεως

385 2105 720 2175 ἐπακμάζων
749 2107 870 2168 ταῖς
910 2106 1341 2177 μεγαλοφωνίαις
1376 2108 1404 2159 ὁ
1437 2107 1632 2178 κήρυξ,
1665 2107 1852 2162 τοῦτον
1885 2107 1970 2161 λέ-

385 2214 473 2266 γει
512 2197 602 2252 τὸν
631 2197 762 2252 Θεὸν
795 2197 886 2250 τὸν
920 2201 979 2251 ἐν
1025 2198 1104 2268 τῷ
1149 2197 1464 2270 κηρύγματι
1509 2200 1965 2271 προδηλούμενον.

385 2289 586 2344 Τοῦτον
612 2285 748 2343 εἶναι
773 2290 838 2344 δι’
863 2284 923 2344 οὗ
945 2289 1012 2343 τά
1042 2291 1217 2344 πάντα
1241 2290 1478 2358 ἐγένετο,
1511 2292 1606 2344 καὶ
1633 2291 1778 2363 ζωὴν
1808 2288 1967 2359 εἶναι,

385 2383 480 2438 καὶ
501 2381 617 2453 φῶς
643 2381 966 2454 ἀνθρώπων,
990 2382 1085 2436 καὶ
1111 2383 1228 2452 φῶς
1254 2383 1504 2454 ἀληθινὸν
1531 2386 1588 2436 ἐν
1617 2383 1807 2456 σκοτίᾳ
1834 2385 1971 2456 λάμ-

387 2492 524 2538 πον,
567 2476 658 2527 καὶ
691 2476 796 2528 ὑπὸ
826 2475 926 2546 τῆς
974 2476 1192 2539 σκοτίας
1237 2477 1338 2530 οὐκ
1384 2477 1821 2548 ἀμαυρούμενον,
1861 2481 1971 2540 τοῖς

389 2566 538 2627 ἰδίοις
564 2563 953 2636 ἐπιδημοῦντα,
979 2565 1072 2617 καὶ
1099 2565 1202 2617 ὑπὸ
1224 2565 1332 2618 τῶν
1366 2565 1508 2619 ἰδίων
1531 2567 1591 2618 ού
1619 2566 1969 2637 λαμϐανόμε-

385 2672 494 2717 νον,
524 2655 617 2708 καὶ
642 2655 820 2727 σάρκα
845 2654 1157 2726 γενόμενον,
1185 2655 1279 2709 καὶ
1306 2655 1394 2709 διὰ
1420 2657 1520 2727 τῆς
1556 2657 1758 2727 σαρκὸς
1784 2659 1850 2728 τῇ
1879 2657 1973 2710 ἀν-

388 2748 632 2819 θρωπίνῃ
665 2749 1109 2819 κατασκηνοῦντα
1135 2747 1317 2816 φύσει.
1348 2749 1457 2801 Καὶ
1471 2747 1707 2801 τοσαῦτα
1729 2749 1974 2822 προδιεξ-

389 2838 557 2892 ελθὼν
585 2839 680 2892 καὶ
699 2839 942 2903 τοιαῦτα,
973 2839 1094 2891 τότε
1118 2840 1338 2909 Πατέρα
1360 2838 1525 2907 λέγει,
1565 2839 1660 2893 καὶ
1695 2841 1970 2912 Μονογενῆ

388 2930 663 3003 ὀνομάζει,
695 2932 782 2984 ὅτε
813 2931 993 2984 οὐκέτι
1022 2931 1262 2994 κίνδυνος
1281 2926 1348 3001 ἦν
1378 2949 1460 2994 τις
1484 2930 1563 3001 τῷ
1592 2931 1680 2984 διὰ
1704 2932 1972 2986 τοσούτων

390 3023 806 3095 κεκαθαρμένῳ,
829 3023 966 3093 πρός
992 3041 1113 3076 τινα
1146 3022 1405 3094 ρυπῶσαν
1441 3022 1829 3092 κατολισθῆσαι
1855 3025 1973 3076 διά-

389 3134 557 3183 νοιαν,
574 3119 637 3170 ἐκ
658 3117 756 3186 τῆς
773 3115 867 3169 τοῦ
887 3115 1099 3186 Πατρὸς
1117 3116 1406 3186 σημασίας·
1427 3117 1824 3185 Ἐθεασάμεθα
1842 3117 1969 3187 γὰρ,

390 3209 558 3278 φησὶ,
595 3207 710 3276 τὴν
754 3207 944 3272 δόξαν
978 3209 1198 3274 αὐτοῦ,
1237 3207 1425 3272 δόξαν
1469 3209 1548 3273 ὡς
1594 3209 1974 3278 Μονογενοῦς

390 3300 551 3368 παρὰ
578 3303 830 3369 Πατρός.

2073 550 2238 604 Deum
2289 567 2516 621 prorsus
2543 560 2714 605 totum
2747 552 3008 607 Verbum.
3053 555 3194 623 Ergo
3217 564 3455 624 quantus
3484 555 3651 612 Deus.

2073 649 2284 694 tantum
2342 643 2532 712 procul
2572 643 2738 698 dubio
2793 646 2957 698 etiam
2995 645 3253 711 Verbum,
3313 648 3459 716 quod
3517 649 3661 717 apud

2069 733 2249 802 ipsum
2283 743 2387 789 est.
2439 733 2621 801 Quare
2644 735 2690 790 si
2725 735 2870 791 Deus
2917 739 3152 792 termino
3211 739 3664 810 circumscriptus

2069 831 2172 888 est,
2198 822 2429 878 Verbum
2458 840 2674 895 quoque
2698 826 2752 880 in
2778 829 3030 882 termino.
3055 827 3212 893 Quod
3235 829 3279 883 si
3305 828 3398 883 Dei
3425 830 3662 884 immen-

2071 913 2208 968 sitas
2264 913 2379 968 sive
2439 914 2683 970 inﬁnitas
2747 917 3042 970 terminum
3116 921 3434 988 pertransit,
3483 935 3664 990 neque

2070 1005 2309 1059 Verbum
2333 1007 2478 1075 quod
2505 1021 2630 1060 cum
2658 1008 2762 1062 hoc
2787 1016 2967 1062 mente
2999 1009 3264 1075 cernitur,
3296 1010 3534 1065 termino
3563 1020 3662 1065 aut

2072 1098 2348 1152 mensuris
2405 1099 2907 1167 comprehenditur.
2947 1098 3119 1155 Nemo
3152 1103 3300 1156 enim
3354 1105 3660 1173 negaverit,

2071 1188 2309 1244 Verbum
2341 1206 2464 1244 cum
2490 1191 2639 1244 omni
2666 1185 2842 1247 Patris
2869 1193 3071 1248 deitate
3099 1194 3263 1248 simul
3287 1194 3556 1264 conspici,
3597 1212 3664 1250 ne

2070 1279 2163 1335 Dei
2203 1295 2329 1350 pars
2353 1281 2534 1350 aliqua
2561 1295 2685 1334 esse
2707 1281 2763 1335 in
2804 1279 3001 1347 Verbo,
3040 1296 3166 1351 pars
3197 1297 3326 1336 vero
3352 1282 3499 1336 nuda
3526 1281 3662 1337 Ver-

2073 1371 2142 1425 bo
2167 1373 2542 1443 redarguatur.
2569 1371 2786 1429 Rursus
2843 1383 3071 1444 paterna
3114 1373 3342 1430 Joannis
3373 1390 3478 1428 vox
3510 1394 3522 1428 :
3556 1375 3641 1428 ite-

2071 1480 2192 1516 rum
2242 1464 2532 1520 infantium
2567 1466 2813 1520 auditum
2873 1466 3204 1535 evangelista
3236 1481 3338 1521 suo
3386 1465 3662 1535 prazconio

2073 1557 2420 1614 nutricatur:
2481 1561 2725 1614 nondum
2799 1568 3010 1621 tantum
3068 1559 3125 1611 in
3172 1559 3367 1628 primis
3426 1559 3655 1612 vocibus

2072 1651 2219 1703 aucti
2253 1667 2462 1716 sumus,
2495 1656 2626 1723 quin
2675 1652 2721 1707 si
2760 1650 2956 1707 Filium
3008 1649 3375 1715 audissemus,
3437 1659 3662 1720 pr0pter

2072 1749 2394 1796 consuetam
2425 1749 2478 1796 et
2533 1742 2807 1811 cognitam
2859 1740 3318 1812 signiﬁcationem
3365 1741 3500 1809 lapsi
3553 1755 3662 1792 non

2001 1817 2042 1875 Β
2073 1834 2389 1888 fuissemus.
2422 1832 2720 1903 Propterea
2752 1849 2946 1890 rursus
2975 1847 3156 1902 praeco
3202 1832 3361 1886 tertia
3389 1847 3524 1886 voce
3551 1832 3665 1882 cla-

2075 1939 2255 1987 mans,
2297 1924 2476 1978 adhuc
2504 1924 2882 1984 Verbum,non
2897 1919 3088 1977 Filium
3115 1921 3308 1986 edixit,
3340 1921 3562 1984 dicens,
3593 1921 3662 1972 Et

2072 2017 2212 2072 Deus
2273 2029 2385 2070 erat
2453 2015 2698 2070 Verbum.
2749 2015 2992 2069 Primum
3058 2014 3198 2068 dixit
3248 2015 3303 2068 in
3356 2028 3466 2083 quo
3518 2021 3660 2076 erat,

2071 2109 2269 2164 deinde
2306 2110 2448 2179 apud
2482 2124 2668 2179 quem,
2700 2123 2848 2162 nunc
2877 2106 3009 2177 quid
3038 2113 3122 2162 est
3148 2105 3302 2161 dicit.
3341 2103 3528 2160 Tertia
3577 2119 3665 2156 re-

2073 2202 2337 2270 petitione
2392 2201 2649 2270 praeconii
2713 2215 2942 2270 scopum
2987 2200 3251 2254 absolvit.
3345 2194 3464 2251 Non
3517 2195 3667 2250 enim

2073 2294 2334 2362 Verbum,
2380 2295 2578 2363 inquit,
2615 2308 2806 2348 eorum
2856 2291 3079 2361 aliquod
3136 2305 3259 2362 quae
3290 2297 3542 2360 prompte
3580 2287 3663 2338 in-

2072 2388 2412 2458 telliguntur,
2462 2386 2556 2442 sed
2605 2386 2775 2440 Deum
2811 2386 3050 2456 praedico
3095 2385 3198 2438 hac
3244 2381 3410 2437 Verbi
3446 2379 3664 2452 (Λόγου)

2073 2478 2314 2536 dictione
2349 2500 2362 2536 :
2399 2481 2501 2534 hoc
2557 2481 2702 2534 enim
2758 2478 3023 2542 Verbum,
3089 2476 3236 2547 quod
3284 2476 3340 2530 in
3392 2471 3666 2545 principio

2073 2582 2211 2636 erat,
2243 2580 2298 2627 et
2327 2573 2471 2643 apud
2502 2574 2667 2627 Deum
2700 2579 2840 2637 erat,
2871 2587 2983 2625 non
3008 2570 3153 2623 aliud
3193 2567 3495 2638 quidquam
3527 2579 3667 2633 prm-

2073 2672 2158 2718 tcr
2186 2664 2351 2718 Deum
2378 2673 2518 2725 erat,
2551 2663 2647 2718 sed
2681 2669 2735 2717 et
2787 2663 2967 2732 ipsum
3017 2659 3162 2715 Deus
3199 2666 3338 2714 erat.
3373 2658 3437 2710 Et
3462 2656 3668 2726 jugiter

2074 2771 2172 2825 per
2203 2755 2629 2825 resumptionem
2690 2753 2995 2824 magnificis
3025 2751 3254 2806 vocibus
3316 2748 3667 2804 invalescens

2075 2864 2274 2920 praeco,
2326 2849 2472 2903 hunc
2497 2849 2663 2903 Deum
2693 2846 2846 2908 dicit,
2880 2846 2983 2898 hoc
3013 2843 3286 2913 prmconio
3331 2841 3446 2895 sive
3485 2838 3668 2892 edicto

2076 2943 2255 3011 palam
2301 2939 2662 2995 declaratum.
2721 2935 2836 2990 Hoc
2853 2951 2976 2991 esse
3000 2951 3094 3005 per
3127 2934 3274 3005 quod
3311 2930 3497 2986 omnia
3523 2925 3666 2982 facta

2076 3040 2224 3097 sunt,
2249 3040 2303 3088 et
2333 3033 2494 3087 vitam
2521 3046 2644 3088 esse
2667 3037 2829 3099 atque
2855 3030 3034 3084 lucem
3064 3026 3370 3088 hominum,
3405 3030 3458 3077 et
3490 3021 3669 3075 lucem

2077 3141 2262 3178 veram
2326 3125 2380 3178 in
2425 3125 2668 3180 tenebris
2726 3124 3045 3193 fulgentem,
3085 3128 3140 3175 et
3191 3115 3496 3172 atenebris
3557 3126 3668 3165 non

2082 3218 2486 3280 hebesccntem,
2538 3217 2594 3270 in
2620 3215 2736 3271 suis
2785 3228 3036 3277 versans,
3081 3218 3136 3266 et
3167 3225 3197 3264 a
3238 3209 3356 3265 suis
3383 3219 3493 3260 non
3519 3215 3672 3256 rece-

2081 3318 2256 3378 ptum,
2286 3318 2340 3365 et
2366 3325 2584 3364 carnem
2616 3307 2842 3371 factum,
2875 3315 2929 3361 et
2956 3321 3053 3374 per
3079 3317 3302 3359 carnem
3347 3301 3401 3354 in
3432 3298 3672 3352 humana

395 3403 587 3448 natura
634 3394 1008 3463 requiescens,
1053 3391 1169 3446 sive
1207 3400 1465 3462 tanquam
1525 3391 1577 3446 in
1618 3392 1973 3447 tabernaculo
2012 3396 2289 3456 habitans.
2345 3401 2526 3469 Atque
2556 3399 2686 3452 talia
2731 3412 2856 3450 cum
2909 3404 3035 3450 ante
3116 3391 3484 3462 exposuisset,
3552 3392 3672 3439 tum

393 3489 606 3546 Patrem
629 3487 783 3551 dicit,
817 3495 873 3542 et
903 3485 1252 3557 Unigenitum
1288 3487 1557 3553 nominat,
1591 3502 1715 3539 cum
1765 3488 1976 3542 nullum
2011 3494 2245 3562 amplius
2289 3494 2594 3564 periculum
2633 3491 2881 3545 imminet
2911 3491 2958 3545 ei
2994 3488 3088 3558 qui
3152 3500 3246 3554 per
3281 3481 3510 3536 totidem
3543 3490 3672 3548 por-

394 3591 658 3654 purgatus
685 3589 792 3646 est,
827 3595 898 3636 ne
951 3579 1006 3634 in
1035 3579 1441 3635 sordescentem
1480 3579 1741 3634 illabatur
1777 3581 2166 3656 cogitatipnem
2198 3603 2266 3643 ex
2296 3586 2477 3643 Patris
2534 3583 2902 3656 signiﬁcantia
2933 3601 2945 3635 :

397 3677 532 3745 quit,
566 3674 794 3744 gloriam
819 3672 954 3741 ejus,
984 3672 1208 3741 gloriam
1229 3670 1380 3739 quasi
1415 3668 1683 3740 Unigeniti
1713 3688 1746 3724 a
1788 3671 1969 3728 Patre.

464 3767 602 3820 Εἰπέ
643 3766 779 3836 πρὸς
806 3764 978 3819 ταῦτα
1017 3763 1095 3833 τῷ
1139 3763 1500 3833 εὐαγγελιστῇ
1524 3803 1537 3827 ,
1574 3765 1695 3816 εἰπὲ
1729 3765 1798 3819 τά
1843 3767 1982 3834 σοφά

399 3877 490 3912 σου
513 3858 706 3922 ταῦτα,
733 3856 1016 3926 Εὐνόμιος,
1039 3856 1121 3906 ὅτι
1145 3854 1261 3916 πῶς
1289 3855 1527 3924 Πατέρα,
1580 3856 1674 3908 καὶ
1723 3857 1838 3920 πῶς
1864 3859 1980 3910 Μο-

397 3952 587 4021 νογενῆ
621 3946 1011 4016 κατονομάζεις
1043 3944 1121 4016 τῷ
1168 3944 1340 4015 λόγῳ;
1383 3944 1594 4014 Πάσης
1638 3947 1981 4016 σωματικῆς

399 4041 742 4113 γεννήσεως
778 4039 875 4092 διὰ
906 4037 1135 4102 πάθους
1165 4036 1619 4106 ἐνεργουμένης.
1664 4039 1982 4111 Ἀποκρίνε-

399 4135 490 4190 ταί
529 4152 611 4188 σοι
632 4133 847 4194 πάντως
874 4130 1014 4200 ὑπὲρ
1046 4128 1211 4182 αὑτοῦ
1243 4131 1275 4198 ἠ
1309 4129 1536 4201 ἀλήθεια
1555 4147 1568 4161 ο
1610 4131 1690 4183 ὅτι
1719 4132 1846 4184 ἄλλο
1877 4131 1985 4184 θεο-

400 4225 489 4294 1ογ
505 4224 588 4286 ξας
615 4221 734 4274 ἐστὶ
763 4220 1080 4291 μυστήριον,
1115 4218 1208 4269 καὶ
1231 4217 1363 4288 ἄλλη
1397 4218 1505 4271 τῶν
1535 4219 1774 4289 ρευστῶν
1802 4222 1986 4292 σωμά-

402 4333 509 4372 των
533 4311 869 4385 φυσιολογία.
903 4308 1088 4380 Πολλῷ
1120 4308 1197 4380 τῷ
1234 4309 1382 4380 μέσῳ
1410 4311 1506 4363 ἀπ’
1537 4310 1781 4381 ἀλλήλων
1813 4313 1988 4367 ταῦτα

407 4405 826 4475 διατετείχισται
857 4419 871 4433 ·
933 4403 984 4455 τί
1045 4401 1335 4464 συνάπτεις
1403 4401 1489 4455 διὰ
1544 4401 1639 4455 τοῦ
1696 4403 1852 4472 λόγου
1921 4406 1988 4458 τά

405 4501 648 4571 aputu;
681 4495 808 4558 Πῶς
832 4493 908 4565 τῷ
940 4493 1179 4565 ῥυπῶντι
1209 4493 1350 4562 λόγῳ
1377 4493 1436 4546 τὸ
1465 4493 1704 4564 καθαρὸν
1743 4495 1991 4566 μολύνεις

3028 3578 3262 3634 Vidimus
3348 3573 3516 3636 enim,
3584 3568 3671 3621 in-

2159 3762 2240 3817 Ad
2270 3765 2384 3819 haec
2411 3761 2501 3817 dic
2538 3760 2904 3829 evangelistae,
2930 3773 2963 3809 o
2989 3753 3244 3818 Eunomi,
3270 3752 3358 3806 dic
3387 3761 3480 3806 tua
3508 3750 3670 3807 docta

2088 3855 2329 3909 inventa.
2359 3849 2643 3916 Quomodo
2664 3847 2902 3910 Patrem,
2929 3841 3205 3913 quomodo
3237 3837 3540 3909 Unigenam
3576 3853 3677 3893 no-

2089 3947 2264 3999 minas
2293 3941 2591 3998 sermone?
2621 3955 2740 3993 cum
2765 3938 2936 3991 omnis
2965 3933 3265 4004 corporalis
3289 3931 3557 4001 generatio
3583 3946 3676 3998 per

2089 4037 2335 4105 a/fectum
2385 4034 2659 4103 eﬁiciatur.
2725 4029 2849 4084 Tibi
2900 4043 3000 4098 pro
3052 4028 3174 4095 ipso
3231 4021 3528 4093 respondet
3582 4038 3675 4076 vc-

2088 4130 2222 4182 ritas
2259 4145 2272 4181 :
2306 4130 2452 4196 quod
2487 4123 2633 4179 aliud
2685 4130 2770 4177 est
2832 4120 3118 4190 theologia:
3172 4115 3517 4187 mysterium,
3572 4114 3676 4168 alia

2089 4237 2384 4292 corporum
2425 4237 2548 4291 qua:
2581 4227 2711 4274 sunt
2763 4220 2817 4271 in
2867 4217 3014 4271 ﬂuxu
3061 4209 3404 4285 physiologia
3441 4210 3680 4282 (natura:

2090 4312 2274 4383 ratio).
2303 4312 2492 4381 Longo
2553 4309 2736 4365 medio
2767 4310 2882 4363 hazc
2913 4323 2942 4361 a
2993 4322 3053 4361 se
3089 4307 3348 4370 invicem,
3414 4311 3677 4372 tanquam

2092 4421 2250 4460 muro
2273 4404 2588 4471 interjecto.
2632 4401 2829 4456 dissita
2871 4407 3002 4454 sunt
3046 4419 3059 4453 :
3095 4397 3226 4468 quid
3267 4395 3519 4450 oratione
3557 4409 3680 4463 qua:

2092 4499 2313 4554 misceri
2359 4508 2412 4553 et
2467 4496 2666 4551 sociari
2728 4493 2878 4549 nullo
2928 4495 3088 4547 modo
3157 4496 3366 4561 queunt
3420 4487 3681 4542 consuis?

406 4594 503 4663 τῆς
531 4590 682 4652 Θείας
710 4588 1049 4657 γεννήσεως;
1083 4584 1207 4648 Πῶς
1253 4585 1342 4638 διὰ
1386 4586 1493 4639 τῶν
1515 4586 1720 4651 ,παθῶν
1752 4587 1846 4640 τοῦ
1884 4587 1977 4640 σώ-

2096 4591 2372 4662 quomodo
2400 4603 2656 4644 sermone
2686 4588 2901 4656 impuro
2933 4595 2986 4640 et
3016 4583 3243 4640 sordido
3275 4583 3476 4636 divinae
3515 4593 3680 4650 gene-

412 4701 579 4754 ματος
611 4681 945 4752 τεχνολογείς
986 4678 1047 4732 τὸ
1085 4677 1410 4748 ἀσώματον;
1460 4679 1552 4750 Μὴ
1593 4681 1657 4731 ἐκ
1694 4679 1802 4731 τῶν
1841 4680 1992 4733 κάτω

409 4775 715 4845 φυσιολόγει
739 4771 809 4824 τὰ
846 4770 976 4824 ἄνω.
1009 4769 1136 4822 Υίὸν
1169 4769 1303 4822 Θεοῦ
1335 4769 1595 4842 κηρύσσω
1631 4771 1721 4823 τὸν
1767 4768 1989 4841 Κύριον,

409 4871 490 4923 ὅτι
517 4869 610 4921 καὶ
635 4866 696 4919 τὸ
724 4863 784 4930 ἐξ
822 4861 1066 4934 οὐρανῶν
1094 4861 1425 4930 Εὐαγγέλιον
1460 4862 1549 4916 διὰ
1580 4863 1679 4932 τῆς
1725 4865 1993 4934 φωτεινῆς

410 4960 638 5030 νεφέλης
663 4957 834 5019 οὕτως
863 4953 1157 5025 ἐκήρυξεν
1181 4942 1371 5018 Οὗτος
1401 4953 1511 5024 γὰρ
1532 4995 1545 5018 ,
1571 4954 1758 5024 φησιν,
1783 4957 1816 5007 ὁ
1860 4956 1992 5020 Υἱός

406 5073 525 5124 μου
551 5055 583 5106 ό
599 5049 922 5120 ἀγαπητός.
951 5047 1024 5100 Οὐ
1054 5045 1152 5117 μὲν
1178 5045 1366 5116 ἐπειδὴ
1389 5046 1516 5100 Υἱὸν
1532 5046 1832 5116 ἐδιδάχθην,
1855 5047 1993 5117 πρὸς

412 5149 512 5212 τὰς
541 5141 641 5200 ὦδε
663 5144 754 5197 τοῦ
785 5141 902 5195 υἱοῦ
933 5140 1210 5211 σημασίας
1244 5140 1640 5211 καθειλκύσθην
1671 5144 1735 5194 ἐκ
1756 5141 1850 5194 τοῦ
1878 5143 1994 5195 ὀνό-

421 5252 608 5306 ματος,
637 5232 776 5287 ἀλλὰ
804 5232 896 5285 καὶ
930 5233 995 5283 ἐκ
1027 5229 1119 5282 τοῦ
1149 5231 1361 5301 Πατρὸς
1392 5226 1530 5300 οῖδα,
1553 5232 1649 5284 καὶ
1671 5232 1735 5284 ἐκ
1771 5232 1864 5285 τοῦ
1890 5233 1994 5286 mi-

418 5335 542 5396 θους
589 5331 691 5384 οὐκ
725 5325 862 5384 οἶδα.
918 5327 1058 5396 Ἐγὼ
1102 5328 1158 5381 δὲ
1196 5327 1290 5380 καὶ
1319 5328 1476 5381 τοῦτο
1524 5331 1637 5392 τοῖς
1683 5329 1994 5399 εἰρημένοις

420 5423 741 5498 προσθήσω·
791 5421 875 5473 ὅτι
917 5415 1034 5474 οἶδά
1073 5437 1196 5473 τινα
1233 5420 1330 5472 καὶ
1379 5419 1694 5491 σωματικὴν
1741 5420 1994 5491 γέννησιν

419 5514 830 5585 καθαρεύουσαν
867 5511 1103 5577 πάθους,
1136 5511 1211 5575 ὡς
1250 5511 1344 5564 καὶ⁴
1381 5512 1439 5566 ὲν
1487 5511 1659 5582 τούτῳ
1695 5510 1863 5582 ψευδῆ
1901 5512 1995 5565 τοῦ

421 5607 684 5679 Εὑνομίου
713 5608 813 5678 τῆς
840 5608 1156 5680 σωματικῆς
1181 5609 1487 5679 γεννήσεως
1519 5607 1616 5680 τὴν
1652 5607 2000 5677 φυσιολογίαν

497 5783 722 5843 ‘Matth.
758 5799 839 5853 ιιι,
862 5784 951 5840 l7.

2095 4683 2329 4740 rationis
2357 4683 2648 4754 puritatem
2697 4678 3074 4748 conspurcas?
3100 4675 3376 4746 quomodo
3423 4689 3520 4742 per
3557 4687 3678 4726 cor-

2097 4778 2246 4846 poris
2268 4776 2497 4830 aﬁ‘ectus
2530 4773 2677 4843 quod
2707 4782 2790 4827 est
2816 4773 3218 4839 incorporeum'
3253 4761 3682 4820 architectaris?

2096 4868 2216 4923 Noli
2249 4884 2314 4922 ex
2347 4869 2433 4921 his
2455 4881 2576 4936 quae
2611 4873 2740 4920 sunt
2767 4862 2952 4916 inﬁma
2984 4869 3037 4916 et
3069 4861 3327 4915 deorsum
3357 4857 3590 4918 caduca,
3614 4857 3681 4908 de

2095 4960 2350 5029 supernis
2382 4971 2436 5013 et
2463 4959 2663 5012 divinis
2722 4952 3119 5025 philosophari.
3183 4949 3274 5002 Dei
3313 4947 3510 5001 Filium
3539 4962 3680 5017 prae-

2099 5053 2222 5106 dico
2263 5050 2577 5111 Dominum,
2600 5049 2746 5117 quod
2779 5047 2940 5100 ctiam
2969 5062 3000 5100 e
3035 5045 3176 5099 caelo
3211 5041 3563 5111 Evangelium
3587 5056 3683 5109 per

2099 5141 2336 5196 lucidam
2381 5139 2635 5194 nebulam
2704 5138 2782 5190 sic
2842 5135 3051 5189 edixit:
3110 5133 3211 5186 llic
3260 5132 3426 5194 enim,
3480 5129 3683 5198 inquit,

2102 5234 2278 5288 Filius
2308 5248 2452 5286 meus
2483 5230 2706 5283 dilectus
2733 5229 2771 5279 ⁸.
2814 5226 2932 5280 Non
2957 5235 3136 5279 tamen
3163 5233 3451 5294 postquam
3483 5220 3683 5274 Filium

2101 5327 2328 5381 edoctus
2361 5340 2504 5386 sum,
2533 5323 2600 5377 ad
2633 5321 2883 5388 vulgares
2911 5319 3006 5371 ﬁlii
3055 5314 3450 5388 signiﬁcantias
3478 5328 3545 5368 ex
3585 5328 3685 5366 no-

2103 5418 2249 5472 mine
2302 5423 2568 5470 attractus
2603 5411 2702 5476 i'ui,
2737 5410 2834 5466 sed
2869 5426 2936 5465 ex
2978 5408 3139 5463 Patre
3195 5407 3344 5472 novi,
3383 5422 3447 5460 ex
3489 5403 3683 5458 aﬁ‘ectu

2105 5527 2212 5566 non
2247 5510 2393 5565 novi.
2419 5508 2531 5579 Ego
2557 5516 2738 5561 autem
2769 5503 2874 5559 hoc
2892 5503 3054 5556 etiam
3077 5501 3241 5554 dictis
3272 5497 3464 5552 addam
3498 5516 3510 5550 :
3543 5495 3686 5564 quod

2107 5605 2270 5660 etiam
2338 5603 2722 5677 scio-aliquam
2754 5595 3096 5667 corporalem
3147 5591 3556 5665 generationem
3617 5589 3687 5644 ab
