4138 6364
437 322 538 376 ου

1679 326 1737 381 S.
1778 325 2108 382 GREGORII
2138 327 2429 387 NYSSENI

3600 338 3712 403 διε

440 438 635 493 affectu
667 432 897 493 liberam
928 443 983 497 et
1010 450 1228 507 puram.
1259 435 1442 504 Quare
1468 437 1522 492 in
1540 436 1647 493 hoc
1670 437 1806 495 falsa
1835 439 2008 496 Euno-

2124 444 2522 515 άπελεγχθῆναι
2547 459 2563 475 '
2597 448 2755 519 εἰπερ
2783 447 3029 522 εὑρεθείη
3063 447 3313 522 σώματος
3353 453 3507 517 τόκος
3536 455 3707 519 πάθος

439 528 531 580 inii
589 527 894 597 corporalis
930 526 1290 598 physiologia,
1346 527 1402 582 id
1449 534 1557 593 est,
1597 529 1868 585 naturalis
1898 530 2014 585 dis-

438 620 648 687 putatio
682 659 697 684 ,
754 618 1133 686 redarguitur,
1183 619 1455 690 siquidem
1516 620 1716 691 aliquis
1764 623 2014 691 corporis

435 698 627 777 partus
665 710 919 767 affectum
956 729 1065 766 non
1092 713 1300 768 habens
1342 712 1681 767 inveniatur.»
1714 713 1812 768 Dic
1841 716 2009 779 enim,

436 797 753 854 Verbumne
784 800 987 854 factum
1016 811 1099 856 est
1126 816 1276 867 caro,
1307 816 1491 855 annon
1526 802 1547 853 ?
1577 800 1693 855 Non
1724 802 1875 857 dices
1904 817 2010 856 non

373 877 379 885 ’
435 908 560 945 esse
613 891 838 945 factum.
892 891 1117 945 Factum
1149 900 1233 948 est
1278 893 1466 964 igitur,
1519 909 1621 947 nec
1654 895 1859 963 estqui
1894 896 2013 948 inli-

436 986 636 1037 cietur.
678 985 965 1049 Quomodo
1002 985 1168 1055 igitur
1202 985 1257 1039 in
1290 1000 1455 1042 carne
1512 987 1899 1041 manifestatus
1928 996 2014 1041 est

436 1075 581 1131 Deus
615 1076 676 1129 li?
708 1077 807 1129 Per
849 1085 1085 1144 partum,
1132 1076 1376 1145 profecto
1415 1077 1584 1130 dices.
1619 1077 1790 1143 Cujus
1826 1077 2010 1147 igitur,

438 1185 506 1224 an
538 1169 876 1223 meministi?
910 1169 1262 1238 perspicuum
1297 1168 1439 1238 quod
1490 1169 1750 1238 Virginis,
1780 1178 1834 1225 et
1866 1171 2012 1239 quod

436 1262 492 1315 in
520 1277 580 1316 ea
610 1262 874 1330 genitum,
913 1276 977 1315 ex
1014 1259 1217 1330 Spiritu
1250 1271 1443 1315 sancto
1476 1269 1615 1326 erat,
1652 1271 1705 1315 et
1737 1263 1881 1330 quod
1911 1263 2012 1314 im-

436 1353 569 1421 pleti
598 1359 725 1406 sunt
750 1352 865 1406 dies
899 1359 958 1403 ut
986 1352 1102 1420 ipsa
1128 1359 1436 1421 pareret,et
1467 1353 1722 1421 peperit“,
1745 1359 1798 1406 et
1817 1352 2014 1405 nihilo-

436 1444 623 1498 minus
654 1445 1143 1514 incorruptibilitas
1198 1443 1315 1498 sive
1347 1444 1630 1513 integritas
1684 1459 1811 1511 cum
1857 1453 2012 1514 partu

437 1544 759 1589 conservata
794 1543 897 1590 est.
935 1535 1139 1590 Deinde
1176 1535 1583 1605 generationem
1610 1551 1674 1589 ex
1700 1545 1870 1589 matre
1902 1551 2015 1590 mu-

435 1627 570 1683 liere
587 1626 781 1682 aﬂ‘ectu
811 1642 1001 1697 puram
1032 1627 1210 1683 credis
1233 1641 1353 1681 esse
1380 1626 1450 1696 (si
1478 1626 1688 1695 credis)
1722 1641 1741 1677 :-
1771 1627 2012 1681 divinam

433 1733 569 1773 vero
601 1728 655 1774 et
705 1719 1081 1788 incorruptam
1117 1733 1182 1773 ex
1220 1718 1377 1772 Patre
1410 1732 1518 1771 non
1555 1717 1819 1781 admittis,
1858 1735 1926 1772 ne
1954 1719 2007 1771 in

2120 535 2182 589 οὐ
2208 537 2660 607 προσδεξάμενος.
2699 538 2832 592 Εἰπὲ
2862 541 2970 611 γὰρ
2993 582 3007 605 ,
3046 542 3265 609 ἐγένετο
3304 541 3439 612 σάρξ
3465 545 3493 596 6
3528 544 3700 611 Λόγος

2119 622 2151 691 ἢ
2178 624 2295 694 ούχί
2312 643 2325 689 ;
2352 627 2465 678 Ούκ
2489 626 2555 679 ἂν
2583 629 2756 691 εῐποις
2786 629 2861 700 μὴ
2891 630 3240 699 γεγενῆσθαι.
3271 631 3462 699 Γέγονε
3496 632 3696 695 τοίνυν,

2120 714 2211 766 καὶ
2241 716 2340 767 ούκ
2380 715 2524 769 ἐστιν
2554 719 2581 770 6
2610 717 2958 789 ἀρνούμενος.
3001 719 3125 783 Πῶς
3152 716 3245 772 οὖν
3285 720 3605 790 ἐφανερώθη
3642 723 3709 773 ἐν

2120 806 2283 876 σαρκὶ
2326 809 2354 859 6
2388 808 2551 873 956g;
2596 808 2691 860 Διὰ
2722 810 2904 876 τόκου,
2936 811 3153 873 πάντως
3191 812 3354 880 ἐρεῖς.
3398 812 3559 863 Ποίου
3606 808 3707 863 οὖν

2116 896 2307 949 τούτου
2351 900 2550 967 μνησθε
2568 897 2641 963 ί,;
2666 900 2697 971 ἢ
2724 900 2881 969 δῆλον
2912 902 2992 954 ὅτι
3022 902 3121 971 τῆς
3149 902 3467 973 παρθενίας,
3500 905 3595 954 καὶ
3616 904 3698 955 ὅτι

2116 989 2177 1041 τὸ
2207 991 2263 1041 ὲν
2297 990 2431 1060 αὐτῇ
2467 991 2721 1060 γεννηθὲν
2746 993 2809 1044 ἐκ
2839 992 3156 1061 Πνεύματος
3190 993 3345 1059 ἁγίου
3373 989 3460 1063 ἦν,
3494 995 3587 1044 καὶ
3616 994 3701 1045 ὅτι

2116 1080 2464 1151 ἐπλήσθησαν
2508 1082 2563 1133 αἱ
2599 1082 2804 1154 ἡμέραι
2828 1083 2923 1135 τοῦ
2947 1086 3123 1135 τεκεῖν
3148 1082 3337 1151 αὐτὴν,
3384 1085 3477 1135 καὶ
3522 1082 3693 1146 ἔτεκε,

2116 1170 2211 1220 καὶ
2238 1169 2387 1221 οὐδὲν
2418 1164 2577 1239 ἦττον
2606 1172 2649 1239 ἡ.
2679 1170 2952 1244 ἀφθαρσία
2978 1171 3402 1242 συνδιεφυλάχθη
3429 1171 3506 1240 τῷ
3530 1170 3691 1241 τόκῳ.

2116 1255 2247 1311 Εἶτα
2282 1259 2378 1330 τὴν
2405 1263 2466 1313 ἐκ
2501 1261 2700 1332 μέρους
2732 1265 2987 1330 γυναικὸς
3011 1263 3259 1332 γέννησιν
3304 1262 3553 1332 καθαρὰν
3584 1264 3691 1316 πάν

2116 1351 2239 1413 θους
2263 1347 2401 1403 εἷναι
2440 1353 2713 1416 πιστεύεις
2738 1353 2876 1423 (εἶτε
2894 1354 3215 1423 πιστεύεις),
3243 1352 3339 1424 τήν
3370 1354 3427 1406 δὲ
3453 1352 3604 1407 θείαν
3632 1369 3700 1406 τε

2116 1443 2209 1496 καὶ
2250 1445 2525 1513 ἀκήρατον
2560 1445 2624 1496 ἐκ
2654 1443 2747 1496 τοῦ
2777 1443 2987 1511 [ἰατρὸς
3011 1445 3070 1496 ού
3104 1444 3255 1516 δέχῃ,
3288 1445 3374 1497 ἵνα
3420 1444 3493 1515 μὴ
3524 1444 3695 1507 πάθος

2116 1537 2313 1606 νοήσῃς
2339 1537 2465 1606 περὶ
2492 1534 2589 1606 τὴν
2615 1540 2885 1606 γέννησιν.
2924 1536 3060 1588 Ἀλλ’
3085 1532 3202 1589 οἶδα
3231 1536 3438 1604 σαφῶς,
3463 1538 3545 1589 ὅτι
3574 1536 3697 1606 ούχὶ

2113 1624 2174 1675 τὸ
2204 1624 2374 1687 πάθος
2414 1624 2563 1695 αὐτῷ
2590 1625 2820 1695 φευκτόν
2850 1627 2996 1679 ἐστιν
3026 1629 3082 1678 ἐν
3101 1626 3181 1696 τῷ
3209 1626 3457 1696 δόγματι,
3489 1626 3518 1678 6
3555 1627 3701 1697 μήτε

2114 1715 2212 1786 τὴν
2238 1717 2410 1788 ἀρχὴν
2439 1718 2597 1788 ἐνορᾷ
2625 1720 2689 1787 τῇ
2711 1717 2829 1788 θείᾳ
2851 1735 2908 1771 τε
2936 1719 3028 1772 καὶ
3050 1719 3313 1789 άκηράτῳ
3350 1714 3511 1788 φύσει
3534 1735 3546 1749 °
3576 1720 3695 1773 ἀλλ’

436 1812 786 1879 generatione
838 1810 1090 1865 affectum
1131 1810 1317 1864 animo
1350 1809 1668 1879 concipias?
1703 1808 1807 1863 Sed
1840 1810 2008 1863 mani-

2116 1806 2262 1868 ὅπως
2293 1805 2358 1859 ἂν
2380 1808 2408 1859 6
2437 1806 2663 1877 ποιητὴς
2691 1806 2868 1878 πάσης
2888 1808 2984 1878 τῆς
3009 1809 3235 1873 κτίσεως
3266 1811 3429 1881 μέρος
3459 1809 3689 1880 νομισθῇ

432 1905 575 1959 {este
606 1904 743 1966 scio,
773 1903 921 1973 quod
948 1904 1053 1958 iste
1087 1902 1341 1957 aﬂ‘ectum
1372 1918 1481 1956 non
1519 1902 1751 1971 refugiat
1793 1902 1848 1956 in
1879 1903 2011 1972 dog-

432 2006 601 2061 mate,
640 1998 731 2067 qui
773 2011 872 2051 nec
900 1995 1230 2065 principium
1283 1994 1338 2048 in
1367 1993 1548 2048 divina
1579 1994 2007 2063 incorruptibilio

432 2106 540 2158 que
626 2097 819 2141 natura
892 2086 1135 2157 inspicit,
1198 2085 1290 2141 sed
1349 2093 1416 2139 ,ιιι
1496 2086 1673 2141 omnis
1731 2096 1998 2140 creaturae

2115 1900 2214 1970 τῆς
2247 1900 2508 1965 κτίσεως,
2542 1901 2714 1954 ταῦτα
2745 1900 3141 1966 κατασκευάζει
3167 1903 3303 1971 πρὸς
3342 1901 3437 1971 τὴν
3468 1903 3705 1972 ἄρνησινο

2114 1994 2214 2048 τοῦ
2255 1995 2588 2062 Μονογενοῦς
2641 1995 2815 2058 Θεοῦ,
2865 1998 2931 2066 τῇ
2980 1996 3424 2067 ἐσχηματισμένῃ
3463 1997 3591 2067 περὶ
3634 1995 3697 2046 τὸ

2107 2087 2275 2150 πάθος
2307 2086 2559 2158 εὐλαϐείᾳ
2583 2088 2826 2160 συνεργῷ
2855 2089 3153 2161 χρώμενος.

433 2182 684 2237 conditor
731 2197 859 2252 pars
907 2197 1031 2237 esse
1092 2191 1358 2236 creatura:
1410 2187 1665 2249 putetur,
1726 2181 1841 2235 hazc
1901 2181 2136 2237 adstruit
2169 2182 2236 2236 ad
2267 2182 2677 2255 abnegationem
2749 2185 3012 2254 unigeniti
3066 2186 3192 2251 Dei,
3258 2185 3486 2258 ﬁgurata
3547 2184 3699 2240 circa

432 2274 679 2328 affectum
714 2274 968 2328 cautione
993 2271 1257 2343 adjutrice
1284 2283 1458 2330 utens.

507 2372 681 2438 Atque
726 2368 831 2421 hoc
877 2367 1215 2422 demonstrat
1263 2366 1469 2436 liquido
1516 2382 1613 2435 per
1650 2381 1771 2435 quae
1818 2374 2006 2419 contra

433 2476 496 2515 ea
548 2475 669 2530 quas
706 2440 834 2514 sunt
881 2460 1025 2514 dicta
1076 2466 1269 2518 certat,
1320 2458 1530 2523 dicens,
1567 2460 1795 2527 genitam
1834 2474 1945 2511 esse
1976 2474 2007 2510 a

436 2554 598 2607 Patre
626 2552 758 2612 Filii
781 2553 1083 2614 essentiam,
1116 2567 1219 2603 non
1244 2565 1336 2618 per
1366 2548 1663 2603 abscessum
1698 2548 2006 2617 projectum,

434 2665 535 2700 ιιριι
572 2663 662 2715 per
698 2646 969 2713 (ir/luxum
1006 2644 1085 2697 vel
1118 2644 1426 2697 divisionem
1472 2641 1535 2694 ab
1568 2641 1681 2709 ejus
1721 2643 1809 2709 qui
1833 2641 2009 2709 genuit

433 2739 800 2806 Coujuuctione
839 2736 1101 2799 avulsam,
1150 2750 1253 2787 non
1297 2750 1387 2802 per
1420 2734 1799 2786 incrementum
1837 2732 2008 2800 perfe—

433 2845 596 2891 ctam,
632 2848 731 2882 non
761 2846 850 2897 per
878 2828 1244 2882 alterationem
1279 2825 1738 2895 transformatam,
1771 2823 1859 2877 sed
1892 2823 2007 2875 sola

431 2923 544 2989 ejus
581 2922 669 2990 qui
721 2921 898 2989 genuit
943 2921 1209 2974 voluntate
1255 2918 1521 2979 sortitam,
1562 2926 1618 2968 ut
1666 2925 1819 2969 esset.
1870 2913 2006 2980 Quis

432 3016 578 3068 enim
615 3015 846 3082 ignorat,
880 3012 985 3067 nisi
1021 3012 1114 3081 qui
1138 3010 1336 3064 mentis
1376 3008 1569 3063 oculos
1604 3009 1819 3078 penitus
1845 3008 1999 3059 clau-

432 3122 521 3159 sos
568 3106 780 3166 habeat,
837 3103 984 3172 quod
1012 3102 1183 3157 Filius
1219 3117 1314 3171 per
1357 3116 1422 3156 ea
1478 3115 1600 3170 qua:
1640 3100 1706 3153 ab
1734 3098 2004 3153 Eunomia

2212 2362 2320 2418 Καὶ
2365 2356 2521 2411 τοῦτο
2600 2360 2835 2414 δείκνυσι
2862 2364 3175 2433 περιφανῶς
3205 2365 3271 2418 δι’
3295 2358 3371 2419 ὧν
3402 2370 3516 2431 τοῖς
3542 2370 3698 2441 sim,

2113 2451 2293 2523 μένοις
2316 2452 2709 2519 ἐπαγωνίζεται
2739 2452 2912 2520 λέγων
2932 2494 2947 2517 ,
2986 2454 3377 2524 γεγεννῆσθαι
3400 2460 3560 2527 παρὰ
3583 2462 3697 2514 τοῦ

2109 2543 2339 2610 Πατρός
2380 2543 2486 2597 τοῦ
2536 2543 2674 2597 Υίοῦ
2715 2543 2829 2612 τὴν
2852 2547 3105 2609 οὐσίαν,
3149 2548 3221 2600 οὐ
3250 2549 3401 2603 κατὰ
3446 2553 3697 2605 ἔκτασιν

2110 2633 2581 2700 προϐληθεῖσαν,
2616 2636 2688 2687 οὺ
2723 2633 2873 2687 κατά
2909 2636 3128 2703 ρεῦσιν
3171 2639 3209 2705 ἣ
3250 2638 3546 2707 διαίρεσιν
3584 2641 3699 2709 τῆς

2109 2724 2215 2777 τοῦ
2248 2725 2660 2795 γεννήσαντος
2692 2730 3002 2797 συμφυΐας
3045 2730 3569 2798 ἀποσπασθεῖσαν,
3620 2741 3694 2788 οὐ

2111 2816 2554 2883 κατὰάῦξησιν
2582 2819 3018 2885 τελειωθεῖσαν,
3059 2823 3133 2875 οὐ
3176 2824 3327 2878 κατὰ
3362 2827 3703 2884 ἀλλοίωσιν

2105 2908 2556 2977 μορφωθεῖσαν,
2589 2910 2745 2979 μόνῃ
2787 2911 2855 2963 δὲ
2884 2911 2959 2981 τῇ
2991 2914 3296 2982 ,βουλήσει
3336 2920 3442 2973 τοῦ
3480 2924 3689 2991 γεννή-

2110 3014 2334 3063 σαντος
2362 3000 2426 3053 τὸ
2452 2998 2603 3054 εἶναι
2632 3004 2969 3071 λαχοῦσαν.
3001 3007 3096 3070 Τίς
3116 3006 3224 3078 γὰρ
3253 3010 3437 3078 ἀγνοεῖ
3461 3014 3549 3068 διὰ
3574 3015 3692 3070 τού-

2108 3108 2216 3143 των
2264 3091 2371 3144 τῶν
2420 3092 2492 3163 μὴ
2533 3095 2810 3157 παντελῶς
2869 3098 3189 3165 μεμυκότων
3239 3100 3309 3153 τὰ
3360 3105 3459 3173 τῆς
3513 3104 3701 3176 ψυχῆς

435 3203 561 3247 sunt
599 3194 765 3255 dicta,
817 3208 946 3263 pars
992 3201 1259 3247 creaturae
1312 3206 1436 3246 esse
1500 3188 1805 3245 astruitur?
1863 3188 2004 3254 Quid

2111 3182 2456 3255 αίσθητήρια,
2490 3186 2570 3238 ὃτι
2606 3186 2770 3256 μέρος
2801 3192 2900 3258 τῆς
2926 3190 3153 3255 κτίσεως
3190 3194 3219 3245 6
3252 3193 3377 3256 Υἱὸς
3423 3192 3558 3249 εἶναι
3602 3198 3691 3252 διὰ

431 3286 575 3337 cnim
626 3292 770 3339 vetat
813 3284 930 3338 haec
978 3284 1163 3337 omnia
1204 3284 1347 3339 sicut
1398 3292 1528 3339 sunt
1558 3283 1611 3335 in
1657 3281 1916 3344 dictione,
1952 3290 2005 3335 et

431 3379 497 3430 de
546 3378 774 3430 aliorum
824 3391 1155 3446 unoquoque
1205 3388 1328 3444 quae
1373 3375 1429 3428 in
1487 3382 1745 3429 creatura
1796 3374 2003 3427 intelli-

430 3479 657 3539 guntur,
710 3469 934 3524 dicere?
974 3469 1042 3523 Et
1082 3469 1129 3523 si
1174 3468 1413 3532 videtur,
1458 3466 1621 3521 alicui
1668 3482 1855 3520 eorum
1887 3481 2008 3536 qua:

430 3566 615 3611 creata
633 3564 953 3621 cernuntur,
979 3570 1286 3611 sermonem
1316 3557 1829 3622 accommodamus;
1861 3557 2006 3626 quod

431 3650 475 3702 si
517 3663 623 3701 non
662 3648 907 3702 eamdem
944 3648 1107 3702 habet
1139 3649 1609 3711 consecutionem,
1658 3660 1848 3702 contra
1903 3663 2005 3703 nos

432 3741 582 3811 ipsos
612 3741 935 3796 sententiam
966 3739 1233 3807 dicemus,
1265 3747 1451 3812 utpote
1481 3741 1575 3811 qui
1615 3741 2005 3795 luditicantium

430 3848 615 3896 more,
672 3840 727 3887 et
771 3848 880 3887 non
936 3839 1129 3887 exacta
1169 3840 1224 3887 et
1278 3833 1561 3889 veritatem
1606 3833 1831 3887 decente
1874 3847 2005 3887 cura

431 3942 619 3980 eorum
670 3938 979 3979 sermonem
1014 3923 1414 3979 cxaminemus.
1461 3922 1788 3978 Submutato
1825 3923 2006 3993 itaque

430 4018 551 4070 Filii
596 4018 816 4069 nomine
864 4023 1038 4069 totum
1086 4015 1155 4069 ad
1210 4015 1438 4070 verbum
1496 4015 1741 4084 legamus
1798 4030 2007 4069 sermo-

430 4125 576 4163 nem.
619 4108 863 4163 Dicimus
910 4106 1057 4162 enim
1113 4122 1143 4160 a
1185 4108 1345 4162 Patre
1397 4108 1634 4178 genitam
1684 4123 1805 4162 esse
1850 4115 2009 4163 terra:

430 4200 753 4266 essentiam,
791 4216 899 4255 non
943 4214 1041 4269 per
1078 4198 1398 4255 abscessum
1438 4200 1523 4254 vel
1561 4199 1891 4255 divisionem
1938 4200 2014 4254 ab

430 4291 552 4355 ejus
598 4290 688 4361 qui
719 4288 907 4358 genuit
937 4286 1329 4357 conjunctione
1374 4288 1665 4350 divulsam,
1705 4304 1879 4357 neque
1912 4303 2009 4357 per

433 4380 799 4435 aceretionem
834 4376 1156 4448 perfectam,
1185 4394 1296 4432 non
1340 4393 1437 4447 per
1469 4378 1850 4433 alterationem
1883 4393 2009 4448 pro-

424 4472 651 4535 jertam,
681 4470 776 4525 sed
804 4469 922 4524 sola
951 4469 1234 4524 voluntate
1254 4469 1377 4539 ejus
1402 4469 1491 4539 qui
1517 4470 1725 4540 genuit,
1759 4477 1816 4522 ut
1840 4476 2004 4533 esset,

434 4565 704 4617 sortitam.
762 4562 929 4619 Estne
992 4563 1197 4633 aliquid
1238 4579 1304 4618 ex
1354 4563 1421 4618 iis
1478 4579 1600 4633 qua:
1656 4563 1801 4618 dicta
1853 4570 2004 4628 sunt,

432 4654 578 4723 quod
613 4668 733 4706 cum
785 4662 945 4709 terrae
983 4655 1342 4710 subsistentia
1385 4670 1495 4709 non
1545 4656 1874 4711 conveniat?
1902 4653 2007 4711 Ne-

431 4746 637 4801 minem
678 4746 917 4800 arbitror
944 4746 998 4801 id
1024 4763 1149 4802 esse
1186 4747 1497 4813 dicturum;
1534 4762 1645 4801 non
1683 4748 1827 4803 enim
1866 4747 2014 4802 Deus

430 4846 685 4893 extrntus
716 4846 920 4893 terram
960 4840 1300 4909 propagavit,
1342 4855 1519 4909 neque
1560 4839 1735 4895 ﬂuens
1787 4841 1870 4895 vel
1920 4856 2008 4896 se-

430 4930 610 4996 ipsum
644 4929 894 4986 dividens
927 4931 996 4986 ab
1018 4946 1083 4985 ea
1128 4947 1249 5001 qua:
1276 4946 1461 4985 secum
1487 4940 1569 4988 est
1598 4933 2008 5003 conjunctione,

428 5020 595 5087 hujus
639 5022 935 5087 essentiam
984 5022 1251 5078 exsistere
1305 5022 1472 5089 fecit;
1530 5039 1708 5093 neque
1745 5040 1812 5078 ex
1843 5040 2015 5094 parvo

431 5113 497 5164 ad
530 5112 979 5182 magnitudinem,
1016 5130 1113 5184 per
1142 5130 1261 5169 eam
1302 5130 1423 5185 qua:
1469 5117 1673 5170 sensim
1715 5115 1773 5169 fit
1821 5131 2010 5171 accre-

430 5209 660 5272 tionem,
694 5206 965 5277 perfecit;
998 5224 1174 5278 neque
1207 5208 1371 5262 ullam
1405 5210 1714 5263 versionem
1750 5208 1833 5262 vel
1871 5209 2008 5262 alte-

431 5300 697 5353 rationem
741 5300 965 5355 subiens
997 5302 1051 5354 in
1095 5310 1255 5355 terra:
1300 5301 1538 5369 speciem
1578 5299 2010 5355 transformatus

428 5402 550 5457 est;
606 5392 700 5448 sed
740 5395 786 5447 ei
835 5396 971 5450 satis
1002 5394 1125 5460 fuit,
1172 5394 1239 5448 ad
1283 5410 1472 5449 eorum
1512 5410 1635 5464 quae
1666 5395 1846 5464 genita
1884 5403 2015 5450 sunt

430 5484 690 5540 essentia:
725 5486 1163 5550 subsistentiam,
1205 5488 1480 5540 voluntas.
1527 5487 1643 5555 Ipse
1668 5487 1813 5543 enim
1850 5484 2012 5550 dixit,

431 5586 485 5631 et
514 5576 657 5631 facta
697 5584 855 5642 sunt,
891 5577 965 5630 ita
1001 5586 1057 5631 ut
1096 5578 1463 5647 generationis
1492 5593 1712 5642 nomen,
1734 5594 1859 5635 inon
1902 5576 2016 5632 dis.

509 5757 531 5788 ⁸
574 5756 613 5809 ll
645 5756 887 5817 Timoth.
923 5772 999 5824 ut,
1036 5757 1121 5811 16.
1199 5760 1218 5788 ⁸
1252 5758 1443 5812 Matth.
1475 5774 1511 5822 ι,
1548 5758 1630 5813 18.

2106 3275 2214 3328 τῶν
2249 3277 2553 3347 εἰρημένων
2588 3278 2736 3348 παρὰ
2774 3279 2867 3331 τοῦ
2894 3282 3159 3353 Εὑνομίου
3184 3288 3689 3357 κατασκευάζεταις

2106 3365 2171 3417 Τί
2199 3366 2306 3436 γάρ
2327 3366 2523 3419 κωλύει
2549 3366 2721 3421 ταῦτα
2750 3370 2946 3431 πάντα,
2967 3372 3149 3436 καθώς
3174 3375 3320 3427 ἐστιν
3353 3377 3444 3429 ἐπὶ
3468 3377 3686 3443 λέξεως,

2106 3456 2201 3507 καὶ
2230 3456 2355 3526 περὶ
2389 3456 2496 3509 τῶν
2538 3456 2711 3510 ἄλλων
2742 3459 2972 3512 ἑκάστου
2998 3461 3109 3514 τῶν
3152 3463 3213 3514 ἐν
3238 3467 3304 3534 τῇ
3335 3466 3511 3519 κτίσει
3552 3468 3687 3521 θεω-

2111 3546 2382 3629 ρουμένων
2413 3549 2625 3612 είπεῖν;
2660 3549 2769 3601 Καὶ
2810 3551 2859 3602 εἰ
2894 3551 3078 3617 δοκεῖ,
3116 3556 3544 3627 συναρμόσωμέν
3579 3577 3691 3612 τινι

2058 3660 2063 3663 ί
2104 3637 2214 3689 τῶν
2247 3637 2391 3691 κατὰ
2426 3639 2524 3709 τὴν
2549 3638 2725 3691 κτίσιν
2755 3642 3095 3711 φαινομένων
3137 3644 3227 3697 τὸν
3259 3645 3415 3713 λόγον
3436 3665 3449 3678 ·
3480 3648 3583 3701 κᾶν
3612 3650 3695 3722 μὴ

2106 3727 2206 3799 τὴν
2238 3728 2408 3798 αὐτὴν
2435 3729 2752 3783 ἀκολουθίαν
2772 3731 2907 3801 ἔχει,
2936 3733 3053 3786 καθ’
3079 3735 3235 3805 ήμῶν
3266 3737 3445 3791 αὐτῶν
3477 3741 3571 3793 καὶ
3589 3741 3688 3812 τὴν

2104 3818 2284 3888 ψῆφον
2300 3821 2317 3837 ⁴
2342 3820 2433 3872 τὸν
2448 3820 2602 3890 λόγον
2632 3821 2930 3893 ἐξοίσομεν,
2948 3824 3023 3888 ὡς
3053 3826 3484 3897 ἐπηρεαστικῶς,
3504 3832 3593 3884 καὶ
3619 3833 3681 3885 ού

2111 3911 2248 3980 μετὰ
2296 3912 2393 3982 τῆς
2445 3913 2761 3985 πρεπούσης
2802 3918 2866 3985 τῇ
2910 3916 3137 3988 ἀλήθεια
3185 3921 3460 3990 φροντίδος
3502 3923 3691 3988 ἐξετα-

2107 4003 2307 4067 ζὸντων
2346 4004 2437 4057 τὸν
2481 4006 2656 4073 λόγον.
2719 4006 3155 4075 ’Υπαλλάξαντες
3197 4011 3374 4065 τοίνυν
3415 4014 3475 4067 τὸ
3522 4016 3693 4085 ὄνομα

2105 4095 2200 4147 τοῦ
2224 4096 2372 4159 Υἱοῦ,
2401 4097 2492 4150 τὸν
2518 4099 2608 4151 ἐπὶ
2632 4099 2828 4165 λέξεως
2853 4103 3277 4173 ἀναγωσὸμεθα
3303 4106 3475 4174 λόγον·
3510 4108 3695 4179 φαμὲν

2107 4185 2217 4256 γάρ
2248 4188 2608 4257 γεγεννῆσθαι
2640 4190 2788 4257 παρὰ
2821 4192 2913 4244 τοῦ
2955 4194 3167 4264 Πατρὸς
3195 4197 3294 4265 τῆς
3326 4198 3429 4267 γῆς
3468 4197 3566 4268 τὴν
3596 4200 3689 4251 ού-

2110 4278 2250 4342 σίαν,
2290 4279 2351 4331 ού
2381 4283 2499 4333 κατ’
2538 4281 2759 4335 ἔκτασιν
2795 4284 2825 4354 ἢ
2854 4285 3115 4355 διαίρεσιν
3138 4287 3235 4357 τῆς
3268 4288 3361 4340 τοῦ
3389 4291 3688 4360 γεννήσαν-

2106 4388 2197 4433 τος
2252 4374 2529 4442 συμφυΐας
2573 4376 3051 4441 ὰποσπασθεῖσαν,
3100 4378 3222 4431 οὐδὲ
3267 4380 3410 4433 κατὰ
3466 4382 3699 4453 αὔξησιν

2109 4462 2507 4530 τελειωθεῖσαν,
2553 4468 2613 4519 ού
2651 4468 2771 4520 κατ’
2795 4468 3081 4523 ἀλλοίωσιν
3107 4468 3521 4544 προῶηθεῖσαν,
3557 4476 3693 4547 μόνῃ

2112 4555 2167 4608 δὲ
2196 4558 2263 4626 τῇ
2309 4555 2556 4627 βουλήσει
2586 4558 2680 4611 τοῦ
2714 4562 3073 4631 γεννήσαντος
3112 4564 3172 4617 τὸ
3207 4559 3347 4619 εἶναι
3396 4566 3690 4638 λαχοῦσαν.

2113 4647 2203 4716 Μή
2238 4646 2321 4710 τίς
2350 4648 2464 4701 ἐστι
2496 4648 2603 4701 τῶν
2644 4652 2947 4722 εἰρημένων
2988 4654 3123 4726 πρὸς
3150 4657 3250 4727 τὴν
3282 4661 3379 4729 τῆς
3412 4661 3514 4730 γῆς
3563 4662 3695 4715 ὑπό-

2118 4753 2305 4791 στασιν
2342 4739 2714 4810 ἀναρμοστίας
2756 4743 2958 4797 Οὐδένα
2990 4746 3055 4798 ἂν
3085 4740 3239 4816 οἶμαι
3276 4749 3431 4802 τοῦτο
3483 4753 3655 4805 εἰπεῖν
3677 4768 3690 4781 °

2116 4828 2237 4883 οὔτε
2261 4831 2369 4902 γὰρ
2403 4832 2651 4896 ἐκταθεὶς
2682 4836 2709 4886 6
2740 4835 2869 4899 Θεὸς
2904 4836 3003 4907 τὴν
3038 4838 3141 4909 γῆν
3178 4841 3529 4911 προεϐάλετο,
3570 4844 3698 4898 οὔτε

2117 4925 2267 4995 ῥυεὶς
2310 4924 2346 4995 ἢ
2394 4925 2574 4996 τεμὼν
2625 4927 2816 4980 ἑαυτὸν
2854 4930 2952 5000 τῆς
2991 4932 3125 5003 πρὸς
3174 4932 3365 4986 ἑαυτὸν
3418 4937 3697 5006 συμφυΐας

2112 5016 2212 5087 τὴν
2247 5017 2433 5071 οὐσίαν
2471 5018 2671 5089 ταύτης
2699 5020 3003 5092 ύπέστησεν
3030 5040 3041 5052 ·
3074 5024 3197 5077 οὕτε
3224 5026 3288 5077 ἐκ
3325 5028 3521 5098 μικροῦ
3562 5031 3698 5100 πρὸς

2118 5108 2348 5178 μέγεθος
2384 5109 2473 5162 διὰ
2513 5112 2611 5180 τῆς
2656 5114 2773 5164 κατ’
2802 5112 2981 5181 ὀλίγον
3028 5116 3312 5185 αὐξήσεως
3358 5118 3692 5172 ἐτελείωσεν

2112 5199 2237 5253 οὔτε
2274 5201 2395 5254 τινὰ
2438 5203 2644 5272 τροπὴν
2690 5204 2725 5273 ἢ
2762 5204 3043 5259 ἀλλοίωσιν
3096 5208 3335 5271 ὑποστὰς
3382 5211 3463 5271 είς
3497 5209 3559 5262 τὸ
3596 5211 3698 5279 τῆς

2118 5295 2219 5363 γῆς
2257 5291 2390 5357 εἶδος
2412 5295 2757 5366 διεμορφώθη
2776 5314 2788 5325 '
2820 5298 2932 5350 ἀλλ’
2963 5300 3194 5369 ήρκεσεν
3220 5300 3368 5371 αύτῷ
3399 5303 3535 5375 πρὸς
3561 5304 3697 5356 ὑπό-

2123 5402 2310 5438 στασιν
2347 5386 2445 5455 τῆς
2484 5387 2590 5440 τῶν
2627 5390 2925 5456 γεγονότων
2962 5391 3149 5455 οὐσίας
3192 5394 3224 5462 ὴ
3271 5392 3542 5464 βούλησις.
3587 5396 3697 5447 Αύ-

2120 5480 2211 5543 τὸς
2234 5478 2339 5549 γὰρ
2361 5475 2501 5541 εἷπε,
2530 5479 2623 5533 καὶ
2646 5481 3013 5553 ἐγεννήθησαν
3030 5501 3045 5515 ο
3079 5483 3219 5538 ὥστε
3243 5486 3338 5538 καὶ
3364 5486 3427 5539 τὸ
3441 5490 3540 5557 τῆς
3568 5504 3695 5555 γεν-

2123 5576 2329 5642 νήσεως
2358 5572 2528 5643 ὄνομα
2558 5570 2631 5642 μὴ
2662 5572 2887 5644 ἀπᾴδειν
2918 5575 3019 5647 τῆς
3046 5575 3187 5631 κατὰ
3209 5575 3308 5648 τὴν
3335 5576 3438 5647 γῆν
3470 5576 3703 5635 ὑποστάο

2179 5747 2260 5795 ν
