4138 6364
283 464 389 524 6‘29

1457 460 1736 518 CONTRA
1769 457 2166 526 EUNOMIUM,
2201 458 2330 517 LlB.
2370 457 2460 516 IV.

3463 454 3570 515 630

289 579 444 644 σεως.
491 581 552 633 Εἰ
581 574 673 634 οῦν
700 579 793 633 ἐπὶ
831 577 940 632 τῶν
976 578 1189 650 μυρίων
1221 575 1316 630 τοῦ
1351 577 1556 648 κόσμου
1589 575 1763 631 ταῦτα
1790 575 1880 628 λέ-

1988 583 2170 646 crepet
2225 591 2255 630 a
2323 583 2485 630 terrae
2537 573 2921 630 subsistentia.
2959 572 3014 627 Si
3055 571 3221 643 igitur
3267 571 3322 624 in
3377 569 3569 626 muudi

288 689 404 740 γειν
439 670 640 742 ἀληθές
671 675 808 732 ἐστι,
835 672 919 735 τίς
953 672 1032 725 ἐτι
1070 673 1316 726 λείπεται
1341 673 1469 744 περὶ
1495 671 1590 724 τοῦ
1611 671 1880 741 δόγματος

286 763 396 816 τῶν
431 763 690 816 ἐναντίων
720 764 1054 834 ἀμφιϐολία;
1100 763 1224 820 Ὅτι
1269 765 1432 837 μέχρι
1464 765 1726 836 ῥημάτων
1752 760 1881 813 Υἰὸν

287 855 676 924 ὀνομάζοντες,
729 855 788 908 ἒν
825 854 936 908 τῶν
974 856 1062 909 διὰ
1110 856 1342 920 κτίσεως
1396 855 1698 926 γεγονότων
1741 848 1880 906 εἶναι

291 945 790 1012 κατασκευάζουσι,
831 946 1015 1016 μόνοις
1055 950 1169 1009 τοῖς
1205 947 1346 1002 κατὰ
1387 948 1486 1018 τὴν
1518 946 1671 1010 τάξιν
1713 961 1882 1016 πρεσ-

290 1038 459 1098 ϐείοις
487 1039 926 1109 προτεταγμένον
958 1039 1066 1092 τῶν
1107 1039 1299 1094 ἄλλων.
1346 1039 1614 1110 Καθάπερ
1652 1038 1745 1090 ἐπὶ
1779 1040 1880 1110 τῆς

291 1129 650 1199 χαλκευτικῆς
678 1130 824 1183 ἐστιν
853 1131 1049 1195 εἰπεῖν,
1085 1132 1262 1184 πάντα
1295 1133 1393 1202 μὲν
1423 1134 1488 1186 ὲκ
1514 1129 1718 1201 ταύτης
1741 1127 1880 1184 εἶναι

291 1221 361 1273 τὰ
399 1223 462 1273 ἐκ
504 1222 724 1292 σιδήρου
757 1223 1282 1293 κατασκευάσματα,
1341 1221 1785 1294 προγεγενῆσθαι
1822 1220 1880 1274 δὲ

290 1313 394 1381 τῆς
425 1311 534 1366 τῶν
563 1313 764 1367 λοιπῶν
787 1315 1151 1386 ἀπεργασίας,
1181 1315 1242 1368 τό
1267 1332 1326 1368 τε
1349 1315 1448 1384 τῆς
1473 1312 1761 1384 πυράγρας
1784 1312 1881 1365 καὶ

291 1403 354 1456 τὸ
390 1405 488 1474 τῆς
520 1404 730 1475 σφύρας
771 1405 1025 1476 ὄργανον,
1068 1407 1136 1459 δι’
1184 1400 1259 1460 ὧν
1311 1404 1576 1459 τυποῦται
1615 1404 1749 1475 πρὸς
1781 1402 1880 1474 τὴν

293 1493 483 1564 χρείαν
505 1498 532 1548 6
560 1496 775 1566 σίδηρος
796 1513 809 1526 ·
841 1496 902 1548 ού
929 1495 1036 1566 μὴν
1075 1496 1262 1568 ἐπειδὴ
1291 1495 1559 1567 πρωτεύει
1589 1494 1745 1546 τοῦτο
1770 1491 1880 1544 τῶν

294 1586 499 1649 ἄλλων,
548 1588 648 1658 ήδη
698 1605 783 1651 τις
827 1591 923 1642 καὶ
969 1589 1199 1661 διαφορὰ
1251 1588 1393 1642 κατὰ
1427 1587 1526 1658 τὴν
1573 1585 1705 1657 ὓλην
1739 1585 1878 1651 ἐστὶ,

294 1677 390 1730 τοῦ
414 1696 474 1731 τε
501 1678 865 1743 ἐκτυποῦντος
884 1679 1138 1753 ὀργάνου,
1167 1681 1261 1735 καὶ
1287 1678 1380 1734 τοῦ
1407 1676 1879 1750 σχηματιζομένου

299 1771 518 1842 σιδήρου
546 1773 687 1826 κατὰ
712 1773 774 1826 τὸ
804 1773 1054 1844 ὄργανον.
1083 1775 1308 1847 Σίδηρος
1335 1773 1430 1827 καὶ
1455 1771 1611 1825 τοῦτο
1638 1773 1878 1834 κάκεῖνο,

294 1862 360 1916 τὸ
388 1864 444 1916 δὲ
472 1865 662 1935 σχῆμα
686 1866 1108 1939 προγενέστερον
1135 1866 1230 1920 τοῦ
1258 1866 1444 1940 ἑτέρου
1478 1865 1538 1918 τὸ
1564 1865 1770 1935 ἕτερον.

369 2044 604 2116 Τοιαύτη
651 2046 750 2117 τῆς
782 2045 1047 2118 αἱρέσεως
1081 2048 1114 2116 ἡ
1152 2046 1280 2117 περὶ
1317 2045 1411 2098 τοῦ
1445 2043 1576 2098 Υίοῦ
1610 2041 1879 2112 θεολογίαο

296 2134 359 2189 τῖι
390 2136 554 2207 μηδὲν
578 2135 787 2192 οἴεσθαι
821 2137 1098 2208 διαφέρειν
1131 2139 1250 2190 κατ’
1277 2135 1466 2191 οὐσίαν
1499 2137 1663 2190 αὐτόν
1691 2153 1748 2189 τε
1792 2135 1884 2188 τὸν

298 2227 502 2300 Κύριον
538 2231 632 2283 καὶ
668 2230 739 2284 τὰ
768 2232 898 2302 παρ’
933 2230 1097 2284 αὐτοῦ
1131 2230 1412 2300 γεγονότα,
1446 2231 1586 2301 πλὴν
1616 2230 1715 2300 τῆς
1742 2228 1884 2283 κατὰ

296 2319 394 2390 τὴν
425 2319 578 2386 τάξιν
610 2321 891 2392 διαφορᾶς.
927 2323 1023 2384 Τίς
1053 2321 1230 2374 τοίνυν
1255 2321 1361 2374 τῶν
1395 2321 1490 2374 καὶ
1521 2318 1770 2373 ὁπωσοῦν
1803 2320 1884 2382 εἰς

295 2410 659 2483 Χριστιανοὺς
721 2414 1150 2478 συντελούντων,
1217 2413 1325 2467 τῶν
1401 2430 1462 2466 τε
1530 2413 1733 2484 μορίων
1787 2409 1882 2464 τοῦ

298 2503 505 2572 κόσμου
522 2541 536 2566 ,
560 2503 765 2557 καὶτοῦ
789 2505 1151 2575 πεποιηκότος
1170 2505 1260 2558 τὸν
1281 2506 1483 2574 κόσμον
1507 2504 1599 2556 τὸν
1621 2503 1784 2558 αὐτὸν
1808 2497 1886 2554 εἷ-

296 2613 387 2649 ναι
408 2595 507 2666 τῆς
522 2596 709 2659 οὐσίας
723 2597 881 2666 λόγον
909 2597 1235 2663 συντίθεται;
1272 2597 1412 2667 Ἐγὼ
1431 2597 1529 2668 μὲν
1548 2596 1657 2667 γὰρ
1679 2595 1886 2667 φρίττω

297 2690 396 2757 τὴν
430 2689 777 2759 βλασφημίαν
796 2729 810 2754 ,
836 2688 990 2752 εἰδὼς
1020 2690 1102 2742 ὅτι
1125 2682 1199 2744 ὧν
1227 2692 1256 2744 ό
1278 2691 1433 2758 λόγος
1459 2690 1621 2751 αὐτὸς
1642 2730 1656 2753 ,
1680 2688 1885 2742 τούτων

303 2781 522 2844 πάντως
551 2781 673 2834 οὐδὲ
702 2783 736 2852 ἡ
786 2781 946 2850 φύσις
974 2781 1246 2852 διάφορος.
1299 2783 1384 2845 Ὠς
1414 2781 1520 2852 γὰρ
1554 2781 1761 2852 Πέτρου
1792 2779 1887 2833 καὶ

319 2871 564 2926 Ἰωάννου
590 2873 818 2926 καὶτῶν
855 2871 1057 2926 λοιπῶν
1086 2873 1388 2944 ἀνθρώπων
1426 2875 1454 2926 ὃ
1486 2889 1545 2926 τε
1595 2873 1750 2941 λόγος
1787 2871 1886 2942 τῆς

305 2963 494 3030 οὐσίας
535 2966 733 3028 κοινὸς,
780 2966 873 3019 καὶ
916 2968 948 3035 ἡ
985 2965 1143 3035 φύσις
1186 2967 1319 3036 μία·
1367 2966 1458 3018 τὸν
1495 2966 1658 3019 αὐτὸν
1686 2965 1886 3034 τρόπον

299 3057 350 3107 εἰ
384 3056 645 3120 ὡσαύτως
684 3057 797 3127 ἔχοι
839 3057 980 3109 κατὰ
1011 3056 1109 3126 τὴν
1143 3057 1303 3125 φύσιν
1329 3059 1356 3109 ὁ
1398 3057 1595 3126 Κύριος
1635 3058 1748 3118 τοῖς
1789 3053 1885 3108 τοῦ

301 3149 510 3218 κόσμου
543 3149 764 3220 μέρεσιν
791 3167 802 3179 ·
839 3149 982 3220 ειπερ
1018 3150 1083 3204 ἂν
1111 3152 1169 3203 ἐν
1201 3151 1428 3212 ἐκείνοις
1457 3151 1882 3219 κατανοήσωσιν,

299 3239 507 3302 τούτοις
548 3239 867 3293 ὑποκεῖσθαι
901 3243 995 3294 καὶ
1029 3242 1216 3294 τοῦτον
1258 3242 1376 3294 κατ’
1419 3241 1666 3310 ἀνάγκην
1697 3237 1887 3309 ὁμολο-

299 3332 562 3398 γήσωσιν.
611 3330 770 3382 Ἀλλὰ
818 3331 924 3402 μὴν
956 3333 982 3383 ὁ
1015 3331 1219 3402 κόσμος
1256 3333 1356 3384 οὐκ
1399 3332 1570 3386 είσαεὶ
1601 3330 1842 3396 διαμένει
1867 3348 1880 3362 ο

300 3422 410 3491 ἄρα
439 3424 558 3476 κατ’
599 3423 794 3485 αὐτοὺς
828 3424 922 3477 καὶ
956 3426 984 3476 ὁ
1017 3423 1216 3494 Κύριος
1247 3423 1386 3494 μετὰ
1412 3421 1507 3475 τοῦ
1536 3421 1768 3493 οὐρανοῦ
1793 3421 1888 3474 καὶ

300 3513 402 3582 τῆς
446 3514 549 3584 γῆς
599 3514 1018 3584 παρελεύσεται·
1074 3516 1232 3586 εἴπερ
1285 3513 1611 3585 ὁμοιογενῶς
1653 3512 1766 3584 ἔχοι
1810 3513 1888 3584 τῷ

303 3607 513 3677 κόσμῳ.
541 3608 602 3658 Εἰ
636 3608 693 3660 δὲ
722 3607 882 3670 αὐτὸς
905 3608 1072 3670 ἀΐδιος
1101 3607 1462 3678 ὁμολογεῖται,
1495 3607 1708 3676 ἀνάγκη
1737 3607 1889 3659 πᾶσα

306 3702 441 3771 μηδὲ
471 3701 560 3754 τὸν
600 3701 803 3770 κόσμον
837 3704 934 3770 τῆς
967 3701 1115 3764 θείας
1147 3703 1359 3770 φύσεως
1388 3701 1614 3772 ἄμοιρον
1647 3699 1884 3753 οἴεσθαιο

303 3794 462 3864 εἴπερ
516 3792 594 3864 τῷ
653 3796 952 3862 Μονογενεῖ
1007 3793 1148 3847 κατὰ
1195 3794 1294 3864 τὴν
1346 3792 1522 3846 κτίσιν
1578 3791 1884 3862 συμϐαίνοι.

315 3888 476 3957 Ὁρᾷς
499 3886 634 3957 πρὸς
656 3887 684 3939 ὃ
709 3905 760 3939 τι
779 3887 1001 3956 φέρεται
1020 3886 1110 3939 διὰ
1131 3886 1227 3955 τῆς
1250 3885 1422 3954 καλῆς
1442 3884 1646 3955 ταύτης
1665 3884 1889 3937 ἀκολου-

304 3977 425 4041 θίας
468 3979 496 4030 6
526 3977 702 4046 λόγος,
731 3973 848 4031 οἷόν
883 3995 966 4040 τις
1005 3977 1150 4040 λίθος
1179 3977 1514 4048 άποῤῥαγεὶς
1553 3975 1882 4047 ἀκρωρείας,

305 4070 398 4118 καὶ
439 4067 530 4121 ἐπὶ
567 4067 629 4120 τὸ
661 4069 862 4138 πρανὲς
909 4067 1012 4120 ὑπὸ
1045 4065 1139 4120 τοῦ
1178 4067 1306 4120 ίδίου
1342 4067 1538 4137 βάρους
1571 4065 1888 4118 συνελαυνό-

308 4177 485 4230 μενος.
534 4160 772 4229 Ἀνάγκη
825 4159 996 4230 γὰρῆ
1031 4157 1222 4212 καὶτὰ
1265 4157 1360 4211 τοῦ
1402 4158 1608 4228 κόσμου
1655 4160 1891 4226 στοιχεῖα

306 4250 446 4304 κατὰ
465 4251 559 4321 τὴν
592 4250 908 4319 Ἑλληνικὴν
930 4249 1266 4320 ματαιότητα
1287 4249 1555 4320 σεϐάσμια
1582 4249 1887 4319 φαίνεσθαι,

303 4338 338 4407 ἢ
389 4339 520 4408 μηδὲ
562 4338 652 4392 τὸν
687 4339 814 4391 Υἱὸν
855 4339 1276 4408 προσκυνεῖσθαι
1300 4355 1314 4369 ο
1353 4339 1550 4392 οὑτωσὶ
1584 4338 1640 4390 δὲ
1687 4339 1893 4410 σκοπή..

307 4447 520 4500 οωμεν’
551 4430 610 4494 ἐξ
643 4432 742 4483 οὐκ
768 4431 938 4483 ὄντων
974 4431 1303 4500 γεγενῆσθαι
1345 4430 1441 4500 τὴν
1485 4431 1660 4483 κτίσιν
1687 4430 1888 4502 φαμὲν,

304 4524 404 4590 τήν
444 4539 501 4573 τε
533 4523 730 4594 νοητὴν
762 4523 856 4575 καὶ
895 4523 995 4593 ὅση
1035 4525 1133 4592 τῆς
1171 4523 1437 4593 αἰσθητῆς
1483 4524 1598 4576 ἐστι
1643 4523 1888 4593 φύσεως·

1981 666 2270 737 particulis
2321 667 2437 721 haec
2489 666 2672 721 dicere
2700 681 2890 720 verum
2939 672 3046 726 est,
3095 677 3347 734 quaenam
3389 661 3570 716 adhuc

1982 760 2154 808 restat
2195 753 2263 809 de
2303 752 2557 824 dogmate
2603 753 3046 808 adversariorum
3088 751 3404 807 dubitatio?
3440 750 3571 820 quia

1981 845 2148 900 verbo
2188 853 2351 901 tenus
2381 844 2580 900 Filium
2611 847 2981 908 nominantes,
3015 860 3185 898 unum
3217 857 3410 898 eorum
3446 856 3568 908 quae

1981 953 2080 1010 per
2121 939 2454 994 creationem
2484 939 2666 1010 genita
2707 947 2835 994 sunt
2864 947 3143 1004 astruunt,
3178 937 3314 992 solis
3353 935 3570 990 ordinis

1982 1033 2283 1106 privilegiis
2317 1043 2372 1089 et
2421 1034 2762 1106 primigeniis
2820 1034 2982 1103 primi
3047 1039 3101 1086 et
3161 1029 3386 1084 maximi
3437 1035 3568 1082 natu

1981 1125 2077 1179 ﬁlii
2118 1126 2242 1182 aliis
2285 1127 2639 1197 praepositum
2680 1143 2693 1180 :
2736 1122 3197 1196 quemadmodum
3253 1121 3308 1174 in
3359 1119 3568 1173 fabrica

1981 1217 2210 1271 ferraria
2242 1218 2369 1274 licet
2392 1219 2595 1283 dicere,
2622 1217 2806 1273 omnia
2831 1217 3052 1286 quidem
3082 1231 3147 1270 ex
3175 1214 3279 1267 hac
3299 1226 3422 1266 esse
3447 1224 3570 1280 quae

1981 1327 2045 1366 ex
2065 1311 2210 1367 ferro
2228 1310 2491 1367 fabricata
2515 1318 2665 1376 sunt,
2688 1311 2842 1382 prius
2880 1319 3061 1363 autem
3093 1305 3326 1361 conflata
3349 1315 3473 1374 quae
3502 1300 3568 1354 ad

1983 1402 2325 1472 reliquorum
2353 1417 2552 1473 operas
2571 1402 2951 1472 requiruntur,
2989 1408 3042 1454 et
3072 1398 3294 1468 forcipis
3311 1405 3365 1450 et
3386 1395 3570 1448 mallei

1983 1495 2374 1560 instrumenta,
2423 1495 2625 1566 quibus
2677 1494 2746 1548 ad
2787 1509 2947 1549 usum
3003 1491 3208 1546 ferrum
3261 1488 3568 1551 formatur;

1982 1604 2094 1644 non
2143 1597 2325 1644 tamen
2369 1587 2632 1660 quoniam
2670 1587 2776 1642 hoc
2824 1586 2946 1641 aliis
2983 1584 3173 1646 anteit,
3221 1581 3334 1651 jam
3389 1581 3570 1648 aliqua

1983 1681 2287 1736 secundum
2328 1681 2615 1736 materiam
2658 1678 2967 1734 differentia
3023 1673 3322 1746 qumrenda
3370 1682 3475 1735 est,
3519 1678 3572 1722 et

1983 1772 2339 1827 instrumenti
2387 1771 2756 1842 imprimentis
2786 1777 2841 1825 et
2874 1769 3003 1824 ferri
3039 1768 3183 1838 quod
3221 1782 3318 1838 per
3359 1766 3573 1820 instru—

1984 1873 2228 1920 mentum
2270 1865 2580 1936 ﬁguratur:
2618 1863 2826 1920 ferrum
2857 1863 3003 1918 enim
3055 1873 3104 1916 et
3155 1861 3260 1914 hoc
3312 1871 3365 1914 et
3415 1857 3570 1919 illud,

1909 1942 2157 2027 Bﬁgura
2207 1959 2439 2013 alterum
2491 1958 2662 2014 altero
2715 1957 2868 2028 prius
2932 1954 3177 2024 genitum
3213 1959 3319 2006 est.

2055 2049 2208 2105 Talis
2243 2051 2312 2107 de
2350 2049 2492 2106 Filio
2517 2052 2790 2106 haereseos
2811 2057 2895 2103 est
2922 2046 3200 2116 theologia
3231 2063 3244 2099 :
3281 2044 3406 2112 quia
3439 2043 3572 2095 nihil

1985 2143 2287 2198 secundum
2339 2143 2638 2199 essentiam
2689 2141 2914 2196 differre
2950 2148 3104 2210 putet
3147 2146 3201 2193 et
3241 2137 3420 2206 ipsum
3467 2133 3575 2187 Do-

1984 2233 2195 2287 minum
2245 2241 2298 2287 et
2346 2249 2469 2304 quae
2537 2233 2605 2287 ab
2661 2232 2780 2302 ipso
2829 2229 3094 2301 producta
3145 2233 3294 2290 sunt,
3346 2231 3570 2293 excepta

1984 2325 2197 2380 ordinis
2225 2323 2559 2380 differentia.
2593 2323 2728 2390 Quis
2765 2322 2928 2393 igitur
2961 2327 3045 2376 est
3074 2334 3264 2374 eorum
3304 2317 3397 2387 qui
3431 2333 3572 2386 quo-

1985 2430 2204 2484 cunque
2261 2413 2425 2469 modo
2489 2415 2635 2468 inter
2681 2412 3027 2468 Christianos
3088 2419 3405 2473 censentur,
3477 2407 3569 2476 qui

1985 2507 2174 2562 mundi
2203 2507 2438 2577 partium
2464 2514 2518 2562 et
2549 2505 2670 2576 ejus
2691 2505 2783 2576 qui
2811 2504 3076 2558 mundum
3113 2501 3389 2566 condidit,
3422 2517 3572 2556 eam-

1987 2599 2110 2655 dem
2142 2615 2265 2654 esse
2305 2599 2570 2653 rationem
2602 2598 2858 2653 essentia:
2899 2596 3275 2651 assentimur?
3311 2595 3422 2665 Ego
3447 2594 3570 2664 qui-

1986 2691 2109 2746 dem
2165 2690 2558 2759 blasphemiam
2623 2688 2867 2745 referens
2927 2690 3316 2759 perhorresco,
3392 2687 3572 2740 sciens

1988 2799 2220 2853 quorum
2256 2790 2338 2837 est
2365 2781 2555 2838 eadem
2604 2781 2768 2844 ratio,
2805 2781 3000 2836 horum
3043 2783 3269 2836 omnino
3318 2788 3570 2832 naturam

1988 2891 2098 2929 non
2141 2874 2379 2928 differre.
2441 2872 2511 2928 Ut
2571 2873 2716 2929 enim
2772 2872 2918 2928 Petri
2963 2880 3016 2928 et
3064 2871 3292 2927 Joannis
3341 2881 3395 2926 et
3450 2873 3575 2926 reli—

1987 2981 2224 3036 quorum
2263 2966 2547 3020 hominum
2579 2966 2720 3020 ratio
2752 2965 3007 3021 essentiae
3039 2965 3372 3028 communis,
3409 2967 3489 3020 sic
3521 2975 3574 3020 et

1988 3069 2185 3113 natura
2236 3074 2382 3114 una:
2433 3058 2690 3114 similiter
2737 3058 2783 3114 si
2818 3057 3010 3113 eodem
3060 3058 3223 3113 modo
3254 3076 3311 3114 se
3352 3059 3575 3114 haberet

1990 3152 2292 3207 secundum
2332 3160 2587 3206 naturam
2623 3151 2888 3208 Dominus
2926 3168 3050 3208 cum
3080 3153 3270 3207 mundi
3300 3152 3570 3222 partibus,

1990 3258 2112 3314 quae
2154 3243 2374 3314 quidem
2431 3243 2488 3296 in
2528 3243 2638 3297 illis
2673 3243 3064 3309 intellexerint,
3119 3244 3206 3299 his
3262 3245 3458 3314 subjici
3521 3255 3576 3299 et

1991 3333 2136 3388 hunc
2174 3335 2489 3390 necessario
2533 3335 2923 3390 confiteantur.
2969 3335 3136 3406 Atqui
3184 3336 3424 3391 mumlus
3463 3351 3576 3391 non

1990 3440 2207 3495 semper
2247 3425 2391 3480 idem
2441 3435 2776 3496 permanet:
2824 3442 2957 3499 ergo
3013 3427 3173 3497 juxta
3226 3443 3418 3483 eorum
3458 3429 3578 3499 Opi-

1991 3520 2229 3584 nionem,
2264 3519 2530 3576 Dominus
2573 3521 2738 3576 etiam
2773 3536 2897 3575 cum
2933 3521 3073 3576 cmlo
3098 3529 3151 3576 et
3185 3530 3330 3576 terra
3355 3533 3578 3593 printer-

1991 3613 2090 3667 ihit
2132 3632 2145 3666 :
2186 3612 2454 3680 siquidem
2487 3611 2733 3681 ejusdem
2771 3612 2988 3683 generis
3024 3617 3170 3669 esset
3198 3630 3323 3669 eum
3348 3615 3571 3670 mundo.

1991 3705 2146 3770 Quod
2181 3703 2226 3757 si
2281 3705 2397 3774 ipse
2447 3715 2689 3759 aeternus
2743 3713 3022 3769 censetur,
3075 3721 3302 3761 necesse
3349 3719 3431 3761 est
3459 3723 3577 3761 om-

1989 3795 2122 3849 nino
2149 3810 2326 3864 neque
2347 3794 2493 3848 hunc
2522 3795 2785 3848 mundum
2819 3795 3017 3851 divina:
3053 3805 3263 3850 natura:
3295 3809 3577 3869 expertem

1992 3897 2184 3957 putare
2222 3908 2234 3944 :
2282 3886 2553 3956 siquidem
2599 3887 2703 3942 hoc
2750 3885 3046 3958 Unigenito
3093 3905 3189 3958 per
3236 3891 3577 3948 creationem

1991 3980 2353 4049 contingeret.
2406 3978 2571 4035 Vides
2621 3996 2729 4051 quo
2774 3996 2837 4035 ex
2895 3982 2996 4035 hac
3050 3983 3313 4052 praeclara
3383 4000 3578 4041 conse—

1991 4071 2215 4141 quentia
2233 4071 2404 4127 fertur
2431 4087 2636 4136 sermo,
2677 4075 2820 4127 sicut
2844 4075 3064 4144 quidam
3091 4075 3227 4145 lapis
3261 4091 3291 4130 e
3318 4093 3578 4146 promon-

1991 4165 2135 4219 torio
2160 4164 2452 4234 abruptus,
2487 4180 2590 4219 suo
2620 4165 2675 4220 in
2701 4181 2944 4237 praeceps
2968 4169 3212 4236 pondere
3241 4168 3574 4226 devolvitur.

1991 4257 2226 4314 Necesse
2287 4259 2432 4312 enim
2497 4258 2661 4312 etiam
2718 4258 2908 4312 mundi
2959 4261 3226 4315 elementa
3273 4262 3576 4316 secundum

1993 4347 2239 4406 Graecam
2280 4349 2581 4404 vanitatem
2627 4350 2939 4405 veneranda
2988 4359 3042 4404 et
3094 4336 3324 4406 colenda
3382 4352 3576 4415 videri,

1992 4443 2078 4498 vel
2127 4457 2305 4512 neque
2357 4441 2556 4497 Filium
2601 4442 2823 4497 adorari
2859 4463 2872 4499 :
2911 4445 2993 4499 sic
3040 4457 3218 4499 autem
3259 4445 3579 4502 considere-

1995 4552 2118 4590 mus
2150 4549 2253 4591 :ex
2291 4535 2464 4590 nihilo
2512 4544 2822 4590 creaturam
2858 4535 3058 4589 factam
3089 4553 3210 4592 esse
3252 4539 3576 4603 asserimus,

307 4611 479 4664 ταῦτα
509 4611 605 4664 καὶ
649 4612 778 4684 περὶ
809 4612 904 4665 τοῦ
953 4613 1158 4683 Κυρίου
1203 4612 1558 4684 κηρύσσουσι.
1610 4614 1886 4684 Θελήματι

1995 4635 2050 4682 et
2095 4641 2214 4696 quze
2248 4637 2428 4682 mente
2454 4635 2509 4682 et
2534 4642 2656 4696 quze
2687 4642 2850 4682 sensu
2897 4627 3234 4696 percipitur;
3267 4628 3381 4682 haec
3411 4629 3578 4682 etiam

307 4702 442 4754 θεοῦ
479 4703 655 4756 πάντα
701 4704 962 4773 συστῆναι
1007 4705 1076 4756 τὰ
1117 4705 1379 4772 γεγονότα
1424 4704 1685 4775 λέγομεν⁹
1719 4706 1890 4760 ταῦτα

307 4795 401 4847 καὶ
434 4795 562 4865 περὶ
601 4794 694 4846 τοῦ
738 4795 1076 4863 Μονογενοῦς
1115 4795 1498 4866 διεξέρχονται.
1528 4799 1641 4851 Οὐκ
1687 4801 1751 4852 ὲκ
1791 4798 1894 4868 τῆς

307 4887 497 4949 οὐσίας
546 4882 683 4939 εἷναι
733 4887 826 4940 τοῦ
868 4888 1248 4956 πεποιηκότος,
1283 4887 1406 4940 οὐτε
1449 4890 1549 4959 τὴν
1594 4890 1892 4962 ἀγγελικὴν

310 4977 506 5041 κτίσιν,
539 4977 660 5031 οὐτε
683 4977 780 5048 τὴν
809 4979 1099 5049 ὲγκόσμιον
1130 4980 1574 5050 πεπιστεύκαμεν
1597 4998 1609 5012 ’
1643 4983 1892 5035 κάκεῖνον

307 5070 507 5139 ὁμοίως
536 5071 633 5141 τῆς
658 5071 751 5123 τοῦ
778 5073 992 5141 Πατρὸς
1019 5073 1204 5136 οὐσίας
1225 5073 1584 5144 ἀλλοτριοῦσι.
1610 5074 1892 5129 Δουλεύειν

307 5163 376 5215 τά
421 5163 707 5233 σύμπαντα
740 5163 818 5234 τῷ
866 5164 1129 5236 θελήματι
1163 5165 1255 5218 τοῦ
1302 5166 1661 5237 πεποιηκότος
1697 5167 1890 5238 ὁμολο-

309 5255 515 5325 γοῦμεν
533 5273 548 5288 ο
581 5256 783 5327 ταύτην
812 5257 992 5327 ἔχουσι
1026 5259 1120 5311 καὶ
1149 5259 1276 5329 περὶ
1308 5257 1402 5311 τοῦ
1430 5259 1766 5328 Μονογενοῦς
1793 5261 1892 5332 τὴν

310 5348 566 5400 διάνοιαν.
598 5347 804 5401 Οὐκοῦν
827 5349 883 5414 ἐξ
911 5350 1155 5420 ἀνάγκης
1178 5349 1268 5403 καὶ
1295 5351 1362 5404 τὰ
1391 5350 1526 5405 ἄλλα
1555 5350 1734 5404 πάντα
1761 5353 1892 5405 ὅσα·

313 5456 420 5508 περ
445 5438 510 5490 ἂν
535 5440 628 5492 ἐπὶ
660 5439 861 5510 ταύτης
893 5443 1146 5510 νοήσωσι,
1180 5441 1350 5495 ταῦτα
1376 5443 1470 5497 καὶ
1501 5442 1578 5513 τῷ
1597 5443 1895 5512 Μονογενεῖ

311 5531 700 5601 ἐφαρμόσουσι,
744 5534 838 5586 καὶ
865 5535 1001 5604 ὅπερ
1026 5533 1089 5586 ἂν
1115 5534 1307 5606 ἐκείνῳ
1339 5535 1700 5603 πιστεύσωσι,
1735 5537 1893 5591 τοῦτο

312 5621 406 5672 καὶ
433 5622 524 5674 ἐπὶ
545 5621 644 5691 τῆς
666 5623 896 5687 κτίσεως
925 5624 1320 5694 ὑπολήψονται,
1353 5626 1493 5680 ὥστε
1521 5629 1570 5680 εί
1605 5627 1737 5681 Θεὸν
1762 5629 1894 5699 ὁμο-

311 5710 525 5780 λογοῦσι
543 5713 634 5765 τὸν
660 5708 879 5780 Κύριον,
905 5715 999 5768 ναὶ
1021 5716 1118 5787 τὴν
1144 5717 1335 5789 λοιπὴν
1361 5719 1538 5773 κτίσιν
1562 5720 1894 5790 θεοποιήσω-

314 5822 417 5857 σιν.
462 5805 525 5856 Ei
569 5805 826 5860 δὲταῦτα
873 5809 970 5878 τῆς
1005 5810 1154 5874 θείας
1197 5811 1410 5879 φύσεως
1443 5815 1689 5885 ἀμοιρεῖν
1727 5815 1894 5886 διορί-

312 5896 512 5962 ζονται,
537 5898 634 5966 τὴν
662 5899 828 5970 αὐτὴν
857 5900 1124 5973 ὑπόληψιν
1154 5904 1244 5957 καὶ
1276 5906 1401 5977 περ)⁸
1434 5906 1527 5961 τοῦ
1555 5909 1890 5978 Μονογενοῦς

1994 4719 2061 4774 de
2108 4718 2339 4773 Domino
2385 4719 2706 4788 praedicant.
2757 4717 2850 4774 Dei
2906 4720 3188 4775 voluntate
3241 4722 3423 4774 omnia
3457 4736 3579 4789 quae

1995 4821 2124 4869 sunt
2156 4813 2318 4877 facta,
2351 4813 2669 4869 constitisse
2695 4813 2933 4869 dicimus
2965 4833 2977 4868 :
3004 4815 3118 4869 haec
3150 4815 3317 4869 etiam
3348 4814 3414 4868 de
3446 4813 3580 4869 Uni-

1994 4905 2180 4975 genito
2233 4913 2514 4960 enarrant.
2571 4904 2689 4959 Non
2729 4923 2795 4960 ex
2836 4907 3078 4962 essentia
3134 4907 3254 4976 ejus
3301 4909 3392 4978 qui
3434 4909 3582 4973 fecit,

1994 5003 2269 5057 constare,
2307 5011 2486 5066 neque
2519 5003 2829 5053 creaturam
2869 4997 3192 5067 angelicam,
3235 5014 3411 5068 neque
3457 5015 3576 5068 quae

1995 5089 2049 5142 in
2107 5088 2311 5144 mundo
2359 5097 2443 5144 est
2499 5097 2750 5143 naturam
2799 5090 3112 5158 credimus;
3157 5091 3308 5144 illum
3358 5105 3577 5161 quoque

1995 5195 2027 5234 a
2074 5180 2256 5236 Patris
2301 5182 2545 5236 essentia
2577 5181 2814 5235 alienum
2846 5197 2968 5237 esse
3013 5189 3066 5236 et
3097 5181 3438 5250 disjunctum
3482 5199 3581 5237 vo-

1994 5271 2136 5325 lunt.
2183 5272 2392 5326 Cuncta
2457 5289 2578 5343 qua:
2626 5281 2754 5327 sunt
2813 5273 2934 5343 ejus
2979 5276 3070 5344 qui
3126 5274 3254 5328 fecit
3308 5277 3580 5330 voluntati

1995 5365 2202 5421 servire
2235 5366 2596 5434 conﬁtemur;
2650 5367 2792 5421 idem
2848 5370 3095 5423 sentiunt
3135 5372 3203 5423 de
3260 5367 3576 5440 Unigcnitn.

1994 5458 2166 5528 Igitur
2212 5460 2529 5515 necessario
2577 5476 2919 5530 quaecunque
2980 5462 3084 5514 alia
3141 5461 3209 5516 de
3265 5461 3368 5516 hac
3418 5463 3580 5515 intel-

1994 5550 2251 5612 lexerint,
2288 5550 2480 5604 eadem
2531 5553 2712 5606 omnia
2768 5551 3064 5622 Unigenito
3103 5555 3521 5609 accommodant
3561 5576 3575 5609 :

1993 5647 2047 5692 et
2083 5640 2228 5708 quod
2269 5643 2337 5694 de
2374 5637 2468 5694 illo
2492 5641 2850 5706 crediderint,
2904 5644 3006 5697 hoc
3038 5639 3289 5698 ctiam'in
3325 5653 3576 5698 creatura

1993 5730 2388 5799 opinahuntur.
2442 5731 2623 5800 Quare
2677 5735 2721 5789 si
2759 5735 3048 5790 Dominum
3102 5737 3268 5792 Deum
3307 5740 3580 5793 conlitem

1995 5829 2106 5886 tur,
2153 5823 2420 5893 reliquam
2451 5824 2614 5878 etiam
2644 5837 2951 5882 creaturam
2987 5826 3384 5884 deiﬁcaverint.
3419 5830 3577 5895 Quod

1995 5913 2040 5968 si
2088 5914 2204 5969 haec
2234 5913 2432 5970 divina:
2479 5925 2690 5973 natura:
2719 5918 2965 5989 expertia
2998 5919 3286 5988 definiunt,
3332 5922 3579 5977 eamdem
