4138 6364
517 413 613 470 Εἰσί

1768 429 1827 485 S.
1861 429 2190 488 GREGORII
2223 432 2518 489 NYSSENI

3675 427 3782 488 63'}.

512 526 830 597 opinionem
875 527 942 583 de
973 527 1264 600 Unigenito
1311 549 1418 588 non
1470 537 1766 607 negabunt.
1811 541 1880 594 At
1906 542 2090 596 nullus

2207 547 2290 598 ›ύκ
2320 547 2453 615 ἁρνή
2463 561 2664 598 σονται.
2708 540 2869 593 Ἀλλὰ
2893 539 3000 610 μὴν
3022 539 3196 602 οὐδεὶς
3223 539 3339 593 τῶν.
3357 537 3783 609 σωφρονούντωκ

514 636 596 671 sm
620 620 738 672 rius
788 628 843 673 et
871 621 1112 690 prudens
1146 633 1413 680 creaturze
1447 629 1692 682 attribuit
1725 630 2091 687 divinitatem.

514 709 634 762 Dion
682 709 845 778 igitur
885 713 1156 783 reliquum
1206 717 1409 772 tacitus
1440 729 1720 788 praetereo,
1750 737 1818 775 ne
1852 723 2092 808 linguam

516 800 966 858 adversariorum
990 807 1345 876 blasphemize
1376 820 1428 864 et
1450 812 1618 880 impio
1643 815 1882 868 couvitio
1914 800 2096 870 videar

517 894 819 960 applicare.
865 893 947 948 Illi
978 898 1160 967 potius
1201 915 1322 969 quae
1351 915 1764 972 consequuntur
1788 909 2092 972 enuntient,

518 985 723 1051 quibus
773 1003 836 1042 os
872 989 938 1043 ad
976 991 1374 1060 blasphemiam
1407 997 1764 1052 exercitatum
1797 1007 1902 1054 est.
1939 1001 2096 1057 Ratio

520 1085 702 1130 autem
753 1082 916 1132 etiam
964 1085 1457 1141 conticescentium
1495 1097 1578 1143 est
1605 1091 1914 1160 perspicua.
1952 1093 2097 1148 Duo-

520 1179 643 1218 rum
700 1168 842 1221 enim
903 1172 1132 1226 alterum
1186 1179 1505 1230 necessario
1557 1191 1960 1250 consequetur,
2012 1185 2096 1238 vel

520 1257 818 1311 manifeste
869 1260 1206 1329 unigenitum
1243 1263 1411 1318 Deum
1461 1254 1728 1336 rejicieut,
1780 1271 1854 1324 ita
1885 1281 1943 1325 ut
1983 1288 2099 1324 am-

519 1346 666 1414 plius
717 1349 860 1416 apud
903 1349 1028 1405 illos
1071 1367 1250 1420 neque
1295 1355 1368 1410 sit
1414 1372 1593 1426 neque
1627 1360 1883 1424 dicatur;
1930 1363 2012 1416 vel
2051 1363 2097 1417 si

519 1437 568 1489 ei
611 1436 952 1492 divinitatem
1012 1443 1313 1512 assignant,
1371 1447 1518 1502 omni
1565 1463 1785 1518 quoque
1835 1461 2100 1509 creatura:

519 1527 804 1595 :rqualiter
851 1531 1184 1600 attribuent;
1240 1537 1327 1592 vel
1380 1537 1617 1608 denique
1658 1538 1929 1611 fugientes
1976 1559 2097 1598 eam

519 1636 642 1687 qua:
692 1623 747 1676 in
805 1634 1035 1697 utroque
1077 1640 1163 1686 est
1215 1634 1563 1690 manifestam
1620 1636 1979 1706 impietatem,
2030 1641 2101 1696 ad

521 1712 669 1778 pium
728 1731 1037 1773 sermonem
1094 1722 1434 1794 confugient,
1501 1729 1796 1798 ipsumque
1851 1739 2096 1784 creatura

521 1817 632 1856 non
653 1821 775 1860 esse
795 1810 1178 1877 proculdubio
1208 1819 1596 1885 assentientur,
1633 1830 1691 1874 ut
1715 1821 1886 1876 Deum
1918 1823 2096 1891 ipsum

519 1912 648 1950 vere
680 1914 802 1954 esse
841 1905 1228 1960 confiteantur.

567 1975 734 2056 "Quid
774 1994 880 2047 alia
912 2009 1353 2067 persequentem,
1399 2021 1738 2074 qiuecunque
1789 2010 2108 2062 necessario.

522 2093 586 2131 ex
629 2080 732 2135 hoc
767 2085 1033 2156 principio
1068 2094 1308 2146 sermoni
1349 2097 1587 2148 subsunt
1628 2098 1792 2166 impia
1841 2100 2099 2165 convitia,

523 2169 734 2228 diutius
768 2190 906 2245 Opus
933 2187 1016 2233 est
1043 2183 1360 2238 immorari?
1387 2188 1490 2257 Qui
1519 2189 1586 2241 ad
1641 2188 1692 2243 id
1725 2192 1869 2259 quod
1909 2208 2104 2247 conse-

524 2278 702 2332 quens
733 2280 817 2322 est
849 2272 1092 2340 respicit,
1123 2291 1186 2328 cx
1213 2277 1298 2331 his
1320 2294 1441 2347 quae
1469 2279 1615 2334 dicta
1637 2290 1767 2336 sunt
1814 2283 2100 2353 intelliget,

524 2357 672 2424 quod
717 2360 984 2415 mendacii
1015 2374 1189 2433 pater,
1227 2369 1371 2435 quod
1412 2371 1607 2426 mortis
1640 2381 1853 2440 auctor,
1894 2374 2106 2443 peccati

525 2447 800 2515 inventor,
834 2468 959 2508 cum
1001 2457 1073 2509 sit
1100 2468 1322 2513 creatus
1354 2459 1406 2512 in
1459 2461 1797 2530 intelligente
1831 2473 1887 2520 et
1921 2467 2101 2520 incor-

525 2551 689 2605 porea
723 2550 937 2604 natura,
967 2559 1075 2598 non
1108 2562 1139 2599 a
1167 2559 1358 2601 natura
1396 2551 1705 2620 prohibitus
1736 2563 1819 2608 est
1852 2557 1984 2624 quin
2007 2572 2105 2630 per

523 2631 880 2684 mutationem
919 2635 1072 2688 lieret
1119 2640 1264 2706 quin]
1314 2641 1534 2710 quidem
1587 2651 1691 2697 est.
1745 2645 1904 2712 Quod
1954 2649 2100 2703 enim

522 2719 772 2773 mutabili
830 2735 1046 2778 constat
1102 2731 1362 2796 essentia,
1414 2748 1537 2786 cum
1579 2735 1632 2787 in
1671 2744 1964 2806 utrumque
2008 2756 2103 2809 per

522 2808 832 2867 libertatem
886 2817 971 2872 sui
1021 2819 1232 2874 arbitrii
1266 2835 1571 2890 moveatur,
1623 2828 1731 2880 vim
1790 2841 2000 2884 naturae
2051 2840 2106 2885 et

524 2909 852 2969 potestatem
887 2907 1050 2964 habet
1077 2913 1365 2971 electionis
1395 2918 1510 2972 sive
1545 2921 1808 2990 propositi
1856 2937 2104 2978 momen-e

524 3001 640 3046 tum
664 3000 1140 3068 concomitantem,
1180 3005 1254 3059 ita
1285 3015 1342 3060 ut
1372 3009 1505 3063 illud
1531 3011 1624 3064 ﬁat
1646 3012 1712 3066 ad
1732 3013 1879 3082 quod
1909 3015 2103 3070 electio

524 3086 703 3152 ipsum
725 3088 1031 3146 deduxerit.
1075 3093 1242 3164 lgitur
1273 3100 1438 3153 etiam
1478 3100 1766 3158 Dominum
1795 3107 2102 3161 contrario-

523 3193 646 3231 rum
674 3195 927 3250 capacem
961 3186 1244 3255 detinieut,
1283 3192 1378 3261 qui
1425 3193 1496 3248 ad
1537 3198 1835 3267 angelicam
1877 3201 2103 3256 honoris

523 3267 886 3340 aiqtmlitatem
923 3278 1098 3346 ipsqu
1136 3283 1464 3340 abstrahunt
1485 3302 1582 3356 per
1611 3292 1968 3350 creationem.
1997 3292 2104 3348 Sed

525 3363 692 3416 altam
722 3379 910 3420 vocem
950 3369 1098 3423 Pauli
1128 3374 1384 3440 audiant,
1415 3381 1693 3447 quomodo
1735 3383 1882 3437 hunc
1925 3386 2103 3438 solum

524 3452 722 3509 Filium
745 3469 1002 3515 vocatum
1033 3479 1156 3519 esse
1177 3466 1273 3530 ait,
1306 3470 1432 3538 quia
1466 3473 1538 3526 sit
1565 3475 1881 3543 angelorum
1910 3485 2105 3533 natura

525 3549 659 3619 quid
681 3554 901 3618 melius,
938 3567 990 3612 et
1009 3561 1397 3627 praestabilius.
1425 3565 1652 3620 Cuinam
1677 3571 1816 3622 enim
1838 3573 2105 3641 quondam

527 3646 836 3713 angelorum
868 3647 1044 3702 dixit:
1080 3648 1258 3706 Filius
1290 3671 1434 3710 meus
1483 3675 1535 3712 es
1597 3663 1690 3715 tu?
1755 3660 1823 3714 Et
1880 3679 2108 3731 rursus,

527 3749 648 3786 cum
680 3735 880 3792 inducit
899 3742 954 3793 in
975 3741 1149 3796 orbem
1166 3753 1432 3800 terrarum
1457 3748 1900 3821 Primogenitum,
1934 3756 2111 3822 dicit,

528 3823 600 3878 Et
633 3826 858 3883 adorent
894 3848 1012 3886 eum
1055 3851 1233 3892 omnes
1287 3839 1461 3909 angeli
1506 3840 1623 3895 Dei.
1684 3843 1749 3896 Et
1780 3844 1849 3898 ad
1893 3847 2106 3918 angelos

527 3918 736 3985 quidem
786 3921 950 3976 dicit:
1001 3925 1102 3990 Qui
1137 3927 1269 3995 facit
1321 3933 1535 4002 angelos
1592 3951 1714 3989 suos
1771 3938 2011 4004 spiritus,
2058 3951 2108 3994 et

529 4008 801 4066 ministras
852 4031 975 4069 suos
1021 4019 1157 4086 ignis
1198 4021 1493 4084 ﬂammam.
1535 4027 1617 4076 Ad
1651 4025 1853 4081 Filium
1909 4042 2106 4096 autent,

530 4098 692 4153 Sedes
726 4111 839 4166 tua,
873 4104 1014 4160 Deus
1035 4149 1049 4172 ,
1081 4110 1134 4161 in
1163 4113 1417 4164 saxulum
1447 4116 1630 4168 swculi
1659 4130 1672 4173 :
1702 4119 1849 4188 uirga
1891 4124 2110 4176 rectitu—

529 4189 692 4254 a‘inis,
730 4193 875 4263 virga
908 4200 1052 4266 regni
1090 4201 1287 4254 tui”.
1323 4203 1387 4256 Et
1442 4206 1549 4258 alia
1599 4223 1939 4280 quaecunque
1985 4229 2107 4267 cum

534 4283 619 4335 his
660 4287 946 4355 prophetia
977 4293 1045 4345 de
1100 4293 1208 4348 Deo
1248 4296 1478 4365 loquens
1523 4302 1889 4371 persequitur.
1943 4306 2112 4360 Addit

532 4376 695 4427 etiam
738 4394 802 4431 ex
843 4382 950 4433 alio
981 4389 1196 4440 cantico
1235 4404 1356 4458 quae
1391 4394 1761 4448 conveniunt:
1796 4395 1873 4450 Tu
1899 4416 1931 4450 a
1962 4401 2111 4467 prin-

533 4466 689 4531 cipio,
714 4468 954 4536 Domine,
983 4484 1179 4530 terram
1202 4480 1462 4547 fundasti,
1479 4493 1526 4536 et
1548 4501 1703 4553 opera
1719 4505 1968 4543 manuum
1993 4501 2112 4545 tua-

2195 642 2260 709 τῇ
2306 639 2478 690 κτίσει
2512 634 2924 708 προσμαρτυρεῖ
2960 631 3058 700 τὴν
3089 631 3338 699 θεύτητα.
3387 631 3502 684 Οὐκ
3539 631 3648 701 ἄρα
3683 633 3780 685 καὶ

2199 730 2388 783 σιωπῶ
2427 729 2487 782 τὸ
2519 729 2871 796 λειπόμενον,
2904 726 2978 787 ὡς
3021 723 3086 776 ἂν
3136 723 3210 792 μὴ
3261 726 3524 796 χρῄσαιμι
3564 725 3632 793 τῇ
3670 723 3779 774 τῶν

2197 821 2406 892 ἐχθρῶν
2459 817 2778 889 βλασφημία
2817 832 2915 886 την
2947 813 3225 883 γλῶσσαν,
3273 814 3498 866 Ἐκεῖνοι
3537 813 3778 882 λεγέτω-

2200 933 2298 968 σαν
2324 915 2386 966 τὸ
2411 915 2476 966 ἐκ
2495 910 2596 981 τῆς
2623 907 2942 970 ἀκολουθίας
2966 905 3380 977 ἐπιφερόμενον,
3402 899 3484 968 οἷς
3514 906 3576 957 τὸ
3601 906 3776 971 στόμα

2199 1006 2336 1075 πρὸς
2360 1004 2456 1075 τὴν
2485 1001 2833 1073 βλασφημίαν
2872 997 3407 1067 καταγεγύμνασται.
3454 997 3512 1050 '0
3539 997 3597 1050 δὲ
3620 996 3778 1064 λόγος

2199 1098 2294 1151 καὶ
2338 1093 2669 1148 σιωπώντων
2709 1090 2864 1160 δῆλός
2911 1091 3047 1140 ἐστι.
3094 1087 3200 1139 Δύο
3236 1087 3345 1158 γὰρ
3386 1085 3447 1138 τὸ
3483 1085 3669 1157 ἕτερον
3718 1083 3780 1147 ἐξ

2198 1191 2446 1258 ἀνάγκης
2491 1186 2682 1249 ἔσται,
2811 1182 3060 1253 φανερῶς
3106 1180 3650 1252 άποχειροτονήσουσι
3689 1179 3781 1230 τὸν

2202 1281 2464 1354 μονογενῆ
2500 1277 2653 1343 Θεὸν,
2687 1275 2827 1328 ὥστε
2860 1273 3057 1344 μηκέτι
3087 1275 3215 1342 παρ’
3249 1272 3476 1334 ἐκείνοις
3518 1271 3613 1325 καὶ
3642 1267 3782 1324 εἶναι

2197 1370 2356 1423 τοῦτο
2387 1370 2481 1423 καὶ
2509 1365 2791 1434 λέγεσθαι⁸
2816 1364 2848 1433 ἥ
2878 1366 2927 1416 εἰ
2959 1362 3475 1434 προσμαρτυροῦῶν
3501 1362 3650 1432 αὐτῷ
3682 1362 3790 1432 τὴν

2201 1464 2451 1532 θεότητα,
2485 1461 2580 1512 καὶ
2620 1459 2771 1530 πάσῃ
2799 1460 2866 1527 τῇ
2905 1457 3081 1509 κτίσει
3110 1455 3176 1509 τὸ
3198 1451 3321 1507 ἴσον
3349 1455 3779 1525 προσμαρτυρή-

2203 1572 2384 1608 σουσιν
2406 1570 2418 1582 ·
2449 1553 2482 1623 ἢ
2508 1551 2570 1604 τὸ
2603 1551 2942 1616 λειπόμενον,
2977 1547 3268 1617 φεύγοντες
3302 1546 3402 1616 τὴν
3435 1546 3518 1614 ἐφ’
3549 1546 3783 1615 ἑκάτερα

2200 1644 2640 1718 προφαινομένην
2665 1641 2942 1704 ἀσέϐειαν,
2972 1640 3063 1692 ἐπὶ
3087 1641 3184 1692 τὸνι
3202 1639 3397 1708 εὐσεϐῆ
3418 1636 3785 1706 καταφεύξον-

2199 1758 2288 1794 ται
2326 1739 2500 1806 λόγον,
2543 1735 2638 1789 καὶ
2674 1735 2735 1787 τὸ
2781 1735 2854 1804 μὴ
2889 1733 3104 1786 κτιστὸν
3149 1726 3288 1784 εἷναι
3319 1731 3535 1792 πάντως
3577 1746 3779 1798 συγκα-

2200 1834 2525 1903 ταθήσονται
2546 1869 2561 1893 ,
2597 1829 2686 1882 ἴνα
2729 1827 2862 1880 Θεὸν
2899 1823 3060 1881 αὐτὸν
3093 1825 3308 1896 ἀληθῶς
3340 1820 3479 1877 εἶναι
3516 1824 3781 1895 ὁμολογή-

2131 1900 2173 1954 Β
2205 1939 2359 1976 σωσι.

2273 2014 2336 2067 Τί
2369 2013 2453 2070 δεῖ,
2484 2011 2554 2064 τὰ
2592 2010 2725 2063 ἄλλα
2756 2009 2982 2077 λέγοντα
3020 2007 3318 2078 διατρίϐειν
3337 2049 3351 2072 ,
3392 2007 3458 2059 ὲκ
3483 2007 3582 2076 τῆς
3607 2005 3783 2077 ἀρχῆς

2201 2107 2404 2176 ταύτης
2433 2107 2532 2158 ὅσα
2576 2105 2695 2156 κατ’
2723 2103 2968 2173 ἀνάγκην
3002 2102 3209 2172 ὑπέστη
3244 2099 3322 2171 τῷ
3341 2100 3485 2171 λόγῳ
3513 2101 3582 2152 τὰ
3617 2099 3782 2170 βλασ-

2205 2202 2468 2270 φήματας
2522 2197 2753 2265 Συνήσει
2805 2195 2915 2263 γὰρ
2951 2194 3038 2246 διά
3073 2193 3181 2246 τῶν
3241 2192 3544 2263 εἰρημένων
3572 2193 3601 2244 ὁ
3647 2190 3786 2262 πρὸς

2202 2293 2263 2344 τὸ
2294 2288 2587 2343 ἀκόλουθον
2624 2287 2861 2358 βλέπων,
2885 2288 2967 2339 ὅτι
3005 2285 3100 2338 καὶ
3137 2287 3164 2338 ὁ
3196 2283 3292 2336 τού
3322 2283 3550 2352 ψεύδους
3578 2282 3779 2352 πατὴρ,

2203 2384 2230 2435 ὁ
2267 2380 2362 2434 τοῦ
2393 2379 2622 2437 θανάτου
2677 2377 3006 2449 δημιουργὸς
3029 2419 3044 2442 ,
3079 2379 3108 2429 ὁ
3159 2377 3258 2446 τῆς
3307 2375 3504 2436 κακίας
3531 2373 3778 2443 εὑρετὴς,

2203 2471 2418 2534 κτιστὸς
2452 2470 2528 2522 ὢν
2569 2472 2629 2522 ὲν
2677 2470 2842 2540 νοερᾷ
2876 2485 2936 2520 τε
2967 2469 3060 2528 καὶ
3104 2466 3379 2536 ἀσωμάτῳ
3435 2463 3596 2534 φύσει
3625 2503 3640 2527 ,
3683 2465 3784 2516 οὐκ

2204 2563 2450 2634 ἐκωλύθη
2487 2562 2591 2623 ὑπὸ
2618 2564 2719 2632 τῆς
2773 2561 2988 2630 φύσεως
3028 2559 3117 2611 διὰ
3156 2557 3459 2629 μεταϐολῆς
3507 2554 3780 2623 γενέσθαι,

2203 2659 2340 2729 ὅπερ
2368 2656 2504 2710 ἔστι.
2528 2654 2602 2708 Τὸ
2638 2654 2747 2724 γάρ
2772 2653 3006 2724 τρεπτὸν
3029 2653 3130 2745 τῆς
3153 2649 3343 2745 οὐσίας
3366 2689 3380 2713 ,
3414 2648 3784 2745 ὲιᾴὲκάτερρν

2205 2751 2324 2802 κατ’
2356 2746 2604 2811 ἐξουσίαν
2642 2742 2981 2812 κινούμενον,
3015 2738 3413 2799 ἀκολουθοῦσαν
3443 2736 3556 2807 ἔχει
3590 2738 3656 2806 τῇ
3685 2736 3783 2804 τῆς

2206 2841 2577 2913 προαιρέσεως
2637 2841 2774 2912 ῥοπῇ
2825 2837 2924 2905 τὴν
2961 2835 3058 2904 τῆς
3081 2833 3303 2902 ,φύσεως
3338 2831 3598 2900 δύναμιν·

2205 2936 2382 2987 ἐκεῖνο
2427 2932 2682 3001 γενέσθαι
2723 2930 2857 3002 πρὸς
2883 2931 3019 2999 ὅπερ
3071 2927 3135 2979 ἂν
3170 2928 3203 2995 ἡ
3256 2924 3580 2995 προαίρεσις
3611 2924 3784 2990 αὐτῆς

2206 3027 2570 3096 ἁφηγήσεται.
2604 3021 2813 3077 Οὐκοῦν
2841 3019 3088 3074 δεκτικὸν
3130 3018 3224 3070 καὶ
3259 3017 3368 3068 τῶν
3398 3015 3660 3067 ἐναντίων
3691 3011 3789 3117 τὸν

2205 3117 2409 3186 Κύριον
2447 3115 2790 3187 διορίσονται,
2842 3111 2918 3174 ὡς
2969 3111 3105 3180 πρὸς
3157 3105 3786 3208 άγγελικέηνξμοτιμίαν

2207 3208 2368 3263 αὐτὸν
2409 3206 2796 3268 κατασπῶντες
2828 3202 2914 3256 διὰ
2959 3203 3058 3270 τῆς
3089 3201 3340 3261 κτίσεως.
3381 3196 3518 3250 Ἀλλ’
3545 3196 3793 3248 ἀκουσά-.

2207 3316 2388 3352 τωσαν
2410 3299 2511 3368 τῆς
2551 3297 2794 3367 μεγάλης
2828 3294 2920 3347 τοῦ
2955 3292 3167 3346 Παύλου
3202 3292 3386 3360 φωνῆς
3412 3333 3426 3354 ,
3461 3288 3579 3351 πῶς
3625 3288 3784 3358 μόνον

2206 3392 2391 3446 τοῦτον
2409 3391 2536 3442 Υἱὸν
2553 3388 2850 3459 κεκλῆσθαί
2881 3404 3036 3456 φησι,
3055 3384 3144 3438 διὰ
3165 3384 3225 3435 τὸ
3253 3378 3391 3436 εἶναι
3419 3382 3537 3451 οὐχὶ
3563 3381 3660 3450 τῆς
3677 3380 3794 3432 τῶν.

2208 3482 2471 3551 ἀγγέλων,
2502 3480 2637 3534 ἀλλὰ
2655 3480 2755 3548 τῆς
2778 3479 3084 3548 κρείττονος
3109 3475 3351 3543 φύσεως.
3380 3473 3503 3526 Τίνι
3523 3474 3635 3540 γὰρ
3657 3468 3788 3525 εἷπὲ

2209 3587 2352 3625 ποτε
2368 3571 2492 3624 ’τῶν
2512 3569 2802 3640 ἀγγέλων,
2827 3568 2959 3633 Υἱός
2973 3584 3092 3637 μου
3112 3561 3169 3618 εἴ
3181 3566 3285 3627 σύ;
3302 3565 3411 3618 Καὶ
3435 3563 3580 3616 ὅταν
3601 3561 3790 3615 πάλιν

2208 3663 2498 3734 εἰσαγάγῃ
2531 3663 2640 3716 τὸν
2675 3662 3064 3730 Πρωτότοκον
3108 3661 3196 3724 εἰς
3245 3656 3357 3724 τὴν
3400 3654 3786 3723 οἰκουμένην,

2208 3756 2397 3826 λέγειν·
2435 3755 2546 3808 Καὶ
2576 3751 3182 3823 προσκυνησάτωσαν
3225 3747 3384 3814 αὐτῷ
3431 3747 3653 3813 πάντες
3687 3753 3789 3815 ἅτ-

2209 3850 2375 3915 γελοι
2409 3845 2578 3899 Θεοῦ.
2630 3844 2738 3898 Καὶ
2763 3842 2914 3910 πρὸς
2944 3843 3062 3910 μὲν
3095 3841 3236 3906 τοὺς
3263 3839 3560 3910 ἀγγέλους
3579 3839 3741 3908 λέγει
3769 3854 3784 3868 °

2222 3939 2286 3992 '0
2305 3937 2489 3994 ποιῶν
2505 3937 2647 4002 τοὺς
2667 3934 2961 4005 ἀγγέλους
2979 3934 3164 3987 αὐτοῦ
3180 3933 3510 4001 πνεύματα,
3534 3930 3788 3996 καὶτοὺς

2209 4029 2594 4098 λειτουργοὺς
2650 4025 2834 4080 αὐτοῦ
2889 4024 3078 4092 πυρὸς
3117 4024 3333 4094 φλόγα.
3385 4024 3545 4090 Πρὸς
3587 4022 3656 4074 δὲ
3683 4022 3791 4076 τὸν

2221 4125 2377 4187 Flor,
2419 4124 2474 4174 Ὀ
2503 4123 2715 4189 θρόνος
2759 4135 2896 4178 σου,
2928 4121 2960 4170 0'
2985 4115 3158 4181 Θεὸς,
3193 4117 3279 4179 εἷς
3306 4113 3414 4169 τὸν
3446 4112 3633 4168 αἰῶνα
3681 4113 3798 4169 τοῦ

2211 4219 2462 4283 αἰῶνος,
2494 4214 2715 4284 ῥάϐδος
2759 4211 3083 4277 εὐθύτητος
3120 4209 3158 4275 ἢ
3199 4207 3424 4275 ῥάϐδος
3459 4205 3571 4274 τῆς
3606 4208 3791 4272 βασι..

2210 4310 2380 4374 λείας
2401 4323 2517 4362 σου
2542 4324 2558 4337 ⁶
2592 4305 2686 4358 καὶ
2713 4305 2814 4357 ὅσα
2845 4304 2979 4356 ἄλλα
3016 4301 3152 4371 μετὰ
3186 4300 3388 4354 τούτων
3415 4301 3447 4370 ἡ
3479 4299 3789 4370 προφητεία

2214 4400 2535 4469 θεολογοῦσα
2567 4398 2807 4463 διέξεισι.
2843 4393 3169 4466 Προστίθησι
3210 4393 3268 4444 δὲ
3313 4393 3408 4444 καὶ
3463 4393 3556 4459 ἀφ’
3597 4393 3789 4462 ἐτέρας

2215 4492 2488 4565 ὑμνῳδίας
2532 4491 2601 4543 τὰ
2645 4489 2964 4559 πρόσφορα·
3014 4486 3107 4549 τὸ,
3138 4485 3220 4538 Σὺ
3274 4484 3400 4536 κατ’
3430 4483 3622 4552 ἀρχὰς
3677 4483 3796 4547 τὴν

533 4573 651 4610 rum
683 4571 805 4614 sunt
837 4565 985 4619 caeli:
1011 4577 1064 4620 et
1093 4585 1213 4638 quae
1241 4581 1546 4642 sequuntur
1571 4579 1773 4639 onmia.
1803 4597 1868 4635 eo
1900 4598 2103 4653 usque:

2214 4585 2332 4655 γῆν
2371 4583 2805 4652 ἐθεμελίωσας,
2847 4579 3050 4644 Κύριε,
3103 4577 3202 4630 καὶ
3238 4576 3382 4644 ἔργα
3422 4574 3540 4627 τῶν
3575 4573 3794 4643 χειρῶιτ¹

534 4647 614 4702 Τιι
645 4662 818 4706 autent
850 4657 985 4711 idem
1013 4678 1090 4724 es,
1117 4675 1165 4716 et
1198 4669 1323 4719 anni
1358 4669 1436 4719 tui
1460 4686 1562 4721 non
1596 4670 1836 4738 deﬁcient
1865 4675 1909 4706 ⁵ο
1942 4695 1954 4730 :
1981 4680 2107 4746 qui-

532 4741 633 4797 bus
668 4747 846 4802 verbis
887 4750 1301 4812 ittnnutahilitas
1327 4771 1380 4812 et
1404 4764 1683 4818 :eternitas
1710 4766 1905 4822 divina:
1947 4781 2111 4824 natu-

536 4851 608 4888 ra:
633 4836 986 4898 describitur.
1021 4845 1078 4898 Si
1106 4849 1271 4917 igitur
1299 4849 1573 4921 Unigeniti
1601 4858 1774 4912 deitas
1817 4869 1966 4915 tanto
2010 4879 2107 4930 su—

533 4932 834 4995 pereminet
860 4942 1114 4990 naturam
1149 4942 1473 5010 angelicam,
1503 4960 1710 5015 quanto
1754 4955 1934 5006 servis.
1967 4971 2106 5024 prae-

533 5021 767 5074 stantior
813 5034 899 5078 est
953 5029 1045 5096 qui
1094 5032 1337 5098 possedit
1377 5051 1398 5088 ε,
1428 5041 1706 5102 quomodo
1759 5021 2104 5100 counnunem

534 5109 763 5173 faciunt.
795 5117 881 5170 vel
910 5133 1032 5172 cum
1065 5137 1228 5175 sensu
1262 5129 1604 5195 perceptibili
1653 5142 1902 5186 creatura
1952 5153 2107 5190 crea-

533 5204 701 5258 tionis
736 5205 1050 5274 Dominum,
1084 5215 1168 5266 vel
1200 5229 1324 5268 cum
1361 5221 1683 5287 angelorum
1726 5235 1942 5290 natura,
1981 5243 2104 5282 eum

529 5296 620 5362 qui
664 5297 732 5349 ab
765 5298 899 5366 ipsis
928 5303 1226 5358 aduratur?
1281 5307 1396 5362 haec
1431 5311 1499 5364 de
1553 5313 1716 5368 modo
1770 5318 2107 5374 essistentize

530 5387 703 5452 ipsius
737 5388 1099 5458 disserentes,
1147 5411 1268 5464 qua:
1304 5398 1541 5469 singulis
1579 5407 1850 5461 creaturis
1890 5411 2108 5477 proprie

529 5480 937 5535 accommodari
972 5496 1230 5553 poterunt
1245 5531 1259 5552 ,
1305 5494 1760 5559 quemadmodum
1774 5497 1884 5566 jam
1909 5501 1975 5553 ab
1998 5502 2108 5555 Ine-

528 5570 636 5624 resi
664 5572 994 5639 perhibitum
1025 5577 1092 5631 de
1123 5576 1352 5637 Domino
1371 5600 1680 5640 sermonem
1701 5597 1857 5643 terra:
1882 5593 2110 5648 creatio-

717 5773 877 5829 uui...
917 5793 952 5838 .,
1079 5795 1236 5850 δίμιά
1277 5779 1419 5838 Paul.
1475 5801 1531 5850 ιι,
1584 5787 1650 5854 7.:

1713 5803 1853 5856 κενέ,
1901 5792 1988 5856 17-;
2038 5807 2153 5859 cm,
2213 5795 2285 5858 si;
2315 5808 2453 5847 utr.
2490 5792 2540 5841 7-

2216 4677 2333 4730 σού
2366 4678 2524 4728 εἰσιν
2568 4675 2621 4726 οἱ
2654 4670 2899 4738 οὐρανοί
2921 4685 2936 4698 ·
2971 4668 3064 4720 καὶ
3112 4667 3181 4719 τὰ
3211 4667 3410 4736 ἐφεξῆς
3444 4666 3653 4728 πάντα,
3685 4666 3790 4728 ἕως

2216 4768 2331 4832 τοῦ,
2357 4766 2440 4819 Σὺ
2475 4764 2542 4817 δὲ
2585 4768 2618 4819 ό
2641 4763 2822 4827 αὐτὸς
2847 4762 2918 4824 εἷ,
2962 4760 3060 4813 καὶ
3093 4760 3165 4815 τὰ
3187 4759 3291 4825 ἐτη
3321 4772 3437 4813 σου
3467 4759 3579 4811 οὐκ
3604 4757 3792 4811 ἐκλείς

2215 4865 2441 4929 ψουσιο
2480 4858 2546 4910 δι’
2574 4850 2649 4909 ὧν
2677 4856 2736 4908 τὸ
2760 4852 3114 4908 ἀναλλοίωτον
3139 4869 3199 4904 τε
3232 4851 3326 4904 καὶ
3362 4851 3422 4905 τὸ
3453 4851 3623 4905 ἀΐδιον
3656 4852 3790 4904 ὑπο-

2216 4956 2417 5024 γράφει
2450 4951 2548 5020 τῆς
2587 4948 2821 5017 φύσεως.
2851 4947 2912 4998 Ei
2939 4941 3031 4998 οὖν
3062 4945 3314 4997 τοσοῦτον
3340 4943 3663 5015 ὑπέρκειται
3693 4945 3791 5013 τῆς

2215 5043 2509 5114 ἁγγελικῆς
2547 5040 2758 5108 φύσεως
2815 5038 2907 5090 τοῦ
2937 5035 3274 5104 Μονογενοῦς
3324 5035 3580 5133 ἠ-θεότης
3601 5075 3616 5100 ,
3668 5035 3796 5133 ὅσον.

2213 5135 2459 5205 διαφέρει
2496 5131 2603 5182 τῶν
2625 5130 2826 5182 δούλων
2849 5131 2876 5181 ὁ
2905 5127 3236 5197 κεκτημένος
3261 5140 3274 5153 ⁸
3311 5125 3429 5189 πῶς
3456 5141 3792 5224 κοινοποιού-

2217 5243 2321 5288 σιν,
2360 5224 2393 5294 ἦ
2442 5222 2578 5290 πρὸς
2614 5219 2713 5290 τὴν
2758 5217 3020 5288 αἰσθητὴν
3067 5217 3245 5269 κτίσιν
3275 5217 3366 5266 τὸν
3415 5215 3516 5283 τῆς
3560 5214 3792 5277 κτίσεως

2215 5315 2440 5386 Κύριον,
2471 5313 2504 5382 ἢ
2539 5309 2676 5380 πρὸς
2700 5309 2798 5379 τὴν
2837 5307 2946 5359 τῶν
2972 5307 3218 5375 ἀγγέλων
3250 5305 3409 5374 φύσιν
3441 5305 3530 5357 τὸν
3573 5305 3665 5356 ὑπ’
3693 5306 3792 5356 αὑ-

2215 5406 2324 5459 τῶν
2354 5400 2863 5474 προσκυνούμενον;
2917 5397 3090 5451 ταῦτα
3137 5398 3267 5467 περὶ
3307 5396 3401 5449 τοῦ
3444 5397 3645 5467 τρόπου
3688 5396 3790 5464 τῆς

2216 5499 2501 5568 ὑπάρξεως
2530 5494 2692 5548 αὑτοῦ
2725 5491 3010 5556 διεξιόντες
3028 5532 3043 5556 ,
3069 5490 3104 5544 ἃ.
3126 5493 3238 5553 τοῖς
3273 5489 3394 5543 καθ’
3424 5489 3652 5541 ἕκαστον
3682 5504 3789 5539 των

2213 5595 2269 5644 ὲν
2297 5593 2362 5661 τῇ
2395 5589 2568 5642 κτίσει
2611 5584 3000 5656 θεωρουμένων
3038 5583 3241 5654 κυρίως
3285 5579 3788 5652 ὲφαρμοσθὴσετο.ι·

2636 5789 2676 5819 ¹⁰
2707 5785 2849 5841 Ps-al.
2899 5801 2980 5842 cr,
3041 5783 3118 5836 “.26,
3160 5798 3278 5850 sqq,
