  <div class='ocr_page' id='page_1' title='image "/cluster/home/n/w/nwhite01/storage/ocr_20150623/45/nnc1.0046978445/328.png"; bbox 0 0 4138 6364; ppageno 0'>
   <div class='ocr_carea' id='block_1_1' title="bbox 468 437 1445 554">
    <p class='ocr_par' dir='ltr' id='par_1_1' title="bbox 468 437 1445 554">
     <span class='ocr_line' id='line_1_1' title="bbox 468 437 1445 554; baseline -0.004 -58"><span class='ocrx_word' id='word_1_1' title='bbox 468 437 572 496; x_wconf 69' lang='lat'><strong>533</strong></span> <span class='ocrx_word' id='word_1_2' title='bbox 1413 504 1445 554; x_wconf 34' lang='grc' dir='ltr'>ι</span> 
     </span>
    </p>
   </div>
   <div class='ocr_carea' id='block_1_2' title="bbox 1585 426 2601 496">
    <p class='ocr_par' dir='ltr' id='par_1_2' title="bbox 1585 426 2601 496">
     <span class='ocr_line' id='line_1_2' title="bbox 1585 426 2601 496; baseline -0.004 -10"><span class='ocrx_word' id='word_1_3' title='bbox 1585 429 1865 486; x_wconf 77' lang='lat' dir='ltr'><strong>CONTRA</strong></span> <span class='ocrx_word' id='word_1_4' title='bbox 1905 428 2300 496; x_wconf 73' lang='lat' dir='ltr'><strong>EUNOMIUM,</strong></span> <span class='ocrx_word' id='word_1_5' title='bbox 2342 426 2472 482; x_wconf 72' lang='grc' dir='ltr'><strong>ΜΒ.</strong></span> <span class='ocrx_word' id='word_1_6' title='bbox 2515 427 2601 482; x_wconf 71' lang='grc' dir='ltr'><strong>ιν.</strong></span> 
     </span>
    </p>
   </div>
   <div class='ocr_carea' id='block_1_3' title="bbox 3623 429 3727 484">
    <p class='ocr_par' dir='ltr' id='par_1_3' title="bbox 3623 429 3727 484">
     <span class='ocr_line' id='line_1_3' title="bbox 3623 429 3727 484; baseline 0.019 -2"><span class='ocrx_word' id='word_1_7' title='bbox 3623 429 3727 484; x_wconf 66' lang='grc'><strong>634</strong></span> 
     </span>
    </p>
   </div>
   <div class='ocr_carea' id='block_1_4' title="bbox 466 536 2050 622">
    <p class='ocr_par' dir='ltr' id='par_1_4' title="bbox 466 536 2042 622">
     <span class='ocr_line' id='line_1_4' title="bbox 466 536 2042 622; baseline -0.006 -16"><span class='ocrx_word' id='word_1_8' title='bbox 466 553 648 616; x_wconf 45' lang='grc' dir='ltr'>καθὼς</span> <span class='ocrx_word' id='word_1_9' title='bbox 685 551 786 622; x_wconf 76' lang='grc' dir='ltr'><strong>ἢδη</strong></span> <span class='ocrx_word' id='word_1_10' title='bbox 831 549 923 602; x_wconf 68' lang='grc' dir='ltr'>τὸν</span> <span class='ocrx_word' id='word_1_11' title='bbox 978 548 1308 603; x_wconf 81' lang='grc' dir='ltr'>ἀποδοθέντα</span> <span class='ocrx_word' id='word_1_12' title='bbox 1351 536 1479 617; x_wconf 74' lang='grc' dir='ltr'>περὶ</span> <span class='ocrx_word' id='word_1_13' title='bbox 1523 544 1615 599; x_wconf 78' lang='grc' dir='ltr'>τοῦ</span> <span class='ocrx_word' id='word_1_14' title='bbox 1647 546 1855 617; x_wconf 82' lang='grc' dir='ltr'>Κυρίου</span> <span class='ocrx_word' id='word_1_15' title='bbox 1884 543 2042 614; x_wconf 90' lang='grc' dir='ltr'>λόγον</span> 
     </span>
    </p>
   </div>
   <div class='ocr_carea' id='block_1_5' title="bbox 2151 536 3728 622">
    <p class='ocr_par' dir='ltr' id='par_1_5' title="bbox 2151 536 3728 612">
     <span class='ocr_line' id='line_1_5' title="bbox 2151 536 3728 612; baseline -0.001 -17"><span class='ocrx_word' id='word_1_16' title='bbox 2151 543 2202 595; x_wconf 90' lang='lat' dir='ltr'><strong>ni</strong></span> <span class='ocrx_word' id='word_1_17' title='bbox 2229 541 2448 612; x_wconf 85' lang='lat' dir='ltr'><strong>proprie</strong></span> <span class='ocrx_word' id='word_1_18' title='bbox 2481 549 2540 596; x_wconf 89' lang='lat' dir='ltr'><strong>et</strong></span> <span class='ocrx_word' id='word_1_19' title='bbox 2567 536 2750 596; x_wconf 79' lang='lat' dir='ltr'><strong>native</strong></span> <span class='ocrx_word' id='word_1_20' title='bbox 2767 538 3728 610; x_wconf 84' lang='lat' dir='ltr'><strong>accommodariposseostendimus.</strong></span> 
     </span>
    </p>
   </div>
   <div class='ocr_carea' id='block_1_6' title="bbox 467 637 2047 714">
    <p class='ocr_par' dir='ltr' id='par_1_6' title="bbox 467 637 2047 714">
     <span class='ocr_line' id='line_1_6' title="bbox 467 637 2047 714; baseline -0.008 -14"><span class='ocrx_word' id='word_1_21' title='bbox 467 647 574 700; x_wconf 62' lang='grc' dir='ltr'><strong>ὑπὸ</strong></span> <span class='ocrx_word' id='word_1_22' title='bbox 601 643 703 714; x_wconf 83' lang='grc' dir='ltr'>τῆς</span> <span class='ocrx_word' id='word_1_23' title='bbox 730 643 996 712; x_wconf 77' lang='grc' dir='ltr'>αἱρέσεως</span> <span class='ocrx_word' id='word_1_24' title='bbox 1020 643 1086 711; x_wconf 71' lang='grc' dir='ltr'>τῇ</span> <span class='ocrx_word' id='word_1_25' title='bbox 1124 641 1439 708; x_wconf 84' lang='grc' dir='ltr'><strong>κατασκευῇ</strong></span> <span class='ocrx_word' id='word_1_26' title='bbox 1477 637 1578 707; x_wconf 83' lang='grc' dir='ltr'>τῆς</span> <span class='ocrx_word' id='word_1_27' title='bbox 1620 638 1722 708; x_wconf 84' lang='grc' dir='ltr'>γῆς</span> <span class='ocrx_word' id='word_1_28' title='bbox 1753 637 2047 707; x_wconf 72' lang='grc' dir='ltr'><strong>προσφυῶς</strong></span> 
     </span>
    </p>
   </div>
   <div class='ocr_carea' id='block_1_7' title="bbox 466 731 2046 809">
    <p class='ocr_par' dir='ltr' id='par_1_7' title="bbox 466 731 2046 809">
     <span class='ocr_line' id='line_1_7' title="bbox 466 731 2046 809; baseline -0.006 -17"><span class='ocrx_word' id='word_1_29' title='bbox 466 739 657 809; x_wconf 79' lang='grc' dir='ltr'>ἔχοντα</span> <span class='ocrx_word' id='word_1_30' title='bbox 683 735 778 788; x_wconf 74' lang='grc' dir='ltr'>καὶ</span> <span class='ocrx_word' id='word_1_31' title='bbox 803 734 1020 796; x_wconf 81' lang='grc' dir='ltr'>οίκείως</span> <span class='ocrx_word' id='word_1_32' title='bbox 1043 731 1344 802; x_wconf 84' lang='grc' dir='ltr'>ἐδείξαμεν.</span> <span class='ocrx_word' id='word_1_33' title='bbox 1383 731 1520 783; x_wconf 81' lang='grc' dir='ltr'><strong>Ἀλλ’</strong></span> <span class='ocrx_word' id='word_1_34' title='bbox 1551 731 1626 794; x_wconf 85' lang='grc' dir='ltr'>ὡς</span> <span class='ocrx_word' id='word_1_35' title='bbox 1648 731 1712 783; x_wconf 76' lang='grc' dir='ltr'>ἂν</span> <span class='ocrx_word' id='word_1_36' title='bbox 1742 732 1814 800; x_wconf 86' lang='grc' dir='ltr'>μή</span> <span class='ocrx_word' id='word_1_37' title='bbox 1851 748 1902 784; x_wconf 90' lang='grc' dir='ltr'><strong>τι</strong></span> <span class='ocrx_word' id='word_1_38' title='bbox 1933 733 2046 794; x_wconf 77' lang='grc' dir='ltr'>τοῖς</span> 
     </span>
    </p>
   </div>
   <div class='ocr_carea' id='block_1_8' title="bbox 465 823 2045 901">
    <p class='ocr_par' dir='ltr' id='par_1_8' title="bbox 465 823 2045 901">
     <span class='ocr_line' id='line_1_8' title="bbox 465 823 2045 901; baseline -0.004 -17"><span class='ocrx_word' id='word_1_39' title='bbox 465 829 853 901; x_wconf 80' lang='grc' dir='ltr'><strong>ἐντυγχάνουσι</strong></span> <span class='ocrx_word' id='word_1_40' title='bbox 877 830 989 890; x_wconf 86' lang='grc' dir='ltr'>τοῖς</span> <span class='ocrx_word' id='word_1_41' title='bbox 1010 826 1192 888; x_wconf 83' lang='grc' dir='ltr'>πόνοις</span> <span class='ocrx_word' id='word_1_42' title='bbox 1215 827 1248 894; x_wconf 79' lang='grc' dir='ltr'>ἡ</span> <span class='ocrx_word' id='word_1_43' title='bbox 1255 824 1372 894; x_wconf 89' lang='grc' dir='ltr'><strong>μῶν</strong></span> <span class='ocrx_word' id='word_1_44' title='bbox 1392 824 1691 895; x_wconf 76' lang='grc' dir='ltr'>ἀμφίϐολον</span> <span class='ocrx_word' id='word_1_45' title='bbox 1708 823 2045 890; x_wconf 85' lang='grc' dir='ltr'>ὑπολίποιτο,</span> 
     </span>
    </p>
   </div>
   <div class='ocr_carea' id='block_1_9' title="bbox 464 915 2045 988">
    <p class='ocr_par' dir='ltr' id='par_1_9' title="bbox 464 915 2045 988">
     <span class='ocr_line' id='line_1_9' title="bbox 464 915 2045 988; baseline -0.004 -16"><span class='ocrx_word' id='word_1_46' title='bbox 464 919 573 974; x_wconf 77' lang='grc' dir='ltr'><strong>τῶν</strong></span> <span class='ocrx_word' id='word_1_47' title='bbox 611 936 730 973; x_wconf 87' lang='grc' dir='ltr'>τινα</span> <span class='ocrx_word' id='word_1_48' title='bbox 764 917 1090 988; x_wconf 79' lang='grc' dir='ltr'>συνηγορίαν</span> <span class='ocrx_word' id='word_1_49' title='bbox 1126 917 1237 978; x_wconf 85' lang='grc' dir='ltr'>τοῖς</span> <span class='ocrx_word' id='word_1_50' title='bbox 1283 916 1582 986; x_wconf 84' lang='grc' dir='ltr'>αίρετικοῖς</span> <span class='ocrx_word' id='word_1_51' title='bbox 1610 915 1846 984; x_wconf 76' lang='grc' dir='ltr'><strong>δόγμασι</strong></span> <span class='ocrx_word' id='word_1_52' title='bbox 1900 930 2045 984; x_wconf 88' lang='grc' dir='ltr'>παρ-</span> 
     </span>
    </p>
   </div>
   <div class='ocr_carea' id='block_1_10' title="bbox 466 1005 2047 1084">
    <p class='ocr_par' dir='ltr' id='par_1_10' title="bbox 466 1005 2047 1084">
     <span class='ocr_line' id='line_1_10' title="bbox 466 1005 2047 1084; baseline -0.005 -18"><span class='ocrx_word' id='word_1_53' title='bbox 466 1015 740 1084; x_wconf 89' lang='grc' dir='ltr'>εχομένων</span> <span class='ocrx_word' id='word_1_54' title='bbox 765 1053 780 1078; x_wconf 87' lang='grc'><strong>,</strong></span> <span class='ocrx_word' id='word_1_55' title='bbox 811 1013 875 1064; x_wconf 83' lang='grc' dir='ltr'>ὲκ</span> <span class='ocrx_word' id='word_1_56' title='bbox 915 1010 1016 1077; x_wconf 80' lang='grc' dir='ltr'>τῆς</span> <span class='ocrx_word' id='word_1_57' title='bbox 1045 1006 1402 1060; x_wconf 86' lang='grc' dir='ltr'>θεοπνεύστου</span> <span class='ocrx_word' id='word_1_58' title='bbox 1435 1005 1661 1078; x_wconf 84' lang='grc' dir='ltr'>Γραφῆς</span> <span class='ocrx_word' id='word_1_59' title='bbox 1694 1005 1842 1070; x_wconf 79' lang='grc' dir='ltr'>ἄξιον</span> <span class='ocrx_word' id='word_1_60' title='bbox 1869 1006 1936 1060; x_wconf 82' lang='grc' dir='ltr'><strong>ἂν</strong></span> <span class='ocrx_word' id='word_1_61' title='bbox 1959 1006 2047 1076; x_wconf 75' lang='grc' dir='ltr'>εἴη</span> 
     </span>
    </p>
   </div>
   <div class='ocr_carea' id='block_1_11' title="bbox 467 1096 2043 1171">
    <p class='ocr_par' dir='ltr' id='par_1_11' title="bbox 467 1096 2043 1171">
     <span class='ocr_line' id='line_1_11' title="bbox 467 1096 2043 1171; baseline -0.004 -12"><span class='ocrx_word' id='word_1_62' title='bbox 467 1107 563 1162; x_wconf 74' lang='grc' dir='ltr'><strong>καὶ</strong></span> <span class='ocrx_word' id='word_1_63' title='bbox 588 1103 744 1156; x_wconf 76' lang='grc' dir='ltr'>τοῦτο</span> <span class='ocrx_word' id='word_1_64' title='bbox 779 1105 893 1166; x_wconf 85' lang='grc' dir='ltr'>τοῖς</span> <span class='ocrx_word' id='word_1_65' title='bbox 924 1099 1318 1171; x_wconf 74' lang='grc' dir='ltr'>ἐξητασμένοις</span> <span class='ocrx_word' id='word_1_66' title='bbox 1349 1098 1477 1168; x_wconf 88' lang='grc' dir='ltr'>παρ’</span> <span class='ocrx_word' id='word_1_67' title='bbox 1504 1097 1665 1168; x_wconf 82' lang='grc' dir='ltr'>ἡμῶν</span> <span class='ocrx_word' id='word_1_68' title='bbox 1694 1096 2043 1168; x_wconf 78' lang='grc' dir='ltr'>προτεθῆναι.</span> 
     </span>
    </p>
   </div>
   <div class='ocr_carea' id='block_1_12' title="bbox 550 1181 2050 1264">
    <p class='ocr_par' dir='ltr' id='par_1_12' title="bbox 550 1181 2050 1264">
     <span class='ocr_line' id='line_1_12' title="bbox 550 1181 2050 1264; baseline -0.005 -17"><span class='ocrx_word' id='word_1_69' title='bbox 550 1193 766 1264; x_wconf 79' lang='grc' dir='ltr'>Ἐροῦσι</span> <span class='ocrx_word' id='word_1_70' title='bbox 798 1193 906 1262; x_wconf 79' lang='grc' dir='ltr'>γὰρ</span> <span class='ocrx_word' id='word_1_71' title='bbox 940 1193 1070 1255; x_wconf 79' lang='grc' dir='ltr'>ἴσως</span> <span class='ocrx_word' id='word_1_72' title='bbox 1111 1189 1171 1254; x_wconf 80' lang='grc' dir='ltr'><strong>ἐξ</strong></span> <span class='ocrx_word' id='word_1_73' title='bbox 1201 1187 1380 1243; x_wconf 73' lang='grc' dir='ltr'>αὐτῶν</span> <span class='ocrx_word' id='word_1_74' title='bbox 1421 1188 1530 1241; x_wconf 91' lang='grc' dir='ltr'><strong>τῶν</strong></span> <span class='ocrx_word' id='word_1_75' title='bbox 1573 1187 1946 1242; x_wconf 86' lang='grc' dir='ltr'>ἁποστολικῶν</span> <span class='ocrx_word' id='word_1_76' title='bbox 1973 1181 2050 1240; x_wconf 80' lang='grc' dir='ltr'>ὧν</span> 
     </span>
    </p>
   </div>
   <div class='ocr_carea' id='block_1_13' title="bbox 467 1277 2047 1355">
    <p class='ocr_par' dir='ltr' id='par_1_13' title="bbox 467 1277 2047 1355">
     <span class='ocr_line' id='line_1_13' title="bbox 467 1277 2047 1355; baseline -0.004 -19"><span class='ocrx_word' id='word_1_77' title='bbox 467 1285 629 1355; x_wconf 80' lang='grc' dir='ltr'>ἡμεῖς</span> <span class='ocrx_word' id='word_1_78' title='bbox 656 1283 1084 1353; x_wconf 78' lang='grc' dir='ltr'><strong>ἐπεμνήσθημεν</strong></span> <span class='ocrx_word' id='word_1_79' title='bbox 1107 1319 1122 1343; x_wconf 94' lang='grc'><strong>,</strong></span> <span class='ocrx_word' id='word_1_80' title='bbox 1152 1279 1234 1332; x_wconf 86' lang='grc' dir='ltr'>ὅτι</span> <span class='ocrx_word' id='word_1_81' title='bbox 1265 1278 1391 1341; x_wconf 85' lang='grc' dir='ltr'><strong>Πῶς</strong></span> <span class='ocrx_word' id='word_1_82' title='bbox 1443 1278 1509 1332; x_wconf 85' lang='grc' dir='ltr'>ἂν</span> <span class='ocrx_word' id='word_1_83' title='bbox 1553 1277 1894 1348; x_wconf 89' lang='grc' dir='ltr'>πρωτότοκος</span> <span class='ocrx_word' id='word_1_84' title='bbox 1928 1279 2047 1330; x_wconf 84' lang='grc' dir='ltr'>κτί-</span> 
     </span>
    </p>
   </div>
   <div class='ocr_carea' id='block_1_14' title="bbox 469 1366 2046 1444">
    <p class='ocr_par' dir='ltr' id='par_1_14' title="bbox 469 1366 2046 1444">
     <span class='ocr_line' id='line_1_14' title="bbox 469 1366 2046 1444; baseline -0.003 -16"><span class='ocrx_word' id='word_1_85' title='bbox 469 1393 607 1438; x_wconf 86' lang='grc' dir='ltr'>σεως</span> <span class='ocrx_word' id='word_1_86' title='bbox 638 1372 952 1444; x_wconf 83' lang='grc' dir='ltr'>ὠνομάσθη,</span> <span class='ocrx_word' id='word_1_87' title='bbox 984 1375 1033 1432; x_wconf 77' lang='grc' dir='ltr'><strong>εί</strong></span> <span class='ocrx_word' id='word_1_88' title='bbox 1073 1372 1150 1444; x_wconf 79' lang='grc' dir='ltr'>μὴ</span> <span class='ocrx_word' id='word_1_89' title='bbox 1170 1370 1330 1424; x_wconf 76' lang='grc' dir='ltr'>τοῦτο</span> <span class='ocrx_word' id='word_1_90' title='bbox 1356 1366 1446 1442; x_wconf 82' lang='grc' dir='ltr'>ἦν,</span> <span class='ocrx_word' id='word_1_91' title='bbox 1477 1370 1615 1442; x_wconf 79' lang='grc' dir='ltr'>ὅπερ</span> <span class='ocrx_word' id='word_1_92' title='bbox 1643 1373 1675 1440; x_wconf 85' lang='grc' dir='ltr'><strong>ή</strong></span> <span class='ocrx_word' id='word_1_93' title='bbox 1707 1371 1884 1434; x_wconf 83' lang='grc' dir='ltr'>κτίσις</span> <span class='ocrx_word' id='word_1_94' title='bbox 1908 1371 2046 1438; x_wconf 74' lang='grc' dir='ltr'>ἐστίς</span> 
     </span>
    </p>
   </div>
   <div class='ocr_carea' id='block_1_15' title="bbox 470 1461 2049 1536">
    <p class='ocr_par' dir='ltr' id='par_1_15' title="bbox 470 1461 2049 1536">
     <span class='ocr_line' id='line_1_15' title="bbox 470 1461 2049 1536; baseline -0.003 -18"><span class='ocrx_word' id='word_1_95' title='bbox 470 1468 584 1529; x_wconf 73' lang='grc' dir='ltr'>Πᾶς</span> <span class='ocrx_word' id='word_1_96' title='bbox 615 1465 725 1535; x_wconf 85' lang='grc' dir='ltr'>γὰρ</span> <span class='ocrx_word' id='word_1_97' title='bbox 755 1465 1098 1536; x_wconf 87' lang='grc' dir='ltr'>πρωτότοκος</span> <span class='ocrx_word' id='word_1_98' title='bbox 1135 1465 1197 1517; x_wconf 79' lang='grc' dir='ltr'><strong>οὐ</strong></span> <span class='ocrx_word' id='word_1_99' title='bbox 1230 1463 1340 1518; x_wconf 90' lang='grc' dir='ltr'><strong>τῶν</strong></span> <span class='ocrx_word' id='word_1_100' title='bbox 1384 1461 1694 1536; x_wconf 83' lang='grc' dir='ltr'>ἑτεροφυῶν</span> <span class='ocrx_word' id='word_1_101' title='bbox 1713 1501 1728 1526; x_wconf 91' lang='grc'><strong>,</strong></span> <span class='ocrx_word' id='word_1_102' title='bbox 1769 1461 1907 1516; x_wconf 80' lang='grc' dir='ltr'><strong>ἀλλὰ</strong></span> <span class='ocrx_word' id='word_1_103' title='bbox 1940 1461 2049 1516; x_wconf 87' lang='grc' dir='ltr'><strong>τῶν</strong></span> 
     </span>
    </p>
   </div>
   <div class='ocr_carea' id='block_1_16' title="bbox 467 1553 2048 1627">
    <p class='ocr_par' dir='ltr' id='par_1_16' title="bbox 467 1553 2048 1627">
     <span class='ocr_line' id='line_1_16' title="bbox 467 1553 2048 1627; baseline -0.001 -18"><span class='ocrx_word' id='word_1_104' title='bbox 467 1557 742 1627; x_wconf 76' lang='grc' dir='ltr'>ὁμογενῶν</span> <span class='ocrx_word' id='word_1_105' title='bbox 769 1557 886 1608; x_wconf 81' lang='grc' dir='ltr'>ἐστι</span> <span class='ocrx_word' id='word_1_106' title='bbox 912 1555 1260 1627; x_wconf 84' lang='grc' dir='ltr'>πρωτότοκος</span> <span class='ocrx_word' id='word_1_107' title='bbox 1285 1595 1300 1619; x_wconf 93' lang='grc'><strong>,</strong></span> <span class='ocrx_word' id='word_1_108' title='bbox 1332 1556 1409 1618; x_wconf 90' lang='grc' dir='ltr'><strong>ώς</strong></span> <span class='ocrx_word' id='word_1_109' title='bbox 1443 1557 1472 1608; x_wconf 87' lang='grc' dir='ltr'><strong>ό</strong></span> <span class='ocrx_word' id='word_1_110' title='bbox 1506 1554 1732 1624; x_wconf 74' lang='grc' dir='ltr'>Ῥουὸὶμ</span> <span class='ocrx_word' id='word_1_111' title='bbox 1772 1553 1886 1606; x_wconf 87' lang='grc' dir='ltr'><strong>τῶν</strong></span> <span class='ocrx_word' id='word_1_112' title='bbox 1931 1554 2048 1624; x_wconf 87' lang='grc' dir='ltr'>μετ’</span> 
     </span>
    </p>
   </div>
   <div class='ocr_carea' id='block_1_17' title="bbox 467 1643 2045 1719">
    <p class='ocr_par' dir='ltr' id='par_1_17' title="bbox 467 1643 2045 1719">
     <span class='ocr_line' id='line_1_17' title="bbox 467 1643 2045 1719; baseline -0.004 -17"><span class='ocrx_word' id='word_1_113' title='bbox 467 1651 673 1702; x_wconf 81' lang='grc' dir='ltr'>ἐκεῖνον</span> <span class='ocrx_word' id='word_1_114' title='bbox 701 1647 1119 1719; x_wconf 84' lang='grc' dir='ltr'>ἀριθμουμένων</span> <span class='ocrx_word' id='word_1_115' title='bbox 1167 1646 1514 1718; x_wconf 82' lang='grc' dir='ltr'>προτερεύων</span> <span class='ocrx_word' id='word_1_116' title='bbox 1563 1645 1703 1699; x_wconf 77' lang='grc' dir='ltr'>κατὰ</span> <span class='ocrx_word' id='word_1_117' title='bbox 1737 1643 1828 1696; x_wconf 83' lang='grc' dir='ltr'><strong>τὸν</strong></span> <span class='ocrx_word' id='word_1_118' title='bbox 1866 1645 2045 1703; x_wconf 84' lang='grc' dir='ltr'>τόκον,</span> 
     </span>
    </p>
   </div>
   <div class='ocr_carea' id='block_1_18' title="bbox 468 1729 2049 1808">
    <p class='ocr_par' dir='ltr' id='par_1_18' title="bbox 468 1729 2049 1808">
     <span class='ocr_line' id='line_1_18' title="bbox 468 1729 2049 1808; baseline -0.002 -20"><span class='ocrx_word' id='word_1_119' title='bbox 468 1735 813 1808; x_wconf 82' lang='grc' dir='ltr'>πρωτότοκος</span> <span class='ocrx_word' id='word_1_120' title='bbox 862 1729 931 1806; x_wconf 84' lang='grc' dir='ltr'>ἦν</span> <span class='ocrx_word' id='word_1_121' title='bbox 981 1732 1284 1804; x_wconf 84' lang='grc' dir='ltr'>ἀνθρώπων</span> <span class='ocrx_word' id='word_1_122' title='bbox 1337 1733 1641 1805; x_wconf 79' lang='grc' dir='ltr'>ἄνθρωπος.</span> <span class='ocrx_word' id='word_1_123' title='bbox 1714 1733 1826 1786; x_wconf 72' lang='grc' dir='ltr'><strong>Καὶ</strong></span> <span class='ocrx_word' id='word_1_124' title='bbox 1899 1733 2049 1787; x_wconf 80' lang='grc' dir='ltr'>ἄλλοι</span> 
     </span>
    </p>
   </div>
   <div class='ocr_carea' id='block_1_19' title="bbox 467 1825 2049 1896">
    <p class='ocr_par' dir='ltr' id='par_1_19' title="bbox 467 1825 2049 1896">
     <span class='ocr_line' id='line_1_19' title="bbox 467 1825 2049 1896; baseline 0.001 -18"><span class='ocrx_word' id='word_1_125' title='bbox 467 1827 654 1882; x_wconf 57' lang='grc' dir='ltr'>πολλοὶ</span> <span class='ocrx_word' id='word_1_126' title='bbox 700 1826 810 1879; x_wconf 87' lang='grc' dir='ltr'><strong>τῶν</strong></span> <span class='ocrx_word' id='word_1_127' title='bbox 867 1825 1387 1896; x_wconf 81' lang='grc' dir='ltr'>συναριθμουμένων</span> <span class='ocrx_word' id='word_1_128' title='bbox 1415 1825 1662 1894; x_wconf 82' lang='grc' dir='ltr'>ἀδελφῶν</span> <span class='ocrx_word' id='word_1_129' title='bbox 1711 1826 2049 1896; x_wconf 86' lang='grc' dir='ltr'>πρωτότοκοι</span> 
     </span>
    </p>
   </div>
   <div class='ocr_carea' id='block_1_20' title="bbox 467 1917 2048 1992">
    <p class='ocr_par' dir='ltr' id='par_1_20' title="bbox 467 1917 2048 1992">
     <span class='ocr_line' id='line_1_20' title="bbox 467 1917 2048 1992; baseline -0.003 -16"><span class='ocrx_word' id='word_1_130' title='bbox 467 1923 738 1992; x_wconf 70' lang='grc' dir='ltr'>λέγονται.</span> <span class='ocrx_word' id='word_1_131' title='bbox 778 1921 1007 1989; x_wconf 82' lang='grc' dir='ltr'>Λέγουσι</span> <span class='ocrx_word' id='word_1_132' title='bbox 1061 1920 1276 1978; x_wconf 82' lang='grc' dir='ltr'>τοίνυν,</span> <span class='ocrx_word' id='word_1_133' title='bbox 1323 1919 1405 1972; x_wconf 81' lang='grc' dir='ltr'><strong>ὅτι</strong></span> <span class='ocrx_word' id='word_1_134' title='bbox 1437 1919 1659 1987; x_wconf 84' lang='grc' dir='ltr'>Ἦνπερ</span> <span class='ocrx_word' id='word_1_135' title='bbox 1713 1920 1792 1972; x_wconf 84' lang='grc' dir='ltr'>ἂν</span> <span class='ocrx_word' id='word_1_136' title='bbox 1843 1917 2048 1986; x_wconf 81' lang='grc' dir='ltr'>πάσης</span> 
     </span>
    </p>
   </div>
   <div class='ocr_carea' id='block_1_21' title="bbox 467 2011 2049 2084">
    <p class='ocr_par' dir='ltr' id='par_1_21' title="bbox 467 2011 2049 2084">
     <span class='ocr_line' id='line_1_21' title="bbox 467 2011 2049 2084; baseline -0.003 -15"><span class='ocrx_word' id='word_1_137' title='bbox 467 2015 580 2084; x_wconf 80' lang='grc' dir='ltr'>τῆς</span> <span class='ocrx_word' id='word_1_138' title='bbox 607 2015 857 2079; x_wconf 78' lang='grc' dir='ltr'>κτίσεως</span> <span class='ocrx_word' id='word_1_139' title='bbox 899 2013 1120 2067; x_wconf 86' lang='grc' dir='ltr'>οὐσίαν</span> <span class='ocrx_word' id='word_1_140' title='bbox 1151 2011 1500 2080; x_wconf 79' lang='grc' dir='ltr'>νοήσωμεν,</span> <span class='ocrx_word' id='word_1_141' title='bbox 1547 2013 1644 2065; x_wconf 75' lang='grc' dir='ltr'>καὶ</span> <span class='ocrx_word' id='word_1_142' title='bbox 1676 2011 1786 2064; x_wconf 84' lang='grc' dir='ltr'>τὸν</span> <span class='ocrx_word' id='word_1_143' title='bbox 1825 2012 2049 2077; x_wconf 82' lang='grc' dir='ltr'><strong>ταύτης</strong></span> 
     </span>
    </p>
   </div>
   <div class='ocr_carea' id='block_1_22' title="bbox 467 2097 2049 2170">
    <p class='ocr_par' dir='ltr' id='par_1_22' title="bbox 467 2097 2049 2170">
     <span class='ocr_line' id='line_1_22' title="bbox 467 2097 2049 2170; baseline -0.004 -10"><span class='ocrx_word' id='word_1_144' title='bbox 467 2103 843 2170; x_wconf 53' lang='grc' dir='ltr'>πρωτότοκον</span> <span class='ocrx_word' id='word_1_145' title='bbox 874 2100 985 2169; x_wconf 80' lang='grc' dir='ltr'>τῆς</span> <span class='ocrx_word' id='word_1_146' title='bbox 1037 2099 1225 2167; x_wconf 81' lang='grc' dir='ltr'>αὐτῆς</span> <span class='ocrx_word' id='word_1_147' title='bbox 1278 2097 1429 2155; x_wconf 81' lang='grc' dir='ltr'>εἶναι</span> <span class='ocrx_word' id='word_1_148' title='bbox 1487 2101 1763 2170; x_wconf 70' lang='grc' dir='ltr'>λέγομεν.</span> <span class='ocrx_word' id='word_1_149' title='bbox 1813 2103 1886 2155; x_wconf 82' lang='grc' dir='ltr'><strong><em>Εἰ</em></strong></span> <span class='ocrx_word' id='word_1_150' title='bbox 1931 2101 2049 2170; x_wconf 81' lang='grc' dir='ltr'>μὲν</span> 
     </span>
    </p>
   </div>
   <div class='ocr_carea' id='block_1_23' title="bbox 468 2189 2050 2263">
    <p class='ocr_par' dir='ltr' id='par_1_23' title="bbox 468 2189 2050 2263">
     <span class='ocr_line' id='line_1_23' title="bbox 468 2189 2050 2263; baseline -0.003 -15"><span class='ocrx_word' id='word_1_151' title='bbox 468 2189 584 2248; x_wconf 81' lang='grc' dir='ltr'>οὖν</span> <span class='ocrx_word' id='word_1_152' title='bbox 621 2194 943 2263; x_wconf 80' lang='grc' dir='ltr'>ὁμοούσιός</span> <span class='ocrx_word' id='word_1_153' title='bbox 979 2191 1112 2244; x_wconf 84' lang='grc' dir='ltr'>ἐστι</span> <span class='ocrx_word' id='word_1_154' title='bbox 1139 2193 1218 2256; x_wconf 86' lang='grc' dir='ltr'>τῷ</span> <span class='ocrx_word' id='word_1_155' title='bbox 1247 2191 1430 2256; x_wconf 79' lang='grc' dir='ltr'>Πατρὶ</span> <span class='ocrx_word' id='word_1_156' title='bbox 1471 2191 1590 2244; x_wconf 83' lang='grc' dir='ltr'><strong>τῶν</strong></span> <span class='ocrx_word' id='word_1_157' title='bbox 1620 2191 1780 2244; x_wconf 79' lang='grc' dir='ltr'>ὅλων</span> <span class='ocrx_word' id='word_1_158' title='bbox 1804 2191 1844 2258; x_wconf 82' lang='grc' dir='ltr'><strong><em>ἠ</em></strong></span> <span class='ocrx_word' id='word_1_159' title='bbox 1880 2189 2050 2245; x_wconf 82' lang='grc' dir='ltr'>πᾶσα</span> 
     </span>
    </p>
   </div>
   <div class='ocr_carea' id='block_1_24' title="bbox 469 2280 2048 2352">
    <p class='ocr_par' dir='ltr' id='par_1_24' title="bbox 469 2280 2048 2352">
     <span class='ocr_line' id='line_1_24' title="bbox 469 2280 2048 2352; baseline -0.002 -12"><span class='ocrx_word' id='word_1_160' title='bbox 469 2287 669 2352; x_wconf 71' lang='grc' dir='ltr'>κτίσις</span> <span class='ocrx_word' id='word_1_161' title='bbox 694 2325 710 2350; x_wconf 94' lang='grc'><strong>,</strong></span> <span class='ocrx_word' id='word_1_162' title='bbox 738 2285 914 2339; x_wconf 85' lang='grc' dir='ltr'>τοῦτο</span> <span class='ocrx_word' id='word_1_163' title='bbox 947 2286 1047 2338; x_wconf 76' lang='grc' dir='ltr'>καὶ</span> <span class='ocrx_word' id='word_1_164' title='bbox 1097 2284 1204 2337; x_wconf 78' lang='grc' dir='ltr'>τὸν</span> <span class='ocrx_word' id='word_1_165' title='bbox 1251 2283 1631 2352; x_wconf 78' lang='grc' dir='ltr'><strong>πρωτότοκον</strong></span> <span class='ocrx_word' id='word_1_166' title='bbox 1676 2283 1867 2352; x_wconf 82' lang='grc' dir='ltr'>αὐτῆς</span> <span class='ocrx_word' id='word_1_167' title='bbox 1895 2280 2048 2338; x_wconf 84' lang='grc' dir='ltr'>εἶναι</span> 
     </span>
    </p>
   </div>
   <div class='ocr_carea' id='block_1_25' title="bbox 467 2375 2053 2447">
    <p class='ocr_par' dir='ltr' id='par_1_25' title="bbox 467 2375 2053 2447">
     <span class='ocr_line' id='line_1_25' title="bbox 467 2375 2053 2447; baseline -0.003 -13"><span class='ocrx_word' id='word_1_168' title='bbox 467 2382 579 2434; x_wconf 82' lang='grc' dir='ltr'>οὐκ</span> <span class='ocrx_word' id='word_1_169' title='bbox 605 2379 1003 2447; x_wconf 75' lang='grc' dir='ltr'><strong>ἀρνησόμεθα.</strong></span> <span class='ocrx_word' id='word_1_170' title='bbox 1027 2379 1100 2430; x_wconf 82' lang='lat' dir='ltr'><strong>Ei</strong></span> <span class='ocrx_word' id='word_1_171' title='bbox 1127 2375 1194 2429; x_wconf 83' lang='grc' dir='ltr'><strong>δὲ</strong></span> <span class='ocrx_word' id='word_1_172' title='bbox 1217 2376 1480 2446; x_wconf 67' lang='grc' dir='ltr'>διαφέρει</span> <span class='ocrx_word' id='word_1_173' title='bbox 1510 2376 1662 2429; x_wconf 86' lang='grc' dir='ltr'>κατὰ</span> <span class='ocrx_word' id='word_1_174' title='bbox 1689 2375 1804 2443; x_wconf 83' lang='grc' dir='ltr'><strong>τὴν</strong></span> <span class='ocrx_word' id='word_1_175' title='bbox 1828 2377 2053 2431; x_wconf 83' lang='grc' dir='ltr'>οὐσίαν</span> 
     </span>
    </p>
   </div>
   <div class='ocr_carea' id='block_1_26' title="bbox 468 2464 2050 2535">
    <p class='ocr_par' dir='ltr' id='par_1_26' title="bbox 468 2464 2050 2535">
     <span class='ocr_line' id='line_1_26' title="bbox 468 2464 2050 2535; baseline -0.004 -11"><span class='ocrx_word' id='word_1_176' title='bbox 468 2469 580 2535; x_wconf 83' lang='grc' dir='ltr'>τῆς</span> <span class='ocrx_word' id='word_1_177' title='bbox 630 2468 884 2533; x_wconf 80' lang='grc' dir='ltr'>κτίσεως</span> <span class='ocrx_word' id='word_1_178' title='bbox 931 2470 963 2521; x_wconf 84' lang='grc' dir='ltr'><strong>ό</strong></span> <span class='ocrx_word' id='word_1_179' title='bbox 1001 2464 1120 2520; x_wconf 84' lang='grc' dir='ltr'><strong>τῶν</strong></span> <span class='ocrx_word' id='word_1_180' title='bbox 1166 2465 1326 2519; x_wconf 84' lang='grc' dir='ltr'>ὅλων</span> <span class='ocrx_word' id='word_1_181' title='bbox 1373 2465 1551 2532; x_wconf 84' lang='grc' dir='ltr'>Θεὸς,</span> <span class='ocrx_word' id='word_1_182' title='bbox 1600 2465 1833 2534; x_wconf 77' lang='grc' dir='ltr'><strong>ἀνάγκη</strong></span> <span class='ocrx_word' id='word_1_183' title='bbox 1881 2465 2050 2520; x_wconf 84' lang='grc' dir='ltr'>πᾶσα</span> 
     </span>
    </p>
   </div>
   <div class='ocr_carea' id='block_1_27' title="bbox 462 2557 2052 2633">
    <p class='ocr_par' dir='ltr' id='par_1_27' title="bbox 462 2557 2052 2633">
     <span class='ocr_line' id='line_1_27' title="bbox 462 2557 2052 2633; baseline -0.003 -21"><span class='ocrx_word' id='word_1_184' title='bbox 462 2559 618 2633; x_wconf 74' lang='grc' dir='ltr'><strong>μηδὲ</strong></span> <span class='ocrx_word' id='word_1_185' title='bbox 648 2559 754 2613; x_wconf 85' lang='grc' dir='ltr'>τὸν</span> <span class='ocrx_word' id='word_1_186' title='bbox 786 2559 1167 2628; x_wconf 79' lang='grc' dir='ltr'>πρωτότοκον</span> <span class='ocrx_word' id='word_1_187' title='bbox 1205 2559 1428 2624; x_wconf 84' lang='grc' dir='ltr'>ταύτης</span> <span class='ocrx_word' id='word_1_188' title='bbox 1470 2558 1781 2611; x_wconf 79' lang='grc' dir='ltr'>κοινωνεῖν</span> <span class='ocrx_word' id='word_1_189' title='bbox 1813 2559 1892 2623; x_wconf 79' lang='grc' dir='ltr'>τῷ</span> <span class='ocrx_word' id='word_1_190' title='bbox 1928 2557 2052 2622; x_wconf 83' lang='grc' dir='ltr'><strong>Θεῷ</strong></span> 
     </span>
    </p>
   </div>
   <div class='ocr_carea' id='block_1_28' title="bbox 466 2646 2050 2721">
    <p class='ocr_par' dir='ltr' id='par_1_28' title="bbox 466 2646 2050 2721">
     <span class='ocr_line' id='line_1_28' title="bbox 466 2646 2050 2721; baseline -0.002 -16"><span class='ocrx_word' id='word_1_191' title='bbox 466 2651 579 2720; x_wconf 67' lang='grc' dir='ltr'>τῆς</span> <span class='ocrx_word' id='word_1_192' title='bbox 627 2651 847 2718; x_wconf 82' lang='grc' dir='ltr'>οὐσίας</span> <span class='ocrx_word' id='word_1_193' title='bbox 897 2650 1121 2721; x_wconf 72' lang='grc' dir='ltr'>λέγειν.</span> <span class='ocrx_word' id='word_1_194' title='bbox 1179 2651 1244 2703; x_wconf 87' lang='grc' dir='ltr'><strong><em>Ἠ</em></strong></span> <span class='ocrx_word' id='word_1_195' title='bbox 1299 2649 1399 2720; x_wconf 85' lang='grc' dir='ltr'>μὲν</span> <span class='ocrx_word' id='word_1_196' title='bbox 1442 2646 1534 2704; x_wconf 79' lang='grc' dir='ltr'><strong>οὖν</strong></span> <span class='ocrx_word' id='word_1_197' title='bbox 1577 2650 1677 2721; x_wconf 82' lang='grc' dir='ltr'><strong>τῆς</strong></span> <span class='ocrx_word' id='word_1_198' title='bbox 1725 2650 2050 2713; x_wconf 82' lang='grc' dir='ltr'>ἀντιθέσεως</span> 
     </span>
    </p>
   </div>
   <div class='ocr_carea' id='block_1_29' title="bbox 468 2735 2049 2812">
    <p class='ocr_par' dir='ltr' id='par_1_29' title="bbox 468 2735 2049 2812">
     <span class='ocr_line' id='line_1_29' title="bbox 468 2735 2049 2812; baseline 0.001 -19"><span class='ocrx_word' id='word_1_199' title='bbox 468 2741 782 2812; x_wconf 82' lang='grc' dir='ltr'>κατασκευὴ</span> <span class='ocrx_word' id='word_1_200' title='bbox 804 2740 1030 2809; x_wconf 77' lang='grc' dir='ltr'>τοιαύτη</span> <span class='ocrx_word' id='word_1_201' title='bbox 1055 2779 1068 2804; x_wconf 93' lang='grc'><strong>,</strong></span> <span class='ocrx_word' id='word_1_202' title='bbox 1094 2739 1246 2792; x_wconf 76' lang='grc' dir='ltr'>οὐδὲν</span> <span class='ocrx_word' id='word_1_203' title='bbox 1277 2740 1684 2810; x_wconf 82' lang='grc' dir='ltr'>ἀγεννέστερον,</span> <span class='ocrx_word' id='word_1_204' title='bbox 1709 2735 1884 2810; x_wconf 76' lang='grc' dir='ltr'>οἶμαι,</span> <span class='ocrx_word' id='word_1_205' title='bbox 1918 2744 2049 2812; x_wconf 88' lang='grc' dir='ltr'>παρ’</span> 
     </span>
    </p>
   </div>
   <div class='ocr_carea' id='block_1_30' title="bbox 467 2828 2051 2904">
    <p class='ocr_par' dir='ltr' id='par_1_30' title="bbox 467 2828 2051 2904">
     <span class='ocr_line' id='line_1_30' title="bbox 467 2828 2051 2904; baseline 0 -18"><span class='ocrx_word' id='word_1_206' title='bbox 467 2834 624 2904; x_wconf 76' lang='grc' dir='ltr'>ἡμῶν</span> <span class='ocrx_word' id='word_1_207' title='bbox 653 2833 991 2886; x_wconf 79' lang='grc' dir='ltr'>ἅντιτεθεῖσα</span> <span class='ocrx_word' id='word_1_208' title='bbox 1019 2831 1097 2902; x_wconf 86' lang='grc' dir='ltr'><strong>τῷ</strong></span> <span class='ocrx_word' id='word_1_209' title='bbox 1124 2832 1270 2902; x_wconf 81' lang='grc' dir='ltr'>λόγῳ</span> <span class='ocrx_word' id='word_1_210' title='bbox 1290 2872 1305 2895; x_wconf 94' lang='grc'><strong>,</strong></span> <span class='ocrx_word' id='word_1_211' title='bbox 1341 2832 1408 2902; x_wconf 80' lang='grc' dir='ltr'>ἢν</span> <span class='ocrx_word' id='word_1_212' title='bbox 1448 2830 1523 2894; x_wconf 85' lang='grc' dir='ltr'>ὡς</span> <span class='ocrx_word' id='word_1_213' title='bbox 1561 2831 1707 2895; x_wconf 80' lang='grc' dir='ltr'>εἰκὸς</span> <span class='ocrx_word' id='word_1_214' title='bbox 1752 2828 1820 2903; x_wconf 82' lang='grc' dir='ltr'>ἦν</span> <span class='ocrx_word' id='word_1_215' title='bbox 1852 2834 2051 2886; x_wconf 87' lang='grc' dir='ltr'>ἀντεπ-</span> 
     </span>
    </p>
   </div>
   <div class='ocr_carea' id='block_1_31' title="bbox 466 2923 2050 2996">
    <p class='ocr_par' dir='ltr' id='par_1_31' title="bbox 466 2923 2050 2996">
     <span class='ocr_line' id='line_1_31' title="bbox 466 2923 2050 2996; baseline 0 -18"><span class='ocrx_word' id='word_1_216' title='bbox 466 2925 756 2996; x_wconf 78' lang='grc' dir='ltr'>ενεχθῆναι</span> <span class='ocrx_word' id='word_1_217' title='bbox 791 2923 942 2995; x_wconf 84' lang='grc' dir='ltr'><strong>παρὰ</strong></span> <span class='ocrx_word' id='word_1_218' title='bbox 992 2924 1100 2977; x_wconf 87' lang='grc' dir='ltr'><strong>τῶν</strong></span> <span class='ocrx_word' id='word_1_219' title='bbox 1151 2924 1474 2994; x_wconf 80' lang='grc' dir='ltr'>μαχομένων</span> <span class='ocrx_word' id='word_1_220' title='bbox 1521 2925 1672 2995; x_wconf 77' lang='grc' dir='ltr'>ἡμῖν.</span> <span class='ocrx_word' id='word_1_221' title='bbox 1716 2925 1783 2976; x_wconf 83' lang='lat' dir='ltr'><strong>&quot;A</strong></span> <span class='ocrx_word' id='word_1_222' title='bbox 1807 2924 1865 2977; x_wconf 83' lang='grc' dir='ltr'><strong>δὲ</strong></span> <span class='ocrx_word' id='word_1_223' title='bbox 1913 2928 2050 2996; x_wconf 84' lang='grc' dir='ltr'>πρὸς</span> 
     </span>
    </p>
   </div>
   <div class='ocr_carea' id='block_1_32' title="bbox 466 3009 2050 3087">
    <p class='ocr_par' dir='ltr' id='par_1_32' title="bbox 466 3009 2050 3087">
     <span class='ocr_line' id='line_1_32' title="bbox 466 3009 2050 3087; baseline 0.003 -22"><span class='ocrx_word' id='word_1_224' title='bbox 466 3014 642 3070; x_wconf 71' lang='grc' dir='ltr'>τιῦτα</span> <span class='ocrx_word' id='word_1_225' title='bbox 668 3013 957 3084; x_wconf 83' lang='grc' dir='ltr'>γινώσκειν</span> <span class='ocrx_word' id='word_1_226' title='bbox 1007 3014 1112 3085; x_wconf 80' lang='grc' dir='ltr'>χρὴ</span> <span class='ocrx_word' id='word_1_227' title='bbox 1143 3053 1159 3078; x_wconf 91' lang='grc'><strong>,</strong></span> <span class='ocrx_word' id='word_1_228' title='bbox 1193 3014 1288 3066; x_wconf 81' lang='grc' dir='ltr'>νῦν</span> <span class='ocrx_word' id='word_1_229' title='bbox 1329 3013 1404 3077; x_wconf 83' lang='grc' dir='ltr'>ὡς</span> <span class='ocrx_word' id='word_1_230' title='bbox 1455 3012 1521 3066; x_wconf 85' lang='grc' dir='ltr'><strong>ἂν</strong></span> <span class='ocrx_word' id='word_1_231' title='bbox 1553 3009 1654 3067; x_wconf 73' lang='grc' dir='ltr'>οἷοί</span> <span class='ocrx_word' id='word_1_232' title='bbox 1686 3033 1745 3068; x_wconf 88' lang='grc' dir='ltr'><strong>τε</strong></span> <span class='ocrx_word' id='word_1_233' title='bbox 1789 3009 1939 3086; x_wconf 77' lang='grc' dir='ltr'>ὦμεν</span> <span class='ocrx_word' id='word_1_234' title='bbox 1971 3017 2050 3087; x_wconf 83' lang='grc' dir='ltr'>τῷ</span> 
     </span>
    </p>
   </div>
   <div class='ocr_carea' id='block_1_33' title="bbox 467 3105 2048 3177">
    <p class='ocr_par' dir='ltr' id='par_1_33' title="bbox 467 3105 2048 3177">
     <span class='ocr_line' id='line_1_33' title="bbox 467 3105 2048 3177; baseline 0.001 -18"><span class='ocrx_word' id='word_1_235' title='bbox 467 3107 611 3177; x_wconf 71' lang='grc' dir='ltr'>λόγῳ</span> <span class='ocrx_word' id='word_1_236' title='bbox 659 3106 1142 3177; x_wconf 80' lang='grc' dir='ltr'>σαφηνισθήσεται.</span> <span class='ocrx_word' id='word_1_237' title='bbox 1174 3105 1442 3176; x_wconf 79' lang='grc' dir='ltr'>Τετράκις</span> <span class='ocrx_word' id='word_1_238' title='bbox 1497 3107 1712 3177; x_wconf 73' lang='grc' dir='ltr'>εἴρηται</span> <span class='ocrx_word' id='word_1_239' title='bbox 1757 3106 1910 3177; x_wconf 79' lang='grc' dir='ltr'>παρὰ</span> <span class='ocrx_word' id='word_1_240' title='bbox 1957 3107 2048 3160; x_wconf 80' lang='grc' dir='ltr'>τοῦ</span> 
     </span>
    </p>
   </div>
   <div class='ocr_carea' id='block_1_34' title="bbox 481 3199 2050 3273">
    <p class='ocr_par' dir='ltr' id='par_1_34' title="bbox 481 3199 2050 3273">
     <span class='ocr_line' id='line_1_34' title="bbox 481 3199 2050 3273; baseline 0.001 -21"><span class='ocrx_word' id='word_1_241' title='bbox 481 3199 800 3252; x_wconf 76' lang='grc' dir='ltr'>Ἀποστόλου</span> <span class='ocrx_word' id='word_1_242' title='bbox 829 3200 887 3252; x_wconf 85' lang='grc' dir='ltr'>ὲν</span> <span class='ocrx_word' id='word_1_243' title='bbox 926 3201 1062 3252; x_wconf 84' lang='grc' dir='ltr'>πᾶσι</span> <span class='ocrx_word' id='word_1_244' title='bbox 1095 3202 1204 3262; x_wconf 80' lang='grc' dir='ltr'>τοῖς</span> <span class='ocrx_word' id='word_1_245' title='bbox 1234 3199 1413 3268; x_wconf 83' lang='grc' dir='ltr'>λόγοις</span> <span class='ocrx_word' id='word_1_246' title='bbox 1452 3199 1653 3264; x_wconf 79' lang='grc' dir='ltr'>αὐτοῦ,</span> <span class='ocrx_word' id='word_1_247' title='bbox 1698 3200 1791 3253; x_wconf 79' lang='grc' dir='ltr'>τοῦ</span> <span class='ocrx_word' id='word_1_248' title='bbox 1837 3219 2050 3273; x_wconf 84' lang='grc' dir='ltr'>πρωτο-</span> 
     </span>
    </p>
   </div>
   <div class='ocr_carea' id='block_1_35' title="bbox 467 3290 2049 3362">
    <p class='ocr_par' dir='ltr' id='par_1_35' title="bbox 467 3290 2049 3362">
     <span class='ocr_line' id='line_1_35' title="bbox 467 3290 2049 3362; baseline 0.002 -19"><span class='ocrx_word' id='word_1_249' title='bbox 467 3292 627 3349; x_wconf 78' lang='grc' dir='ltr'>τόκου</span> <span class='ocrx_word' id='word_1_250' title='bbox 651 3291 712 3344; x_wconf 83' lang='grc' dir='ltr'><strong>τὸ</strong></span> <span class='ocrx_word' id='word_1_251' title='bbox 734 3290 904 3362; x_wconf 76' lang='grc' dir='ltr'>ὄνομα</span> <span class='ocrx_word' id='word_1_252' title='bbox 929 3307 943 3320; x_wconf 94' lang='grc'><strong>·</strong></span> <span class='ocrx_word' id='word_1_253' title='bbox 979 3291 1248 3361; x_wconf 84' lang='grc' dir='ltr'>διαφόρως</span> <span class='ocrx_word' id='word_1_254' title='bbox 1272 3291 1351 3352; x_wconf 76' lang='grc' dir='ltr'><strong>δὲ,</strong></span> <span class='ocrx_word' id='word_1_255' title='bbox 1381 3293 1476 3345; x_wconf 72' lang='grc' dir='ltr'>καὶ</span> <span class='ocrx_word' id='word_1_256' title='bbox 1507 3293 1567 3344; x_wconf 79' lang='grc' dir='ltr'><strong>οὑ</strong></span> <span class='ocrx_word' id='word_1_257' title='bbox 1595 3294 1737 3345; x_wconf 82' lang='grc' dir='ltr'>κατὰ</span> <span class='ocrx_word' id='word_1_258' title='bbox 1765 3293 1854 3345; x_wconf 84' lang='grc' dir='ltr'><strong>τὸν</strong></span> <span class='ocrx_word' id='word_1_259' title='bbox 1883 3294 2049 3346; x_wconf 79' lang='grc' dir='ltr'>αὑτὸν</span> 
     </span>
    </p>
   </div>
   <div class='ocr_carea' id='block_1_36' title="bbox 465 3383 2046 3456">
    <p class='ocr_par' dir='ltr' id='par_1_36' title="bbox 465 3383 2046 3456">
     <span class='ocr_line' id='line_1_36' title="bbox 465 3383 2046 3456; baseline 0.003 -22"><span class='ocrx_word' id='word_1_260' title='bbox 465 3385 667 3452; x_wconf 69' lang='grc' dir='ltr'>τρόπον</span> <span class='ocrx_word' id='word_1_261' title='bbox 690 3383 785 3436; x_wconf 82' lang='grc' dir='ltr'>τοῦ</span> <span class='ocrx_word' id='word_1_262' title='bbox 823 3383 1086 3454; x_wconf 86' lang='grc' dir='ltr'>ὀνόματος</span> <span class='ocrx_word' id='word_1_263' title='bbox 1114 3384 1304 3436; x_wconf 76' lang='grc' dir='ltr'>τούτου</span> <span class='ocrx_word' id='word_1_264' title='bbox 1334 3384 1432 3454; x_wconf 79' lang='grc' dir='ltr'>τὴν</span> <span class='ocrx_word' id='word_1_265' title='bbox 1477 3386 1700 3455; x_wconf 84' lang='grc' dir='ltr'>μνήμην</span> <span class='ocrx_word' id='word_1_266' title='bbox 1732 3386 2046 3456; x_wconf 84' lang='grc' dir='ltr'>πεποίηται.</span> 
     </span>
    </p>
   </div>
   <div class='ocr_carea' id='block_1_37' title="bbox 469 3473 2052 3545">
    <p class='ocr_par' dir='ltr' id='par_1_37' title="bbox 469 3473 2052 3545">
     <span class='ocr_line' id='line_1_37' title="bbox 469 3473 2052 3545; baseline 0.001 -18"><span class='ocrx_word' id='word_1_267' title='bbox 469 3475 584 3528; x_wconf 75' lang='grc' dir='ltr'><strong>Νῦν</strong></span> <span class='ocrx_word' id='word_1_268' title='bbox 641 3474 740 3545; x_wconf 84' lang='grc' dir='ltr'>μὲν</span> <span class='ocrx_word' id='word_1_269' title='bbox 767 3473 878 3544; x_wconf 83' lang='grc' dir='ltr'><strong>γάρ</strong></span> <span class='ocrx_word' id='word_1_270' title='bbox 919 3491 1050 3542; x_wconf 84' lang='grc' dir='ltr'>φησι</span> <span class='ocrx_word' id='word_1_271' title='bbox 1092 3477 1473 3541; x_wconf 85' lang='grc' dir='ltr'>Πρωτότοκον</span> <span class='ocrx_word' id='word_1_272' title='bbox 1517 3475 1713 3542; x_wconf 81' lang='grc' dir='ltr'>πάσης</span> <span class='ocrx_word' id='word_1_273' title='bbox 1765 3475 1878 3544; x_wconf 86' lang='grc' dir='ltr'>τῆς</span> <span class='ocrx_word' id='word_1_274' title='bbox 1928 3477 2052 3529; x_wconf 84' lang='grc' dir='ltr'>κτί-</span> 
     </span>
    </p>
   </div>
   <div class='ocr_carea' id='block_1_38' title="bbox 468 3565 2048 3636">
    <p class='ocr_par' dir='ltr' id='par_1_38' title="bbox 468 3565 2048 3636">
     <span class='ocr_line' id='line_1_38' title="bbox 468 3565 2048 3636; baseline 0.001 -18"><span class='ocrx_word' id='word_1_275' title='bbox 468 3583 624 3632; x_wconf 78' lang='grc' dir='ltr'>σεως</span> <span class='ocrx_word' id='word_1_276' title='bbox 646 3584 661 3599; x_wconf 78' lang='grc' dir='ltr'><strong><em>ο</em></strong></span> <span class='ocrx_word' id='word_1_277' title='bbox 688 3566 849 3620; x_wconf 81' lang='grc' dir='ltr'>πάλιν</span> <span class='ocrx_word' id='word_1_278' title='bbox 876 3565 932 3619; x_wconf 79' lang='grc' dir='ltr'><strong>δὲ</strong></span> <span class='ocrx_word' id='word_1_279' title='bbox 964 3566 1347 3633; x_wconf 84' lang='grc' dir='ltr'>Πρωτότοκον</span> <span class='ocrx_word' id='word_1_280' title='bbox 1367 3565 1437 3618; x_wconf 80' lang='grc' dir='ltr'>ἐν</span> <span class='ocrx_word' id='word_1_281' title='bbox 1461 3567 1717 3634; x_wconf 78' lang='grc' dir='ltr'>πολλοῖς</span> <span class='ocrx_word' id='word_1_282' title='bbox 1742 3567 2048 3636; x_wconf 71' lang='grc' dir='ltr'>ἀδελφοῖς,</span> 
     </span>
    </p>
   </div>
   <div class='ocr_carea' id='block_1_39' title="bbox 469 3653 2051 3732">
    <p class='ocr_par' dir='ltr' id='par_1_39' title="bbox 469 3653 2051 3732">
     <span class='ocr_line' id='line_1_39' title="bbox 469 3653 2051 3732; baseline 0.001 -20"><span class='ocrx_word' id='word_1_283' title='bbox 469 3653 610 3718; x_wconf 75' lang='grc' dir='ltr'>εἶτα,</span> <span class='ocrx_word' id='word_1_284' title='bbox 643 3659 1023 3725; x_wconf 83' lang='grc' dir='ltr'>Πρωτότοκον</span> <span class='ocrx_word' id='word_1_285' title='bbox 1053 3658 1121 3710; x_wconf 83' lang='grc' dir='ltr'>ἐκ</span> <span class='ocrx_word' id='word_1_286' title='bbox 1161 3656 1280 3710; x_wconf 87' lang='grc' dir='ltr'><strong>τῶν</strong></span> <span class='ocrx_word' id='word_1_287' title='bbox 1315 3657 1566 3726; x_wconf 80' lang='grc' dir='ltr'>νεκρῶν.</span> <span class='ocrx_word' id='word_1_288' title='bbox 1601 3659 1688 3712; x_wconf 90' lang='grc' dir='ltr'>Ἐν</span> <span class='ocrx_word' id='word_1_289' title='bbox 1725 3659 1782 3712; x_wconf 85' lang='grc' dir='ltr'>δὲ</span> <span class='ocrx_word' id='word_1_290' title='bbox 1816 3663 1882 3732; x_wconf 82' lang='grc' dir='ltr'>τῇ</span> <span class='ocrx_word' id='word_1_291' title='bbox 1917 3661 2051 3732; x_wconf 85' lang='grc' dir='ltr'>πρὸς</span> 
     </span>
    </p>
   </div>
   <div class='ocr_carea' id='block_1_40' title="bbox 481 3751 2052 3826">
    <p class='ocr_par' dir='ltr' id='par_1_40' title="bbox 481 3751 2052 3826">
     <span class='ocr_line' id='line_1_40' title="bbox 481 3751 2052 3826; baseline 0.003 -22"><span class='ocrx_word' id='word_1_292' title='bbox 481 3751 766 3821; x_wconf 77' lang='grc' dir='ltr'>Ἐϐραίους</span> <span class='ocrx_word' id='word_1_293' title='bbox 789 3791 805 3815; x_wconf 89' lang='grc'><strong>,</strong></span> <span class='ocrx_word' id='word_1_294' title='bbox 838 3751 1106 3806; x_wconf 82' lang='grc' dir='ltr'>ἀπόλυτόν</span> <span class='ocrx_word' id='word_1_295' title='bbox 1129 3753 1277 3804; x_wconf 67' lang='grc' dir='ltr'>ἔστιν</span> <span class='ocrx_word' id='word_1_296' title='bbox 1317 3753 1403 3821; x_wconf 76' lang='grc' dir='ltr'><strong>ἐφ’</strong></span> <span class='ocrx_word' id='word_1_297' title='bbox 1435 3753 1628 3806; x_wconf 79' lang='grc' dir='ltr'>ἑαυτοῦ</span> <span class='ocrx_word' id='word_1_298' title='bbox 1679 3755 2052 3826; x_wconf 82' lang='grc' dir='ltr'>μνημονευθὲν</span> 
     </span>
    </p>
   </div>
   <div class='ocr_carea' id='block_1_41' title="bbox 469 3842 2053 3915">
    <p class='ocr_par' dir='ltr' id='par_1_41' title="bbox 469 3842 2053 3915">
     <span class='ocr_line' id='line_1_41' title="bbox 469 3842 2053 3915; baseline 0.003 -20"><span class='ocrx_word' id='word_1_299' title='bbox 469 3842 564 3901; x_wconf 78' lang='grc' dir='ltr'>τοῦ</span> <span class='ocrx_word' id='word_1_300' title='bbox 585 3843 933 3913; x_wconf 85' lang='grc' dir='ltr'>πρωτοτόκου</span> <span class='ocrx_word' id='word_1_301' title='bbox 962 3843 1024 3895; x_wconf 87' lang='grc' dir='ltr'><strong>τὸ</strong></span> <span class='ocrx_word' id='word_1_302' title='bbox 1048 3843 1236 3915; x_wconf 76' lang='grc' dir='ltr'>ὄνομα.</span> <span class='ocrx_word' id='word_1_303' title='bbox 1272 3845 1436 3913; x_wconf 82' lang='grc' dir='ltr'>Λέγει</span> <span class='ocrx_word' id='word_1_304' title='bbox 1479 3845 1588 3915; x_wconf 79' lang='grc' dir='ltr'>γὰρ</span> <span class='ocrx_word' id='word_1_305' title='bbox 1619 3845 1791 3910; x_wconf 76' lang='grc' dir='ltr'>οὕτως</span> <span class='ocrx_word' id='word_1_306' title='bbox 1811 3887 1826 3910; x_wconf 90' lang='grc'><strong>,</strong></span> <span class='ocrx_word' id='word_1_307' title='bbox 1865 3848 2053 3900; x_wconf 84' lang='grc' dir='ltr'>Ὅταν</span> 
     </span>
    </p>
   </div>
   <div class='ocr_carea' id='block_1_42' title="bbox 469 3936 2054 4009">
    <p class='ocr_par' dir='ltr' id='par_1_42' title="bbox 469 3936 2054 4009">
     <span class='ocr_line' id='line_1_42' title="bbox 469 3936 2054 4009; baseline 0.003 -21"><span class='ocrx_word' id='word_1_308' title='bbox 469 3938 538 3988; x_wconf 71' lang='grc' dir='ltr'><strong>δὲ</strong></span> <span class='ocrx_word' id='word_1_309' title='bbox 565 3936 754 3990; x_wconf 77' lang='grc' dir='ltr'>πάλιν</span> <span class='ocrx_word' id='word_1_310' title='bbox 799 3936 1088 4007; x_wconf 73' lang='grc' dir='ltr'>εἰσαγάγῃ</span> <span class='ocrx_word' id='word_1_311' title='bbox 1133 3937 1241 3994; x_wconf 73' lang='grc' dir='ltr'>τὸν</span> <span class='ocrx_word' id='word_1_312' title='bbox 1279 3939 1654 4009; x_wconf 84' lang='grc' dir='ltr'>πρωτότοκον</span> <span class='ocrx_word' id='word_1_313' title='bbox 1690 3942 1778 4005; x_wconf 80' lang='grc' dir='ltr'>εις</span> <span class='ocrx_word' id='word_1_314' title='bbox 1817 3938 1932 4008; x_wconf 80' lang='grc' dir='ltr'>τὴν</span> <span class='ocrx_word' id='word_1_315' title='bbox 1970 3943 2054 3993; x_wconf 82' lang='grc' dir='ltr'><strong>οὶ-</strong></span> 
     </span>
    </p>
   </div>
   <div class='ocr_carea' id='block_1_43' title="bbox 471 4027 2052 4098">
    <p class='ocr_par' dir='ltr' id='par_1_43' title="bbox 471 4027 2052 4098">
     <span class='ocr_line' id='line_1_43' title="bbox 471 4027 2052 4098; baseline 0.003 -18"><span class='ocrx_word' id='word_1_316' title='bbox 471 4029 775 4097; x_wconf 74' lang='grc' dir='ltr'>κουμένην</span> <span class='ocrx_word' id='word_1_317' title='bbox 797 4069 812 4091; x_wconf 96' lang='grc'><strong>,</strong></span> <span class='ocrx_word' id='word_1_318' title='bbox 857 4027 1019 4098; x_wconf 78' lang='grc' dir='ltr'>λέγει</span> <span class='ocrx_word' id='word_1_319' title='bbox 1043 4045 1058 4060; x_wconf 85' lang='grc'><strong>·</strong></span> <span class='ocrx_word' id='word_1_320' title='bbox 1093 4029 1203 4082; x_wconf 79' lang='grc' dir='ltr'><strong>Καὶ</strong></span> <span class='ocrx_word' id='word_1_321' title='bbox 1238 4028 1846 4096; x_wconf 80' lang='grc' dir='ltr'>προσκυνησάτωσαν</span> <span class='ocrx_word' id='word_1_322' title='bbox 1891 4031 2052 4097; x_wconf 84' lang='grc' dir='ltr'>αὐτῷ</span> 
     </span>
    </p>
   </div>
   <div class='ocr_carea' id='block_1_44' title="bbox 471 4117 2054 4192">
    <p class='ocr_par' dir='ltr' id='par_1_44' title="bbox 471 4117 2054 4192">
     <span class='ocr_line' id='line_1_44' title="bbox 471 4117 2054 4192; baseline 0.001 -20"><span class='ocrx_word' id='word_1_323' title='bbox 471 4118 694 4184; x_wconf 78' lang='grc' dir='ltr'>πάντες</span> <span class='ocrx_word' id='word_1_324' title='bbox 726 4118 966 4190; x_wconf 77' lang='grc' dir='ltr'>ἄγγελοι</span> <span class='ocrx_word' id='word_1_325' title='bbox 997 4117 1202 4173; x_wconf 85' lang='grc' dir='ltr'>αὐτοῦ.</span> <span class='ocrx_word' id='word_1_326' title='bbox 1241 4119 1396 4172; x_wconf 75' lang='grc' dir='ltr'>Οὕτω</span> <span class='ocrx_word' id='word_1_327' title='bbox 1439 4119 1496 4172; x_wconf 84' lang='grc' dir='ltr'><strong>δὲ</strong></span> <span class='ocrx_word' id='word_1_328' title='bbox 1549 4121 1750 4174; x_wconf 80' lang='grc' dir='ltr'>τούτων</span> <span class='ocrx_word' id='word_1_329' title='bbox 1790 4122 2054 4192; x_wconf 80' lang='grc' dir='ltr'>διῃρημέ-</span> 
     </span>
    </p>
   </div>
   <div class='ocr_carea' id='block_1_45' title="bbox 472 4212 2053 4282">
    <p class='ocr_par' dir='ltr' id='par_1_45' title="bbox 472 4212 2053 4282">
     <span class='ocr_line' id='line_1_45' title="bbox 472 4212 2053 4282; baseline 0.003 -19"><span class='ocrx_word' id='word_1_330' title='bbox 472 4231 599 4275; x_wconf 90' lang='grc' dir='ltr'>νων,</span> <span class='ocrx_word' id='word_1_331' title='bbox 628 4213 806 4276; x_wconf 86' lang='grc' dir='ltr'>καλῶς</span> <span class='ocrx_word' id='word_1_332' title='bbox 835 4213 901 4266; x_wconf 83' lang='grc' dir='ltr'><strong>ἂν</strong></span> <span class='ocrx_word' id='word_1_333' title='bbox 926 4212 1037 4282; x_wconf 83' lang='grc' dir='ltr'>ἔχει</span> <span class='ocrx_word' id='word_1_334' title='bbox 1063 4213 1290 4266; x_wconf 73' lang='grc' dir='ltr'>ἕκαστον</span> <span class='ocrx_word' id='word_1_335' title='bbox 1319 4213 1523 4267; x_wconf 80' lang='grc' dir='ltr'>τούτων</span> <span class='ocrx_word' id='word_1_336' title='bbox 1554 4214 1638 4282; x_wconf 83' lang='grc' dir='ltr'>ἐφ’</span> <span class='ocrx_word' id='word_1_337' title='bbox 1665 4214 1858 4268; x_wconf 80' lang='grc' dir='ltr'>ἑαυτοῦ</span> <span class='ocrx_word' id='word_1_338' title='bbox 1884 4214 2053 4267; x_wconf 83' lang='grc' dir='ltr'>διελέ-</span> 
     </span>
    </p>
   </div>
   <div class='ocr_carea' id='block_1_46' title="bbox 477 4305 2053 4377">
    <p class='ocr_par' dir='ltr' id='par_1_46' title="bbox 477 4305 2053 4377">
     <span class='ocr_line' id='line_1_46' title="bbox 477 4305 2053 4377; baseline 0.002 -21"><span class='ocrx_word' id='word_1_339' title='bbox 477 4305 600 4358; x_wconf 89' lang='grc' dir='ltr'>σθαι</span> <span class='ocrx_word' id='word_1_340' title='bbox 629 4305 818 4376; x_wconf 84' lang='grc' dir='ltr'>χωρίς·</span> <span class='ocrx_word' id='word_1_341' title='bbox 864 4305 981 4368; x_wconf 88' lang='grc' dir='ltr'><strong>πῶς</strong></span> <span class='ocrx_word' id='word_1_342' title='bbox 1017 4306 1114 4375; x_wconf 82' lang='grc' dir='ltr'>τῆς</span> <span class='ocrx_word' id='word_1_343' title='bbox 1144 4306 1372 4368; x_wconf 80' lang='grc' dir='ltr'>κτίσεώς</span> <span class='ocrx_word' id='word_1_344' title='bbox 1405 4306 1518 4358; x_wconf 80' lang='grc' dir='ltr'>ἐστι</span> <span class='ocrx_word' id='word_1_345' title='bbox 1551 4307 1894 4377; x_wconf 89' lang='grc' dir='ltr'>πρωτότοκος</span> <span class='ocrx_word' id='word_1_346' title='bbox 1915 4349 1928 4371; x_wconf 93' lang='grc'><strong>,</strong></span> <span class='ocrx_word' id='word_1_347' title='bbox 1959 4308 2053 4359; x_wconf 79' lang='grc' dir='ltr'><strong>καὶ</strong></span> 
     </span>
    </p>
   </div>
   <div class='ocr_carea' id='block_1_47' title="bbox 474 4394 2052 4467">
    <p class='ocr_par' dir='ltr' id='par_1_47' title="bbox 474 4394 2052 4467">
     <span class='ocr_line' id='line_1_47' title="bbox 474 4394 2052 4467; baseline 0.003 -22"><span class='ocrx_word' id='word_1_348' title='bbox 474 4396 590 4457; x_wconf 80' lang='grc' dir='ltr'><strong>πῶς</strong></span> <span class='ocrx_word' id='word_1_349' title='bbox 615 4397 674 4447; x_wconf 82' lang='grc' dir='ltr'>ἐν</span> <span class='ocrx_word' id='word_1_350' title='bbox 707 4394 920 4458; x_wconf 78' lang='grc' dir='ltr'>πολλοῖς</span> <span class='ocrx_word' id='word_1_351' title='bbox 953 4395 1198 4464; x_wconf 78' lang='grc' dir='ltr'>ἀδελφοῖς</span> <span class='ocrx_word' id='word_1_352' title='bbox 1223 4437 1236 4459; x_wconf 92' lang='grc'><strong>,</strong></span> <span class='ocrx_word' id='word_1_353' title='bbox 1271 4396 1364 4449; x_wconf 71' lang='grc' dir='ltr'><strong>καὶ</strong></span> <span class='ocrx_word' id='word_1_354' title='bbox 1398 4397 1515 4459; x_wconf 86' lang='grc' dir='ltr'><strong>πῶς</strong></span> <span class='ocrx_word' id='word_1_355' title='bbox 1547 4398 1631 4466; x_wconf 79' lang='grc' dir='ltr'>ἐφ’</span> <span class='ocrx_word' id='word_1_356' title='bbox 1665 4397 1858 4450; x_wconf 76' lang='grc' dir='ltr'>ἑαυτοῦ</span> <span class='ocrx_word' id='word_1_357' title='bbox 1887 4400 2052 4467; x_wconf 71' lang='grc' dir='ltr'>χωρὶς</span> 
     </span>
    </p>
   </div>
   <div class='ocr_carea' id='block_1_48' title="bbox 473 4486 2052 4559">
    <p class='ocr_par' dir='ltr' id='par_1_48' title="bbox 473 4486 2052 4559">
     <span class='ocr_line' id='line_1_48' title="bbox 473 4486 2052 4559; baseline 0.003 -23"><span class='ocrx_word' id='word_1_358' title='bbox 473 4487 704 4540; x_wconf 46' lang='lat' dir='ltr'><strong>suam.)</strong></span> <span class='ocrx_word' id='word_1_359' title='bbox 736 4487 943 4539; x_wconf 83' lang='grc' dir='ltr'>τούτων</span> <span class='ocrx_word' id='word_1_360' title='bbox 971 4486 1364 4556; x_wconf 72' lang='grc' dir='ltr'>μνημονευθεὶς</span> <span class='ocrx_word' id='word_1_361' title='bbox 1383 4530 1397 4550; x_wconf 88' lang='grc'><strong>,</strong></span> <span class='ocrx_word' id='word_1_362' title='bbox 1423 4489 1552 4540; x_wconf 80' lang='grc' dir='ltr'>ὅταν</span> <span class='ocrx_word' id='word_1_363' title='bbox 1578 4490 1738 4542; x_wconf 82' lang='grc' dir='ltr'>πάλιν</span> <span class='ocrx_word' id='word_1_364' title='bbox 1763 4491 2052 4559; x_wconf 74' lang='grc' dir='ltr'>εἰσάγηται</span> 
     </span>
    </p>
   </div>
   <div class='ocr_carea' id='block_1_49' title="bbox 2153 632 3732 704">
    <p class='ocr_par' dir='ltr' id='par_1_49' title="bbox 2153 632 3732 704">
     <span class='ocr_line' id='line_1_49' title="bbox 2153 632 3732 704; baseline -0.001 -16"><span class='ocrx_word' id='word_1_365' title='bbox 2153 634 2258 688; x_wconf 82' lang='lat' dir='ltr'><strong>Sed</strong></span> <span class='ocrx_word' id='word_1_366' title='bbox 2292 649 2361 688; x_wconf 90' lang='lat' dir='ltr'><strong>ne</strong></span> <span class='ocrx_word' id='word_1_367' title='bbox 2390 633 2522 704; x_wconf 89' lang='lat' dir='ltr'><strong>quid</strong></span> <span class='ocrx_word' id='word_1_368' title='bbox 2559 648 2749 687; x_wconf 91' lang='lat' dir='ltr'><strong>eorum</strong></span> <span class='ocrx_word' id='word_1_369' title='bbox 2797 647 2919 702; x_wconf 71' lang='lat' dir='ltr'><strong>quze</strong></span> <span class='ocrx_word' id='word_1_370' title='bbox 2952 632 3226 687; x_wconf 66' lang='lat' dir='ltr'><strong>haereticis</strong></span> <span class='ocrx_word' id='word_1_371' title='bbox 3259 632 3497 686; x_wconf 72' lang='lat' dir='ltr'><strong>decretis</strong></span> <span class='ocrx_word' id='word_1_372' title='bbox 3548 645 3732 702; x_wconf 84' lang='lat' dir='ltr'><strong>patro-</strong></span> 
     </span>
    </p>
   </div>
   <div class='ocr_carea' id='block_1_50' title="bbox 2151 723 3728 793">
    <p class='ocr_par' dir='ltr' id='par_1_50' title="bbox 2151 723 3728 793">
     <span class='ocr_line' id='line_1_50' title="bbox 2151 723 3728 793; baseline -0.003 -13"><span class='ocrx_word' id='word_1_373' title='bbox 2151 726 2362 780; x_wconf 89' lang='lat' dir='ltr'><strong>cinium</strong></span> <span class='ocrx_word' id='word_1_374' title='bbox 2423 723 2645 793; x_wconf 86' lang='lat' dir='ltr'><strong>aliquod</strong></span> <span class='ocrx_word' id='word_1_375' title='bbox 2682 723 2984 793; x_wconf 63' lang='lat' dir='ltr'><strong>praebeant,</strong></span> <span class='ocrx_word' id='word_1_376' title='bbox 3036 724 3265 778; x_wconf 89' lang='lat' dir='ltr'><strong>dubium</strong></span> <span class='ocrx_word' id='word_1_377' title='bbox 3301 731 3356 778; x_wconf 86' lang='lat' dir='ltr'><strong>et</strong></span> <span class='ocrx_word' id='word_1_378' title='bbox 3386 723 3728 793; x_wconf 83' lang='lat' dir='ltr'><strong>ambiguum,</strong></span> 
     </span>
    </p>
   </div>
   <div class='ocr_carea' id='block_1_51' title="bbox 2150 810 3730 888">
    <p class='ocr_par' dir='ltr' id='par_1_51' title="bbox 2150 810 3730 888">
     <span class='ocr_line' id='line_1_51' title="bbox 2150 810 3730 888; baseline -0.003 -15"><span class='ocrx_word' id='word_1_379' title='bbox 2150 810 2239 874; x_wconf 63' lang='lat' dir='ltr'><strong>ln‘s</strong></span> <span class='ocrx_word' id='word_1_380' title='bbox 2266 819 2358 888; x_wconf 89' lang='lat' dir='ltr'><strong>qui</strong></span> <span class='ocrx_word' id='word_1_381' title='bbox 2395 818 2450 871; x_wconf 88' lang='lat' dir='ltr'><strong>in</strong></span> <span class='ocrx_word' id='word_1_382' title='bbox 2495 818 2597 871; x_wconf 88' lang='lat' dir='ltr'><strong>bos</strong></span> <span class='ocrx_word' id='word_1_383' title='bbox 2649 823 2872 872; x_wconf 85' lang='lat' dir='ltr'><strong>nostros</strong></span> <span class='ocrx_word' id='word_1_384' title='bbox 2904 817 3124 870; x_wconf 97' lang='lat' dir='ltr'><strong>labores</strong></span> <span class='ocrx_word' id='word_1_385' title='bbox 3161 816 3427 878; x_wconf 72' lang='lat' dir='ltr'><strong>incident,</strong></span> <span class='ocrx_word' id='word_1_386' title='bbox 3478 817 3730 869; x_wconf 88' lang='lat' dir='ltr'><strong>relictqu</strong></span> 
     </span>
    </p>
   </div>
   <div class='ocr_carea' id='block_1_52' title="bbox 2152 906 3734 976">
    <p class='ocr_par' dir='ltr' id='par_1_52' title="bbox 2152 906 3734 976">
     <span class='ocr_line' id='line_1_52' title="bbox 2152 906 3734 976; baseline -0.005 -10"><span class='ocrx_word' id='word_1_387' title='bbox 2152 911 2248 975; x_wconf 89' lang='lat' dir='ltr'><strong>sit,</strong></span> <span class='ocrx_word' id='word_1_388' title='bbox 2279 926 2346 965; x_wconf 83' lang='lat' dir='ltr'><strong>ex</strong></span> <span class='ocrx_word' id='word_1_389' title='bbox 2381 909 2652 964; x_wconf 84' lang='lat' dir='ltr'><strong>divinitus</strong></span> <span class='ocrx_word' id='word_1_390' title='bbox 2687 907 2951 976; x_wconf 85' lang='lat' dir='ltr'><strong>inspirata</strong></span> <span class='ocrx_word' id='word_1_391' title='bbox 2982 906 3270 975; x_wconf 71' lang='lat' dir='ltr'><strong>Scriptura</strong></span> <span class='ocrx_word' id='word_1_392' title='bbox 3316 906 3420 961; x_wconf 90' lang='lat' dir='ltr'><strong>boc</strong></span> <span class='ocrx_word' id='word_1_393' title='bbox 3460 906 3624 961; x_wconf 88' lang='lat' dir='ltr'><strong>etiam</strong></span> <span class='ocrx_word' id='word_1_394' title='bbox 3656 906 3734 960; x_wconf 66' lang='lat' dir='ltr'><strong>dio</strong></span> 
     </span>
    </p>
   </div>
   <div class='ocr_carea' id='block_1_53' title="bbox 2149 997 3729 1073">
    <p class='ocr_par' dir='ltr' id='par_1_53' title="bbox 2149 997 3729 1073">
     <span class='ocr_line' id='line_1_53' title="bbox 2149 997 3729 1073; baseline -0.003 -16"><span class='ocrx_word' id='word_1_395' title='bbox 2149 1017 2315 1073; x_wconf 80' lang='lat' dir='ltr'><strong>gnum</strong></span> <span class='ocrx_word' id='word_1_396' title='bbox 2341 1001 2506 1056; x_wconf 77' lang='lat' dir='ltr'><strong>fuerit</strong></span> <span class='ocrx_word' id='word_1_397' title='bbox 2527 999 2672 1071; x_wconf 89' lang='lat' dir='ltr'><strong>quod</strong></span> <span class='ocrx_word' id='word_1_398' title='bbox 2703 999 2792 1054; x_wconf 84' lang='lat' dir='ltr'><strong>his</strong></span> <span class='ocrx_word' id='word_1_399' title='bbox 2819 1013 2941 1068; x_wconf 74' lang='lat' dir='ltr'><strong>qua:</strong></span> <span class='ocrx_word' id='word_1_400' title='bbox 2965 1013 2994 1051; x_wconf 87' lang='lat' dir='ltr'><strong>a</strong></span> <span class='ocrx_word' id='word_1_401' title='bbox 3027 997 3187 1053; x_wconf 88' lang='lat' dir='ltr'><strong>nobis</strong></span> <span class='ocrx_word' id='word_1_402' title='bbox 3209 998 3462 1068; x_wconf 82' lang='lat' dir='ltr'><strong>exposita</strong></span> <span class='ocrx_word' id='word_1_403' title='bbox 3486 997 3729 1063; x_wconf 76' lang='lat' dir='ltr'><strong>fuerunt,</strong></span> 
     </span>
    </p>
   </div>
   <div class='ocr_carea' id='block_1_54' title="bbox 2150 1091 2462 1160">
    <p class='ocr_par' dir='ltr' id='par_1_54' title="bbox 2150 1091 2462 1160">
     <span class='ocr_line' id='line_1_54' title="bbox 2150 1091 2462 1160; baseline -0.013 -14"><span class='ocrx_word' id='word_1_404' title='bbox 2150 1091 2462 1160; x_wconf 72' lang='lat' dir='ltr'><strong>adjiciatur.</strong></span> 
     </span>
    </p>
   </div>
   <div class='ocr_carea' id='block_1_55' title="bbox 2220 1179 3732 1250">
    <p class='ocr_par' dir='ltr' id='par_1_55' title="bbox 2220 1179 3732 1250">
     <span class='ocr_line' id='line_1_55' title="bbox 2220 1179 3732 1250; baseline -0.001 -14"><span class='ocrx_word' id='word_1_405' title='bbox 2220 1182 2356 1236; x_wconf 87' lang='lat' dir='ltr'><strong>Nam</strong></span> <span class='ocrx_word' id='word_1_406' title='bbox 2387 1183 2625 1236; x_wconf 78' lang='lat' dir='ltr'><strong>fortasse</strong></span> <span class='ocrx_word' id='word_1_407' title='bbox 2653 1195 2722 1234; x_wconf 78' lang='lat' dir='ltr'><strong>ex</strong></span> <span class='ocrx_word' id='word_1_408' title='bbox 2745 1179 2882 1249; x_wconf 86' lang='lat' dir='ltr'><strong>ipsis</strong></span> <span class='ocrx_word' id='word_1_409' title='bbox 2907 1179 3227 1250; x_wconf 79' lang='lat' dir='ltr'><strong>apostolicis</strong></span> <span class='ocrx_word' id='word_1_410' title='bbox 3258 1179 3466 1243; x_wconf 69' lang='lat' dir='ltr'><strong>verbis,</strong></span> <span class='ocrx_word' id='word_1_411' title='bbox 3496 1195 3732 1250; x_wconf 87' lang='lat' dir='ltr'><strong>quorum</strong></span> 
     </span>
    </p>
   </div>
   <div class='ocr_carea' id='block_1_56' title="bbox 2151 1271 3734 1341">
    <p class='ocr_par' dir='ltr' id='par_1_56' title="bbox 2151 1271 3734 1341">
     <span class='ocr_line' id='line_1_56' title="bbox 2151 1271 3734 1341; baseline -0.003 -11"><span class='ocrx_word' id='word_1_412' title='bbox 2151 1291 2254 1331; x_wconf 90' lang='lat' dir='ltr'><strong>nos</strong></span> <span class='ocrx_word' id='word_1_413' title='bbox 2302 1274 2678 1335; x_wconf 87' lang='lat' dir='ltr'><strong>meminimus,</strong></span> <span class='ocrx_word' id='word_1_414' title='bbox 2731 1271 2922 1325; x_wconf 89' lang='lat' dir='ltr'><strong>dicent</strong></span> <span class='ocrx_word' id='word_1_415' title='bbox 2971 1271 3396 1341; x_wconf 79' lang='lat' dir='ltr'><strong>interrogantes,</strong></span> <span class='ocrx_word' id='word_1_416' title='bbox 3443 1271 3734 1338; x_wconf 78' lang='lat' dir='ltr'><strong>Quomodo</strong></span> 
     </span>
    </p>
   </div>
   <div class='ocr_carea' id='block_1_57' title="bbox 2151 1365 3734 1439">
    <p class='ocr_par' dir='ltr' id='par_1_57' title="bbox 2151 1365 3734 1439">
     <span class='ocr_line' id='line_1_57' title="bbox 2151 1365 3734 1439; baseline -0.001 -17"><span class='ocrx_word' id='word_1_417' title='bbox 2151 1368 2558 1439; x_wconf 76' lang='lat' dir='ltr'><strong>primogenitus</strong></span> <span class='ocrx_word' id='word_1_418' title='bbox 2604 1374 2874 1420; x_wconf 72' lang='lat' dir='ltr'><strong>creatura:</strong></span> <span class='ocrx_word' id='word_1_419' title='bbox 2901 1365 3220 1418; x_wconf 87' lang='lat' dir='ltr'><strong>nominatus</strong></span> <span class='ocrx_word' id='word_1_420' title='bbox 3248 1373 3352 1424; x_wconf 88' lang='lat' dir='ltr'><strong>est,</strong></span> <span class='ocrx_word' id='word_1_421' title='bbox 3406 1367 3451 1419; x_wconf 87' lang='lat' dir='ltr'><strong>si</strong></span> <span class='ocrx_word' id='word_1_422' title='bbox 3485 1382 3594 1419; x_wconf 89' lang='lat' dir='ltr'><strong>non</strong></span> <span class='ocrx_word' id='word_1_423' title='bbox 3626 1367 3734 1420; x_wconf 84' lang='lat' dir='ltr'><strong>hoc</strong></span> 
     </span>
    </p>
   </div>
   <div class='ocr_carea' id='block_1_58' title="bbox 2150 1458 3736 1532">
    <p class='ocr_par' dir='ltr' id='par_1_58' title="bbox 2150 1458 3736 1532">
     <span class='ocr_line' id='line_1_58' title="bbox 2150 1458 3736 1532; baseline -0.001 -16"><span class='ocrx_word' id='word_1_424' title='bbox 2150 1471 2290 1527; x_wconf 89' lang='lat' dir='ltr'><strong>erat,</strong></span> <span class='ocrx_word' id='word_1_425' title='bbox 2319 1462 2466 1532; x_wconf 88' lang='lat' dir='ltr'><strong>quod</strong></span> <span class='ocrx_word' id='word_1_426' title='bbox 2497 1467 2753 1514; x_wconf 90' lang='lat' dir='ltr'><strong>creatura</strong></span> <span class='ocrx_word' id='word_1_427' title='bbox 2783 1467 2868 1513; x_wconf 91' lang='lat' dir='ltr'><strong>est</strong></span> <span class='ocrx_word' id='word_1_428' title='bbox 2900 1459 2923 1512; x_wconf 91' lang='lat'><strong>?</strong></span> <span class='ocrx_word' id='word_1_429' title='bbox 2954 1458 3146 1514; x_wconf 89' lang='lat' dir='ltr'><strong>Omnis</strong></span> <span class='ocrx_word' id='word_1_430' title='bbox 3166 1459 3314 1513; x_wconf 88' lang='lat' dir='ltr'><strong>enim</strong></span> <span class='ocrx_word' id='word_1_431' title='bbox 3340 1460 3736 1529; x_wconf 80' lang='lat' dir='ltr'><strong>primogenilus</strong></span> 
     </span>
    </p>
   </div>
   <div class='ocr_carea' id='block_1_59' title="bbox 2151 1552 3730 1623">
    <p class='ocr_par' dir='ltr' id='par_1_59' title="bbox 2151 1552 3730 1623">
     <span class='ocr_line' id='line_1_59' title="bbox 2151 1552 3730 1623; baseline -0.003 -15"><span class='ocrx_word' id='word_1_432' title='bbox 2151 1570 2258 1608; x_wconf 82' lang='lat' dir='ltr'><strong>non</strong></span> <span class='ocrx_word' id='word_1_433' title='bbox 2277 1569 2605 1623; x_wconf 64' lang='lat' dir='ltr'><strong>eoi-umqum</strong></span> <span class='ocrx_word' id='word_1_434' title='bbox 2620 1560 2752 1608; x_wconf 92' lang='lat' dir='ltr'><strong>sunt</strong></span> <span class='ocrx_word' id='word_1_435' title='bbox 2779 1552 3014 1608; x_wconf 68' lang='lat' dir='ltr'><strong>diversa:</strong></span> <span class='ocrx_word' id='word_1_436' title='bbox 3045 1561 3277 1615; x_wconf 71' lang='lat' dir='ltr'><strong>natum,</strong></span> <span class='ocrx_word' id='word_1_437' title='bbox 3309 1552 3404 1607; x_wconf 90' lang='lat' dir='ltr'><strong>sed</strong></span> <span class='ocrx_word' id='word_1_438' title='bbox 3443 1568 3564 1621; x_wconf 69' lang='lat' dir='ltr'><strong>quae</strong></span> <span class='ocrx_word' id='word_1_439' title='bbox 3605 1561 3730 1608; x_wconf 86' lang='lat' dir='ltr'><strong>sunt</strong></span> 
     </span>
    </p>
   </div>
   <div class='ocr_carea' id='block_1_60' title="bbox 2151 1642 3735 1714">
    <p class='ocr_par' dir='ltr' id='par_1_60' title="bbox 2151 1642 3735 1714">
     <span class='ocr_line' id='line_1_60' title="bbox 2151 1642 3735 1714; baseline -0.003 -16"><span class='ocrx_word' id='word_1_440' title='bbox 2151 1642 2394 1714; x_wconf 87' lang='lat' dir='ltr'><strong>ejusdem</strong></span> <span class='ocrx_word' id='word_1_441' title='bbox 2413 1643 2637 1712; x_wconf 77' lang='lat' dir='ltr'><strong>generis</strong></span> <span class='ocrx_word' id='word_1_442' title='bbox 2657 1642 3156 1712; x_wconf 82' lang='lat' dir='ltr'><strong>estprimogenitus</strong></span> <span class='ocrx_word' id='word_1_443' title='bbox 3178 1661 3192 1697; x_wconf 91' lang='lat'>:</span> <span class='ocrx_word' id='word_1_444' title='bbox 3241 1643 3387 1698; x_wconf 88' lang='lat' dir='ltr'><strong>sicut</strong></span> <span class='ocrx_word' id='word_1_445' title='bbox 3403 1643 3596 1697; x_wconf 77' lang='lat' dir='ltr'><strong>Ruben</strong></span> <span class='ocrx_word' id='word_1_446' title='bbox 3617 1643 3735 1712; x_wconf 63' lang='lat' dir='ltr'><strong>pri.</strong></span> 
     </span>
    </p>
   </div>
   <div class='ocr_carea' id='block_1_61' title="bbox 2153 1731 3734 1802">
    <p class='ocr_par' dir='ltr' id='par_1_61' title="bbox 2153 1731 3734 1802">
     <span class='ocr_line' id='line_1_61' title="bbox 2153 1731 3734 1802; baseline -0.001 -16"><span class='ocrx_word' id='word_1_447' title='bbox 2153 1733 2362 1802; x_wconf 84' lang='lat' dir='ltr'><strong>mogeni</strong></span> <span class='ocrx_word' id='word_1_448' title='bbox 2370 1741 2461 1791; x_wconf 90' lang='lat' dir='ltr'><strong>tus</strong></span> <span class='ocrx_word' id='word_1_449' title='bbox 2475 1740 2592 1786; x_wconf 89' lang='lat' dir='ltr'><strong>erat</strong></span> <span class='ocrx_word' id='word_1_450' title='bbox 2610 1747 2802 1786; x_wconf 87' lang='lat' dir='ltr'><strong>eorum</strong></span> <span class='ocrx_word' id='word_1_451' title='bbox 2817 1731 2908 1800; x_wconf 91' lang='lat' dir='ltr'><strong>qui</strong></span> <span class='ocrx_word' id='word_1_452' title='bbox 2926 1740 3050 1800; x_wconf 90' lang='lat' dir='ltr'><strong>post</strong></span> <span class='ocrx_word' id='word_1_453' title='bbox 3069 1731 3221 1786; x_wconf 90' lang='lat' dir='ltr'><strong>illum</strong></span> <span class='ocrx_word' id='word_1_454' title='bbox 3242 1741 3624 1795; x_wconf 85' lang='lat' dir='ltr'><strong>recensentur,</strong></span> <span class='ocrx_word' id='word_1_455' title='bbox 3655 1740 3734 1785; x_wconf 90' lang='lat' dir='ltr'><strong>ut-</strong></span> 
     </span>
    </p>
   </div>
   <div class='ocr_carea' id='block_1_62' title="bbox 2149 1817 3736 1891">
    <p class='ocr_par' dir='ltr' id='par_1_62' title="bbox 2149 1817 3736 1891">
     <span class='ocr_line' id='line_1_62' title="bbox 2149 1817 3736 1891; baseline 0.003 -18"><span class='ocrx_word' id='word_1_456' title='bbox 2149 1819 2373 1890; x_wconf 82' lang='lat' dir='ltr'><strong>potequi</strong></span> <span class='ocrx_word' id='word_1_457' title='bbox 2385 1817 2922 1889; x_wconf 85' lang='lat' dir='ltr'><strong>primus,secundum</strong></span> <span class='ocrx_word' id='word_1_458' title='bbox 2939 1823 3464 1891; x_wconf 83' lang='lat' dir='ltr'><strong>partum,bominum</strong></span> <span class='ocrx_word' id='word_1_459' title='bbox 3480 1825 3664 1878; x_wconf 87' lang='lat' dir='ltr'><strong>homo:</strong></span> <span class='ocrx_word' id='word_1_460' title='bbox 3680 1834 3736 1878; x_wconf 91' lang='lat' dir='ltr'><strong>ct</strong></span> 
     </span>
    </p>
   </div>
   <div class='ocr_carea' id='block_1_63' title="bbox 2153 1909 3734 1982">
    <p class='ocr_par' dir='ltr' id='par_1_63' title="bbox 2153 1909 3734 1982">
     <span class='ocr_line' id='line_1_63' title="bbox 2153 1909 3734 1982; baseline 0 -20"><span class='ocrx_word' id='word_1_461' title='bbox 2153 1910 2243 1964; x_wconf 86' lang='lat' dir='ltr'><strong>alii</strong></span> <span class='ocrx_word' id='word_1_462' title='bbox 2264 1909 2416 1962; x_wconf 90' lang='lat' dir='ltr'><strong>multi</strong></span> <span class='ocrx_word' id='word_1_463' title='bbox 2437 1909 2665 1962; x_wconf 83' lang='lat' dir='ltr'><strong>fratrum</strong></span> <span class='ocrx_word' id='word_1_464' title='bbox 2685 1910 2920 1979; x_wconf 90' lang='lat' dir='ltr'><strong>quicum</strong></span> <span class='ocrx_word' id='word_1_465' title='bbox 2939 1911 3022 1966; x_wconf 90' lang='lat' dir='ltr'><strong>eis</strong></span> <span class='ocrx_word' id='word_1_466' title='bbox 3051 1920 3433 1976; x_wconf 89' lang='lat' dir='ltr'><strong>numerantur,</strong></span> <span class='ocrx_word' id='word_1_467' title='bbox 3461 1912 3734 1982; x_wconf 69' lang='lat' dir='ltr'><strong>primoge-</strong></span> 
     </span>
    </p>
   </div>
   <div class='ocr_carea' id='block_1_64' title="bbox 2151 2000 3736 2073">
    <p class='ocr_par' dir='ltr' id='par_1_64' title="bbox 2151 2000 3736 2073">
     <span class='ocr_line' id='line_1_64' title="bbox 2151 2000 3736 2073; baseline -0.001 -17"><span class='ocrx_word' id='word_1_468' title='bbox 2151 2002 2250 2056; x_wconf 90' lang='lat' dir='ltr'><strong>niti</strong></span> <span class='ocrx_word' id='word_1_469' title='bbox 2273 2001 2558 2056; x_wconf 87' lang='lat' dir='ltr'><strong>dicuntur.</strong></span> <span class='ocrx_word' id='word_1_470' title='bbox 2588 2000 2787 2055; x_wconf 87' lang='lat' dir='ltr'><strong>Dicunt</strong></span> <span class='ocrx_word' id='word_1_471' title='bbox 2804 2003 2910 2072; x_wconf 82' lang='lat' dir='ltr'><strong>itaq</strong></span> <span class='ocrx_word' id='word_1_472' title='bbox 2921 2018 3007 2064; x_wconf 91' lang='lat' dir='ltr'><strong>ue,</strong></span> <span class='ocrx_word' id='word_1_473' title='bbox 3024 2002 3400 2073; x_wconf 77' lang='lat' dir='ltr'><strong>Quemcunque</strong></span> <span class='ocrx_word' id='word_1_474' title='bbox 3413 2004 3581 2057; x_wconf 86' lang='lat' dir='ltr'><strong>omnis</strong></span> <span class='ocrx_word' id='word_1_475' title='bbox 3595 2020 3736 2058; x_wconf 85' lang='lat' dir='ltr'><strong>crea-</strong></span> 
     </span>
    </p>
   </div>
   <div class='ocr_carea' id='block_1_65' title="bbox 2152 2095 3736 2164">
    <p class='ocr_par' dir='ltr' id='par_1_65' title="bbox 2152 2095 3736 2164">
     <span class='ocr_line' id='line_1_65' title="bbox 2152 2095 3736 2164; baseline 0 -18"><span class='ocrx_word' id='word_1_476' title='bbox 2152 2103 2285 2148; x_wconf 76' lang='lat' dir='ltr'><strong>turte</strong></span> <span class='ocrx_word' id='word_1_477' title='bbox 2297 2095 2577 2148; x_wconf 85' lang='lat' dir='ltr'><strong>essentiam</strong></span> <span class='ocrx_word' id='word_1_478' title='bbox 2598 2105 2766 2148; x_wconf 85' lang='lat' dir='ltr'><strong>mente</strong></span> <span class='ocrx_word' id='word_1_479' title='bbox 2779 2095 3353 2164; x_wconf 73' lang='lat' dir='ltr'><strong>conceperimustjus</strong></span> <span class='ocrx_word' id='word_1_480' title='bbox 3371 2098 3532 2150; x_wconf 87' lang='lat' dir='ltr'><strong>etiam</strong></span> <span class='ocrx_word' id='word_1_481' title='bbox 3544 2098 3736 2164; x_wconf 74' lang='lat' dir='ltr'><strong>primo-</strong></span> 
     </span>
    </p>
   </div>
   <div class='ocr_carea' id='block_1_66' title="bbox 2149 2187 3736 2258">
    <p class='ocr_par' dir='ltr' id='par_1_66' title="bbox 2149 2187 3736 2258">
     <span class='ocr_line' id='line_1_66' title="bbox 2149 2187 3736 2258; baseline -0.001 -18"><span class='ocrx_word' id='word_1_482' title='bbox 2149 2188 2377 2252; x_wconf 81' lang='lat' dir='ltr'><strong>genitum</strong></span> <span class='ocrx_word' id='word_1_483' title='bbox 2409 2204 2520 2241; x_wconf 85' lang='lat' dir='ltr'><strong>esse</strong></span> <span class='ocrx_word' id='word_1_484' title='bbox 2553 2187 2789 2255; x_wconf 77' lang='lat' dir='ltr'><strong>ejusdem</strong></span> <span class='ocrx_word' id='word_1_485' title='bbox 2819 2187 3059 2241; x_wconf 77' lang='lat' dir='ltr'><strong>essentia:</strong></span> <span class='ocrx_word' id='word_1_486' title='bbox 3087 2203 3294 2243; x_wconf 77' lang='lat' dir='ltr'><strong>necesse</strong></span> <span class='ocrx_word' id='word_1_487' title='bbox 3329 2197 3428 2242; x_wconf 87' lang='lat' dir='ltr'><strong>est.</strong></span> <span class='ocrx_word' id='word_1_488' title='bbox 3460 2188 3520 2242; x_wconf 87' lang='lat' dir='ltr'><strong>Si</strong></span> <span class='ocrx_word' id='word_1_489' title='bbox 3568 2189 3736 2258; x_wconf 87' lang='lat' dir='ltr'><strong>igitur</strong></span> 
     </span>
    </p>
   </div>
   <div class='ocr_carea' id='block_1_67' title="bbox 2149 2277 3731 2348">
    <p class='ocr_par' dir='ltr' id='par_1_67' title="bbox 2149 2277 3731 2348">
     <span class='ocr_line' id='line_1_67' title="bbox 2149 2277 3731 2348; baseline 0 -18"><span class='ocrx_word' id='word_1_490' title='bbox 2149 2277 2436 2348; x_wconf 79' lang='grc' dir='ltr'>ὁμοούσιος</span> <span class='ocrx_word' id='word_1_491' title='bbox 2479 2278 2664 2334; x_wconf 79' lang='lat' dir='ltr'><strong>(simul</strong></span> <span class='ocrx_word' id='word_1_492' title='bbox 2698 2279 3026 2345; x_wconf 78' lang='lat' dir='ltr'><strong>essentialis)</strong></span> <span class='ocrx_word' id='word_1_493' title='bbox 3066 2287 3144 2332; x_wconf 85' lang='lat' dir='ltr'><strong>est</strong></span> <span class='ocrx_word' id='word_1_494' title='bbox 3182 2277 3332 2331; x_wconf 82' lang='lat' dir='ltr'><strong>Patri</strong></span> <span class='ocrx_word' id='word_1_495' title='bbox 3371 2279 3731 2332; x_wconf 81' lang='lat' dir='ltr'><strong>universorum</strong></span> 
     </span>
    </p>
   </div>
   <div class='ocr_carea' id='block_1_68' title="bbox 2151 2369 3735 2438">
    <p class='ocr_par' dir='ltr' id='par_1_68' title="bbox 2151 2369 3735 2438">
     <span class='ocr_line' id='line_1_68' title="bbox 2151 2369 3735 2438; baseline 0.001 -14"><span class='ocrx_word' id='word_1_496' title='bbox 2151 2373 2322 2424; x_wconf 85' lang='lat' dir='ltr'><strong>omnis</strong></span> <span class='ocrx_word' id='word_1_497' title='bbox 2350 2383 2620 2433; x_wconf 86' lang='lat' dir='ltr'><strong>creatura,</strong></span> <span class='ocrx_word' id='word_1_498' title='bbox 2653 2371 2750 2423; x_wconf 79' lang='lat' dir='ltr'><strong>hoc</strong></span> <span class='ocrx_word' id='word_1_499' title='bbox 2796 2373 2958 2424; x_wconf 88' lang='lat' dir='ltr'><strong>etiam</strong></span> <span class='ocrx_word' id='word_1_500' title='bbox 2985 2369 3394 2437; x_wconf 81' lang='lat' dir='ltr'><strong>primogenitum</strong></span> <span class='ocrx_word' id='word_1_501' title='bbox 3435 2372 3597 2438; x_wconf 88' lang='lat' dir='ltr'><strong>ipsius</strong></span> <span class='ocrx_word' id='word_1_502' title='bbox 3622 2387 3735 2425; x_wconf 73' lang='lat' dir='ltr'><strong>esse</strong></span> 
     </span>
    </p>
   </div>
   <div class='ocr_carea' id='block_1_69' title="bbox 2151 2461 3734 2533">
    <p class='ocr_par' dir='ltr' id='par_1_69' title="bbox 2151 2461 3734 2533">
     <span class='ocr_line' id='line_1_69' title="bbox 2151 2461 3734 2533; baseline -0.001 -16"><span class='ocrx_word' id='word_1_503' title='bbox 2151 2481 2253 2517; x_wconf 89' lang='lat' dir='ltr'><strong>non</strong></span> <span class='ocrx_word' id='word_1_504' title='bbox 2283 2464 2612 2533; x_wconf 85' lang='lat' dir='ltr'><strong>negabimus.</strong></span> <span class='ocrx_word' id='word_1_505' title='bbox 2639 2461 2794 2528; x_wconf 81' lang='lat' dir='ltr'><strong>Quod</strong></span> <span class='ocrx_word' id='word_1_506' title='bbox 2819 2462 2870 2516; x_wconf 86' lang='lat' dir='ltr'><strong>si</strong></span> <span class='ocrx_word' id='word_1_507' title='bbox 2911 2461 3093 2529; x_wconf 79' lang='lat' dir='ltr'><strong>diﬂ&#39;ert</strong></span> <span class='ocrx_word' id='word_1_508' title='bbox 3125 2463 3413 2515; x_wconf 87' lang='lat' dir='ltr'><strong>secundum</strong></span> <span class='ocrx_word' id='word_1_509' title='bbox 3451 2464 3734 2517; x_wconf 77' lang='lat' dir='ltr'><strong>essentiam</strong></span> 
     </span>
    </p>
   </div>
   <div class='ocr_carea' id='block_1_70' title="bbox 2152 2554 3734 2616">
    <p class='ocr_par' dir='ltr' id='par_1_70' title="bbox 2152 2554 3734 2616">
     <span class='ocr_line' id='line_1_70' title="bbox 2152 2554 3734 2616; baseline -0.001 -6"><span class='ocrx_word' id='word_1_510' title='bbox 2152 2575 2184 2610; x_wconf 93' lang='lat' dir='ltr'><strong>a</strong></span> <span class='ocrx_word' id='word_1_511' title='bbox 2213 2568 2458 2610; x_wconf 84' lang='lat' dir='ltr'><strong>creatura</strong></span> <span class='ocrx_word' id='word_1_512' title='bbox 2506 2556 2875 2609; x_wconf 82' lang='lat' dir='ltr'><strong>universorum</strong></span> <span class='ocrx_word' id='word_1_513' title='bbox 2907 2554 3072 2616; x_wconf 82' lang='lat' dir='ltr'><strong>Deus,</strong></span> <span class='ocrx_word' id='word_1_514' title='bbox 3118 2555 3482 2608; x_wconf 83' lang='lat' dir='ltr'><strong>necessarium</strong></span> <span class='ocrx_word' id='word_1_515' title='bbox 3514 2565 3592 2608; x_wconf 88' lang='lat' dir='ltr'><strong>est</strong></span> <span class='ocrx_word' id='word_1_516' title='bbox 3622 2574 3734 2608; x_wconf 89' lang='lat' dir='ltr'><strong>om-</strong></span> 
     </span>
    </p>
   </div>
   <div class='ocr_carea' id='block_1_71' title="bbox 2151 2647 3732 2718">
    <p class='ocr_par' dir='ltr' id='par_1_71' title="bbox 2151 2647 3732 2718">
     <span class='ocr_line' id='line_1_71' title="bbox 2151 2647 3732 2718; baseline -0.001 -16"><span class='ocrx_word' id='word_1_517' title='bbox 2151 2651 2274 2702; x_wconf 87' lang='lat' dir='ltr'><strong>nino</strong></span> <span class='ocrx_word' id='word_1_518' title='bbox 2296 2666 2455 2718; x_wconf 83' lang='lat' dir='ltr'><strong>neque</strong></span> <span class='ocrx_word' id='word_1_519' title='bbox 2477 2649 2888 2718; x_wconf 80' lang='lat' dir='ltr'><strong>primogenitum</strong></span> <span class='ocrx_word' id='word_1_520' title='bbox 2917 2647 3032 2716; x_wconf 87' lang='lat' dir='ltr'><strong>ejus</strong></span> <span class='ocrx_word' id='word_1_521' title='bbox 3062 2648 3374 2715; x_wconf 82' lang='lat' dir='ltr'><strong>participem</strong></span> <span class='ocrx_word' id='word_1_522' title='bbox 3413 2649 3585 2703; x_wconf 85' lang='lat' dir='ltr'><strong>dicere</strong></span> <span class='ocrx_word' id='word_1_523' title='bbox 3616 2665 3732 2702; x_wconf 80' lang='lat' dir='ltr'><strong>cuin</strong></span> 
     </span>
    </p>
   </div>
   <div class='ocr_carea' id='block_1_72' title="bbox 2151 2739 3736 2810">
    <p class='ocr_par' dir='ltr' id='par_1_72' title="bbox 2151 2739 3736 2810">
     <span class='ocr_line' id='line_1_72' title="bbox 2151 2739 3736 2810; baseline -0.002 -15"><span class='ocrx_word' id='word_1_524' title='bbox 2151 2740 2261 2795; x_wconf 89' lang='lat' dir='ltr'><strong>Deo</strong></span> <span class='ocrx_word' id='word_1_525' title='bbox 2292 2743 2556 2795; x_wconf 64' lang='lat' dir='ltr'><strong>essentiaz.</strong></span> <span class='ocrx_word' id='word_1_526' title='bbox 2599 2743 2673 2810; x_wconf 83' lang='grc' dir='ltr'><strong>(ο)</strong></span> <span class='ocrx_word' id='word_1_527' title='bbox 2695 2739 2998 2794; x_wconf 67' lang='lat' dir='ltr'><strong>Contraria:</strong></span> <span class='ocrx_word' id='word_1_528' title='bbox 3021 2739 3524 2807; x_wconf 74' lang='lat' dir='ltr'><strong>igiturobjectionis</strong></span> <span class='ocrx_word' id='word_1_529' title='bbox 3555 2748 3736 2794; x_wconf 86' lang='lat' dir='ltr'><strong>astru—</strong></span> 
     </span>
    </p>
   </div>
   <div class='ocr_carea' id='block_1_73' title="bbox 2151 2832 3738 2903">
    <p class='ocr_par' dir='ltr' id='par_1_73' title="bbox 2151 2832 3738 2903">
     <span class='ocr_line' id='line_1_73' title="bbox 2151 2832 3738 2903; baseline -0.001 -15"><span class='ocrx_word' id='word_1_530' title='bbox 2151 2835 2266 2888; x_wconf 88' lang='lat' dir='ltr'><strong>ctio</strong></span> <span class='ocrx_word' id='word_1_531' title='bbox 2298 2833 2421 2887; x_wconf 89' lang='lat' dir='ltr'><strong>talis</strong></span> <span class='ocrx_word' id='word_1_532' title='bbox 2454 2842 2560 2897; x_wconf 91' lang='lat' dir='ltr'><strong>est,</strong></span> <span class='ocrx_word' id='word_1_533' title='bbox 2591 2841 2785 2886; x_wconf 86' lang='lat' dir='ltr'><strong>nostro</strong></span> <span class='ocrx_word' id='word_1_534' title='bbox 2817 2832 3060 2887; x_wconf 87' lang='lat' dir='ltr'><strong>sermoni</strong></span> <span class='ocrx_word' id='word_1_535' title='bbox 3098 2833 3348 2902; x_wconf 83' lang='lat' dir='ltr'><strong>opposita</strong></span> <span class='ocrx_word' id='word_1_536' title='bbox 3374 2837 3504 2903; x_wconf 85' lang='lat' dir='ltr'><strong>(qua</strong></span> <span class='ocrx_word' id='word_1_537' title='bbox 3543 2834 3618 2888; x_wconf 91' lang='lat' dir='ltr'><strong>ml</strong></span> <span class='ocrx_word' id='word_1_538' title='bbox 3657 2835 3738 2888; x_wconf 85' lang='lat' dir='ltr'><strong>vi-</strong></span> 
     </span>
    </p>
   </div>
   <div class='ocr_carea' id='block_1_74' title="bbox 2151 2922 3739 2995">
    <p class='ocr_par' dir='ltr' id='par_1_74' title="bbox 2151 2922 3739 2995">
     <span class='ocr_line' id='line_1_74' title="bbox 2151 2922 3739 2995; baseline -0.001 -17"><span class='ocrx_word' id='word_1_539' title='bbox 2151 2925 2260 2980; x_wconf 90' lang='lat' dir='ltr'><strong>lius</strong></span> <span class='ocrx_word' id='word_1_540' title='bbox 2297 2932 2352 2980; x_wconf 90' lang='lat' dir='ltr'><strong>et</strong></span> <span class='ocrx_word' id='word_1_541' title='bbox 2388 2924 2684 2995; x_wconf 81' lang='lat' dir='ltr'><strong>ignobilius</strong></span> <span class='ocrx_word' id='word_1_542' title='bbox 2702 2922 2878 2992; x_wconf 86' lang='lat' dir='ltr'><strong>puto),</strong></span> <span class='ocrx_word' id='word_1_543' title='bbox 2908 2923 3070 2992; x_wconf 75' lang='lat' dir='ltr'><strong>digna</strong></span> <span class='ocrx_word' id='word_1_544' title='bbox 3094 2924 3280 2978; x_wconf 84' lang='lat' dir='ltr'><strong>hercle</strong></span> <span class='ocrx_word' id='word_1_545' title='bbox 3301 2940 3426 2993; x_wconf 72' lang='lat' dir='ltr'><strong>qua:</strong></span> <span class='ocrx_word' id='word_1_546' title='bbox 3445 2924 3516 2977; x_wconf 86' lang='lat' dir='ltr'><strong>ab</strong></span> <span class='ocrx_word' id='word_1_547' title='bbox 3545 2923 3739 2979; x_wconf 78' lang='lat' dir='ltr'><strong>adver-</strong></span> 
     </span>
    </p>
   </div>
   <div class='ocr_carea' id='block_1_75' title="bbox 2152 3016 3740 3086">
    <p class='ocr_par' dir='ltr' id='par_1_75' title="bbox 2152 3016 3740 3086">
     <span class='ocr_line' id='line_1_75' title="bbox 2152 3016 3740 3086; baseline 0 -14"><span class='ocrx_word' id='word_1_548' title='bbox 2152 3018 2316 3073; x_wconf 88' lang='lat' dir='ltr'><strong>sariis</strong></span> <span class='ocrx_word' id='word_1_549' title='bbox 2361 3018 2572 3073; x_wconf 90' lang='lat' dir='ltr'><strong>nostris</strong></span> <span class='ocrx_word' id='word_1_550' title='bbox 2602 3028 2976 3086; x_wconf 81' lang='lat' dir='ltr'><strong>opponeretur</strong></span> <span class='ocrx_word' id='word_1_551' title='bbox 3027 3017 3210 3072; x_wconf 89' lang='lat' dir='ltr'><strong>nobis.</strong></span> <span class='ocrx_word' id='word_1_552' title='bbox 3267 3016 3399 3083; x_wconf 69' lang='lat' dir='ltr'><strong>Quae</strong></span> <span class='ocrx_word' id='word_1_553' title='bbox 3431 3028 3614 3072; x_wconf 88' lang='lat' dir='ltr'><strong>autem</strong></span> <span class='ocrx_word' id='word_1_554' title='bbox 3668 3016 3740 3072; x_wconf 82' lang='lat' dir='ltr'><strong>ad</strong></span> 
     </span>
    </p>
   </div>
   <div class='ocr_carea' id='block_1_76' title="bbox 2152 3109 3736 3178">
    <p class='ocr_par' dir='ltr' id='par_1_76' title="bbox 2152 3109 3736 3178">
     <span class='ocr_line' id='line_1_76' title="bbox 2152 3109 3736 3178; baseline 0.001 -17"><span class='ocrx_word' id='word_1_555' title='bbox 2152 3109 2268 3162; x_wconf 59' lang='lat' dir='ltr'><strong>haec</strong></span> <span class='ocrx_word' id='word_1_556' title='bbox 2315 3123 2478 3163; x_wconf 88' lang='lat' dir='ltr'><strong>nosse</strong></span> <span class='ocrx_word' id='word_1_557' title='bbox 2505 3117 2742 3177; x_wconf 88' lang='lat' dir='ltr'><strong>oportet,</strong></span> <span class='ocrx_word' id='word_1_558' title='bbox 2793 3124 2941 3162; x_wconf 90' lang='lat' dir='ltr'><strong>nunc</strong></span> <span class='ocrx_word' id='word_1_559' title='bbox 2977 3123 3077 3178; x_wconf 91' lang='lat' dir='ltr'><strong>pro</strong></span> <span class='ocrx_word' id='word_1_560' title='bbox 3105 3109 3316 3162; x_wconf 84' lang='lat' dir='ltr'><strong>viribus</strong></span> <span class='ocrx_word' id='word_1_561' title='bbox 3357 3110 3564 3164; x_wconf 90' lang='lat' dir='ltr'><strong>nostris</strong></span> <span class='ocrx_word' id='word_1_562' title='bbox 3613 3125 3736 3163; x_wconf 83' lang='lat' dir='ltr'><strong>ora-</strong></span> 
     </span>
    </p>
   </div>
   <div class='ocr_carea' id='block_1_77' title="bbox 2076 3199 3744 3290">
    <p class='ocr_par' dir='ltr' id='par_1_77' title="bbox 2076 3199 3744 3290">
     <span class='ocr_line' id='line_1_77' title="bbox 2076 3199 3744 3290; baseline -0.001 -37"><span class='ocrx_word' id='word_1_563' title='bbox 2076 3232 2121 3290; x_wconf 76' lang='lat' dir='ltr'>c</span> <span class='ocrx_word' id='word_1_564' title='bbox 2155 3202 2302 3255; x_wconf 88' lang='lat' dir='ltr'><strong>tione</strong></span> <span class='ocrx_word' id='word_1_565' title='bbox 2341 3200 2737 3255; x_wconf 82' lang='lat' dir='ltr'><strong>declarabitur.</strong></span> <span class='ocrx_word' id='word_1_566' title='bbox 2770 3199 2976 3266; x_wconf 86' lang='lat' dir='ltr'><strong>Quater</strong></span> <span class='ocrx_word' id='word_1_567' title='bbox 3001 3202 3070 3255; x_wconf 84' lang='lat' dir='ltr'><strong>ab</strong></span> <span class='ocrx_word' id='word_1_568' title='bbox 3101 3201 3361 3270; x_wconf 77' lang='lat' dir='ltr'><strong>Apostolo</strong></span> <span class='ocrx_word' id='word_1_569' title='bbox 3392 3201 3450 3255; x_wconf 90' lang='lat' dir='ltr'><strong>in</strong></span> <span class='ocrx_word' id='word_1_570' title='bbox 3479 3203 3744 3257; x_wconf 89' lang='lat' dir='ltr'><strong>omnibus.</strong></span> 
     </span>
    </p>
   </div>
   <div class='ocr_carea' id='block_1_78' title="bbox 2151 3284 3742 3363">
    <p class='ocr_par' dir='ltr' id='par_1_78' title="bbox 2151 3284 3742 3363">
     <span class='ocr_line' id='line_1_78' title="bbox 2151 3284 3742 3363; baseline -0.002 -15"><span class='ocrx_word' id='word_1_571' title='bbox 2151 3294 2272 3362; x_wconf 86' lang='lat' dir='ltr'><strong>ejus</strong></span> <span class='ocrx_word' id='word_1_572' title='bbox 2310 3294 2662 3348; x_wconf 85' lang='lat' dir='ltr'><strong>sermonibus</strong></span> <span class='ocrx_word' id='word_1_573' title='bbox 2711 3293 3064 3363; x_wconf 79' lang='lat' dir='ltr'><strong>primogeniti</strong></span> <span class='ocrx_word' id='word_1_574' title='bbox 3116 3309 3316 3347; x_wconf 88' lang='lat' dir='ltr'><strong>nomen</strong></span> <span class='ocrx_word' id='word_1_575' title='bbox 3358 3284 3564 3348; x_wconf 88' lang='lat' dir='ltr'><strong>dictum</strong></span> <span class='ocrx_word' id='word_1_576' title='bbox 3615 3303 3742 3356; x_wconf 71' lang='lat' dir='ltr'><strong>est,</strong></span> 
     </span>
    </p>
   </div>
   <div class='ocr_carea' id='block_1_79' title="bbox 2152 3380 3744 3454">
    <p class='ocr_par' dir='ltr' id='par_1_79' title="bbox 2152 3380 3744 3454">
     <span class='ocr_line' id='line_1_79' title="bbox 2152 3380 3744 3454; baseline -0.001 -15"><span class='ocrx_word' id='word_1_577' title='bbox 2152 3385 2245 3439; x_wconf 85' lang='lat' dir='ltr'><strong>sed</strong></span> <span class='ocrx_word' id='word_1_578' title='bbox 2278 3380 2614 3449; x_wconf 79' lang='lat' dir='ltr'><strong>dilicrenter,</strong></span> <span class='ocrx_word' id='word_1_579' title='bbox 2647 3399 2826 3452; x_wconf 85' lang='lat' dir='ltr'><strong>neque</strong></span> <span class='ocrx_word' id='word_1_580' title='bbox 2866 3383 3058 3438; x_wconf 87' lang='lat' dir='ltr'><strong>eodem</strong></span> <span class='ocrx_word' id='word_1_581' title='bbox 3091 3383 3254 3438; x_wconf 92' lang='lat' dir='ltr'><strong>modo</strong></span> <span class='ocrx_word' id='word_1_582' title='bbox 3284 3385 3525 3439; x_wconf 89' lang='lat' dir='ltr'><strong>nominis</strong></span> <span class='ocrx_word' id='word_1_583' title='bbox 3569 3386 3744 3454; x_wconf 87' lang='lat' dir='ltr'><strong>hujus.</strong></span> 
     </span>
    </p>
   </div>
   <div class='ocr_carea' id='block_1_80' title="bbox 2151 3475 3782 3554">
    <p class='ocr_par' dir='ltr' id='par_1_80' title="bbox 2151 3475 3782 3554">
     <span class='ocr_line' id='line_1_80' title="bbox 2151 3475 3782 3554; baseline 0.001 -26"><span class='ocrx_word' id='word_1_584' title='bbox 2151 3476 2358 3529; x_wconf 85' lang='lat' dir='ltr'><strong>mentio</strong></span> <span class='ocrx_word' id='word_1_585' title='bbox 2400 3477 2542 3528; x_wconf 79' lang='lat' dir='ltr'><strong>facta</strong></span> <span class='ocrx_word' id='word_1_586' title='bbox 2570 3484 2675 3529; x_wconf 86' lang='lat' dir='ltr'><strong>est.</strong></span> <span class='ocrx_word' id='word_1_587' title='bbox 2707 3475 2867 3529; x_wconf 80' lang='lat' dir='ltr'><strong>Modo</strong></span> <span class='ocrx_word' id='word_1_588' title='bbox 2895 3476 3042 3531; x_wconf 93' lang='lat' dir='ltr'><strong>enim</strong></span> <span class='ocrx_word' id='word_1_589' title='bbox 3078 3476 3210 3530; x_wconf 88' lang='lat' dir='ltr'><strong>dicit</strong></span> <span class='ocrx_word' id='word_1_590' title='bbox 3257 3477 3576 3546; x_wconf 84' lang='lat' dir='ltr'><strong>Apostolus,</strong></span> <span class='ocrx_word' id='word_1_591' title='bbox 3618 3477 3737 3530; x_wconf 85' lang='lat' dir='ltr'><strong>Pri-</strong></span> <span class='ocrx_word' id='word_1_592' title='bbox 3775 3545 3782 3554; x_wconf 82' lang='lat'><strong><em>_</em></strong></span> 
     </span>
    </p>
   </div>
   <div class='ocr_carea' id='block_1_81' title="bbox 2151 3567 3740 3640">
    <p class='ocr_par' dir='ltr' id='par_1_81' title="bbox 2151 3567 3740 3640">
     <span class='ocr_line' id='line_1_81' title="bbox 2151 3567 3740 3640; baseline 0.003 -20"><span class='ocrx_word' id='word_1_593' title='bbox 2151 3568 2466 3637; x_wconf 86' lang='lat' dir='ltr'><strong>mogenitum</strong></span> <span class='ocrx_word' id='word_1_594' title='bbox 2490 3567 2660 3620; x_wconf 84' lang='lat' dir='ltr'><strong>omnis</strong></span> <span class='ocrx_word' id='word_1_595' title='bbox 2691 3576 2948 3621; x_wconf 68' lang='lat' dir='ltr'><strong>creatura:</strong></span> <span class='ocrx_word' id='word_1_596' title='bbox 2973 3568 3012 3598; x_wconf 82' lang='lat'>“</span> <span class='ocrx_word' id='word_1_597' title='bbox 3041 3587 3055 3623; x_wconf 91' lang='lat'><strong><em>:</em></strong></span> <span class='ocrx_word' id='word_1_598' title='bbox 3081 3585 3298 3631; x_wconf 88' lang='lat' dir='ltr'><strong>rursus,</strong></span> <span class='ocrx_word' id='word_1_599' title='bbox 3320 3570 3740 3640; x_wconf 83' lang='lat' dir='ltr'><strong>Primoqenitum</strong></span> 
     </span>
    </p>
   </div>
   <div class='ocr_carea' id='block_1_82' title="bbox 2151 3659 3741 3732">
    <p class='ocr_par' dir='ltr' id='par_1_82' title="bbox 2151 3659 3741 3732">
     <span class='ocr_line' id='line_1_82' title="bbox 2151 3659 3741 3732; baseline 0.003 -20"><span class='ocrx_word' id='word_1_600' title='bbox 2151 3661 2206 3712; x_wconf 90' lang='lat' dir='ltr'><strong>in</strong></span> <span class='ocrx_word' id='word_1_601' title='bbox 2237 3660 2415 3711; x_wconf 86' lang='lat' dir='ltr'><strong>multis</strong></span> <span class='ocrx_word' id='word_1_602' title='bbox 2433 3659 2690 3728; x_wconf 74' lang='lat' dir='ltr'><strong>fratribus</strong></span> <span class='ocrx_word' id='word_1_603' title='bbox 2714 3659 2754 3690; x_wconf 85' lang='grc'>¹¹</span> <span class='ocrx_word' id='word_1_604' title='bbox 2781 3677 2794 3710; x_wconf 90' lang='lat'><strong>:</strong></span> <span class='ocrx_word' id='word_1_605' title='bbox 2820 3660 3036 3724; x_wconf 87' lang='lat' dir='ltr'><strong>deinde,</strong></span> <span class='ocrx_word' id='word_1_606' title='bbox 3068 3660 3480 3732; x_wconf 79' lang='lat' dir='ltr'><strong>Primogenitum</strong></span> <span class='ocrx_word' id='word_1_607' title='bbox 3503 3677 3569 3716; x_wconf 79' lang='lat' dir='ltr'><strong>ea:</strong></span> <span class='ocrx_word' id='word_1_608' title='bbox 3598 3680 3741 3716; x_wconf 84' lang='lat' dir='ltr'><strong>mor-</strong></span> 
     </span>
    </p>
   </div>
   <div class='ocr_carea' id='block_1_83' title="bbox 2154 3749 3748 3819">
    <p class='ocr_par' dir='ltr' id='par_1_83' title="bbox 2154 3749 3748 3819">
     <span class='ocr_line' id='line_1_83' title="bbox 2154 3749 3748 3819; baseline 0.005 -16"><span class='ocrx_word' id='word_1_609' title='bbox 2154 3751 2258 3803; x_wconf 81' lang='lat' dir='ltr'><strong>tuis</strong></span> <span class='ocrx_word' id='word_1_610' title='bbox 2285 3751 2346 3801; x_wconf 79' lang='lat'><strong>&quot;.</strong></span> <span class='ocrx_word' id='word_1_611' title='bbox 2381 3749 2434 3803; x_wconf 93' lang='lat' dir='ltr'><strong>In</strong></span> <span class='ocrx_word' id='word_1_612' title='bbox 2469 3749 2712 3819; x_wconf 86' lang='lat' dir='ltr'><strong>Epistula</strong></span> <span class='ocrx_word' id='word_1_613' title='bbox 2761 3768 2892 3805; x_wconf 85' lang='lat' dir='ltr'><strong>vero</strong></span> <span class='ocrx_word' id='word_1_614' title='bbox 2920 3753 2986 3806; x_wconf 86' lang='lat' dir='ltr'><strong>ad</strong></span> <span class='ocrx_word' id='word_1_615' title='bbox 3030 3753 3283 3808; x_wconf 70' lang='lat' dir='ltr'><strong>llebraios</strong></span> <span class='ocrx_word' id='word_1_616' title='bbox 3317 3756 3628 3809; x_wconf 87' lang='lat' dir='ltr'><strong>absolutum</strong></span> <span class='ocrx_word' id='word_1_617' title='bbox 3653 3766 3748 3812; x_wconf 85' lang='lat' dir='ltr'><strong>est,</strong></span> 
     </span>
    </p>
   </div>
   <div class='ocr_carea' id='block_1_84' title="bbox 2153 3842 3738 3914">
    <p class='ocr_par' dir='ltr' id='par_1_84' title="bbox 2153 3842 3738 3914">
     <span class='ocr_line' id='line_1_84' title="bbox 2153 3842 3738 3914; baseline 0.005 -20"><span class='ocrx_word' id='word_1_618' title='bbox 2153 3843 2206 3894; x_wconf 91' lang='lat' dir='ltr'><strong>in</strong></span> <span class='ocrx_word' id='word_1_619' title='bbox 2238 3842 2420 3910; x_wconf 87' lang='lat' dir='ltr'><strong>seipse</strong></span> <span class='ocrx_word' id='word_1_620' title='bbox 2449 3850 2941 3896; x_wconf 87' lang='lat' dir='ltr'><strong>commemoratum</strong></span> <span class='ocrx_word' id='word_1_621' title='bbox 2986 3845 3335 3914; x_wconf 80' lang='lat' dir='ltr'><strong>primogeniti</strong></span> <span class='ocrx_word' id='word_1_622' title='bbox 3366 3861 3589 3902; x_wconf 89' lang='lat' dir='ltr'><strong>nomen.</strong></span> <span class='ocrx_word' id='word_1_623' title='bbox 3642 3846 3738 3902; x_wconf 90' lang='lat' dir='ltr'><strong>Sic</strong></span> 
     </span>
    </p>
   </div>
   <div class='ocr_carea' id='block_1_85' title="bbox 2152 3933 3734 4009">
    <p class='ocr_par' dir='ltr' id='par_1_85' title="bbox 2152 3933 3734 4009">
     <span class='ocr_line' id='line_1_85' title="bbox 2152 3933 3734 4009; baseline 0.004 -22"><span class='ocrx_word' id='word_1_624' title='bbox 2152 3935 2297 3988; x_wconf 88' lang='lat' dir='ltr'><strong>enim</strong></span> <span class='ocrx_word' id='word_1_625' title='bbox 2331 3933 2463 3986; x_wconf 85' lang='lat' dir='ltr'><strong>dicit</strong></span> <span class='ocrx_word' id='word_1_626' title='bbox 2503 3952 2516 3987; x_wconf 93' lang='lat'>:</span> <span class='ocrx_word' id='word_1_627' title='bbox 2547 3933 2680 3986; x_wconf 77' lang='lat' dir='ltr'><strong>Cum</strong></span> <span class='ocrx_word' id='word_1_628' title='bbox 2711 3951 2829 3987; x_wconf 69' lang='lat' dir='ltr'><strong>vero</strong></span> <span class='ocrx_word' id='word_1_629' title='bbox 2859 3951 3044 3987; x_wconf 82' lang='lat' dir='ltr'><strong>rursus</strong></span> <span class='ocrx_word' id='word_1_630' title='bbox 3079 3936 3284 3990; x_wconf 82' lang='lat' dir='ltr'><strong>inducit</strong></span> <span class='ocrx_word' id='word_1_631' title='bbox 3324 3939 3734 4009; x_wconf 85' lang='lat' dir='ltr'><strong>primogenitum</strong></span> 
     </span>
    </p>
   </div>
   <div class='ocr_carea' id='block_1_86' title="bbox 2153 4026 3741 4092">
    <p class='ocr_par' dir='ltr' id='par_1_86' title="bbox 2153 4026 3741 4092">
     <span class='ocr_line' id='line_1_86' title="bbox 2153 4026 3741 4092; baseline 0.005 -13"><span class='ocrx_word' id='word_1_632' title='bbox 2153 4027 2206 4079; x_wconf 87' lang='lat' dir='ltr'><strong>in</strong></span> <span class='ocrx_word' id='word_1_633' title='bbox 2247 4026 2424 4079; x_wconf 83' lang='lat' dir='ltr'><strong>orbem</strong></span> <span class='ocrx_word' id='word_1_634' title='bbox 2455 4040 2737 4092; x_wconf 87' lang='lat' dir='ltr'><strong>terrarum,</strong></span> <span class='ocrx_word' id='word_1_635' title='bbox 2761 4028 2884 4080; x_wconf 81' lang='lat' dir='ltr'><strong>dicit</strong></span> <span class='ocrx_word' id='word_1_636' title='bbox 2910 4043 2926 4081; x_wconf 93' lang='lat'><strong><em>:</em></strong></span> <span class='ocrx_word' id='word_1_637' title='bbox 2963 4027 3028 4078; x_wconf 79' lang='lat' dir='ltr'><strong>Et</strong></span> <span class='ocrx_word' id='word_1_638' title='bbox 3055 4028 3274 4081; x_wconf 87' lang='lat' dir='ltr'><strong>adorent</strong></span> <span class='ocrx_word' id='word_1_639' title='bbox 3300 4047 3417 4083; x_wconf 86' lang='lat' dir='ltr'><strong>eum</strong></span> <span class='ocrx_word' id='word_1_640' title='bbox 3440 4047 3618 4086; x_wconf 87' lang='lat' dir='ltr'><strong>omnes</strong></span> <span class='ocrx_word' id='word_1_641' title='bbox 3642 4051 3741 4086; x_wconf 86' lang='lat' dir='ltr'><strong>an-</strong></span> 
     </span>
    </p>
   </div>
   <div class='ocr_carea' id='block_1_87' title="bbox 2153 4117 3740 4193">
    <p class='ocr_par' dir='ltr' id='par_1_87' title="bbox 2153 4117 3740 4193">
     <span class='ocr_line' id='line_1_87' title="bbox 2153 4117 3740 4193; baseline 0.006 -23"><span class='ocrx_word' id='word_1_642' title='bbox 2153 4117 2254 4188; x_wconf 82' lang='lat' dir='ltr'><strong>geli</strong></span> <span class='ocrx_word' id='word_1_643' title='bbox 2287 4119 2400 4187; x_wconf 86' lang='lat' dir='ltr'><strong>ejus</strong></span> <span class='ocrx_word' id='word_1_644' title='bbox 2437 4121 2511 4171; x_wconf 73' lang='lat'><strong>&quot;.</strong></span> <span class='ocrx_word' id='word_1_645' title='bbox 2560 4118 2655 4173; x_wconf 90' lang='lat' dir='ltr'><strong>llis</strong></span> <span class='ocrx_word' id='word_1_646' title='bbox 2691 4121 2770 4174; x_wconf 88' lang='lat' dir='ltr'><strong>sic</strong></span> <span class='ocrx_word' id='word_1_647' title='bbox 2815 4121 3115 4184; x_wconf 82' lang='lat' dir='ltr'><strong>distinctis,</strong></span> <span class='ocrx_word' id='word_1_648' title='bbox 3141 4139 3321 4191; x_wconf 68' lang='lat' dir='ltr'><strong>opera:</strong></span> <span class='ocrx_word' id='word_1_649' title='bbox 3348 4126 3583 4193; x_wconf 86' lang='lat' dir='ltr'><strong>pretium</strong></span> <span class='ocrx_word' id='word_1_650' title='bbox 3633 4137 3740 4180; x_wconf 84' lang='lat' dir='ltr'><strong>erit</strong></span> 
     </span>
    </p>
   </div>
   <div class='ocr_carea' id='block_1_88' title="bbox 2155 4212 3739 4283">
    <p class='ocr_par' dir='ltr' id='par_1_88' title="bbox 2155 4212 3739 4283">
     <span class='ocr_line' id='line_1_88' title="bbox 2155 4212 3739 4283; baseline 0.006 -21"><span class='ocrx_word' id='word_1_651' title='bbox 2155 4212 2348 4263; x_wconf 84' lang='lat' dir='ltr'><strong>borum</strong></span> <span class='ocrx_word' id='word_1_652' title='bbox 2413 4213 2842 4280; x_wconf 80' lang='lat' dir='ltr'><strong>unumquodque</strong></span> <span class='ocrx_word' id='word_1_653' title='bbox 2894 4214 2946 4264; x_wconf 90' lang='lat' dir='ltr'><strong>in</strong></span> <span class='ocrx_word' id='word_1_654' title='bbox 2998 4215 3182 4283; x_wconf 82' lang='lat' dir='ltr'><strong>seipse</strong></span> <span class='ocrx_word' id='word_1_655' title='bbox 3243 4217 3476 4270; x_wconf 87' lang='lat' dir='ltr'><strong>seorsim</strong></span> <span class='ocrx_word' id='word_1_656' title='bbox 3537 4217 3739 4272; x_wconf 91' lang='lat' dir='ltr'><strong>distin-</strong></span> 
     </span>
    </p>
   </div>
   <div class='ocr_carea' id='block_1_89' title="bbox 2155 4305 3735 4380">
    <p class='ocr_par' dir='ltr' id='par_1_89' title="bbox 2155 4305 3735 4380">
     <span class='ocr_line' id='line_1_89' title="bbox 2155 4305 3735 4380; baseline 0.009 -26"><span class='ocrx_word' id='word_1_657' title='bbox 2155 4319 2351 4371; x_wconf 73' lang='lat' dir='ltr'><strong>guere,</strong></span> <span class='ocrx_word' id='word_1_658' title='bbox 2380 4305 2655 4373; x_wconf 87' lang='lat' dir='ltr'><strong>quomodo</strong></span> <span class='ocrx_word' id='word_1_659' title='bbox 2683 4307 2862 4360; x_wconf 88' lang='lat' dir='ltr'><strong>omnis</strong></span> <span class='ocrx_word' id='word_1_660' title='bbox 2893 4319 3166 4362; x_wconf 78' lang='lat' dir='ltr'><strong>creaturae</strong></span> <span class='ocrx_word' id='word_1_661' title='bbox 3197 4318 3281 4363; x_wconf 85' lang='lat' dir='ltr'><strong>est</strong></span> <span class='ocrx_word' id='word_1_662' title='bbox 3313 4311 3735 4380; x_wconf 82' lang='lat' dir='ltr'><strong>primogenitus,</strong></span> 
     </span>
    </p>
   </div>
   <div class='ocr_carea' id='block_1_90' title="bbox 2154 4397 3722 4476">
    <p class='ocr_par' dir='ltr' id='par_1_90' title="bbox 2154 4397 3722 4476">
     <span class='ocr_line' id='line_1_90' title="bbox 2154 4397 3722 4476; baseline 0.007 -27"><span class='ocrx_word' id='word_1_663' title='bbox 2154 4405 2208 4449; x_wconf 85' lang='lat' dir='ltr'><strong>cl</strong></span> <span class='ocrx_word' id='word_1_664' title='bbox 2246 4397 2522 4466; x_wconf 82' lang='lat' dir='ltr'><strong>quomodo</strong></span> <span class='ocrx_word' id='word_1_665' title='bbox 2554 4397 2608 4452; x_wconf 89' lang='lat' dir='ltr'><strong>in</strong></span> <span class='ocrx_word' id='word_1_666' title='bbox 2651 4400 2838 4452; x_wconf 82' lang='lat' dir='ltr'><strong>inuitis</strong></span> <span class='ocrx_word' id='word_1_667' title='bbox 2900 4400 3186 4465; x_wconf 81' lang='lat' dir='ltr'><strong>fratribus,</strong></span> <span class='ocrx_word' id='word_1_668' title='bbox 3239 4410 3293 4458; x_wconf 88' lang='lat' dir='ltr'><strong>et</strong></span> <span class='ocrx_word' id='word_1_669' title='bbox 3321 4406 3597 4473; x_wconf 88' lang='lat' dir='ltr'><strong>quomodo</strong></span> <span class='ocrx_word' id='word_1_670' title='bbox 3625 4407 3722 4476; x_wconf 88' lang='lat' dir='ltr'><strong>pri-</strong></span> 
     </span>
    </p>
   </div>
   <div class='ocr_carea' id='block_1_91' title="bbox 2158 4491 3745 4566">
    <p class='ocr_par' dir='ltr' id='par_1_91' title="bbox 2158 4491 3745 4566">
     <span class='ocr_line' id='line_1_91' title="bbox 2158 4491 3745 4566; baseline 0.009 -26"><span class='ocrx_word' id='word_1_671' title='bbox 2158 4491 2464 4559; x_wconf 78' lang='lat' dir='ltr'><strong>mogenitus</strong></span> <span class='ocrx_word' id='word_1_672' title='bbox 2481 4506 2544 4543; x_wconf 83' lang='lat' dir='ltr'><strong>ex</strong></span> <span class='ocrx_word' id='word_1_673' title='bbox 2579 4492 2832 4553; x_wconf 86' lang='lat' dir='ltr'><strong>mortuis,</strong></span> <span class='ocrx_word' id='word_1_674' title='bbox 2873 4502 2926 4546; x_wconf 88' lang='lat' dir='ltr'><strong>et</strong></span> <span class='ocrx_word' id='word_1_675' title='bbox 2955 4494 3233 4561; x_wconf 90' lang='lat' dir='ltr'><strong>quomodo</strong></span> <span class='ocrx_word' id='word_1_676' title='bbox 3269 4496 3326 4564; x_wconf 82' lang='lat' dir='ltr'><strong>in</strong></span> <span class='ocrx_word' id='word_1_677' title='bbox 3380 4498 3562 4566; x_wconf 85' lang='lat' dir='ltr'><strong>seipso</strong></span> <span class='ocrx_word' id='word_1_678' title='bbox 3617 4500 3745 4555; x_wconf 83' lang='lat' dir='ltr'><strong>sine</strong></span> 
     </span>
    </p>
   </div>
   <div class='ocr_carea' id='block_1_92' title="bbox 474 4579 2050 4652">
    <p class='ocr_par' dir='ltr' id='par_1_92' title="bbox 474 4579 2050 4650">
     <span class='ocr_line' id='line_1_92' title="bbox 474 4579 2050 4650; baseline 0 -20"><span class='ocrx_word' id='word_1_679' title='bbox 474 4580 554 4642; x_wconf 78' lang='grc' dir='ltr'>εἰς</span> <span class='ocrx_word' id='word_1_680' title='bbox 583 4579 680 4650; x_wconf 79' lang='grc' dir='ltr'>τὴν</span> <span class='ocrx_word' id='word_1_681' title='bbox 719 4579 1040 4648; x_wconf 76' lang='grc' dir='ltr'>οἰκουμένην</span> <span class='ocrx_word' id='word_1_682' title='bbox 1064 4617 1078 4640; x_wconf 89' lang='grc'><strong>,</strong></span> <span class='ocrx_word' id='word_1_683' title='bbox 1117 4583 1496 4648; x_wconf 82' lang='grc' dir='ltr'>προσκυνεῖται</span> <span class='ocrx_word' id='word_1_684' title='bbox 1545 4581 1649 4633; x_wconf 76' lang='grc' dir='ltr'><strong>ὑπὸ</strong></span> <span class='ocrx_word' id='word_1_685' title='bbox 1694 4582 1911 4633; x_wconf 67' lang='grc' dir='ltr'>πάντων</span> <span class='ocrx_word' id='word_1_686' title='bbox 1945 4582 2050 4632; x_wconf 85' lang='grc' dir='ltr'><strong>τῶν</strong></span> 
     </span>
    </p>
   </div>
   <div class='ocr_carea' id='block_1_93' title="bbox 2151 4579 3737 4652">
    <p class='ocr_par' dir='ltr' id='par_1_93' title="bbox 2162 4580 3737 4652">
     <span class='ocr_line' id='line_1_93' title="bbox 2162 4580 3737 4652; baseline 0.011 -21"><span class='ocrx_word' id='word_1_687' title='bbox 2162 4580 2354 4632; x_wconf 87' lang='lat' dir='ltr'><strong>borum</strong></span> <span class='ocrx_word' id='word_1_688' title='bbox 2388 4596 2721 4651; x_wconf 86' lang='lat' dir='ltr'><strong>unoquoque</strong></span> <span class='ocrx_word' id='word_1_689' title='bbox 2745 4594 3231 4652; x_wconf 81' lang='lat' dir='ltr'><strong>connuemoratus,</strong></span> <span class='ocrx_word' id='word_1_690' title='bbox 3268 4604 3392 4642; x_wconf 91' lang='lat' dir='ltr'><strong>eum</strong></span> <span class='ocrx_word' id='word_1_691' title='bbox 3431 4606 3626 4647; x_wconf 89' lang='lat' dir='ltr'><strong>rursus</strong></span> <span class='ocrx_word' id='word_1_692' title='bbox 3655 4593 3737 4648; x_wconf 84' lang='lat' dir='ltr'><strong>in-</strong></span> 
     </span>
    </p>
   </div>
   <div class='ocr_carea' id='block_1_94' title="bbox 474 4671 2050 4740">
    <p class='ocr_par' dir='ltr' id='par_1_94' title="bbox 474 4671 2050 4740">
     <span class='ocr_line' id='line_1_94' title="bbox 474 4671 2050 4740; baseline 0.002 -17"><span class='ocrx_word' id='word_1_693' title='bbox 474 4671 722 4740; x_wconf 79' lang='grc' dir='ltr'>ἀγγέλων</span> <span class='ocrx_word' id='word_1_694' title='bbox 745 4671 929 4723; x_wconf 78' lang='grc' dir='ltr'>αὐτοῦ.</span> <span class='ocrx_word' id='word_1_695' title='bbox 949 4671 1155 4723; x_wconf 77' lang='grc' dir='ltr'>Οὐκοῦν</span> <span class='ocrx_word' id='word_1_696' title='bbox 1181 4671 1286 4723; x_wconf 66' lang='grc' dir='ltr'><strong>ἀπὸ</strong></span> <span class='ocrx_word' id='word_1_697' title='bbox 1322 4672 1428 4724; x_wconf 84' lang='grc' dir='ltr'><strong>τῶν</strong></span> <span class='ocrx_word' id='word_1_698' title='bbox 1455 4671 1776 4726; x_wconf 72' lang='grc' dir='ltr'>τελευταίων</span> <span class='ocrx_word' id='word_1_699' title='bbox 1810 4674 1858 4724; x_wconf 85' lang='grc' dir='ltr'><strong>εί</strong></span> <span class='ocrx_word' id='word_1_700' title='bbox 1883 4673 2050 4736; x_wconf 75' lang='grc' dir='ltr'>δοκεῖ,</span> 
     </span>
    </p>
   </div>
   <div class='ocr_carea' id='block_1_95' title="bbox 472 4762 1807 4834">
    <p class='ocr_par' dir='ltr' id='par_1_95' title="bbox 472 4762 1807 4834">
     <span class='ocr_line' id='line_1_95' title="bbox 472 4762 1807 4834; baseline 0.004 -22"><span class='ocrx_word' id='word_1_701' title='bbox 472 4763 572 4833; x_wconf 74' lang='grc' dir='ltr'>τῆς</span> <span class='ocrx_word' id='word_1_702' title='bbox 618 4762 728 4816; x_wconf 85' lang='grc' dir='ltr'><strong>τῶν</strong></span> <span class='ocrx_word' id='word_1_703' title='bbox 776 4763 1154 4834; x_wconf 81' lang='grc' dir='ltr'>προκειμένων</span> <span class='ocrx_word' id='word_1_704' title='bbox 1198 4763 1430 4834; x_wconf 81' lang='grc' dir='ltr'>Θεωρίας</span> <span class='ocrx_word' id='word_1_705' title='bbox 1493 4763 1807 4833; x_wconf 77' lang='grc' dir='ltr'>ἀρξώμεθα.</span> 
     </span>
    </p>
   </div>
   <div class='ocr_carea' id='block_1_96' title="bbox 530 4933 2071 5008">
    <p class='ocr_par' dir='ltr' id='par_1_96' title="bbox 530 4933 2071 5008">
     <span class='ocr_line' id='line_1_96' title="bbox 530 4933 2071 5008; baseline 0.006 -22"><span class='ocrx_word' id='word_1_706' title='bbox 530 4933 710 4988; x_wconf 85' lang='grc' dir='ltr'>Ὅταν</span> <span class='ocrx_word' id='word_1_707' title='bbox 729 4935 918 4989; x_wconf 81' lang='grc' dir='ltr'>πάλιν</span> <span class='ocrx_word' id='word_1_708' title='bbox 935 4935 1248 5004; x_wconf 74' lang='grc' dir='ltr'>εισαγάγῃ,</span> <span class='ocrx_word' id='word_1_709' title='bbox 1270 4954 1342 5006; x_wconf 87' lang='grc' dir='ltr'><strong>φη</strong></span> <span class='ocrx_word' id='word_1_710' title='bbox 1352 4939 1425 5003; x_wconf 79' lang='lat' dir='ltr'><strong>cl,</strong></span> <span class='ocrx_word' id='word_1_711' title='bbox 1454 4937 1558 4990; x_wconf 84' lang='grc' dir='ltr'><strong>τόν</strong></span> <span class='ocrx_word' id='word_1_712' title='bbox 1574 4941 1952 5007; x_wconf 82' lang='grc' dir='ltr'>πρωτότοκον</span> <span class='ocrx_word' id='word_1_713' title='bbox 1974 4944 2071 5008; x_wconf 79' lang='grc' dir='ltr'>εἰς’</span> 
     </span>
    </p>
   </div>
   <div class='ocr_carea' id='block_1_97' title="bbox 475 5027 2061 5105">
    <p class='ocr_par' dir='ltr' id='par_1_97' title="bbox 475 5027 2061 5105">
     <span class='ocr_line' id='line_1_97' title="bbox 475 5027 2061 5105; baseline 0.004 -25"><span class='ocrx_word' id='word_1_714' title='bbox 475 5027 592 5091; x_wconf 74' lang='grc' dir='ltr'>τὴν</span> <span class='ocrx_word' id='word_1_715' title='bbox 621 5028 1002 5095; x_wconf 72' lang='grc' dir='ltr'>οἰκουμένην·</span> <span class='ocrx_word' id='word_1_716' title='bbox 1037 5031 1070 5098; x_wconf 81' lang='grc' dir='ltr'>ἡ</span> <span class='ocrx_word' id='word_1_717' title='bbox 1092 5029 1186 5080; x_wconf 78' lang='grc' dir='ltr'>τοῦ</span> <span class='ocrx_word' id='word_1_718' title='bbox 1203 5028 1390 5082; x_wconf 71' lang='grc' dir='ltr'>πάλιν</span> <span class='ocrx_word' id='word_1_719' title='bbox 1415 5030 1720 5103; x_wconf 80' lang='grc' dir='ltr'>προσθήκη,</span> <span class='ocrx_word' id='word_1_720' title='bbox 1737 5032 1798 5084; x_wconf 87' lang='grc' dir='ltr'>τὸ</span> <span class='ocrx_word' id='word_1_721' title='bbox 1819 5034 1895 5104; x_wconf 83' lang='grc' dir='ltr'>μὴ</span> <span class='ocrx_word' id='word_1_722' title='bbox 1915 5035 2061 5105; x_wconf 80' lang='grc' dir='ltr'>πρώ-</span> 
     </span>
    </p>
   </div>
   <div class='ocr_carea' id='block_1_98' title="bbox 476 5119 2054 5197">
    <p class='ocr_par' dir='ltr' id='par_1_98' title="bbox 476 5119 2054 5197">
     <span class='ocr_line' id='line_1_98' title="bbox 476 5119 2054 5197; baseline 0.006 -27"><span class='ocrx_word' id='word_1_723' title='bbox 476 5137 583 5182; x_wconf 78' lang='grc' dir='ltr'><strong>τως</strong></span> <span class='ocrx_word' id='word_1_724' title='bbox 610 5119 858 5188; x_wconf 83' lang='grc' dir='ltr'>γίνεσθαι</span> <span class='ocrx_word' id='word_1_725' title='bbox 904 5120 1063 5172; x_wconf 79' lang='grc' dir='ltr'>τοῦτο</span> <span class='ocrx_word' id='word_1_726' title='bbox 1090 5121 1178 5173; x_wconf 72' lang='grc' dir='ltr'><strong>διὰ</strong></span> <span class='ocrx_word' id='word_1_727' title='bbox 1207 5121 1307 5190; x_wconf 76' lang='grc' dir='ltr'>τῆς</span> <span class='ocrx_word' id='word_1_728' title='bbox 1350 5125 1490 5174; x_wconf 76' lang='grc' dir='ltr'><strong>κατά</strong></span> <span class='ocrx_word' id='word_1_729' title='bbox 1537 5124 1636 5194; x_wconf 81' lang='grc' dir='ltr'>τὴν</span> <span class='ocrx_word' id='word_1_730' title='bbox 1680 5125 1824 5190; x_wconf 77' lang='grc' dir='ltr'>λέξιν</span> <span class='ocrx_word' id='word_1_731' title='bbox 1851 5126 2054 5197; x_wconf 83' lang='grc' dir='ltr'>ταύτην</span> 
     </span>
    </p>
   </div>
   <div class='ocr_carea' id='block_1_99' title="bbox 479 5212 2056 5288">
    <p class='ocr_par' dir='ltr' id='par_1_99' title="bbox 479 5212 2056 5288">
     <span class='ocr_line' id='line_1_99' title="bbox 479 5212 2056 5288; baseline 0.004 -24"><span class='ocrx_word' id='word_1_732' title='bbox 479 5212 755 5281; x_wconf 66' lang='grc' dir='ltr'>σημασίας</span> <span class='ocrx_word' id='word_1_733' title='bbox 800 5213 1152 5265; x_wconf 81' lang='grc' dir='ltr'>ἐνδείκνυται.</span> <span class='ocrx_word' id='word_1_734' title='bbox 1195 5213 1318 5266; x_wconf 84' lang='grc' dir='ltr'><strong>Ἐπὶ</strong></span> <span class='ocrx_word' id='word_1_735' title='bbox 1373 5215 1482 5284; x_wconf 83' lang='grc' dir='ltr'><strong>γὰρ</strong></span> <span class='ocrx_word' id='word_1_736' title='bbox 1529 5215 1631 5284; x_wconf 81' lang='grc' dir='ltr'>τῆς</span> <span class='ocrx_word' id='word_1_737' title='bbox 1664 5217 2056 5288; x_wconf 67' lang='grc' dir='ltr'>ὲπαναλήψεως</span> 
     </span>
    </p>
   </div>
   <div class='ocr_carea' id='block_1_100' title="bbox 475 5304 2052 5380">
    <p class='ocr_par' dir='ltr' id='par_1_100' title="bbox 475 5304 2052 5380">
     <span class='ocr_line' id='line_1_100' title="bbox 475 5304 2052 5380; baseline 0.004 -25"><span class='ocrx_word' id='word_1_738' title='bbox 475 5304 584 5355; x_wconf 86' lang='grc' dir='ltr'><strong>τῶν</strong></span> <span class='ocrx_word' id='word_1_739' title='bbox 644 5305 791 5370; x_wconf 72' lang='grc' dir='ltr'>ἅπαξ</span> <span class='ocrx_word' id='word_1_740' title='bbox 840 5305 1143 5372; x_wconf 81' lang='grc' dir='ltr'>γεγονότων</span> <span class='ocrx_word' id='word_1_741' title='bbox 1190 5309 1256 5375; x_wconf 82' lang='grc' dir='ltr'>τῇ</span> <span class='ocrx_word' id='word_1_742' title='bbox 1308 5305 1451 5372; x_wconf 82' lang='grc' dir='ltr'>λέξει</span> <span class='ocrx_word' id='word_1_743' title='bbox 1499 5307 1669 5378; x_wconf 77' lang='grc' dir='ltr'>ταύτῃ</span> <span class='ocrx_word' id='word_1_744' title='bbox 1713 5309 2052 5380; x_wconf 83' lang='grc' dir='ltr'>κεχρήμεθα.</span> 
     </span>
    </p>
   </div>
   <div class='ocr_carea' id='block_1_101' title="bbox 477 5397 2054 5472">
    <p class='ocr_par' dir='ltr' id='par_1_101' title="bbox 477 5397 2054 5472">
     <span class='ocr_line' id='line_1_101' title="bbox 477 5397 2054 5472; baseline 0.006 -26"><span class='ocrx_word' id='word_1_745' title='bbox 477 5397 685 5449; x_wconf 81' lang='grc' dir='ltr'>Οὐκοῦν</span> <span class='ocrx_word' id='word_1_746' title='bbox 708 5399 806 5468; x_wconf 74' lang='grc' dir='ltr'><strong>τὴν</strong></span> <span class='ocrx_word' id='word_1_747' title='bbox 838 5401 926 5451; x_wconf 72' lang='grc' dir='ltr'><strong>ἐπὶ</strong></span> <span class='ocrx_word' id='word_1_748' title='bbox 963 5398 1040 5467; x_wconf 79' lang='grc' dir='ltr'><strong>τῷ</strong></span> <span class='ocrx_word' id='word_1_749' title='bbox 1073 5398 1215 5451; x_wconf 85' lang='grc' dir='ltr'>τέλει</span> <span class='ocrx_word' id='word_1_750' title='bbox 1242 5399 1350 5451; x_wconf 89' lang='grc' dir='ltr'><strong>τῶν</strong></span> <span class='ocrx_word' id='word_1_751' title='bbox 1380 5398 1590 5452; x_wconf 80' lang='grc' dir='ltr'>αἰώνων</span> <span class='ocrx_word' id='word_1_752' title='bbox 1625 5401 1864 5472; x_wconf 76' lang='grc' dir='ltr'>φοϐερὰν</span> <span class='ocrx_word' id='word_1_753' title='bbox 1889 5403 2054 5455; x_wconf 80' lang='grc' dir='ltr'>αὑτοῦ</span> 
     </span>
    </p>
   </div>
   <div class='ocr_carea' id='block_1_102' title="bbox 475 5489 2055 5564">
    <p class='ocr_par' dir='ltr' id='par_1_102' title="bbox 475 5489 2055 5564">
     <span class='ocr_line' id='line_1_102' title="bbox 475 5489 2055 5564; baseline 0.006 -26"><span class='ocrx_word' id='word_1_754' title='bbox 475 5489 797 5556; x_wconf 81' lang='grc' dir='ltr'>ἐπιφάνειαν</span> <span class='ocrx_word' id='word_1_755' title='bbox 829 5489 1083 5558; x_wconf 80' lang='grc' dir='ltr'>σημαίνει</span> <span class='ocrx_word' id='word_1_756' title='bbox 1110 5489 1189 5557; x_wconf 80' lang='grc' dir='ltr'>τῷ</span> <span class='ocrx_word' id='word_1_757' title='bbox 1218 5490 1362 5561; x_wconf 83' lang='grc' dir='ltr'>λόγῳ</span> <span class='ocrx_word' id='word_1_758' title='bbox 1388 5509 1400 5522; x_wconf 77' lang='grc'><strong><em>⁸</em></strong></span> <span class='ocrx_word' id='word_1_759' title='bbox 1433 5492 1521 5544; x_wconf 81' lang='grc' dir='ltr'><strong>ὅτε</strong></span> <span class='ocrx_word' id='word_1_760' title='bbox 1562 5492 1744 5545; x_wconf 82' lang='grc' dir='ltr'>οὐκέτι</span> <span class='ocrx_word' id='word_1_761' title='bbox 1782 5495 1838 5546; x_wconf 78' lang='grc' dir='ltr'><strong>ἐν</strong></span> <span class='ocrx_word' id='word_1_762' title='bbox 1862 5497 1926 5564; x_wconf 83' lang='grc' dir='ltr'>τῇ</span> <span class='ocrx_word' id='word_1_763' title='bbox 1959 5494 2055 5547; x_wconf 78' lang='grc' dir='ltr'>τοῦ</span> 
     </span>
    </p>
   </div>
   <div class='ocr_carea' id='block_1_103' title="bbox 473 5575 2058 5655">
    <p class='ocr_par' dir='ltr' id='par_1_103' title="bbox 473 5575 2058 5655">
     <span class='ocr_line' id='line_1_103' title="bbox 473 5575 2058 5655; baseline 0.005 -26"><span class='ocrx_word' id='word_1_764' title='bbox 473 5575 664 5630; x_wconf 69' lang='grc' dir='ltr'>δυύλου</span> <span class='ocrx_word' id='word_1_765' title='bbox 716 5578 1012 5648; x_wconf 81' lang='grc' dir='ltr'>καθορᾶται</span> <span class='ocrx_word' id='word_1_766' title='bbox 1055 5582 1272 5651; x_wconf 79' lang='grc' dir='ltr'>μορφῇ,</span> <span class='ocrx_word' id='word_1_767' title='bbox 1308 5580 1423 5634; x_wconf 83' lang='grc' dir='ltr'><strong>ἀλλ’</strong></span> <span class='ocrx_word' id='word_1_768' title='bbox 1452 5582 1547 5634; x_wconf 75' lang='grc' dir='ltr'><strong>ἐπὶ</strong></span> <span class='ocrx_word' id='word_1_769' title='bbox 1595 5581 1919 5655; x_wconf 83' lang='grc' dir='ltr'>τοῦθρόνου</span> <span class='ocrx_word' id='word_1_770' title='bbox 1958 5585 2058 5655; x_wconf 76' lang='grc' dir='ltr'><strong>τῆς</strong></span> 
     </span>
    </p>
   </div>
   <div class='ocr_carea' id='block_1_104' title="bbox 549 5732 1635 5806">
    <p class='ocr_par' dir='ltr' id='par_1_104' title="bbox 549 5732 1635 5806">
     <span class='ocr_line' id='line_1_104' title="bbox 549 5732 1635 5806; baseline 0.004 -18"><span class='ocrx_word' id='word_1_771' title='bbox 549 5735 588 5767; x_wconf 74' lang='grc'>⁸⁸</span> <span class='ocrx_word' id='word_1_772' title='bbox 621 5732 832 5790; x_wconf 80' lang='lat' dir='ltr'><strong>Coloss.</strong></span> <span class='ocrx_word' id='word_1_773' title='bbox 873 5753 911 5798; x_wconf 88' lang='lat' dir='ltr'><strong>I,</strong></span> <span class='ocrx_word' id='word_1_774' title='bbox 949 5737 1035 5790; x_wconf 70' lang='lat'><strong>12}.</strong></span> <span class='ocrx_word' id='word_1_775' title='bbox 1114 5737 1155 5768; x_wconf 83' lang='lat'>&quot;</span> <span class='ocrx_word' id='word_1_776' title='bbox 1189 5735 1346 5791; x_wconf 82' lang='lat' dir='ltr'><strong>Rom.</strong></span> <span class='ocrx_word' id='word_1_777' title='bbox 1391 5754 1508 5806; x_wconf 70' lang='lat' dir='ltr'><strong>VIII,</strong></span> <span class='ocrx_word' id='word_1_778' title='bbox 1543 5740 1635 5794; x_wconf 74' lang='lat'><strong>29.</strong></span> 
     </span>
    </p>
   </div>
   <div class='ocr_carea' id='block_1_105' title="bbox 1714 5739 2560 5809">
    <p class='ocr_par' dir='ltr' id='par_1_105' title="bbox 1714 5739 2560 5809">
     <span class='ocr_line' id='line_1_105' title="bbox 1714 5739 2560 5809; baseline 0.011 -16"><span class='ocrx_word' id='word_1_779' title='bbox 1714 5741 1758 5773; x_wconf 77' lang='grc'><strong>¹³</strong></span> <span class='ocrx_word' id='word_1_780' title='bbox 1785 5739 1905 5794; x_wconf 83' lang='lat' dir='ltr'><strong>Col.</strong></span> <span class='ocrx_word' id='word_1_781' title='bbox 1939 5757 1979 5805; x_wconf 88' lang='lat' dir='ltr'><strong>t,</strong></span> <span class='ocrx_word' id='word_1_782' title='bbox 2016 5739 2112 5809; x_wconf 76' lang='lat' dir='ltr'><strong>l8;</strong></span> <span class='ocrx_word' id='word_1_783' title='bbox 2147 5742 2164 5795; x_wconf 94' lang='grc' dir='ltr'><strong>Ι</strong></span> <span class='ocrx_word' id='word_1_784' title='bbox 2196 5742 2324 5797; x_wconf 83' lang='lat' dir='ltr'><strong>Cor.</strong></span> <span class='ocrx_word' id='word_1_785' title='bbox 2353 5745 2440 5809; x_wconf 78' lang='grc'><strong>15,</strong></span> <span class='ocrx_word' id='word_1_786' title='bbox 2474 5748 2560 5802; x_wconf 79' lang='grc'><strong>10.</strong></span> 
     </span>
    </p>
   </div>
   <div class='ocr_carea' id='block_1_106' title="bbox 2161 4670 3739 4740">
    <p class='ocr_par' dir='ltr' id='par_1_106' title="bbox 2161 4670 3739 4740">
     <span class='ocr_line' id='line_1_106' title="bbox 2161 4670 3739 4740; baseline 0.013 -21"><span class='ocrx_word' id='word_1_787' title='bbox 2161 4670 2364 4725; x_wconf 88' lang='lat' dir='ltr'><strong>ductus</strong></span> <span class='ocrx_word' id='word_1_788' title='bbox 2394 4673 2555 4726; x_wconf 81' lang='lat' dir='ltr'><strong>fuerit</strong></span> <span class='ocrx_word' id='word_1_789' title='bbox 2592 4675 2644 4726; x_wconf 81' lang='lat' dir='ltr'><strong>in</strong></span> <span class='ocrx_word' id='word_1_790' title='bbox 2674 4675 2884 4740; x_wconf 81' lang='lat' dir='ltr'><strong>urbem,</strong></span> <span class='ocrx_word' id='word_1_791' title='bbox 2928 4679 3191 4732; x_wconf 83' lang='lat' dir='ltr'><strong>aduratur</strong></span> <span class='ocrx_word' id='word_1_792' title='bbox 3219 4680 3287 4733; x_wconf 87' lang='lat' dir='ltr'><strong>ab</strong></span> <span class='ocrx_word' id='word_1_793' title='bbox 3336 4683 3593 4738; x_wconf 89' lang='lat' dir='ltr'><strong>omnibus</strong></span> <span class='ocrx_word' id='word_1_794' title='bbox 3635 4701 3739 4739; x_wconf 81' lang='lat' dir='ltr'><strong>an-</strong></span> 
     </span>
    </p>
   </div>
   <div class='ocr_carea' id='block_1_107' title="bbox 2158 4765 3742 4850">
    <p class='ocr_par' dir='ltr' id='par_1_107' title="bbox 2158 4765 3742 4850">
     <span class='ocr_line' id='line_1_107' title="bbox 2158 4765 3742 4850; baseline 0.011 -35"><span class='ocrx_word' id='word_1_795' title='bbox 2158 4765 2292 4833; x_wconf 77' lang='lat' dir='ltr'><strong>gelis</strong></span> <span class='ocrx_word' id='word_1_796' title='bbox 2331 4765 2471 4832; x_wconf 89' lang='lat' dir='ltr'><strong>ejus.</strong></span> <span class='ocrx_word' id='word_1_797' title='bbox 2504 4767 2544 4818; x_wconf 80' lang='grc' dir='ltr'>Α</span> <span class='ocrx_word' id='word_1_798' title='bbox 2577 4769 2870 4836; x_wconf 89' lang='lat' dir='ltr'><strong>postremis</strong></span> <span class='ocrx_word' id='word_1_799' title='bbox 2918 4771 3106 4840; x_wconf 83' lang='lat' dir='ltr'><strong>igitur,</strong></span> <span class='ocrx_word' id='word_1_800' title='bbox 3150 4773 3195 4826; x_wconf 88' lang='lat' dir='ltr'><strong>si</strong></span> <span class='ocrx_word' id='word_1_801' title='bbox 3247 4772 3482 4841; x_wconf 79' lang='lat' dir='ltr'><strong>videtur,</strong></span> <span class='ocrx_word' id='word_1_802' title='bbox 3538 4792 3742 4850; x_wconf 72' lang='lat' dir='ltr'><strong>propo-</strong></span> 
     </span>
    </p>
   </div>
   <div class='ocr_carea' id='block_1_108' title="bbox 2158 4857 3274 4927">
    <p class='ocr_par' dir='ltr' id='par_1_108' title="bbox 2158 4857 3274 4927">
     <span class='ocr_line' id='line_1_108' title="bbox 2158 4857 3274 4927; baseline 0.007 -16"><span class='ocrx_word' id='word_1_803' title='bbox 2158 4857 2388 4911; x_wconf 86' lang='lat' dir='ltr'><strong>sitorum</strong></span> <span class='ocrx_word' id='word_1_804' title='bbox 2433 4861 2869 4927; x_wconf 88' lang='lat' dir='ltr'><strong>speculationem</strong></span> <span class='ocrx_word' id='word_1_805' title='bbox 2898 4863 3274 4919; x_wconf 76' lang='lat' dir='ltr'><strong>exordiantur.</strong></span> 
     </span>
    </p>
   </div>
   <div class='ocr_carea' id='block_1_109' title="bbox 2230 4947 3741 5029">
    <p class='ocr_par' dir='ltr' id='par_1_109' title="bbox 2230 4947 3741 5029">
     <span class='ocr_line' id='line_1_109' title="bbox 2230 4947 3741 5029; baseline 0.008 -27"><span class='ocrx_word' id='word_1_806' title='bbox 2230 4947 2362 5002; x_wconf 82' lang='lat' dir='ltr'><strong>Cum</strong></span> <span class='ocrx_word' id='word_1_807' title='bbox 2406 4950 2618 5014; x_wconf 83' lang='lat' dir='ltr'><strong>iterant,</strong></span> <span class='ocrx_word' id='word_1_808' title='bbox 2659 4952 2859 5021; x_wconf 83' lang='lat' dir='ltr'><strong>inquit,</strong></span> <span class='ocrx_word' id='word_1_809' title='bbox 2896 4955 3096 5008; x_wconf 83' lang='lat' dir='ltr'><strong>inducit</strong></span> <span class='ocrx_word' id='word_1_810' title='bbox 3132 4957 3540 5029; x_wconf 83' lang='lat' dir='ltr'><strong>primogenitum</strong></span> <span class='ocrx_word' id='word_1_811' title='bbox 3567 4962 3623 5016; x_wconf 83' lang='lat' dir='ltr'><strong>in</strong></span> <span class='ocrx_word' id='word_1_812' title='bbox 3653 4980 3741 5017; x_wconf 87' lang='lat' dir='ltr'><strong>or-</strong></span> 
     </span>
    </p>
   </div>
   <div class='ocr_carea' id='block_1_110' title="bbox 2160 5039 3744 5124">
    <p class='ocr_par' dir='ltr' id='par_1_110' title="bbox 2160 5039 3744 5124">
     <span class='ocr_line' id='line_1_110' title="bbox 2160 5039 3744 5124; baseline 0.011 -34"><span class='ocrx_word' id='word_1_813' title='bbox 2160 5039 2580 5110; x_wconf 77' lang='lat' dir='ltr'><strong>bem:adjet-tio</strong></span> <span class='ocrx_word' id='word_1_814' title='bbox 2615 5045 2896 5112; x_wconf 75' lang='lat' dir='ltr'><strong>particula:</strong></span> <span class='ocrx_word' id='word_1_815' title='bbox 2952 5048 3166 5113; x_wconf 88' lang='lat' dir='ltr'><strong>iterum,</strong></span> <span class='ocrx_word' id='word_1_816' title='bbox 3224 5049 3329 5104; x_wconf 90' lang='lat' dir='ltr'><strong>hoc</strong></span> <span class='ocrx_word' id='word_1_817' title='bbox 3388 5068 3496 5106; x_wconf 93' lang='lat' dir='ltr'><strong>non</strong></span> <span class='ocrx_word' id='word_1_818' title='bbox 3561 5055 3744 5124; x_wconf 84' lang='lat' dir='ltr'><strong>primo</strong></span> 
     </span>
    </p>
   </div>
   <div class='ocr_carea' id='block_1_111' title="bbox 2167 5133 3741 5209">
    <p class='ocr_par' dir='ltr' id='par_1_111' title="bbox 2167 5133 3741 5209">
     <span class='ocr_line' id='line_1_111' title="bbox 2167 5133 3741 5209; baseline 0.011 -25"><span class='ocrx_word' id='word_1_819' title='bbox 2167 5133 2278 5185; x_wconf 76' lang='lat' dir='ltr'><strong>fieri</strong></span> <span class='ocrx_word' id='word_1_820' title='bbox 2322 5148 2419 5201; x_wconf 87' lang='lat' dir='ltr'><strong>per</strong></span> <span class='ocrx_word' id='word_1_821' title='bbox 2485 5134 2625 5188; x_wconf 81' lang='lat' dir='ltr'><strong>lianc</strong></span> <span class='ocrx_word' id='word_1_822' title='bbox 2685 5137 2945 5192; x_wconf 83' lang='lat' dir='ltr'><strong>dictionis</strong></span> <span class='ocrx_word' id='word_1_823' title='bbox 3000 5141 3418 5209; x_wconf 72' lang='lat' dir='ltr'><strong>signiﬁcantium</strong></span> <span class='ocrx_word' id='word_1_824' title='bbox 3477 5148 3741 5202; x_wconf 85' lang='lat' dir='ltr'><strong>ostendit.</strong></span> 
     </span>
    </p>
   </div>
   <div class='ocr_carea' id='block_1_112' title="bbox 2153 5222 3740 5302">
    <p class='ocr_par' dir='ltr' id='par_1_112' title="bbox 2153 5222 3740 5302">
     <span class='ocr_line' id='line_1_112' title="bbox 2153 5222 3740 5302; baseline 0.011 -28"><span class='ocrx_word' id='word_1_825' title='bbox 2153 5222 2290 5278; x_wconf 78' lang='lat' dir='ltr'><strong>Nam</strong></span> <span class='ocrx_word' id='word_1_826' title='bbox 2322 5227 2377 5277; x_wconf 92' lang='lat' dir='ltr'><strong>in</strong></span> <span class='ocrx_word' id='word_1_827' title='bbox 2429 5229 2754 5294; x_wconf 83' lang='lat' dir='ltr'><strong>repetitione</strong></span> <span class='ocrx_word' id='word_1_828' title='bbox 2781 5246 2970 5284; x_wconf 89' lang='lat' dir='ltr'><strong>eorum</strong></span> <span class='ocrx_word' id='word_1_829' title='bbox 3007 5248 3128 5300; x_wconf 64' lang='lat' dir='ltr'><strong>qua:</strong></span> <span class='ocrx_word' id='word_1_830' title='bbox 3178 5235 3349 5288; x_wconf 90' lang='lat' dir='ltr'><strong>semel</strong></span> <span class='ocrx_word' id='word_1_831' title='bbox 3399 5234 3541 5289; x_wconf 82' lang='lat' dir='ltr'><strong>facta</strong></span> <span class='ocrx_word' id='word_1_832' title='bbox 3587 5249 3740 5302; x_wconf 87' lang='lat' dir='ltr'><strong>sunt,</strong></span> 
     </span>
    </p>
   </div>
   <div class='ocr_carea' id='block_1_113' title="bbox 2157 5317 3740 5392">
    <p class='ocr_par' dir='ltr' id='par_1_113' title="bbox 2157 5317 3740 5392">
     <span class='ocr_line' id='line_1_113' title="bbox 2157 5317 3740 5392; baseline 0.009 -24"><span class='ocrx_word' id='word_1_833' title='bbox 2157 5317 2259 5370; x_wconf 83' lang='lat' dir='ltr'><strong>liae</strong></span> <span class='ocrx_word' id='word_1_834' title='bbox 2293 5317 2539 5372; x_wconf 84' lang='lat' dir='ltr'><strong>dictione</strong></span> <span class='ocrx_word' id='word_1_835' title='bbox 2574 5320 2800 5375; x_wconf 88' lang='lat' dir='ltr'><strong>utimur.</strong></span> <span class='ocrx_word' id='word_1_836' title='bbox 2837 5321 3005 5392; x_wconf 82' lang='lat' dir='ltr'><strong>Igitur</strong></span> <span class='ocrx_word' id='word_1_837' title='bbox 3039 5324 3090 5376; x_wconf 91' lang='lat' dir='ltr'><strong>in</strong></span> <span class='ocrx_word' id='word_1_838' title='bbox 3129 5325 3234 5379; x_wconf 84' lang='lat' dir='ltr'><strong>tine</strong></span> <span class='ocrx_word' id='word_1_839' title='bbox 3265 5327 3590 5380; x_wconf 67' lang='lat' dir='ltr'><strong>saeculorum</strong></span> <span class='ocrx_word' id='word_1_840' title='bbox 3634 5337 3740 5382; x_wconf 84' lang='lat' dir='ltr'><strong>ter-</strong></span> 
     </span>
    </p>
   </div>
   <div class='ocr_carea' id='block_1_114' title="bbox 2155 5409 3738 5490">
    <p class='ocr_par' dir='ltr' id='par_1_114' title="bbox 2155 5409 3738 5490">
     <span class='ocr_line' id='line_1_114' title="bbox 2155 5409 3738 5490; baseline 0.01 -31"><span class='ocrx_word' id='word_1_841' title='bbox 2155 5409 2366 5462; x_wconf 87' lang='lat' dir='ltr'><strong>ribilem</strong></span> <span class='ocrx_word' id='word_1_842' title='bbox 2400 5411 2522 5478; x_wconf 81' lang='lat' dir='ltr'><strong>ejus</strong></span> <span class='ocrx_word' id='word_1_843' title='bbox 2555 5415 2954 5481; x_wconf 86' lang='lat' dir='ltr'><strong>apparitionem</strong></span> <span class='ocrx_word' id='word_1_844' title='bbox 2987 5416 3089 5470; x_wconf 87' lang='lat' dir='ltr'><strong>hoc</strong></span> <span class='ocrx_word' id='word_1_845' title='bbox 3126 5433 3383 5474; x_wconf 88' lang='lat' dir='ltr'><strong>sermone</strong></span> <span class='ocrx_word' id='word_1_846' title='bbox 3425 5419 3738 5490; x_wconf 81' lang='lat' dir='ltr'><strong>signiﬁcat:</strong></span> 
     </span>
    </p>
   </div>
   <div class='ocr_carea' id='block_1_115' title="bbox 2151 5501 3739 5581">
    <p class='ocr_par' dir='ltr' id='par_1_115' title="bbox 2151 5501 3739 5581">
     <span class='ocr_line' id='line_1_115' title="bbox 2151 5501 3739 5581; baseline 0.009 -30"><span class='ocrx_word' id='word_1_847' title='bbox 2151 5501 2375 5569; x_wconf 84' lang='lat' dir='ltr'><strong>quando</strong></span> <span class='ocrx_word' id='word_1_848' title='bbox 2407 5518 2514 5555; x_wconf 87' lang='lat' dir='ltr'><strong>non</strong></span> <span class='ocrx_word' id='word_1_849' title='bbox 2547 5505 2786 5572; x_wconf 89' lang='lat' dir='ltr'><strong>amplius</strong></span> <span class='ocrx_word' id='word_1_850' title='bbox 2820 5506 2875 5559; x_wconf 90' lang='lat' dir='ltr'><strong>in</strong></span> <span class='ocrx_word' id='word_1_851' title='bbox 2936 5509 3078 5561; x_wconf 86' lang='lat' dir='ltr'><strong>servi</strong></span> <span class='ocrx_word' id='word_1_852' title='bbox 3141 5508 3316 5563; x_wconf 77' lang='lat' dir='ltr'><strong>forma</strong></span> <span class='ocrx_word' id='word_1_853' title='bbox 3369 5511 3739 5581; x_wconf 87' lang='lat' dir='ltr'><strong>conspicitur,</strong></span> 
     </span>
    </p>
   </div>
   <div class='ocr_carea' id='block_1_116' title="bbox 2167 5587 3737 5672">
    <p class='ocr_par' dir='ltr' id='par_1_116' title="bbox 2167 5587 3737 5672">
     <span class='ocr_line' id='line_1_116' title="bbox 2167 5587 3737 5672; baseline 0.01 -31"><span class='ocrx_word' id='word_1_854' title='bbox 2167 5587 2263 5642; x_wconf 85' lang='lat' dir='ltr'><strong>sed</strong></span> <span class='ocrx_word' id='word_1_855' title='bbox 2289 5589 2347 5642; x_wconf 92' lang='lat' dir='ltr'><strong>in</strong></span> <span class='ocrx_word' id='word_1_856' title='bbox 2381 5591 2522 5644; x_wconf 89' lang='lat' dir='ltr'><strong>solio</strong></span> <span class='ocrx_word' id='word_1_857' title='bbox 2547 5593 2696 5662; x_wconf 80' lang='lat' dir='ltr'><strong>regni</strong></span> <span class='ocrx_word' id='word_1_858' title='bbox 2733 5596 3022 5665; x_wconf 70' lang='lat' dir='ltr'><strong>magnifice</strong></span> <span class='ocrx_word' id='word_1_859' title='bbox 3053 5597 3273 5665; x_wconf 86' lang='lat' dir='ltr'><strong>sedens,</strong></span> <span class='ocrx_word' id='word_1_860' title='bbox 3325 5607 3380 5655; x_wconf 83' lang='lat' dir='ltr'><strong>ct</strong></span> <span class='ocrx_word' id='word_1_861' title='bbox 3410 5600 3481 5655; x_wconf 86' lang='lat' dir='ltr'><strong>ab</strong></span> <span class='ocrx_word' id='word_1_862' title='bbox 3529 5603 3737 5672; x_wconf 81' lang='lat' dir='ltr'><strong>angelis</strong></span> 
     </span>
    </p>
   </div>
   <div class='ocr_carea' id='block_1_117' title="bbox 2643 5748 3465 5823">
    <p class='ocr_par' dir='ltr' id='par_1_117' title="bbox 2643 5748 3465 5823">
     <span class='ocr_line' id='line_1_117' title="bbox 2643 5748 3465 5823; baseline 0.015 -21"><span class='ocrx_word' id='word_1_863' title='bbox 2643 5750 2686 5780; x_wconf 74' lang='lat'>”</span> <span class='ocrx_word' id='word_1_864' title='bbox 2714 5748 2883 5806; x_wconf 82' lang='lat' dir='ltr'><strong>Hebr.</strong></span> <span class='ocrx_word' id='word_1_865' title='bbox 2915 5769 2951 5818; x_wconf 89' lang='grc' dir='ltr'><strong>ι,</strong></span> <span class='ocrx_word' id='word_1_866' title='bbox 2985 5751 3045 5821; x_wconf 86' lang='grc'><strong>6;</strong></span> <span class='ocrx_word' id='word_1_867' title='bbox 3079 5752 3226 5810; x_wconf 83' lang='lat' dir='ltr'><strong>Psal.</strong></span> <span class='ocrx_word' id='word_1_868' title='bbox 3258 5769 3370 5823; x_wconf 76' lang='lat' dir='ltr'><strong>Civ,</strong></span> <span class='ocrx_word' id='word_1_869' title='bbox 3413 5753 3465 5816; x_wconf 90' lang='lat'><strong>7.</strong></span> 
     </span>
    </p>
   </div>
   <div class='ocr_carea' id='block_1_118' title="bbox 527 5842 3713 5927">
    <p class='ocr_par' dir='ltr' id='par_1_118' title="bbox 527 5842 3713 5927">
     <span class='ocr_line' id='line_1_118' title="bbox 527 5842 3713 5927; baseline 0.007 -35"><span class='ocrx_word' id='word_1_870' title='bbox 527 5844 600 5922; x_wconf 77' lang='grc' dir='ltr'><strong>(α)</strong></span> <span class='ocrx_word' id='word_1_871' title='bbox 650 5842 978 5927; x_wconf 59' lang='grc' dir='ltr'>(Σοηηψιιῃιι</span> <span class='ocrx_word' id='word_1_872' title='bbox 1006 5848 1298 5927; x_wconf 69' lang='lat' dir='ltr'><strong>exemplar</strong></span> <span class='ocrx_word' id='word_1_873' title='bbox 1339 5849 1587 5906; x_wconf 67' lang='lat' dir='ltr'><strong>Cra-cum</strong></span> <span class='ocrx_word' id='word_1_874' title='bbox 1633 5853 1886 5922; x_wconf 84' lang='lat' dir='ltr'><strong>suspicor</strong></span> <span class='ocrx_word' id='word_1_875' title='bbox 1915 5853 2017 5908; x_wconf 79' lang='lat' dir='ltr'><strong>hoc</strong></span> <span class='ocrx_word' id='word_1_876' title='bbox 2047 5856 2104 5908; x_wconf 91' lang='lat' dir='ltr'><strong>in</strong></span> <span class='ocrx_word' id='word_1_877' title='bbox 2141 5853 2277 5910; x_wconf 86' lang='lat' dir='ltr'><strong>loco.</strong></span> <span class='ocrx_word' id='word_1_878' title='bbox 2309 5853 2674 5911; x_wconf 81' lang='lat' dir='ltr'><strong>Consentium</strong></span> <span class='ocrx_word' id='word_1_879' title='bbox 2703 5865 2886 5914; x_wconf 85' lang='lat' dir='ltr'><strong>tamen</strong></span> <span class='ocrx_word' id='word_1_880' title='bbox 2925 5859 3098 5915; x_wconf 80' lang='lat' dir='ltr'><strong>Codd.</strong></span> <span class='ocrx_word' id='word_1_881' title='bbox 3147 5861 3450 5924; x_wconf 62' lang='grc' dir='ltr'>θαι-θῆρας</span> <span class='ocrx_word' id='word_1_882' title='bbox 3503 5879 3559 5927; x_wconf 74' lang='grc' dir='ltr'>ει</span> <span class='ocrx_word' id='word_1_883' title='bbox 3615 5871 3713 5927; x_wconf 66' lang='lat' dir='ltr'><strong>Li.</strong></span> 
     </span>
    </p>
   </div>
   <div class='ocr_carea' id='block_1_119' title="bbox 457 5913 1230 5982">
    <p class='ocr_par' dir='ltr' id='par_1_119' title="bbox 457 5913 1230 5982">
     <span class='ocr_line' id='line_1_119' title="bbox 457 5913 1230 5982; baseline 0.001 -14"><span class='ocrx_word' id='word_1_884' title='bbox 457 5917 745 5968; x_wconf 80' lang='lat' dir='ltr'><strong>\‘iuciauus</strong></span> <span class='ocrx_word' id='word_1_885' title='bbox 775 5929 862 5982; x_wconf 86' lang='lat' dir='ltr'><strong>ap.</strong></span> <span class='ocrx_word' id='word_1_886' title='bbox 891 5913 1230 5969; x_wconf 65' lang='lat' dir='ltr'><strong>(ii&#39;ctscrum.</strong></span> 
     </span>
    </p>
   </div>
  </div>
