4138 6364
386 420 487 476 6Γῦ

1627 411 1684 467 S.
1715 408 2042 468 GREGORH
2069 409 2362 465 NYSSENI

3541 414 3645 467 556

384 534 642 588 omnibus
697 534 907 588 circum
961 533 1139 603 ipsum
1188 536 1471 583 adoratus.
1524 525 1814 597 Propterea
1872 527 1961 595 qui

2070 525 2350 594 βασιλείας
2386 524 2817 596 μεγαλοπρεπῶς
2872 526 3330 597 προκαθήμενος,
3393 529 3487 582 καὶ
3539 532 3645 583 ὑπο

385 628 553 681 semel
588 627 643 679 in
679 626 867 680 orbem
898 627 1200 694 ingressus,
1230 621 1623 691 primogenitus
1673 620 1848 673 factus
1897 636 1963 673 ex

384 720 641 781 mortuis,
674 730 727 773 et
762 720 991 773 fratrum
1025 726 1079 772 et
1108 718 1288 770 omnis
1318 722 1581 769 creatura:
1632 714 1963 781 primogeni-

386 822 496 874 tus,
553 827 677 864 Cum
727 811 920 864 iterum
969 810 1307 877 ingredietur
1352 810 1404 861 in
1446 817 1711 861 terrarum
1751 809 1961 870 orbem,

385 902 665 968 judicans,
710 903 888 971 ipsum
942 902 1128 955 orbem
1182 902 1233 954 in
1272 901 1509 969 justitia,
1545 900 1688 953 sicut
1735 907 1964 952 testatur

387 994 733 1055 vaticinium,
771 1010 877 1047 non
916 994 1163 1060 repudiat
1194 992 1537 1061 primogeniti
1568 1006 1784 1054 nomen,
1819 990 1964 1058 quod

391 1085 557 1137 semel
594 1100 692 1153 pro
714 1086 875 1139 nobis
899 1086 1109 1154 accepit
1138 1104 1149 1138 :
1180 1085 1273 1138 sed
1306 1085 1448 1137 sicut
1480 1083 1532 1136 in
1564 1081 1962 1137 nomineJESU

390 1192 552 1229 omne
580 1193 721 1247 genu
775 1194 834 1231 se
887 1185 1081 1231 curvat
1113 1177 1163 1231 ei
1223 1176 1316 1247 qui
1373 1191 1536 1245 supra
1569 1191 1730 1229 omne
1767 1190 1965 1228 nomen

390 1276 474 1320 est
510 1267 627 1299 ¹⁵οί⁴⁵
650 1306 666 1331 ,
698 1268 779 1322 sic
815 1269 976 1322 etiam
1007 1284 1128 1322 eum
1165 1267 1255 1337 qui
1288 1268 1340 1320 in
1375 1266 1592 1319 nomine
1620 1265 1964 1335 printogeniti

390 1356 560 1420 venit,
606 1358 787 1412 omnis
839 1358 1158 1429 angelorum
1209 1355 1492 1427 plenitudo
1543 1354 1761 1409 obviam
1820 1353 1963 1409 facta

392 1450 607 1517 adorat,
636 1450 706 1503 ob
747 1450 1030 1503 hominum
1066 1449 1467 1503 revocationem
1501 1448 1701 1501 affecta
1742 1447 1963 1518 gaudio,

394 1556 582 1606 quam,
609 1542 739 1611 quia
772 1542 842 1594 sit
871 1548 1059 1594 noster
1092 1540 1270 1595 factus
1306 1539 1724 1609 primogenitus,
1772 1554 1965 1593 rursus

396 1632 460 1684 ad
489 1632 719 1702 gratiam
763 1648 882 1702 quae
914 1648 941 1684 a
978 1631 1250 1701 principio
1278 1630 1382 1683 fuit
1430 1630 1741 1690 revocavit,
1788 1629 1965 1697 siqui-

394 1724 517 1777 dem
547 1726 805 1794 gaudium
849 1726 905 1777 lit
947 1724 1155 1793 angelis
1186 1738 1349 1792 super
1388 1722 1474 1775 his
1515 1723 1606 1790 qui
1637 1737 1701 1775 ex
1742 1729 1967 1790 peccato

394 1818 786 1886 resipiscentes
823 1817 956 1869 salvi
993 1816 1128 1869 fiunt
1165 1816 1207 1846 "
1232 1855 1245 1869 .
1275 1815 1547 1880 Quocirca
1591 1829 1766 1882 usque
1818 1830 1965 1867 nunc

2066 616 2176 669 τῶν
2202 616 2447 683 ἀγγέλων
2496 616 2713 669 πάντων
2748 617 2876 687 περὶ
2926 618 3089 670 αὑτὸν
3145 620 3639 691 προσκυνούμενος.

2066 704 2164 756 Διά
2196 704 2354 757 τοῦτο
2385 706 2413 756 ό
2442 704 2587 768 arma
2611 704 2865 756 εἰσελθὼν
2897 706 2974 767 εἰς
2997 705 3093 774 τὴν
3119 706 3461 775 οἰκουμένην,
3490 722 3643 775 πρω-

2065 795 2283 857 τότοκος
2322 796 2610 864 γενόμενος
2644 796 2708 847 ἐκ
2734 795 2841 847 τῶν
2878 795 3085 866 νεκρῶν
3132 813 3191 847 τε
3231 798 3323 848 καί.
3374 796 3640 864 ἀδελφῶν,

2066 885 2160 936 καὶ
2192 884 2374 953 πάσης
2421 884 2521 954 τῆς
2558 884 2821 945 κτίσεως,
2851 884 2977 936 ὅταν
3012 884 3171 936 πάλιν
3212 885 3526 955 εἰσέρχηται
3562 886 3642 948 εἰς

2064 974 2161 1043 τὴν
2192 972 2514 1044 οἰκουμένην
2543 974 2570 1025 ὁ
2602 972 2801 1041 κρίνων
2849 972 2946 1041 τὴν
2976 973 3300 1044 οἰκουμένην
3353 978 3409 1026 ἐν
3440 975 3643 1027 δικαιο-

2068 1066 2202 1138 σύνῃ
2228 1109 2241 1130 ,
2275 1064 2458 1127 καθὼς
2478 1066 2512 1134 ἡ
2549 1065 2855 1135 προφητεία
2882 1064 3061 1132 λέγει,
3098 1065 3196 1116 οὐκ
3227 1064 3518 1117 ἀποϐάλλει
3545 1064 3639 1117 τοῦ

2066 1157 2411 1226 πρωτοτόκου
2448 1157 2509 1209 τὸ
2541 1156 2710 1226 ὄνομα
2734 1197 2747 1219 ,
2778 1156 2805 1207 ὃ
2842 1156 2988 1219 ἅπαξ
3034 1155 3173 1225 ὑπὲρ
3227 1156 3379 1225 ἡμῶν
3422 1156 3641 1209 κατεδέ-

2067 1250 2193 1314 ξατο
2217 1265 2231 1279 °
2261 1248 2376 1301 ἀλλ’
2405 1247 2479 1311 ὡς
2512 1251 2568 1300 ὲν
2606 1248 2828 1317 ὀνόματι
2872 1246 3044 1316 Ἰησοῦ
3076 1248 3181 1299 πᾶν
3212 1247 3339 1314 γόνυ
3376 1247 3638 1317 κάμπτει,

2065 1341 2143 1413 τῷ
2177 1343 2316 1413 ὑπὲρ
2366 1344 2473 1394 πᾶν
2502 1341 2614 1393 ὄντι
2655 1342 2823 1410 ὄνομα
2847 1382 2861 1405 ,
2899 1339 3072 1402 οὕτως
3105 1339 3313 1393 καὶτὸν
3342 1343 3398 1391 ὲν
3432 1338 3508 1408 τῷ
3535 1340 3642 1391 ὀνό-

2069 1452 2196 1505 ματι
2221 1435 2313 1487 τοῦ
2348 1432 2693 1504 πρωτοτόκου
2722 1431 3010 1501 γενόμενον
3059 1434 3354 1500 προσκυνεῖ
3385 1430 3639 1482 ἁπάντων

2067 1526 2313 1596 ἀγγέλων
2353 1525 2414 1577 τὸ
2444 1525 2739 1595 πλήρωμα,
2770 1526 2835 1594 τῇ
2868 1523 3162 1592 ἀνακλήσει
3201 1522 3308 1575 τῶν
3336 1521 3638 1592 ἀνθρώπων

2068 1616 2587 1688 ὲπευφραινόμενον,
2626 1615 2692 1683 ἦν
2716 1614 2804 1667 διά
2830 1614 2922 1667 τοῦ
2950 1613 3201 1681 γενέσθαι
3233 1614 3389 1684 ἡμῶν
3429 1614 3639 1685 πρωτό-

2065 1726 2223 1771 τοκος
2244 1749 2258 1770 ,
2291 1707 2453 1760 πάλιν
2484 1708 2561 1769 εἰς
2598 1706 2696 1777 τὴν
2750 1705 2809 1769 ἐξ
2838 1706 3012 1775 ἀρχῆς
3046 1707 3203 1776 χάριν
3249 1706 3632 1758 ἀνεκαλέσατο.

2080 1799 2296 1869 Ἐπειδὴ
2345 1800 2453 1868 γὰρ
2492 1797 2634 1867 χαρά
2685 1798 2891 1864 γίνεται
2941 1798 3052 1858 τοῖς
3093 1796 3345 1864 ἀγγέλοις
3385 1795 3476 1848 ἐπὶ
3525 1798 3637 1857 τοῖς

398 1909 757 1981 congemiscit
811 1916 1067 1960 creatura
1118 1908 1230 1966 illa,
1274 1915 1327 1960 et
1381 1906 1725 1960 condolescit
1765 1914 1965 1959 nostra!

2070 1890 2501 1959 άνασωζομένοις
2554 1890 2613 1953 ἐξ
2648 1889 2946 1958 ἀμαρτίας’
2997 1888 3128 1940 διότι
3185 1889 3343 1957 μέχρι
3392 1885 3485 1939 τοῦ
3540 1887 3636 1939 νῦν

394 1999 623 2051 vanitati
664 2000 705 2029 ’⁸
732 2038 747 2061 ,
802 2000 1030 2051 multam
1086 2014 1239 2053 suam
1273 2006 1327 2051 et
1368 1997 1755 2051 detrimentum
1820 1996 1968 2064 judi-

393 2107 528 2144 cans
552 2098 794 2145 nostram
825 2090 1203 2158 perditionem,
1238 2104 1360 2141 cum
1398 2088 1813 2141 revelatiofacta
1846 2086 1965 2141 fue-

394 2181 464 2232 rit
490 2179 725 2232 filiorum
756 2178 871 2243 Dei,
903 2194 1066 2247 quam
1099 2194 1194 2247 pro
1223 2179 1379 2230 nobis
1405 2192 1623 2245 semper
1647 2184 1966 2245 exspectant

390 2279 444 2321 et
477 2269 882 2337 prmstolantur,
918 2276 971 2321 et
1004 2283 1127 2321 cum
1158 2268 1306 2322 salva
1341 2267 1502 2321 fuerit
1528 2267 1648 2320 ovis
1700 2282 1825 2319 cum
1880 2282 1967 2319 su-

391 2375 558 2428 perna
590 2359 680 2412 illa
706 2358 985 2413 centuria:
1018 2357 1141 2427 (nos
1169 2368 1349 2411 autem
1380 2372 1572 2410 omnes
1608 2372 1821 2419 sumus,
1861 2356 1964 2409 hu-

388 2466 551 2505 mana
584 2458 801 2513 natura,
834 2450 948 2503 hzec
983 2451 1121 2513 ovis,
1154 2464 1339 2517 quam,
1370 2449 1498 2518 quia
1524 2447 1702 2503 factus
1754 2450 1962 2518 primo-

399 2541 642 2609 genitus,
681 2541 859 2593 bonus
890 2548 1077 2606 pastor
1133 2540 1372 2593 servavit
1400 2537 1645 2601 ‘9'.)tunc
1692 2539 1964 2607 praecipue

392 2631 445 2683 in
476 2631 780 2685 vehementi
806 2646 905 2699 pro
939 2630 1098 2683 nobis
1128 2630 1427 2699 gratiarum
1460 2630 1675 2682 actione
1704 2628 1813 2683 Deo
1836 2628 1964 2683 ado-

390 2723 659 2776 rationem
689 2722 962 2776 adducent
991 2721 1039 2775 ei
1064 2764 1077 2786 ,
1109 2722 1202 2788 qui
1237 2732 1457 2789 propter
1478 2720 1958 2790 primogenituram

390 2815 667 2868 revocavit
696 2830 819 2869 eum
851 2814 941 2883 qui
971 2827 1001 2865 a
1029 2813 1204 2882 patrio
1228 2812 1341 2866 lare
1368 2815 1523 2881 longe
1550 2813 1915 2866 abscesserat.

2067 1986 2379 2049 συστενάζει
2427 1988 2459 2055 ή
2498 1986 2673 2048 κτίσις
2705 1985 2885 2055 ἐκείνη
2939 1985 3032 2036 καὶ
3067 1983 3341 2036 συνωδίνει
3389 1984 3455 2053 τῇ
3513 1981 3635 2035 καθ’

2063 2080 2209 2149 ἡμᾶς
2262 2079 2623 2148 ματαιότητι,
2698 2078 2904 2147 ζημίαν
2961 2079 3164 2130 οἰκείαν
3233 2077 3491 2148 κρίνουσα
3537 2075 3635 2146 τὴν

2062 2170 2335 2240 ἡμετέραν
2366 2168 2659 2232 ἀπώλειαν,
2690 2170 2816 2222 ὅταν
2846 2172 2878 2239 ἡ
2910 2169 3247 2237 ἀποκάλυψις
3272 2168 3493 2237 γένηται
3527 2168 3637 2220 τῶν

2063 2262 2193 2314 υἱῶν
2226 2260 2320 2315 τοῦ
2350 2261 2485 2315 Θεοῦ
2515 2301 2529 2325 ,
2564 2262 2629 2331 ἢν
2656 2263 2793 2332 ὑπὲρ
2837 2263 2997 2332 ἡμῶν
3032 2262 3119 2313 ἀεὶ
3161 2260 3522 2330 καραδοκοῦσι
3544 2260 3638 2312 καὶ

2064 2353 2474 2422 ἀπεκδέχονται,
2511 2355 2606 2406 καὶ
2636 2353 2764 2404 ὅταν
2796 2353 3053 2423 ἀποσωθῇ
3088 2355 3153 2423 τῇ
3186 2352 3296 2405 ἀνω
3320 2350 3636 2404 ἑκατοντάδι

2065 2446 2125 2498 τὸ
2173 2446 2475 2517 πρόϐατονο
2519 2448 2681 2516 ἡμεῖς
2721 2445 2775 2497 δὲ
2809 2447 3007 2507 πάντες
3042 2446 3207 2514 ἐσμὲν
3244 2447 3276 2514 ἡ
3322 2443 3635 2515 ἀνθρωπίνη

2066 2536 2226 2604 φύσις
2264 2536 2420 2589 τοῦτο
2465 2536 2526 2589 τὸ
2566 2536 2834 2607 πρόϐατον
2868 2536 2895 2587 ὃ
2946 2536 3032 2588 διὰ
3066 2536 3158 2589 τοῦ
3200 2535 3447 2603 γενέσθαι
3489 2553 3638 2605 πρω-

2064 2630 2311 2690 τότοκος,
2360 2629 2387 2680 ὁ
2432 2628 2634 2695 ἀγαθὸς
2678 2629 2880 2697 ποιμὴν
2925 2628 3270 2681 ἀνεσώσατο’
3302 2628 3423 2680 τότε
3455 2628 3637 2696 διαφε-

2071 2719 2269 2791 ρόντως
2304 2721 2361 2771 ἐν
2415 2720 2778 2790 ὲπιτεταμένῃ
2812 2722 2876 2790 τῇ
2913 2719 3052 2790 ὑπὲρ
3103 2720 3258 2790 ἡμῶν
3297 2719 3636 2790 εὐχαριστίᾳ,

2071 2812 2399 2881 προσάξουσι
2450 2812 2528 2882 τῷ
2576 2812 2695 2883 Θεῷ
2732 2812 2830 2877 τὴν
2864 2811 3231 2883 προσκύνησιν
3280 2811 3358 2882 τῷ
3404 2810 3491 2864 διά
3537 2812 3635 2879 τῆς

391 2905 763 2977 πρωτότοκίας
788 2903 1247 2972 ἁνακαλεσαμένῳ
1269 2903 1359 2954 τὸν
1390 2902 1485 2971 τῆς
1512 2901 1769 2970 πατρῴας
1801 2900 1984 2963 ἑστίας
2012 2901 2469 2969 άποφοιτήσαντα.

465 2997 560 3051 llis
588 3013 617 3049 a
652 2996 809 3050 nobis
860 2996 940 3048 sic
982 2994 1298 3056 intellectis,
1344 2993 1529 3047 nullus
1566 2994 1800 3060 amplius
1863 2991 1963 3045 du-

393 3092 550 3155 bitet,
576 3088 735 3156 cujus
772 3088 941 3157 gratia
962 3103 1028 3141 ex
1062 3085 1295 3139 mortuis
1331 3084 1388 3137 ﬁt
1428 3085 1842 3153 primogenitus,
1881 3083 1962 3136 vel

2142 2992 2354 3043 Τούτων
2386 2992 2443 3043 δὲ
2495 2991 2665 3054 οὕτως
2715 2994 2848 3061 ἡμῖν
2880 2993 3175 3063 νοηθέντων
3203 3035 3217 3056 ,
3248 2994 3431 3047 οὐκέτ’
3461 2995 3525 3049 ἄν
3555 3012 3640 3057 τις

2073 3086 2202 3155 περὶ
2235 3084 2342 3135 τῶν
2387 3083 2586 3136 λοιπῶν
2620 3085 2977 3154 ἀμφιϐάλλοι,
3027 3088 3146 3139 ὅτου
3178 3086 3336 3156 χάριν
3367 3088 3399 3156 ἢ
3432 3086 3640 3156 νεκρῶν

392 3190 659 3235 creaturae
679 3179 759 3232 vel
780 3180 831 3231 in
852 3178 1037 3231 multis
1058 3176 1336 3229 fratribus.
1372 3173 1495 3228 llaac
1515 3175 1658 3228 enim
1689 3176 1870 3228 omnia
1899 3173 1967 3227 ad

2072 3174 2276 3241 γίνεται
2312 3174 2678 3243 πρωτότοκος,
2711 3176 2743 3247 ἢ
2794 3176 3021 3238 κτίσεως
3042 3216 3055 3235 ,
3086 3176 3117 3245 ἢ
3164 3179 3221 3229 ἐν
3252 3176 3461 3239 πολλοῖς
3490 3177 3640 3229 ἀδελ-

393 3271 644 3325 eumdem
666 3284 890 3338 scolmtn
914 3274 1183 3336 spectant,
1216 3266 1317 3319 etsi
1340 3266 1394 3317 in
1429 3280 1755 3333 unoquoque
1775 3278 1972 3318 secun-

392 3366 521 3415 dum
546 3362 934 3432 proprietatem
973 3358 1203 3428 insignis
1247 3356 1491 3427 quzedam
1540 3358 1689 3409 notio
1728 3363 1966 3425 apparet.

394 3454 801 3523 Primogenitus
819 3468 885 3505 ex
908 3450 1140 3503 mortuis
1171 3449 1246 3511 fit,
1278 3449 1373 3518 qui
1405 3449 1611 3517 primus
1632 3463 1725 3516 per
1748 3462 1971 3500 seacres

396 3546 589 3598 mortis
612 3543 828 3596 dolores
848 3541 1028 3597 solvit.
1046 3549 1102 3593 ut
1117 3540 1372 3594 omnibus
1387 3540 1550 3593 etiam
1566 3541 1705 3591 viam
1730 3537 1890 3591 faciat
1906 3536 1969 3589 ad

398 3640 612 3700 partum
645 3632 734 3699 qui
766 3631 824 3683 lit
845 3645 911 3683 ex
940 3630 1364 3683 resurrectione.
1400 3629 1454 3681 lu
1484 3628 1742 3680 fratribus
1777 3643 1971 3685 rursus

400 3722 797 3794 primogenitus
830 3722 1029 3783 factus,
1054 3720 1149 3789 qui
1183 3736 1323 3773 novo
1358 3721 1788 3790 regenerationis
1812 3730 1969 3788 partu

404 3818 557 3885 prior
580 3815 797 3884 genitus
836 3822 919 3867 est
968 3814 1021 3865 in
1059 3828 1222 3881 aqua,
1254 3812 1414 3881 cujus
1446 3821 1661 3882 partum
1708 3813 1972 3866 columba:

394 3910 611 3962 volatus
652 3906 1041 3961 obstetricatus
1071 3913 1175 3959 est.
1222 3903 1322 3958 Per
1369 3920 1529 3975 quem
1564 3920 1659 3959 eos
1717 3908 1807 3974 qui
1847 3921 1969 3959 cum

396 4001 516 4065 ipso
549 3997 749 4053 similis
776 3997 1147 4071 generationis
1185 3997 1482 4065 participes
1514 4004 1664 4059 sunt,
1711 3998 1813 4051 sibi
1855 3996 1969 4050 fra—

397 4101 508 4145 tres
544 4089 785 4152 asciscit,
828 4096 880 4142 et
919 4090 1313 4159 pritnogenitus
1359 4088 1593 4141 eﬂicitur
1635 4103 1823 4143 eorum
1876 4089 1969 4157 qui

396 4195 517 4252 post
531 4181 707 4251 ipsum
726 4196 791 4234 ex
808 4195 947 4248 aqua
963 4193 1013 4232 et
1030 4180 1222 4248 spiritu
1240 4189 1653 4248 regenerantur.
1678 4178 1739 4230 Et
1758 4185 1814 4229 ttt
1828 4194 1973 4232 sum-

399 4274 584 4324 matim
603 4271 800 4329 dicam,
840 4285 963 4323 cum
997 4271 1107 4323 sint
1141 4276 1252 4322 tres
1296 4268 1348 4321 in
1383 4269 1541 4322 nobis
1569 4267 1966 4336 generationes,

393 4363 592 4431 quibus
610 4362 918 4416 viviﬁcatur
939 4362 1175 4413 humana
1196 4367 1410 4421 natura,
1448 4375 1553 4412 una
1575 4375 1604 4413 e
1621 4374 1873 4426 corpore,
1899 4359 1973 4411 al-

393 4467 507 4508 tera
522 4452 823 4508 secundum
857 4452 1289 4522 regenerationis
1322 4452 1661 4520 mysterium,
1689 4451 1850 4503 tertia
1877 4464 1970 4517 per

395 4554 666 4615 speratam
697 4561 762 4600 ex
802 4546 1032 4597 mortuis
1069 4544 1249 4598 denuo
1283 4545 1766 4604 resurrectionem,
1800 4542 1852 4594 in
1887 4542 1969 4593 his

393 4639 573 4691 tribus
620 4636 1019 4704 pritnogeuitus
1037 4636 1258 4689 dicitur.
1296 4634 1498 4701 Duplex
1515 4635 1732 4703 quidem
1752 4648 1875 4685 cum
1899 4632 1972 4685 sit

397 4729 755 4800 regeneratio,
814 4744 935 4796 quae
987 4744 1082 4796 per
1129 4736 1422 4795 utrumque
1477 4726 1728 4787 efﬁcitur,
1781 4733 1836 4778 et
1877 4738 1973 4793 per

396 4820 685 4888 baptisma,
717 4826 770 4872 et
798 4834 891 4887 per
920 4818 1402 4885 resurrectionem,
1431 4818 1547 4887 ipse
1584 4818 1761 4871 factus
1783 4818 1890 4870 dux
1918 4825 1973 4871 et

395 4914 649 4982 princeps
716 4912 1015 4965 secundum
1092 4921 1400 4981 utramque,
1458 4913 1512 4965 in
1580 4926 1746 4966 carne
1789 4922 1969 4965 autem

395 5003 795 5073 primogenitus
826 5004 903 5067 fit,
944 5006 1155 5072 primus
1198 5013 1252 5057 et
1285 5004 1432 5056 solus
1477 5003 1719 5073 ignotum
1762 5012 1969 5056 natura:

394 5104 607 5163 partum
646 5095 699 5146 in
725 5096 906 5163 seipso
948 5110 1042 5163 per
1069 5093 1341 5164 Virginem
1368 5110 1564 5147 novum
1599 5094 1840 5154 molitus,
1873 5110 1969 5148 cu-

388 5188 479 5252 jus
507 5185 692 5240 nullus
721 5186 775 5238 in
831 5194 907 5239 tot
966 5186 1245 5238 hominum
1292 5187 1736 5255 generationibus
1780 5199 1970 5240 auctor

392 5280 621 5333 exstitit.
669 5276 725 5332 Si
762 5278 876 5332 haec
907 5280 1204 5332 secundum
1233 5280 1501 5333 rationem
1548 5279 1826 5333 intellecta
1852 5279 1969 5335 fue-

396 5374 539 5439 rint;
576 5386 751 5441 neque
781 5379 1045 5425 creatura:
1076 5371 1465 5442 significatum,
1506 5371 1664 5441 cujus
1696 5371 1969 5442 primoge-

394 5466 544 5519 nitus
573 5472 655 5519 est
677 5464 1035 5535 ignorabitur.
1063 5463 1340 5533 Duplicem
1370 5465 1514 5517 enim
1534 5475 1742 5518 naturae
1767 5475 1968 5519 nostra:

394 5555 726 5610 creationem
756 5554 1147 5625 cognovimus:
1186 5555 1434 5622 primam,
1468 5554 1768 5609 secundum
1804 5569 1967 5623 quam

393 5646 614 5700 formati
645 5660 838 5701 sumus
900 5653 957 5702 et
984 5646 1306 5710 secundam,
1362 5662 1457 5717 per
1485 5662 1645 5715 quam
1686 5644 1967 5700 reformati

464 5828 584 5864 “‘”
613 5831 844 5904 Philipp.
879 5848 938 5899 tt,
981 5834 1065 5886 lt).

1143 5831 1183 5865 ¹⁷
1226 5829 1418 5886 Matth.
1451 5846 1607 5897 xvut,
1630 5830 1715 5897 15,
1747 5829 1835 5897 Ης
1866 5828 2001 5886 Luc.
2037 5845 2125 5895 xv,
2165 5828 2214 5884 7.

2071 3268 2207 3334 φοῖς.
2241 3265 2422 3317 Πάντα
2451 3265 2558 3336 γὰρ
2603 3266 2773 3317 ταῦτα
2810 3267 2946 3335 πρὸς
2978 3271 3066 3318 τὸν
3097 3267 3256 3319 αὐτὸν
3288 3267 3486 3320 σκοπόν
3521 3267 3641 3337 βλέ-

2070 3373 2183 3421 πει,
2222 3357 2324 3409 κᾶν
2352 3358 2564 3426 ἑκάστῳ
2590 3375 2642 3410 τι
2666 3358 2803 3411 κατά
2832 3359 2893 3410 τὸ
2930 3357 3124 3420 ἰδιάζον
3155 3360 3483 3429 ἐμφαίνηται
3514 3360 3638 3429 νόη-

2074 3465 2169 3517 μα.
2202 3449 2549 3517 Πρωτότοκος
2578 3448 2683 3521 γάρ
2713 3450 2777 3501 ὲκ
2807 3450 2915 3501 τῶν
2953 3450 3163 3519 νεκρῶν
3197 3451 3402 3518 γίνεται
3428 3453 3455 3503 ό
3487 3452 3639 3523 πρῶ-

2068 3553 2158 3599 τος
2190 3538 2255 3591 δι’
2302 3539 2492 3591 ἑαυτοῦ
2523 3539 2620 3603 τὰς
2676 3540 2868 3603 ὠδῖνας
2906 3541 2999 3593 τοῦ
3042 3540 3269 3595 Θανάτου
3305 3542 3471 3605 λύσας
3495 3583 3509 3607 ,
3554 3544 3641 3596 ἵνα

2070 3631 2164 3683 καὶ
2190 3632 2352 3683 πᾶσιν
2382 3632 2668 3702 όδοποιήσῃ
2702 3632 2792 3685 τὸν
2838 3634 2897 3697 ἐξ
2952 3634 3297 3698 ἀναστάσεως
3334 3636 3509 3690 τόκον.
3553 3638 3639 3688 Ἐν

2071 3723 2317 3789 ἀδελφοῖς
2339 3723 2394 3775 δὲ
2420 3724 2579 3776 πάλιν
2619 3725 2959 3795 πρωτότοκος
2991 3728 3273 3796 γινόμενος
3298 3768 3311 3788 ,
3340 3730 3368 3779 ὁ
3395 3728 3487 3781 τοῦ
3519 3747 3639 3782 και-

2071 3812 2162 3865 νοῦ
2221 3815 2320 3884 τῆς
2369 3814 2784 3881 παλιγγενεσίας
2830 3817 2989 3868 τόκου
3041 3819 3425 3888 προγεννηθείς
3462 3821 3519 3871 ὲν
3562 3820 3639 3889 τῷ

2073 3902 2264 3965 ὕδατι,
2317 3900 2377 3959 οὗ
2430 3905 2530 3968 τὰς
2580 3905 2774 3969 ὠδῖνας
2912 3910 3108 3975 πτῆσις
3159 3910 3254 3978 τῆς
3314 3913 3639 3981 περιστερᾶς

2072 3994 2416 4065 ὲμαιεύσατο.
2464 3997 2539 4048 Δι’
2569 3991 2630 4049 οὗ
2674 3998 2799 4060 τοὺς
2845 4000 3324 4069 συμμετασχόντας
3352 4001 3501 4071 αὐτῷ
3541 4003 3639 4072 τῆς

2070 4086 2259 4155 ὁμοίας
2295 4088 2595 4157 γεννήσεως
2622 4087 2880 4157 ἀδελφοὺς
2908 4074 3101 4143 ἑαυτοῦ
3133 4092 3277 4144 ποιεῖ
3301 4133 3315 4156 ,
3348 4095 3442 4146 καὶ
3490 4112 3638 4163 πρω-

2070 4176 2286 4239 τότοκος
2327 4176 2531 4244 γίνεται
2558 4177 2666 4229 τῶν
2702 4179 2820 4241 μετ’
2852 4179 3012 4232 αὑτὸν
3063 4182 3412 4252 γεννωμένων
3453 4185 3517 4236 ὲκ
3544 4183 3636 4236 τοῦ

2073 4266 2262 4330 ὕδατός
2293 4285 2350 4319 τε
2386 4269 2478 4320 καὶ
2518 4268 2610 4320 τοῦ
2642 4269 2968 4339 πνεύματος.
3002 4272 3110 4324 Καὶ
3148 4273 3416 4327 συνελόντι
3450 4275 3635 4343 φάναι,

2070 4358 2234 4428 τριῶν
2269 4359 2441 4411 οὐσῶν
2492 4361 2547 4411 ὲν
2582 4362 2710 4430 ἡμῖν
2764 4361 2871 4414 τῶν
2919 4364 3218 4431 γεννήσεων
3244 4406 3258 4427 ,
3294 4365 3359 4417 δι’
3403 4358 3476 4418 ῶν
3508 4364 3640 4429 ζωο-

2074 4457 2303 4507 ποιεῖται
2339 4458 2370 4525 ἡ
2402 4456 2710 4526 ἀνθρωπίνη
2744 4456 2902 4524 φύσις
2931 4474 2944 4487 ο
2974 4459 3069 4526 τῆς
3102 4459 3200 4527 μὲν
3229 4459 3336 4511 ἀπὸ
3366 4460 3636 4530 σώματος,

2074 4546 2175 4614 τῆς
2208 4546 2263 4598 δὲ
2297 4546 2436 4598 κατὰ
2483 4547 2543 4598 τὸ
2581 4548 2676 4616 τῆς
2712 4549 3125 4615 παλιγγενεσίας
3166 4552 3459 4621 μυστήριον
3483 4570 3495 4581 ·
3540 4552 3639 4620 τῆς

2075 4636 2131 4687 δὲ
2157 4676 2171 4698 ,
2208 4636 2296 4689 διά
2331 4640 2428 4707 τῆς
2461 4637 2819 4708 ἐλπιζομένης
2851 4640 2914 4691 ἐκ
2948 4639 3055 4691 τῶν
3083 4640 3289 4708 νεκρῶν
3321 4641 3478 4693 πάλιν
3511 4643 3640 4695 ἀνα-

2077 4727 2314 4788 στάσεως
2332 4766 2345 4789 ,
2372 4729 2427 4778 ὲν
2456 4730 2576 4789 ταῖς
2600 4729 2744 4798 τρισὶ⁸
2779 4728 3119 4799 πρωτότοκος
3154 4730 3379 4797 γίνεται·
3406 4733 3515 4801 Τῆς
3542 4733 3641 4802 μὲν

2074 4818 2265 4887 διπλῆς
2302 4818 2715 4887 παλιγγενεσίας
2742 4820 2839 4889 τῆς
2872 4821 2935 4873 δι’
2971 4822 3290 4890 ἀμφοτέρων
3316 4825 3639 4893 ἐνεργουμέ-

2073 4928 2170 4979 νης
2196 4952 2210 4976 ,
2242 4911 2328 4965 διά
2379 4929 2436 4963 τε
2470 4911 2563 4963 τοῦ
2597 4911 2969 4981 βαπτίσματος
3000 4915 3092 4965 καὶ
3143 4914 3231 4966 διὰ
3278 4915 3379 4983 τῆς
3411 4916 3642 4969 ἀναστά-

2077 5020 2212 5065 σεως
2235 5045 2248 5067 ,
2274 5003 2437 5065 αὐτὸς
2471 5003 2760 5072 γενόμενος
2807 5004 3045 5073 ἀρχηγὸς
3094 5004 3217 5058 καθ’
3260 5007 3515 5075 ἑκάτερον
3538 5049 3552 5070 ,
3585 5010 3643 5060 ὲν

2073 5092 2129 5144 δὲ
2161 5094 2225 5161 τῇ
2270 5093 2430 5160 σαρκὶ
2487 5096 2827 5163 πρωτότοκος
2859 5095 3065 5162 γίνεται
3091 5112 3105 5125 θ
3140 5095 3355 5166 πρῶτος
3400 5099 3492 5149 καὶ
3548 5098 3628 5166 μό-

2073 5201 2161 5245 νος
2190 5184 2282 5235 τὺν
2313 5184 2587 5250 ἄγνωστον
2616 5190 2682 5256 τῇ
2717 5185 2874 5253 φύσει
2906 5187 3061 5239 τόκον
3094 5188 3179 5254 ἐφ’
3207 5187 3399 5239 ἑαυτοῦ
3429 5188 3515 5240 διά
3546 5192 3642 5259 τῆς

2075 5274 2369 5345 παρθενίας
2399 5278 2830 5347 καινοτομήσας,
2866 5272 2926 5331 οὗ
2976 5277 3165 5347 μηδεὶς
3212 5279 3269 5329 ἐν
3302 5282 3421 5340 ταῖς
3452 5281 3635 5331 τοσαύ-

2073 5384 2194 5427 ταις
2228 5368 2333 5419 τῶν
2363 5366 2661 5438 ἀνθρώπων
2708 5373 2920 5436 γενεαῖς
2975 5370 3340 5440 καθηγήσατο.
3371 5372 3431 5421 Εἰ
3475 5372 3642 5424 ταῦτα

2075 5461 2253 5513 τοίνυν
2301 5461 2439 5513 κατὰ
2492 5460 2648 5526 λόγον
2678 5462 2965 5531 νενόηται,
3005 5461 3125 5514 οὐδὲ
3162 5462 3222 5514 τὸ
3267 5466 3364 5531 τῆς
3418 5463 3643 5526 κτίσεως

2078 5552 2473 5621 σημαινόμενον
2498 5594 2511 5615 ,
2544 5549 2612 5623 ἦς
2644 5554 2981 5623 πρωτότοκός
3010 5557 3157 5608 ἐστιν
3180 5596 3194 5619 ,
3226 5556 3642 5626 ἀγνοηθήσεται.

2078 5646 2281 5717 Διπλῆν
2324 5644 2429 5715 γὰρ
2464 5646 2561 5713 τῆς
2603 5645 2814 5713 φύσεως
2846 5646 3002 5717 ἡμῶν
3046 5647 3143 5718 τὴν
3176 5648 3351 5701 κτίσιν
3404 5649 3637 5716 ἐγνώκαι

2295 5831 2337 5862 ¹⁸
2366 5828 2526 5887 Rom.
2560 5846 2675 5899 Vttt,
2708 5832 2793 5887 19.
2874 5834 2916 5864 ¹⁹
2956 5833 3141 5887 Matth.
3178 5851 3325 5899 xvut,
3372 5836 3451 5892 l2.
