4138 6364
368 383 472 444 ('57

1480 380 1759 437 CONTRA
1804 379 2190 448 EUNOMIUM,
2227 382 2356 440 LIB.
2395 382 2481 440 IV.

3525 389 3628 448 658

372 517 471 572 μεν
493 539 508 562 ,
553 499 647 569 τήν
680 514 739 550 τε
784 495 1004 566 πρώτην
1041 494 1162 548 καθ’
1189 496 1254 566 ἣν
1284 492 1526 565 ἐπλάσθη
1537 510 1634 564 μεν
1657 533 1672 557 ,
1721 493 1813 548 καὶ
1844 495 1939 564 τὴν

2047 490 2294 560 fuimus;
2344 494 2441 550 sed
2489 508 2598 549 non
2646 509 2786 566 opus
2831 504 2981 553 esset
3040 497 3281 554 secunda
3322 502 3626 568 creatione,

367 590 623 661 δευτέραν
669 589 789 642 καθ’
835 589 898 659 ἢν
947 586 1386 658 ἁνεπλὰσθημεν.
1431 586 1568 639 Ἀλλ’
1602 586 1700 638 οὐκ
1756 585 1822 639 ἂν
1872 581 1940 656 ῆν

368 685 466 751 τῆς
494 680 744 750 δευτέρας
773 678 926 748 ἡμῶν
950 678 1178 741 κτίσεως
1201 676 1381 748 χρεία,
1411 679 1458 729 εί
1496 675 1569 749 μὴ
1596 677 1691 748 τὴν
1722 674 1942 748 πρώτην

369 776 396 828 ξ’
424 776 457 828 ἁ
485 776 584 842 τῆς
611 774 897 845 παρακοῆς
925 773 1322 845 ἡχρειώσαμεν.
1359 774 1601 843 Ἐκείνης
1633 774 1810 828 τοίνυν
1839 792 1944 828 πα-

369 869 691 938 λαιωθείσης
746 885 805 920 τε
861 869 954 921 καὶ
1011 867 1438 938 ἀφανισθείσης,
1494 866 1598 920 ἔδει
1645 867 1836 938 καινὴν
1886 869 1942 919 ἐν

369 958 591 1028 Χριστῴ
614 957 866 1025 γενέσθαι
905 956 1100 1018 κτίσιν,
1130 955 1310 1020 καθώς
1340 973 1504 1026 φησιν
1530 957 1558 1008 ὁ
1601 957 1939 1019 Ἀπόστολος.

371 1050 536 1101 Οὐδὲν
567 1051 646 1101 ἔτι
677 1049 784 1101 τῶν
810 1049 1273 1117 πεπαλαιωμένων
1297 1049 1388 1101 ἐπὶ
1419 1049 1515 1119 τῆς
1541 1049 1800 1120 δευτέρας
1828 1049 1944 1102 κτί-

374 1156 508 1202 σεως
528 1139 668 1202 άξιοί
696 1139 930 1208 βλέπειν,
950 1137 1466 1206 Ἀπεκδυσάμενοι,
1491 1139 1685 1207 λέγων,
1702 1139 1811 1193 τὸν
1831 1154 1936 1194 πα-

370 1230 545 1285 λαιὸν
568 1231 897 1299 ἄνθρωπον,
917 1230 1038 1283 σὺν
1052 1231 1180 1296 ταῖς
1196 1229 1451 1297 πράξεσι
1471 1232 1566 1285 καὶ
1589 1231 1716 1297 ταῖς
1738 1232 1943 1287 ἐπιθυ-

368 1324 531 1392 μίαις
557 1322 764 1387 αὑτοῦ,
793 1322 1131 1376 ἐνδύσασθε
1151 1323 1257 1375 τὸν
1276 1323 1488 1377 καινὸν
1508 1323 1818 1392 ἄνθρωπον
1837 1322 1945 1377 τὸν

375 1415 523 1469 κατὰ
550 1414 696 1469 Θεὸν
715 1415 1050 1468 κτισθέντα·
1076 1415 1274 1474 καὶιεῖ
1298 1433 1386 1482 τις
1417 1415 1486 1469 ἐν
1507 1415 1754 1484 Χριστῷ,
1785 1416 1941 1486 φησὶ,

374 1505 549 1572 καινὴ
589 1506 816 1569 κτίσις·
848 1504 918 1557 τὰ
963 1505 1181 1574 ἀρχαῖα
1223 1505 1548 1578 παρῆᾷθεν.
1583 1505 1710 1559 ὶδοὺ
1735 1505 1942 1577 γέγονε

373 1595 550 1650 καενά
572 1613 583 1625 ·
613 1593 691 1659 εἷς
722 1597 830 1667 γὰρ
856 1597 949 1649 καὶ
980 1599 1008 1649 ὁ
1034 1597 1196 1660 αὐτὸς
1225 1597 1326 1667 τῆς
1352 1598 1699 1669 ἀνθρωπίνης
1731 1598 1942 1668 φύσεως

376 1687 604 1758 ποιητὴς
628 1727 641 1751 ,
673 1687 766 1739 καὶ
808 1685 868 1738 τὸ
900 1686 1019 1739 κατ’
1071 1687 1244 1757 ἀρχὰς
1283 1688 1375 1739 καὶ
1425 1687 1486 1740 τὸ
1543 1688 1679 1757 μετὰ
1726 1687 1897 1741 ταῦτα
1927 1705 1939 1718 ·

372 1781 492 1833 τότε
513 1777 690 1832 λαϐὼν
718 1777 846 1848 χοῦν
879 1778 987 1831 ἀπὸ
1010 1778 1110 1849 τῆς
1131 1780 1232 1849 γῆς
1251 1819 1266 1842 ,
1293 1779 1382 1832 τὸν
1407 1779 1689 1850 ἄνθρωπον
1715 1779 1938 1833 Euhoe

2042 585 2150 638 nisi
2183 585 2412 654 primam
2450 602 2546 656 per
2583 589 3088 656 praevaricationem
3149 592 3396 646 inutilem
3443 594 3627 647 reddia

2042 673 2337 731 dissemus.
2397 677 2493 730 llla
2533 678 2700 749 igitur
2739 680 3062 744 inveterata,
3109 683 3355 738 obsoleta
3403 692 3457 738 et
3499 700 3627 739 cva-

2041 766 2193 830 nida,
2236 784 2433 823 novam
2479 770 2533 823 in
2575 771 2794 826 Christo
2851 772 2967 827 ﬁeri
3018 783 3324 829 creaturam
3373 786 3489 831 erat
3529 793 3626 831 nc-

2042 878 2225 926 cesse,
2258 863 2398 915 sicut
2437 863 2513 916 ait
2538 863 2832 932 Apostolus
2872 884 2884 918 :
2929 867 3065 920 nihil
3101 869 3337 937 amplius
3374 878 3622 924 vetusto-

2041 969 2163 1009 rum
2190 954 2243 1007 in
2269 954 2508 1008 secunda
2539 966 2792 1009 creatura
2831 967 3019 1012 censet
3049 959 3251 1013 intueri
3290 979 3303 1015 :
3331 959 3618 1025 Exuentes,

2043 1046 2330 1115 inquiens,
2374 1055 2590 1100 veterem
2652 1047 2912 1102 hominem
2943 1066 3060 1102 cum
3090 1052 3292 1105 actibus
3330 1061 3378 1105 et
3418 1054 3628 1121 cupidi-

2044 1133 2241 1188 tatibus
2271 1151 2417 1204 ejus,
2474 1135 2678 1190 induite
2708 1154 2894 1192 novum
2924 1139 3186 1194 hominem
3212 1143 3301 1211 qui
3338 1143 3624 1195 secundant

2041 1226 2209 1280 Deum
2231 1240 2437 1282 creatus
2460 1239 2536 1282 ρει
2556 1230 2620 1282 ²’.
2641 1229 2725 1293 Ει,
2747 1231 2807 1286 Si
2822 1249 2923 1300 qua
2949 1233 3003 1288 in
3019 1232 3253 1298 Christo,
3273 1235 3472 1306 inquit,
3491 1253 3627 1288 nova

2043 1329 2286 1372 creatura
2305 1335 2324 1373 :
2355 1331 2528 1375 vetera
2547 1326 2932 1390 praeterierunt,
2955 1342 3070 1380 ecce
3087 1344 3220 1381 nova
3245 1328 3392 1397 facta
3413 1338 3534 1382 sunt
3550 1331 3621 1394 ¹¹;

2043 1425 2186 1466 unus
2219 1412 2365 1467 enim
2393 1421 2448 1466 et
2481 1413 2620 1468 idem
2649 1415 2904 1471 humanae
2933 1426 3143 1474 natura:
3185 1419 3383 1484 laetor,
3413 1421 3509 1490 qui
3544 1420 3630 1475 fe-

2041 1502 2196 1556 citet
2238 1505 2382 1575 quod
2418 1507 2486 1560 ab
2521 1507 2702 1570 initio,
2731 1518 2784 1563 et
2833 1511 2978 1581 quod
3019 1521 3211 1580 postea
3246 1511 3448 1566 factum
3497 1523 3622 1581 est,

2041 1599 2172 1647 tunc
2193 1610 2260 1650 ex
2290 1597 2513 1664 pulvere
2558 1611 2784 1670 accepto
2831 1601 3110 1656 hominem
3168 1604 3372 1670 ﬁnxit;
3422 1620 3630 1660 rursus

2043 1682 2266 1752 pulvere
2303 1702 2368 1740 ex
2400 1685 2618 1759 Virgine
2656 1702 2894 1759 sumpto,
2934 1707 3043 1746 non
3073 1692 3398 1762 simpliciter
3443 1695 3624 1749 homi-

2043 1790 2166 1829 nem
2189 1777 2578 1844 formavit,sed
2602 1781 2705 1836 sibi
2761 1782 2862 1851 ipsi
2913 1782 3138 1837 aliinxit.
3188 1783 3343 1840 Tunc
3394 1786 3625 1850 creavit,

375 1875 536 1928 πάλιν
567 1845 750 1927 λαϐὼν
781 1872 871 1925 τὸν
895 1873 958 1924 ὲκ
1118 1845 1408 1942 παρθενίας
1436 1845 1563 1942 χοῦν
1587 1913 1602 1937 ,
1628 1873 1724 1944 οὐχ
1755 1871 1939 1936 ἁπλῶς

2046 1876 2233 1936 postea
2250 1878 2466 1925 creatus
2483 1879 2600 1938 est;
2624 1881 2755 1928 tunc
2772 1872 3005 1929 Verbum
3028 1890 3248 1931 carnem
3263 1876 3412 1942 fecit,
3432 1887 3626 1947 postea

372 1968 463 2020 τὸν
513 1966 796 2037 ἄνθρωπον
857 1964 1126 2027 ἔπλασεν,
1185 1963 1299 2016 ἀλλ’
1353 1963 1530 2034 ἐαυτῷ
1585 1963 1938 2035 περιέπλασε.

374 2059 508 2112 Τότε
556 2058 764 2111 ἔκτισεν
791 2097 806 2121 ,
868 2055 1004 2126 μετὰ
1055 2055 1226 2108 ταῦτα
1260 2056 1481 2127 ἐκτίσθη
1509 2072 1522 2087 ·
1553 2055 1672 2108 τότε
1704 2057 1732 2108 ὁ
1769 2054 1941 2124 Λόγος

376 2152 552 2222 σάρκα
586 2149 837 2218 εποίησεν
859 2188 874 2214 ,
909 2148 1044 2219 μετὰ
1076 2147 1247 2201 ταῦτα
1271 2149 1299 2200 ὁ
1332 2148 1504 2216 Λόγος
1538 2145 1674 2218 σὰρξ
1701 2147 1938 2215 ἐγένετο,

375 2242 464 2294 ἵνα
503 2240 880 2311 μετασκευάσῃ
912 2239 1047 2308 πρὸς
1078 2236 1292 2308 πνεῦμα
1337 2236 1434 2306 τὴν
1463 2236 1734 2308 ἡμετέραν
1763 2236 1941 2307 σάρκα

373 2329 462 2381 διὰ
495 2327 588 2381 τοῦ
612 2329 1013 2398 συμμετασχεῖν
1034 2327 1165 2397 ἡμῖν
1202 2326 1532 2396 σαρκότητος
1573 2325 1666 2378 καὶ
1688 2326 1938 2394 αἵματος.

376 2421 592 2492 Ταύτης
622 2422 797 2473 τοίνυν
836 2419 933 2486 τῆς
960 2420 1150 2489 καινῆς
1199 2419 1255 2469 ὲν
1289 2416 1507 2488 Χριστῷ
1533 2417 1788 2480 κτίσεως,
1820 2412 1886 2488 ἦς
1914 2418 1942 2469 ὁ

373 2513 536 2577 αὐτὸς
556 2514 904 2583 καθηγήσατο
927 2551 941 2575 ,
973 2511 1314 2583 πρωτότοκος
1347 2509 1638 2582 ὠνομάσθη
1663 2551 1678 2576 ,
1724 2511 1942 2563 πάντων

375 2605 598 2676 ἀπαρχὴ
632 2605 956 2680 γενόμενος,
987 2603 1079 2656 καὶ
1125 2601 1234 2654 τῶν
1269 2603 1350 2665 είς
1383 2601 1525 2672 ζωὴν
1565 2601 1940 2672 γεννωμένων,

377 2697 472 2751 καὶ
502 2697 610 2750 τῶν
643 2696 711 2749 δι’
741 2696 1086 2757 ἀναστάσεως
1118 2693 1328 2764 νεκρῶν
1361 2693 1831 2764 ζωοποιουμένων,
1857 2695 1944 2748 ἵνα

375 2791 467 2842 καὶ
501 2787 708 2860 νεκρῶν
739 2789 832 2840 καὶ
867 2777 1088 2850 ’ζώντων
1120 2784 1382 2856 κυριεύσῃ
1406 2826 1419 2846 ,
1462 2786 1556 2838 καὶ
1583 2785 1700 2838 ὅλον
1731 2785 1818 2838 διὰ
1845 2787 1943 2856 τῆς

375 2883 432 2932 ἐν
462 2880 636 2950 ἐαυτῷ
675 2878 926 2948 ἀπαρχῆς
962 2876 1262 2948 συναγιάσῃ
1305 2876 1366 2928 τὸ
1396 2876 1644 2946 φύραμα.
1684 2877 1808 2929 Ὅτι
1834 2876 1942 2946 γὰρ

375 2974 433 3025 οὐ
483 2971 623 3025 κατὰ
665 2971 763 3042 τὴν
817 2968 1139 3041 προαιώνιον
1193 2968 1425 3040 ὓπαρξιν
1458 2967 1827 3040 ὲφαρμόζεται
1867 2967 1944 3038 τῷ

374 3067 488 3134 Υίῷ
516 3066 576 3118 τὸ
622 3064 961 3136 πρωτότοκον
985 3106 998 3127 ,
1038 3065 1069 3133 ἠ
1116 3062 1209 3116 τοῦ
1241 3061 1575 3131 Μονογενοῦς
1607 3062 1944 3132 προσηγορία

2041 1973 2170 2012 vero
2200 1958 2432 2015 Verbum
2469 1977 2599 2017 caro
2627 1964 2832 2019 factum
2862 1973 2978 2028 est,
3036 1975 3097 2020 ut
3126 1983 3347 2023 carnem
3374 1979 3620 2024 nostram

2043 2050 2108 2103 ad
2136 2051 2386 2119 spiritum
2424 2062 2803 2121 converteret;
2845 2055 2974 2125 quia
3018 2058 3090 2111 sit
3123 2057 3412 2113 nobiscum
3446 2061 3623 2128 parti—

2041 2153 2170 2208 ceps
2202 2139 2380 2194 factus
2407 2142 2592 2196 carnis
2615 2149 2668 2196 et
2710 2145 3018 2214 sanguinis.
3063 2143 3239 2213 Hujus
3273 2147 3436 2217 igitur
3468 2165 3631 2203 novae

2041 2232 2094 2285 in
2133 2231 2351 2285 Christo
2369 2243 2655 2298 creaturae,
2679 2234 2840 2304 cujus
2877 2236 2994 2304 ipse
3022 2236 3133 2290 dux
3163 2236 3288 2301 fuit,
3339 2241 3620 2309 primoge-

2043 2321 2190 2375 nitus
2212 2331 2296 2376 est
2331 2332 2579 2388 vocatus,
2617 2326 2863 2379 omnium
2893 2325 3072 2382 l‘actus
3122 2329 3400 2398 primitiae,
3442 2338 3495 2384 et
3527 2346 3628 2384 eo-

2043 2429 2162 2468 rum
2206 2416 2298 2484 qui
2335 2417 2402 2470 ad
2438 2418 2606 2470 vitam
2647 2428 3004 2488 generantur,
3050 2430 3104 2476 et
3138 2437 3328 2476 eorum
3378 2424 3470 2492 qui
3523 2440 3621 2492 per

2041 2510 2498 2563 resurrectionem
2563 2525 2630 2564 ex
2665 2512 2896 2567 mortuis
2951 2513 3322 2576 viviﬁcantur,
3383 2528 3441 2568 ut
3476 2530 3624 2569 mor-

2044 2599 2156 2653 tuis
2208 2607 2262 2653 et
2297 2600 2437 2655 vivis
2478 2601 2811 2666 dominetur,
2857 2612 3022 2675 atque
3058 2612 3117 2659 ut
3161 2614 3330 2660 totam
3383 2623 3481 2677 per
3513 2610 3628 2678 prio

2042 2689 2226 2744 mitias
2269 2691 2325 2746 in
2387 2692 2567 2763 seipso
2617 2695 2924 2752 sanctiﬂcet
2973 2699 3625 2767 conspersioneanuod

2043 2784 2190 2837 enim
2238 2800 2347 2838 non
2409 2787 2712 2842 secundum
2761 2796 3181 2844 ante-aeternam
3233 2793 3616 2848 exsistentiam

2044 2874 2183 2929 Filio
2210 2879 2564 2948 primogeniti
2594 2895 2794 2936 nomen
2841 2883 3165 2952 applicatur,
3211 2885 3486 2956 Unigeniti
3532 2905 3622 2959 ap-

2045 2966 2270 3033 pellatio
2322 2976 2575 3025 testatur.
2638 2969 2774 3024 Nam
2828 2973 2921 3042 qui
2966 2989 3090 3029 vere
3144 2974 3466 3046 Unigenitus
3513 2988 3624 3041 est,

2046 3053 2249 3112 fratres
2285 3073 2396 3112 non
2424 3058 2611 3115 habet.
2648 3059 2935 3126 Quomodo
2973 3065 3118 3118 enim
3159 3066 3284 3136 quis
3315 3079 3456 3122 esset
3491 3070 3617 3122 uni-

371 3155 814 3226 διαμαρτύρεται.
851 3155 910 3206 '0
940 3154 1048 3225 γὰρ
1075 3153 1288 3224 ἀληθῶς
1339 3153 1645 3222 Μονογενὴς
1686 3152 1939 3222 ἀδελφοὺς

2049 3152 2266 3217 genitus
2297 3153 2391 3220 qui
2440 3167 2565 3205 cum
2617 3152 2881 3210 fratribus
2942 3161 3379 3214 annumeratur?
3435 3162 3530 3217 sed
3559 3171 3625 3215 ut

374 3251 473 3302 οὐκ
505 3248 633 3318 ἕχει.
663 3247 786 3310 Πῶς
815 3242 908 3300 οῦν
937 3245 1002 3298 ἄν
1039 3263 1122 3309 τις
1158 3245 1243 3314 εἴη
1288 3244 1578 3315 μονογενὴς
1614 3247 1671 3297 ὲν
1701 3244 1944 3312 ἀδελφοῖς

374 3338 808 3412 ἀριθμούμενος;
841 3337 954 3390 ἀλλ’
978 3335 1053 3400 ὡς
1084 3336 1300 3404 λέγεται
1341 3335 1472 3399 Θεὸς
1513 3336 1608 3389 καὶ
1639 3335 1941 3405 ἅνθρωπος,

375 3435 503 3496 Υἱὸς
531 3431 663 3486 Θεοῦ
697 3433 790 3486 καὶ
813 3431 938 3494 Υἱὸς
970 3428 1256 3501 ἀνθρώπου
1274 3447 1285 3459 ο
1334 3429 1517 3500 μορφὴ
1546 3430 1655 3500 γὰρ
1684 3428 1818 3482 Θεοῦ
1850 3431 1944 3482 καὶ

379 3526 558 3596 μορφὴ
590 3524 774 3578 δούλου
799 3565 814 3587 ,
855 3522 924 3576 τὰ
955 3523 1051 3593 μὲν
1087 3520 1227 3574 κατὰ
1264 3519 1360 3590 τὴν
1395 3522 1744 3592 ὑπάρχουσαν
1783 3520 1944 3589 φύσιν

367 3620 470 3681 ὢν,
506 3617 572 3669 τὰ
595 3617 650 3668 δὲ
689 3613 829 3669 κατὰ
857 3613 952 3683 τὴν
987 3613 1364 3684 φιλάνθρωπον
1393 3612 1704 3680 οἰκονομίαν
1726 3611 1944 3680 γενόμε-

372 3726 492 3772 νος·
529 3708 669 3761 οὕτω
715 3707 808 3760 καὶ
839 3705 1130 3776 μονογενὴς
1155 3703 1286 3767 Θεὸς
1322 3702 1418 3767 ὣν,
1460 3702 1803 3773 πρωτότοκος
1836 3703 1944 3755 πάν

374 3817 474 3870 σης
502 3798 730 3860 κτίσεως
772 3796 976 3865 γίνεται
1001 3836 1015 3858 ,
1047 3793 1355 3864 Μονογενὴς
1391 3794 1490 3863 μὲν
1521 3791 1594 3844 ὢν
1627 3793 1683 3845 ὲν
1728 3791 1805 3862 τῷ
1838 3810 1943 3845 πα-

372 3895 530 3964 τρῴῳ
558 3889 780 3959 κόλπῳ,
840 3889 896 3939 ὲν
927 3886 984 3939 δὲ
1026 3888 1135 3949 τοῖς
1181 3883 1270 3938 διὰ
1323 3884 1422 3955 τῆς
1471 3883 1662 3953 καινῆς
1716 3883 1942 3946 κτίσεως

376 3982 696 4051 σωζομένοις
747 3977 1086 4051 πρωτότοκος
1143 3977 1239 4046 τῆς
1271 3975 1496 4037 κτίσεως
1530 3975 1622 4027 καὶ
1653 3974 1941 4042 γενόμενος

374 4071 466 4125 καὶ
498 4069 804 4138 λεγόμενος.
839 4068 900 4120 Εἰ
928 4066 1005 4131 δὲ,
1037 4064 1215 4129 καθὼς
1245 4066 1278 4135 ἡ
1309 4065 1516 4136 αἵρεσις
1543 4063 1827 4134 βούλεται,
1855 4062 1942 4116 διὰ

371 4163 433 4215 τὸ
466 4158 1004 4230 προκατεσκευάσθαι
1054 4158 1154 4226 τῆς
1189 4156 1380 4226 λοιπῆς
1411 4156 1639 4219 κτίσεως
1669 4155 1939 4224 πρωτότοο

373 4274 464 4316 κος
493 4254 708 4322 λέγεται
733 4291 747 4315 ,
781 4251 840 4304 οὐ
871 4252 1148 4319 συμφωνεί
1175 4251 1284 4311 τοῖς
1315 4249 1446 4318 παρ’
1477 4246 1654 4300 αὐτῶν
1687 4247 1814 4317 περὶ
1845 4244 1939 4299 τοῦ

374 4345 692 4414 μονογενοῦς
735 4341 870 4396 Θεοῦ
926 4341 1486 4410 κατασκευαζομένοις
1531 4339 1591 4391 τὸ
1641 4339 1829 4409 ὄνομα.
1864 4338 1936 4389 Οὐ

370 4438 478 4508 γὰρ
513 4435 668 4490 τοῦτό
711 4452 891 4504 φησιν.
929 4435 1007 4486 ὃτι
1044 4433 1200 4503 Παρὰ
1228 4431 1319 4484 τοῦ
1358 4431 1565 4502 Πατρὸς
1601 4431 1800 4500 ὁμοίως
1831 4431 1938 4481 ὅτε

2048 3241 2248 3295 dicitur
2281 3241 2424 3299 Deus
2451 3253 2506 3298 et
2542 3245 2730 3308 homo,
2773 3244 2946 3302 Filius
2993 3247 3087 3303 Dei
3127 3260 3180 3304 et
3231 3249 3403 3306 Filius
3444 3253 3616 3306 homi-

2047 3332 2167 3400 nis;
2207 3333 2382 3388 forma
2417 3337 2562 3390 enim
2601 3336 2695 3392 Dei
2728 3345 2784 3393 et
2836 3339 3012 3393 forma
3048 3343 3213 3406 servi,
3264 3347 3460 3412 partim
3494 3347 3626 3415 qui-

2046 3422 2166 3477 dem
2207 3423 2509 3480 secundum
2548 3434 2800 3481 naturam
2831 3431 3184 3486 exsistentem
3212 3448 3336 3487 cum
3375 3437 3468 3499 sit,
3492 3453 3624 3506 par-

2047 3512 2142 3565 tim
2172 3529 2301 3568 vero
2327 3529 2454 3568 cum
2486 3515 2560 3570 sit
2589 3516 2767 3574 factus
2801 3521 3104 3574 secundum
3139 3523 3624 3584 humanitatisilis-

2013 3653 2016 3656 .
2045 3605 2422 3674 pensationem
2455 3624 2470 3660 :
2509 3607 2592 3661 sic
2633 3608 2796 3662 etiam
2846 3611 3157 3680 unigenitus
3195 3613 3338 3670 Deus
3366 3633 3492 3672 cum
3522 3621 3612 3686 sit,

2043 3694 2440 3764 primogenitus
2471 3697 2654 3752 omnis
2682 3707 2950 3755 creaturae
2997 3703 3248 3760 ellicitur.
3293 3706 3619 3779 Unigenitus

2043 3785 2260 3854 quidem
2292 3787 2346 3838 in
2377 3794 2605 3856 paterno
2629 3789 2775 3856 sinu,
2811 3791 2864 3844 in
2909 3793 2991 3846 his
3021 3811 3148 3849 vero
3178 3799 3267 3866 qui
3301 3815 3396 3868 per
3417 3818 3616 3858 novam

2044 3887 2348 3934 creaturam
2415 3889 2724 3945 servantur,
2783 3883 3180 3953 primogenitus
3244 3899 3517 3948 creaturae
3561 3903 3615 3950 et

2043 3971 2222 4026 factus
2250 3979 2304 4026 et
2338 3970 2539 4026 dictus.
2571 3973 2725 4037 Quod
2759 3976 2825 4039 si,
2858 3984 2917 4027 ut
2947 3978 3062 4028 vult
3101 3979 3347 4046 haeresis,
3380 3986 3510 4052 quia
3542 3988 3615 4040 sit

2043 4072 2168 4118 ante
2190 4077 2405 4118 omnem
2449 4074 2755 4118 creaturam
2787 4067 3064 4131 conditus,
3101 4072 3499 4143 printogenitus
3531 4079 3614 4132 di—

2043 4154 2207 4217 citur,
2232 4153 2317 4208 his
2353 4168 2473 4224 qua:
2502 4154 2569 4208 ab
2616 4156 2752 4224 ipsis
2786 4157 2856 4212 de
2884 4159 3167 4226 unigenito
3204 4162 3316 4217 Deo
3349 4176 3614 4222 astruun-

2045 4253 2132 4299 tur
2170 4245 2522 4315 primogeniti
2555 4262 2753 4300 nomen
2806 4265 2913 4302 non
2964 4264 3253 4308 consonat.
3297 4255 3412 4311 Non
3466 4261 3613 4314 enim

2042 4337 2144 4390 hoc
2173 4337 2366 4391 aiunt:
2394 4336 2531 4402 Quia
2566 4353 2594 4390 a
2635 4337 2796 4392 Patre
2827 4341 3080 4395 similiter
3114 4351 3166 4397 et
3217 4345 3386 4401 Filius
3432 4358 3486 4402 et
3528 4368 3613 4405 re-

2045 4429 2189 4497 liqua
2223 4430 2407 4482 omnia
2442 4429 2580 4483 facta
2612 4438 2777 4496 sunt;
2830 4433 2923 4486 sed
2950 4433 3216 4487 facturam
3271 4435 3450 4494 Patris
3490 4443 3614 4494 uni—

369 4529 500 4592 Υἱὸς
533 4529 627 4580 καὶ
662 4527 730 4580 τὰ
761 4527 938 4580 πάντα
984 4526 1230 4593 ἐγένετο·
1259 4523 1394 4578 ἀλλὰ
1451 4523 1661 4592 ποίημα
1712 4522 1809 4591 μὲν
1841 4519 1935 4573 τοῦ

2043 4518 2283 4588 genitum
2315 4518 2484 4589 Deum
2523 4521 2746 4586 dicunt;
2807 4521 2972 4588 hujus
3008 4533 3210 4586 autem,
3251 4543 3449 4597 nempe
3479 4530 3613 4584 Uni-

370 4620 582 4692 Πατρὸς
597 4620 685 4672 τὸν
709 4617 966 4689 μονογενῆ
984 4617 1113 4669 Θεὸν
1132 4616 1400 4684 λέγουσιν,
1418 4614 1605 4668 τούτου
1630 4614 1688 4667 δὲ
1709 4614 1776 4666 τὰ
1803 4612 1938 4666 ἄλλα

371 4714 548 4767 πάντα
575 4730 590 4745 ο
623 4704 666 4778 ᾧ
703 4711 882 4762 τοίνυν
905 4709 1045 4778 λόγῳ
1074 4708 1359 4776 κτισθῆναι
1387 4708 1478 4760 τὸν
1507 4705 1634 4758 Υίόν
1679 4705 1937 4774 δογματί-

370 4805 572 4868 ζοντες,
607 4803 824 4872 Πατέρα
856 4802 947 4854 τοῦ
977 4802 1270 4871 κτίσματος
1299 4799 1388 4852 τὸν
1431 4799 1560 4852 Θεὸν
1591 4796 1933 4867 ὀνομάζουσι,

368 4893 444 4963 τῷ
477 4892 622 4962 αὐτῷ
643 4893 786 4962 λόγῳ
810 4892 1024 4952 πάντως
1053 4891 1204 4962 παρὰ
1230 4888 1322 4942 τοῦ
1361 4888 1678 4959 μονογενοῦς
1710 4887 1842 4939 Θεοῦ
1869 4886 1936 4939 τὰ

367 4987 542 5036 πάντα
579 4982 1006 5036 κατεσκευάσθαι
1032 4981 1310 5047 λέγοντες,
1342 4979 1401 5030 οὐ
1451 4978 1793 5048 πρωτότοκον
1826 4976 1935 5029 τῶν

367 5073 433 5125 δι’
455 5073 617 5126 αὑτοῦ
643 5071 1043 5141 γεγενημένων,
1072 5070 1206 5121 ἀλλὰ
1239 5068 1454 5138 Πατέρα
1485 5067 1815 5138 κυριώτερον
1841 5067 1937 5118 αὑ-

366 5165 458 5215 τὸν
482 5163 834 5234 ὀνομάζουσι,
883 5163 981 5233 τῆς
1031 5161 1198 5230 αὐτῆς
1229 5163 1314 5213 ἐπ’
1342 5161 1664 5231 ἀμφοτέρων
1708 5159 1838 5229 πρὸς
1869 5158 1936 5212 τὰ

367 5255 639 5325 κτίσματα
668 5256 937 5324 σχέσεως,
974 5254 1074 5324 τὴν
1131 5253 1295 5323 αὐτὴν
1349 5253 1490 5306 κατὰ
1536 5253 1597 5304 τὸ
1645 5251 1935 5304 ἀκόλουθον

367 5347 737 5418 προσηγορίαν
799 5345 1076 5414 ποιούσης.
1131 5347 1194 5398 Εἰ
1231 5345 1342 5415 γὰρ
1397 5345 1598 5413 κυρίως
1650 5343 1743 5396 τοῦ
1804 5343 1932 5396 ἰδίου

363 5439 660 5509 κτίσματος
687 5441 714 5491 ὁ
743 5439 833 5490 ἐπὶ
863 5439 1076 5490 πάντων
1105 5437 1236 5500 Θεὸς
1281 5437 1340 5488 οὐ
1388 5436 1727 5506 πρωτότοκος
1752 5475 1766 5498 ,
1801 5434 1937 5488 ἀλλὰ

363 5528 553 5599 Πατὴρ
585 5527 938 5598 ὀνομάζεται,
964 5525 1042 5595 τῷ
1071 5525 1217 5596 αὐτῷ
1255 5525 1398 5596 λόγῳ
1427 5525 1643 5588 πάντως
1691 5525 1784 5577 καὶ
1827 5523 1934 5578 τῶν

365 5621 509 5674 ἰδίων
533 5620 847 5690 κτισμάτων
885 5619 1075 5692 Πατὴρ
1112 5619 1140 5670 ὁ
1171 5613 1466 5689 μονογενὴς
1494 5615 1629 5676 Θεὸς
1695 5617 1754 5669 οὐ
1788 5633 1934 5692 πρω-

434 5795 482 5828 ³⁹
502 5793 716 5850 Coloss.
745 5811 826 5860 ιιι,
861 5794 916 5857 9,
955 5794 1038 5848 Ιθ.
1115 5795 1157 5825 ³³
1196 5793 1257 5847 ιι.
1289 5802 1418 5850 Lor.
1458 5810 1509 5858 ν,
1547 5793 1633 5850 l7.

2043 4610 2235 4679 geniti,
2287 4610 2391 4663 alia
2446 4613 2651 4665 omnia.
2703 4610 2821 4677 Quo
2868 4613 3034 4681 igitur
3074 4629 3325 4670 sermone
3367 4632 3610 4675 creatum

2043 4711 2164 4750 esse
2191 4695 2283 4750 Dei
2315 4696 2511 4750 Filium
2545 4700 2822 4762 docentes,
2877 4701 3092 4754 Patrem
3133 4714 3402 4759 creaturae
3441 4707 3611 4765 Deum

2042 4788 2348 4848 nominant,
2389 4786 2580 4840 eodem
2612 4790 2771 4856 plane
2815 4803 3068 4844 sermone
3093 4791 3161 4845 ab
3189 4794 3473 4862 unigenito
3503 4799 3612 4852 Deo

2043 4881 2228 4931 omnia
2262 4880 2480 4932 condita
2527 4895 2649 4934 esse
2700 4880 2966 4943 dicentes,
3021 4900 3130 4936 non
3187 4888 3610 4956 primogenitum

2041 4985 2228 5024 eorum
2263 4987 2383 5040 qua:
2416 4987 2511 5040 per
2545 4972 2726 5041 ipsum
2763 4980 2890 5027 sunt
2926 4975 3212 5040 producta,
3262 4979 3356 5032 sed
3397 4978 3610 5035 Patrem

2042 5063 2216 5132 magis
2255 5064 2471 5132 proprie
2525 5064 2845 5130 nominant;
2901 5081 3023 5118 cum
3055 5067 3241 5120 eadem
3271 5085 3391 5138 qua:
3430 5082 3514 5126 est
3557 5073 3612 5127 in

2042 5154 2290 5222 utrisque
2317 5168 2440 5207 cum
2484 5155 2756 5209 creaturis
2791 5156 3004 5220 relatio,
3044 5161 3292 5212 eamdem
3319 5177 3385 5214 ex
3415 5178 3614 5218 conse-

2039 5245 2259 5298 cutione
2286 5245 2706 5313 appellationem
2749 5245 2936 5301 faciat.
2969 5246 3026 5301 Si
3075 5250 3220 5302 enim
3252 5254 3471 5321 proprie
3520 5256 3610 5309 ille

2039 5337 2133 5407 qui
2179 5345 2263 5392 est
2298 5338 2352 5390 in
2382 5338 2643 5390 omnibus
2682 5336 2848 5405 Deus,
2913 5341 3150 5410 prapria:
3182 5353 3449 5398 creaturae
3500 5363 3609 5402 non

2041 5429 2460 5499 primogenitus,
2495 5427 2592 5484 sed
2612 5428 2772 5483 Pater
2798 5431 3137 5496 nominatur,
3183 5435 3372 5489 eadem
3399 5439 3613 5493 ratione

2042 5521 2266 5574 omnino
2296 5528 2350 5576 et
2373 5521 2718 5591 propriarum
2751 5533 3128 5577 creaturarum
3171 5525 3334 5581 Pater
3354 5527 3613 5592 unigeni-

2041 5619 2132 5671 tus
2160 5611 2304 5671 Deus
2347 5628 2457 5670 non
2483 5613 2705 5686 praprie
2750 5614 3150 5686 primogenitus
3184 5619 3562 5676 nominabitur
3593 5638 3612 5677 :
