4138 6364
509 347 593 401 ιπο
1704 350 1763 404 S.
1795 348 2123 411 GREGORII
2156 348 2450 404 NYSSENI

3645 347 3748 401 ϐ»ίο

489 468 564 519 ita
598 478 655 519 ut
681 481 904 530 prorsus
935 466 1232 536 impropria
1255 475 1309 521 et
1342 480 1747 536 supervacanea
1763 470 1838 523 sit
1865 471 2063 537 primo-

2173 469 2392 531 τὸτοκος
2444 468 2647 539 κυρίως
2699 467 3161 539 ὀνομασθήσεταν
3209 467 3286 530 ὡς
3342 467 3547 537 ἄκυρον
3607 464 3748 517 κατά

487 557 659 626 geniti
703 557 1021 626 appellatio,
1084 573 1188 612 nec
1219 558 1278 612 in
1310 558 1568 613 haeretica
1613 560 1840 613 notione
1887 559 2067 613 locum

492 646 708 702 habeat.

567 859 671 914 Sed
699 859 767 914 ad
797 878 893 915 eos
929 863 1022 932 qui
1052 861 1253 916 divinae
1289 863 1628 932 generationi
1688 865 1940 920 affectum
1976 882 2069 921 as-

500 961 727 1007 sumunt
750 965 803 1008 et
834 962 1184 1017 connectunt,
1206 955 1549 1010 redeundum
1584 966 1701 1022 est;
1736 974 1798 1012 ac
1839 975 1933 1028 per
1967 961 2069 1014 hoc

492 1059 617 1097 vere
644 1045 886 1114 genitum
929 1061 1052 1100 esse
1089 1045 1386 1099 Dominum
1426 1056 1646 1117 negant,
1699 1065 1766 1103 ne
1814 1050 2067 1104 alfectum

493 1136 825 1204 intelligant.
876 1135 1007 1189 Nam
1040 1137 1185 1206 quod
1223 1138 1415 1191 dicunt
1451 1139 1693 1192 omnium
1728 1142 2068 1210 generationi

493 1227 746 1282 aﬂ'ectum
783 1228 1010 1282 insitum
1037 1237 1092 1283 et
1117 1229 1538 1297 copulatum.ac
1559 1239 1845 1300 prOpterea
1872 1234 2066 1288 existi-

492 1319 753 1372 mandum
789 1336 912 1374 esse
933 1319 1131 1374 Filium
1164 1323 1232 1374 ab
1266 1322 1527 1390 opinione
1567 1324 1870 1378 secundum
1904 1341 2071 1395 gene-

492 1409 762 1464 rationem
810 1413 966 1465 valde
1002 1413 1240 1465 alienum
1279 1428 1422 1475 esse,
1474 1422 1532 1466 ut
1563 1429 1697 1483 pure
1735 1423 1888 1468 extra
1934 1418 2066 1471 alTe-

492 1511 639 1554 ctum
675 1514 990 1570 permaneat
1020 1501 1230 1556 Numen
1268 1521 1280 1556 :
1333 1502 1565 1573 deceptu
1605 1503 1859 1560 facilibus
1895 1515 1949 1561 et
1980 1507 2066 1559 in-

495 1592 677 1647 cautis
713 1592 950 1647 fortasse
989 1595 1257 1647 rationem
1287 1595 1527 1663 aliquam
1563 1596 1763 1652 habere
1793 1597 1908 1651 haec
1949 1600 2067 1668 opi-

496 1683 589 1735 nio
645 1682 818 1736 videri
871 1691 1072 1752 potest.
1135 1685 1228 1739 sed
1311 1687 1696 1755 mysteriorum
1755 1688 2065 1743 divinorum

489 1771 779 1841 disciplina
810 1774 1044 1830 eruditis
1064 1783 1117 1828 et
1143 1777 1399 1839 excultis,
1437 1793 1502 1831 ex
1548 1779 1796 1848 probatis
1836 1789 1891 1835 et
1929 1797 2065 1834 con-

489 1862 661 1916 cessis
688 1870 933 1931 prompta
967 1870 1051 1917 est
1084 1865 1139 1916 in
1169 1879 1330 1917 manu
1364 1867 1739 1934 reprehensio.
1761 1866 1896 1932 Quis
1918 1867 2063 1921 enim

493 1951 712 2020 ignorat
743 1957 1149 2022 generationem
1182 1971 1304 2010 esse
1333 1958 1526 2024 quaein
1559 1973 1743 2012 veram
1776 1968 1828 2013 et
1852 1960 2063 2012 beatam

487 2046 655 2095 vitam
705 2059 805 2098 nos
840 2045 1097 2110 adducat,
1150 2062 1261 2100 non
1303 2063 1426 2117 quae
1469 2057 1552 2103 est
1605 2051 1791 2104 eadem
1829 2065 1953 2102 cuin
2001 2064 2066 2103 ea

491 2147 610 2200 qua:
643 2149 706 2186 ex
740 2135 1040 2204 sanguibus
1061 2144 1116 2191 et
1147 2138 1430 2192 voluntate
1483 2141 1668 2195 carnis
1729 2151 1966 2204 constat,
2009 2143 2065 2197 in

489 2237 598 2289 qua
627 2229 682 2276 et
703 2221 884 2278 ﬂuxus
922 2235 976 2279 et
1005 2226 1242 2280 mutatio
1269 2237 1320 2280 et
1347 2244 1467 2295 quae
1494 2230 1696 2282 sensim
1725 2230 1782 2282 lit
1806 2229 2067 2299 perfectio

488 2322 542 2366 et
576 2315 682 2367 alia
735 2330 1077 2386 quaecunque
1109 2318 1163 2371 in
1203 2319 1307 2372 hac
1353 2319 1781 2374 considerantur
1831 2337 2067 2392 genera-

491 2405 679 2460 tione?
705 2405 886 2460 Altera
911 2422 1042 2461 vero
1074 2409 1356 2478 generatio
1383 2426 1450 2464 ex
1476 2409 1582 2464 Deo
1602 2418 1685 2464 est
1717 2421 1768 2465 et
1787 2412 2063 2479 caelestis;

485 2507 541 2552 et
559 2512 617 2555 ut
638 2499 1070 2571 aitEvangelium
1087 2499 1152 2563 “,
1171 2513 1292 2568 quae
1310 2501 1684 2571 desuperesse
1715 2505 1921 2559 credita
1957 2515 2062 2568 est,

486 2606 612 2658 qum
655 2592 874 2660 quidem
907 2594 1094 2646 carnis
1143 2601 1198 2648 et
1233 2596 1519 2665 sanguinis
1557 2596 1786 2651 allectus
1823 2613 1934 2652 non
1978 2598 2068 2652 ad-

487 2681 670 2734 mittit.

554 2770 674 2824 Jam
736 2771 1037 2827 adversarii
1087 2773 1323 2828 audeant
1352 2774 1590 2829 duorum
1643 2777 1873 2831 alterum
1930 2777 2068 2832 amr-

486 2877 674 2917 mare:
706 2864 792 2919 vel
817 2879 925 2917 non
952 2872 1087 2920 esse
1117 2867 1522 2935 generationem
1556 2885 1678 2938 qua:
1720 2869 1777 2922 lit
1804 2870 2061 2940 desuper,

485 2955 570 3008 vel
598 2955 644 3010 si
673 2955 764 3019 sit,
799 2971 896 3026 per
920 2958 1106 3012 carnis
1143 2958 1396 3013 affectum
1441 2975 1584 3014 esse.
1631 2961 1796 3029 Atqui
1824 2977 1946 3018 esse
1976 2977 2065 3017 as—

489 3045 832 3105 sentiuntur.
868 3055 923 3101 et
962 3047 1018 3101 in
1048 3048 1165 3116 ipsa
1186 3049 1438 3104 affectum
1463 3067 1569 3105 non
1596 3052 1880 3106 inveniunt
1907 3070 1921 3119 ;
1953 3070 2061 3107 non

2175 558 2352 611 πάντα
2384 559 2477 611 καὶ
2511 558 2887 631 παρέλκουσαν
2916 556 3054 614 εἷναι
3107 559 3200 613 τοῦ
3252 558 3598 629 πρωτοτόκου
3647 556 3747 626 τὴν

2171 652 2542 722 προσηγορίαν
2562 693 2577 718 ,
2611 653 2702 706 ἐπὶ
2727 653 2826 723 τῆς
2873 653 3154 724 αίρετικῆς
3192 651 3400 716 ἐννοίας
3433 650 3619 721 χώραν
3648 649 3747 702 οὐκ

2171 743 2420 813 ἔχουσαν.

2251 845 2393 905 Ἀλλ’
2424 854 2708 906 ἐπανιτέον
2756 854 2891 924 πρὸς
2943 853 3070 917 τοὺς
3100 858 3168 925 τῇ
3221 852 3344 924 θείᾳ
3390 853 3638 923 γεννήσει
3682 851 3744 904 τὸ

2171 942 2342 1005 πάθος
2371 945 2740 1007 συνάπτοντας
2769 985 2782 1007 ,
2839 946 2931 998 καὶ
2980 945 3068 998 διὰ
3103 945 3262 1000 τοῦτο
3298 943 3742 1014 ἀπαρνουμένους

2168 1036 2229 1088 τὸ
2273 1036 2484 1107 ἀληθῶς
2529 1038 2853 1108 γεννηθῆναι
2898 1038 2987 1091 τὸν
3020 1037 3256 1109 Κύριον,
3306 1039 3392 1089 ἵνα
3451 1037 3526 1107 μὴ
3573 1037 3742 1099 πάθος

2168 1128 2422 1198 νοήσωσι.
2458 1129 2531 1181 Τὺ
2559 1131 2667 1200 γὰρ
2697 1129 2875 1198 λέγειν
2909 1131 2992 1183 ὅτι
3041 1129 3388 1194 συνέζευκται
3427 1129 3642 1181 πάντων
3672 1131 3739 1199 τῇ

2168 1221 2417 1289 γεννήσει
2456 1220 2516 1273 τὸ
2563 1222 2767 1288 πάθος,
2801 1223 2894 1276 καὶ
2939 1222 3024 1274 διὰ
3062 1221 3220 1275 τοῦτο
3249 1221 3445 1292 χρῆναι
3474 1221 3572 1288 τῆς
3599 1221 3742 1273 κατά

2169 1312 2266 1381 τὴν
2298 1311 2547 1382 γέννησιν
2598 1312 2919 1383 ὑπολήψεως
2968 1313 3262 1385 ἀλλοτρίως
3303 1313 3444 1383 ἔχειν
3475 1313 3566 1364 τὸν
3613 1313 3741 1364 Υἱὺν

2167 1403 2392 1468 οἴεσθαι,
2427 1404 2504 1468 ὡς
2549 1403 2615 1458 ἂν
2671 1404 2928 1476 καθαρῶς
2975 1405 3079 1470 ἔξω
3137 1405 3344 1468 πάθους
3394 1405 3635 1475 διαμένοι
3679 1405 3741 1457 τὸ

2165 1501 2355 1560 θεῖον,
2383 1499 2498 1560 τοῖς
2545 1497 2643 1568 μὲν
2690 1497 3112 1569 εὐεξαπατήτοις
3158 1497 3285 1560 ἴσως
3320 1497 3384 1551 ἄν
3433 1513 3553 1549 τινα
3584 1496 3739 1564 λόγον

2167 1587 2311 1655 ἔχειν
2343 1587 2559 1658 δοκοίη⁶
2603 1590 2716 1651 τοῖς
2748 1588 2803 1641 δὲ
2846 1588 3294 1658 πεπαιδευμένοις
3371 1589 3437 1641 τὰ
3476 1589 3594 1641 θεῖα
3639 1607 3737 1658 μυ-

2170 1680 2363 1750 στήρια
2400 1681 2688 1750 πρόχειρος
2721 1683 2785 1733 ἐκ
2811 1681 2917 1734 τῶν
2973 1681 3416 1751 ὁμολογουμένων
3444 1683 3471 1733 ὁ
3501 1680 3735 1749 ἔλεγχος.

2170 1771 2266 1834 Τίς
2299 1771 2406 1842 γὰρ
2437 1775 2536 1825 οὑκ
2564 1769 2725 1834 οἶδεν,
2751 1773 2831 1826 ὅτι
2857 1774 3108 1845 γέννησις
3137 1775 3286 1844 ἡμᾶς
3313 1776 3390 1836 εἰς
3416 1773 3512 1844 τὴν
3551 1773 3738 1843 ἀληθι-

2169 1862 2264 1930 νήν
2290 1878 2350 1913 τε
2375 1863 2465 1914 καὶ
2498 1862 2774 1933 μακαρίαν
2799 1863 2991 1931 ἀνάγει
3032 1861 3175 1934 ζωὴν
3203 1905 3216 1925 ,
3246 1865 3344 1932 οὑχ
3381 1866 3414 1933 ἡ
3441 1862 3576 1932 αὑτὴ
3607 1860 3738 1917 οὖσα

2165 1955 2232 2022 τῇ
2272 1952 2330 2016 ἐξ
2375 1953 2621 2023 αἱμάτων
2659 1954 2748 2007 καὶ
2795 1953 3096 2025 θελήματος
3129 1955 3328 2025 σαρκὸς
3357 1955 3736 2024 συνισταμένῃ,

2169 2044 2226 2093 έν
2324 2044 2418 2096 καὶ
2453 2043 2609 2113 ῥύσις
2636 2084 2650 2108 ,
2686 2045 2780 2098 καὶ
2818 2047 2851 2115 ἡ
2904 2044 3171 2115 μεταϐολὴ
3202 2045 3294 2098 καὶ
3326 2046 3358 2115 ὴ
3409 2046 3527 2098 κατ’
3562 2045 3738 2113 ὀλίγον

2168 2133 2617 2202 προστελείωσις,
2649 2136 2744 2188 καὶ
2770 2137 2870 2190 ὅσα
2897 2137 3032 2190 ἄλλα
3063 2137 3189 2208 περὶ
3222 2137 3427 2207 ταύτην
3455 2137 3739 2206 θεωρεῖται

2165 2223 2265 2291 τὴν
2289 2223 2562 2294 γέννησιν;
2605 2225 2669 2279 Ἡ
2693 2227 2748 2279 δὲ
2778 2228 2938 2298 ἑτέρα
2971 2231 3035 2281 ὲκ
3062 2229 3156 2281 τοῦ
3181 2228 3315 2281 Θεοῦ
3346 2231 3438 2282 καὶ
3467 2230 3739 2299 οὐράνιος⁹

2166 2314 2262 2366 καὶ
2289 2310 2470 2378 καθώς
2512 2333 2646 2388 φησι
2673 2318 2734 2370 τὸ
2773 2319 3134 2386 Εὑαγγέλιον,
3175 2319 3379 2373 ἄνωθεν
3406 2315 3544 2374 εἶναι
3579 2337 3738 2374 πεπι-

2169 2406 2460 2476 στευμένη,
2490 2409 2611 2479 ήτις
2637 2409 2705 2464 τὰ
2732 2411 2930 2481 σαρκὸς
2955 2411 3049 2465 καὶ
3081 2413 3309 2483 αἵματος
3337 2411 3398 2465 οὑ
3441 2412 3739 2483 παραδέχε-

2166 2514 2252 2549 ται
2287 2497 2457 2570 πάθη.

2237 2760 2308 2812 Ἢ
2348 2760 2774 2830 τολμησάτωσαν
2815 2761 2864 2814 οἱ
2905 2761 3138 2815 ἐναντίοι
3178 2759 3287 2814 τῶν
3320 2760 3412 2814 δύο
3457 2759 3517 2813 τὺ
3556 2759 3742 2831 ἕτερον

2167 2849 2584 2919 ἀποφήνασθαι,
2628 2850 2661 2920 ἢ
2699 2850 2773 2920 μὴ
2808 2845 2946 2902 εἶναι
2994 2850 3094 2921 τὴν
3139 2849 3343 2903 ἄνωθεν
3385 2849 3662 2918 γέννησιν,
3703 2849 3737 2918 ἢ

2170 2939 2260 2992 διά
2292 2939 2499 3003 πάθους
2543 2937 2704 2994 εἶναι.
2755 2940 2915 2993 Ἀλλά
2950 2941 3056 3012 μὴν
3083 2941 3178 2992 καὶ
3203 2936 3340 2994 εἶναι
3367 2939 3738 3002 συντίθενται,

2167 3033 2260 3086 καὶ
2297 3034 2358 3086 τὸ
2390 3033 2560 3096 πάθος
2585 3035 2674 3085 ἐπ’
2705 3034 2877 3098 αὑτῆς
2911 3034 3011 3103 οὑχ
3043 3033 3384 3104 εὑρίσκουσιν
3407 3049 3420 3062 ο
3453 3031 3650 3086 οὑκοὺν
3675 3033 3735 3086 οὑ

487 3135 658 3203 igitur
689 3138 872 3191 omnis
901 3139 1182 3206 generatio
1227 3155 1351 3192 cum
1383 3140 1582 3194 alfectu
1620 3141 1749 3196 data
1790 3143 2061 3210 cohaeret;

2168 3126 2318 3177 πᾶσα
2345 3123 2600 3194 γέννησις
2628 3123 2706 3194 τῷ
2740 3125 2902 3177 πάθει
2925 3124 3279 3194 συμπέφυκεν
3297 3140 3310 3153 ·
3339 3123 3454 3178 ἀλλ’
3487 3125 3740 3194 ἐμπαθὴς

487 3225 584 3281 sed
615 3243 738 3296 quas
773 3227 1062 3284 affectibus
1096 3231 1338 3284 obnoxia
1368 3241 1453 3286 est
1485 3240 1539 3285 et
1577 3233 1769 3299 indita,
1809 3235 2067 3288 materia-

490 3319 561 3372 lis
586 3359 601 3381 ,
628 3335 751 3389 qua:
779 3336 910 3375 vero
941 3321 1234 3376 affectuum
1271 3332 1355 3377 cst
1385 3339 1582 3393 expers
1616 3332 1668 3379 et
1693 3342 1847 3395 pura,
1874 3327 2066 3381 imma-

491 3411 699 3467 terialis
729 3423 834 3468 est.
882 3413 1016 3480 Quae
1058 3415 1224 3484 igitur
1259 3417 1585 3478 necessitas,
1632 3434 1754 3487 qua:
1787 3420 1872 3474 vis
1918 3422 2066 3491 cogit

487 3517 551 3554 ea
573 3517 694 3570 qua:
712 3511 843 3558 sunt
867 3505 1051 3559 carnis
1092 3509 1336 3575 propria,
1368 3508 1801 3578 incorrruptibili
1833 3510 1953 3564 Filii
1983 3528 2070 3581 ge-

488 3595 758 3650 nerationi
787 3595 1037 3651 alfricare
1064 3606 1118 3652 et
1145 3613 1458 3668 aspergere,
1499 3608 1552 3654 et
1582 3600 1914 3655 ludificando
1945 3619 2066 3657 car-

489 3691 666 3744 nalem
688 3692 830 3745 hanc
855 3698 909 3745 et
946 3691 1187 3744 infimam
1213 3695 1621 3761 generationem
1647 3695 1901 3749 indecora
1927 3698 2066 3768 phy-

489 3780 741 3851 siologia,
771 3795 801 3834 a
833 3791 1062 3851 paterna
1093 3780 1468 3837 familiaritate
1497 3785 1610 3838 sive
1650 3786 2064 3842 necessitudine

489 3861 685 3924 Filium
722 3872 1058 3926 excludere?
1107 3872 1260 3938 Quod
1297 3874 1344 3928 si
1377 3881 1433 3928 et
1481 3875 1534 3928 in
1583 3875 1740 3930 nobis
1785 3879 2066 3945 generatio

486 3957 708 4025 quidem
749 3959 1039 4028 utriusque
1077 3962 1204 4014 vitae
1242 3960 1351 4014 dux
1392 3969 1478 4017 est
1519 3970 1572 4016 et
1626 3965 1925 4034 magistra;
1964 3967 2062 4021 sed

487 4064 608 4116 quae
631 4064 730 4118 per
776 4064 1023 4117 carnem,
1075 4052 1314 4105 carnalis
1352 4059 1405 4107 et
1457 4052 1748 4110 affectibus
1785 4057 2060 4123 obnoxiae,

489 4139 756 4207 spiritalis
807 4155 934 4195 vero
987 4157 1155 4208 purae.
1193 4141 1302 4196 Nec
1344 4158 1533 4197 eorum
1574 4145 1668 4213 qui
1715 4147 1878 4200 modo
1924 4164 2063 4217 quo-

488 4245 707 4295 cunque
730 4230 1173 4286 Cbristianorum
1207 4251 1440 4289 numero
1465 4235 1729 4307 adscripti
1764 4247 1912 4303 sunt,
1937 4240 2064 4295 huic

487 4318 727 4373 orationi
773 4321 1066 4389 quisquam
1114 4324 1530 4389 contradixerit,
1562 4328 1838 4396 quomodo
1880 4331 1934 4385 in
1979 4332 2062 4384 di-

486 4411 612 4463 vina
640 4411 1042 4479 incorruptibili
1093 4423 1289 4467 natura
1318 4414 1385 4468 de
1422 4418 1777 4484 generatione
1819 4421 2062 4490 cogitau-

2171 3218 2270 3287 μὲν
2305 3219 2338 3287 ἡ
2372 3217 2550 3284 ὑλικὴ,
2601 3215 2814 3287 καθαρά
2847 3216 2904 3269 δὲ
2932 3216 3135 3278 πάθους
3177 3217 3209 3286 ἡ
3239 3213 3420 3278 ἇῦλος.
3461 3215 3556 3278 Τίς
3587 3210 3679 3268 οὖν
3705 3217 3739 3284 ή

2167 3311 2378 3381 ἀνάγκη
2409 3311 2477 3362 τὰ
2512 3310 2713 3379 σαρκὸς
2745 3309 2850 3361 ἴδια
2871 3311 2936 3379 τῇ
2971 3308 3233 3378 ἀκηράτῳ
3259 3308 3352 3360 τοῦ
3395 3305 3524 3360 Υίοὺ
3553 3309 3741 3376 γεννή-

2171 3420 2254 3454 σει
2289 3401 2744 3472 προστρίϐεσθαι,
2783 3400 2875 3454 καὶ
2902 3400 2988 3454 διὰ
3016 3401 3110 3452 τοῦ
3151 3398 3436 3469 κωμῳδεῖν
3468 3399 3566 3469 τὴν
3591 3398 3742 3452 κάτω

2166 3495 2420 3565 γέννησιν
2451 3497 2520 3564 τῇ
2550 3494 2819 3562 ἀσχήμονι
2846 3491 3164 3560 φυσιολογίᾳ
3207 3491 3308 3559 τῆς
3357 3491 3629 3559 πατρικῆς
3660 3489 3738 3542 ot-

2166 3587 2450 3657 κειὸτητος
2479 3585 2571 3639 τὸν
2605 3585 2733 3638 Υίὸν
2764 3585 3109 3640 άποκλείειν;
3147 3584 3206 3635 El
3233 3583 3287 3635 δὲ
3329 3583 3421 3634 καὶ
3454 3582 3538 3650 ἐφ’
3581 3582 3740 3652 ήμῶν

2165 3678 2418 3746 γέννησις
2452 3676 2550 3746 μὲν
2580 3675 2847 3746 ἑκατέρας
2877 3673 3196 3744 καθηγεῖται
3233 3672 3408 3742 ζωῆςο
3440 3671 3554 3725 ἀλλ’
3580 3673 3614 3742 ή
3641 3670 3740 3741 μὲν

2165 3771 2252 3823 διά
2288 3769 2508 3840 σαρκὸς,
2539 3767 2820 3838 ὲμπαθοὺς
2841 3808 2856 3832 ,
2891 3769 2924 3836 ὴ
2958 3765 3014 3818 δὲ
3047 3764 3414 3835 πνευματικὴ,
3455 3762 3700 3833 καθαρᾶς
3723 3779 3738 3793 ⁶

2166 3865 2260 3917 καὶ
2287 3863 2385 3915 οὑκ
2403 3861 2466 3914 ἄν
2487 3879 2569 3924 τις
2590 3858 2832 3913 ἀντείποι
2848 3858 2926 3928 τῷ
2942 3859 3084 3927 λόγῳ
3101 3857 3208 3909 τῶν
3243 3853 3492 3909 ὁπωσοῦν
3519 3856 3576 3907 ἐν
3600 3856 3738 3925 Χρι-

2166 3955 2401 4016 στιανοῖς
2431 3949 2866 4022 ἀριθμουμένων,
2898 3947 3016 4010 πῶς
3048 3947 3194 3999 ἔστιν
3222 3945 3314 3998 ἐπὶ
3338 3945 3438 4014 τῆς
3459 3943 3736 4014 ἀκηράτου

2165 4046 2381 4116 φύσεως
2418 4045 2672 4114 γέννησιν
2707 4044 3038 4112 ἐννοήσαντα
3067 4039 3237 4102 πάθος
3293 4035 3732 4103 ὑπολογίζεσθαι.

2167 4140 2287 4192 Ἔτι
2315 4139 2376 4192 δὲ
2418 4137 2514 4193 καὶ
2541 4135 2702 4188 τοῦτο
2729 4137 2842 4197 τοῖς
2870 4133 3183 4204 εἰρημένους
3225 4128 3738 4201 προσεξετάσωμεν·

2163 4233 2225 4284 Εί
2256 4232 2344 4284 διὰ
2379 4231 2440 4282 τὸ
2475 4230 2602 4299 περὶ
2629 4227 2728 4298 τὴν
2759 4227 2936 4298 σάρκα
2967 4223 3138 4288 πάθος
3175 4224 3464 4279 ἀπιστοῦσι
3490 4229 3556 4296 τῇ
3589 4227 3737 4280 ἀπα-

2163 4324 2282 4393 θείᾳ
2312 4323 2410 4393 τῆς
2437 4321 2587 4384 θείας
2615 4320 2940 4389 γεννήσεως,
2974 4320 3037 4370 ὲκ
3060 4318 3168 4371 τῶν
3197 4319 3374 4370 αὑτῶν
3404 4319 3734 4390 ὑποδειγμάυ

2162 4415 2412 4469 των,τῶν
2442 4415 2499 4466 ὲν
2526 4415 2658 4484 ἡμῖν
2692 4411 2836 4480 λέγω
2857 4452 2868 4473 ,
2909 4411 3043 4481 μήτε
3072 4409 3403 4482 δημιουργὸν
3436 4413 3616 4482 άπαθῆ
3644 4411 3736 4464 τὸν

486 4512 594 4555 tem
627 4500 708 4556 fas
734 4502 805 4557 sit
833 4501 1086 4557 allectum
1130 4483 1576 4574 suspicariaHoc
1622 4509 1784 4562 etiam
1822 4513 2058 4580 amplius

2165 4505 2294 4558 Θεὸν
2322 4483 2751 4557 πιστευέτωσαν.
2785 4503 2848 4555 Εἰ
2865 4501 2974 4572 γάρ
2995 4500 3131 4571 πρὸς
3160 4501 3228 4553 τὰ
3250 4502 3490 4571 ἡμέτερα
3510 4502 3570 4553 τὸ
3583 4499 3737 4553 Θείον

483 4593 650 4647 dictis
688 4592 934 4646 additmn
981 4595 1359 4650 examinemus
1395 4619 1406 4651 :
1444 4597 1500 4650 Si
1533 4607 1756 4669 propter
1808 4601 2060 4657 affectum

484 4683 765 4738 carnalem
791 4683 946 4738 (idem
979 4684 1244 4752 derogant
1278 4688 1705 4756 impassibilitati
1749 4689 1946 4745 divinae
1969 4709 2060 4762 ge-

486 4773 814 4835 nerationis,
852 4789 918 4827 ex
956 4774 1148 4828 iisdem
1179 4777 1442 4842 exemplis
1473 4794 1594 4847 quae
1638 4789 1770 4834 sunt
1803 4781 1856 4834 in
1901 4784 2058 4837 nobis

481 4863 644 4931 dico,
675 4879 854 4934 neque
892 4865 1070 4934 ipsum
1103 4866 1290 4919 mundi
1316 4864 1662 4923 Conditorem
1705 4871 1774 4924 ab
1803 4873 1952 4925 omni
1977 4872 2061 4924 af-

485 4959 628 5010 fectu
659 4957 776 5011 sive
809 4959 1069 5026 passione
1099 4958 1329 5013 liberum
1356 4966 1412 5014 et
1437 4974 1670 5014 vacuum
1709 4962 1961 5017 credant.
1997 4963 2053 5017 Si

480 5047 626 5100 enim
657 5048 897 5102 lnunano
937 5065 1089 5103 more
1132 5049 1371 5104 divinam
1405 5053 1742 5120 majestatem
1785 5054 2054 5123 judicant,

479 5154 660 5208 neque
713 5139 881 5194 Deum
927 5155 1190 5210 generare
1245 5157 1422 5210 neque
1480 5157 1669 5198 creare
1714 5143 2056 5198 confitebun-

479 5241 572 5284 tur
621 5250 635 5286 :
681 5233 876 5287 horum
920 5235 1066 5289 enim
1147 5245 1400 5288 neutrum
1463 5236 1518 5289 in
1587 5237 1748 5292 nobis
1797 5236 2050 5292 efﬁcitur.

2161 4597 2458 4667 κρίνουσιν,
2487 4595 2610 4648 οὑτε
2645 4595 2837 4664 γεννᾷν
2869 4593 2958 4646 τὸν
2989 4590 3120 4646 Θεὸν
3153 4591 3275 4646 οὔτε
3312 4593 3515 4656 κτίζειν
3548 4593 3738 4662 ὁμολο-

2162 4688 2419 4755 γήσουσι⁹
2445 4683 2649 4736 τούτων
2679 4683 2786 4754 γὰρ
2813 4681 2925 4734 οὑθ’
2957 4681 3142 4751 ἕτερον
3173 4685 3230 4734 ὲν
3268 4684 3399 4752 ἡμῖν
3433 4685 3735 4753 ἐνεργεῖται

2162 4777 2182 4850 [
2203 4778 2326 4847 δίχα
2346 4776 2508 4828 πόνου
2532 4776 2624 4828 καὶ
2653 4772 2912 4845 ὑλης(α)].
2938 4774 3009 4826 Ἣ
3027 4770 3117 4826 οὖν
3141 4774 3425 4846 ἀμφότερα
3453 4775 3554 4843 τῆς
3587 4773 3736 4837 θείας

2161 4868 2374 4938 φύσεως
2395 4865 2798 4937 χωριζέτωσαν,
2827 4864 2924 4934 τὴν
2948 4865 3126 4916 κτίσιν
3146 4882 3206 4917 τε
3233 4860 3324 4917 καὶ
3340 4865 3437 4932 τὴν
3459 4865 3729 4934 γέννησιν·

2163 4961 2249 5013 ἵνα
2279 4960 2346 5012 δι’
2386 4957 2662 5028 ἑκατέρων
2696 4955 2776 5026 τῷ
2813 4955 2932 5025 Θεῷ
2975 4956 3072 5026 τὴν
3106 4956 3373 5008 ἀπάθειαν
3415 4956 3689 5023 φυλάξωσι
3717 4995 3732 5019 ,

2151 5053 2246 5105 καὶ
2275 5050 2504 5103 καθόλου
2532 5049 2633 5120 τὴν
2662 5050 2741 5111 είς
2764 5049 2856 5102 τὸν
2885 5048 3168 5117 Μονογενῆ
3200 5049 3382 5101 πίστιν
3410 5049 3473 5101 ὲκ
3495 5048 3588 5101 τοῦ
3616 5048 3733 5118 δόγ-

2155 5160 2321 5214 ματος
2365 5141 2548 5196 αὑτῶν
2599 5140 2976 5194 ἐκϐαλέτωσαν
3002 5182 3018 5206 ,
3068 5140 3143 5203 ὡς
3191 5140 3256 5194 ἂν
3306 5139 3412 5206 ἔξω
3460 5140 3666 5204 πάθους
3707 5143 3736 5194 ὁ

2151 5236 2342 5306 Πατὴρ
2376 5234 2719 5303 φυλάσσοιτο,
2757 5233 2893 5304 μήτε
2923 5235 2980 5285 ὲν
3012 5232 3088 5302 τῷ
3116 5234 3310 5304 γεννᾷν
3345 5233 3732 5303 μολυνόμενοςο

483 5324 578 5379 Vel
608 5325 775 5396 igitur
798 5326 959 5380 ambo
995 5341 1024 5378 a
1057 5326 1241 5380 divina
1271 5336 1490 5391 natura,
1521 5330 1854 5384 creationem
1877 5336 1930 5384 et
1961 5343 2053 5398 ge-

2165 5325 2184 5395 ῇ
2213 5327 2292 5385 εἰς
2316 5324 2376 5376 τὸ
2398 5323 2584 5394 ἕτερον
2608 5322 2835 5386 ἀπαθῶς
2852 5321 3192 5393 ἐνεργεῖσθαι
3218 5327 3537 5392 συγχωρῶσι
3582 5341 3655 5375 πα
3665 5323 3734 5393 ρὰ

482 5417 850 5484 nerationem,
879 5426 1152 5486 separent,
1192 5429 1250 5472 ut
1273 5435 1368 5490 per
1401 5428 1634 5490 utraque
1663 5418 1775 5474 Deo
1797 5419 2056 5488 impassi-

550 5561 595 5588 ²¹
624 5557 784 5614 Joan.
817 5575 858 5624 I,
889 5557 978 5614 15.

547 5699 624 5770 (ιι)
667 5697 848 5773 Uncis_
899 5695 1112 5773 incl-usa
1148 5692 1378 5773 deerant
1401 5691 1455 5744 in
1479 5705 1564 5744 ex.
1599 5688 1813 5773 ﬁnem.
1840 5719 1908 5730 —-—
1945 5686 2054 5773 Nec

479 5759 798 5840 comparent
837 5769 891 5823 in
929 5766 1091 5822 Boico
1126 5771 1179 5821 et
1204 5762 1544 5817 Liviniaueo.
1596 5759 1783 5816 Lectio
1808 5773 1938 5813 vera
1967 5765 2052 5812 est

2159 5417 2258 5487 τῆς
2289 5416 2437 5480 θείας
2466 5415 2748 5486 δυνάμεως
2774 5454 2789 5478 ,
2838 5415 2976 5485 μήτε
3008 5415 3138 5486 περὶ
3170 5413 3264 5467 τοῦ
3297 5413 3456 5468 ἄλλου
3491 5413 3734 5486 ζυγομαο

2161 5684 2514 5759 quanrbabet
2532 5682 2703 5759 codex
2730 5682 2952 5752 Boicus,
2994 5683 3200 5738 τούτων
3235 5683 3341 5755 γὰρ
3369 5685 3658 5759 οὐθέτερον
3683 5689 3742 5746 έν

2156 5751 2292 5826 ἡμῖν
2321 5751 2545 5816 ἀπαθῶς
2579 5755 2759 5823 ἐνεργ.
