4138 6364
430 463 532 520 Gil

437 575 722 648 χείτωσαν,
773 573 836 624 Εἰ
865 570 971 639 γὰρ
1009 565 1185 628 κτίζει
1218 563 1340 632 δίχα
1359 559 1536 648 *πόνου
1569 557 1664 609 καὶ
1699 552 1832 622 ὕλης
1863 590 1876 614 ,

437 645 603 732 γεννᾷ
633 659 852 721 πάντως
880 657 1001 726 δίχα
1033 655 1196 707 πόνου
1222 652 1317 704 καὶ
1346 645 1607 714 ρεύσεως.

1557 439 1836 497 CONTRA
1876 429 2266 494 EUNO‘MIUM,
2309 428 2437 483 LIB.
2475 429 2563 483 IV.

1909 548 2004 602 καὶ
2036 553 2081 609 Α
2111 545 2375 599 bilitatem
2403 544 2521 598 sive
2571 541 2861 595 affectuum
2894 537 3224 591 vacuitatem
3260 528 3609 594 custodiant;
3643 536 3696 578 et

2113 637 2362 693 funditus
2407 637 2718 691 universam
2760 632 2815 686 in
2846 630 3200 702 Unigenitum
3235 625 3392 680 ﬁdem
3426 635 3528 676 suo
3563 620 3695 688 dog-

3592 412 3696 466 (ἶίὲ

441 713 896 819 maleexpellant,
1018 743 1180 797 Pater
1209 713 1363 796 extra
1398 736 1653 790 affectum
1693 727 2076 790 custodiatur,
2116 742 2296 796 neque
2337 726 2393 781 in
2457 725 2770 796 generando
2846 722 3292 786 contaminetur;
3343 717 3424 769 vel
3477 713 3542 767 ad
3621 714 3701 819 al-

440 860 616 905 terum
637 803 829 913 “gmpe
859 803 1269 911 ίέηρδεείδῑιίιρι-
1296 834 1409 888 sive
1433 831 1641 897 absque
1667 827 1779 880 ullo
1802 821 2003 874 affectu
2044 821 2259 888 operari
2314 817 2552 872 divinam
2589 818 2852 870 virtutem
2880 813 3210 873 concedant,
3245 824 3424 913 neque
3464 807 3561 913 Ide
3626 803 3702 857 al-

603 901 957 992 alterc-cntur:
1004 928 1061 983 Si
1094 929 1238 983 enim
1289 935 1442 979 creat
1479 923 1688 989 absque
1725 917 1916 970 labore
1958 918 2013 964 et
2053 911 2296 964 materia.
2346 912 2514 965 etiam
2583 917 2809 980 generat
2874 922 3105 978 prorSUs
3152 904 3362 973 absque
3408 901 3599 955 labore
3648 904 3702 950 et

446 1032 612 1086 ﬂuxu.

520 1125 670 1194 Ἔχω
705 1122 761 1175 δέ
787 1120 947 1175 πάλιν
975 1117 1070 1170 καὶ
1100 1114 1236 1186 πρὸς
1270 1111 1457 1166 τοῦτον
1486 1109 1578 1163 τὸν
1608 1106 1767 1174 λόγον
1795 1113 2024 1194 συνηγο-

451 1217 645 1292 ροῦντά
680 1232 768 1286 μοι
795 1216 888 1265 τὸν
915 1210 1194 1280 Εὐνόμιον.
1220 1205 1370 1270 Λέξω
1390 1203 1447 1255 δέ
1470 1196 1748 1269 συντεμὼν
1778 1197 1836 1292 ἐν
1862 1193 2024 1292 ὀλίγῳ

447 1282 544 1383 τὴν
576 1282 845 1380 φλυαρίαν
877 1303 1040 1359 αὑτοῦ
1061 1345 1074 1364 ,
1097 1302 1278 1354 πᾶσαν
1299 1296 1388 1350 διὰ
1423 1292 1668 1366 βραχέων
1703 1282 2022 1383 ἐπιδρα-μίον

448 1376 548 1476 την
580 1376 844 1456 διάνοιαν·
877 1399 962 1450 ὅτι
1009 1396 1070 1447 Ol
1105 1393 1403 1458 ἄνθρωποι
1442 1388 1513 1440 οὐ
1551 1386 1658 1448 τὰς
1688 1382 1844 1445 ὕλας
1879 1376 2026 1445 ’ἡμῖν

450 1472 1020 1551 κατασκευάζουσιν,
1061 1482 1223 1540 ἀλλὰ
1251 1482 1314 1534 τὸ
1357 1476 1516 1542 εἶδος
1552 1476 1748 1545 μόνον
1790 1472 2025 1536 ἐπιτεχ-

450 1744 706 1842 γεννήῖσει
733 1765 994 1838 σύλληψιν
1025 1762 1115 1816 καὶ
1143 1758 1432 1813 διάπλασιν
1465 1751 1662 1844 ἐννοῶν
1692 1744 2026 1816 ἀπαγορεύει

451 1865 538 1917 διὰ
557 1839 716 1916 τοῦτο
743 1859 841 1929 τὴν
870 1854 1115 1926 καθαρὰν
1149 1851 1248 1921 τῆς
1281 1839 1591 1918 γεννήσεως
1633 1842 1864 1902 ἔννοιαν,
1897 1839 2027 1890 ἁκο-

2200 1089 2382 1145 llabeo
2402 1098 2583 1144 autem
2613 1105 2806 1144 rursus
2829 1088 2895 1143 ad
2921 1088 3060 1140 hanc
3081 1086 3346 1140 rationem
3368 1085 3498 1138 mihi
3517 1093 3702 1154 patro-

2126 1183 2398 1236 cinantem
2473 1183 2820 1236 Eunomium.
2900 1179 3133 1233 Concisa
3210 1186 3390 1230 autem
3464 1178 3706 1231 breviter

2126 1273 2248 1342 ejus
2283 1273 2593 1342 importuna
2625 1273 2970 1343 garrulitate,
2993 1286 3208 1324 omnem
3245 1271 3437 1338 paucis
3464 1272 3706 1340 comple-

2127 1373 2248 1418 ctar
2282 1365 2608 1419 sententiam
2643 1381 2655 1419 :
2686 1365 2828 1433 quod
2858 1363 3092 1415 homines
3138 1376 3239 1412 non
3272 1362 3524 1413 materias
3549 1361 3698 1414 nobis

2140 1463 2474 1518 construunt,
2512 1452 2600 1507 sed
2635 1454 2854 1522 speciem
2898 1453 3066 1505 solum
3095 1453 3149 1504 in
3188 1453 3414 1504 materia
3445 1451 3710 1520 fabrican-

2129 1554 2236 1599 tur.
2268 1543 2394 1598 Haec
2419 1551 2502 1599 est
2533 1558 2720 1598 eorum
2756 1558 2876 1612 quae
2898 1544 2964 1597 ab
2990 1544 3126 1612 ipsis
3151 1543 3339 1596 multis
3367 1543 3528 1611 nugis
3560 1542 3707 1594 dicta

2133 1644 2287 1700 sunt,
2332 1637 2625 1692 sententia.
2666 1634 2722 1688 Si
2762 1636 2929 1704 igitur
2967 1647 3251 1703 propterea
3289 1634 3435 1702 quod
3492 1635 3546 1687 in
3601 1633 3709 1686 ima

2133 1728 2489 1798 generatione
2516 1729 2926 1797 conceptionem
2949 1735 3003 1780 et
3037 1725 3528 1780 conformationem
3557 1725 3714 1778 intel-

2134 1818 2274 1889 ligit,
2335 1819 2545 1873 idcirco
2607 1835 2801 1889 puram
2860 1817 3234 1888 generationis
3285 1817 3712 1870 intellectionem

974 1909 1138 2001 αύτδν
1177 1909 1336 2010 λόγον
1369 1909 1471 2008 τῆς
1501 1931 1605 1990 ὧδε
1632 1933 1864 1993 κτίσεως
1904 1927 2032 2017 περ).

2161 1910 2435 1980 'epudiat;
2459 1917 2863 1978 consequenter
2879 1925 2975 1978 per
3004 1909 3250 1964 eamdem
3278 1911 3543 1964 rationem
3563 1923 3716 1962 crea-

467 2048 528 2100 τὺ
557 2042 692 2106 εἶδος
719 2039 986 2108 πονούσης
1003 2077 1016 2100 ,
1041 2036 1172 2106 ὓλην
1193 2035 1248 2087 δὲ
1271 2026 1680 2098 συνεκπορίζειν
1705 2022 1783 2093 τῷ
1805 2021 1934 2074 εῖδει
1958 2015 2034 2088 μὴ

455 2137 789 2210 δυναμένης,
837 2129 1231 2201 ἁπαγορευέτω
1272 2123 1362 2178 διὰ
1392 2118 1674 2210 τοῦτοκαὶ
1705 2110 2036 2210 δημιουργὸν

459 2202 604 2286 εἷναί
625 2202 728 2281 τὸν⁷
747 2223 966 2294 Πατέρα
995 2220 1224 2275 οἴεσθαι.
1257 2219 1323 2273 Εἰ
1351 2215 1408 2268 δὲ
1438 2213 1512 2286 μὴ
1545 2208 1792 2283 βούλετάι
1814 2202 1958 2258 κατὰ
1977 2202 2038 2254 τὸ

459 2321 798 2394 ἀνθρώπινον
826 2318 927 2388 τῆς
968 2313 1252 2384 δυνάμεως
1295 2309 1490 2380 μέτρον
1521 2303 1618 2357 ἐπὶ
1648 2299 1744 2354 τοῦ
1773 2297 1909 2351 Θεοῦ
1939 2295 2038 2367 τὴν

459 2415 638 2469 κτίσιν
667 2414 828 2477 νοεῖν,
855 2408 988 2480 μηδέ
1015 2405 1114 2475 τὴν
1145 2403 1297 2456 θείαν
1323 2400 1575 2470 γέννησιν
1604 2395 1668 2446 ἐκ
1689 2391 1797 2445 τῶν
1830 2387 2040 2459 ἀνορω-

462 2507 634 2560 πίνων
663 2479 982 2558 διαϐαλέτω.
1028 2498 1115 2559 Ὠς
1141 2495 1184 2548 δ’
1213 2494 1278 2547 ἂν
1315 2491 1512 2563 μᾶλλον
1536 2485 1700 2542 αὐτοῦ
1726 2484 1788 2536 τὸ
1815 2479 2042 2551 ἀκριϐές

462 2618 521 2653 τε
571 2597 666 2651 καὶ
701 2589 1173 2666 περιεσκεμμένον
1223 2588 1280 2638 ἐν
1306 2586 1416 2645 τοῖς
1467 2579 1781 2650 λεγομένοις
1811 2570 2042 2642 φανερὸν

471 2689 774 2759 κατασταίη
797 2729 810 2749 ,
837 2685 1031 2757 μικρόν
1059 2702 1115 2737 τι
1136 2681 1244 2736 τῶν
1271 2679 1400 2750 παρ’
1430 2674 1608 2729 αὐτῶν
1643 2668 1916 2742 ῥηθέντων
1939 2665 2044 2717 πά-

468 2786 553 2840 λιν
588 2781 900 2852 ἐπαναλήψο
908 2793 1004 2850 μεν

537 3046 675 3117 Φησὶ
697 3043 805 3114 γὰρ
846 3040 922 3094 τὰ
943 3035 1233 3092 ποιοῦντα
1259 3031 1362 3086 καὶ
1391 3030 1708 3097 πάσχοντα
1737 3019 2050 3077 κοινωνεῖν

471 3111 907 3206 ἀλληλοις-τῆς
933 3130 1192 3200 φύσεως,
1215 3126 1308 3178 καὶ¹
1340 3122 1475 3193 μετὰ
1521 3119 1632 3186 τὴν
1655 3117 1723 3169 ἐκ
1761 3111 2051 3206 σωμάτων

474 3226 889 3302 τέννησιν,τὰς
909 3220 1187 3290 τεχνικὰς
1213 3216 1313 3270 ἐπὶ
1343 3214 1460 3268 τῶν
1478 3210 1645 3266 ὑλῶν
1666 3205 2050 3302 δημιουργίας

475 3296 784 3378 ἐκτίθεται.
813 3312 1110 3383 Σκεψάσθω
1133 3309 1314 3363 τοίνυν
1337 3309 1364 3360 ὁ
1391 3304 1643 3374 ἀγχίνους
1669 3298 1944 3371 ἀκροατὴς
1965 3296 2052 3349 διὰ

476 3416 703 3477 τούτων,
760 3409 877 3471 πῶς
928 3407 1186 3460 ἐκπίπτει
1224 3398 1318 3453 τοῦ
1371 3398 1501 3450 ἰδίου
1551 3392 1754 3447 σκοποῦ
1805 3392 1919 3452 τοῖς
1968 3388 2054 3440 ἀεὶ

480 3507 621 3563 κατὰ
660 3505 722 3558 τὸ
757 3499 968 3572 συμϐὰν
1007 3489 1540 3565 παρευρισκομὲνοις
1581 3481 2052 3551 ἐπιπλανὼμενος.

482 3602 556 3654 Τὸ
595 3595 781 3652 ποιοῦν
811 3593 908 3646 καὶ
934 3589 1142 3658 πάσχον
1169 3587 1227 3636 ἐν
1255 3585 1368 3644 τοῖς
1394 3579 1482 3632 διὰ
1515 3576 1712 3648 σαρκὸς,
1753 3570 2058 3643 γινομένοις

483 3691 576 3744 ἐπὶ
600 3690 699 3758 τῆς
718 3685 886 3754 αὐτῆς
913 3679 1099 3742 οὐσίας
1127 3678 1228 3747 ὁρᾷ
1258 3691 1270 3703 ·
1299 3675 1373 3735 ὡς
1407 3670 1500 3722 τοῦ
1535 3669 1653 3739 μὲν,
1688 3662 2059 3758 μεταδιδόντος

485 3781 584 3849 τῆς
607 3750 824 3838 ούσίας·
844 3750 950 3826 ⁷τοῦ
977 3769 1054 3834 δὲ,
1090 3765 1427 3835 μετέχοντος.
1464 3758 1649 3819 υύτως
1678 3750 1786 3807 οἶδε
1811 3752 1877 3804 δι’
1893 3753 2061 3849 Δὀικρι-

485 3844 637 3932 Gaia;
683 3869 741 3921 ἐν
784 3867 852 3936 τῇ
899 3862 1008 3916 τῶν
1045 3860 1214 3913 όντων
1261 3854 1422 3924 φύσει
1465 3852 1596 3921 όρᾷν
1639 3847 1736 3918 τὴν
1782 3844 2060 3915 ἀλήθειαν,

490 3969 627 4019 ὥστε
664 3934 916 4031 χωρίς-ειν
955 3955 1050 4022 τῆς
1099 3950 1286 4010 οὐσίας
1337 3946 1428 3998 τὸν
1467 3939 1815 4013 μεταδιδόντα
1847 3936 1940 3989 καὶ
1973 3934 2064 3985 τὸν

495 4055 790 4127 μετέχοντα
814 4089 830 4113 ,
878 4047 971 4100 καὶ
1010 4043 1165 4098 ἄλλον
1206 4041 1291 4108 ἐφ’
1338 4034 1530 4090 ἐαυτοῦ
1573 4033 1695 4101 δίχα
1735 4029 1834 4097 τῆς
1867 4026 2056 4085 οὐσίας
2131 4082 2141 4088 ᾗ

494 4119 838 4211 εἷναι-λέγειν
871 4138 1076 4192 τούτων
1111 4133 1388 4202 ἑκάτερον.
1423 4129 1482 4180 '0
1504 4127 1612 4196 γὰρ
1636 4119 2066 4211 μεταλαμϐάνων

493 4241 529 4310 ὴ
568 4209 878 4309 μεταδιδοὺς
901 4272 915 4293 ,
946 4231 1132 4300 ἕτερος
1167 4225 1384 4286 πάντως
1417 4221 1532 4273 ἐστὶ
1563 4216 1713 4288 παρὰ
1737 4215 1798 4267 τὸ
1848 4209 2068 4310 μετεχόῐ

500 4301 655 4400 μενόν
683 4343 742 4379 τε
773 4324 866 4377 καὶ
887 4321 1177 4390 διδόμενον.
1216 4317 1304 4378 Ὠς
1334 4315 1440 4366 δεῖν
1473 4311 1734 4400 πρότερον
1761 4307 1842 4374 ἐφ’
1874 4301 2069 4400 eae—1.02

493 4389 730 4474 νοεῖσθαί
765 4432 886 4468 τινα
923 4389 1044 4466 καθ’
1091 4409 1386 4462 ὑπόστασιν
1439 4404 1576 4456 ἰδίαν
1605 4399 1904 4470 ὁρώμενον.
1952 4389 2070 4447 Εἶθ’

497 4512 638 4564 οὕτω
665 4509 844 4576 λέγειν
872 4505 1001 4576 περὶ
1036 4501 1199 4557 αὐτοῦ
1241 4500 1274 4570 ἢ
1305 4498 1522 4560 διδόναι,
1573 4495 1604 4566 ἢ
1656 4493 1798 4562 ἔχειν
1822 4527 1836 4555 ,
1867 4489 1901 4559 ἢ
1929 4487 1958 4541 ὃ
1999 4487 2072 4556 μὴ

2138 2003 2305 2056 tionis
2356 2019 2476 2072 qua:
2505 2003 2592 2056 hic
2641 2003 2698 2054 fit
2748 2017 2845 2070 per
2889 2011 3086 2065 artem,
3127 2017 3250 2068 quae
3300 2001 3520 2070 quidem
3567 1999 3714 2054 circa

2139 2092 2369 2146 formam
2421 2100 2474 2145 et
2525 2092 2760 2160 speciem
2801 2090 3034 2153 laborat,
3071 2089 3164 2144 sed
3195 2090 3472 2141 materiam
3525 2088 3715 2142 format

2138 2184 2562 2238 subministrare
2593 2199 2700 2236 non
2717 2183 2876 2244 valet,
2896 2183 2999 2236 hac
3019 2181 3184 2236 etiam
3217 2181 3284 2235 de
3307 2196 3472 2235 causa
3501 2181 3716 2234 Patrem

2138 2275 2329 2331 mundi
2393 2275 2647 2345 opiﬁcem
2700 2290 2825 2329 esse
2877 2281 3023 2328 vetet
3075 2274 3416 2327 existimare.
3471 2271 3626 2338 Quod
3672 2273 3717 2326 si

2140 2383 2254 2420 non
2279 2366 2393 2420 vult
2416 2365 2718 2420 secundum
2757 2363 3057 2417 humanum
3095 2362 3352 2432 potentiae
3391 2363 3612 2415 modum
3663 2363 3718 2415 in

2154 2457 2266 2513 Deo
2292 2467 2600 2512 creaturam
2643 2457 2970 2525 intelligere,
2993 2471 3171 2525 neque
3201 2455 3439 2509 divinam
3483 2469 3717 2523 genera-

2144 2547 2346 2602 tionem
2371 2563 2437 2602 ex
2463 2547 2532 2601 iis
2553 2563 2675 2617 qua:
2703 2547 3022 2600 hominibus
3045 2546 3304 2600 accidunt
3333 2547 3718 2602 calunmietur.

2146 2639 2219 2693 Ut
2253 2648 2436 2693 autem
2466 2638 2586 2707 ejus
2627 2639 2904 2693 subtilitas
2953 2647 3006 2692 et
3051 2647 3307 2692 accurata
3352 2639 3724 2693 consideratio

2145 2733 2204 2787 in
2239 2733 2405 2788 dictis
2459 2731 2806 2786 manifestior
2838 2741 2892 2786 et
2933 2731 3139 2785 clarior
3189 2732 3582 2792 constituatur,
3610 2733 3727 2786 exi-

2148 2841 2314 2895 guum
2349 2824 2608 2893 quiddam
2639 2839 2828 2876 eorum
2859 2838 2980 2880 uiue
3009 2823 3078 2876 ab
3111 2823 3244 2892 ipsis
3272 2822 3419 2877 dicta
3445 2833 3596 2890 sunt,
3630 2825 3722 2877 ite-

2149 2931 2273 2969 rum
2308 2926 2642 2984 repetemus.

2220 3006 2313 3060 Ait
2339 3007 2505 3071 enim,
2539 3006 2671 3072 Qua:
2713 3015 2872 3076 agunt
2903 3015 2952 3060 et
2981 3007 3258 3074 patiuntur
3287 3023 3615 3059 communem
3646 3006 3730 3059 in-

2157 3105 2232 3150 ter
2256 3114 2310 3150 se
2337 3108 2583 3150 naturam
2617 3096 2842 3159 habere;
2889 3106 2946 3150 et
2983 3106 3105 3165 post
3197 3099 3584 3163 generationem
3613 3113 3730 3166 qum

2155 3191 2214 3258 ﬁt
2264 3204 2328 3242 ea:
2354 3187 3010 3255 corporibus,artiﬁciosas
3046 3188 3102 3239 in
3135 3189 3368 3240 materiis
3404 3204 3617 3254 operum
3651 3188 3731 3254 el-

2157 3281 2405 3350 feetiones
2439 3282 2672 3348 exponit.
2699 3279 2773 3332 Ex
2815 3279 2902 3334 his
2933 3280 3115 3349 itaque
3137 3281 3309 3333 solers
3341 3289 3394 3332 et
3420 3291 3614 3334 acutus
3636 3295 3734 3332 au-

2155 3373 2302 3426 ditor
2325 3371 2658 3433 consideret,
2710 3371 2985 3438 quomodo
3015 3387 3045 3424 ξι
3098 3372 3380 3439 proposito
3426 3385 3527 3425 suo
3567 3386 3735 3440 scopo

2158 3463 2361 3518 excidit
2388 3478 2608 3532 semper
2633 3463 2686 3515 in
2716 3462 2802 3516 his
2831 3476 2951 3531 quae
2978 3461 3204 3514 fortuito
3234 3473 3287 3516 et
3328 3478 3395 3516 ex
3423 3469 3620 3517 eventu
3653 3463 3737 3516 in—

2159 3557 2311 3610 venit
2341 3557 2628 3610 aberraus.
2683 3554 2839 3621 Quod
2875 3555 2986 3625 agit
3026 3562 3079 3609 et
3127 3556 3332 3624 patitur
3374 3556 3427 3610 in
3475 3555 3562 3611 his
3617 3570 3739 3624 quae

2163 3663 2258 3717 per
2288 3662 2509 3700 carnem
2567 3647 2869 3717 gignuntur
2928 3647 2983 3699 in
3042 3646 3231 3700 eadem
3287 3647 3527 3702 essentia
3569 3648 3737 3713 videt;

2163 3755 2287 3794 cum
2342 3739 2477 3792 illud
2526 3739 2749 3808 quidem
2796 3752 2952 3792 suam
2997 3740 3293 3792 essentiam
3346 3741 3735 3803 communicet,

2167 3833 2269 3886 hoc
2296 3847 2425 3886 vero
2456 3832 2766 3900 participet.
2797 3831 2888 3884 Sic
2924 3831 2980 3884 in
3006 3845 3198 3885 eorum
3227 3847 3348 3898 quae
3388 3840 3518 3884 sunt
3542 3841 3742 3885 natura

2168 3925 2441 3979 subtiliter
2473 3936 2526 3978 et
2563 3935 2819 3977 accurate
2854 3926 3007 3977 novit
3037 3925 3326 3977 veritatem
3371 3940 3623 3988 cernere,
3668 3926 3743 3999 ita

2170 4027 2229 4070 ut
2255 4019 2322 4070 ab
2343 4017 2584 4071 essentia
2619 4024 2837 4084 separet
2873 4026 2925 4069 et
2956 4016 3231 4070 distrahat
3275 4033 3398 4068 eum
3434 4018 3527 4085 qui
3574 4018 3747 4085 parti-

2171 4111 2344 4180 ('ipcm
2375 4110 2525 4174 facit,
2576 4119 2631 4163 et
2664 4125 2787 4163 eum
2818 4110 2910 4177 qui
2947 4109 3222 4178 particeps
3263 4108 3527 4176 cflicitur;
3584 4118 3750 4178 atque

2172 4202 2338 4254 alium
2386 4201 2440 4253 in
2464 4201 2646 4268 seipse
2691 4200 2830 4253 citra
2884 4200 3178 4254 essentiam
3224 4201 3414 4252 horum
3454 4209 3750 4270 utrumque

2173 4293 2321 4347 dicat
2348 4308 2492 4349 esse.
2525 4291 2628 4358 Qui
2658 4293 2802 4346 enim
2830 4292 3107 4362 particeps
3136 4302 3241 4356 est,
3273 4292 3354 4344 vel
3380 4291 3472 4360 qui
3503 4307 3752 4346 comnm-

2176 4386 2346 4448 nicat,
2384 4385 2525 4438 alius
2571 4384 2799 4436 omnino
2845 4392 2931 4439 est
2979 4385 3048 4437 ab
3082 4397 3148 4436 eo
3189 4382 3335 4452 quod
3391 4385 3753 4453 participatur

2175 4478 2258 4531 vel
2288 4477 2746 4530 communicatur.
2786 4473 2860 4528 lta
2893 4484 2953 4528 ut
2995 4475 3149 4543 prius
3181 4481 3433 4542 oporteat
3467 4475 3522 4528 in
3569 4477 3754 4545 seipse

500 4602 720 4676 προέχει
755 4596 1098 4669 προσίεσθαι.
1132 4593 1242 4647 Καὶ
1279 4591 1470 4645 τοῦτον
1498 4586 1666 4649 οὕτως
1702 4582 2062 4650 ἐπιγελάστως

2179 4569 2409 4637 intelligi
2433 4569 2665 4636 aliquem
2700 4569 2791 4636 qui
2836 4568 2890 4619 in
2924 4570 3148 4636 prOpria
3185 4567 3288 4622 sibi
3339 4569 3576 4636 quadam
3624 4569 3755 4623 sub-

501 4675 774 4757 ἐκπτύσας
805 4691 895 4743 τον
939 4688 1118 4756 λόγον,
1164 4685 1241 4755 τῷ
1270 4683 1466 4753 ἐφεξῆς
1510 4680 1669 4733 πάλιν
1715 4675 1908 4730 ἑαυτὸν
1949 4675 2079 4726 ἀνα-

503 4783 718 4851 τρέπων
745 4784 772 4834 ὁ
801 4779 959 4847 σοφὸς
995 4779 1093 4829 ούκ
1124 4774 1456 4828 αἰσθάνεται.
1491 4772 1600 4823 Καὶ
1623 4769 1732 4838 γὰρ
1759 4768 1786 4818 ὁ
1818 4765 1914 4835 τὴν
1947 4764 2081 4815 ὑπο-

506 4875 767 4945 κειμένην
797 4871 927 4942 ὖλην
957 4869 1044 4922 διὰ
1074 4868 1170 4935 τῆς
1189 4866 1384 4934 τέχνης
1411 4862 1542 4933 πρὸς
1560 4860 1619 4912 τὸ
1649 4856 1838 4912 δοκοῦν
1867 4869 2082 4945 σχημα-

507 4964 692 5028 τίζων,
725 4963 869 5014 ποιεί
898 4977 950 5012 τι
981 4958 1196 5018 πάντως
1219 4954 1306 5007 διὰ
1335 4953 1434 5021 τῆς
1463 4949 1763 5020 ἐνεργείας,
1795 4944 1887 4998 καὶ
1921 4946 1954 5014 ἡ
1983 4942 2082 5012 ὕλη

509 5057 662 5128 παρὰ
695 5054 790 5108 τοῦ
824 5051 1172 5123 ἐνεργοῦντος
1199 5047 1295 5118 τὴν
1322 5045 1515 5115 τέχνην
1546 5045 1603 5094 ἐν
1631 5040 1707 5111 τῷ
1742 5039 1970 5106 πάσχειν
1994 5035 2084 5087 τὸν

516 5127 894 5221 σχηματισμὸν
928 5142 1264 5212 ἀναδέχεται.
1311 5141 1385 5191 Οὐ
1416 5138 1525 5205 γὰρ
1554 5135 1771 5202 ἀπαθὴς
1809 5131 1904 5183 καὶ
1935 5127 2086 5221 ἀντί-

514 5258 681 5304 τυπος
723 5241 757 5306 ἡ
791 5236 893 5306 ὖλη
944 5235 1215 5304 μένουσα,
1250 5229 1347 5300 τὴν
1388 5230 1451 5280 ἐκ
1480 5227 1578 5296 τῆς
1628 5224 1824 5293 τέχνης
1874 5219 2087 5290 μορφὴν

517 5332 898 5402 παραδέχεται.
943 5327 1005 5381 Εἰ
1048 5324 1226 5377 τοίνυν
1275 5321 1370 5374 καὶ
1408 5320 1500 5371 ἐπὶ
1551 5315 1656 5369 τῶν
1710 5313 1851 5366 κατὰ
1896 5311 2091 5381 τέχνην

518 5423 925 5494 ἐνεργουμένων
975 5419 1075 5471 οὐκ
1117 5417 1183 5471 ἄν
1230 5432 1282 5468 τι
1325 5413 1572 5482 γένοιτο,
1618 5407 1693 5479 μὴ
1744 5403 1950 5467 πάθους
1999 5402 2094 5455 καὶ

519 5517 800 5587 ἐνεργείας
836 5509 1353 5582 συνδεδραμηκότων
1397 5503 1645 5575 ἀλλήλοις
1679 5499 1815 5569 πρὸς
1857 5496 1919 5550 τὸ
1951 5496 2095 5566 γινό-

527 5625 721 5680 μενον,
773 5607 888 5671 πῶς
926 5606 1042 5658 ἐστι
1079 5604 1166 5656 διὰ
1212 5601 1416 5655 τούτων
1465 5596 1751 5667 ἐφιστάναι
1795 5595 1910 5656 τοῖς
1965 5590 2095 5661 παρ’

525 5699 714 5752 ἑαυτοῦ
743 5697 1055 5768 λεγομένοις
1078 5695 1169 5748 τὸν
1191 5691 1528 5762 λογογράφον
1555 5685 1782 5750 οἴεσθαι,
1805 5685 1863 5747 ὃς
1897 5685 1954 5736 ἐν
1987 5682 2098 5735 πά⁴

528 5790 612 5842 Os:
637 5791 732 5843 xui
758 5789 1007 5860 ἐνεργείᾳ
1038 5787 1135 5857 τὴν
1165 5783 1450 5838 κοινωνίαν
1474 5780 1572 5851 τῆς
1597 5778 1781 5839 οὐσίας
1812 5774 2100 5843 ἀποφαινό-

537 5901 717 5953 μενος,
747 5879 1043 5936 κινδυνεύει
1075 5877 1150 5950 μὴ
1183 5877 1339 5948 μόνον
1370 5872 1449 5944 τῷ
1478 5868 1788 5940 γεννηθέντι
1815 5881 2101 5938 προσμαρ-

2181 4660 2431 4716 sistentia
2462 4668 2743 4720 cernatur,
2784 4669 2895 4712 tum
2928 4659 3150 4712 demum
3193 4659 3272 4713 sic
3300 4659 3481 4712 dicere
3513 4660 3581 4713 de
3612 4660 3756 4728 ipso,

2185 4753 2265 4807 vel
2301 4753 2434 4806 dare
2465 4752 2548 4806 vel
2582 4752 2858 4820 accipere,
2889 4751 2975 4805 vel
3017 4751 3163 4819 quod
3209 4767 3318 4803 non
3376 4752 3532 4819 prius
3591 4752 3759 4806 habet

2184 4855 2458 4916 appetere.
2501 4845 2678 4913 Atque
2710 4844 2802 4898 ubi
2831 4843 2978 4896 hunc
3009 4842 3089 4896 sic
3125 4842 3419 4896 ridiculum
3446 4859 3758 4898 sermonem

2184 4939 2397 5006 expuit,
2433 4953 2497 4990 eo
2530 4936 2676 5005 quod
2707 4935 2969 5004 deinceps
3002 4935 3256 5003 sequitur
3289 4949 3480 4988 rursus
3519 4935 3762 5004 seipsum

2188 5038 2438 5083 evertere
2469 5027 2574 5080 iste
2604 5026 2827 5095 sapiens
2861 5039 2971 5078 non
3014 5025 3201 5079 sentit.
3243 5023 3457 5076 Etenim
3496 5026 3589 5093 qui
3628 5025 3762 5079 sub-

2185 5123 2386 5190 jectam
2433 5119 2718 5173 materiam
2755 5132 2852 5187 per
2895 5126 3068 5171 artem
3114 5115 3180 5169 ad
3239 5115 3294 5169 id
3344 5117 3490 5184 quod
3527 5117 3630 5170 sibi
3685 5117 3768 5169 vi-

2190 5213 2378 5274 detur,
2419 5210 2643 5280 figurat,
2691 5210 2820 5264 facit
2867 5208 3077 5278 aliquid
3125 5209 3352 5261 omnino
3400 5211 3502 5261 hac
3549 5208 3768 5262 actione

2193 5307 2312 5361 sive
2333 5305 2689 5372 Operatione:
2723 5310 2776 5355 et
2809 5301 3038 5354 materia
3077 5299 3146 5353 ab
3170 5314 3238 5353 eo
3275 5297 3368 5365 qui
3404 5307 3578 5351 artem
3611 5315 3772 5352 exer—

2195 5408 2303 5461 cet,
2351 5393 3135 5467 patiendoconformationem
3185 5391 3406 5460 accipit.
3452 5388 3572 5442 Non
3625 5391 3771 5444 enim

2196 5503 2430 5544 manens
2478 5486 2802 5556 impatibilis
2859 5492 2915 5540 et
2959 5484 3204 5538 renitens
3271 5483 3500 5536 materia
3539 5497 3604 5535 ex
3659 5491 3778 5534 arte

2199 5582 2430 5637 formam
2463 5580 2724 5635 admittit.
2751 5577 2809 5632 Si
2844 5578 3011 5648 igitur
3041 5577 3094 5630 in
3134 5577 3217 5630 his
3236 5592 3357 5646 qum
3383 5585 3501 5629 arte
3528 5573 3776 5628 eﬂiciun-

2202 5686 2289 5728 tur
2317 5673 2391 5727 nil
2421 5673 2533 5727 ﬁeri
2563 5677 2762 5741 potest,
2793 5671 2902 5725 nisi
2930 5669 3214 5740 perpessio
3253 5675 3307 5722 et
3348 5668 3492 5721 artio
3515 5669 3681 5722 simul
3707 5666 3773 5719 ad

2203 5769 2255 5822 id
2283 5767 2427 5837 quod
2469 5765 2525 5818 fit
2557 5771 2917 5824 concurrant,
2945 5759 3220 5830 quomodo
3249 5758 3554 5829 putandum
3577 5767 3662 5812 est
3685 5773 3779 5828 per

2203 5862 2319 5916 haec
2352 5859 2678 5930 scriptorem
2701 5856 2756 5910 in
2787 5853 2906 5911 suis
2930 5852 3097 5908 dictis
3121 5859 3401 5921 constare,
3443 5851 3537 5922 qui
3569 5852 3622 5905 in
3661 5866 3768 5921 per-
