4138 6364
408 432 514 485 6ιῦ

1635 421 1692 477 S.
1721 415 2047 474 GREGORII
2106 416 2191 472 Νἴ
2206 415 2396 472 SSENI

3557 414 3663 470 666

411 543 665 614 pessione
695 546 751 594 et
797 537 1016 594 actione
1055 538 1503 594 communionem
1552 537 1809 592 essentne
1856 550 1983 604 pro-

2105 535 2273 604 ξυρεῖν
2307 549 2422 596 πως
2452 531 2588 603 πρὸς
2619 529 2710 586 τὸν
2746 529 3112 601 γεγεννηκότα
3144 529 3204 582 τὸ
3231 529 3406 584 κοινὸν
3441 528 3538 600 τῆς
3571 531 3662 583 οὐ-

413 634 672 688 nuntians
699 671 714 697 ,
769 628 988 684 videtur
1037 644 1148 683 non
1187 631 1364 684 solum
1407 629 1456 682 ei
1503 630 1594 698 qui
1632 627 1848 696 genitus
1897 632 1982 679 est

412 724 711 778 attribuere
743 722 980 788 quodam
1019 721 1181 775 modo
1216 736 1340 774 cum
1370 735 1434 773 eo
1463 720 1556 788 qui
1593 717 1784 788 genuit
1815 731 1984 768 com-

411 829 630 868 munem
665 814 985 874 essentiam,
1021 827 1209 864 verum
1235 811 1398 863 etiam
1433 823 1648 862 munem
1672 813 1982 860 creaturam

411 921 536 958 cum
561 920 627 959 eo
665 905 756 973 qui
793 904 918 957 fecit
969 904 1215 970 ejusdem
1251 901 1506 955 essentia:
1545 898 1770 952 facere?
1799 896 1986 964 Siqui-

411 997 533 1051 dem
569 997 715 1064 quod
752 995 863 1064 agit
886 1003 939 1047 et
968 995 1112 1064 quod
1146 994 1352 1060 patitur
1375 991 1565 1045 eodem
1597 1004 1796 1058 genere
1844 989 1986 1040 inter

413 1104 472 1143 se
495 1089 695 1142 habere
719 1087 1019 1141 secundum
1048 1093 1295 1138 naturam
1319 1084 1525 1137 deﬁnit.
1549 1083 1732 1150 itaque
1752 1096 1844 1149 per
1866 1094 1986 1148 quae

412 1181 684 1234 construit
707 1181 849 1247 quod
881 1179 1015 1241 vult,
1044 1194 1138 1247 per
1161 1179 1271 1230 haec
1293 1175 1525 1230 destruit
1551 1185 1599 1227 et
1629 1168 1984 1239 evertitquod

410 1271 654 1325 studiose
680 1269 980 1333 contendit,
1005 1285 1101 1322 sua
1123 1269 1475 1337 rrpugnantia
1499 1264 1783 1334 ὁμοουσίου
1802 1261 1986 1330 (simul

410 1361 742 1429 essentialis)
765 1360 988 1426 gloriam
1009 1358 1296 1410 ﬁrmiorem
1319 1352 1632 1408 reddens.Si
1653 1352 1793 1405 enim
1809 1366 1872 1402 ex
1891 1349 1989 1400 ali-

410 1469 522 1522 quo
556 1453 839 1522 generatio
885 1450 1107 1518 ejusqui
1127 1446 1686 1518 genuitessentiamin
1709 1458 1772 1496 eo
1791 1441 1990 1511 quige-

415 1545 558 1596 nitus
577 1553 659 1596 est
689 1542 1063 1595 demonstrat:
1087 1537 1386 1592 artiﬁcialis
1414 1543 1596 1589 autem
1621 1533 1984 1597 constructio,

411 1649 532 1703 quae
557 1649 651 1702 per
676 1635 944 1685 actionem
963 1638 1017 1684 et
1037 1630 1344 1699 passionem
1363 1626 1659 1697 perﬁcitur.
1688 1625 1985 1679 secundum

415 1725 578 1794 hujus
609 1725 876 1776 rationem
925 1722 990 1776 ad
1033 1720 1287 1775 essentia:
1318 1718 1760 1773 communionem
1816 1715 1990 1767 addu-

416 1820 494 1872 cit
525 1829 580 1871 et
609 1817 660 1870 id
687 1816 828 1884 quod
861 1813 992 1868 facit
1039 1821 1094 1867 et
1142 1813 1196 1865 id
1233 1809 1379 1880 quod
1432 1809 1698 1873 ellicitur;
1740 1805 1984 1875 genitum

2092 625 2246 688 σίας·
2282 624 2416 679 ἀλλὰ
2466 625 2561 679 καὶ
2610 625 2790 703 πᾶσαν
2835 623 2934 695 τὴν
2983 623 3159 676 κτίσιν
3207 623 3286 694 τῷ
3336 623 3661 693 πεποιηκότι

2091 721 2264 772 ποιεῖν
2291 717 2570 787 ὁμούσιονς
2596 717 2766 788 Εῐπερ
2788 717 2847 770 τὸ
2877 716 3062 770 ποιοῦν
3088 719 3182 770 καὶ
3213 716 3274 769 τὸ
3303 716 3510 785 πάσχον
3537 717 3665 785 όμο-

2091 809 2262 877 γενῶς
2289 803 2432 879 ἔχειν
2461 809 2706 880 ἀλλήλοις
2733 810 2873 862 κατὰ
2909 811 3006 878 τὴν
3037 809 3197 877 φύσιν
3226 806 3484 878 ὁρίζεται.
3521 808 3657 860 Οὐκ-

2091 899 2186 953 οὐν
2228 901 2291 953 δι’
2355 895 2430 955 ὧν
2484 899 2878 963 κατασκευάζει
2917 899 2944 952 ὃ
2980 900 3254 969 βούλεται,
3328 899 3415 951 διὰ
3457 898 3662 950 τούτων

2091 992 2386 1063 ἀνατρέπει
2429 992 2489 1044 τὸ
2530 993 2982 1060 σπουδαζόμενον,
3032 989 3385 1061 ἰσχυροτέραν
3413 992 3478 1059 τῇ
3530 991 3662 1059 παρ’

2092 1082 2283 1135 ἑαυτοῦ
2326 1085 2474 1155 μάχῃ
2505 1085 2670 1137 ποιῶν
2695 1083 2791 1154 τὴν
2819 1082 2912 1136 τοῦ
2943 1083 3224 1152 ὁμοουσίου
3249 1081 3427 1146 δόξαν.
3458 1083 3520 1133 El
3551 1081 3659 1148 γάρ

2091 1176 2124 1243 ὴ
2161 1174 2257 1244 μὲν
2278 1173 2341 1227 Ex
2367 1193 2509 1238 τινος
2531 1175 2782 1242 γέννησις
2809 1175 2906 1244 τὴν
2934 1173 3027 1226 τοῦ
3063 1174 3452 1244 γεγεννηκότος
3473 1174 3657 1225 οὐσίαν

2093 1267 2149 1319 ὲν
2172 1268 2247 1336 τῷ
2273 1268 2582 1336 γεννηθέντι
2611 1268 2906 1320 δείκνυσιν·
2938 1269 2970 1336 ἡ
2997 1266 3052 1340 δὲ
3074 1266 3292 1336 τεχνικὴ
3324 1271 3656 1334 κατασκευὴ,

2091 1355 2160 1410 δι’
2191 1359 2470 1428 ἐνεργείας
2504 1376 2564 1410 τε
2591 1358 2684 1411 καὶ
2707 1357 2910 1420 πάθους
2937 1357 3340 1426 ἀποτελουμένη
3361 1397 3374 1420 ,
3405 1359 3546 1410 κατὰ
3574 1359 3663 1412 τὸν

2092 1446 2281 1501 τούτου
2316 1449 2470 1517 λόγον
2496 1453 2576 1512 εἰς
2608 1450 2889 1502 κοινωνίαν
2921 1449 3112 1512 οὐσίας
3147 1450 3271 1517 ἄγει
3301 1451 3361 1503 τὸ
3390 1449 3577 1502 ποιοῦν
3606 1468 3664 1502 τε

2094 1540 2187 1592 καὶ
2218 1540 2280 1592 τὸ
2306 1541 2585 1611 γινόμενον
2604 1557 2618 1571 ’
2657 1541 3014 1610 γεγεννῆσθαι
3041 1541 3131 1593 τὸν
3177 1543 3378 1612 Κύριον
3419 1542 3663 1611 πολλαχῆ

2093 1633 2203 1686 τῶν
2240 1633 2384 1685 ἰδίων
2416 1633 2865 1702 συγγραμμάτων
2895 1634 2922 1685 6
2954 1632 3290 1702 λογογράφος
3324 1636 3666 1688 κατασκευά-

2099 1721 2230 1785 ζων.
2271 1722 2412 1792 Ἀρα
2463 1722 2528 1774 δι’
2563 1715 2638 1774 ὧν
2669 1722 2937 1791 ἁλλοτριοῖ
2975 1723 3074 1792 τῆς
3109 1722 3203 1776 τοῦ
3240 1724 3451 1794 Πατρὸς
3479 1725 3666 1789 οὐσίας

2094 1813 2184 1866 τὸν
2221 1813 2443 1884 Κύριον,
2473 1812 2558 1866 διὰ
2582 1813 2784 1866 τούτων
2807 1813 2955 1884 αὐτῷ
2980 1818 3390 1886 προσμαρτυρεῖ
3423 1815 3516 1886 τὴν
3547 1834 3669 1869 συν-

414 1926 539 1965 csse
577 1911 865 1962 Dominum
894 1906 1095 1977 passim
1127 1907 1182 1958 in
1223 1904 1340 1958 suis
1367 1902 1588 1970 scriptis
1619 1901 1722 1954 iste
1748 1899 1988 1964 scriptor

2105 1902 2304 1971 iqmav.
2356 1903 2420 1956 El
2451 1903 2558 1974 γὰρ
2593 1903 2668 1974 μὴ
2701 1903 2788 1956 διὰ
2823 1906 3157 1974 γεννήσεως,
3196 1907 3331 1976 μήτε
3372 1905 3460 1958 διὰ
3502 1923 3670 1960 κατα-

420 2011 698 2056 astruens.
768 1999 908 2068 Ergo
941 2013 1036 2067 per
1065 2012 1186 2066 qua:
1219 2012 1248 2048 a
1297 1994 1476 2047 Patris
1515 1992 1752 2046 essentia
1801 1988 1984 2042 Domi—

414 2109 545 2148 num
584 2093 806 2152 alienat,
859 2105 952 2160 per
985 2089 1100 2142 inec
1134 2087 1237 2157 ipsi
1283 2084 1666 2139 cohaerentiam
1697 2082 1812 2134 sive
1852 2094 1989 2133 con-

419 2184 704 2238 nexionem
732 2181 1002 2233 attribuit.
1036 2177 1091 2231 Si
1121 2179 1267 2230 cnim
1311 2190 1490 2244 neque
1535 2188 1631 2242 per
1681 2172 1992 2241 generatio-

414 2293 560 2338 nem,
614 2289 790 2342 neque
830 2289 924 2341 per
959 2273 1097 2324 artis
1151 2269 1567 2322 fabricationem
1610 2266 1761 2331 juxta
1818 2263 1984 2329 hujus

417 2365 680 2416 rationem
715 2361 969 2415 essentia}
1003 2358 1274 2427 separatio
1296 2354 1655 2424 conspicitur,
1689 2351 1834 2420 quod
1865 2353 1992 2420 qui-

415 2452 538 2507 dem
572 2453 616 2505 si
643 2450 853 2505 dederit
882 2465 1028 2510 esse,
1079 2447 1364 2499 Dominum
1420 2447 1536 2500 sive
1583 2451 1825 2496 creatum
1881 2442 1994 2493 sive

415 2559 708 2612 gennema,
773 2543 824 2594 in‘l
893 2549 978 2595 est
1065 2535 1656 2609 progeniem,dixerit,
1710 2548 1804 2602 per
1835 2532 1996 2606 ambo

2097 1992 2299 2062 σκευῆς
2326 1991 2466 2045 κατὰ
2497 1992 2587 2044 τὸν
2607 1991 2800 2045 τούτου
2827 1992 2982 2061 λόγον
3007 1997 3034 2048 6
3061 1995 3159 2064 τῆς
3187 1995 3372 2058 οὐσίας
3393 1995 3669 2066 χωρισμὸς

2095 2083 2422 2153 καθορᾶται·
2450 2084 2588 2154 ὅπερ
2615 2082 2680 2136 ἂν
2699 2085 2774 2156 δῷ
2801 2081 3046 2139 εἷναιτὸν
3066 2087 3289 2158 Κύριον,
3317 2089 3425 2140 είτε
3455 2089 3669 2141 κτιστὸν

2097 2177 2209 2230 εἴτε
2232 2177 2496 2246 γέννημα,
2525 2176 2590 2229 δι’
2617 2180 2818 2249 ἀμφοῖν
2835 2181 2893 2232 τὸ
2922 2183 3040 2233 κατ’
3070 2182 3255 2234 οὐσίαν
3275 2183 3470 2234 οἰκεῖον
3501 2197 3669 2253 προσ-

2097 2265 2494 2336 εμαρτύρησεν,
2527 2269 2554 2320 6
2581 2268 2638 2319 ἐν
2666 2267 2742 2338 τῷ
2782 2270 3020 2322 ποιοῦντι
3053 2272 3147 2323 καὶ
3192 2272 3488 2341 πάσχοντι,
3548 2289 3672 2339 γεν-

2101 2355 2260 2408 νῶντι
2311 2356 2404 2408 καὶ
2449 2358 2787 2429 γεννομένῳ,
2831 2359 2932 2430 τὴν
2975 2361 3074 2430 τῆς
3127 2360 3340 2429 φύσεως
3390 2362 3671 2414 κοινωνίαν

2100 2443 2512 2515 τεχνολογήσας.
2560 2446 2722 2500 Ἀλλά
2756 2447 2890 2520 πρὸς
2912 2449 2973 2502 τὸ
3001 2450 3194 2520 ἑφεξῆς
3231 2449 3324 2503 τοῦ
3359 2449 3517 2518 λόγου
3550 2467 3673 2520 τρε-

2105 2535 2357 2605 πώμεθα.

417 2635 562 2704 quod
600 2643 683 2687 cst
730 2633 1031 2688 secundum
1080 2629 1375 2684 essentiam
1424 2625 1701 2696 proprium
1757 2633 1987 2678 testatus
2026 2636 2130 2688 est,
2206 2631 2298 2696 qui
2366 2629 2420 2682 in
2460 2641 2651 2700 agente
2694 2641 2747 2685 et
2775 2633 3035 2702 patiente,
3091 2633 3144 2687 in
3187 2643 3480 2703 generante
3513 2640 3567 2688 et
3607 2647 3673 2686 eo

419 2730 510 2795 qui
547 2727 812 2795 gignitur,
847 2737 1054 2777 naturae
1080 2721 1524 2775 connuunioncm
1576 2728 1693 2772 arte
1773 2734 1870 2772 sua
1911 2719 2156 2776 tradidit.
2195 2723 2300 2777 Sed
2370 2725 2438 2778 ad
2496 2724 2549 2777 id
2608 2727 2754 2796 quod
2809 2725 3068 2796 deinceps
3109 2727 3359 2798 sequitur
3423 2727 3478 2780 in
3552 2727 3674 2795 ejus

419 2819 667 2872 oratione
695 2832 1007 2885 pergamus.

488 2909 688 2966 Oratos
734 2910 892 2963 velim
926 2909 1157 2961 lectores
1192 2923 1298 2960 non
1338 2921 1480 2976 aegre
1533 2905 1672 2960 ferre
1709 2907 1994 2960 examina-

421 3001 590 3056 tionis
625 3001 1038 3064 sublimitatem,
1085 3015 1205 3068 quae
1245 2999 1298 3051 in
1326 2999 1669 3051 immodicam
1705 3000 1994 3068 prolixitu-

422 3091 604 3146 dinem
653 3106 762 3144 non
801 3102 993 3160 sponte
1035 3104 1342 3144 sermonem
1376 3091 1664 3159 protrahit.
1700 3088 1817 3144 Non
1851 3092 1994 3144 enim

2174 2903 2553 2976 Παραιτοῦμαι
2583 2905 2638 2959 δὲ
2671 2908 2798 2970 τοὺς
2833 2907 3255 2978 ἐντυγχάνοντας
3289 2909 3361 2980 μὴ
3391 2910 3673 2982 δυσχεραί-

2102 3013 2213 3049 νειν
2251 2999 2316 3068 τῇ
2351 2997 2606 3068 ἀκριϐείᾳ
2650 2999 2748 3067 τῆς
2796 2998 3123 3062 ἐξετάσεως,
3165 3002 3242 3064 εἰς
3277 3001 3477 3072 πλῆθος
3508 3003 3673 3056 ἀκού-

2105 3105 2216 3140 σιον
2246 3087 2629 3158 προσαγούσης
2656 3089 2746 3141 τὸν
2796 3089 2971 3151 λόγον.
3003 3093 3078 3144 Οὐ
3118 3091 3226 3162 γὰρ
3276 3094 3402 3162 περὶ
3433 3093 3544 3148 τῶν
3580 3111 3677 3147 τυ-

423 3185 492 3239 de
530 3182 864 3254 quibuslibet
905 3183 1331 3252 periculumest,
1359 3189 1418 3235 ut
1451 3182 1494 3236 si
1529 3180 1666 3236 forte
1698 3183 1824 3251 quid
1860 3198 1993 3252 pra:-

2105 3179 2303 3246 χόντων
2339 3179 2366 3230 6
2401 3178 2660 3243 κίνδυνος,
2693 3179 2836 3232 ὥστε
2883 3197 2935 3232 τι
2969 3181 3422 3253 παραδραμόντας
3449 3184 3558 3237 τῶν
3590 3203 3679 3253 φι-

424 3275 827 3330 termiserimus
850 3289 1040 3328 eorum
1073 3290 1191 3342 qum
1217 3273 1559 3326 accuratiore
1589 3271 1834 3342 indigent
1869 3288 2000 3327 con-

2105 3269 2476 3339 λοπονωτέρας
2525 3269 2794 3340 δεομένων
2832 3271 2934 3340 τῆς
2969 3272 3199 3343 Θεωρίας
3224 3314 3237 3338 ,
3280 3277 3338 3327 ὲν
3376 3275 3540 3347 ὀλίγῳ
3580 3278 3678 3348 τὴν

426 3365 919 3435 templatione,leve
937 3364 1195 3418 damnum
1217 3363 1501 3428 faciamus,
1522 3363 1615 3419 sed
1635 3365 1701 3418 de
1725 3366 1839 3433 spei
1863 3380 2005 3417 sum-

427 3472 514 3512 ma
543 3456 935 3526 periclitamur.
987 3454 1321 3524 Proponitur
1345 3457 1489 3508 enim
1517 3455 1596 3508 vel
1625 3463 1681 3508 ut
1707 3454 2003 3508 Christiani

429 3549 624 3609 simus,
664 3563 773 3600 non
805 3548 874 3599 ab
929 3545 1183 3600 hazretica
1218 3546 1459 3615 pernicie
1501 3546 1739 3614 perversi
1774 3565 1786 3600 :
1817 3547 1899 3600 vel
1947 3555 2007 3598 ut

429 3639 652 3695 omnino
677 3639 741 3693 ad
773 3637 1030 3691 Judaicas
1051 3637 1132 3690 vel
1167 3637 1396 3706 gentiles
1449 3638 1736 3706 Opiniones
1796 3646 2007 3706 pertra-

431 3732 626 3785 hamur
670 3748 684 3784 :
720 3739 776 3784 ut
809 3731 971 3800 igitur
1003 3729 1162 3783 nobis
1193 3739 1447 3784 neutrum
1475 3731 1668 3784 horum
1701 3733 2004 3802 contingat,

432 3839 500 3877 ne
525 3836 623 3891 per
651 3821 1068 3891 abnegationem
1108 3819 1227 3873 Filii
1279 3835 1404 3874 vere
1434 3823 1602 3890 geniti
1633 3821 1876 3876 Judaicis
1909 3824 2010 3875 do-

432 3911 704 3968 cumentis
763 3913 1240 3975 circumferamur,
1267 3928 1444 3982 neque
1509 3929 1603 3981 per
1635 3914 2006 3968 adorationem

429 4011 698 4060 creaturae
758 4003 1054 4057 exhibitam
1106 4003 1160 4056 in
1203 4004 1558 4073 praecipitium
1613 4005 1896 4073 gentilium
1930 4007 2008 4059 si-

432 4095 693 4150 mulacris
753 4095 1110 4149 servientium
1181 4111 1541 4163 corruamus;
1579 4098 1897 4152 necessario
1953 4098 2006 4150 in

433 4185 803 4255 disputatione
831 4200 891 4240 ea
921 4183 989 4239 de
1019 4201 1078 4241 re
1105 4196 1360 4256 suscepta
1393 4187 1828 4250 innuorabimur,
1863 4187 2011 4256 posi-

431 4278 504 4334 tis
537 4277 784 4331 Eunomii
837 4277 1040 4341 verbis,
1097 4294 1218 4346 quae
1263 4279 1344 4332 sic
1397 4278 1650 4332 habent:
1716 4277 2011 4346 Ilisitnque

433 4367 509 4419 sic
537 4367 744 4432 divisis,
807 4369 994 4422 merito
1044 4370 1306 4439 quispiam
1358 4368 1553 4423 dixerit
1618 4369 2010 4437 principalissi-

435 4475 579 4512 mam
608 4468 656 4512 et
688 4461 914 4528 primam
963 4470 1011 4513 et
1043 4461 1211 4513 solam
1244 4471 1365 4514 actu
1400 4460 1581 4514 Putris
1635 4461 2010 4514 subsistentem

2106 3361 2306 3430 ζημίαν
2347 3361 2559 3424 παθεῖν,
2596 3363 2711 3414 ἀλλ’
2741 3363 2890 3432 αὐτῷ
2923 3364 3001 3430 τῷ
3027 3366 3304 3437 κεφαλαίῳ
3346 3369 3443 3439 τῆς
3468 3369 3680 3433 ἐλπίδος

2107 3453 2567 3522 ὲγκινδυνεύομεν.
2605 3455 2896 3524 Πρόκειται
2928 3455 3036 3527 γάρ
3068 3457 3100 3526 ἦ
3136 3458 3492 3528 Χριστιανοὺς
3518 3457 3676 3524 εἶναι,

2111 3545 2184 3616 μὴ
2233 3545 2666 3616 παρενεχθέντας
2698 3546 2802 3598 ὐπὸ
2844 3547 2944 3616 τῆς
2976 3549 3259 3618 αἱρετικῆς
3301 3550 3604 3613 ἀπωλείαςο
3644 3551 3677 3622 ἢ

2109 3639 2320 3700 πάντως
2345 3637 2452 3708 πρὸ
2500 3637 2795 3701 Ἰουδαῐκάς
2819 3655 2874 3690 τε
2900 3640 2992 3692 καὶ
3034 3639 3353 3708 Ἑλληνικὰς
3380 3642 3680 3712 ὑπολήψεις

2108 3729 2496 3798 καταωρῆναι.
2554 3727 2640 3790 Ὡς
2671 3728 2736 3781 ἂν
2779 3725 2870 3781 οὖν
2911 3729 3205 3800 μηδέτερον
3259 3731 3522 3801 πάθοιμεν
3566 3733 3680 3784 τὼν

2109 3820 2512 3892 ἀπειρημένων,
2571 3821 2706 3890 μήτε
2752 3820 2838 3873 διὰ
2875 3819 2974 3889 τῆς
3015 3821 3296 3891 ἀρνήσεως
3339 3822 3431 3874 τοῦ
3466 3821 3682 3892 άληθῶς

2109 3911 2456 3982 γεννηθέντος
2495 3909 2648 3974 Υίοῦ,
2684 3914 2798 3972 τοῖς
2841 3912 3150 3976 Ἰουδαϊκοῖς
3188 3913 3423 3983 δόγμασι
3473 3931 3679 3984 συμφε-

2111 4005 2348 4076 ρόμενοι,
2383 4004 2520 4074 μήτε
2551 4003 2638 4057 διά
2687 4004 2786 4071 τῆς
2810 4004 2904 4056 τοῦ
2940 4004 3233 4075 κτίσματος
3263 4009 3681 4077 προσκυνήσεως

2109 4096 2186 4166 τῷ
2212 4095 2464 4166 πτώματι
2494 4094 2602 4147 τῶν
2640 4095 3172 4168 εἰδωλολατρούντων
3216 4099 3684 4166 συγκαταπίπτον-

2109 4202 2220 4248 τες,
2243 4185 2554 4253 ἀναγκαίως
2570 4184 3028 4256 προδιατρίψομεν
3048 4184 3124 4255 τῷ
3145 4187 3492 4254 περὶτούτων
3517 4189 3680 4261 λόγῳ,

2112 4277 2295 4340 θέντες
2321 4276 2489 4345 αὐτὴν
2511 4275 2605 4329 τοῦ
2633 4276 2897 4347 Εὐνῆιίου
2930 4276 3029 4348 τὴν
3059 4278 3214 4348 ῥῆσιν
3242 4279 3468 4349 ἔχουσαν
3489 4281 3678 4344 οὔτως·

2115 4369 2277 4421 Οὕτω
2313 4367 2381 4420 δὲ
2422 4369 2648 4422 τούτων
2685 4366 3084 4436 διῃρημένων,
3120 4371 3362 4436 εἰκότως
3403 4373 3548 4440 φαίη
3595 4391 3686 4439 τις

2113 4457 2190 4512 ἂν
2218 4458 2333 4525 τὴν
2362 4458 2728 4526 κυριωτάτην
2758 4459 2851 4511 καί
2877 4459 3116 4526 πρώτην
3142 4460 3241 4513 καί
3267 4465 3483 4530 μόνην,
3519 4464 3684 4531 ἐνερ-

434 4552 720 4604 essentiam
757 4551 809 4604 in
841 4555 1065 4618 seipsmn
1097 4555 1324 4621 recipi-re
1353 4556 1674 4622 gennematis
1707 4554 1820 4607 sive
1859 4555 2000 4624 geni.

2112 4549 2241 4615 γεία
2272 4549 2378 4601 τοῦ
2406 4549 2636 4616 Πατρός
2678 4549 3037 4604 ὐποστᾶσαν
3079 4551 3318 4619 οὐσίαν,
3351 4556 3437 4619 εἰς
3463 4556 3686 4621 ἑαυτὴν

437 4650 574 4694 tura:
608 4651 657 4694 et
699 4643 924 4710 factura!
953 4653 1000 4695 et
1035 4656 1291 4696 creatura:
1325 4645 1722 4711 appellationes.
1754 4644 1817 4697 Et
1857 4649 2013 4714 paulo

439 4742 584 4803 post.
652 4732 810 4788 Solus
868 4744 1042 4786 autem
1102 4733 1295 4798 Filius,
1339 4736 1441 4798 ait,
1499 4734 1680 4789 Patris
1730 4747 1852 4789 actu
1893 4730 2041 4790 con-‘

437 4827 625 4878 sistens
685 4825 1231 4878 incommunicabilem
1287 4825 1443 4879 habet
1493 4837 1772 4890 naturam,
1807 4837 1856 4882 et
1895 4846 2014 4882 cum

435 4934 495 4968 eo
527 4918 616 4986 qui
647 4921 821 4987 genuit
857 4919 1187 4971 relationem.
1238 4917 1302 4970 Et
1324 4922 1375 4970 in
1407 4918 1837 4986 prmo-dentibus
1867 4938 1880 4973 :
1919 4920 2017 4974 Ge-

438 5010 605 5061 nitum
622 5027 884 5078 gennema.
901 5008 1014 5062 sive
1027 5009 1343 5080 genituram,
1359 5009 1528 5061 dicere
1547 5027 1646 5062 non
1667 5013 2015 5064 recusandum

436 5116 547 5152 esse
583 5099 776 5167 inquit,
816 5117 930 5151 cum
977 5102 1200 5153 essentia
1242 5102 1354 5167 ipsa
1389 5101 1563 5168 genitu
1599 5111 1648 5153 et
1680 5099 1807 5154 Filii
1841 5104 2018 5170 appel-

439 5193 569 5243 latio
603 5193 757 5242 talem
794 5193 1059 5243 ntzninnm
1097 5193 1429 5260 rtﬂectionent
1466 5193 1567 5244 sibi
1609 5194 1857 5256 vindicet,
1898 5209 2016 5262 pro-

435 5285 705 5352 priamque
762 5284 966 5336 reddat.

507 5468 642 5520 Cum
683 5467 848 5536 igitur
893 5476 1003 5519 tam
1036 5475 1218 5534 aperta
1269 5477 1321 5520 et
1361 5467 1507 5520 clara
1540 5467 1608 5520 sit
1647 5466 1698 5519 in
1745 5467 1828 5521 his
1857 5466 2018 5521 dictis

440 5557 832 5626 repugnantia,
881 5555 1043 5623 hujus
1103 5556 1371 5622 dogmatis
1430 5557 1771 5609 laudatorum
1835 5556 2021 5609 soler-

437 5649 568 5700 tiam
631 5655 684 5699 et
757 5645 1114 5700 subtilitatem
1179 5643 1325 5697 subit
1391 5645 1671 5698 admirari.
1749 5645 2016 5700 Incertum

438 5737 582 5791 enim
639 5736 802 5790 fuerit
859 5735 926 5789 ad
981 5734 1126 5805 quod
1178 5749 1367 5789 eorum
1423 5751 1543 5803 qua:
1595 5735 1663 5789 ab
1716 5735 1834 5804 ipso
1892 5747 2021 5792 sunt

439 5827 584 5882 dicta
634 5828 776 5882 versi
823 5841 932 5880 non
981 5826 1033 5879 in
1073 5824 1340 5896 reliquum
1392 5833 1639 5896 peccent.
1695 5824 1852 5880 Prior
1901 5843 2019 5882 ser-

2116 4638 2397 4708 δέχεσθαι
2427 4641 2528 4704 τὰς
2564 4640 2672 4693 τοῦ
2699 4641 3068 4710 γεννήματος
3097 4643 3192 4696 καὶ
3232 4645 3560 4714 ποιήματος
3588 4648 3686 4700 καὶ

2117 4731 2440 4798 κτίσματος
2484 4735 2905 4802 προσηγορίας.
2946 4735 3055 4788 Καὶ
3099 4736 3216 4804 μετ’
3254 4738 3447 4806 ὀλίγα,
3491 4743 3687 4806 Μόνος

2117 4822 2185 4874 δὲ
2213 4826 2246 4876 ό
2284 4823 2433 4889 Υἱὸς,
2466 4825 2648 4894 φησιν,
2676 4824 2748 4892 τῇ
2777 4827 2883 4879 τοῦ
2909 4827 3138 4894 Πατρός
3163 4828 3424 4898 ἐνεργείᾳ
3451 4833 3686 4895 συστὰς

2117 4913 2521 4982 ἀκοινώνητον
2540 4916 2664 4983 ἔχει
2694 4917 2808 4983 τήν
2823 4934 2886 4970 τε
2913 4919 3124 4985 φύσιν,
3143 4920 3239 4972 καὶ
3273 4919 3385 4987 τὴν
3410 4923 3560 4988 πρὸς
3581 4924 3688 4974 τὸν

2119 5007 2518 5073 γεγεννηκότα
2549 5006 2789 5075 σχέσιν.
2837 5009 2927 5062 Ἑν
2961 5008 3017 5060 δὲ
3041 5013 3153 5072 τοῖς
3191 4995 3546 5081 πρδτούτου·
3583 5017 3690 5066 Ίΐν

2117 5097 2409 5165 γεννητὸν
2441 5097 2704 5167 γέννημα
2733 5097 2931 5166 ,λέγειν
2954 5100 3038 5169 μὴ
3078 5103 3484 5169 παραιτεῖσθαι
3567 5103 3700 5170 φησὶ

2118 5193 2227 5258 τῆς
2250 5193 2642 5261 τεννηθείσης
2675 5192 2864 5260 αὐτῆς
2909 5194 3125 5259 οὐσίας
3155 5195 3250 5246 καὶ
3280 5194 3388 5260 τῆς
3420 5195 3528 5249 τοῦ
3556 5195 3690 5247 Υίοῡ

2119 5284 2523 5352 προσηγορίας
2550 5282 2663 5351 τὴν
2678 5284 2962 5353 τοιαύτην
2982 5285 3098 5338 τῶν
3119 5287 3420 5355 ὀνομάτων
3444 5289 3690 5340 οἰκειου-

2115 5372 2307 5441 μένης
2331 5371 2570 5440 σχέσιν.

2192 5461 2348 5515 Οὓτω
2387 5463 2563 5515 τοίνυν
2602 5463 2870 5535 προδήλου
2897 5463 2996 5534 τῆς
3030 5466 3088 5517 ὲν
3116 5469 3227 5528 τοῖς
3269 5465 3575 5536 εἰρημένοις
3601 5465 3693 5518 οὐ·

2123 5570 2222 5621 σης
2247 5554 2638 5623 ἐναντιότητος,
2665 5555 2961 5624 θαυμάζειν
2987 5555 3160 5608 ἔπεισί
3190 5575 3277 5626 μοι
3303 5559 3400 5626 τῆς
3418 5559 3695 5627 ἀγχινοίας

2121 5645 2246 5706 τοὺς
2283 5644 2574 5704 ἐπαινετὰς
2624 5643 2815 5698 τούτου
2850 5645 2943 5698 τοῦ
2988 5646 3276 5716 δόγματος.
3311 5649 3545 5720 Ἀπορον
3587 5649 3696 5720 γὰρ

2123 5736 2190 5788 ἂν
2221 5734 2308 5804 εἴη
2333 5735 2471 5807 πρὸς
2492 5735 2519 5788 ὃ
2538 5728 2714 5790 τιτῶν
2752 5737 3059 5808 εἰρημένων
3094 5757 3203 5808 παρ
3221 5740 3232 5758 ’
3258 5739 3422 5792 αὐτοῦ
3455 5740 3694 5809 τραπέω-

2123 5843 2232 5890 τες,
2266 5826 2364 5878 οὐκ
2392 5821 2455 5876 ἂν
2488 5824 2856 5896 πλημμελοῖεν
2882 5829 2964 5892 εἰς
2997 5829 3055 5880 τὸ
3090 5829 3336 5898 λειπὸμ;·,
3350 5847 3426 5883 ον.
3473 5831 3530 5880 '0
3564 5831 3696 5899 πρό-
