4138 6364
428 376 535 432 6Ξό

1551 371 1830 426 CONTRA
1865 369 2259 435 EUNUMIUM,
2303 368 2429 424 LIB.
2475 368 2572 424 IV.

3594 372 3697 425 6.16

425 512 583 566 τερος
610 493 980 558 κατεσκεύαζε
1006 493 1162 562 λόγος
1185 490 1362 560 αὐτῷ,
1394 489 1491 559 τὴν
1519 489 1869 560 γεννηθεῖσαν
1916 488 2008 540 καὶ

2115 503 2202 540 mo
2245 487 2294 540 ei
2327 488 2626 547 astruebat,
2655 497 2893 559 genitam
2938 491 3232 544 essentiam
3287 501 3340 542 et
3381 490 3474 544 filii
3515 495 3698 561 appel-

424 586 522 656 τὴν
547 584 641 637 τοῦ
661 582 791 636 Υίοῦ
820 581 1186 653 προσηγορίαν
1205 579 1303 651 τὴν
1325 577 1578 648 τοιαύτην
1598 578 1706 632 τῶν
1729 577 2006 648 ὀνομάτων

425 673 756 728 οἰκειοῦσθαι
826 673 1042 743 σχέσινο
1089 674 1122 742 ἡ
1162 670 1256 724 νῦν
1305 668 1617 738 τεχνολογία
1655 668 1716 721 τὸ
1764 668 2006 722 ἐναντίον

429 767 614 836 φησιν,
657 765 1078 831 Ἀκοινώνητον
1097 765 1262 833 ἔχειν
1288 763 1394 815 τὸν
1423 761 1563 815 Υἱόν
1582 760 1696 827 τὴν
1727 759 1876 828 πρὸς
1896 757 2004 812 τὸν

427 859 834 928 γεγεννηκότα
863 857 1108 926 σχέσιν.
1124 855 1248 908 Ἐὰν
1274 853 1347 924 τῷ
1381 853 1584 925 πρώτῳ
1619 852 2002 914 πιστεύσωσιν,

428 952 490 1004 οὐ
515 948 906 1020 παραδέξονται
930 949 1146 1010 πάντως
1167 946 1226 998 τὸ
1248 946 1499 1016 δεύτερον
1523 963 1535 975 ·
1568 943 1664 995 ἐὰν
1688 943 1824 1012 πρὸς
1851 943 2006 995 τοῦτο

430 1040 654 1109 ρέψωσι,
691 1038 830 1091 κατὰ
859 1039 956 1107 τῆς
985 1035 1203 1108 πρώτης
1236 1035 1551 1104 ὑπολήψεως
1584 1035 1886 1103 στήσονται.
1910 1033 2006 1094 Τίς

429 1133 613 1193 αὐτοῖς
640 1129 880 1183 διαλύσει
910 1131 1008 1198 τὴν
1041 1127 1258 1200 μάχηνς
1310 1127 1408 1186 Τίς
1443 1123 1754 1195 μεσιτεύσει
1787 1123 1864 1193 τῷ
1901 1125 2005 1193 ἐμ-

429 1223 601 1292 φυλίῳ
635 1221 856 1290 πολέμῳ
881 1238 894 1285 ;
920 1221 1014 1283 Τίς
1040 1219 1365 1289 συμϐιϐάσει
1391 1217 1527 1286 πρὸς
1557 1215 1875 1286 συμφωνίαν
1905 1217 2005 1285 τὴν

431 1315 652 1381 στάσιν;
690 1314 858 1384 αὐτῆς
883 1312 982 1381 τῆς
1031 1312 1194 1382 εὐχῆς
1229 1311 1366 1379 πρὸς
1403 1310 1600 1380 ἑαυτὴν
1627 1311 1692 1362 ἐκ
1721 1307 1826 1360 τῶν
1853 1308 2006 1376 λεγο-

432 1408 606 1476 μένων
643 1405 1033 1475 μεριζομένης,
1067 1405 1160 1456 καὶ
1205 1403 1341 1474 πρὸς
1368 1403 1469 1470 τὴν
1500 1402 1851 1472 ἐναντιότητα
1896 1399 2004 1453 τῶν

428 1494 711 1562 δογμάτων
753 1491 1136 1561 διελκομένων.
1186 1492 1257 1542 "H
1310 1490 1470 1543 τοῦτο
1509 1490 1609 1560 τῆς
1662 1491 2005 1562 προφητείας

428 1584 543 1636 ἐστὶ
589 1584 730 1652 τάχα
772 1584 1038 1652 αἴνιγμα,
1069 1582 1096 1634 ὂ
1131 1583 1259 1652 περὶ
1303 1583 1410 1634 τῶν
1458 1581 1724 1635 Ἰουδαίων
1774 1582 1937 1652 φησὶν
1976 1583 2003 1634 ὁ

427 1669 630 1729 Δαϐίδ·
680 1674 761 1726 ὃτι
803 1674 1252 1740 Διεσχίσθησαν
1294 1673 1391 1726 καὶ
1441 1675 1513 1726 οὐ
1555 1674 2001 1742 κατενύγησαν.

441 1765 568 1816 Ἰδοὺ
599 1763 708 1836 γὰρ
738 1764 859 1816 ούδέ
892 1764 1028 1835 πρὸς
1076 1764 1175 1834 τὴν
1204 1765 1520 1818 ἐναντίωσιν
1570 1764 1678 1817 τῶν
1720 1765 2004 1834 δογμάτων

2112 578 2392 642 lationem,
2431 581 2590 634 talem
2643 581 2923 634 nominum
2967 585 3067 636 sibi
3110 584 3381 637 asciscere
3421 591 3476 636 et
3519 586 3696 639 vindi-

2113 686 2238 724 care
2267 673 2608 733 relationem,
2637 681 2691 724 at
2733 689 2973 742 pi-msens
3006 675 3126 740 ejus
3152 673 3449 728 artiﬁciosa
3487 676 3694 729 disser-

2114 762 2248 813 tatio
2283 763 2618 815 contrarium
2654 780 2796 816 nunc
2843 766 3040 818 asserit
3097 759 3689 818 :Incommunicabilem

2114 852 2286 921 inquit
2347 850 2536 906 Filium
2581 853 2770 907 habere
2807 872 2921 907 cum
2959 872 3018 909 eo
3053 857 3141 925 qui
3171 858 3340 923 ipsum
3375 858 3550 924 genuit
3605 873 3690 908 re-

2112 942 2380 998 lationem.
2442 943 2498 998 Si
2558 945 2732 1013 primo
2769 945 2927 999 ﬁdem
2984 947 3201 1009 habent,
3258 947 3406 1000 nullo
3467 963 3693 1014 prorsus

2113 1033 2276 1087 modo
2315 1034 2615 1088 secundum
2676 1034 3004 1100 admittent;
3058 1035 3104 1089 si
3161 1036 3227 1088 ad
3286 1036 3389 1087 hoc
3445 1046 3691 1104 vergant,

2111 1125 2374 1180 adversus
2410 1126 2639 1195 primam
2706 1128 3017 1196 Opinionem
3081 1129 3322 1182 stabunt.
3392 1127 3525 1193 Quis
3559 1128 3693 1197 ipsis

2113 1234 2348 1288 pugnam
2405 1218 2660 1272 dirimet?
2693 1219 2828 1284 Quis
2861 1221 3002 1272 bello
3049 1221 3192 1274 civili
3220 1221 3427 1274 medius
3459 1221 3694 1274 interve-

2112 1308 2262 1361 niet?
2296 1308 2419 1376 quis
2455 1308 2780 1362 seditionem
2818 1309 2880 1361 ad
2930 1309 3278 1363 concordiam
3314 1311 3462 1364 coire
3491 1310 3690 1374 faciet,

2111 1413 2233 1452 cum
2278 1401 2378 1454 hoc
2416 1409 2600 1454 votum
2638 1401 2705 1453 ad
2741 1403 2980 1471 seipsum
3018 1418 3081 1455 ex
3118 1403 3283 1456 dictis
3312 1403 3386 1457 sit
3425 1402 3688 1464 diVisum,

2110 1503 2164 1544 ct
2199 1492 2252 1546 in
2289 1495 2622 1546 contrarium
2670 1494 2923 1562 dogmata
2974 1495 3084 1549 sint
3124 1496 3422 1549 distracta?
3469 1498 3550 1550 An
3591 1497 3692 1551 hoc

2112 1581 2412 1649 pmphetize
2445 1581 2676 1636 fortasse
2705 1591 2786 1636 est
2820 1585 3068 1653 aenigma,
3105 1586 3248 1653 quod
3289 1585 3353 1638 de
3376 1584 3578 1640 Judzeis
3614 1587 3693 1638 in-

2111 1671 2227 1738 quit
2271 1669 2470 1735 David,
2509 1671 2648 1740 quod
2683 1671 2848 1726 Divisi
2884 1685 3002 1726 sunt
3043 1686 3090 1727 et
3153 1692 3254 1728 non
3299 1677 3692 1744 compuncti’“.

2112 1761 2251 1816 Ecce
2294 1764 2438 1816 enim
2473 1780 2650 1832 neque
2693 1764 2759 1818 ad
2787 1765 3101 1831 dogmatum
3136 1770 3575 1821 contrarietatem
3613 1768 3690 1820 di-

427 1853 822 1925 διασχιζόμενοι
883 1853 983 1925 τὴν
1043 1852 1138 1906 τοῦ
1200 1853 1671 1926 πλημμελήματος
1745 1854 2000 1925 αἴσθησιν

2115 1855 2288 1919 scissi,
2313 1855 2397 1908 sui
2424 1857 2632 1909 erroris
2657 1872 2876 1910 sensum
2896 1858 3125 1923 habent;
3169 1861 3262 1912 sed
3305 1861 3691 1930 amphorarum

428 1944 658 2014 ἔχουσιν.
729 1946 887 1998 Ἀλλὰ
933 1945 1188 2015 φέρονται
1231 1946 1320 1999 διὰ
1364 1945 1474 1998 τῶν
1507 1946 1660 1999 ῶτων
1685 1985 1699 2010 ,
1742 1947 2006 2019 ἁμφορῶν

426 2036 581 2105 δίκην
624 2035 762 2106 πρὸς
787 2036 847 2088 τὸ
877 2035 1069 2090 δοκοῦν
1100 2036 1178 2106 τῷ
1223 2036 1565 2106 μετατιθέντι
1595 2037 2002 2108 περιαγόμενοι.

433 2128 701 2198 Ἤρεσκεν
753 2127 900 2197 αὐτῷ
943 2128 1042 2198 τὴν
1094 2127 1446 2198 γεννηθεῖσαν
1485 2128 1670 2182 οὐσίαν
1715 2129 2006 2199 προσφυῶς

427 2217 522 2286 τὴν
549 2215 640 2269 τοῦ
666 2217 796 2269 Υἱοῦ
832 2219 1202 2290 προσηγορίαν
1240 2219 1383 2290 ἔχειν
1417 2221 1609 2284 εἰπεῖν,
1657 2222 1818 2284 εὐθὺς
1870 2220 2005 2274 καθ-

429 2308 570 2375 άπερ
591 2308 639 2359 οἱ
669 2307 1018 2372 νυστάζοντες
1046 2312 1158 2372 τοῖς
1182 2311 1492 2380 εἰρημένοις
1525 2313 1819 2366 ἐπένευσαν
1839 2331 1851 2344 ·
1881 2329 2004 2382 μετ-

429 2397 584 2451 έθετο
649 2399 810 2451 πάλιν
841 2398 976 2468 πρὸς
1014 2401 1323 2454 τούναντίον
1346 2402 1438 2456 τὸν
1474 2402 1630 2470 λόγον
1654 2419 1668 2434 ·
1701 2403 1794 2456 καὶ
1829 2405 2006 2474 ἀρνεῖ-

428 2508 517 2543 ται
547 2490 642 2542 τοῦ
676 2489 808 2543 Υἱοῦ
837 2491 935 2560 τὴν
971 2491 1106 2561 πρὸς
1140 2491 1231 2544 τὸν
1260 2493 1628 2562 γεγεννηκότα
1657 2495 1840 2564 σχέσιν
1859 2508 1871 2521 ·
1901 2495 2006 2547 πά-

430 2581 513 2632 λιν
563 2582 610 2632 οἰ
667 2580 915 2650 φίλτατοι
959 2581 1053 2633 καὶ
1080 2580 1254 2651 τούτῳ
1306 2582 1685 2647 συννεύουσιν,
1731 2583 1918 2656 ὥσπερ
1951 2586 2006 2638 αἱ

430 2673 536 2726 τῶν
561 2673 828 2744 σωμάτων
861 2673 1010 2726 σκιαὶ
1029 2711 1044 2735 ,
1077 2675 1142 2744 τῇ
1170 2675 1463 2746 αὐτομάτῳ
1495 2678 1727 2748 μιμήσει
1754 2677 1889 2748 πρὸς
1909 2680 2008 2748 τὴν

431 2764 520 2817 τοῦ
544 2765 873 2836 προάγοντος
896 2781 1252 2836 συμμετασχη
1264 2767 1576 2836 ματίςονται
1596 2767 2008 2839 κίνησιν.”υπη-

432 2874 537 2928 περ
569 2857 635 2910 ἂν
660 2856 815 2928 ἐθέλῃ
862 2857 998 2928 πρὸς
1029 2857 1188 2911 τοῦτο
1214 2857 1491 2929 ῥέποντες,
1532 2858 1636 2912 κᾶν
1684 2858 1862 2928 ἐαυτῷ
1901 2860 2007 2928 μά-

433 2966 614 3018 χηται,
655 2951 747 3002 καὶ
788 2947 944 3003 τοῦτο
993 2949 1427 3019 καταδεχόμενοι.
1487 2949 1678 3012 Ἀλλος
1723 2968 1806 3011 τις
1849 2943 2004 3013 οὗτος

447 3042 741 3113 Ὁμηρικὸς
781 3042 990 3094 κυκεὼν
1009 3085 1022 3106 ,
1056 3043 1116 3094 οὐ
1145 3043 1212 3096 τά
1242 3041 1468 3111 σώματα
1499 3041 1606 3094 τῶν
1651 3059 1884 3112 φαρμακ
1898 3059 2010 3094 suo-

437 3135 610 3202 μένων
639 3134 922 3187 ἀλλάσσων
950 3137 1030 3197 είς
1057 3134 1266 3202 ἀλόγων
1297 3134 1534 3203 μορφὰς,
1568 3133 1704 3187 ἀλλά
1728 3135 1870 3187 κατά
1900 3134 2008 3186 τῶν

434 3227 620 3298 ψυχῶν
649 3228 886 3298 ἐνεργῶν
916 3228 1012 3298 τὴν
1054 3229 1144 3281 ἐπὶ
1180 3229 1242 3281 τὸ
1270 3229 1462 3296 ἄλογον
1511 3227 1688 3282 αὐτῶν
1735 3228 2008 3298 μεταμόρ-

437 3338 629 3388 φωσιν.
665 3321 800 3390 Περὶ
833 3320 929 3388 μὲν
951 3319 1058 3390 γάρ
1086 3320 1310 3373 ἐκείνων
1340 3321 1368 3372 ὁ
1395 3321 1550 3388 λόγος
1586 3320 1770 3390 φησὶν,
1806 3321 1887 3372 ὅτι
1919 3319 2008 3389 βέ-

437 3413 588 3474 ϐαιος
641 3412 817 3464 αὐτῶν
863 3413 890 3464 ό
941 3411 1065 3474 νοῦς
1103 3408 1191 3482 ἦν.
1228 3411 1610 3474 άλλοιωθέντος
1654 3412 1789 3478 πρὸς
1822 3413 1881 3464 τὺ
1915 3411 2012 3481 θη·-

442 3503 631 3575 ριῶδες
652 3503 744 3556 τοῦ
769 3503 960 3566 εἴδους.
1007 3503 1267 3556 Ἐνταῦθα
1294 3502 1349 3554 δέ
1380 3501 1486 3555 τῶν
1526 3503 1800 3571 σωμάτων
1829 3504 2012 3566 αὐτοῖς

440 3597 500 3647 ἐν
522 3594 597 3668 τῷ
618 3595 757 3648 κατὰ
782 3595 940 3664 φύσιν
965 3594 1343 3664 διαμενόντων,
1373 3595 1510 3665 πρὸς
1532 3595 1592 3646 τὸ
1616 3594 1806 3662 ἄλογον
1829 3597 1883 3647 αἱ
1917 3595 2014 3664 ψυ-

439 3687 532 3756 χαὶ
569 3686 1062 3756 μεταπλάσσονται.
1097 3685 1204 3737 Καὶ
1228 3685 1420 3755 ὥσπερ
1458 3685 1574 3737 ἐκεῖ
1601 3703 1762 3756 φησιν
1790 3688 1822 3756 ἡ
1858 3703 2016 3757 ποιη-

438 3776 563 3848 τικὴ
599 3777 852 3848 τερατεία
877 3817 891 3841 ,
926 3779 1004 3839 είς
1033 3777 1304 3846 διαφόρων
1331 3776 1533 3847 θηρίων
1566 3777 1679 3847 εἴδη
1703 3779 1829 3839 τοὺς
1875 3795 2013 3848 φαρ-

443 3869 816 3940 μακευθέντας
838 3868 1222 3932 ἀλλάσσεσθαι,
1243 3867 1379 3920 κατά
1402 3868 1461 3920 τὸ
1481 3867 1712 3939 ἀρέσκον
1742 3871 1806 3938 τῇ
1833 3885 2014 3939 παρα-

444 3961 770 4035 σοφιζομένῃ
795 3961 892 4032 τὴν
916 3961 1104 4030 φύσινι
1130 3961 1198 4014 τὰ
1216 3961 1351 4013 αὐτὰ
1381 3961 1476 4013 καὶ
1504 3958 1597 4011 νῦν
1623 3959 1832 4028 γίνεται
1861 3963 2013 4032 παρὰ

441 4053 536 4104 τοῦ
565 4053 834 4122 Κιρκαίου
868 4051 1056 4105 τούτου
1104 4052 1397 4124 κρατῆρος.
1446 4051 1509 4102 Oi
1551 4049 1660 4120 γὰρ
1692 4051 2016 4120 ἐμπίνοντες

448 4146 549 4214 τῆς
595 4147 1038 4216 γεγοητευμένης
1067 4145 1280 4213 ἀπάτης
1306 4145 1369 4222 ἐκ
1398 4141 1490 4195 τοῦ
1525 4141 1688 4196 αὑτοῦ
1727 4144 2013 4213 συγγράμ-

451 4253 639 4304 ματος,
667 4239 746 4299 εἰς
769 4236 1037 4306 διαφόρων
1067 4235 1350 4306 δογμάτων
1385 4232 1596 4304 μορφὰς
1647 4232 2008 4299 ἀλλοιοῦνται,

447 4327 540 4379 νῦν
572 4328 670 4398 μὲν
700 4326 894 4396 τούτῳ,
928 4327 1086 4380 πάλιν
1106 4327 1162 4380 δὲ
1193 4325 1272 4396 τῷ
1293 4325 1462 4397 ἐτέρῳ
1490 4324 1873 4397 μορφούμενοι.
1908 4327 2018 4377 Καὶ

448 4419 540 4470 ἐπὶ
566 4418 773 4481 τούτοις
813 4420 863 4471 οἱ
894 4418 1217 4486 γλυκύτατοι
1250 4418 1390 4470 κατὰ
1418 4419 1515 4488 τὴν
1556 4417 1649 4469 τοῦ
1680 4417 1850 4487 μύθου
1898 4417 2016 4471 δια-

2108 1945 2285 2000 instar
2318 1962 2413 2015 per
2470 1962 2633 2000 aures
2687 1947 2957 2013 feruntur,
3014 1949 3080 2001 ad
3108 1951 3394 2002 arbitrium
3443 1951 3564 2019 ejus
3599 1951 3692 2019 qui

2107 2047 2451 2094 transversos
2517 2040 2627 2108 agit
2681 2041 3021 2094 circumacti.
3085 2039 3300 2094 Placuit
3359 2043 3460 2111 ipsi
3508 2043 3692 2097 dicere

2107 2131 2342 2199 genitam
2380 2130 2676 2185 essentiam
2722 2133 3014 2200 conjuncte
3046 2134 3160 2186 sive
3190 2134 3404 2188 adhaese
3438 2133 3558 2187 Filii
3601 2150 3694 2202 ap-

2107 2223 2454 2291 pellationem
2484 2225 2704 2288 habere,
2737 2239 2859 2278 mox
2889 2224 3066 2277 instar
3091 2225 3504 2279 dormitantium
3531 2226 3692 2281 dictis

2108 2325 2420 2370 annuerunt
2482 2335 2494 2370 ἒ
2553 2316 2750 2370 iterum
2844 2317 2897 2370 in
2957 2319 3296 2370 COIll-I‘ill'illlli
3380 2335 3690 2372 SCI'IHOIM'III

2107 2411 2409 2466 transtulit.
2459 2417 2513 2462 et
2545 2419 2703 2478 negat
2737 2407 2860 2462 Filii
2915 2425 3037 2463 cum
3072 2426 3136 2463 co
3197 2413 3287 2479 qui
3323 2412 3513 2480 genuit
3553 2411 3694 2464 rela-

2107 2500 2310 2553 tionem
2348 2515 2360 2550 :
2406 2498 2526 2553 huic
2591 2516 2783 2553 rursus
2828 2501 3096 2555 Carissimi
3147 2501 3693 2568 condicunt,quem-

2107 2587 2398 2641 admodum
2441 2604 2731 2656 corporum
2779 2591 3015 2650 umbrae,
3044 2597 3342 2658 spontanea
3377 2590 3680 2642 imitatione

2109 2677 2176 2731 ad
2226 2686 2429 2730 motum
2465 2679 2862 2747 progredientis
2892 2683 3327 2750 conligurantur,
3363 2696 3692 2749 quocunque

2111 2770 2344 2823 voluerit
2375 2771 2437 2824 ad
2472 2771 2521 2823 id
2551 2788 2672 2825 sese
2707 2774 3091 2827 contrahentes
3124 2783 3176 2827 et
3205 2784 3512 2843 vergentes,
3550 2783 3693 2825 tam-

2108 2863 2208 2917 etsi
2255 2863 2368 2932 ipse
2419 2864 2523 2917 sibi
2592 2873 2880 2933 repugnet,
2938 2864 3040 2917 hoc
3077 2865 3242 2919 etiam
3304 2867 3688 2933 approbantes.

2109 2954 2290 3008 Altera
2327 2971 2457 3009 sane
2480 2965 2564 3009 est
2593 2958 2839 3024 quaedam.
2876 2955 3162 3011 Homerica
3208 2957 3556 3009 miscellanea
3589 2972 3686 3023 po-

2111 3047 2208 3111 tio,
2241 3062 2347 3098 non
2385 3060 2612 3113 corpora
2652 3061 2840 3099 eorum
2872 3046 2962 3115 qui
2997 3059 3201 3098 veneno
3231 3044 3549 3097 mﬁciuntur
3584 3043 3688 3094 im-

2112 3151 2328 3194 mutans
2394 3143 2445 3191 iu
2499 3140 2783 3193 brutorum
2835 3140 3151 3192 animalium
3202 3139 3424 3207 figuras,
3485 3136 3579 3190 sed
3636 3135 3691 3189 in

2112 3234 2320 3286 animas
2355 3233 2496 3285 vires
2530 3248 2657 3285 suas
2694 3247 2970 3289 exserens.
3010 3240 3062 3282 et
3092 3231 3144 3282 in
3176 3229 3226 3282 id
3283 3230 3424 3298 quod
3465 3230 3686 3282 brutnm

2111 3333 2194 3378 est
2210 3332 2261 3376 ct
2290 3326 2496 3376 ratione
2527 3332 2677 3377 caret
2713 3323 3260 3376 transformationcm
3309 3323 3566 3376 cﬁiciens.
3619 3322 3691 3375 De

2114 3415 2222 3468 illis
2249 3416 2390 3467 enim
2455 3415 2634 3468 fabula
2671 3415 2766 3476 ait,
2833 3416 2976 3483 quod
3018 3415 3169 3467 firma
3228 3415 3470 3482 ipsorum
3535 3429 3692 3468 mens

2112 3514 2250 3563 erat,
2282 3504 2562 3555 immutata
2595 3503 2647 3555 in
2688 3504 2914 3556 ferinam
2949 3509 3186 3557 humana
3221 3506 3411 3556 forma.
3443 3503 3538 3556 Hic
3565 3520 3693 3556 vero

2115 3595 2435 3663 corporibus
2491 3594 2544 3647 in
2593 3597 2824 3648 naturali
2894 3596 3064 3664 figura
3121 3597 3586 3663 permanentibus,
3637 3596 3691 3648 in

2114 3686 2326 3738 brutam
2347 3690 2399 3735 et
2431 3683 2661 3735 rationis
2686 3694 2962 3751 expertem
2994 3693 3242 3736 naturam
3283 3685 3475 3736 anima:
3508 3692 3692 3735 trans-

2118 3775 2442 3827 formantur.
2501 3774 2564 3826 Et
2596 3783 2653 3826 ut
2698 3775 2809 3828 illic
2868 3786 3052 3828 narrat
3114 3777 3321 3843 poetica
3380 3776 3693 3844 prodigiosa

2116 3863 2319 3925 fabula,
2372 3865 2425 3916 in
2457 3863 2826 3918 differentium
2870 3866 3175 3919 belluarnm
3207 3868 3440 3935 species.
3479 3883 3691 3920 veneno

2116 3957 2349 4010 infectos
2383 3958 2498 4010 sive
2554 3957 2859 4011 incantatus
2909 3957 3208 4019 immutari,
3269 3959 3412 4011 sicut
3442 3961 3693 4027 placebat

2115 4047 2368 4102 veneﬁcae
2399 4059 2645 4100 naturam
2672 4049 2995 4102 adulteranti
3022 4065 3085 4102 ac
3117 4052 3441 4117 pervertenti
3467 4069 3480 4107 :
3503 4051 3690 4106 eadem

2116 4140 2278 4193 etiam
2310 4153 2456 4191 nunc
2480 4140 2611 4192 liunt
2640 4155 2668 4190 a
2693 4138 2900 4193 Circaao
2942 4138 3106 4207 hujus
3167 4141 3386 4210 poculo;
3419 4141 3511 4209 qui
3547 4143 3692 4194 enim

2119 4231 2420 4285 maleﬁcum
2471 4246 2713 4284 errorem
2744 4237 2798 4284 et
2857 4232 3161 4300 praestigias
3201 4247 3268 4286 ex
3314 4233 3434 4300 ejus
3485 4237 3692 4302 scripto

2122 4323 2331 4383 bibunt,
2358 4323 2412 4375 in
2442 4322 2783 4376 diversorum
2809 4321 3118 4392 dogmatum
3172 4323 3376 4377 formas
3411 4332 3694 4379 transum-

2121 4423 2336 4468 tantur:
2364 4430 2510 4469 nunc
2536 4413 2754 4484 quidem
2775 4413 2828 4466 in
2854 4414 2978 4480 hoc,
3000 4431 3193 4472 rursus
3217 4432 3348 4471 vero
3372 4419 3425 4472 in
3460 4419 3690 4472 alterum

454 4510 671 4580 σκευὴν,
707 4510 988 4577 ἀγαπῶσιν
1011 4510 1090 4563 ἐτι
1121 4510 1211 4562 τὸν
1239 4511 1335 4580 τῆς
1369 4509 1622 4579 τοιαύτης
1655 4509 1877 4576 ἀλογίας
1916 4510 2010 4562 αὐ-

2124 4504 2522 4560 transformati.
2551 4505 2727 4575 Atque
2778 4505 2833 4560 in
2891 4505 2979 4560 his
3029 4506 3360 4569 dulcissimi,
3390 4511 3690 4562 secundum

450 4604 560 4664 τοῖς
590 4600 972 4670 ἐξηγούμενον.
1011 4601 1120 4654 Καὶ
1158 4595 1267 4655 οἶόν
1299 4618 1420 4653 τινα
1451 4599 1657 4670 καρπὸν
1689 4599 1945 4670 κρανίας,
1981 4599 2014 4668 ἢ

453 4689 700 4758 βάλανον,
739 4691 864 4752 τοὺς
912 4690 1396 4761 διαρῤιπτομένους
1438 4691 1560 4758 παρ’
1613 4689 1774 4740 αὐτοῦ
1831 4687 2020 4754 λόγους

453 4781 854 4849 ύποκεκυφότες
893 4781 1207 4848 ἐκλέγουσιν
1236 4799 1249 4812 ο
1288 4781 1430 4832 συῶν
1467 4781 1620 4850 δίκην
1650 4769 1785 4850 πρὸς
1817 4778 1886 4830 τὰ
1923 4794 2020 4847 χα-

456 4874 724 4942 μαιρῤιφῆ
775 4871 882 4924 τῶν
935 4873 1216 4943 δογμάτων
1249 4872 1568 4942 λαιμάργως
1611 4871 2018 4941 ἐπιτρέχοντες,

451 4966 562 5024 τοῖς
594 4963 651 5016 δέ
688 4962 910 5033 ὑψηλοῖς
947 4980 1006 5015 τε
1053 4963 1148 5016 καὶ
1190 4962 1458 5033 οὐρανίοις
1491 4961 1813 5025 ενα-ξενίζειν
1860 4960 2020 5028 φύσιν

453 5055 552 5106 οὐκ
576 5054 811 5124 ἔχοντες.
843 5055 939 5107 Διά
969 5054 1128 5106 τοῦτο
1155 5054 1252 5125 τὴν
1291 5057 1382 5106 ἐπὶ
1408 5055 1474 5106 τά
1503 5053 1720 5106 ἐναντία
1745 5053 1838 5105 τοῦ
1864 5053 2020 5116 λόγου

456 5144 811 5215 παρατροπὴν
839 5145 936 5214 οὐχ
985 5143 1215 5214 ὁρῶσιν,
1249 5144 1383 5196 ἀλλὰ
1432 5144 1492 5196 τὸ
1521 5144 1605 5197 ἐπ’
1639 5144 1834 5205 αὐτοὺς
1872 5143 2022 5194 ἐλθὸν

453 5236 824 5299 ἀνεξετάστως
851 5236 1205 5307 ἁρπάζουσιν.
1239 5231 1362 5288 Οἷον
1385 5235 1428 5287 δ’
1457 5235 1521 5287 ἂν
1558 5235 1626 5305 ἢν
1657 5234 1750 5287 καὶ
1777 5234 2024 5305 καθάπερ

455 5329 587 5396 φασὶ
634 5327 742 5380 τῶν
790 5327 877 5381 διά
932 5327 1304 5396 μανδραγόρου
1345 5325 1745 5397 κεκαρωμένων
1810 5325 2025 5394 κώματί

453 5437 558 5472 τινι
577 5419 1006 5489 καὶδυσκινησίᾳ
1035 5418 1355 5488 κρατεῖσθαι
1378 5419 1446 5470 τὰ
1472 5417 1697 5487 σώματα
1716 5434 1728 5446 °
1748 5417 1838 5469 τὸν
1864 5418 2025 5470 αὐτὸν

457 5512 654 5582 τρόπον
685 5511 778 5563 καὶ
807 5511 1013 5574 τούτοις
1041 5511 1305 5566 διάκειται
1342 5511 1412 5564 τὰ
1443 5513 1538 5581 τῆς
1568 5509 1744 5578 ψυχῆς
1769 5509 2028 5578 αἰσθητή-

461 5618 551 5674 ρια
577 5644 590 5667 ,
629 5603 762 5673 πρὸς
794 5602 888 5672 τὴν
921 5603 1131 5655 σύνεσιν
1169 5603 1268 5674 τῆς
1296 5603 1508 5674 ἀπάτης
1546 5601 2024 5670 ἀποναρκήσαντα.

528 5787 570 5815 ’ί
596 5789 607 5804 ⁸
642 5784 762 5838 Psal
817 5801 998 5848 xxxrv,
1038 5785 1116 5840 16.

2123 4598 2319 4652 fabula:
2352 4606 2696 4666 apparatum,
2726 4603 2912 4650 amant
2949 4607 3112 4650 etiam
3154 4613 3278 4652 eum
3334 4599 3424 4667 qui
3469 4615 3526 4652 se
3559 4599 3694 4669 ipsis

2121 4690 2324 4743 erroris
2353 4696 2407 4742 et
2437 4687 2690 4741 amentiae
2744 4685 2939 4740 ducem
2978 4696 3031 4740 et
3085 4687 3409 4756 magistrum
3469 4691 3690 4757 pra-:lret.

2124 4779 2188 4832 Et
2249 4781 2414 4834 veluti
2471 4779 2758 4848 quemdam
2821 4778 2972 4832 corni
3019 4777 3255 4832 fructum
3308 4781 3388 4834 vel
3419 4781 3692 4849 glandem,

2126 4869 2282 4937 proni
2337 4876 2391 4922 et
2440 4869 2508 4922 ab
2573 4869 2694 4938 ipso
2737 4868 3011 4936 projectos
3068 4883 3352 4923 sermones
3407 4869 3461 4922 in
3493 4878 3692 4924 terram

2124 4961 2282 5014 curvi
2313 4961 2594 5030 colligunt,
2624 4975 2914 5030 porcorum
2946 4961 3139 5025 instar,
3176 4961 3241 5013 ad
3268 4961 3417 5015 humi
3454 4964 3695 5032 projerta

2125 5052 2375 5121 dogmata
2429 5051 2602 5105 avidis
2654 5049 2902 5104 faucibus
2961 5051 3340 5116 adcurrentes,
3381 5055 3446 5107 ad
3483 5057 3698 5109 excelsa

2125 5151 2306 5197 autem
2334 5153 2387 5197 et
2418 5143 2662 5198 cmlestia
2700 5145 2928 5198 intentis
2965 5145 3139 5198 oculis
3177 5147 3426 5199 contueri
3470 5155 3524 5201 et
3576 5164 3699 5216 spe-

2126 5243 2275 5289 ctare
2327 5245 2692 5304 nequeuntes.
2754 5234 3101 5305 Quapropter
3159 5235 3224 5288 ad
3259 5239 3534 5290 contraria
3569 5255 3697 5291 ora-

2128 5327 2293 5382 tionis
2326 5328 2725 5396 perversionem
2785 5343 2894 5381 non
2943 5327 3150 5389 vident,
3191 5328 3284 5382 sed
3317 5331 3578 5398 quidquid
3634 5332 3698 5383 ad

2130 5419 2278 5488 ipsos
2318 5422 2548 5482 venerit,
2614 5418 2951 5488 inexplorato
3006 5421 3303 5490 abripiunt.
3337 5420 3704 5485 Quemadmo-

2125 5510 2256 5564 ‘dum
2310 5511 2462 5564 aiunt
2513 5525 2740 5579 corpora
2772 5525 2959 5564 eorum
3011 5513 3104 5580 qui
3163 5513 3541 5582 ntandragor'e
3603 5530 3699 5568 esu

2131 5603 2400 5658 veternosi
2453 5602 2582 5657 facti
2619 5612 2767 5667 sunt,
2818 5602 3090 5674 profundo
3145 5605 3378 5673 quodam
3416 5620 3612 5674 soprrc
3652 5616 3701 5660 ct
