4138 6364
310 381 373 435 σε
385 384 416 437 9

1411 389 1691 447 CONTRA
1730 390 2118 456 ElINOMIUM,
2163 392 2288 446 LIB.
2334 394 2423 448 IV.

3485 406 3591 462 630

318 515 433 570 ριον
465 498 578 568 ἔχει
615 499 707 554 καὶ
731 499 800 553 τὰ
831 500 964 554 ἄλλα
992 503 1168 556 πάντα
1202 503 1343 557 κατὰ
1370 505 1459 557 τὸν
1489 506 1650 558 αὐτὸν
1677 507 1895 577 τρόπον.

2016 509 2285 575 proprinm
2333 515 2416 561 est
2457 524 2562 562 non
2614 509 2810 564 habent
2843 519 2898 567 ct
2935 514 3142 584 reliqua
3168 516 3502 584 huiusmodi.
3530 521 3588 576 in

321 591 663 662 Βεὸρωκέναι
705 610 788 655 τις
833 594 974 647 κατὰ
1011 595 1110 665 τὴν
1138 597 1388 650 ἐνύπνιον
1422 599 1717 666 φαντασίαν
1748 598 1903 664 λέγε-

315 701 406 737 ται
429 701 442 714 ’
482 683 596 736 ἀλλ’
629 684 728 736 οὐκ
757 683 872 736 ἐστι
902 686 1097 754 κυρίαν
1127 685 1327 757 βρῶσιν
1355 689 1454 758 τὴν
1486 687 1784 755 φαντασίαν
1830 689 1906 739 εἰ·

316 777 458 829 πεῖν.
510 776 722 845 ’Ὠσπερ
771 776 949 828 τοίνυν
997 778 1193 849 ἐπίσης
1239 778 1332 831 δύο
1376 780 1540 832 τινῶν
1603 779 1906 850 ἀνθρώπων

315 869 458 922 κατὰ
492 869 652 937 φύσιν
683 869 1086 938 ὑφεστηκότων,
1116 871 1373 941 ἑκάτερον
1402 871 1580 923 αὐτῶν
1611 870 1810 941 κυρίως
1839 873 1904 942 τῇ

318 962 468 1029 φωνῇ
502 959 980 1031 προσαγορεύομεν
1009 961 1102 1013 τοῦ
1131 961 1440 1033 ἀνθρώπου.
1471 964 1531 1015 Εἰ
1557 965 1612 1017 δὲ
1643 965 1741 1035 τὴν
1767 965 1906 1034 ἄψυ-

317 1051 411 1119 χόν
460 1068 545 1112 τις
594 1051 777 1103 εἰκόνα
816 1052 952 1120 πρὸς
996 1053 1088 1104 τὸν
1137 1055 1279 1107 κατὰ
1332 1055 1585 1124 ἀλήθειαν
1625 1057 1906 1127 ἄνθρωπον

321 1140 534 1202 συνθεὶς
579 1141 956 1212 ἀριθμήσειεν,
992 1141 1082 1195 δύο
1114 1144 1212 1213 μὲν
1246 1145 1310 1197 ἂν
1343 1144 1510 1206 εἴποι,
1545 1148 1637 1199 τόν
1672 1165 1728 1201 τε
1776 1148 1908 1220 ἀλη-

322 1231 429 1294 θῶς
444 1231 570 1284 ὄντα
592 1234 684 1286 καὶ
715 1233 775 1286 τὸ
814 1235 1086 1305 ὁμοίωμα,
1121 1237 1300 1289 οὐκέτι
1322 1238 1365 1289 δ’
1402 1237 1466 1290 ἂν
1501 1240 1596 1292 καὶ
1630 1240 1690 1292 τὸ
1721 1241 1908 1312 κύριον

323 1323 651 1392 ἀμφοτέροις
688 1329 1252 1396 προσμαρτυρήσειεν.
1286 1328 1471 1392 Οὕτως
1506 1330 1664 1404 εἴπερ
1704 1332 1829 1385 ἄλλο
1856 1351 1908 1387 τι

327 1412 476 1482 παρὰ
508 1412 602 1482 τὴν
629 1413 722 1464 τοῦ
747 1415 959 1484 Πατρος
987 1417 1174 1469 οὐσίαν
1208 1419 1240 1488 ἡ
1275 1418 1365 1470 τοῦ
1384 1420 1719 1486 Μονογενοῦς
1749 1423 1910 1488 φύσις

327 1503 620 1565 ὑπενοεῖτο,
641 1506 738 1556 οὐκ
757 1503 822 1557 ἂν
840 1507 1186 1578 κυριωτάτην
1225 1510 1493 1580 ἑκατέραν
1513 1511 1622 1565 τῶν
1645 1514 1843 1567 οὐσιῶν
1881 1517 1909 1568 ὁ

327 1593 662 1665 λογογράφος
685 1596 958 1668 ὠνόμασε.
993 1600 1117 1663 Πῶς
1144 1600 1251 1672 γὰρ
1283 1603 1347 1656 ἄν
1378 1621 1460 1666 τις
1483 1605 1549 1657 τὰ
1580 1605 1905 1678 διαφέροντα

327 1690 393 1757 τῇ
413 1687 588 1755 φύσει,
612 1692 674 1759 τῇ
709 1693 996 1761 ταυτότητι
1011 1693 1118 1744 τῶν
1135 1694 1412 1764 ὀνομάτων
1433 1714 1496 1765 ση
1508 1698 1752 1768 μάνειεν;
1773 1703 1909 1754 Ἀλλ’

2006 598 2216 652 somnis
2266 599 2486 668 quidam
2537 599 2718 654 edisse
2763 617 2858 670 per
2908 604 3170 659 visionem
3212 608 3443 673 dicitur,
3489 617 3584 666 sed

2009 688 2275 742 visionem
2353 690 2469 745 sive
2530 691 2975 757 imaginationem
3042 711 3152 749 non
3222 697 3346 752 licet
3409 700 3592 757 dicere

2006 782 2281 850 pr0priam
2349 797 2556 836 escam.
2615 782 3087 848 Quemadmodum
3150 788 3321 858 igitur
3376 792 3592 848 duolms

2009 890 2163 942 atque
2195 873 2512 929 hominibus
2539 876 2841 928 secundum
2884 887 3137 932 naturam
3169 883 3590 949 evsistentibus,

2007 973 2306 1033 utrumque
2341 965 2583 1032 ipsorum
2630 967 2851 1034 proprie
2888 967 2990 1020 hac
3011 984 3144 1023 voce
3190 971 3465 1027 hominem
3498 992 3594 1044 ap-

2010 1057 2295 1125 pellamus.
2342 1055 2497 1122 Quod
2535 1056 2582 1111 si
2629 1057 2929 1112 inaniinani
2973 1061 3100 1128 quis
3147 1062 3434 1132 imaginem
3467 1081 3591 1120 cum

2011 1148 2230 1204 homine
2277 1149 2578 1203 secundum
2623 1149 2911 1204 veritatem
2955 1166 3294 1222 componens
3340 1171 3595 1209 numera-

2008 1237 2170 1302 verit,
2203 1237 2341 1291 duos
2372 1238 2592 1306 quidem
2627 1238 2848 1304 dixerit,
2887 1248 2941 1294 et
2964 1257 3090 1294 eum
3122 1243 3216 1311 qui
3247 1259 3372 1297 vere
3400 1255 3505 1307 est,
3542 1257 3596 1300 et

2010 1342 2109 1396 per
2144 1327 2563 1381 similitudinem
2595 1329 2838 1396 dicitur;
2887 1331 2981 1385 sed
3015 1348 3123 1385 non
3162 1334 3396 1402 amplius
3425 1337 3594 1389 uti-is-

2010 1434 2117 1486 que
2149 1419 2296 1486 quod
2327 1419 2493 1488 hujus
2514 1422 2756 1476 nominis
2784 1430 2869 1476 est
2903 1423 3184 1492 proprium
3213 1426 3593 1494 assignaverit.

2013 1511 2104 1564 Sic
2157 1512 2202 1564 si
2239 1512 2370 1580 quid
2420 1513 2569 1567 aliud
2625 1523 2679 1567 et
2727 1515 3006 1570 diversum
3057 1532 3087 1568 a
3120 1519 3303 1572 Patris
3347 1521 3596 1573 essentia

2013 1600 2286 1672 Unigeniti
2326 1614 2522 1658 natura
2559 1613 2738 1659 mente
2766 1608 3172 1676 conciperetur,
3216 1625 3324 1661 non
3365 1612 3598 1679 amplius

2015 1693 2249 1746 maxime
2285 1695 2560 1762 propriam
2597 1703 2889 1764 utramque
2915 1698 3210 1750 essentiam
3245 1698 3333 1752 hic
3360 1704 3599 1768 scriptor

331 1779 504 1832 ἔοικεν
558 1783 590 1851 ἡ
641 1782 866 1853 ἀλήθεια
912 1784 1004 1836 καὶ
1051 1785 1137 1838 διὰ
1186 1786 1292 1839 τῶν
1345 1788 1726 1858 πολεμούντων
1771 1794 1907 1864 αύτῇ

2022 1783 2378 1836 nominasset.
2417 1781 2703 1848 Quomodo
2733 1785 2877 1838 enim
2921 1786 3046 1854 quis
3077 1803 3199 1855 qua:
3254 1798 3449 1842 natura
3492 1789 3598 1843 dif-

331 1871 717 1942 φανεροῦσθαι,
757 1874 830 1944 μὴ
885 1875 1184 1944 δυναμένου
1218 1877 1472 1944 καθάπαξ
1522 1882 1655 1952 μηδὲ
1686 1885 1744 1936 ἐν
1796 1889 1914 1950 ταῖς

329 1960 438 2014 τῶν
491 1962 700 2034 ἐχθρῶν
750 1969 957 2034 φωναῖς
1006 1969 1358 2039 ὑπερισχύειν
1401 1974 1498 2044 τῆς
1533 1975 1786 2046 ἀληθείας
1820 1977 1914 2030 τοῦ

329 2054 577 2123 ψεύδους.
639 2053 737 2108 Διὰ
780 2057 940 2111 τοῦτο
973 2060 1048 2130 τῷ
1094 2062 1319 2132 στόματι
1367 2064 1476 2118 τῶν
1525 2068 1916 2140 ἀντικειμένων

331 2148 423 2198 καὶ
467 2148 540 2218 μὴ
585 2148 801 2201 εἰδότων
840 2150 874 2203 ἂ
917 2151 1163 2219 λέγουσιν
1202 2158 1229 2208 ὁ
1262 2156 1362 2220 τῆς
1401 2159 1681 2223 εὐσεϐείας
1709 2162 1917 2232 ἀνακη-

332 2236 586 2307 ρύσσεται
639 2238 832 2308 λόγος’
886 2243 1138 2315 καθάπερ
1191 2247 1285 2298 καὶ
1326 2249 1417 2300 ἐπὶ
1458 2250 1553 2302 τοῦ
1608 2250 1826 2323 Καῖάφα
1857 2255 1919 2308 τὸ

333 2329 595 2398 σωτήριον
643 2331 784 2402 ὑπὲρ
828 2332 988 2402 ἡμῶν
1038 2335 1132 2386 τοῦ
1185 2338 1389 2404 Κυρίου
1453 2341 1623 2404 πάθος
1675 2347 1918 2414 προηγό-

334 2439 513 2492 ρευτο,
564 2423 662 2475 ούκ
711 2424 910 2488 εἰδότος
958 2427 984 2478 ὃ
1035 2426 1203 2494 λέγει.
1258 2430 1466 2484 θύκοῦν
1518 2433 1568 2484 εἰ
1620 2434 1798 2486 κοινὸν
1831 2437 1918 2488 ἐπ’

332 2513 659 2584 ἀμφοτέρων
687 2519 786 2585 τῆς
833 2517 1018 2580 οὐσίας
1064 2518 1126 2570 τὸ
1163 2519 1518 2591 κυριώτατον,
1564 2525 1658 2576 τοῦ
1707 2525 1920 2593 Πατρὸς

331 2603 475 2672 λέγω
504 2606 598 2658 καὶ
623 2604 715 2658 τοῦ
749 2607 878 2659 Υίοῦ
899 2625 912 2638 ο
950 2609 1070 2661 τίνα
1100 2609 1284 2680 χώραν
1307 2611 1420 2681 ἔχει
1445 2613 1507 2664 τδ
1535 2614 1919 2685 παρηλλάχθαι

331 2695 430 2751 τὰς
475 2695 664 2756 οὐσίας
719 2696 962 2766 ἀλλήλων
1007 2698 1224 2766 λέγειν;
1276 2702 1345 2752 Ἣ
1395 2701 1512 2764 πῶς
1563 2704 1622 2755 ὲν
1667 2704 1858 2768 αὑταῖς
1885 2707 1918 2775 ὴ

333 2785 469 2855 πρὸς
498 2786 559 2837 τὸ
585 2787 948 2858 δυνατώτερόν
981 2806 1036 2841 τε
1062 2791 1156 2843 καὶ
1189 2790 1370 2860 μεῖζον
1396 2794 1490 2845 καὶ
1529 2796 1919 2866 προτιμότερον

334 2876 676 2946 ὲνθεωρείται
722 2877 974 2948 διαφορὰ,
1023 2879 1123 2947 τῆς
1165 2883 1509 2952 κυριωτάτης
1551 2884 1739 2946 οὐσίας
1769 2885 1920 2936 ούδε-

338 2967 466 3034 μίαν
502 2968 948 3039 παραδεχομένης
981 2969 1310 3036 ὲλάττωσιν;
1364 2973 1438 3024 Τὸ
1470 2974 1578 3044 γὰρ
1608 2975 1812 3038 ἀτελῶς
1837 2975 1918 3040 ὃν,

333 3058 525 3128 ὅτιπερ
573 3058 638 3110 ἂν
682 3055 736 3132 ᾗ,
775 3060 980 3127 κυρίως
1009 3061 1110 3113 οὐκ
1140 3063 1304 3126 ἔστιν,
1341 3063 1401 3115 οὐ
1434 3063 1617 3130 φύσις,
1663 3067 1724 3118 οὐ
1757 3065 1920 3119 δύνα-

339 3166 450 3218 μις,
484 3151 584 3202 οὐκ
614 3150 852 3219 ἀξίωμα,
883 3152 980 3204 οὐκ
1005 3151 1130 3206 ἄλλο
1165 3171 1214 3205 τι
1240 3153 1348 3206 τῶν
1376 3153 1498 3206 καθ’
1529 3156 1759 3209 ἕκαστον
1787 3157 1919 3210 θεω-

338 3242 617 3312 ρουμένων
667 3243 848 3295 οὐδέν·
911 3243 1051 3296 ὥστε
1095 3246 1127 3315 ἠ
1175 3245 1296 3298 κατ’
1331 3246 1519 3299 οὐσίαν
1569 3248 1662 3300 τοῦ
1707 3250 1920 3320 [ἰατρὸς

337 3334 599 3404 ὑπεροχὴ,
633 3335 815 3398 καθὼς
865 3337 897 3406 ή
933 3336 1143 3406 αἵρεσις
1192 3335 1458 3405 βούλεται,
1509 3338 1570 3389 τὸ
1609 3338 1794 3402 ἀτελὲς
1823 3342 1922 3409 τῆς

335 3428 522 3490 οὐσίας
550 3426 643 3480 τοῦ
683 3429 1022 3496 Μονογενοῦς
1065 3428 1348 3498 διελέγχει.
1386 3431 1448 3482 Εἰ
1480 3426 1572 3482 οὖν
1607 3430 1822 3500 ἀτελὴς,
1859 3432 1921 3483 ού

338 3521 536 3590 κυρία·
594 3521 641 3572 εἰ
695 3521 751 3572 δὲ
803 3521 1136 3590 κυριωτάτη,
1174 3523 1267 3574 καὶ
1297 3522 1478 3574 τελεία
1533 3523 1770 3586 πάντως.
1823 3522 1924 3574 Τέ-

339 3612 478 3665 λειον
513 3612 622 3680 γὰρ
667 3612 726 3665 τὸ
778 3613 992 3676 ἐλλιπὲς
1043 3613 1401 3683 ὀνομάζεσθαι
1454 3614 1616 3683 φύσιν
1660 3616 1758 3668 οὐκ
1789 3615 1920 3684 ἔχει.

352 3702 491 3757 Ἀλλ’
545 3704 665 3756 οὐδὲ
714 3704 1080 3775 συγκριτικῶς
1109 3705 1666 3775 ἀντιπαρατιθεμένου
1716 3706 1922 3757 τελείου

341 3795 480 3865 πρὸς
511 3797 734 3856 τέλειον,
775 3796 1036 3866 διαφοράν
1067 3813 1189 3848 τινα
1215 3797 1354 3849 κατὰ
1405 3797 1740 3867 πλεονασμὸν
1769 3798 1801 3867 ἢ
1835 3797 1923 3848 ἔλ-

339 3883 514 3954 λειψιν
551 3885 840 3956 γ;ι·;μένη·.ρ
867 3887 1088 3940 δυνατόν
1129 3888 1275 3939 ἐστιν
1319 3887 1624 3956 ἐπινοῆσαι.
1663 3887 1776 3940 Μία
1815 3887 1924 3958 γὰρ

341 3974 429 4026 ἐπ’
467 3976 690 4043 ἀμφοῖν,
741 3974 931 4044 ὥσπερ
970 3977 1061 4028 ἐπὶ
1106 3977 1347 4039 κανόνος,
1396 3979 1428 4047 ἡ
1481 3977 1772 4047 τελειότης,
1803 3976 1925 4030 οὒτε

342 4065 720 4136 κοιλαινομένη
773 4065 851 4136 τῷ
900 4066 1176 4132 λείποντι,
1232 4066 1356 4120 οὔτε
1421 4068 1783 4138 ἀνωμαλοῦσα
1847 4069 1924 4137 τῷ

344 4157 711 4221 πλεονάζοντι.
771 4159 881 4229 Τήν
940 4159 1039 4229 μὲν
1093 4154 1186 4212 οὖν
1247 4160 1388 4229 ὑπὲρ
1451 4160 1544 4212 τοῦ
1607 4160 1727 4212 καθ’
1779 4162 1925 4230 ἡμᾶς

343 4249 611 4318 δόγματος
643 4251 737 4304 τοῦ
790 4251 1055 4321 Εὐνομίου
1101 4251 1445 4322 συνηγορίαν,
1486 4250 1682 4314 ἱκανῶς
1729 4253 1792 4304 ἐκ
1819 4253 1926 4306 τῶν

344 4342 649 4412 εἰρημένων
682 4339 830 4396 ἐστιν
867 4343 1022 4395 ἰδεῖν·
1063 4343 1260 4410 μᾶλλον
1287 4343 1343 4394 δὲ
1373 4344 1433 4394 ού
1467 4345 1564 4411 τὴν
1600 4343 1740 4414 ὑπὲρ
1768 4343 1924 4414 ἡμῶν

347 4432 602 4501 σπουδὴν,
640 4431 774 4484 ἀλλὰ
811 4433 909 4502 τὴν
955 4432 1089 4502 πρὸς
1133 4432 1329 4502 ἑαυτὴν
1363 4433 1560 4502 μάχην.
1609 4434 1686 4484 Δι’
1714 4426 1788 4485 ὧν
1816 4435 1924 4506 γάρ

345 4524 404 4575 τὸ
461 4525 725 4594 ἡμέτερον
775 4525 951 4594 δόγμα
1009 4528 1119 4586 τοῖς
1178 4523 1325 4586 ἰδίοις
1383 4525 1664 4592 συνίστησι
1718 4523 1921 4592 λόγοις,

345 4613 466 4667 καθ’
497 4616 692 4668 ἑαυτοῦ
720 4616 909 4685 τρέπει
938 4616 1006 4668 τὰ
1040 4619 1424 4686 μηχανήματα.
1460 4616 1652 4684 Ἡμεῖς
1678 4615 1735 4667 δὲ
1764 4615 1924 4669 πάλιν

342 4709 454 4768 τοῖς
486 4706 891 4776 γεγραμμένοις
922 4707 1041 4760 κατ’
1072 4707 1241 4777 αὐτὴν
1267 4707 1367 4776 τὴν
1393 4705 1536 4770 λέξιν
1566 4705 1925 4776 ἀκολουθήσο-

348 4816 468 4866 μεν,
519 4799 593 4862 ὡς
644 4799 710 4852 ἂν
761 4801 991 4870 φανερὸν
1016 4799 1224 4868 γένοιτο
1265 4802 1466 4859 πᾶσιν,
1513 4800 1594 4852 ὅτι
1644 4799 1783 4870 πλὴν
1827 4799 1924 4853 τοῦ

346 4889 630 4958 βούλεσθαι
663 4894 1008 4964 κακουργεῖν,
1039 4891 1293 4960 οὐδεμίαν
1341 4891 1492 4961 ἰσχὺν
1537 4891 1669 4962 πρὸς
1699 4891 1798 4963 τὴν
1825 4909 1924 4946 κα-

345 4979 471 5030 κίαν
516 4982 545 5033 ό
591 4983 722 5051 παρ’
757 4981 935 5035 αὑτῶν
965 4981 1118 5050 λόγος
1153 4981 1287 5050 ἔχει.

346 5079 604 5124 namenta
649 5082 703 5127 et
754 5086 928 5129 astus.
962 5073 1073 5129 Nos
1119 5085 1302 5128 autem
1354 5089 1547 5130 rursus
1591 5076 1796 5145 scripta
1853 5077 1920 5132 ad

344 5166 624 5232 omnibus,
674 5167 820 5236 quod
871 5183 1061 5222 eorum
1102 5184 1284 5224 sermo
1337 5169 1545 5222 nullam
1594 5166 1762 5222 habet
1813 5167 1922 5221 vim

346 5259 505 5313 cendi
541 5261 838 5313 voluntate.

429 5353 774 5421 Ἀκούσωμεν
833 5352 1012 5405 τοίνυν
1076 5353 1183 5406 τῶν
1257 5354 1581 5425 εἰρημένων.
1661 5355 1921 5418 Εἰκότως

344 5445 492 5514 φηιή
531 5462 619 5509 τις
648 5443 724 5497 ἂν
758 5443 872 5509 τὴν
908 5445 1273 5512 κυριωτάτην
1301 5447 1397 5498 καὶ
1431 5445 1669 5514 πρώτην
1701 5444 1797 5497 καὶ
1822 5445 1924 5513 μό-

345 5553 464 5602 νην
486 5537 749 5605 ἐνεργείᾳ
785 5537 891 5590 τοῦ
933 5541 1160 5604 Πατρός
1191 5537 1550 5593 ὐποστᾶσαν
1581 5538 1801 5591 οὐσίαν
1836 5539 1922 5602 εἰς

347 5626 573 5695 ἑαυτὴν
620 5627 899 5697 δέχεσθαι
944 5631 1052 5697 τὰς
1094 5630 1200 5684 τοῦ
1243 5629 1615 5700 γεννήματος
1653 5628 1751 5683 καὶ
1791 5645 1917 5683 ποι-

421 5802 466 5834 ¹³
497 5801 653 5857 Joan.
691 5819 767 5861 XI.
797 5802 882 5855 51.

676 5897 946 5956 Parnm.
981 5895 1094 5956 (in.
1138 5895 1311 5957 XLV.

1956 4492 2004 4549 D

2021 1871 2202 1926 ferunt
2247 1873 2438 1928 iisdem
2484 1874 2802 1929 nominibus
2843 1877 3214 1944 significaret?
3254 1878 3358 1932 Sed
3396 1881 3598 1935 veritas

2017 1966 2179 2019 etiam
2221 1981 2316 2033 per
2363 1980 2457 2019 eos
2501 1967 2594 2035 qui
2647 1969 2818 2037 ipsam
2871 1968 3015 2022 bello
3071 1969 3349 2023 lacessunt
3383 1972 3601 2026 videtur

2020 2057 2381 2122 mamifesxari,
2430 2060 2559 2126 quia
2599 2075 2705 2112 non
2738 2067 2920 2128 potest
2953 2062 3180 2114 omnino
3208 2077 3385 2130 neque
3429 2063 3597 2116 etiam

2022 2149 2077 2202 in
2109 2149 2456 2203 inimicorum
2501 2151 2732 2204 vocibus
2777 2151 2991 2204 veritati
3040 2153 3334 2220 prmvaiere
3377 2153 3602 2207 menda-

2021 2238 2186 2291 cium.
2245 2239 2453 2294 Idcirco
2494 2241 2935 2295 adversariorum
2971 2256 3068 2296 ore
3111 2257 3234 2311 quae
3265 2243 3456 2296 dicunt
3505 2260 3601 2298 ne-

2021 2331 2309 2386 scientium
2355 2333 2573 2400 pietatis
2630 2348 2811 2386 sermo
2854 2334 3222 2401 praedicatur:
3253 2335 3603 2404 quemadmo-

2019 2421 2149 2474 dum
2182 2421 2234 2474 in
2273 2420 2482 2490 Caiplia
2529 2423 2793 2476 salutaris
2829 2438 2928 2492 pro
2964 2423 3124 2479 nobis
3173 2423 3386 2479 Domini
3418 2426 3601 2494 passio

2022 2513 2506 2582 przenuntiabatur,
2551 2514 2828 2567 nesciente
2863 2514 2990 2582 quid
3025 2513 3229 2568 diceret
3252 2515 3325 2566 ⁸³.
3361 2515 3504 2585 Ergo
3556 2517 3601 2570 si

2021 2616 2316 2654 commune
2345 2611 2430 2655 est
2469 2602 2524 2654 in
2554 2603 2827 2670 utrisque,
2854 2604 3002 2670 quod
3041 2606 3295 2659 essentia:
3324 2617 3408 2660 cst
3447 2606 3601 2674 prin-

2023 2693 2445 2762 cipalissimum,
2484 2691 2645 2748 Patre
2690 2695 2817 2747 dico
2861 2703 2916 2747 et
2964 2695 3146 2749 Filio:
3177 2711 3340 2763 quam
3375 2712 3602 2749 causam

2023 2784 2186 2838 habet
2214 2787 2484 2839 essentias
2526 2799 2556 2838 a
2593 2801 2651 2839 se
2689 2785 2919 2840 invicem
2958 2787 3264 2854 disjunctas
3291 2797 3344 2840 et
3383 2802 3606 2856 separa-

2023 2881 2108 2926 tas
2127 2888 2250 2928 esse
2278 2874 2534 2927 dicendi?
2565 2874 2646 2928 vel
2673 2874 2950 2943 quomodo
2978 2875 3032 2927 in
3058 2876 3192 2942 ipsis
3215 2891 3339 2930 cum
3363 2892 3429 2930 co
3455 2875 3598 2945 quod

2025 2965 2300 3033 potentius
2343 2973 2398 3018 et
2433 2965 2612 3034 majus
2641 2973 2696 3017 et
2742 2964 3108 3033 praestabilius
3150 2974 3254 3030 est,
3311 2965 3615 3036 inspicitur

1972 3097 1978 3103 .
2023 3054 2366 3120 diﬂerentia,
2417 3071 2542 3109 cum
2589 3055 3054 3124 principalissima
3099 3059 3339 3112 essentia
3394 3053 3600 3110 nullam

1947 3150 1989 3208 C
2024 3146 2463 3200 imminutionem
2519 3147 2811 3200 admittat?
2872 3147 3027 3214 Quod
3077 3149 3224 3202 enim
3283 3150 3603 3217 imperfecte

2023 3248 2126 3302 est,
2161 3238 2534 3308 quodcunque
2566 3239 2752 3302 fuerit,
2791 3240 3012 3308 proprie
3062 3256 3174 3293 non
3217 3249 3323 3302 est,
3359 3256 3470 3294 non
3506 3259 3606 3296 na-

2020 3337 2166 3396 tura,
2202 3345 2313 3385 non
2345 3332 2448 3396 vis,
2475 3346 2594 3384 .non
2640 3330 2904 3400 dignitas,
2956 3346 3068 3384 non
3120 3331 3270 3386 aliud
3301 3332 3605 3401 quidquam

2019 3438 2211 3478 eorum
2243 3438 2364 3493 quae
2390 3424 2444 3476 in
2487 3438 2818 3492 uanuoque
2854 3430 3192 3492 spectantur.
3227 3421 3303 3476 Ita
3341 3432 3400 3478 ut
3429 3422 3609 3478 Patris

2023 3530 2146 3585 quae
2171 3524 2256 3570 est
2286 3516 2594 3570 secundum
2635 3514 2931 3569 essentiam
2965 3516 3282 3579 eminentia,
3321 3517 3466 3570 sicut
3491 3514 3607 3569 vult

2027 3608 2270 3670 haeresis,
2307 3606 2679 3676 imperfectam
2729 3606 3000 3673 Unigeniti
3037 3606 3335 3660 essentiam
3387 3615 3604 3674 arguat.

2025 3697 2082 3752 Si
2109 3699 2272 3768 igitur
2302 3698 2645 3766 imperfecta,
2673 3713 2782 3750 non
2813 3709 2897 3751 est
2927 3698 3250 3766 principalis
3277 3706 3330 3752 et
3361 3698 3602 3766 propria.

2027 3792 2084 3846 Si
2125 3802 2302 3845 autem
2332 3791 2793 3860 principalissima
2836 3799 2940 3852 est,
2987 3798 3042 3844 et
3090 3791 3326 3843 maxime
3358 3791 3603 3860 pmpria,

2025 3885 2188 3936 etiam
2226 3881 2468 3951 perfecta
2507 3881 2751 3934 omnino.
2805 3881 2964 3945 Quod
3004 3879 3153 3934 enim
3202 3880 3387 3934 deficit
3432 3880 3608 3950 perfe-

2025 3982 2174 4028 ctum
2205 3973 2475 4028 nctninari
2511 3981 2706 4026 natura
2738 3988 2845 4024 non
2871 3979 3070 4040 potest.
3103 3970 3209 4025 Sed
3240 3986 3417 4040 neque
3450 3986 3606 4024 com-

2029 4076 2238 4138 parate,
2292 4067 2338 4120 si
2397 4081 2520 4118 cum
2566 4065 2808 4133 perfecto
2862 4062 3164 4132 perfectum
3212 4071 3604 4133 componatur,

2031 4157 2390 4213 ditferentiam
2428 4158 2666 4225 aliquam
2718 4173 2814 4226 per
2867 4156 3285 4210 redundantiam
3329 4156 3410 4210 vel
3457 4156 3610 4210 defe-

2029 4260 2178 4305 ctum
2226 4252 2422 4303 factam
2459 4249 2541 4304 fas
2587 4259 2670 4303 est
2703 4250 3027 4319 intelligere.
3063 4248 3180 4303 Una
3209 4250 3354 4303 enim
3406 4250 3461 4302 in
3495 4263 3610 4301 am-

2030 4344 2226 4402 bobus.
2273 4343 2419 4397 sicut
2455 4343 2509 4395 in
2559 4357 2774 4405 norma,
2825 4341 3090 4411 perfectio
3125 4349 3231 4404 est,
3271 4357 3391 4411 qua:
3433 4357 3610 4411 neque

2030 4444 2260 4490 cavatur
2311 4435 2427 4489 sive
2477 4442 2742 4487 vacuatur
2801 4441 3024 4502 propter
3071 4432 3369 4496 defectum,
3430 4447 3610 4501 neque

2033 4527 2186 4581 rudis
2241 4537 2363 4589 est,
2421 4533 2477 4580 et
2542 4524 2827 4593 inaequalis
2887 4533 3106 4592 propter
3165 4521 3606 4576 redundantiam.

2034 4618 2214 4684 Quare
2257 4633 2357 4686 pro
2398 4625 2589 4671 nostro
2647 4616 2901 4684 dogmate
2944 4615 3192 4669 Eunomii
3245 4613 3608 4683 patrocinium

2033 4708 2248 4762 abunde
2296 4707 2433 4761 satis
2480 4724 2545 4762 ex
2593 4707 2680 4760 his
2718 4723 2842 4776 quae
2868 4707 3014 4760 dicta
3064 4713 3192 4760 sunt
3228 4703 3357 4761 iicet
3401 4705 3609 4774 perspi-

2032 4817 2176 4857 cere.
2203 4800 2314 4853 lino
2340 4816 2467 4854 vero
2496 4813 2604 4854 non
2636 4815 2736 4868 pro
2767 4800 2924 4852 nobis
2970 4797 3234 4859 studium,
3273 4795 3370 4851 sed
3410 4811 3598 4850 secum

2033 4892 2346 4948 dissidiuin.
2401 4891 2504 4945 Per
2549 4890 2857 4960 qum-enim
2919 4896 3171 4942 nostrum
3227 4887 3425 4957 dogma
3489 4885 3608 4940 suis

2033 4982 2382 5038 commendat
2417 4982 2790 5043 sermonibus,
2838 4981 2890 5033 in
2925 4979 3170 5048 seipsum
3204 4979 3364 5032 vertit
3400 4977 3610 5031 maelii-

1961 5077 2187 5132 verbum
2236 5091 2554 5145 sequemur,
2602 5082 2662 5128 ut
2729 5071 3078 5127 manifestum
3148 5083 3202 5125 et
3247 5073 3467 5141 planum
3517 5071 3610 5123 fiat

1963 5168 2128 5222 aliam
2183 5166 2252 5220 ad
2305 5166 2522 5230 vitium,
2568 5179 2734 5236 quam
2810 5162 3083 5217 malitiose
3131 5169 3187 5216 et
3261 5160 3450 5216 dolose
3505 5178 3610 5215 no-

2104 5350 2408 5405 Audiamus
2439 5345 2603 5415 igitur
2633 5355 2696 5398 ea
2732 5357 2854 5412 qua!
2888 5349 3017 5397 sunt
3065 5340 3135 5394 ab
3163 5340 3246 5396 eis
3285 5341 3453 5396 dicta.
3493 5339 3608 5394 Me-

2021 5446 2126 5499 rito
2185 5441 2382 5495 dixerit
2423 5437 2618 5508 aliquis
2673 5436 2902 5488 maxime
2954 5435 3225 5503 propriam
3277 5442 3327 5487 et
3377 5434 3606 5501 primum

2018 5535 2248 5591 etsolnm
2273 5545 2393 5587 actu
2416 5530 2598 5584 Patris
2620 5527 2982 5581 subsistentem
2999 5528 3277 5580 essentiam
3297 5525 3366 5578 ad
3382 5527 3604 5593 seipsam

2021 5627 2296 5683 admittere
2341 5621 2665 5695 genuematis
2726 5619 2841 5676 sive
2874 5616 3138 5690 geniturae
3175 5626 3224 5672 et
3271 5617 3497 5686 factura:
3553 5623 3604 5670 et

3217 5888 3284 5944 21

3218 5930 3252 5948 α-
