  <div class='ocr_page' id='page_1' title='image "/cluster/home/n/w/nwhite01/storage/ocr_20150623/45/nnc1.0046978445/337.png"; bbox 0 0 4138 6364; ppageno 0'>
   <div class='ocr_carea' id='block_1_1' title="bbox 514 397 616 452">
    <p class='ocr_par' dir='ltr' id='par_1_1' title="bbox 514 397 616 452">
     <span class='ocr_line' id='line_1_1' title="bbox 514 397 616 452; baseline -0.02 0"><span class='ocrx_word' id='word_1_1' title='bbox 514 397 616 452; x_wconf 63' lang='lat'><strong>6&#39;51</strong></span> 
     </span>
    </p>
   </div>
   <div class='ocr_carea' id='block_1_2' title="bbox 1775 399 2532 460">
    <p class='ocr_par' dir='ltr' id='par_1_2' title="bbox 1775 399 2532 460">
     <span class='ocr_line' id='line_1_2' title="bbox 1775 399 2532 460; baseline 0.005 -6"><span class='ocrx_word' id='word_1_2' title='bbox 1775 399 1832 454; x_wconf 91' lang='lat' dir='ltr'><strong>S.</strong></span> <span class='ocrx_word' id='word_1_3' title='bbox 1872 401 2202 460; x_wconf 81' lang='lat' dir='ltr'><strong>GREGORll</strong></span> <span class='ocrx_word' id='word_1_4' title='bbox 2241 404 2532 460; x_wconf 66' lang='lat' dir='ltr'><strong>NYSSENI</strong></span> 
     </span>
    </p>
   </div>
   <div class='ocr_carea' id='block_1_3' title="bbox 3673 410 3778 464">
    <p class='ocr_par' dir='ltr' id='par_1_3' title="bbox 3673 410 3778 464">
     <span class='ocr_line' id='line_1_3' title="bbox 3673 410 3778 464; baseline 0 0"><span class='ocrx_word' id='word_1_5' title='bbox 3673 410 3778 464; x_wconf 70' lang='lat'><strong>632</strong></span> 
     </span>
    </p>
   </div>
   <div class='ocr_carea' id='block_1_4' title="bbox 511 516 2104 594">
    <p class='ocr_par' dir='ltr' id='par_1_4' title="bbox 511 516 2094 586">
     <span class='ocr_line' id='line_1_4' title="bbox 511 516 2094 586; baseline 0.006 -19"><span class='ocrx_word' id='word_1_6' title='bbox 511 525 768 569; x_wconf 67' lang='lat' dir='ltr'><strong>creatura:</strong></span> <span class='ocrx_word' id='word_1_7' title='bbox 811 516 1206 582; x_wconf 68' lang='lat' dir='ltr'><strong>appellationes.</strong></span> <span class='ocrx_word' id='word_1_8' title='bbox 1253 516 1388 583; x_wconf 83' lang='lat' dir='ltr'><strong>Quis</strong></span> <span class='ocrx_word' id='word_1_9' title='bbox 1430 517 1645 586; x_wconf 84' lang='lat' dir='ltr'><strong>ignorat</strong></span> <span class='ocrx_word' id='word_1_10' title='bbox 1685 529 1955 576; x_wconf 66' lang='lat' dir='ltr'><strong>creatura:</strong></span> <span class='ocrx_word' id='word_1_11' title='bbox 2000 539 2094 576; x_wconf 84' lang='lat' dir='ltr'><strong>vo-</strong></span> 
     </span>
    </p>
   </div>
   <div class='ocr_carea' id='block_1_5' title="bbox 2204 516 3786 594">
    <p class='ocr_par' dir='ltr' id='par_1_5' title="bbox 2204 523 3786 594">
     <span class='ocr_line' id='line_1_5' title="bbox 2204 523 3786 594; baseline 0.003 -16"><span class='ocrx_word' id='word_1_12' title='bbox 2204 525 2422 592; x_wconf 73' lang='grc' dir='ltr'>ἠματος</span> <span class='ocrx_word' id='word_1_13' title='bbox 2446 524 2546 579; x_wconf 81' lang='grc' dir='ltr'>καὶ</span> <span class='ocrx_word' id='word_1_14' title='bbox 2577 524 2903 593; x_wconf 74' lang='grc' dir='ltr'><em>κτίσματος</em></span> <span class='ocrx_word' id='word_1_15' title='bbox 2936 525 3364 594; x_wconf 71' lang='grc' dir='ltr'><strong>προσηγορίας.</strong></span> <span class='ocrx_word' id='word_1_16' title='bbox 3391 525 3488 590; x_wconf 88' lang='grc' dir='ltr'><strong>Τίς</strong></span> <span class='ocrx_word' id='word_1_17' title='bbox 3519 527 3618 580; x_wconf 85' lang='grc' dir='ltr'><strong>οὐκ</strong></span> <span class='ocrx_word' id='word_1_18' title='bbox 3647 523 3786 584; x_wconf 64' lang='grc' dir='ltr'>οἶδεν</span> 
     </span>
    </p>
   </div>
   <div class='ocr_carea' id='block_1_6' title="bbox 511 603 2095 678">
    <p class='ocr_par' dir='ltr' id='par_1_6' title="bbox 511 603 2095 678">
     <span class='ocr_line' id='line_1_6' title="bbox 511 603 2095 678; baseline 0.004 -21"><span class='ocrx_word' id='word_1_19' title='bbox 511 620 627 657; x_wconf 88' lang='lat' dir='ltr'><strong>cem</strong></span> <span class='ocrx_word' id='word_1_20' title='bbox 662 605 715 658; x_wconf 94' lang='lat' dir='ltr'><strong>in</strong></span> <span class='ocrx_word' id='word_1_21' title='bbox 754 603 845 659; x_wconf 85' lang='lat' dir='ltr'><strong>Dei</strong></span> <span class='ocrx_word' id='word_1_22' title='bbox 880 603 1016 659; x_wconf 85' lang='lat' dir='ltr'><strong>Filio</strong></span> <span class='ocrx_word' id='word_1_23' title='bbox 1034 606 1234 660; x_wconf 86' lang='lat' dir='ltr'><strong>dictam</strong></span> <span class='ocrx_word' id='word_1_24' title='bbox 1269 605 1323 660; x_wconf 97' lang='lat' dir='ltr'><strong>id</strong></span> <span class='ocrx_word' id='word_1_25' title='bbox 1349 622 1473 662; x_wconf 91' lang='lat' dir='ltr'><strong>esse</strong></span> <span class='ocrx_word' id='word_1_26' title='bbox 1507 607 1652 678; x_wconf 92' lang='lat' dir='ltr'><strong>quod</strong></span> <span class='ocrx_word' id='word_1_27' title='bbox 1684 607 1983 664; x_wconf 90' lang='lat' dir='ltr'><strong>Ecclesiam</strong></span> <span class='ocrx_word' id='word_1_28' title='bbox 2026 613 2095 664; x_wconf 91' lang='lat' dir='ltr'><strong>ab</strong></span> 
     </span>
    </p>
   </div>
   <div class='ocr_carea' id='block_1_7' title="bbox 512 696 2090 768">
    <p class='ocr_par' dir='ltr' id='par_1_7' title="bbox 512 696 2090 768">
     <span class='ocr_line' id='line_1_7' title="bbox 512 696 2090 768; baseline 0.004 -20"><span class='ocrx_word' id='word_1_29' title='bbox 512 696 706 749; x_wconf 73' lang='lat' dir='ltr'><strong>lizercsi</strong></span> <span class='ocrx_word' id='word_1_30' title='bbox 743 697 1008 765; x_wconf 87' lang='lat' dir='ltr'><strong>separet?</strong></span> <span class='ocrx_word' id='word_1_31' title='bbox 1046 697 1413 762; x_wconf 85' lang='lat' dir='ltr'><strong>Quamobrem</strong></span> <span class='ocrx_word' id='word_1_32' title='bbox 1441 713 1567 752; x_wconf 91' lang='lat' dir='ltr'><strong>cum</strong></span> <span class='ocrx_word' id='word_1_33' title='bbox 1607 700 1678 754; x_wconf 89' lang='lat' dir='ltr'><strong>sit</strong></span> <span class='ocrx_word' id='word_1_34' title='bbox 1722 701 1864 768; x_wconf 90' lang='lat' dir='ltr'><strong>apud</strong></span> <span class='ocrx_word' id='word_1_35' title='bbox 1897 716 2090 755; x_wconf 91' lang='lat' dir='ltr'><strong>omnes</strong></span> 
     </span>
    </p>
   </div>
   <div class='ocr_carea' id='block_1_8' title="bbox 511 789 2091 862">
    <p class='ocr_par' dir='ltr' id='par_1_8' title="bbox 511 789 2091 862">
     <span class='ocr_line' id='line_1_8' title="bbox 511 789 2091 862; baseline 0.003 -22"><span class='ocrx_word' id='word_1_36' title='bbox 511 796 664 840; x_wconf 75' lang='lat' dir='ltr'><strong>certa</strong></span> <span class='ocrx_word' id='word_1_37' title='bbox 720 802 1096 858; x_wconf 88' lang='lat' dir='ltr'><strong>coucessaque</strong></span> <span class='ocrx_word' id='word_1_38' title='bbox 1147 789 1450 844; x_wconf 90' lang='lat' dir='ltr'><strong>secundum</strong></span> <span class='ocrx_word' id='word_1_39' title='bbox 1503 789 1700 862; x_wconf 89' lang='lat' dir='ltr'><strong>dogma</strong></span> <span class='ocrx_word' id='word_1_40' title='bbox 1757 790 2091 857; x_wconf 65' lang='lat' dir='ltr'><strong>differentia,</strong></span> 
     </span>
    </p>
   </div>
   <div class='ocr_carea' id='block_1_9' title="bbox 511 879 2096 952">
    <p class='ocr_par' dir='ltr' id='par_1_9' title="bbox 511 879 2096 952">
     <span class='ocr_line' id='line_1_9' title="bbox 511 879 2096 952; baseline 0.001 -20"><span class='ocrx_word' id='word_1_41' title='bbox 511 894 636 932; x_wconf 93' lang='lat' dir='ltr'><strong>eum</strong></span> <span class='ocrx_word' id='word_1_42' title='bbox 668 879 761 948; x_wconf 89' lang='lat' dir='ltr'><strong>qui</strong></span> <span class='ocrx_word' id='word_1_43' title='bbox 791 880 1185 936; x_wconf 89' lang='lat' dir='ltr'><strong>demonstrare</strong></span> <span class='ocrx_word' id='word_1_44' title='bbox 1232 881 1430 934; x_wconf 92' lang='lat' dir='ltr'><strong>nititur</strong></span> <span class='ocrx_word' id='word_1_45' title='bbox 1477 897 1610 936; x_wconf 90' lang='lat' dir='ltr'><strong>suas</strong></span> <span class='ocrx_word' id='word_1_46' title='bbox 1651 883 1942 952; x_wconf 87' lang='lat' dir='ltr'><strong>opiniones</strong></span> <span class='ocrx_word' id='word_1_47' title='bbox 1993 898 2096 936; x_wconf 83' lang='lat' dir='ltr'><strong>no-</strong></span> 
     </span>
    </p>
   </div>
   <div class='ocr_carea' id='block_1_10' title="bbox 513 971 2097 1042">
    <p class='ocr_par' dir='ltr' id='par_1_10' title="bbox 513 971 2097 1042">
     <span class='ocr_line' id='line_1_10' title="bbox 513 971 2097 1042; baseline 0.001 -16"><span class='ocrx_word' id='word_1_48' title='bbox 513 972 645 1026; x_wconf 92' lang='lat' dir='ltr'><strong>stris</strong></span> <span class='ocrx_word' id='word_1_49' title='bbox 683 971 950 1036; x_wconf 80' lang='lat' dir='ltr'><strong>veriores,</strong></span> <span class='ocrx_word' id='word_1_50' title='bbox 996 972 1128 1042; x_wconf 92' lang='lat' dir='ltr'><strong>quid</strong></span> <span class='ocrx_word' id='word_1_51' title='bbox 1166 988 1328 1042; x_wconf 87' lang='lat' dir='ltr'><strong>agere</strong></span> <span class='ocrx_word' id='word_1_52' title='bbox 1365 975 1762 1042; x_wconf 78' lang='lat' dir='ltr'><strong>congruentius</strong></span> <span class='ocrx_word' id='word_1_53' title='bbox 1805 975 1966 1029; x_wconf 87' lang='lat' dir='ltr'><strong>erat?</strong></span> <span class='ocrx_word' id='word_1_54' title='bbox 2012 975 2097 1028; x_wconf 85' lang='lat' dir='ltr'><strong>An</strong></span> 
     </span>
    </p>
   </div>
   <div class='ocr_carea' id='block_1_11' title="bbox 513 1064 2100 1134">
    <p class='ocr_par' dir='ltr' id='par_1_11' title="bbox 513 1064 2100 1134">
     <span class='ocr_line' id='line_1_11' title="bbox 513 1064 2100 1134; baseline -0.001 -15"><span class='ocrx_word' id='word_1_55' title='bbox 513 1064 728 1119; x_wconf 74' lang='lat' dir='ltr'><strong>scilicet</strong></span> <span class='ocrx_word' id='word_1_56' title='bbox 763 1065 1045 1134; x_wconf 91' lang='lat' dir='ltr'><strong>proprium</strong></span> <span class='ocrx_word' id='word_1_57' title='bbox 1091 1080 1406 1120; x_wconf 79' lang='lat' dir='ltr'><strong>sermonem</strong></span> <span class='ocrx_word' id='word_1_58' title='bbox 1445 1065 1743 1128; x_wconf 76' lang='lat' dir='ltr'><strong>conficere,</strong></span> <span class='ocrx_word' id='word_1_59' title='bbox 1776 1082 1838 1120; x_wconf 81' lang='lat' dir='ltr'><strong>ex</strong></span> <span class='ocrx_word' id='word_1_60' title='bbox 1893 1066 1962 1121; x_wconf 92' lang='lat' dir='ltr'><strong>iis</strong></span> <span class='ocrx_word' id='word_1_61' title='bbox 2009 1081 2100 1120; x_wconf 92' lang='lat' dir='ltr'><strong>ra-</strong></span> 
     </span>
    </p>
   </div>
   <div class='ocr_carea' id='block_1_12' title="bbox 514 1156 2098 1228">
    <p class='ocr_par' dir='ltr' id='par_1_12' title="bbox 514 1156 2098 1228">
     <span class='ocr_line' id='line_1_12' title="bbox 514 1156 2098 1228; baseline 0.002 -20"><span class='ocrx_word' id='word_1_62' title='bbox 514 1156 759 1210; x_wconf 82' lang='lat' dir='ltr'><strong>tionibus</strong></span> <span class='ocrx_word' id='word_1_63' title='bbox 807 1158 1008 1226; x_wconf 87' lang='lat' dir='ltr'><strong>quibus</strong></span> <span class='ocrx_word' id='word_1_64' title='bbox 1053 1157 1436 1212; x_wconf 86' lang='lat' dir='ltr'><strong>demonstrare</strong></span> <span class='ocrx_word' id='word_1_65' title='bbox 1487 1158 1661 1228; x_wconf 81' lang='lat' dir='ltr'><strong>possit</strong></span> <span class='ocrx_word' id='word_1_66' title='bbox 1706 1167 1960 1226; x_wconf 87' lang='lat' dir='ltr'><strong>oportere</strong></span> <span class='ocrx_word' id='word_1_67' title='bbox 1994 1158 2098 1211; x_wconf 84' lang='lat' dir='ltr'><strong>Do-</strong></span> 
     </span>
    </p>
   </div>
   <div class='ocr_carea' id='block_1_13' title="bbox 515 1249 2101 1304">
    <p class='ocr_par' dir='ltr' id='par_1_13' title="bbox 515 1249 2101 1304">
     <span class='ocr_line' id='line_1_13' title="bbox 515 1249 2101 1304; baseline 0.001 -3"><span class='ocrx_word' id='word_1_68' title='bbox 515 1249 726 1301; x_wconf 90' lang='lat' dir='ltr'><strong>minum</strong></span> <span class='ocrx_word' id='word_1_69' title='bbox 785 1249 1106 1304; x_wconf 80' lang='lat' dir='ltr'><strong>existimare</strong></span> <span class='ocrx_word' id='word_1_70' title='bbox 1164 1259 1411 1304; x_wconf 89' lang='lat' dir='ltr'><strong>creatum</strong></span> <span class='ocrx_word' id='word_1_71' title='bbox 1475 1250 1640 1303; x_wconf 80' lang='lat' dir='ltr'><strong>esse?</strong></span> <span class='ocrx_word' id='word_1_72' title='bbox 1696 1263 1766 1302; x_wconf 88' lang='lat' dir='ltr'><strong>an</strong></span> <span class='ocrx_word' id='word_1_73' title='bbox 1821 1265 1953 1302; x_wconf 92' lang='lat' dir='ltr'><strong>vero</strong></span> <span class='ocrx_word' id='word_1_74' title='bbox 1997 1249 2101 1303; x_wconf 85' lang='lat' dir='ltr'><strong>hoc</strong></span> 
     </span>
    </p>
   </div>
   <div class='ocr_carea' id='block_1_14' title="bbox 514 1339 2094 1409">
    <p class='ocr_par' dir='ltr' id='par_1_14' title="bbox 514 1339 2094 1409">
     <span class='ocr_line' id='line_1_14' title="bbox 514 1339 2094 1409; baseline 0.001 -17"><span class='ocrx_word' id='word_1_75' title='bbox 514 1339 911 1408; x_wconf 80' lang='lat' dir='ltr'><strong>praetermisso,</strong></span> <span class='ocrx_word' id='word_1_76' title='bbox 951 1340 1310 1395; x_wconf 84' lang='lat' dir='ltr'><strong>audientibus</strong></span> <span class='ocrx_word' id='word_1_77' title='bbox 1343 1340 1682 1409; x_wconf 82' lang='lat' dir='ltr'><strong>persuadere</strong></span> <span class='ocrx_word' id='word_1_78' title='bbox 1711 1350 1764 1394; x_wconf 91' lang='lat' dir='ltr'><strong>et</strong></span> <span class='ocrx_word' id='word_1_79' title='bbox 1804 1339 2094 1404; x_wconf 85' lang='lat' dir='ltr'><strong>afﬁrmare,</strong></span> 
     </span>
    </p>
   </div>
   <div class='ocr_carea' id='block_1_15' title="bbox 513 1431 2098 1502">
    <p class='ocr_par' dir='ltr' id='par_1_15' title="bbox 513 1431 2098 1502">
     <span class='ocr_line' id='line_1_15' title="bbox 513 1431 2098 1502; baseline 0 -18"><span class='ocrx_word' id='word_1_80' title='bbox 513 1431 663 1500; x_wconf 92' lang='lat' dir='ltr'><strong>quod</strong></span> <span class='ocrx_word' id='word_1_81' title='bbox 706 1446 770 1486; x_wconf 92' lang='lat' dir='ltr'><strong>ea</strong></span> <span class='ocrx_word' id='word_1_82' title='bbox 813 1448 936 1502; x_wconf 67' lang='lat' dir='ltr'><strong>quae</strong></span> <span class='ocrx_word' id='word_1_83' title='bbox 968 1432 1136 1486; x_wconf 89' lang='lat' dir='ltr'><strong>dubia</strong></span> <span class='ocrx_word' id='word_1_84' title='bbox 1185 1439 1316 1487; x_wconf 87' lang='lat' dir='ltr'><strong>sunt</strong></span> <span class='ocrx_word' id='word_1_85' title='bbox 1364 1440 1419 1486; x_wconf 91' lang='lat' dir='ltr'><strong>et</strong></span> <span class='ocrx_word' id='word_1_86' title='bbox 1451 1439 1828 1491; x_wconf 87' lang='lat' dir='ltr'><strong>controversa,</strong></span> <span class='ocrx_word' id='word_1_87' title='bbox 1871 1431 2098 1485; x_wconf 91' lang='lat' dir='ltr'><strong>omnino</strong></span> 
     </span>
    </p>
   </div>
   <div class='ocr_carea' id='block_1_16' title="bbox 514 1520 2100 1590">
    <p class='ocr_par' dir='ltr' id='par_1_16' title="bbox 514 1520 2100 1590">
     <span class='ocr_line' id='line_1_16' title="bbox 514 1520 2100 1590; baseline -0.003 -14"><span class='ocrx_word' id='word_1_88' title='bbox 514 1528 647 1576; x_wconf 82' lang='lat' dir='ltr'><strong>sunt</strong></span> <span class='ocrx_word' id='word_1_89' title='bbox 686 1530 860 1584; x_wconf 90' lang='lat' dir='ltr'><strong>certa,</strong></span> <span class='ocrx_word' id='word_1_90' title='bbox 915 1537 1042 1576; x_wconf 88' lang='lat' dir='ltr'><strong>vera</strong></span> <span class='ocrx_word' id='word_1_91' title='bbox 1087 1528 1140 1575; x_wconf 89' lang='lat' dir='ltr'><strong>et</strong></span> <span class='ocrx_word' id='word_1_92' title='bbox 1187 1522 1491 1576; x_wconf 80' lang='lat' dir='ltr'><strong>concessa?</strong></span> <span class='ocrx_word' id='word_1_93' title='bbox 1535 1520 1670 1574; x_wconf 92' lang='lat' dir='ltr'><strong>lllud</strong></span> <span class='ocrx_word' id='word_1_94' title='bbox 1713 1521 1972 1590; x_wconf 79' lang='lat' dir='ltr'><strong>equidem</strong></span> <span class='ocrx_word' id='word_1_95' title='bbox 2020 1520 2100 1573; x_wconf 84' lang='lat' dir='ltr'><strong>af-</strong></span> 
     </span>
    </p>
   </div>
   <div class='ocr_carea' id='block_1_17' title="bbox 514 1611 2101 1681">
    <p class='ocr_par' dir='ltr' id='par_1_17' title="bbox 514 1611 2101 1681">
     <span class='ocr_line' id='line_1_17' title="bbox 514 1611 2101 1681; baseline -0.001 -15"><span class='ocrx_word' id='word_1_96' title='bbox 514 1615 676 1666; x_wconf 87' lang='lat' dir='ltr'><strong>firmo</strong></span> <span class='ocrx_word' id='word_1_97' title='bbox 707 1629 722 1666; x_wconf 88' lang='lat'><strong>:</strong></span> <span class='ocrx_word' id='word_1_98' title='bbox 751 1613 987 1668; x_wconf 82' lang='lat' dir='ltr'><strong>fortasse</strong></span> <span class='ocrx_word' id='word_1_99' title='bbox 1022 1624 1205 1667; x_wconf 90' lang='lat' dir='ltr'><strong>autem</strong></span> <span class='ocrx_word' id='word_1_100' title='bbox 1250 1614 1416 1667; x_wconf 82' lang='lat' dir='ltr'><strong>etiam</strong></span> <span class='ocrx_word' id='word_1_101' title='bbox 1446 1628 1636 1666; x_wconf 91' lang='lat' dir='ltr'><strong>omnes</strong></span> <span class='ocrx_word' id='word_1_102' title='bbox 1671 1613 1872 1681; x_wconf 82' lang='lat' dir='ltr'><strong>quibus</strong></span> <span class='ocrx_word' id='word_1_103' title='bbox 1898 1623 1984 1665; x_wconf 86' lang='lat' dir='ltr'><strong>est</strong></span> <span class='ocrx_word' id='word_1_104' title='bbox 2018 1611 2101 1664; x_wconf 86' lang='lat' dir='ltr'><strong>in-</strong></span> 
     </span>
    </p>
   </div>
   <div class='ocr_carea' id='block_1_18' title="bbox 512 1703 2098 1776">
    <p class='ocr_par' dir='ltr' id='par_1_18' title="bbox 512 1703 2098 1776">
     <span class='ocr_line' id='line_1_18' title="bbox 512 1703 2098 1776; baseline -0.003 -17"><span class='ocrx_word' id='word_1_105' title='bbox 512 1707 857 1776; x_wconf 83' lang='lat' dir='ltr'><strong>telligentia,</strong></span> <span class='ocrx_word' id='word_1_106' title='bbox 931 1707 1035 1759; x_wconf 87' lang='lat' dir='ltr'><strong>hoc</strong></span> <span class='ocrx_word' id='word_1_107' title='bbox 1103 1722 1131 1758; x_wconf 91' lang='lat' dir='ltr'><strong>a</strong></span> <span class='ocrx_word' id='word_1_108' title='bbox 1187 1704 1700 1759; x_wconf 86' lang='lat' dir='ltr'><strong>contradicentibus</strong></span> <span class='ocrx_word' id='word_1_109' title='bbox 1767 1703 2098 1772; x_wconf 70' lang='lat' dir='ltr'><strong>exquirent,</strong></span> 
     </span>
    </p>
   </div>
   <div class='ocr_carea' id='block_1_19' title="bbox 515 1794 2096 1866">
    <p class='ocr_par' dir='ltr' id='par_1_19' title="bbox 515 1794 2096 1866">
     <span class='ocr_line' id='line_1_19' title="bbox 515 1794 2096 1866; baseline -0.004 -16"><span class='ocrx_word' id='word_1_110' title='bbox 515 1805 580 1850; x_wconf 87' lang='lat' dir='ltr'><strong>ut</strong></span> <span class='ocrx_word' id='word_1_111' title='bbox 624 1798 770 1866; x_wconf 90' lang='lat' dir='ltr'><strong>quod</strong></span> <span class='ocrx_word' id='word_1_112' title='bbox 816 1797 1226 1852; x_wconf 66' lang='lat' dir='ltr'><strong>dissertationis</strong></span> <span class='ocrx_word' id='word_1_113' title='bbox 1280 1796 1614 1865; x_wconf 91' lang='lat' dir='ltr'><strong>principium</strong></span> <span class='ocrx_word' id='word_1_114' title='bbox 1667 1803 1774 1856; x_wconf 87' lang='lat' dir='ltr'><strong>est,</strong></span> <span class='ocrx_word' id='word_1_115' title='bbox 1819 1794 1872 1848; x_wconf 93' lang='lat' dir='ltr'><strong>id</strong></span> <span class='ocrx_word' id='word_1_116' title='bbox 1919 1794 2096 1862; x_wconf 89' lang='lat' dir='ltr'><strong>primo</strong></span> 
     </span>
    </p>
   </div>
   <div class='ocr_carea' id='block_1_20' title="bbox 515 1875 2175 1958">
    <p class='ocr_par' dir='ltr' id='par_1_20' title="bbox 515 1875 2175 1958">
     <span class='ocr_line' id='line_1_20' title="bbox 515 1875 2175 1958; baseline -0.003 -16"><span class='ocrx_word' id='word_1_117' title='bbox 515 1890 797 1943; x_wconf 89' lang='lat' dir='ltr'><strong>stabiliant</strong></span> <span class='ocrx_word' id='word_1_118' title='bbox 856 1905 1024 1958; x_wconf 88' lang='lat' dir='ltr'><strong>super</strong></span> <span class='ocrx_word' id='word_1_119' title='bbox 1070 1889 1254 1958; x_wconf 89' lang='lat' dir='ltr'><strong>aliqua</strong></span> <span class='ocrx_word' id='word_1_120' title='bbox 1306 1888 1423 1942; x_wconf 88' lang='lat' dir='ltr'><strong>basi</strong></span> <span class='ocrx_word' id='word_1_121' title='bbox 1478 1895 1532 1941; x_wconf 89' lang='lat' dir='ltr'><strong>et</strong></span> <span class='ocrx_word' id='word_1_122' title='bbox 1574 1886 1946 1942; x_wconf 68' lang='lat' dir='ltr'><strong>fundamento</strong></span> <span class='ocrx_word' id='word_1_123' title='bbox 2008 1885 2099 1939; x_wconf 90' lang='lat' dir='ltr'><strong>cui</strong></span> <span class='ocrx_word' id='word_1_124' title='bbox 2135 1875 2175 1929; x_wconf 81' lang='grc' dir='ltr'><strong>Β</strong></span> 
     </span>
    </p>
   </div>
   <div class='ocr_carea' id='block_1_21' title="bbox 515 1979 2100 2051">
    <p class='ocr_par' dir='ltr' id='par_1_21' title="bbox 515 1979 2100 2051">
     <span class='ocr_line' id='line_1_21' title="bbox 515 1979 2100 2051; baseline -0.002 -19"><span class='ocrx_word' id='word_1_125' title='bbox 515 1981 818 2037; x_wconf 77' lang='lat' dir='ltr'><strong>contradici</strong></span> <span class='ocrx_word' id='word_1_126' title='bbox 874 1996 984 2035; x_wconf 90' lang='lat' dir='ltr'><strong>non</strong></span> <span class='ocrx_word' id='word_1_127' title='bbox 1025 1982 1251 2051; x_wconf 89' lang='lat' dir='ltr'><strong>possit:</strong></span> <span class='ocrx_word' id='word_1_128' title='bbox 1285 1980 1391 2034; x_wconf 89' lang='lat' dir='ltr'><strong>hoc</strong></span> <span class='ocrx_word' id='word_1_129' title='bbox 1443 1987 1623 2034; x_wconf 91' lang='lat' dir='ltr'><strong>autem</strong></span> <span class='ocrx_word' id='word_1_130' title='bbox 1672 1979 1752 2033; x_wconf 86' lang='lat' dir='ltr'><strong>sic</strong></span> <span class='ocrx_word' id='word_1_131' title='bbox 1794 1979 2100 2032; x_wconf 88' lang='lat' dir='ltr'><strong>constituto</strong></span> 
     </span>
    </p>
   </div>
   <div class='ocr_carea' id='block_1_22' title="bbox 517 2070 2100 2143">
    <p class='ocr_par' dir='ltr' id='par_1_22' title="bbox 517 2070 2100 2143">
     <span class='ocr_line' id='line_1_22' title="bbox 517 2070 2100 2143; baseline -0.005 -13"><span class='ocrx_word' id='word_1_132' title='bbox 517 2087 633 2130; x_wconf 88' lang='lat' dir='ltr'><strong>tum</strong></span> <span class='ocrx_word' id='word_1_133' title='bbox 681 2077 902 2129; x_wconf 90' lang='lat' dir='ltr'><strong>demum</strong></span> <span class='ocrx_word' id='word_1_134' title='bbox 954 2075 1006 2128; x_wconf 92' lang='lat' dir='ltr'><strong>in</strong></span> <span class='ocrx_word' id='word_1_135' title='bbox 1043 2076 1109 2128; x_wconf 91' lang='lat' dir='ltr'><strong>iis</strong></span> <span class='ocrx_word' id='word_1_136' title='bbox 1147 2089 1267 2143; x_wconf 62' lang='lat' dir='ltr'><strong>quae</strong></span> <span class='ocrx_word' id='word_1_137' title='bbox 1315 2082 1624 2143; x_wconf 86' lang='lat' dir='ltr'><strong>sequuntur</strong></span> <span class='ocrx_word' id='word_1_138' title='bbox 1666 2072 1870 2126; x_wconf 87' lang='lat' dir='ltr'><strong>acriter</strong></span> <span class='ocrx_word' id='word_1_139' title='bbox 1897 2070 2100 2124; x_wconf 79' lang='lat' dir='ltr'><strong>instent</strong></span> 
     </span>
    </p>
   </div>
   <div class='ocr_carea' id='block_1_23' title="bbox 513 2157 2104 2228">
    <p class='ocr_par' dir='ltr' id='par_1_23' title="bbox 513 2157 2104 2228">
     <span class='ocr_line' id='line_1_23' title="bbox 513 2157 2104 2228; baseline -0.005 -8"><span class='ocrx_word' id='word_1_140' title='bbox 513 2176 571 2220; x_wconf 73' lang='lat' dir='ltr'><strong>et</strong></span> <span class='ocrx_word' id='word_1_141' title='bbox 623 2167 930 2221; x_wconf 89' lang='lat' dir='ltr'><strong>decerteut.</strong></span> <span class='ocrx_word' id='word_1_142' title='bbox 978 2163 1080 2218; x_wconf 92' lang='lat' dir='ltr'><strong>llic</strong></span> <span class='ocrx_word' id='word_1_143' title='bbox 1134 2172 1340 2228; x_wconf 89' lang='lat' dir='ltr'><strong>autem,</strong></span> <span class='ocrx_word' id='word_1_144' title='bbox 1371 2163 1580 2216; x_wconf 86' lang='lat' dir='ltr'><strong>omisso</strong></span> <span class='ocrx_word' id='word_1_145' title='bbox 1628 2160 1722 2214; x_wconf 91' lang='lat' dir='ltr'><strong>illo</strong></span> <span class='ocrx_word' id='word_1_146' title='bbox 1765 2157 2104 2214; x_wconf 87' lang='lat' dir='ltr'><strong>stabilimine</strong></span> 
     </span>
    </p>
   </div>
   <div class='ocr_carea' id='block_1_24' title="bbox 516 2257 2099 2326">
    <p class='ocr_par' dir='ltr' id='par_1_24' title="bbox 516 2257 2099 2326">
     <span class='ocr_line' id='line_1_24' title="bbox 516 2257 2099 2326; baseline -0.003 -16"><span class='ocrx_word' id='word_1_147' title='bbox 516 2257 664 2326; x_wconf 72' lang='grc' dir='ltr'>ιιιιυό</span> <span class='ocrx_word' id='word_1_148' title='bbox 698 2265 952 2326; x_wconf 86' lang='lat' dir='ltr'><strong>oporteat</strong></span> <span class='ocrx_word' id='word_1_149' title='bbox 999 2257 1179 2326; x_wconf 90' lang='lat' dir='ltr'><strong>ipsum</strong></span> <span class='ocrx_word' id='word_1_150' title='bbox 1225 2262 1474 2309; x_wconf 87' lang='lat' dir='ltr'><strong>creatum</strong></span> <span class='ocrx_word' id='word_1_151' title='bbox 1501 2269 1625 2309; x_wconf 89' lang='lat' dir='ltr'><strong>esse</strong></span> <span class='ocrx_word' id='word_1_152' title='bbox 1661 2263 1874 2323; x_wconf 90' lang='lat' dir='ltr'><strong>putare,</strong></span> <span class='ocrx_word' id='word_1_153' title='bbox 1901 2260 2099 2306; x_wconf 68' lang='lat' dir='ltr'><strong>caetera</strong></span> 
     </span>
    </p>
   </div>
   <div class='ocr_carea' id='block_1_25' title="bbox 516 2343 2103 2418">
    <p class='ocr_par' dir='ltr' id='par_1_25' title="bbox 516 2343 2103 2418">
     <span class='ocr_line' id='line_1_25' title="bbox 516 2343 2103 2418; baseline -0.004 -15"><span class='ocrx_word' id='word_1_154' title='bbox 516 2349 886 2418; x_wconf 86' lang='lat' dir='ltr'><strong>persequitur,</strong></span> <span class='ocrx_word' id='word_1_155' title='bbox 939 2362 1050 2400; x_wconf 88' lang='lat' dir='ltr'><strong>non</strong></span> <span class='ocrx_word' id='word_1_156' title='bbox 1102 2346 1431 2401; x_wconf 83' lang='lat' dir='ltr'><strong>subsisteuti</strong></span> <span class='ocrx_word' id='word_1_157' title='bbox 1473 2344 1838 2416; x_wconf 87' lang='lat' dir='ltr'><strong>propositioni</strong></span> <span class='ocrx_word' id='word_1_158' title='bbox 1878 2343 2103 2398; x_wconf 85' lang='lat' dir='ltr'><strong>ratioci-</strong></span> 
     </span>
    </p>
   </div>
   <div class='ocr_carea' id='block_1_26' title="bbox 518 2434 2102 2504">
    <p class='ocr_par' dir='ltr' id='par_1_26' title="bbox 518 2434 2102 2504">
     <span class='ocr_line' id='line_1_26' title="bbox 518 2434 2102 2504; baseline -0.002 -12"><span class='ocrx_word' id='word_1_159' title='bbox 518 2439 806 2492; x_wconf 86' lang='lat' dir='ltr'><strong>nationum</strong></span> <span class='ocrx_word' id='word_1_160' title='bbox 877 2436 1330 2504; x_wconf 77' lang='lat' dir='ltr'><strong>consequentiam</strong></span> <span class='ocrx_word' id='word_1_161' title='bbox 1403 2434 1884 2489; x_wconf 86' lang='lat' dir='ltr'><strong>accommodans:</strong></span> <span class='ocrx_word' id='word_1_162' title='bbox 1940 2434 2102 2503; x_wconf 86' lang='lat' dir='ltr'><strong>quale</strong></span> 
     </span>
    </p>
   </div>
   <div class='ocr_carea' id='block_1_27' title="bbox 515 2525 2100 2598">
    <p class='ocr_par' dir='ltr' id='par_1_27' title="bbox 515 2525 2100 2598">
     <span class='ocr_line' id='line_1_27' title="bbox 515 2525 2100 2598; baseline -0.001 -16"><span class='ocrx_word' id='word_1_163' title='bbox 515 2529 648 2598; x_wconf 74' lang='lat' dir='ltr'><strong>quid</strong></span> <span class='ocrx_word' id='word_1_164' title='bbox 683 2543 782 2582; x_wconf 92' lang='lat' dir='ltr'><strong>usu</strong></span> <span class='ocrx_word' id='word_1_165' title='bbox 821 2528 970 2581; x_wconf 88' lang='lat' dir='ltr'><strong>venit</strong></span> <span class='ocrx_word' id='word_1_166' title='bbox 1009 2527 1093 2582; x_wconf 83' lang='lat' dir='ltr'><strong>liis</strong></span> <span class='ocrx_word' id='word_1_167' title='bbox 1118 2527 1208 2596; x_wconf 89' lang='lat' dir='ltr'><strong>qui</strong></span> <span class='ocrx_word' id='word_1_168' title='bbox 1236 2526 1400 2580; x_wconf 78' lang='lat' dir='ltr'><strong>vanis</strong></span> <span class='ocrx_word' id='word_1_169' title='bbox 1432 2525 1828 2595; x_wconf 87' lang='lat' dir='ltr'><strong>cupiditatibus</strong></span> <span class='ocrx_word' id='word_1_170' title='bbox 1856 2529 2100 2581; x_wconf 84' lang='lat' dir='ltr'><strong>animum</strong></span> 
     </span>
    </p>
   </div>
   <div class='ocr_carea' id='block_1_28' title="bbox 519 2615 2101 2690">
    <p class='ocr_par' dir='ltr' id='par_1_28' title="bbox 519 2615 2101 2690">
     <span class='ocr_line' id='line_1_28' title="bbox 519 2615 2101 2690; baseline -0.003 -16"><span class='ocrx_word' id='word_1_171' title='bbox 519 2620 863 2690; x_wconf 86' lang='lat' dir='ltr'><strong>applicantes</strong></span> <span class='ocrx_word' id='word_1_172' title='bbox 903 2616 1174 2687; x_wconf 79' lang='lat' dir='ltr'><strong>profunde</strong></span> <span class='ocrx_word' id='word_1_173' title='bbox 1205 2617 1473 2686; x_wconf 76' lang='lat' dir='ltr'><strong>cogitant,</strong></span> <span class='ocrx_word' id='word_1_174' title='bbox 1518 2615 1602 2668; x_wconf 89' lang='lat' dir='ltr'><strong>vel</strong></span> <span class='ocrx_word' id='word_1_175' title='bbox 1634 2615 1701 2668; x_wconf 91' lang='lat' dir='ltr'><strong>ad</strong></span> <span class='ocrx_word' id='word_1_176' title='bbox 1737 2631 1976 2684; x_wconf 81' lang='lat' dir='ltr'><strong>regnum</strong></span> <span class='ocrx_word' id='word_1_177' title='bbox 2015 2616 2101 2670; x_wconf 86' lang='lat' dir='ltr'><strong>vel</strong></span> 
     </span>
    </p>
   </div>
   <div class='ocr_carea' id='block_1_29' title="bbox 520 2708 2103 2779">
    <p class='ocr_par' dir='ltr' id='par_1_29' title="bbox 520 2708 2103 2779">
     <span class='ocr_line' id='line_1_29' title="bbox 520 2708 2103 2779; baseline -0.001 -14"><span class='ocrx_word' id='word_1_178' title='bbox 520 2713 590 2765; x_wconf 89' lang='lat' dir='ltr'><strong>ad</strong></span> <span class='ocrx_word' id='word_1_179' title='bbox 637 2711 787 2764; x_wconf 90' lang='lat' dir='ltr'><strong>aliud</strong></span> <span class='ocrx_word' id='word_1_180' title='bbox 839 2708 1100 2779; x_wconf 90' lang='lat' dir='ltr'><strong>quiddam</strong></span> <span class='ocrx_word' id='word_1_181' title='bbox 1137 2725 1327 2763; x_wconf 88' lang='lat' dir='ltr'><strong>eorum</strong></span> <span class='ocrx_word' id='word_1_182' title='bbox 1376 2722 1498 2776; x_wconf 66' lang='lat' dir='ltr'><strong>qua:</strong></span> <span class='ocrx_word' id='word_1_183' title='bbox 1541 2708 1894 2764; x_wconf 73' lang='lat' dir='ltr'><strong>vehementer</strong></span> <span class='ocrx_word' id='word_1_184' title='bbox 1936 2725 2103 2779; x_wconf 78' lang='lat' dir='ltr'><strong>expe-</strong></span> 
     </span>
    </p>
   </div>
   <div class='ocr_carea' id='block_1_30' title="bbox 526 2798 2103 2871">
    <p class='ocr_par' dir='ltr' id='par_1_30' title="bbox 526 2798 2103 2871">
     <span class='ocr_line' id='line_1_30' title="bbox 526 2798 2103 2871; baseline -0.002 -14"><span class='ocrx_word' id='word_1_185' title='bbox 526 2811 721 2857; x_wconf 90' lang='lat' dir='ltr'><strong>tuntur</strong></span> <span class='ocrx_word' id='word_1_186' title='bbox 762 2800 1190 2870; x_wconf 83' lang='lat' dir='ltr'><strong>cogitationibus</strong></span> <span class='ocrx_word' id='word_1_187' title='bbox 1236 2798 1420 2853; x_wconf 79' lang='lat' dir='ltr'><strong>effusi.</strong></span> <span class='ocrx_word' id='word_1_188' title='bbox 1468 2799 1585 2852; x_wconf 75' lang='lat' dir='ltr'><strong>Non</strong></span> <span class='ocrx_word' id='word_1_189' title='bbox 1633 2808 1693 2853; x_wconf 93' lang='lat' dir='ltr'><strong>ut</strong></span> <span class='ocrx_word' id='word_1_190' title='bbox 1731 2800 1867 2870; x_wconf 84' lang='lat' dir='ltr'><strong>ipsis</strong></span> <span class='ocrx_word' id='word_1_191' title='bbox 1895 2801 2103 2871; x_wconf 87' lang='lat' dir='ltr'><strong>aliquid</strong></span> 
     </span>
    </p>
   </div>
   <div class='ocr_carea' id='block_1_31' title="bbox 516 2890 2101 2962">
    <p class='ocr_par' dir='ltr' id='par_1_31' title="bbox 516 2890 2101 2962">
     <span class='ocr_line' id='line_1_31' title="bbox 516 2890 2101 2962; baseline -0.002 -13"><span class='ocrx_word' id='word_1_192' title='bbox 516 2911 712 2949; x_wconf 91' lang='lat' dir='ltr'><strong>eorum</strong></span> <span class='ocrx_word' id='word_1_193' title='bbox 742 2909 864 2962; x_wconf 62' lang='lat' dir='ltr'><strong>quae</strong></span> <span class='ocrx_word' id='word_1_194' title='bbox 907 2907 1124 2947; x_wconf 86' lang='lat' dir='ltr'><strong>summo</strong></span> <span class='ocrx_word' id='word_1_195' title='bbox 1167 2890 1352 2946; x_wconf 88' lang='lat' dir='ltr'><strong>studio</strong></span> <span class='ocrx_word' id='word_1_196' title='bbox 1379 2898 1646 2962; x_wconf 81' lang='lat' dir='ltr'><strong>expetunt</strong></span> <span class='ocrx_word' id='word_1_197' title='bbox 1697 2892 1940 2956; x_wconf 81' lang='lat' dir='ltr'><strong>eveniat,</strong></span> <span class='ocrx_word' id='word_1_198' title='bbox 1981 2893 2101 2962; x_wconf 84' lang='lat' dir='ltr'><strong>agi-</strong></span> 
     </span>
    </p>
   </div>
   <div class='ocr_carea' id='block_1_32' title="bbox 515 2983 2104 3052">
    <p class='ocr_par' dir='ltr' id='par_1_32' title="bbox 515 2983 2104 3052">
     <span class='ocr_line' id='line_1_32' title="bbox 515 2983 2104 3052; baseline -0.002 -12"><span class='ocrx_word' id='word_1_199' title='bbox 515 2995 636 3040; x_wconf 87' lang='lat' dir='ltr'><strong>tant</strong></span> <span class='ocrx_word' id='word_1_200' title='bbox 667 2987 872 3046; x_wconf 83' lang='lat' dir='ltr'><strong>animo,</strong></span> <span class='ocrx_word' id='word_1_201' title='bbox 905 2983 1000 3039; x_wconf 89' lang='lat' dir='ltr'><strong>sed</strong></span> <span class='ocrx_word' id='word_1_202' title='bbox 1024 2991 1283 3052; x_wconf 85' lang='lat' dir='ltr'><strong>tanquam</strong></span> <span class='ocrx_word' id='word_1_203' title='bbox 1315 2998 1381 3037; x_wconf 87' lang='lat' dir='ltr'><strong>eo</strong></span> <span class='ocrx_word' id='word_1_204' title='bbox 1410 2994 1675 3051; x_wconf 83' lang='lat' dir='ltr'><strong>praesente</strong></span> <span class='ocrx_word' id='word_1_205' title='bbox 1711 2984 1955 3052; x_wconf 87' lang='lat' dir='ltr'><strong>sibiipsis</strong></span> <span class='ocrx_word' id='word_1_206' title='bbox 1988 2985 2104 3038; x_wconf 90' lang='lat' dir='ltr'><strong>dis-</strong></span> 
     </span>
    </p>
   </div>
   <div class='ocr_carea' id='block_1_33' title="bbox 515 3074 2104 3148">
    <p class='ocr_par' dir='ltr' id='par_1_33' title="bbox 515 3074 2104 3148">
     <span class='ocr_line' id='line_1_33' title="bbox 515 3074 2104 3148; baseline -0.003 -16"><span class='ocrx_word' id='word_1_207' title='bbox 515 3088 735 3148; x_wconf 79' lang='lat' dir='ltr'><strong>ponunt</strong></span> <span class='ocrx_word' id='word_1_208' title='bbox 776 3085 830 3131; x_wconf 91' lang='lat' dir='ltr'><strong>et</strong></span> <span class='ocrx_word' id='word_1_209' title='bbox 870 3076 1194 3145; x_wconf 90' lang='lat' dir='ltr'><strong>dispensant</strong></span> <span class='ocrx_word' id='word_1_210' title='bbox 1234 3089 1334 3144; x_wconf 91' lang='lat' dir='ltr'><strong>pro</strong></span> <span class='ocrx_word' id='word_1_211' title='bbox 1382 3075 1614 3129; x_wconf 87' lang='lat' dir='ltr'><strong>arbitrio</strong></span> <span class='ocrx_word' id='word_1_212' title='bbox 1662 3075 1895 3129; x_wconf 63' lang='lat' dir='ltr'><strong>fortuna:</strong></span> <span class='ocrx_word' id='word_1_213' title='bbox 1930 3074 2104 3129; x_wconf 80' lang='lat' dir='ltr'><strong>felici—</strong></span> 
     </span>
    </p>
   </div>
   <div class='ocr_carea' id='block_1_34' title="bbox 515 3165 2104 3237">
    <p class='ocr_par' dir='ltr' id='par_1_34' title="bbox 515 3165 2104 3237">
     <span class='ocr_line' id='line_1_34' title="bbox 515 3165 2104 3237; baseline -0.001 -15"><span class='ocrx_word' id='word_1_214' title='bbox 515 3179 684 3224; x_wconf 75' lang='lat' dir='ltr'><strong>tatem</strong></span> <span class='ocrx_word' id='word_1_215' title='bbox 719 3169 1035 3237; x_wconf 89' lang='lat' dir='ltr'><strong>:voluptate</strong></span> <span class='ocrx_word' id='word_1_216' title='bbox 1063 3165 1296 3237; x_wconf 88' lang='lat' dir='ltr'><strong>quadam</strong></span> <span class='ocrx_word' id='word_1_217' title='bbox 1331 3168 1383 3220; x_wconf 91' lang='lat' dir='ltr'><strong>in</strong></span> <span class='ocrx_word' id='word_1_218' title='bbox 1435 3167 1568 3220; x_wconf 90' lang='lat' dir='ltr'><strong>falsa</strong></span> <span class='ocrx_word' id='word_1_219' title='bbox 1609 3182 1796 3222; x_wconf 89' lang='lat' dir='ltr'><strong>rerum</strong></span> <span class='ocrx_word' id='word_1_220' title='bbox 1829 3167 2012 3236; x_wconf 91' lang='lat' dir='ltr'><strong>specie</strong></span> <span class='ocrx_word' id='word_1_221' title='bbox 2048 3174 2104 3222; x_wconf 91' lang='lat' dir='ltr'><strong>et</strong></span> 
     </span>
    </p>
   </div>
   <div class='ocr_carea' id='block_1_35' title="bbox 515 3257 2098 3330">
    <p class='ocr_par' dir='ltr' id='par_1_35' title="bbox 515 3257 2098 3330">
     <span class='ocr_line' id='line_1_35' title="bbox 515 3257 2098 3330; baseline -0.003 -15"><span class='ocrx_word' id='word_1_222' title='bbox 515 3261 757 3330; x_wconf 81' lang='lat' dir='ltr'><strong>imagine</strong></span> <span class='ocrx_word' id='word_1_223' title='bbox 801 3259 1049 3313; x_wconf 87' lang='lat' dir='ltr'><strong>ludentes</strong></span> <span class='ocrx_word' id='word_1_224' title='bbox 1097 3257 1282 3311; x_wconf 92' lang='lat' dir='ltr'><strong>animo</strong></span> <span class='ocrx_word' id='word_1_225' title='bbox 1311 3267 1601 3328; x_wconf 76' lang='lat' dir='ltr'><strong>vagantur.</strong></span> <span class='ocrx_word' id='word_1_226' title='bbox 1655 3257 1746 3312; x_wconf 93' lang='lat' dir='ltr'><strong>Sic</strong></span> <span class='ocrx_word' id='word_1_227' title='bbox 1796 3259 1955 3314; x_wconf 94' lang='lat' dir='ltr'><strong>nobis</strong></span> <span class='ocrx_word' id='word_1_228' title='bbox 2009 3273 2098 3312; x_wconf 82' lang='lat' dir='ltr'><strong>sa-</strong></span> 
     </span>
    </p>
   </div>
   <div class='ocr_carea' id='block_1_36' title="bbox 517 3349 2097 3420">
    <p class='ocr_par' dir='ltr' id='par_1_36' title="bbox 517 3349 2097 3420">
     <span class='ocr_line' id='line_1_36' title="bbox 517 3349 2097 3420; baseline -0.001 -16"><span class='ocrx_word' id='word_1_229' title='bbox 517 3353 677 3420; x_wconf 69' lang='lat' dir='ltr'><strong>piens</strong></span> <span class='ocrx_word' id='word_1_230' title='bbox 733 3350 834 3404; x_wconf 86' lang='lat' dir='ltr'><strong>iste.</strong></span> <span class='ocrx_word' id='word_1_231' title='bbox 879 3350 1136 3419; x_wconf 87' lang='lat' dir='ltr'><strong>scriptor,</strong></span> <span class='ocrx_word' id='word_1_232' title='bbox 1193 3349 1380 3402; x_wconf 88' lang='lat' dir='ltr'><strong>tritam</strong></span> <span class='ocrx_word' id='word_1_233' title='bbox 1439 3349 1672 3403; x_wconf 91' lang='lat' dir='ltr'><strong>multum</strong></span> <span class='ocrx_word' id='word_1_234' title='bbox 1721 3361 1774 3404; x_wconf 93' lang='lat' dir='ltr'><strong>et</strong></span> <span class='ocrx_word' id='word_1_235' title='bbox 1822 3351 2097 3420; x_wconf 82' lang='lat' dir='ltr'><strong>vulgatam</strong></span> 
     </span>
    </p>
   </div>
   <div class='ocr_carea' id='block_1_37' title="bbox 519 3440 2096 3511">
    <p class='ocr_par' dir='ltr' id='par_1_37' title="bbox 519 3440 2096 3511">
     <span class='ocr_line' id='line_1_37' title="bbox 519 3440 2096 3511; baseline -0.003 -14"><span class='ocrx_word' id='word_1_236' title='bbox 519 3458 677 3498; x_wconf 84' lang='lat' dir='ltr'><strong>suam</strong></span> <span class='ocrx_word' id='word_1_237' title='bbox 721 3441 1064 3497; x_wconf 88' lang='lat' dir='ltr'><strong>dialecticam</strong></span> <span class='ocrx_word' id='word_1_238' title='bbox 1107 3441 1296 3494; x_wconf 87' lang='lat' dir='ltr'><strong>nescio</strong></span> <span class='ocrx_word' id='word_1_239' title='bbox 1345 3440 1436 3494; x_wconf 90' lang='lat' dir='ltr'><strong>ubi</strong></span> <span class='ocrx_word' id='word_1_240' title='bbox 1487 3442 1733 3510; x_wconf 87' lang='lat' dir='ltr'><strong>sopiens,</strong></span> <span class='ocrx_word' id='word_1_241' title='bbox 1782 3443 2096 3511; x_wconf 86' lang='lat' dir='ltr'><strong>priusquam</strong></span> 
     </span>
    </p>
   </div>
   <div class='ocr_carea' id='block_1_38' title="bbox 520 3531 2101 3602">
    <p class='ocr_par' dir='ltr' id='par_1_38' title="bbox 520 3531 2101 3602">
     <span class='ocr_line' id='line_1_38' title="bbox 520 3531 2101 3602; baseline -0.003 -14"><span class='ocrx_word' id='word_1_242' title='bbox 520 3535 574 3588; x_wconf 91' lang='lat' dir='ltr'><strong>id</strong></span> <span class='ocrx_word' id='word_1_243' title='bbox 606 3533 674 3588; x_wconf 91' lang='lat' dir='ltr'><strong>de</strong></span> <span class='ocrx_word' id='word_1_244' title='bbox 716 3549 823 3602; x_wconf 91' lang='lat' dir='ltr'><strong>quo</strong></span> <span class='ocrx_word' id='word_1_245' title='bbox 849 3531 1114 3602; x_wconf 73' lang='lat' dir='ltr'><strong>quaeritur</strong></span> <span class='ocrx_word' id='word_1_246' title='bbox 1153 3531 1635 3592; x_wconf 84' lang='lat' dir='ltr'><strong>demonstraverit,</strong></span> <span class='ocrx_word' id='word_1_247' title='bbox 1678 3541 1937 3602; x_wconf 90' lang='lat' dir='ltr'><strong>tanquam</strong></span> <span class='ocrx_word' id='word_1_248' title='bbox 1977 3549 2101 3602; x_wconf 82' lang='lat' dir='ltr'><strong>par—</strong></span> 
     </span>
    </p>
   </div>
   <div class='ocr_carea' id='block_1_39' title="bbox 517 3625 2102 3695">
    <p class='ocr_par' dir='ltr' id='par_1_39' title="bbox 517 3625 2102 3695">
     <span class='ocr_line' id='line_1_39' title="bbox 517 3625 2102 3695; baseline -0.001 -16"><span class='ocrx_word' id='word_1_249' title='bbox 517 3625 666 3680; x_wconf 84' lang='lat' dir='ltr'><strong>vulis</strong></span> <span class='ocrx_word' id='word_1_250' title='bbox 701 3625 1026 3695; x_wconf 88' lang='lat' dir='ltr'><strong>quibusdam</strong></span> <span class='ocrx_word' id='word_1_251' title='bbox 1056 3625 1242 3693; x_wconf 90' lang='lat' dir='ltr'><strong>pueris</strong></span> <span class='ocrx_word' id='word_1_252' title='bbox 1281 3625 1585 3693; x_wconf 86' lang='lat' dir='ltr'><strong>captiosam</strong></span> <span class='ocrx_word' id='word_1_253' title='bbox 1636 3625 1779 3678; x_wconf 90' lang='lat' dir='ltr'><strong>hanc</strong></span> <span class='ocrx_word' id='word_1_254' title='bbox 1810 3631 1865 3679; x_wconf 94' lang='lat' dir='ltr'><strong>et</strong></span> <span class='ocrx_word' id='word_1_255' title='bbox 1912 3625 2102 3679; x_wconf 88' lang='lat' dir='ltr'><strong>incon-</strong></span> 
     </span>
    </p>
   </div>
   <div class='ocr_carea' id='block_1_40' title="bbox 521 3716 2099 3788">
    <p class='ocr_par' dir='ltr' id='par_1_40' title="bbox 521 3716 2099 3788">
     <span class='ocr_line' id='line_1_40' title="bbox 521 3716 2099 3788; baseline -0.001 -17"><span class='ocrx_word' id='word_1_256' title='bbox 521 3720 691 3771; x_wconf 85' lang='lat' dir='ltr'><strong>ditam</strong></span> <span class='ocrx_word' id='word_1_257' title='bbox 744 3716 829 3772; x_wconf 90' lang='lat' dir='ltr'><strong>sui</strong></span> <span class='ocrx_word' id='word_1_258' title='bbox 879 3717 1153 3786; x_wconf 81' lang='lat' dir='ltr'><strong>dogmatis</strong></span> <span class='ocrx_word' id='word_1_259' title='bbox 1200 3716 1514 3770; x_wconf 85' lang='lat' dir='ltr'><strong>futilitatem</strong></span> <span class='ocrx_word' id='word_1_260' title='bbox 1565 3717 1679 3772; x_wconf 85' lang='lat' dir='ltr'><strong>sive</strong></span> <span class='ocrx_word' id='word_1_261' title='bbox 1730 3718 2099 3788; x_wconf 88' lang='lat' dir='ltr'><strong>importunam</strong></span> 
     </span>
    </p>
   </div>
   <div class='ocr_carea' id='block_1_41' title="bbox 521 3803 2103 3876">
    <p class='ocr_par' dir='ltr' id='par_1_41' title="bbox 521 3803 2103 3876">
     <span class='ocr_line' id='line_1_41' title="bbox 521 3803 2103 3876; baseline -0.001 -14"><span class='ocrx_word' id='word_1_262' title='bbox 521 3809 910 3876; x_wconf 78' lang='lat' dir='ltr'><strong>loquacitatem</strong></span> <span class='ocrx_word' id='word_1_263' title='bbox 960 3803 1366 3862; x_wconf 79' lang='lat' dir='ltr'><strong>confabtilando</strong></span> <span class='ocrx_word' id='word_1_264' title='bbox 1407 3808 1674 3871; x_wconf 86' lang='lat' dir='ltr'><strong>obtrudit,</strong></span> <span class='ocrx_word' id='word_1_265' title='bbox 1716 3809 1866 3862; x_wconf 89' lang='lat' dir='ltr'><strong>velut</strong></span> <span class='ocrx_word' id='word_1_266' title='bbox 1911 3823 2103 3862; x_wconf 88' lang='lat' dir='ltr'><strong>narra-</strong></span> 
     </span>
    </p>
   </div>
   <div class='ocr_carea' id='block_1_42' title="bbox 521 3899 2099 3970">
    <p class='ocr_par' dir='ltr' id='par_1_42' title="bbox 521 3899 2099 3970">
     <span class='ocr_line' id='line_1_42' title="bbox 521 3899 2099 3970; baseline -0.001 -16"><span class='ocrx_word' id='word_1_267' title='bbox 521 3903 728 3955; x_wconf 83' lang='lat' dir='ltr'><strong>tionem</strong></span> <span class='ocrx_word' id='word_1_268' title='bbox 755 3899 1407 3970; x_wconf 16' lang='lat' dir='ltr'><strong>quamdam‘petulantem</strong></span> <span class='ocrx_word' id='word_1_269' title='bbox 1429 3911 1482 3953; x_wconf 90' lang='lat' dir='ltr'><strong>et</strong></span> <span class='ocrx_word' id='word_1_270' title='bbox 1509 3899 1772 3954; x_wconf 86' lang='lat' dir='ltr'><strong>lascivam</strong></span> <span class='ocrx_word' id='word_1_271' title='bbox 1800 3915 2099 3969; x_wconf 83' lang='lat' dir='ltr'><strong>exponens.</strong></span> 
     </span>
    </p>
   </div>
   <div class='ocr_carea' id='block_1_43' title="bbox 522 3991 2102 4047">
    <p class='ocr_par' dir='ltr' id='par_1_43' title="bbox 522 3991 2102 4047">
     <span class='ocr_line' id='line_1_43' title="bbox 522 3991 2102 4047; baseline 0.001 -2"><span class='ocrx_word' id='word_1_272' title='bbox 522 3993 665 4046; x_wconf 86' lang='lat' dir='ltr'><strong>Dicit</strong></span> <span class='ocrx_word' id='word_1_273' title='bbox 693 3992 838 4046; x_wconf 91' lang='lat' dir='ltr'><strong>enim</strong></span> <span class='ocrx_word' id='word_1_274' title='bbox 881 3991 1061 4045; x_wconf 84' lang='lat' dir='ltr'><strong>Patris</strong></span> <span class='ocrx_word' id='word_1_275' title='bbox 1096 4001 1222 4045; x_wconf 88' lang='lat' dir='ltr'><strong>actu</strong></span> <span class='ocrx_word' id='word_1_276' title='bbox 1271 3991 1662 4046; x_wconf 91' lang='lat' dir='ltr'><strong>subsistentem</strong></span> <span class='ocrx_word' id='word_1_277' title='bbox 1690 3992 1985 4047; x_wconf 90' lang='lat' dir='ltr'><strong>essentiam</strong></span> <span class='ocrx_word' id='word_1_278' title='bbox 2014 4007 2102 4046; x_wconf 80' lang='lat' dir='ltr'><strong>re-</strong></span> 
     </span>
    </p>
   </div>
   <div class='ocr_carea' id='block_1_44' title="bbox 523 4081 2107 4154">
    <p class='ocr_par' dir='ltr' id='par_1_44' title="bbox 523 4081 2107 4154">
     <span class='ocr_line' id='line_1_44' title="bbox 523 4081 2107 4154; baseline -0.002 -16"><span class='ocrx_word' id='word_1_279' title='bbox 523 4087 708 4154; x_wconf 87' lang='lat' dir='ltr'><strong>eipere</strong></span> <span class='ocrx_word' id='word_1_280' title='bbox 752 4083 1095 4153; x_wconf 89' lang='lat' dir='ltr'><strong>gennematis</strong></span> <span class='ocrx_word' id='word_1_281' title='bbox 1129 4083 1441 4153; x_wconf 65' lang='lat' dir='ltr'><strong>(geniturae)</strong></span> <span class='ocrx_word' id='word_1_282' title='bbox 1484 4090 1540 4136; x_wconf 90' lang='lat' dir='ltr'><strong>et</strong></span> <span class='ocrx_word' id='word_1_283' title='bbox 1591 4081 1819 4137; x_wconf 74' lang='lat' dir='ltr'><strong>factura:</strong></span> <span class='ocrx_word' id='word_1_284' title='bbox 1860 4093 1916 4137; x_wconf 90' lang='lat' dir='ltr'><strong>et</strong></span> <span class='ocrx_word' id='word_1_285' title='bbox 1953 4098 2107 4137; x_wconf 88' lang='lat' dir='ltr'><strong>crea-</strong></span> 
     </span>
    </p>
   </div>
   <div class='ocr_carea' id='block_1_45' title="bbox 519 4171 2106 4244">
    <p class='ocr_par' dir='ltr' id='par_1_45' title="bbox 519 4171 2106 4244">
     <span class='ocr_line' id='line_1_45' title="bbox 519 4171 2106 4244; baseline 0 -17"><span class='ocrx_word' id='word_1_286' title='bbox 519 4183 664 4229; x_wconf 85' lang='lat' dir='ltr'><strong>turae</strong></span> <span class='ocrx_word' id='word_1_287' title='bbox 712 4173 1158 4244; x_wconf 86' lang='lat' dir='ltr'><strong>appellationem.</strong></span> <span class='ocrx_word' id='word_1_288' title='bbox 1200 4171 1468 4238; x_wconf 76' lang='lat' dir='ltr'><strong>Quaenam</strong></span> <span class='ocrx_word' id='word_1_289' title='bbox 1521 4174 1661 4228; x_wconf 88' lang='lat' dir='ltr'><strong>ratio</strong></span> <span class='ocrx_word' id='word_1_290' title='bbox 1712 4172 2106 4229; x_wconf 89' lang='lat' dir='ltr'><strong>demonstravit</strong></span> 
     </span>
    </p>
   </div>
   <div class='ocr_carea' id='block_1_46' title="bbox 521 4265 2102 4336">
    <p class='ocr_par' dir='ltr' id='par_1_46' title="bbox 521 4265 2102 4336">
     <span class='ocr_line' id='line_1_46' title="bbox 521 4265 2102 4336; baseline 0.001 -17"><span class='ocrx_word' id='word_1_291' title='bbox 521 4268 673 4321; x_wconf 85' lang='lat' dir='ltr'><strong>velut</strong></span> <span class='ocrx_word' id='word_1_292' title='bbox 702 4266 880 4320; x_wconf 83' lang='lat' dir='ltr'><strong>fabrili</strong></span> <span class='ocrx_word' id='word_1_293' title='bbox 914 4267 1153 4334; x_wconf 87' lang='lat' dir='ltr'><strong>quadam</strong></span> <span class='ocrx_word' id='word_1_294' title='bbox 1191 4265 1732 4336; x_wconf 72' lang='lat' dir='ltr'><strong>operatioue&#39;Filium</strong></span> <span class='ocrx_word' id='word_1_295' title='bbox 1760 4267 2058 4322; x_wconf 89' lang='lat' dir='ltr'><strong>subsistere</strong></span> <span class='ocrx_word' id='word_1_296' title='bbox 2088 4285 2102 4320; x_wconf 72' lang='grc' dir='ltr'>ε</span> 
     </span>
    </p>
   </div>
   <div class='ocr_carea' id='block_1_47' title="bbox 523 4354 2110 4426">
    <p class='ocr_par' dir='ltr' id='par_1_47' title="bbox 523 4354 2110 4426">
     <span class='ocr_line' id='line_1_47' title="bbox 523 4354 2110 4426; baseline -0.001 -16"><span class='ocrx_word' id='word_1_297' title='bbox 523 4357 707 4411; x_wconf 78' lang='lat' dir='ltr'><strong>Patris</strong></span> <span class='ocrx_word' id='word_1_298' title='bbox 738 4371 870 4411; x_wconf 90' lang='lat' dir='ltr'><strong>vero</strong></span> <span class='ocrx_word' id='word_1_299' title='bbox 905 4364 1160 4410; x_wconf 86' lang='lat' dir='ltr'><strong>naturam</strong></span> <span class='ocrx_word' id='word_1_300' title='bbox 1192 4354 1532 4410; x_wconf 82' lang='lat' dir='ltr'><strong>inefficacem</strong></span> <span class='ocrx_word' id='word_1_301' title='bbox 1563 4357 1712 4410; x_wconf 91' lang='lat' dir='ltr'><strong>velut</strong></span> <span class='ocrx_word' id='word_1_302' title='bbox 1756 4355 1824 4408; x_wconf 90' lang='lat' dir='ltr'><strong>ad</strong></span> <span class='ocrx_word' id='word_1_303' title='bbox 1856 4354 1976 4410; x_wconf 88' lang='lat' dir='ltr'><strong>Filii</strong></span> <span class='ocrx_word' id='word_1_304' title='bbox 2009 4356 2110 4426; x_wconf 86' lang='lat' dir='ltr'><strong>hy-</strong></span> 
     </span>
    </p>
   </div>
   <div class='ocr_carea' id='block_1_48' title="bbox 525 4445 2107 4517">
    <p class='ocr_par' dir='ltr' id='par_1_48' title="bbox 525 4445 2107 4517">
     <span class='ocr_line' id='line_1_48' title="bbox 525 4445 2107 4517; baseline -0.002 -14"><span class='ocrx_word' id='word_1_305' title='bbox 525 4447 790 4516; x_wconf 80' lang='lat' dir='ltr'><strong>postasim</strong></span> <span class='ocrx_word' id='word_1_306' title='bbox 835 4446 1099 4500; x_wconf 77' lang='lat' dir='ltr'><strong>manere?</strong></span> <span class='ocrx_word' id='word_1_307' title='bbox 1135 4445 1240 4499; x_wconf 89' lang='lat' dir='ltr'><strong>hoc</strong></span> <span class='ocrx_word' id='word_1_308' title='bbox 1280 4446 1427 4500; x_wconf 90' lang='lat' dir='ltr'><strong>enim</strong></span> <span class='ocrx_word' id='word_1_309' title='bbox 1459 4455 1593 4500; x_wconf 79' lang='lat' dir='ltr'><strong>erat</strong></span> <span class='ocrx_word' id='word_1_310' title='bbox 1631 4445 1698 4500; x_wconf 91' lang='lat' dir='ltr'><strong>de</strong></span> <span class='ocrx_word' id='word_1_311' title='bbox 1723 4462 1834 4515; x_wconf 88' lang='lat' dir='ltr'><strong>quo</strong></span> <span class='ocrx_word' id='word_1_312' title='bbox 1863 4446 2107 4517; x_wconf 78' lang='lat' dir='ltr'><strong>ambige-</strong></span> 
     </span>
    </p>
   </div>
   <div class='ocr_carea' id='block_1_49' title="bbox 2198 616 3782 692">
    <p class='ocr_par' dir='ltr' id='par_1_49' title="bbox 2198 616 3782 692">
     <span class='ocr_line' id='line_1_49' title="bbox 2198 616 3782 692; baseline 0.002 -23"><span class='ocrx_word' id='word_1_313' title='bbox 2198 618 2280 670; x_wconf 83' lang='grc' dir='ltr'>ὅτι</span> <span class='ocrx_word' id='word_1_314' title='bbox 2309 618 2369 669; x_wconf 76' lang='grc' dir='ltr'>τὸ</span> <span class='ocrx_word' id='word_1_315' title='bbox 2395 616 2624 688; x_wconf 80' lang='grc' dir='ltr'>χωρίζον</span> <span class='ocrx_word' id='word_1_316' title='bbox 2664 616 2772 669; x_wconf 73' lang='grc' dir='ltr'>ἀπὸ</span> <span class='ocrx_word' id='word_1_317' title='bbox 2803 617 2900 686; x_wconf 74' lang='grc' dir='ltr'>τῆς</span> <span class='ocrx_word' id='word_1_318' title='bbox 2929 617 3194 685; x_wconf 82' lang='grc' dir='ltr'>αἱρέσεως</span> <span class='ocrx_word' id='word_1_319' title='bbox 3220 617 3316 688; x_wconf 78' lang='grc' dir='ltr'>τὴν</span> <span class='ocrx_word' id='word_1_320' title='bbox 3363 617 3709 688; x_wconf 85' lang='grc' dir='ltr'>Ἐκκλησίαν.</span> <span class='ocrx_word' id='word_1_321' title='bbox 3749 623 3782 692; x_wconf 89' lang='grc' dir='ltr'><strong>ή</strong></span> 
     </span>
    </p>
   </div>
   <div class='ocr_carea' id='block_1_50' title="bbox 2197 709 3782 782">
    <p class='ocr_par' dir='ltr' id='par_1_50' title="bbox 2197 709 3782 782">
     <span class='ocr_line' id='line_1_50' title="bbox 2197 709 3782 782; baseline 0.001 -19"><span class='ocrx_word' id='word_1_322' title='bbox 2197 710 2291 763; x_wconf 88' lang='grc' dir='ltr'><strong>τοῦ</strong></span> <span class='ocrx_word' id='word_1_323' title='bbox 2342 710 2638 779; x_wconf 82' lang='grc' dir='ltr'>κτίσματός</span> <span class='ocrx_word' id='word_1_324' title='bbox 2679 711 2792 761; x_wconf 86' lang='grc' dir='ltr'>ἐστι</span> <span class='ocrx_word' id='word_1_325' title='bbox 2846 709 2995 778; x_wconf 79' lang='grc' dir='ltr'>φωνὴ</span> <span class='ocrx_word' id='word_1_326' title='bbox 3037 710 3128 760; x_wconf 74' lang='grc' dir='ltr'>ἐπὶ</span> <span class='ocrx_word' id='word_1_327' title='bbox 3162 709 3254 761; x_wconf 88' lang='grc' dir='ltr'><strong>τοῦ</strong></span> <span class='ocrx_word' id='word_1_328' title='bbox 3309 709 3434 762; x_wconf 82' lang='grc' dir='ltr'>Υίοῦ</span> <span class='ocrx_word' id='word_1_329' title='bbox 3480 711 3782 782; x_wconf 79' lang='grc' dir='ltr'><strong>λεγομένης</strong></span> 
     </span>
    </p>
   </div>
   <div class='ocr_carea' id='block_1_51' title="bbox 2199 799 3786 870">
    <p class='ocr_par' dir='ltr' id='par_1_51' title="bbox 2199 799 3786 870">
     <span class='ocr_line' id='line_1_51' title="bbox 2199 799 3786 870; baseline -0.001 -15"><span class='ocrx_word' id='word_1_330' title='bbox 2199 799 2411 855; x_wconf 85' lang='grc' dir='ltr'>Οὐκοῦν</span> <span class='ocrx_word' id='word_1_331' title='bbox 2443 800 2879 870; x_wconf 82' lang='grc' dir='ltr'>ὀμολογουμένης</span> <span class='ocrx_word' id='word_1_332' title='bbox 2933 800 3086 870; x_wconf 70' lang='grc' dir='ltr'>παρὰ</span> <span class='ocrx_word' id='word_1_333' title='bbox 3134 802 3265 852; x_wconf 70' lang='grc' dir='ltr'>πᾶσι</span> <span class='ocrx_word' id='word_1_334' title='bbox 3299 799 3399 870; x_wconf 82' lang='grc' dir='ltr'><strong>τῆς</strong></span> <span class='ocrx_word' id='word_1_335' title='bbox 3444 800 3584 853; x_wconf 84' lang='grc' dir='ltr'>κατά</span> <span class='ocrx_word' id='word_1_336' title='bbox 3616 803 3677 854; x_wconf 75' lang='grc' dir='ltr'>τὸ</span> <span class='ocrx_word' id='word_1_337' title='bbox 3703 801 3786 853; x_wconf 80' lang='grc' dir='ltr'><strong>δό-</strong></span> 
     </span>
    </p>
   </div>
   <div class='ocr_carea' id='block_1_52' title="bbox 2199 886 3784 960">
    <p class='ocr_par' dir='ltr' id='par_1_52' title="bbox 2199 886 3784 960">
     <span class='ocr_line' id='line_1_52' title="bbox 2199 886 3784 960; baseline 0 -18"><span class='ocrx_word' id='word_1_338' title='bbox 2199 907 2315 959; x_wconf 83' lang='grc' dir='ltr'><strong>γμα</strong></span> <span class='ocrx_word' id='word_1_339' title='bbox 2345 889 2626 960; x_wconf 79' lang='grc' dir='ltr'>διαφορᾶς,</span> <span class='ocrx_word' id='word_1_340' title='bbox 2663 889 2754 941; x_wconf 70' lang='grc' dir='ltr'>τὸν</span> <span class='ocrx_word' id='word_1_341' title='bbox 2784 886 3164 958; x_wconf 83' lang='grc' dir='ltr'>ἐπιχειροῦντα</span> <span class='ocrx_word' id='word_1_342' title='bbox 3197 888 3457 942; x_wconf 88' lang='grc' dir='ltr'>δεικνύειν</span> <span class='ocrx_word' id='word_1_343' title='bbox 3500 890 3608 940; x_wconf 85' lang='grc' dir='ltr'><strong>τῶν</strong></span> <span class='ocrx_word' id='word_1_344' title='bbox 3651 891 3784 960; x_wconf 74' lang='grc' dir='ltr'>ἠμε-</span> 
     </span>
    </p>
   </div>
   <div class='ocr_carea' id='block_1_53' title="bbox 2197 979 3784 1051">
    <p class='ocr_par' dir='ltr' id='par_1_53' title="bbox 2197 979 3784 1051">
     <span class='ocr_line' id='line_1_53' title="bbox 2197 979 3784 1051; baseline -0.001 -17"><span class='ocrx_word' id='word_1_345' title='bbox 2197 981 2372 1051; x_wconf 85' lang='grc' dir='ltr'>τέρων</span> <span class='ocrx_word' id='word_1_346' title='bbox 2396 981 2493 1043; x_wconf 75' lang='grc' dir='ltr'>τὰς</span> <span class='ocrx_word' id='word_1_347' title='bbox 2527 980 2658 1043; x_wconf 80' lang='grc' dir='ltr'>ἰδίας</span> <span class='ocrx_word' id='word_1_348' title='bbox 2689 979 2984 1050; x_wconf 71' lang='grc' dir='ltr'><strong>ὑπολήψεις</strong></span> <span class='ocrx_word' id='word_1_349' title='bbox 3011 979 3400 1050; x_wconf 82' lang='grc' dir='ltr'>ἀληθεστέρας,</span> <span class='ocrx_word' id='word_1_350' title='bbox 3437 980 3488 1032; x_wconf 87' lang='grc' dir='ltr'><strong>τί</strong></span> <span class='ocrx_word' id='word_1_351' title='bbox 3525 981 3784 1050; x_wconf 86' lang='grc' dir='ltr'>πράττειν</span> 
     </span>
    </p>
   </div>
   <div class='ocr_carea' id='block_1_54' title="bbox 2199 1067 3782 1141">
    <p class='ocr_par' dir='ltr' id='par_1_54' title="bbox 2199 1067 3782 1141">
     <span class='ocr_line' id='line_1_54' title="bbox 2199 1067 3782 1141; baseline -0.003 -16"><span class='ocrx_word' id='word_1_352' title='bbox 2199 1070 2566 1141; x_wconf 74' lang='grc' dir='ltr'><strong>εὐλογώτερον</strong></span> <span class='ocrx_word' id='word_1_353' title='bbox 2609 1067 2712 1141; x_wconf 79' lang='grc' dir='ltr'>ἦν;</span> <span class='ocrx_word' id='word_1_354' title='bbox 2750 1069 3197 1132; x_wconf 77' lang='grc' dir='ltr'>Κατασκευάζειν</span> <span class='ocrx_word' id='word_1_355' title='bbox 3236 1069 3477 1138; x_wconf 86' lang='grc' dir='ltr'>δηλονότι</span> <span class='ocrx_word' id='word_1_356' title='bbox 3515 1071 3606 1122; x_wconf 71' lang='grc' dir='ltr'><strong>τὸν</strong></span> <span class='ocrx_word' id='word_1_357' title='bbox 3654 1070 3782 1123; x_wconf 86' lang='grc' dir='ltr'>ἴδιον</span> 
     </span>
    </p>
   </div>
   <div class='ocr_carea' id='block_1_55' title="bbox 2201 1155 3783 1231">
    <p class='ocr_par' dir='ltr' id='par_1_55' title="bbox 2201 1155 3783 1231">
     <span class='ocr_line' id='line_1_55' title="bbox 2201 1155 3783 1231; baseline -0.002 -15"><span class='ocrx_word' id='word_1_358' title='bbox 2201 1161 2376 1231; x_wconf 84' lang='grc' dir='ltr'>λόγον,</span> <span class='ocrx_word' id='word_1_359' title='bbox 2406 1163 2473 1216; x_wconf 82' lang='grc' dir='ltr'>δι’</span> <span class='ocrx_word' id='word_1_360' title='bbox 2503 1155 2578 1216; x_wconf 82' lang='grc' dir='ltr'>ὧν</span> <span class='ocrx_word' id='word_1_361' title='bbox 2627 1155 2736 1214; x_wconf 76' lang='grc' dir='ltr'>οἷόν</span> <span class='ocrx_word' id='word_1_362' title='bbox 2786 1179 2846 1213; x_wconf 89' lang='grc' dir='ltr'><strong>τε</strong></span> <span class='ocrx_word' id='word_1_363' title='bbox 2889 1157 2984 1231; x_wconf 76' lang='grc' dir='ltr'>ἦν,</span> <span class='ocrx_word' id='word_1_364' title='bbox 3016 1159 3408 1213; x_wconf 79' lang='grc' dir='ltr'><strong>ἀποδεικνύντα</strong></span> <span class='ocrx_word' id='word_1_365' title='bbox 3442 1161 3658 1213; x_wconf 81' lang='grc' dir='ltr'>κτιστὸν</span> <span class='ocrx_word' id='word_1_366' title='bbox 3691 1161 3783 1214; x_wconf 72' lang='grc' dir='ltr'>τὸν</span> 
     </span>
    </p>
   </div>
   <div class='ocr_carea' id='block_1_56' title="bbox 2201 1249 3784 1325">
    <p class='ocr_par' dir='ltr' id='par_1_56' title="bbox 2201 1249 3784 1325">
     <span class='ocr_line' id='line_1_56' title="bbox 2201 1249 3784 1325; baseline -0.003 -18"><span class='ocrx_word' id='word_1_367' title='bbox 2201 1254 2402 1325; x_wconf 80' lang='grc' dir='ltr'>Κύριον</span> <span class='ocrx_word' id='word_1_368' title='bbox 2436 1249 2575 1306; x_wconf 80' lang='grc' dir='ltr'>εἶναι</span> <span class='ocrx_word' id='word_1_369' title='bbox 2610 1251 2718 1304; x_wconf 85' lang='grc' dir='ltr'>δεῖν</span> <span class='ocrx_word' id='word_1_370' title='bbox 2753 1251 2993 1314; x_wconf 84' lang='grc' dir='ltr'>οίεσθαι;</span> <span class='ocrx_word' id='word_1_371' title='bbox 3027 1251 3098 1302; x_wconf 85' lang='grc' dir='ltr'>Ἢ</span> <span class='ocrx_word' id='word_1_372' title='bbox 3131 1251 3290 1303; x_wconf 86' lang='grc' dir='ltr'>τοῦτο</span> <span class='ocrx_word' id='word_1_373' title='bbox 3322 1252 3586 1320; x_wconf 75' lang='grc' dir='ltr'><strong>παρέντα,</strong></span> <span class='ocrx_word' id='word_1_374' title='bbox 3620 1267 3784 1320; x_wconf 89' lang='grc' dir='ltr'>νομο-</span> 
     </span>
    </p>
   </div>
   <div class='ocr_carea' id='block_1_57' title="bbox 2201 1339 3785 1412">
    <p class='ocr_par' dir='ltr' id='par_1_57' title="bbox 2201 1339 3785 1412">
     <span class='ocr_line' id='line_1_57' title="bbox 2201 1339 3785 1412; baseline -0.004 -15"><span class='ocrx_word' id='word_1_375' title='bbox 2201 1344 2376 1397; x_wconf 87' lang='grc' dir='ltr'>θετεῖν</span> <span class='ocrx_word' id='word_1_376' title='bbox 2413 1345 2524 1406; x_wconf 85' lang='grc' dir='ltr'>τοῖς</span> <span class='ocrx_word' id='word_1_377' title='bbox 2572 1341 2883 1404; x_wconf 81' lang='grc' dir='ltr'>ἀκούουσιν,</span> <span class='ocrx_word' id='word_1_378' title='bbox 2935 1342 3009 1404; x_wconf 84' lang='grc' dir='ltr'>ὡς</span> <span class='ocrx_word' id='word_1_379' title='bbox 3058 1340 3462 1412; x_wconf 80' lang='grc' dir='ltr'>ὁμολογούμενα</span> <span class='ocrx_word' id='word_1_380' title='bbox 3508 1339 3575 1392; x_wconf 80' lang='grc' dir='ltr'>τὰ</span> <span class='ocrx_word' id='word_1_381' title='bbox 3615 1341 3785 1410; x_wconf 78' lang='grc' dir='ltr'>ἀμφι-</span> 
     </span>
    </p>
   </div>
   <div class='ocr_carea' id='block_1_58' title="bbox 2201 1430 3784 1502">
    <p class='ocr_par' dir='ltr' id='par_1_58' title="bbox 2201 1430 3784 1502">
     <span class='ocr_line' id='line_1_58' title="bbox 2201 1430 3784 1502; baseline -0.001 -18"><span class='ocrx_word' id='word_1_382' title='bbox 2201 1433 2508 1502; x_wconf 79' lang='grc' dir='ltr'>6αλλὸμενα</span> <span class='ocrx_word' id='word_1_383' title='bbox 2535 1430 2748 1499; x_wconf 74' lang='grc' dir='ltr'>λέγεινς</span> <span class='ocrx_word' id='word_1_384' title='bbox 2795 1431 2934 1498; x_wconf 88' lang='grc' dir='ltr'><strong>Ἐγὼ</strong></span> <span class='ocrx_word' id='word_1_385' title='bbox 2967 1432 3064 1502; x_wconf 79' lang='grc' dir='ltr'><strong>μὲν</strong></span> <span class='ocrx_word' id='word_1_386' title='bbox 3111 1432 3285 1484; x_wconf 87' lang='grc' dir='ltr'>ἐκεῖνό</span> <span class='ocrx_word' id='word_1_387' title='bbox 3330 1448 3472 1501; x_wconf 80' lang='grc' dir='ltr'>φημι</span> <span class='ocrx_word' id='word_1_388' title='bbox 3495 1448 3506 1460; x_wconf 88' lang='grc'>·</span> <span class='ocrx_word' id='word_1_389' title='bbox 3539 1430 3679 1500; x_wconf 83' lang='grc' dir='ltr'>τάχα</span> <span class='ocrx_word' id='word_1_390' title='bbox 3725 1430 3784 1482; x_wconf 82' lang='grc' dir='ltr'>δὲ</span> 
     </span>
    </p>
   </div>
   <div class='ocr_carea' id='block_1_59' title="bbox 2202 1518 3784 1594">
    <p class='ocr_par' dir='ltr' id='par_1_59' title="bbox 2202 1518 3784 1594">
     <span class='ocr_line' id='line_1_59' title="bbox 2202 1518 3784 1594; baseline -0.004 -16"><span class='ocrx_word' id='word_1_391' title='bbox 2202 1527 2296 1579; x_wconf 70' lang='grc' dir='ltr'><strong>καὶ</strong></span> <span class='ocrx_word' id='word_1_392' title='bbox 2347 1524 2548 1587; x_wconf 82' lang='grc' dir='ltr'>πάντες</span> <span class='ocrx_word' id='word_1_393' title='bbox 2585 1518 2666 1587; x_wconf 78' lang='grc' dir='ltr'>οἷς</span> <span class='ocrx_word' id='word_1_394' title='bbox 2715 1524 2937 1594; x_wconf 88' lang='grc' dir='ltr'>μέτεστι</span> <span class='ocrx_word' id='word_1_395' title='bbox 2969 1522 3226 1585; x_wconf 77' lang='grc' dir='ltr'>διανοίας,</span> <span class='ocrx_word' id='word_1_396' title='bbox 3275 1521 3434 1574; x_wconf 90' lang='grc' dir='ltr'>τοῦτο</span> <span class='ocrx_word' id='word_1_397' title='bbox 3481 1521 3630 1590; x_wconf 77' lang='grc' dir='ltr'>παρὰ</span> <span class='ocrx_word' id='word_1_398' title='bbox 3674 1519 3784 1573; x_wconf 83' lang='grc' dir='ltr'>τῶν</span> 
     </span>
    </p>
   </div>
   <div class='ocr_carea' id='block_1_60' title="bbox 2201 1605 3782 1681">
    <p class='ocr_par' dir='ltr' id='par_1_60' title="bbox 2201 1605 3782 1681">
     <span class='ocr_line' id='line_1_60' title="bbox 2201 1605 3782 1681; baseline -0.004 -13"><span class='ocrx_word' id='word_1_399' title='bbox 2201 1613 2593 1681; x_wconf 79' lang='grc' dir='ltr'>ἀντιλεγόντων</span> <span class='ocrx_word' id='word_1_400' title='bbox 2643 1612 3048 1681; x_wconf 78' lang='grc' dir='ltr'>ἐπιζητήσουσι,</span> <span class='ocrx_word' id='word_1_401' title='bbox 3081 1611 3142 1663; x_wconf 79' lang='grc' dir='ltr'><strong>τὸ</strong></span> <span class='ocrx_word' id='word_1_402' title='bbox 3172 1610 3269 1681; x_wconf 77' lang='grc' dir='ltr'><strong>τὴν</strong></span> <span class='ocrx_word' id='word_1_403' title='bbox 3300 1611 3473 1681; x_wconf 79' lang='grc' dir='ltr'>ἀρχὴν</span> <span class='ocrx_word' id='word_1_404' title='bbox 3499 1605 3590 1662; x_wconf 67' lang='grc' dir='ltr'><strong>τοῦ</strong></span> <span class='ocrx_word' id='word_1_405' title='bbox 3623 1611 3782 1677; x_wconf 86' lang='grc' dir='ltr'>λόγου</span> 
     </span>
    </p>
   </div>
   <div class='ocr_carea' id='block_1_61' title="bbox 2203 1701 3779 1774">
    <p class='ocr_par' dir='ltr' id='par_1_61' title="bbox 2203 1701 3779 1774">
     <span class='ocr_line' id='line_1_61' title="bbox 2203 1701 3779 1774; baseline -0.003 -17"><span class='ocrx_word' id='word_1_406' title='bbox 2203 1703 2418 1774; x_wconf 84' lang='grc' dir='ltr'>πρῶτον</span> <span class='ocrx_word' id='word_1_407' title='bbox 2459 1704 2550 1756; x_wconf 83' lang='grc' dir='ltr'><strong>ὲπί</strong></span> <span class='ocrx_word' id='word_1_408' title='bbox 2587 1720 2730 1766; x_wconf 88' lang='grc' dir='ltr'>τινος</span> <span class='ocrx_word' id='word_1_409' title='bbox 2775 1703 3170 1772; x_wconf 75' lang='grc' dir='ltr'>ἀναντιρῤήτου</span> <span class='ocrx_word' id='word_1_410' title='bbox 3205 1701 3413 1770; x_wconf 80' lang='grc' dir='ltr'>βάσεως</span> <span class='ocrx_word' id='word_1_411' title='bbox 3459 1702 3779 1771; x_wconf 80' lang='grc' dir='ltr'>στήσαντας.</span> 
     </span>
    </p>
   </div>
   <div class='ocr_carea' id='block_1_62' title="bbox 2205 1791 3783 1860">
    <p class='ocr_par' dir='ltr' id='par_1_62' title="bbox 2205 1791 3783 1860">
     <span class='ocr_line' id='line_1_62' title="bbox 2205 1791 3783 1860; baseline -0.002 -12"><span class='ocrx_word' id='word_1_412' title='bbox 2205 1795 2388 1858; x_wconf 87' lang='grc' dir='ltr'>Οῦτως</span> <span class='ocrx_word' id='word_1_413' title='bbox 2423 1798 2534 1858; x_wconf 84' lang='grc' dir='ltr'>τοῖς</span> <span class='ocrx_word' id='word_1_414' title='bbox 2564 1793 2875 1857; x_wconf 79' lang='grc' dir='ltr'>ἀκολούθοις</span> <span class='ocrx_word' id='word_1_415' title='bbox 2912 1791 3354 1860; x_wconf 80' lang='grc' dir='ltr'>ἐναγωνίζεσθαι,</span> <span class='ocrx_word' id='word_1_416' title='bbox 3399 1793 3579 1844; x_wconf 71' lang='grc' dir='ltr'>οὐτοσὶ</span> <span class='ocrx_word' id='word_1_417' title='bbox 3605 1793 3783 1845; x_wconf 78' lang='grc' dir='ltr'>τοίνυν</span> 
     </span>
    </p>
   </div>
   <div class='ocr_carea' id='block_1_63' title="bbox 2201 1881 3784 1956">
    <p class='ocr_par' dir='ltr' id='par_1_63' title="bbox 2201 1881 3784 1956">
     <span class='ocr_line' id='line_1_63' title="bbox 2201 1881 3784 1956; baseline -0.003 -17"><span class='ocrx_word' id='word_1_418' title='bbox 2201 1885 2361 1954; x_wconf 82' lang='grc' dir='ltr'>ἀφεὶς</span> <span class='ocrx_word' id='word_1_419' title='bbox 2394 1885 2492 1955; x_wconf 82' lang='grc' dir='ltr'><strong>τὴν</strong></span> <span class='ocrx_word' id='word_1_420' title='bbox 2535 1885 2664 1956; x_wconf 73' lang='grc' dir='ltr'>περὶ</span> <span class='ocrx_word' id='word_1_421' title='bbox 2713 1885 2807 1936; x_wconf 89' lang='grc' dir='ltr'><strong>τοῦ</strong></span> <span class='ocrx_word' id='word_1_422' title='bbox 2855 1883 3053 1954; x_wconf 76' lang='grc' dir='ltr'>χρῆναι</span> <span class='ocrx_word' id='word_1_423' title='bbox 3105 1882 3320 1936; x_wconf 76' lang='grc' dir='ltr'>κτιστὸν</span> <span class='ocrx_word' id='word_1_424' title='bbox 3370 1882 3530 1935; x_wconf 82' lang='grc' dir='ltr'>αὐτὸν</span> <span class='ocrx_word' id='word_1_425' title='bbox 3578 1881 3784 1934; x_wconf 82' lang='grc' dir='ltr'>οἴεσθαι</span> 
     </span>
    </p>
   </div>
   <div class='ocr_carea' id='block_1_64' title="bbox 2202 1974 3784 2046">
    <p class='ocr_par' dir='ltr' id='par_1_64' title="bbox 2202 1974 3784 2046">
     <span class='ocr_line' id='line_1_64' title="bbox 2202 1974 3784 2046; baseline -0.004 -16"><span class='ocrx_word' id='word_1_426' title='bbox 2202 1977 2567 2046; x_wconf 79' lang='grc' dir='ltr'>κατασκευὴν,</span> <span class='ocrx_word' id='word_1_427' title='bbox 2589 1976 2658 2028; x_wconf 87' lang='grc' dir='ltr'>τὰ</span> <span class='ocrx_word' id='word_1_428' title='bbox 2690 1975 2887 2045; x_wconf 80' lang='grc' dir='ltr'>ἐφεξῆς</span> <span class='ocrx_word' id='word_1_429' title='bbox 2922 1975 3286 2044; x_wconf 82' lang='grc' dir='ltr'>διεξέρχεται·</span> <span class='ocrx_word' id='word_1_430' title='bbox 3321 1974 3399 2044; x_wconf 83' lang='grc' dir='ltr'>τῷ</span> <span class='ocrx_word' id='word_1_431' title='bbox 3431 1974 3784 2042; x_wconf 84' lang='grc' dir='ltr'>ἁνυποστάτῳ</span> 
     </span>
    </p>
   </div>
   <div class='ocr_carea' id='block_1_65' title="bbox 2202 2065 3779 2142">
    <p class='ocr_par' dir='ltr' id='par_1_65' title="bbox 2202 2065 3779 2142">
     <span class='ocr_line' id='line_1_65' title="bbox 2202 2065 3779 2142; baseline -0.004 -20"><span class='ocrx_word' id='word_1_432' title='bbox 2202 2070 2450 2142; x_wconf 80' lang='grc' dir='ltr'>λήμματι</span> <span class='ocrx_word' id='word_1_433' title='bbox 2482 2069 2580 2139; x_wconf 81' lang='grc' dir='ltr'>τὴν</span> <span class='ocrx_word' id='word_1_434' title='bbox 2613 2067 2719 2121; x_wconf 87' lang='grc' dir='ltr'>τῶν</span> <span class='ocrx_word' id='word_1_435' title='bbox 2765 2065 3042 2136; x_wconf 81' lang='grc' dir='ltr'>λογισμῶν</span> <span class='ocrx_word' id='word_1_436' title='bbox 3091 2065 3441 2118; x_wconf 82' lang='grc' dir='ltr'>ἀκολούθειαν</span> <span class='ocrx_word' id='word_1_437' title='bbox 3493 2065 3779 2136; x_wconf 78' lang='grc' dir='ltr'>ἁρμόζωνο</span> 
     </span>
    </p>
   </div>
   <div class='ocr_carea' id='block_1_66' title="bbox 2202 2157 3782 2230">
    <p class='ocr_par' dir='ltr' id='par_1_66' title="bbox 2202 2157 3782 2230">
     <span class='ocr_line' id='line_1_66' title="bbox 2202 2157 3782 2230; baseline -0.004 -14"><span class='ocrx_word' id='word_1_438' title='bbox 2202 2157 2310 2216; x_wconf 77' lang='grc' dir='ltr'>οἷόν</span> <span class='ocrx_word' id='word_1_439' title='bbox 2337 2179 2389 2214; x_wconf 90' lang='grc' dir='ltr'><strong>τι</strong></span> <span class='ocrx_word' id='word_1_440' title='bbox 2419 2161 2716 2230; x_wconf 78' lang='grc' dir='ltr'>πάσχουσιν</span> <span class='ocrx_word' id='word_1_441' title='bbox 2742 2161 2791 2212; x_wconf 91' lang='grc' dir='ltr'>οἱ</span> <span class='ocrx_word' id='word_1_442' title='bbox 2818 2161 2939 2221; x_wconf 83' lang='grc' dir='ltr'>ταῖς</span> <span class='ocrx_word' id='word_1_443' title='bbox 2984 2157 3242 2227; x_wconf 80' lang='grc' dir='ltr'>ματαίαις</span> <span class='ocrx_word' id='word_1_444' title='bbox 3271 2157 3590 2226; x_wconf 78' lang='grc' dir='ltr'>ἐπιθυμίαις</span> <span class='ocrx_word' id='word_1_445' title='bbox 3639 2158 3782 2210; x_wconf 73' lang='grc' dir='ltr'>κατὰ</span> 
     </span>
    </p>
   </div>
   <div class='ocr_carea' id='block_1_67' title="bbox 2200 2248 3784 2324">
    <p class='ocr_par' dir='ltr' id='par_1_67' title="bbox 2200 2248 3784 2324">
     <span class='ocr_line' id='line_1_67' title="bbox 2200 2248 3784 2324; baseline -0.004 -18"><span class='ocrx_word' id='word_1_446' title='bbox 2200 2253 2377 2324; x_wconf 72' lang='grc' dir='ltr'>ψυχὴν</span> <span class='ocrx_word' id='word_1_447' title='bbox 2417 2249 2888 2322; x_wconf 77' lang='grc' dir='ltr'>ὲμὸαθύνοντες,ἦ</span> <span class='ocrx_word' id='word_1_448' title='bbox 2924 2249 3060 2319; x_wconf 81' lang='grc' dir='ltr'>πρὸς</span> <span class='ocrx_word' id='word_1_449' title='bbox 3096 2248 3372 2319; x_wconf 86' lang='grc' dir='ltr'>βασιλείαν</span> <span class='ocrx_word' id='word_1_450' title='bbox 3401 2249 3433 2318; x_wconf 85' lang='grc' dir='ltr'>ἢ</span> <span class='ocrx_word' id='word_1_451' title='bbox 3474 2248 3610 2318; x_wconf 83' lang='grc' dir='ltr'>πρὸς</span> <span class='ocrx_word' id='word_1_452' title='bbox 3655 2249 3784 2301; x_wconf 80' lang='grc' dir='ltr'>ἄλλο</span> 
     </span>
    </p>
   </div>
   <div class='ocr_carea' id='block_1_68' title="bbox 2201 2340 3784 2413">
    <p class='ocr_par' dir='ltr' id='par_1_68' title="bbox 2201 2340 3784 2413">
     <span class='ocr_line' id='line_1_68' title="bbox 2201 2340 3784 2413; baseline -0.004 -14"><span class='ocrx_word' id='word_1_453' title='bbox 2201 2345 2375 2400; x_wconf 87' lang='grc' dir='ltr'>τιτῶν</span> <span class='ocrx_word' id='word_1_454' title='bbox 2402 2343 2850 2412; x_wconf 77' lang='grc' dir='ltr'>σπουδαζομένων</span> <span class='ocrx_word' id='word_1_455' title='bbox 2885 2343 3002 2402; x_wconf 83' lang='grc' dir='ltr'>ταῖς</span> <span class='ocrx_word' id='word_1_456' title='bbox 3028 2341 3257 2403; x_wconf 75' lang='grc' dir='ltr'>ἐννοίαις</span> <span class='ocrx_word' id='word_1_457' title='bbox 3282 2340 3638 2410; x_wconf 81' lang='grc' dir='ltr'>διαχεόμενοι.</span> <span class='ocrx_word' id='word_1_458' title='bbox 3671 2341 3784 2413; x_wconf 87' lang='grc' dir='ltr'>Οὐχ</span> 
     </span>
    </p>
   </div>
   <div class='ocr_carea' id='block_1_69' title="bbox 2201 2432 3785 2503">
    <p class='ocr_par' dir='ltr' id='par_1_69' title="bbox 2201 2432 3785 2503">
     <span class='ocr_line' id='line_1_69' title="bbox 2201 2432 3785 2503; baseline -0.003 -11"><span class='ocrx_word' id='word_1_459' title='bbox 2201 2439 2350 2500; x_wconf 83' lang='grc' dir='ltr'>ὅπως</span> <span class='ocrx_word' id='word_1_460' title='bbox 2368 2436 2435 2490; x_wconf 84' lang='grc' dir='ltr'>ἂν</span> <span class='ocrx_word' id='word_1_461' title='bbox 2450 2434 2657 2503; x_wconf 89' lang='grc' dir='ltr'>γένοιτό</span> <span class='ocrx_word' id='word_1_462' title='bbox 2673 2436 2852 2485; x_wconf 77' lang='grc' dir='ltr'>τιτῶν</span> <span class='ocrx_word' id='word_1_463' title='bbox 2886 2432 3332 2503; x_wconf 81' lang='grc' dir='ltr'>σπουδαζομένων</span> <span class='ocrx_word' id='word_1_464' title='bbox 3349 2434 3530 2495; x_wconf 86' lang='grc' dir='ltr'>αὐτοῖς</span> <span class='ocrx_word' id='word_1_465' title='bbox 3546 2434 3785 2488; x_wconf 81' lang='grc' dir='ltr'>ἐπινοοῦ-</span> 
     </span>
    </p>
   </div>
   <div class='ocr_carea' id='block_1_70' title="bbox 2203 2522 3786 2594">
    <p class='ocr_par' dir='ltr' id='par_1_70' title="bbox 2203 2522 3786 2594">
     <span class='ocr_line' id='line_1_70' title="bbox 2203 2522 3786 2594; baseline -0.003 -11"><span class='ocrx_word' id='word_1_466' title='bbox 2203 2549 2289 2584; x_wconf 89' lang='grc' dir='ltr'><strong>σιν</strong></span> <span class='ocrx_word' id='word_1_467' title='bbox 2309 2545 2324 2561; x_wconf 84' lang='grc'><strong>·</strong></span> <span class='ocrx_word' id='word_1_468' title='bbox 2345 2527 2458 2582; x_wconf 76' lang='grc' dir='ltr'>ἀλλ’</span> <span class='ocrx_word' id='word_1_469' title='bbox 2493 2527 2568 2590; x_wconf 84' lang='grc' dir='ltr'>ὡς</span> <span class='ocrx_word' id='word_1_470' title='bbox 2595 2524 2784 2578; x_wconf 87' lang='grc' dir='ltr'>τούτου</span> <span class='ocrx_word' id='word_1_471' title='bbox 2815 2525 3080 2594; x_wconf 86' lang='grc' dir='ltr'>παρόντος</span> <span class='ocrx_word' id='word_1_472' title='bbox 3097 2522 3424 2577; x_wconf 78' lang='grc' dir='ltr'>διατιθέασιν</span> <span class='ocrx_word' id='word_1_473' title='bbox 3447 2524 3658 2588; x_wconf 79' lang='grc' dir='ltr'>ἑαυτοῖς</span> <span class='ocrx_word' id='word_1_474' title='bbox 3688 2525 3786 2578; x_wconf 80' lang='grc' dir='ltr'>καὶ</span> 
     </span>
    </p>
   </div>
   <div class='ocr_carea' id='block_1_71' title="bbox 2201 2615 3786 2690">
    <p class='ocr_par' dir='ltr' id='par_1_71' title="bbox 2201 2615 3786 2690">
     <span class='ocr_line' id='line_1_71' title="bbox 2201 2615 3786 2690; baseline -0.003 -15"><span class='ocrx_word' id='word_1_475' title='bbox 2201 2618 2540 2690; x_wconf 81' lang='grc' dir='ltr'>οἰκονομοῦσι</span> <span class='ocrx_word' id='word_1_476' title='bbox 2593 2617 2728 2689; x_wconf 74' lang='grc' dir='ltr'>πρὸς</span> <span class='ocrx_word' id='word_1_477' title='bbox 2775 2616 2836 2669; x_wconf 84' lang='grc' dir='ltr'><strong>τὸ</strong></span> <span class='ocrx_word' id='word_1_478' title='bbox 2863 2615 3052 2669; x_wconf 80' lang='grc' dir='ltr'>δοκοῦν</span> <span class='ocrx_word' id='word_1_479' title='bbox 3081 2615 3142 2668; x_wconf 82' lang='grc' dir='ltr'><strong>τὸ</strong></span> <span class='ocrx_word' id='word_1_480' title='bbox 3181 2615 3484 2686; x_wconf 81' lang='grc' dir='ltr'>εὐτύχημα,</span> <span class='ocrx_word' id='word_1_481' title='bbox 3522 2615 3608 2670; x_wconf 85' lang='grc' dir='ltr'><strong>διά</strong></span> <span class='ocrx_word' id='word_1_482' title='bbox 3638 2635 3786 2678; x_wconf 84' lang='grc' dir='ltr'>τινος</span> 
     </span>
    </p>
   </div>
   <div class='ocr_carea' id='block_1_72' title="bbox 2203 2708 3784 2784">
    <p class='ocr_par' dir='ltr' id='par_1_72' title="bbox 2203 2708 3784 2784">
     <span class='ocr_line' id='line_1_72' title="bbox 2203 2708 3784 2784; baseline -0.001 -20"><span class='ocrx_word' id='word_1_483' title='bbox 2203 2712 2397 2784; x_wconf 77' lang='grc' dir='ltr'>ἡδονῆς</span> <span class='ocrx_word' id='word_1_484' title='bbox 2458 2712 2568 2772; x_wconf 85' lang='grc' dir='ltr'>τοῖς</span> <span class='ocrx_word' id='word_1_485' title='bbox 2636 2709 3005 2777; x_wconf 81' lang='grc' dir='ltr'>ἁνυπάρκτοις</span> <span class='ocrx_word' id='word_1_486' title='bbox 3067 2708 3535 2779; x_wconf 79' lang='grc' dir='ltr'>ἐπιπλανὼμενοι.</span> <span class='ocrx_word' id='word_1_487' title='bbox 3595 2708 3784 2772; x_wconf 84' lang='grc' dir='ltr'>Οῦτως</span> 
     </span>
    </p>
   </div>
   <div class='ocr_carea' id='block_1_73' title="bbox 2202 2799 3785 2876">
    <p class='ocr_par' dir='ltr' id='par_1_73' title="bbox 2202 2799 3785 2876">
     <span class='ocr_line' id='line_1_73' title="bbox 2202 2799 3785 2876; baseline -0.002 -20"><span class='ocrx_word' id='word_1_488' title='bbox 2202 2807 2334 2876; x_wconf 71' lang='grc' dir='ltr'>ἡμῖν</span> <span class='ocrx_word' id='word_1_489' title='bbox 2392 2801 2487 2856; x_wconf 76' lang='grc' dir='ltr'><strong>καὶ</strong></span> <span class='ocrx_word' id='word_1_490' title='bbox 2533 2802 2562 2854; x_wconf 84' lang='grc' dir='ltr'>ὁ</span> <span class='ocrx_word' id='word_1_491' title='bbox 2614 2799 2775 2866; x_wconf 73' lang='grc' dir='ltr'>σοφὸς</span> <span class='ocrx_word' id='word_1_492' title='bbox 2825 2799 3158 2869; x_wconf 81' lang='grc' dir='ltr'>λογογράφος</span> <span class='ocrx_word' id='word_1_493' title='bbox 3203 2800 3300 2870; x_wconf 80' lang='grc' dir='ltr'><strong>τὴν</strong></span> <span class='ocrx_word' id='word_1_494' title='bbox 3349 2799 3785 2870; x_wconf 84' lang='grc' dir='ltr'>πολυθρύλλητον</span> 
     </span>
    </p>
   </div>
   <div class='ocr_carea' id='block_1_74' title="bbox 2203 2891 3782 2968">
    <p class='ocr_par' dir='ltr' id='par_1_74' title="bbox 2203 2891 3782 2968">
     <span class='ocr_line' id='line_1_74' title="bbox 2203 2891 3782 2968; baseline -0.001 -20"><span class='ocrx_word' id='word_1_495' title='bbox 2203 2897 2398 2951; x_wconf 82' lang='grc' dir='ltr'>ἑαυτοῦ</span> <span class='ocrx_word' id='word_1_496' title='bbox 2447 2898 2790 2968; x_wconf 73' lang='grc' dir='ltr'>διαλεκτικὴν</span> <span class='ocrx_word' id='word_1_497' title='bbox 2843 2897 2941 2949; x_wconf 80' lang='grc' dir='ltr'><strong>οὐκ</strong></span> <span class='ocrx_word' id='word_1_498' title='bbox 2993 2891 3110 2950; x_wconf 83' lang='grc' dir='ltr'>οἶδα</span> <span class='ocrx_word' id='word_1_499' title='bbox 3165 2897 3299 2949; x_wconf 83' lang='grc' dir='ltr'>ὅπου</span> <span class='ocrx_word' id='word_1_500' title='bbox 3347 2898 3782 2965; x_wconf 86' lang='grc' dir='ltr'>κατακοιμήσας,</span> 
     </span>
    </p>
   </div>
   <div class='ocr_carea' id='block_1_75' title="bbox 2205 2987 3786 3062">
    <p class='ocr_par' dir='ltr' id='par_1_75' title="bbox 2205 2987 3786 3062">
     <span class='ocr_line' id='line_1_75' title="bbox 2205 2987 3786 3062; baseline -0.001 -20"><span class='ocrx_word' id='word_1_501' title='bbox 2205 2993 2334 3061; x_wconf 73' lang='grc' dir='ltr'>πρὶν</span> <span class='ocrx_word' id='word_1_502' title='bbox 2383 2990 2640 3062; x_wconf 82' lang='grc' dir='ltr'>ἀποδείξῃ</span> <span class='ocrx_word' id='word_1_503' title='bbox 2677 2992 2804 3060; x_wconf 71' lang='grc' dir='ltr'>περὶ</span> <span class='ocrx_word' id='word_1_504' title='bbox 2850 2988 2944 3041; x_wconf 88' lang='grc' dir='ltr'><strong>τοῦ</strong></span> <span class='ocrx_word' id='word_1_505' title='bbox 2979 2987 3340 3060; x_wconf 77' lang='grc' dir='ltr'>ζητουμένου,</span> <span class='ocrx_word' id='word_1_506' title='bbox 3393 2987 3644 3059; x_wconf 80' lang='grc' dir='ltr'>καθάπερ</span> <span class='ocrx_word' id='word_1_507' title='bbox 3673 2988 3786 3040; x_wconf 71' lang='grc' dir='ltr'>τισὶ</span> 
     </span>
    </p>
   </div>
   <div class='ocr_carea' id='block_1_76' title="bbox 2205 3079 3781 3152">
    <p class='ocr_par' dir='ltr' id='par_1_76' title="bbox 2205 3079 3781 3152">
     <span class='ocr_line' id='line_1_76' title="bbox 2205 3079 3781 3152; baseline -0.002 -19"><span class='ocrx_word' id='word_1_508' title='bbox 2205 3083 2436 3146; x_wconf 84' lang='grc' dir='ltr'>παιδίοις</span> <span class='ocrx_word' id='word_1_509' title='bbox 2465 3080 2930 3152; x_wconf 84' lang='grc' dir='ltr'>διαμυθολογεῖται</span> <span class='ocrx_word' id='word_1_510' title='bbox 2963 3081 3061 3152; x_wconf 84' lang='grc' dir='ltr'><strong>τὴν</strong></span> <span class='ocrx_word' id='word_1_511' title='bbox 3112 3079 3393 3150; x_wconf 79' lang='grc' dir='ltr'>ἀπατηλην</span> <span class='ocrx_word' id='word_1_512' title='bbox 3432 3080 3634 3149; x_wconf 87' lang='grc' dir='ltr'>ταύτην</span> <span class='ocrx_word' id='word_1_513' title='bbox 3685 3079 3781 3131; x_wconf 78' lang='grc' dir='ltr'><strong>καὶ</strong></span> 
     </span>
    </p>
   </div>
   <div class='ocr_carea' id='block_1_77' title="bbox 2130 3170 3782 3267">
    <p class='ocr_par' dir='ltr' id='par_1_77' title="bbox 2130 3170 3782 3267">
     <span class='ocr_line' id='line_1_77' title="bbox 2130 3170 3782 3267; baseline -0.002 -41"><span class='ocrx_word' id='word_1_514' title='bbox 2130 3171 2581 3267; x_wconf 62' lang='grc' dir='ltr'>ϐ’ὰκατάσκευον</span> <span class='ocrx_word' id='word_1_515' title='bbox 2617 3172 2713 3226; x_wconf 89' lang='grc' dir='ltr'><strong>τοῦ</strong></span> <span class='ocrx_word' id='word_1_516' title='bbox 2763 3172 2886 3225; x_wconf 73' lang='grc' dir='ltr'>καθ’</span> <span class='ocrx_word' id='word_1_517' title='bbox 2939 3171 3127 3225; x_wconf 83' lang='grc' dir='ltr'>ἐαυτὸν</span> <span class='ocrx_word' id='word_1_518' title='bbox 3176 3172 3444 3242; x_wconf 85' lang='grc' dir='ltr'>δόγματος</span> <span class='ocrx_word' id='word_1_519' title='bbox 3492 3170 3782 3240; x_wconf 80' lang='grc' dir='ltr'>φλυαρίαν,</span> 
     </span>
    </p>
   </div>
   <div class='ocr_carea' id='block_1_78' title="bbox 2205 3261 3788 3334">
    <p class='ocr_par' dir='ltr' id='par_1_78' title="bbox 2205 3261 3788 3334">
     <span class='ocr_line' id='line_1_78' title="bbox 2205 3261 3788 3334; baseline -0.004 -16"><span class='ocrx_word' id='word_1_520' title='bbox 2205 3261 2314 3318; x_wconf 72' lang='grc' dir='ltr'>οἷον</span> <span class='ocrx_word' id='word_1_521' title='bbox 2359 3265 2604 3333; x_wconf 76' lang='grc' dir='ltr'>διήγημα</span> <span class='ocrx_word' id='word_1_522' title='bbox 2649 3281 2700 3317; x_wconf 84' lang='grc' dir='ltr'><strong>τι</strong></span> <span class='ocrx_word' id='word_1_523' title='bbox 2749 3265 3027 3334; x_wconf 84' lang='grc' dir='ltr'>παροίνιον</span> <span class='ocrx_word' id='word_1_524' title='bbox 3072 3262 3435 3332; x_wconf 83' lang='grc' dir='ltr'>ἐκτιθέμενος.</span> <span class='ocrx_word' id='word_1_525' title='bbox 3475 3261 3636 3329; x_wconf 86' lang='grc' dir='ltr'>Λέγει</span> <span class='ocrx_word' id='word_1_526' title='bbox 3675 3261 3788 3332; x_wconf 76' lang='grc' dir='ltr'><strong>γάρ</strong></span> 
     </span>
    </p>
   </div>
   <div class='ocr_carea' id='block_1_79' title="bbox 2199 3350 3788 3427">
    <p class='ocr_par' dir='ltr' id='par_1_79' title="bbox 2199 3350 3788 3427">
     <span class='ocr_line' id='line_1_79' title="bbox 2199 3350 3788 3427; baseline -0.003 -19"><span class='ocrx_word' id='word_1_527' title='bbox 2199 3356 2298 3426; x_wconf 79' lang='grc' dir='ltr'><strong>τὴν</strong></span> <span class='ocrx_word' id='word_1_528' title='bbox 2344 3355 2594 3427; x_wconf 67' lang='grc' dir='ltr'>ἐνεργείᾳ.</span> <span class='ocrx_word' id='word_1_529' title='bbox 2641 3353 2734 3406; x_wconf 88' lang='grc' dir='ltr'><strong>τοῦ</strong></span> <span class='ocrx_word' id='word_1_530' title='bbox 2770 3353 2982 3424; x_wconf 84' lang='grc' dir='ltr'>Πατρὸς</span> <span class='ocrx_word' id='word_1_531' title='bbox 3028 3355 3340 3406; x_wconf 72' lang='grc' dir='ltr'>ὑποστάσαν</span> <span class='ocrx_word' id='word_1_532' title='bbox 3373 3352 3558 3404; x_wconf 85' lang='grc' dir='ltr'>οὐσίαν</span> <span class='ocrx_word' id='word_1_533' title='bbox 3637 3350 3788 3422; x_wconf 76' lang='grc' dir='ltr'>δέχεο</span> 
     </span>
    </p>
   </div>
   <div class='ocr_carea' id='block_1_80' title="bbox 2203 3443 3786 3517">
    <p class='ocr_par' dir='ltr' id='par_1_80' title="bbox 2203 3443 3786 3517">
     <span class='ocr_line' id='line_1_80' title="bbox 2203 3443 3786 3517; baseline -0.003 -17"><span class='ocrx_word' id='word_1_534' title='bbox 2203 3448 2326 3500; x_wconf 81' lang='grc' dir='ltr'>σθαι</span> <span class='ocrx_word' id='word_1_535' title='bbox 2353 3446 2450 3517; x_wconf 83' lang='grc' dir='ltr'>τὴν</span> <span class='ocrx_word' id='word_1_536' title='bbox 2479 3447 2571 3499; x_wconf 91' lang='grc' dir='ltr'><strong>τοῦ</strong></span> <span class='ocrx_word' id='word_1_537' title='bbox 2611 3447 2944 3517; x_wconf 80' lang='grc' dir='ltr'>γεννήματος</span> <span class='ocrx_word' id='word_1_538' title='bbox 2969 3446 3063 3499; x_wconf 73' lang='grc' dir='ltr'><strong>καὶ</strong></span> <span class='ocrx_word' id='word_1_539' title='bbox 3095 3447 3396 3516; x_wconf 72' lang='grc' dir='ltr'>ποιήματος</span> <span class='ocrx_word' id='word_1_540' title='bbox 3422 3445 3515 3497; x_wconf 72' lang='grc' dir='ltr'><strong>καὶ</strong></span> <span class='ocrx_word' id='word_1_541' title='bbox 3551 3443 3786 3514; x_wconf 86' lang='grc' dir='ltr'>κτίσμα-</span> 
     </span>
    </p>
   </div>
   <div class='ocr_carea' id='block_1_81' title="bbox 2200 3534 3788 3608">
    <p class='ocr_par' dir='ltr' id='par_1_81' title="bbox 2200 3534 3788 3608">
     <span class='ocr_line' id='line_1_81' title="bbox 2200 3534 3788 3608; baseline -0.003 -18"><span class='ocrx_word' id='word_1_542' title='bbox 2200 3557 2291 3602; x_wconf 85' lang='grc' dir='ltr'><strong>τος</strong></span> <span class='ocrx_word' id='word_1_543' title='bbox 2354 3537 2745 3608; x_wconf 77' lang='grc' dir='ltr'>προσηγορίαν.</span> <span class='ocrx_word' id='word_1_544' title='bbox 2823 3537 2917 3600; x_wconf 88' lang='grc' dir='ltr'><strong>Τίς</strong></span> <span class='ocrx_word' id='word_1_545' title='bbox 2982 3536 3231 3603; x_wconf 80' lang='grc' dir='ltr'>ἀπέδειξε</span> <span class='ocrx_word' id='word_1_546' title='bbox 3305 3536 3462 3602; x_wconf 79' lang='grc' dir='ltr'>λόγος</span> <span class='ocrx_word' id='word_1_547' title='bbox 3535 3534 3788 3606; x_wconf 78' lang='grc' dir='ltr'>ἐνεργείᾳ.</span> 
     </span>
    </p>
   </div>
   <div class='ocr_carea' id='block_1_82' title="bbox 2201 3623 3789 3699">
    <p class='ocr_par' dir='ltr' id='par_1_82' title="bbox 2201 3623 3789 3699">
     <span class='ocr_line' id='line_1_82' title="bbox 2201 3623 3789 3699; baseline -0.003 -17"><span class='ocrx_word' id='word_1_548' title='bbox 2201 3633 2307 3682; x_wconf 71' lang='grc' dir='ltr'>τινὶ</span> <span class='ocrx_word' id='word_1_549' title='bbox 2353 3630 2828 3699; x_wconf 79' lang='grc' dir='ltr'>κατασκευαστικῇ</span> <span class='ocrx_word' id='word_1_550' title='bbox 2890 3627 2980 3680; x_wconf 75' lang='grc' dir='ltr'><strong>τὸν</strong></span> <span class='ocrx_word' id='word_1_551' title='bbox 3035 3627 3164 3679; x_wconf 80' lang='grc' dir='ltr'>Υίδν</span> <span class='ocrx_word' id='word_1_552' title='bbox 3223 3626 3548 3694; x_wconf 75' lang='grc' dir='ltr'>ὑποστῆναι,</span> <span class='ocrx_word' id='word_1_553' title='bbox 3588 3623 3684 3694; x_wconf 79' lang='grc' dir='ltr'><strong>τὴν</strong></span> <span class='ocrx_word' id='word_1_554' title='bbox 3728 3623 3789 3677; x_wconf 81' lang='grc' dir='ltr'>δὲ</span> 
     </span>
    </p>
   </div>
   <div class='ocr_carea' id='block_1_83' title="bbox 2204 3716 3788 3792">
    <p class='ocr_par' dir='ltr' id='par_1_83' title="bbox 2204 3716 3788 3792">
     <span class='ocr_line' id='line_1_83' title="bbox 2204 3716 3788 3792; baseline -0.006 -16"><span class='ocrx_word' id='word_1_555' title='bbox 2204 3723 2364 3792; x_wconf 80' lang='grc' dir='ltr'>φύσιν</span> <span class='ocrx_word' id='word_1_556' title='bbox 2414 3722 2508 3774; x_wconf 83' lang='grc' dir='ltr'><strong>τοῦ</strong></span> <span class='ocrx_word' id='word_1_557' title='bbox 2545 3721 2754 3792; x_wconf 84' lang='grc' dir='ltr'>Πατρὸς</span> <span class='ocrx_word' id='word_1_558' title='bbox 2800 3721 3158 3791; x_wconf 86' lang='grc' dir='ltr'>ἀνενέργητον</span> <span class='ocrx_word' id='word_1_559' title='bbox 3214 3720 3288 3782; x_wconf 88' lang='grc' dir='ltr'>ὼς</span> <span class='ocrx_word' id='word_1_560' title='bbox 3336 3718 3471 3788; x_wconf 80' lang='grc' dir='ltr'>πρὸς</span> <span class='ocrx_word' id='word_1_561' title='bbox 3517 3717 3616 3785; x_wconf 84' lang='grc' dir='ltr'>τὴν</span> <span class='ocrx_word' id='word_1_562' title='bbox 3654 3716 3788 3768; x_wconf 84' lang='grc' dir='ltr'>ὑπό-</span> 
     </span>
    </p>
   </div>
   <div class='ocr_carea' id='block_1_84' title="bbox 2206 3808 3787 3880">
    <p class='ocr_par' dir='ltr' id='par_1_84' title="bbox 2206 3808 3787 3880">
     <span class='ocr_line' id='line_1_84' title="bbox 2206 3808 3787 3880; baseline -0.004 -16"><span class='ocrx_word' id='word_1_563' title='bbox 2206 3829 2392 3864; x_wconf 81' lang='grc' dir='ltr'>στασιν</span> <span class='ocrx_word' id='word_1_564' title='bbox 2445 3811 2540 3864; x_wconf 87' lang='grc' dir='ltr'><strong>τοῦ</strong></span> <span class='ocrx_word' id='word_1_565' title='bbox 2591 3812 2720 3863; x_wconf 85' lang='grc' dir='ltr'>Υίοῦ</span> <span class='ocrx_word' id='word_1_566' title='bbox 2778 3813 2996 3880; x_wconf 86' lang='grc' dir='ltr'>μεῖναι;</span> <span class='ocrx_word' id='word_1_567' title='bbox 3048 3809 3120 3862; x_wconf 83' lang='grc' dir='ltr'><strong>Τὸ</strong></span> <span class='ocrx_word' id='word_1_568' title='bbox 3165 3809 3272 3879; x_wconf 80' lang='grc' dir='ltr'>γὰρ</span> <span class='ocrx_word' id='word_1_569' title='bbox 3315 3808 3787 3878; x_wconf 72' lang='grc' dir='ltr'>ἀμφιϐαλλὸμενὸν</span> 
     </span>
    </p>
   </div>
   <div class='ocr_carea' id='block_1_85' title="bbox 2203 3897 3789 3974">
    <p class='ocr_par' dir='ltr' id='par_1_85' title="bbox 2203 3897 3789 3974">
     <span class='ocr_line' id='line_1_85' title="bbox 2203 3897 3789 3974; baseline -0.004 -17"><span class='ocrx_word' id='word_1_570' title='bbox 2203 3922 2261 3957; x_wconf 87' lang='grc' dir='ltr'><strong>τε</strong></span> <span class='ocrx_word' id='word_1_571' title='bbox 2297 3903 2390 3957; x_wconf 70' lang='grc' dir='ltr'><strong>καὶ</strong></span> <span class='ocrx_word' id='word_1_572' title='bbox 2420 3903 2773 3974; x_wconf 85' lang='grc' dir='ltr'>ζητούμενον,</span> <span class='ocrx_word' id='word_1_573' title='bbox 2804 3901 2960 3955; x_wconf 87' lang='grc' dir='ltr'>τοῦτο</span> <span class='ocrx_word' id='word_1_574' title='bbox 2989 3897 3055 3970; x_wconf 81' lang='grc' dir='ltr'>ἦν</span> <span class='ocrx_word' id='word_1_575' title='bbox 3080 3918 3092 3930; x_wconf 90' lang='grc'><strong>·</strong></span> <span class='ocrx_word' id='word_1_576' title='bbox 3142 3900 3251 3953; x_wconf 76' lang='grc' dir='ltr'>εἴτε</span> <span class='ocrx_word' id='word_1_577' title='bbox 3283 3903 3314 3970; x_wconf 79' lang='grc' dir='ltr'>ἡ</span> <span class='ocrx_word' id='word_1_578' title='bbox 3357 3900 3513 3953; x_wconf 88' lang='grc' dir='ltr'>οὐσία</span> <span class='ocrx_word' id='word_1_579' title='bbox 3544 3899 3636 3951; x_wconf 91' lang='grc' dir='ltr'><strong>τοῦ</strong></span> <span class='ocrx_word' id='word_1_580' title='bbox 3677 3899 3789 3950; x_wconf 87' lang='grc' dir='ltr'><strong>Πα-</strong></span> 
     </span>
    </p>
   </div>
   <div class='ocr_carea' id='block_1_86' title="bbox 2204 3992 3789 4069">
    <p class='ocr_par' dir='ltr' id='par_1_86' title="bbox 2204 3992 3789 4069">
     <span class='ocr_line' id='line_1_86' title="bbox 2204 3992 3789 4069; baseline -0.006 -19"><span class='ocrx_word' id='word_1_581' title='bbox 2204 3997 2328 4069; x_wconf 82' lang='grc' dir='ltr'>τρὸς</span> <span class='ocrx_word' id='word_1_582' title='bbox 2359 3997 2617 4066; x_wconf 76' lang='grc' dir='ltr'>ἐγέννησε</span> <span class='ocrx_word' id='word_1_583' title='bbox 2645 3995 2736 4047; x_wconf 85' lang='grc' dir='ltr'><strong>τὸν</strong></span> <span class='ocrx_word' id='word_1_584' title='bbox 2783 3993 2933 4057; x_wconf 78' lang='grc' dir='ltr'>Υίὺν,</span> <span class='ocrx_word' id='word_1_585' title='bbox 2963 3992 3072 4045; x_wconf 75' lang='grc' dir='ltr'>εἴτε</span> <span class='ocrx_word' id='word_1_586' title='bbox 3110 4011 3162 4045; x_wconf 88' lang='grc' dir='ltr'><strong>τι</strong></span> <span class='ocrx_word' id='word_1_587' title='bbox 3187 3992 3294 4044; x_wconf 86' lang='grc' dir='ltr'><strong>τῶν</strong></span> <span class='ocrx_word' id='word_1_588' title='bbox 3323 3992 3518 4058; x_wconf 79' lang='grc' dir='ltr'>ἔξωθεν</span> <span class='ocrx_word' id='word_1_589' title='bbox 3545 4007 3789 4062; x_wconf 86' lang='grc' dir='ltr'>παρεπο-</span> 
     </span>
    </p>
   </div>
   <div class='ocr_carea' id='block_1_87' title="bbox 2209 4081 3788 4161">
    <p class='ocr_par' dir='ltr' id='par_1_87' title="bbox 2209 4081 3788 4161">
     <span class='ocr_line' id='line_1_87' title="bbox 2209 4081 3788 4161; baseline -0.007 -18"><span class='ocrx_word' id='word_1_590' title='bbox 2209 4089 2406 4161; x_wconf 83' lang='grc' dir='ltr'>μένων,</span> <span class='ocrx_word' id='word_1_591' title='bbox 2438 4091 2504 4160; x_wconf 83' lang='grc' dir='ltr'><strong>τῇ</strong></span> <span class='ocrx_word' id='word_1_592' title='bbox 2542 4087 2698 4157; x_wconf 83' lang='grc' dir='ltr'>φύσει</span> <span class='ocrx_word' id='word_1_593' title='bbox 2732 4085 2918 4139; x_wconf 88' lang='grc' dir='ltr'>τοῦτον</span> <span class='ocrx_word' id='word_1_594' title='bbox 2953 4085 3264 4154; x_wconf 76' lang='grc' dir='ltr'>εἰργάσατο.</span> <span class='ocrx_word' id='word_1_595' title='bbox 3303 4084 3412 4153; x_wconf 86' lang='grc' dir='ltr'>Τῆς</span> <span class='ocrx_word' id='word_1_596' title='bbox 3442 4081 3619 4136; x_wconf 88' lang='grc' dir='ltr'>τοίνυν</span> <span class='ocrx_word' id='word_1_597' title='bbox 3659 4081 3788 4132; x_wconf 81' lang='grc' dir='ltr'><strong>Ἐκ·-</strong></span> 
     </span>
    </p>
   </div>
   <div class='ocr_carea' id='block_1_88' title="bbox 2207 4171 3789 4252">
    <p class='ocr_par' dir='ltr' id='par_1_88' title="bbox 2207 4171 3789 4252">
     <span class='ocr_line' id='line_1_88' title="bbox 2207 4171 3789 4252; baseline -0.009 -16"><span class='ocrx_word' id='word_1_598' title='bbox 2207 4182 2434 4252; x_wconf 85' lang='grc' dir='ltr'>κλησίας</span> <span class='ocrx_word' id='word_1_599' title='bbox 2488 4180 2628 4234; x_wconf 72' lang='grc' dir='ltr'>κατὰ</span> <span class='ocrx_word' id='word_1_600' title='bbox 2672 4179 2772 4250; x_wconf 82' lang='grc' dir='ltr'>τὴν</span> <span class='ocrx_word' id='word_1_601' title='bbox 2826 4177 2976 4231; x_wconf 82' lang='grc' dir='ltr'>θείαν</span> <span class='ocrx_word' id='word_1_602' title='bbox 3021 4175 3366 4230; x_wconf 83' lang='grc' dir='ltr'>διδασκαλίαν</span> <span class='ocrx_word' id='word_1_603' title='bbox 3401 4174 3614 4244; x_wconf 81' lang='grc' dir='ltr'>άληθῶς</span> <span class='ocrx_word' id='word_1_604' title='bbox 3656 4171 3789 4223; x_wconf 83' lang='grc' dir='ltr'>Θεὸν</span> 
     </span>
    </p>
   </div>
   <div class='ocr_carea' id='block_1_89' title="bbox 2206 4262 3791 4340">
    <p class='ocr_par' dir='ltr' id='par_1_89' title="bbox 2206 4262 3791 4340">
     <span class='ocr_line' id='line_1_89' title="bbox 2206 4262 3791 4340; baseline -0.008 -14"><span class='ocrx_word' id='word_1_605' title='bbox 2206 4270 2344 4327; x_wconf 77' lang='grc' dir='ltr'>εἶναι</span> <span class='ocrx_word' id='word_1_606' title='bbox 2394 4272 2482 4324; x_wconf 84' lang='grc' dir='ltr'><strong>τὸν</strong></span> <span class='ocrx_word' id='word_1_607' title='bbox 2538 4269 2818 4340; x_wconf 86' lang='grc' dir='ltr'>Μονογενῆ</span> <span class='ocrx_word' id='word_1_608' title='bbox 2865 4267 3246 4334; x_wconf 79' lang='grc' dir='ltr'>πιστευούσης,</span> <span class='ocrx_word' id='word_1_609' title='bbox 3279 4265 3378 4336; x_wconf 75' lang='grc' dir='ltr'><strong>τὴν</strong></span> <span class='ocrx_word' id='word_1_610' title='bbox 3427 4265 3484 4316; x_wconf 79' lang='grc' dir='ltr'><strong>δὲ</strong></span> <span class='ocrx_word' id='word_1_611' title='bbox 3532 4262 3791 4315; x_wconf 84' lang='grc' dir='ltr'>πολύθεον</span> 
     </span>
    </p>
   </div>
   <div class='ocr_carea' id='block_1_90' title="bbox 2207 4353 3792 4430">
    <p class='ocr_par' dir='ltr' id='par_1_90' title="bbox 2207 4353 3792 4430">
     <span class='ocr_line' id='line_1_90' title="bbox 2207 4353 3792 4430; baseline -0.007 -16"><span class='ocrx_word' id='word_1_612' title='bbox 2207 4361 2625 4430; x_wconf 85' lang='grc' dir='ltr'>δεισιδαιμονίαν</span> <span class='ocrx_word' id='word_1_613' title='bbox 2677 4359 3139 4430; x_wconf 84' lang='grc' dir='ltr'>βδελυσσομένης,</span> <span class='ocrx_word' id='word_1_614' title='bbox 3200 4357 3292 4409; x_wconf 72' lang='grc' dir='ltr'><strong>καὶ</strong></span> <span class='ocrx_word' id='word_1_615' title='bbox 3350 4355 3437 4408; x_wconf 77' lang='grc' dir='ltr'><strong>διά</strong></span> <span class='ocrx_word' id='word_1_616' title='bbox 3489 4353 3643 4406; x_wconf 87' lang='grc' dir='ltr'>τοῦτο</span> <span class='ocrx_word' id='word_1_617' title='bbox 3691 4353 3792 4422; x_wconf 76' lang='grc' dir='ltr'>τὴν</span> 
     </span>
    </p>
   </div>
   <div class='ocr_carea' id='block_1_91' title="bbox 2207 4443 3793 4522">
    <p class='ocr_par' dir='ltr' id='par_1_91' title="bbox 2207 4443 3793 4522">
     <span class='ocr_line' id='line_1_91' title="bbox 2207 4443 3793 4522; baseline -0.006 -17"><span class='ocrx_word' id='word_1_618' title='bbox 2207 4453 2316 4506; x_wconf 85' lang='grc' dir='ltr'>τῶν</span> <span class='ocrx_word' id='word_1_619' title='bbox 2350 4453 2565 4522; x_wconf 60' lang='grc' dir='ltr'>φύσεων</span> <span class='ocrx_word' id='word_1_620' title='bbox 2609 4451 2870 4522; x_wconf 71' lang='grc' dir='ltr'>διαφορὰν</span> <span class='ocrx_word' id='word_1_621' title='bbox 2897 4451 2958 4503; x_wconf 85' lang='grc' dir='ltr'><strong>οὐ</strong></span> <span class='ocrx_word' id='word_1_622' title='bbox 3005 4448 3463 4522; x_wconf 75' lang='grc' dir='ltr'>προσδεχομένης,</span> <span class='ocrx_word' id='word_1_623' title='bbox 3494 4445 3568 4508; x_wconf 82' lang='grc' dir='ltr'>ὡς</span> <span class='ocrx_word' id='word_1_624' title='bbox 3602 4445 3667 4498; x_wconf 84' lang='grc' dir='ltr'><strong>ἂν</strong></span> <span class='ocrx_word' id='word_1_625' title='bbox 3715 4443 3793 4514; x_wconf 79' lang='grc' dir='ltr'>μὴ</span> 
     </span>
    </p>
   </div>
   <div class='ocr_carea' id='block_1_92' title="bbox 526 4537 2104 4620">
    <p class='ocr_par' dir='ltr' id='par_1_92' title="bbox 526 4537 2104 4610">
     <span class='ocr_line' id='line_1_92' title="bbox 526 4537 2104 4610; baseline -0.003 -15"><span class='ocrx_word' id='word_1_626' title='bbox 526 4541 728 4604; x_wconf 83' lang='lat' dir='ltr'><strong>batur,</strong></span> <span class='ocrx_word' id='word_1_627' title='bbox 775 4549 830 4592; x_wconf 84' lang='lat' dir='ltr'><strong>et</strong></span> <span class='ocrx_word' id='word_1_628' title='bbox 875 4537 1022 4610; x_wconf 88' lang='lat' dir='ltr'><strong>quod</strong></span> <span class='ocrx_word' id='word_1_629' title='bbox 1075 4537 1462 4606; x_wconf 72' lang='lat' dir='ltr'><strong>qumrebatur,</strong></span> <span class='ocrx_word' id='word_1_630' title='bbox 1521 4549 1700 4592; x_wconf 90' lang='lat' dir='ltr'><strong>utrum</strong></span> <span class='ocrx_word' id='word_1_631' title='bbox 1752 4537 2104 4592; x_wconf 88' lang='lat' dir='ltr'><strong>subsistentia</strong></span> 
     </span>
    </p>
   </div>
   <div class='ocr_carea' id='block_1_93' title="bbox 2204 4537 3793 4620">
    <p class='ocr_par' dir='ltr' id='par_1_93' title="bbox 2211 4537 3793 4616">
     <span class='ocr_line' id='line_1_93' title="bbox 2211 4537 3793 4616; baseline -0.008 -16"><span class='ocrx_word' id='word_1_632' title='bbox 2211 4549 2275 4616; x_wconf 86' lang='grc' dir='ltr'>τῇ</span> <span class='ocrx_word' id='word_1_633' title='bbox 2309 4544 2632 4616; x_wconf 84' lang='grc' dir='ltr'>παραλλαγῇ</span> <span class='ocrx_word' id='word_1_634' title='bbox 2663 4543 2770 4596; x_wconf 82' lang='grc' dir='ltr'>τῶν</span> <span class='ocrx_word' id='word_1_635' title='bbox 2803 4543 3000 4595; x_wconf 80' lang='grc' dir='ltr'>οὐσιῶν</span> <span class='ocrx_word' id='word_1_636' title='bbox 3031 4542 3135 4595; x_wconf 79' lang='grc' dir='ltr'>ὐπὸ</span> <span class='ocrx_word' id='word_1_637' title='bbox 3169 4540 3400 4610; x_wconf 74' lang='grc' dir='ltr'>ἀριθμὸν</span> <span class='ocrx_word' id='word_1_638' title='bbox 3431 4539 3486 4592; x_wconf 83' lang='grc' dir='ltr'>αἱ</span> <span class='ocrx_word' id='word_1_639' title='bbox 3517 4537 3793 4606; x_wconf 84' lang='grc' dir='ltr'>θειότητες</span> 
     </span>
    </p>
   </div>
   <div class='ocr_carea' id='block_1_94' title="bbox 525 4619 2108 4698">
    <p class='ocr_par' dir='ltr' id='par_1_94' title="bbox 525 4619 2108 4698">
     <span class='ocr_line' id='line_1_94' title="bbox 525 4619 2108 4698; baseline 0.001 -16"><span class='ocrx_word' id='word_1_640' title='bbox 525 4627 705 4684; x_wconf 80' lang='lat' dir='ltr'><strong>Patris</strong></span> <span class='ocrx_word' id='word_1_641' title='bbox 764 4625 962 4681; x_wconf 84' lang='lat' dir='ltr'><strong>Filium</strong></span> <span class='ocrx_word' id='word_1_642' title='bbox 1019 4619 1251 4697; x_wconf 80' lang='lat' dir='ltr'><strong>genuit,</strong></span> <span class='ocrx_word' id='word_1_643' title='bbox 1313 4636 1498 4682; x_wconf 89' lang='lat' dir='ltr'><strong>utrum</strong></span> <span class='ocrx_word' id='word_1_644' title='bbox 1557 4630 1688 4698; x_wconf 90' lang='lat' dir='ltr'><strong>quid</strong></span> <span class='ocrx_word' id='word_1_645' title='bbox 1742 4645 1930 4683; x_wconf 87' lang='lat' dir='ltr'><strong>eorum</strong></span> <span class='ocrx_word' id='word_1_646' title='bbox 1986 4645 2108 4698; x_wconf 77' lang='lat' dir='ltr'><strong>qua:</strong></span> 
     </span>
    </p>
   </div>
   <div class='ocr_carea' id='block_1_95' title="bbox 525 4721 2107 4788">
    <p class='ocr_par' dir='ltr' id='par_1_95' title="bbox 525 4721 2107 4788">
     <span class='ocr_line' id='line_1_95' title="bbox 525 4721 2107 4788; baseline 0.001 -13"><span class='ocrx_word' id='word_1_647' title='bbox 525 4722 875 4776; x_wconf 76' lang='lat' dir='ltr'><strong>extrinsecus</strong></span> <span class='ocrx_word' id='word_1_648' title='bbox 905 4722 1244 4774; x_wconf 88' lang='lat' dir='ltr'><strong>comitantur</strong></span> <span class='ocrx_word' id='word_1_649' title='bbox 1275 4735 1548 4784; x_wconf 79' lang='lat' dir='ltr'><strong>naturam,</strong></span> <span class='ocrx_word' id='word_1_650' title='bbox 1597 4722 1742 4775; x_wconf 89' lang='lat' dir='ltr'><strong>hunc</strong></span> <span class='ocrx_word' id='word_1_651' title='bbox 1776 4721 1924 4776; x_wconf 84' lang='lat' dir='ltr'><strong>fecit.</strong></span> <span class='ocrx_word' id='word_1_652' title='bbox 1956 4722 2107 4788; x_wconf 87' lang='lat' dir='ltr'><strong>Quo-</strong></span> 
     </span>
    </p>
   </div>
   <div class='ocr_carea' id='block_1_96' title="bbox 528 4812 2108 4885">
    <p class='ocr_par' dir='ltr' id='par_1_96' title="bbox 528 4812 2108 4885">
     <span class='ocr_line' id='line_1_96' title="bbox 528 4812 2108 4885; baseline 0 -17"><span class='ocrx_word' id='word_1_653' title='bbox 528 4818 676 4868; x_wconf 91' lang='lat' dir='ltr'><strong>niam</strong></span> <span class='ocrx_word' id='word_1_654' title='bbox 722 4815 891 4885; x_wconf 86' lang='lat' dir='ltr'><strong>igitur</strong></span> <span class='ocrx_word' id='word_1_655' title='bbox 923 4812 1166 4869; x_wconf 85' lang='lat' dir='ltr'><strong>Ecclesia</strong></span> <span class='ocrx_word' id='word_1_656' title='bbox 1213 4813 1400 4868; x_wconf 86' lang='lat' dir='ltr'><strong>diviua</strong></span> <span class='ocrx_word' id='word_1_657' title='bbox 1429 4813 1679 4869; x_wconf 90' lang='lat' dir='ltr'><strong>doctrina</strong></span> <span class='ocrx_word' id='word_1_658' title='bbox 1724 4816 1938 4868; x_wconf 88' lang='lat' dir='ltr'><strong>erudita</strong></span> <span class='ocrx_word' id='word_1_659' title='bbox 1974 4814 2108 4869; x_wconf 87' lang='lat' dir='ltr'><strong>Uni-</strong></span> 
     </span>
    </p>
   </div>
   <div class='ocr_carea' id='block_1_97' title="bbox 528 4904 2111 4974">
    <p class='ocr_par' dir='ltr' id='par_1_97' title="bbox 528 4904 2111 4974">
     <span class='ocr_line' id='line_1_97' title="bbox 528 4904 2111 4974; baseline 0 -14"><span class='ocrx_word' id='word_1_660' title='bbox 528 4906 773 4974; x_wconf 83' lang='lat' dir='ltr'><strong>genitum</strong></span> <span class='ocrx_word' id='word_1_661' title='bbox 813 4904 994 4958; x_wconf 90' lang='lat' dir='ltr'><strong>credit</strong></span> <span class='ocrx_word' id='word_1_662' title='bbox 1017 4920 1146 4960; x_wconf 86' lang='lat' dir='ltr'><strong>vere</strong></span> <span class='ocrx_word' id='word_1_663' title='bbox 1176 4920 1300 4960; x_wconf 89' lang='lat' dir='ltr'><strong>esse</strong></span> <span class='ocrx_word' id='word_1_664' title='bbox 1345 4905 1536 4970; x_wconf 88' lang='lat' dir='ltr'><strong>Deum,</strong></span> <span class='ocrx_word' id='word_1_665' title='bbox 1575 4914 1631 4960; x_wconf 91' lang='lat' dir='ltr'><strong>et</strong></span> <span class='ocrx_word' id='word_1_666' title='bbox 1669 4905 1896 4961; x_wconf 90' lang='lat' dir='ltr'><strong>deorum</strong></span> <span class='ocrx_word' id='word_1_667' title='bbox 1925 4907 2111 4960; x_wconf 80' lang='lat' dir='ltr'><strong>multi-‘-</strong></span> 
     </span>
    </p>
   </div>
   <div class='ocr_carea' id='block_1_98' title="bbox 531 4998 2110 5069">
    <p class='ocr_par' dir='ltr' id='par_1_98' title="bbox 531 4998 2110 5069">
     <span class='ocr_line' id='line_1_98' title="bbox 531 4998 2110 5069; baseline 0.002 -19"><span class='ocrx_word' id='word_1_668' title='bbox 531 4998 778 5054; x_wconf 89' lang='lat' dir='ltr'><strong>tudiuem</strong></span> <span class='ocrx_word' id='word_1_669' title='bbox 808 4998 1184 5061; x_wconf 86' lang='lat' dir='ltr'><strong>abominatur,</strong></span> <span class='ocrx_word' id='word_1_670' title='bbox 1217 5005 1273 5053; x_wconf 92' lang='lat' dir='ltr'><strong>et</strong></span> <span class='ocrx_word' id='word_1_671' title='bbox 1310 5006 1598 5069; x_wconf 83' lang='lat' dir='ltr'><strong>prepterea</strong></span> <span class='ocrx_word' id='word_1_672' title='bbox 1631 5008 1953 5052; x_wconf 90' lang='lat' dir='ltr'><strong>naturarum</strong></span> <span class='ocrx_word' id='word_1_673' title='bbox 1993 5000 2110 5053; x_wconf 90' lang='lat' dir='ltr'><strong>dis-</strong></span> 
     </span>
    </p>
   </div>
   <div class='ocr_carea' id='block_1_99' title="bbox 530 5090 2112 5156">
    <p class='ocr_par' dir='ltr' id='par_1_99' title="bbox 530 5090 2112 5156">
     <span class='ocr_line' id='line_1_99' title="bbox 530 5090 2112 5156; baseline 0 -11"><span class='ocrx_word' id='word_1_674' title='bbox 530 5091 742 5145; x_wconf 82' lang='lat' dir='ltr'><strong>crimen</strong></span> <span class='ocrx_word' id='word_1_675' title='bbox 803 5107 914 5145; x_wconf 88' lang='lat' dir='ltr'><strong>non</strong></span> <span class='ocrx_word' id='word_1_676' title='bbox 950 5092 1226 5156; x_wconf 81' lang='lat' dir='ltr'><strong>admittit,</strong></span> <span class='ocrx_word' id='word_1_677' title='bbox 1275 5107 1344 5144; x_wconf 89' lang='lat' dir='ltr'><strong>ne</strong></span> <span class='ocrx_word' id='word_1_678' title='bbox 1386 5092 1758 5145; x_wconf 86' lang='lat' dir='ltr'><strong>essentiarum</strong></span> <span class='ocrx_word' id='word_1_679' title='bbox 1804 5090 2112 5147; x_wconf 79' lang='lat' dir='ltr'><strong>differentia</strong></span> 
     </span>
    </p>
   </div>
   <div class='ocr_carea' id='block_1_100' title="bbox 531 5183 2111 5254">
    <p class='ocr_par' dir='ltr' id='par_1_100' title="bbox 531 5183 2111 5254">
     <span class='ocr_line' id='line_1_100' title="bbox 531 5183 2111 5254; baseline 0.001 -18"><span class='ocrx_word' id='word_1_680' title='bbox 531 5185 586 5237; x_wconf 85' lang='lat' dir='ltr'><strong>in</strong></span> <span class='ocrx_word' id='word_1_681' title='bbox 632 5200 922 5240; x_wconf 60' lang='lat' dir='ltr'><strong>nunerum</strong></span> <span class='ocrx_word' id='word_1_682' title='bbox 977 5185 1294 5239; x_wconf 88' lang='lat' dir='ltr'><strong>divinitates</strong></span> <span class='ocrx_word' id='word_1_683' title='bbox 1336 5183 1614 5238; x_wconf 82' lang='lat' dir='ltr'><strong>incidant.</strong></span> <span class='ocrx_word' id='word_1_684' title='bbox 1670 5183 1827 5250; x_wconf 81' lang='lat' dir='ltr'><strong>Quod</strong></span> <span class='ocrx_word' id='word_1_685' title='bbox 1891 5184 2111 5254; x_wconf 89' lang='lat' dir='ltr'><strong>quidem</strong></span> 
     </span>
    </p>
   </div>
   <div class='ocr_carea' id='block_1_101' title="bbox 532 5276 2114 5347">
    <p class='ocr_par' dir='ltr' id='par_1_101' title="bbox 532 5276 2114 5347">
     <span class='ocr_line' id='line_1_101' title="bbox 532 5276 2114 5347; baseline 0.001 -18"><span class='ocrx_word' id='word_1_686' title='bbox 532 5292 639 5330; x_wconf 89' lang='lat' dir='ltr'><strong>non</strong></span> <span class='ocrx_word' id='word_1_687' title='bbox 671 5287 754 5332; x_wconf 87' lang='lat' dir='ltr'><strong>est</strong></span> <span class='ocrx_word' id='word_1_688' title='bbox 784 5276 931 5331; x_wconf 88' lang='lat' dir='ltr'><strong>aliud</strong></span> <span class='ocrx_word' id='word_1_689' title='bbox 963 5291 1128 5347; x_wconf 87' lang='lat' dir='ltr'><strong>quam</strong></span> <span class='ocrx_word' id='word_1_690' title='bbox 1159 5276 1385 5332; x_wconf 89' lang='lat' dir='ltr'><strong>deorum</strong></span> <span class='ocrx_word' id='word_1_691' title='bbox 1419 5278 1630 5330; x_wconf 86' lang='lat' dir='ltr'><strong>turbam</strong></span> <span class='ocrx_word' id='word_1_692' title='bbox 1671 5278 1725 5330; x_wconf 91' lang='lat' dir='ltr'><strong>in</strong></span> <span class='ocrx_word' id='word_1_693' title='bbox 1753 5278 1918 5330; x_wconf 90' lang='lat' dir='ltr'><strong>vitam</strong></span> <span class='ocrx_word' id='word_1_694' title='bbox 1950 5277 2114 5332; x_wconf 84' lang='lat' dir='ltr'><strong>indu-</strong></span> 
     </span>
    </p>
   </div>
   <div class='ocr_carea' id='block_1_102' title="bbox 531 5367 2110 5441">
    <p class='ocr_par' dir='ltr' id='par_1_102' title="bbox 531 5367 2110 5441">
     <span class='ocr_line' id='line_1_102' title="bbox 531 5367 2110 5441; baseline 0 -18"><span class='ocrx_word' id='word_1_695' title='bbox 531 5384 675 5423; x_wconf 82' lang='lat' dir='ltr'><strong>cere.</strong></span> <span class='ocrx_word' id='word_1_696' title='bbox 707 5367 830 5424; x_wconf 65' lang='lat' dir='ltr'><strong>llaec</strong></span> <span class='ocrx_word' id='word_1_697' title='bbox 853 5369 1020 5441; x_wconf 87' lang='lat' dir='ltr'><strong>igitur</strong></span> <span class='ocrx_word' id='word_1_698' title='bbox 1057 5367 1308 5423; x_wconf 87' lang='lat' dir='ltr'><strong>Ecclesia</strong></span> <span class='ocrx_word' id='word_1_699' title='bbox 1361 5385 1485 5422; x_wconf 90' lang='lat' dir='ltr'><strong>cum</strong></span> <span class='ocrx_word' id='word_1_700' title='bbox 1523 5369 1865 5440; x_wconf 88' lang='lat' dir='ltr'><strong>populariter</strong></span> <span class='ocrx_word' id='word_1_701' title='bbox 1899 5371 2110 5435; x_wconf 88' lang='lat' dir='ltr'><strong>doceat,</strong></span> 
     </span>
    </p>
   </div>
   <div class='ocr_carea' id='block_1_103' title="bbox 533 5459 2113 5532">
    <p class='ocr_par' dir='ltr' id='par_1_103' title="bbox 533 5459 2113 5532">
     <span class='ocr_line' id='line_1_103' title="bbox 533 5459 2113 5532; baseline -0.001 -17"><span class='ocrx_word' id='word_1_702' title='bbox 533 5463 678 5532; x_wconf 79' lang='lat' dir='ltr'><strong>quod</strong></span> <span class='ocrx_word' id='word_1_703' title='bbox 702 5477 766 5515; x_wconf 82' lang='lat' dir='ltr'><strong>ex</strong></span> <span class='ocrx_word' id='word_1_704' title='bbox 815 5461 1054 5516; x_wconf 89' lang='lat' dir='ltr'><strong>essentia</strong></span> <span class='ocrx_word' id='word_1_705' title='bbox 1107 5461 1224 5514; x_wconf 89' lang='lat' dir='ltr'><strong>veri</strong></span> <span class='ocrx_word' id='word_1_706' title='bbox 1273 5459 1390 5526; x_wconf 90' lang='lat' dir='ltr'><strong>Dei,</strong></span> <span class='ocrx_word' id='word_1_707' title='bbox 1428 5477 1596 5516; x_wconf 84' lang='lat' dir='ltr'><strong>verus</strong></span> <span class='ocrx_word' id='word_1_708' title='bbox 1631 5459 1775 5516; x_wconf 88' lang='lat' dir='ltr'><strong>Deus</strong></span> <span class='ocrx_word' id='word_1_709' title='bbox 1807 5463 2113 5517; x_wconf 90' lang='lat' dir='ltr'><strong>secundum</strong></span> 
     </span>
    </p>
   </div>
   <div class='ocr_carea' id='block_1_104' title="bbox 531 5551 2113 5624">
    <p class='ocr_par' dir='ltr' id='par_1_104' title="bbox 531 5551 2113 5624">
     <span class='ocr_line' id='line_1_104' title="bbox 531 5551 2113 5624; baseline 0.001 -19"><span class='ocrx_word' id='word_1_710' title='bbox 531 5553 826 5606; x_wconf 82' lang='lat' dir='ltr'><strong>essentiam</strong></span> <span class='ocrx_word' id='word_1_711' title='bbox 873 5551 1209 5622; x_wconf 87' lang='lat' dir='ltr'><strong>Unigenitus</strong></span> <span class='ocrx_word' id='word_1_712' title='bbox 1270 5563 1354 5606; x_wconf 90' lang='lat' dir='ltr'><strong>est</strong></span> <span class='ocrx_word' id='word_1_713' title='bbox 1399 5551 1564 5607; x_wconf 85' lang='lat' dir='ltr'><strong>Deus.</strong></span> <span class='ocrx_word' id='word_1_714' title='bbox 1600 5551 1736 5606; x_wconf 91' lang='lat' dir='ltr'><strong>Eum</strong></span> <span class='ocrx_word' id='word_1_715' title='bbox 1784 5562 1965 5608; x_wconf 88' lang='lat' dir='ltr'><strong>autem</strong></span> <span class='ocrx_word' id='word_1_716' title='bbox 2021 5554 2113 5624; x_wconf 93' lang='lat' dir='ltr'><strong>qui</strong></span> 
     </span>
    </p>
   </div>
   <div class='ocr_carea' id='block_1_105' title="bbox 534 5643 2117 5717">
    <p class='ocr_par' dir='ltr' id='par_1_105' title="bbox 534 5643 2117 5717">
     <span class='ocr_line' id='line_1_105' title="bbox 534 5643 2117 5717; baseline 0.003 -20"><span class='ocrx_word' id='word_1_717' title='bbox 534 5643 621 5697; x_wconf 83' lang='lat' dir='ltr'><strong>his</strong></span> <span class='ocrx_word' id='word_1_718' title='bbox 682 5645 965 5699; x_wconf 87' lang='lat' dir='ltr'><strong>concessis</strong></span> <span class='ocrx_word' id='word_1_719' title='bbox 1029 5651 1083 5697; x_wconf 89' lang='lat' dir='ltr'><strong>et</strong></span> <span class='ocrx_word' id='word_1_720' title='bbox 1145 5644 1380 5715; x_wconf 78' lang='lat' dir='ltr'><strong>cognitis</strong></span> <span class='ocrx_word' id='word_1_721' title='bbox 1435 5645 1673 5700; x_wconf 90' lang='lat' dir='ltr'><strong>decretis</strong></span> <span class='ocrx_word' id='word_1_722' title='bbox 1733 5655 2003 5717; x_wconf 84' lang='lat' dir='ltr'><strong>repugnat</strong></span> <span class='ocrx_word' id='word_1_723' title='bbox 2063 5654 2117 5702; x_wconf 94' lang='lat' dir='ltr'><strong>et</strong></span> 
     </span>
    </p>
   </div>
   <div class='ocr_carea' id='block_1_106' title="bbox 534 5735 2116 5806">
    <p class='ocr_par' dir='ltr' id='par_1_106' title="bbox 534 5735 2116 5806">
     <span class='ocr_line' id='line_1_106' title="bbox 534 5735 2116 5806; baseline 0.003 -18"><span class='ocrx_word' id='word_1_724' title='bbox 534 5735 885 5799; x_wconf 81' lang='lat' dir='ltr'><strong>contradicit,</strong></span> <span class='ocrx_word' id='word_1_725' title='bbox 923 5736 1202 5806; x_wconf 90' lang='lat' dir='ltr'><strong>quomodo</strong></span> <span class='ocrx_word' id='word_1_726' title='bbox 1228 5736 1584 5806; x_wconf 87' lang='lat' dir='ltr'><strong>anticipatam</strong></span> <span class='ocrx_word' id='word_1_727' title='bbox 1615 5737 1927 5806; x_wconf 86' lang='lat' dir='ltr'><strong>opinionem</strong></span> <span class='ocrx_word' id='word_1_728' title='bbox 1959 5754 2116 5793; x_wconf 89' lang='lat' dir='ltr'><strong>ever-</strong></span> 
     </span>
    </p>
   </div>
   <div class='ocr_carea' id='block_1_107' title="bbox 537 5827 2114 5901">
    <p class='ocr_par' dir='ltr' id='par_1_107' title="bbox 537 5827 2114 5901">
     <span class='ocr_line' id='line_1_107' title="bbox 537 5827 2114 5901; baseline 0.003 -21"><span class='ocrx_word' id='word_1_729' title='bbox 537 5838 654 5882; x_wconf 86' lang='lat' dir='ltr'><strong>tere</strong></span> <span class='ocrx_word' id='word_1_730' title='bbox 682 5829 1010 5901; x_wconf 85' lang='lat' dir='ltr'><strong>oportebat?</strong></span> <span class='ocrx_word' id='word_1_731' title='bbox 1035 5827 1225 5886; x_wconf 87' lang='lat' dir='ltr'><strong>Nonne</strong></span> <span class='ocrx_word' id='word_1_732' title='bbox 1247 5829 1438 5886; x_wconf 85' lang='lat' dir='ltr'><strong>debuit</strong></span> <span class='ocrx_word' id='word_1_733' title='bbox 1465 5832 1773 5900; x_wconf 76' lang='lat' dir='ltr'><strong>oppdsitum</strong></span> <span class='ocrx_word' id='word_1_734' title='bbox 1805 5847 2114 5888; x_wconf 87' lang='lat' dir='ltr'><strong>sermonem</strong></span> 
     </span>
    </p>
   </div>
   <div class='ocr_carea' id='block_1_108' title="bbox 2211 4628 3794 4707">
    <p class='ocr_par' dir='ltr' id='par_1_108' title="bbox 2211 4628 3794 4707">
     <span class='ocr_line' id='line_1_108' title="bbox 2211 4628 3794 4707; baseline -0.007 -17"><span class='ocrx_word' id='word_1_735' title='bbox 2211 4637 2479 4690; x_wconf 85' lang='grc' dir='ltr'>πίπτοιεν.</span> <span class='ocrx_word' id='word_1_736' title='bbox 2535 4637 2710 4707; x_wconf 88' lang='grc' dir='ltr'>Ὅπερ</span> <span class='ocrx_word' id='word_1_737' title='bbox 2760 4637 2909 4689; x_wconf 86' lang='grc' dir='ltr'>οὐδέν</span> <span class='ocrx_word' id='word_1_738' title='bbox 2955 4637 3099 4687; x_wconf 79' lang='grc' dir='ltr'>ἐστιν</span> <span class='ocrx_word' id='word_1_739' title='bbox 3151 4633 3358 4704; x_wconf 79' lang='grc' dir='ltr'>ἕτερον,</span> <span class='ocrx_word' id='word_1_740' title='bbox 3410 4631 3442 4702; x_wconf 79' lang='grc' dir='ltr'>ἣ</span> <span class='ocrx_word' id='word_1_741' title='bbox 3484 4631 3580 4700; x_wconf 83' lang='grc' dir='ltr'>τὴν</span> <span class='ocrx_word' id='word_1_742' title='bbox 3632 4628 3794 4682; x_wconf 84' lang='grc' dir='ltr'>πολυ-</span> 
     </span>
    </p>
   </div>
   <div class='ocr_carea' id='block_1_109' title="bbox 2212 4722 3792 4796">
    <p class='ocr_par' dir='ltr' id='par_1_109' title="bbox 2212 4722 3792 4796">
     <span class='ocr_line' id='line_1_109' title="bbox 2212 4722 3792 4796; baseline -0.008 -14"><span class='ocrx_word' id='word_1_743' title='bbox 2212 4729 2362 4782; x_wconf 85' lang='grc' dir='ltr'>θεῖαν</span> <span class='ocrx_word' id='word_1_744' title='bbox 2394 4728 2555 4781; x_wconf 85' lang='grc' dir='ltr'>πάλιν</span> <span class='ocrx_word' id='word_1_745' title='bbox 2603 4729 2916 4796; x_wconf 77' lang='grc' dir='ltr'>ἐπεισάγειν</span> <span class='ocrx_word' id='word_1_746' title='bbox 2961 4726 3038 4796; x_wconf 83' lang='grc' dir='ltr'>τῷ</span> <span class='ocrx_word' id='word_1_747' title='bbox 3081 4725 3199 4795; x_wconf 80' lang='grc' dir='ltr'><strong>βίῳ.</strong></span> <span class='ocrx_word' id='word_1_748' title='bbox 3249 4722 3432 4776; x_wconf 88' lang='grc' dir='ltr'>Ταῦτα</span> <span class='ocrx_word' id='word_1_749' title='bbox 3485 4723 3660 4773; x_wconf 83' lang='grc' dir='ltr'>τοίνυν</span> <span class='ocrx_word' id='word_1_750' title='bbox 3695 4722 3792 4789; x_wconf 81' lang='grc' dir='ltr'>τῆς</span> 
     </span>
    </p>
   </div>
   <div class='ocr_carea' id='block_1_110' title="bbox 2225 4812 3795 4888">
    <p class='ocr_par' dir='ltr' id='par_1_110' title="bbox 2225 4812 3795 4888">
     <span class='ocr_line' id='line_1_110' title="bbox 2225 4812 3795 4888; baseline -0.006 -16"><span class='ocrx_word' id='word_1_751' title='bbox 2225 4818 2548 4888; x_wconf 76' lang='grc' dir='ltr'>Ἐκκλησίας</span> <span class='ocrx_word' id='word_1_752' title='bbox 2601 4817 2880 4881; x_wconf 82' lang='grc' dir='ltr'>ίδιωτικῶς</span> <span class='ocrx_word' id='word_1_753' title='bbox 2929 4815 3306 4886; x_wconf 77' lang='grc' dir='ltr'>διδασκούσης,</span> <span class='ocrx_word' id='word_1_754' title='bbox 3359 4815 3438 4866; x_wconf 83' lang='grc' dir='ltr'>ὅτι</span> <span class='ocrx_word' id='word_1_755' title='bbox 3470 4815 3534 4866; x_wconf 90' lang='grc' dir='ltr'><strong>ἐκ</strong></span> <span class='ocrx_word' id='word_1_756' title='bbox 3576 4812 3674 4880; x_wconf 78' lang='grc' dir='ltr'>τῆς</span> <span class='ocrx_word' id='word_1_757' title='bbox 3704 4812 3795 4863; x_wconf 86' lang='grc' dir='ltr'>οὐ·-</span> 
     </span>
    </p>
   </div>
   <div class='ocr_carea' id='block_1_111' title="bbox 2213 4901 3795 4976">
    <p class='ocr_par' dir='ltr' id='par_1_111' title="bbox 2213 4901 3795 4976">
     <span class='ocr_line' id='line_1_111' title="bbox 2213 4901 3795 4976; baseline -0.004 -16"><span class='ocrx_word' id='word_1_758' title='bbox 2213 4907 2334 4971; x_wconf 88' lang='grc' dir='ltr'>σίας</span> <span class='ocrx_word' id='word_1_759' title='bbox 2366 4907 2459 4960; x_wconf 90' lang='grc' dir='ltr'><strong>τοῦ</strong></span> <span class='ocrx_word' id='word_1_760' title='bbox 2497 4905 2751 4976; x_wconf 82' lang='grc' dir='ltr'>ἀληθινοῦ</span> <span class='ocrx_word' id='word_1_761' title='bbox 2803 4905 2960 4967; x_wconf 82' lang='grc' dir='ltr'>Θεοῦ,</span> <span class='ocrx_word' id='word_1_762' title='bbox 3010 4904 3263 4974; x_wconf 84' lang='grc' dir='ltr'>ἀληθινὸς</span> <span class='ocrx_word' id='word_1_763' title='bbox 3294 4903 3423 4966; x_wconf 82' lang='grc' dir='ltr'>Θεὸς</span> <span class='ocrx_word' id='word_1_764' title='bbox 3461 4904 3578 4955; x_wconf 86' lang='grc' dir='ltr'>κατ’</span> <span class='ocrx_word' id='word_1_765' title='bbox 3607 4901 3795 4954; x_wconf 78' lang='grc' dir='ltr'>οὐσίαν</span> 
     </span>
    </p>
   </div>
   <div class='ocr_carea' id='block_1_112' title="bbox 2214 4995 3796 5069">
    <p class='ocr_par' dir='ltr' id='par_1_112' title="bbox 2214 4995 3796 5069">
     <span class='ocr_line' id='line_1_112' title="bbox 2214 4995 3796 5069; baseline -0.006 -15"><span class='ocrx_word' id='word_1_766' title='bbox 2214 5003 2242 5054; x_wconf 86' lang='grc' dir='ltr'><strong>ὁ</strong></span> <span class='ocrx_word' id='word_1_767' title='bbox 2263 5000 2574 5069; x_wconf 81' lang='grc' dir='ltr'>Μονογενής</span> <span class='ocrx_word' id='word_1_768' title='bbox 2607 5001 2722 5050; x_wconf 83' lang='grc' dir='ltr'>ἐστι</span> <span class='ocrx_word' id='word_1_769' title='bbox 2753 4997 2902 5060; x_wconf 84' lang='grc' dir='ltr'>Θεὸς.</span> <span class='ocrx_word' id='word_1_770' title='bbox 2935 4997 3037 5050; x_wconf 80' lang='grc' dir='ltr'>Τὸν</span> <span class='ocrx_word' id='word_1_771' title='bbox 3075 4995 3448 5048; x_wconf 78' lang='grc' dir='ltr'>ἀντιϐαίνοντα</span> <span class='ocrx_word' id='word_1_772' title='bbox 3481 4997 3593 5057; x_wconf 87' lang='grc' dir='ltr'>τοῖς</span> <span class='ocrx_word' id='word_1_773' title='bbox 3626 4995 3796 5062; x_wconf 87' lang='grc' dir='ltr'>ἐγνω-</span> 
     </span>
    </p>
   </div>
   <div class='ocr_carea' id='block_1_113' title="bbox 2218 5085 3795 5164">
    <p class='ocr_par' dir='ltr' id='par_1_113' title="bbox 2218 5085 3795 5164">
     <span class='ocr_line' id='line_1_113' title="bbox 2218 5085 3795 5164; baseline -0.007 -19"><span class='ocrx_word' id='word_1_774' title='bbox 2218 5093 2456 5164; x_wconf 85' lang='grc' dir='ltr'>σμένοις,</span> <span class='ocrx_word' id='word_1_775' title='bbox 2501 5091 2616 5153; x_wconf 81' lang='grc' dir='ltr'><strong>πῶς</strong></span> <span class='ocrx_word' id='word_1_776' title='bbox 2664 5090 2989 5161; x_wconf 86' lang='grc' dir='ltr'>ἀνατρέπειν</span> <span class='ocrx_word' id='word_1_777' title='bbox 3044 5089 3150 5142; x_wconf 79' lang='grc' dir='ltr'>ἔδει</span> <span class='ocrx_word' id='word_1_778' title='bbox 3203 5087 3300 5159; x_wconf 75' lang='grc' dir='ltr'><strong>τὴν</strong></span> <span class='ocrx_word' id='word_1_779' title='bbox 3352 5085 3795 5158; x_wconf 82' lang='grc' dir='ltr'>προειλημμένην</span> 
     </span>
    </p>
   </div>
   <div class='ocr_carea' id='block_1_114' title="bbox 2216 5177 3793 5255">
    <p class='ocr_par' dir='ltr' id='par_1_114' title="bbox 2216 5177 3793 5255">
     <span class='ocr_line' id='line_1_114' title="bbox 2216 5177 3793 5255; baseline -0.006 -18"><span class='ocrx_word' id='word_1_780' title='bbox 2216 5183 2517 5255; x_wconf 70' lang='grc' dir='ltr'>ύπόληψιν;</span> <span class='ocrx_word' id='word_1_781' title='bbox 2554 5182 2686 5252; x_wconf 74' lang='grc' dir='ltr'>Οὐχὶ</span> <span class='ocrx_word' id='word_1_782' title='bbox 2715 5182 2775 5234; x_wconf 85' lang='grc' dir='ltr'><strong>τὸ</strong></span> <span class='ocrx_word' id='word_1_783' title='bbox 2809 5181 3238 5244; x_wconf 78' lang='grc' dir='ltr'>κατασκευάζειν</span> <span class='ocrx_word' id='word_1_784' title='bbox 3285 5179 3376 5231; x_wconf 75' lang='grc' dir='ltr'><strong>τὸν</strong></span> <span class='ocrx_word' id='word_1_785' title='bbox 3423 5177 3793 5245; x_wconf 82' lang='grc' dir='ltr'>ἀντικείμενον</span> 
     </span>
    </p>
   </div>
   <div class='ocr_carea' id='block_1_115' title="bbox 2215 5266 3795 5344">
    <p class='ocr_par' dir='ltr' id='par_1_115' title="bbox 2215 5266 3795 5344">
     <span class='ocr_line' id='line_1_115' title="bbox 2215 5266 3795 5344; baseline -0.005 -18"><span class='ocrx_word' id='word_1_786' title='bbox 2215 5274 2368 5344; x_wconf 76' lang='grc' dir='ltr'>λόγον</span> <span class='ocrx_word' id='word_1_787' title='bbox 2426 5274 2515 5328; x_wconf 83' lang='grc' dir='ltr'><strong>διά</strong></span> <span class='ocrx_word' id='word_1_788' title='bbox 2563 5289 2708 5334; x_wconf 84' lang='grc' dir='ltr'>τινος</span> <span class='ocrx_word' id='word_1_789' title='bbox 2759 5270 3205 5342; x_wconf 60' lang='grc' dir='ltr'>ὁμολογουμένης,</span> <span class='ocrx_word' id='word_1_790' title='bbox 3246 5269 3415 5340; x_wconf 78' lang='grc' dir='ltr'>ἀρχῆς</span> <span class='ocrx_word' id='word_1_791' title='bbox 3479 5266 3795 5320; x_wconf 87' lang='grc' dir='ltr'>συναποδει-</span> 
     </span>
    </p>
   </div>
   <div class='ocr_carea' id='block_1_116' title="bbox 2217 5359 3796 5436">
    <p class='ocr_par' dir='ltr' id='par_1_116' title="bbox 2217 5359 3796 5436">
     <span class='ocr_line' id='line_1_116' title="bbox 2217 5359 3796 5436; baseline -0.009 -12"><span class='ocrx_word' id='word_1_792' title='bbox 2217 5371 2444 5424; x_wconf 84' lang='grc' dir='ltr'>κνύοντα</span> <span class='ocrx_word' id='word_1_793' title='bbox 2469 5367 2529 5420; x_wconf 84' lang='grc' dir='ltr'><strong>τὸ</strong></span> <span class='ocrx_word' id='word_1_794' title='bbox 2558 5365 2888 5436; x_wconf 74' lang='grc' dir='ltr'>άμφίϐολον;</span> <span class='ocrx_word' id='word_1_795' title='bbox 2923 5365 3036 5417; x_wconf 85' lang='grc' dir='ltr'>Οὐκ</span> <span class='ocrx_word' id='word_1_796' title='bbox 3085 5365 3150 5417; x_wconf 88' lang='grc' dir='ltr'>ἂν</span> <span class='ocrx_word' id='word_1_797' title='bbox 3193 5361 3343 5434; x_wconf 75' lang='grc' dir='ltr'>οἶμαί</span> <span class='ocrx_word' id='word_1_798' title='bbox 3373 5380 3491 5415; x_wconf 86' lang='grc' dir='ltr'>τινα</span> <span class='ocrx_word' id='word_1_799' title='bbox 3518 5360 3626 5414; x_wconf 85' lang='grc' dir='ltr'><strong>τῶν</strong></span> <span class='ocrx_word' id='word_1_800' title='bbox 3671 5359 3796 5412; x_wconf 91' lang='grc' dir='ltr'>νοῦν</span> 
     </span>
    </p>
   </div>
   <div class='ocr_carea' id='block_1_117' title="bbox 2218 5444 3796 5531">
    <p class='ocr_par' dir='ltr' id='par_1_117' title="bbox 2218 5444 3796 5531">
     <span class='ocr_line' id='line_1_117' title="bbox 2218 5444 3796 5531; baseline -0.006 -18"><span class='ocrx_word' id='word_1_801' title='bbox 2218 5461 2447 5531; x_wconf 75' lang='grc' dir='ltr'>ἐχόντων</span> <span class='ocrx_word' id='word_1_802' title='bbox 2473 5459 2659 5529; x_wconf 73' lang='grc' dir='ltr'>ἔτερόν</span> <span class='ocrx_word' id='word_1_803' title='bbox 2694 5475 2744 5510; x_wconf 88' lang='grc' dir='ltr'><strong>τι</strong></span> <span class='ocrx_word' id='word_1_804' title='bbox 2779 5456 2928 5527; x_wconf 70' lang='grc' dir='ltr'>παρὰ</span> <span class='ocrx_word' id='word_1_805' title='bbox 2971 5456 3144 5509; x_wconf 85' lang='grc' dir='ltr'>ταῦτα</span> <span class='ocrx_word' id='word_1_806' title='bbox 3174 5455 3424 5526; x_wconf 79' lang='grc' dir='ltr'>ζητῆσαι.</span> <span class='ocrx_word' id='word_1_807' title='bbox 3477 5453 3615 5506; x_wconf 79' lang='grc' dir='ltr'>Ἀλλ’</span> <span class='ocrx_word' id='word_1_808' title='bbox 3640 5444 3796 5514; x_wconf 78' lang='grc' dir='ltr'>οὗτος</span> 
     </span>
    </p>
   </div>
   <div class='ocr_carea' id='block_1_118' title="bbox 2219 5544 3799 5620">
    <p class='ocr_par' dir='ltr' id='par_1_118' title="bbox 2219 5544 3799 5620">
     <span class='ocr_line' id='line_1_118' title="bbox 2219 5544 3799 5620; baseline -0.006 -15"><span class='ocrx_word' id='word_1_809' title='bbox 2219 5551 2326 5605; x_wconf 80' lang='grc' dir='ltr'>ἀπὸ</span> <span class='ocrx_word' id='word_1_810' title='bbox 2367 5550 2475 5603; x_wconf 85' lang='grc' dir='ltr'>τῶν</span> <span class='ocrx_word' id='word_1_811' title='bbox 2519 5547 3044 5619; x_wconf 71' lang='grc' dir='ltr'>ἀμφισϐητουμένων</span> <span class='ocrx_word' id='word_1_812' title='bbox 3083 5549 3329 5620; x_wconf 80' lang='grc' dir='ltr'>ἄρχεται,</span> <span class='ocrx_word' id='word_1_813' title='bbox 3363 5547 3456 5600; x_wconf 77' lang='grc' dir='ltr'>καὶ</span> <span class='ocrx_word' id='word_1_814' title='bbox 3495 5546 3572 5607; x_wconf 84' lang='grc' dir='ltr'>ὡς</span> <span class='ocrx_word' id='word_1_815' title='bbox 3605 5544 3799 5597; x_wconf 82' lang='grc' dir='ltr'>ἀποδε-</span> 
     </span>
    </p>
   </div>
   <div class='ocr_carea' id='block_1_119' title="bbox 2218 5638 3798 5713">
    <p class='ocr_par' dir='ltr' id='par_1_119' title="bbox 2218 5638 3798 5713">
     <span class='ocr_line' id='line_1_119' title="bbox 2218 5638 3798 5713; baseline -0.006 -17"><span class='ocrx_word' id='word_1_816' title='bbox 2218 5642 2538 5712; x_wconf 88' lang='grc' dir='ltr'>δειγμένων,</span> <span class='ocrx_word' id='word_1_817' title='bbox 2589 5641 2761 5713; x_wconf 75' lang='grc' dir='ltr'>ἀρχὴν</span> <span class='ocrx_word' id='word_1_818' title='bbox 2813 5641 2888 5712; x_wconf 83' lang='grc' dir='ltr'><strong>τῷ</strong></span> <span class='ocrx_word' id='word_1_819' title='bbox 2935 5642 3136 5710; x_wconf 72' lang='grc' dir='ltr'>ἐφεξῆς</span> <span class='ocrx_word' id='word_1_820' title='bbox 3186 5640 3364 5693; x_wconf 74' lang='grc' dir='ltr'>δίδωσι</span> <span class='ocrx_word' id='word_1_821' title='bbox 3411 5640 3573 5707; x_wconf 74' lang='grc' dir='ltr'>λόγῳ.</span> <span class='ocrx_word' id='word_1_822' title='bbox 3639 5638 3798 5688; x_wconf 75' lang='grc' dir='ltr'>Ἀπο-</span> 
     </span>
    </p>
   </div>
   <div class='ocr_carea' id='block_1_120' title="bbox 2216 5729 3798 5807">
    <p class='ocr_par' dir='ltr' id='par_1_120' title="bbox 2216 5729 3798 5807">
     <span class='ocr_line' id='line_1_120' title="bbox 2216 5729 3798 5807; baseline -0.005 -18"><span class='ocrx_word' id='word_1_823' title='bbox 2216 5736 2517 5805; x_wconf 80' lang='grc' dir='ltr'>δειχθέντος</span> <span class='ocrx_word' id='word_1_824' title='bbox 2551 5735 2658 5807; x_wconf 74' lang='grc' dir='ltr'><strong>γὰρ</strong></span> <span class='ocrx_word' id='word_1_825' title='bbox 2693 5735 2952 5805; x_wconf 80' lang='grc' dir='ltr'>πρότερον</span> <span class='ocrx_word' id='word_1_826' title='bbox 2993 5736 3074 5787; x_wconf 84' lang='grc' dir='ltr'>ὅτι</span> <span class='ocrx_word' id='word_1_827' title='bbox 3121 5734 3208 5787; x_wconf 81' lang='grc' dir='ltr'>διὰ</span> <span class='ocrx_word' id='word_1_828' title='bbox 3259 5751 3400 5796; x_wconf 82' lang='grc' dir='ltr'>τινος</span> <span class='ocrx_word' id='word_1_829' title='bbox 3447 5731 3726 5800; x_wconf 77' lang='grc' dir='ltr'>ἐνεργείας</span> <span class='ocrx_word' id='word_1_830' title='bbox 3769 5729 3798 5780; x_wconf 83' lang='grc' dir='ltr'>ὁ</span> 
     </span>
    </p>
   </div>
   <div class='ocr_carea' id='block_1_121' title="bbox 2224 5822 3804 5900">
    <p class='ocr_par' dir='ltr' id='par_1_121' title="bbox 2224 5822 3804 5900">
     <span class='ocr_line' id='line_1_121' title="bbox 2224 5822 3804 5900; baseline -0.004 -17"><span class='ocrx_word' id='word_1_831' title='bbox 2224 5829 2350 5892; x_wconf 78' lang='grc' dir='ltr'>Υἱὸς</span> <span class='ocrx_word' id='word_1_832' title='bbox 2382 5827 2622 5899; x_wconf 73' lang='grc' dir='ltr'>ὑπέστη·</span> <span class='ocrx_word' id='word_1_833' title='bbox 2658 5827 2739 5891; x_wconf 88' lang='grc' dir='ltr'><strong>τίς</strong></span> <span class='ocrx_word' id='word_1_834' title='bbox 2769 5827 2832 5881; x_wconf 85' lang='grc' dir='ltr'><strong>ἂν</strong></span> <span class='ocrx_word' id='word_1_835' title='bbox 2862 5823 2928 5900; x_wconf 77' lang='grc' dir='ltr'>ἦν</span> <span class='ocrx_word' id='word_1_836' title='bbox 2961 5826 3106 5898; x_wconf 81' lang='grc' dir='ltr'>μάχη</span> <span class='ocrx_word' id='word_1_837' title='bbox 3143 5827 3276 5899; x_wconf 68' lang='grc' dir='ltr'>πρὸς</span> <span class='ocrx_word' id='word_1_838' title='bbox 3313 5828 3374 5879; x_wconf 72' lang='grc' dir='ltr'>τὸ</span> <span class='ocrx_word' id='word_1_839' title='bbox 3417 5825 3701 5897; x_wconf 74' lang='grc' dir='ltr'>ἑπόμενον,</span> <span class='ocrx_word' id='word_1_840' title='bbox 3741 5822 3804 5876; x_wconf 85' lang='grc' dir='ltr'><strong>τὸ</strong></span> 
     </span>
    </p>
   </div>
  </div>
