4138 6364
322 390 429 445 653

1428 394 1707 451 CONTRA
1749 397 2140 467 EUNOMIUM,
2175 402 2305 457 LlB.
2348 402 2437 458 IV.

3484 407 3583 459 631

323 504 402 564 εἰς
436 500 631 569 ἑαυτὴν
660 498 907 569 δέχεσθαι
936 501 1033 571 τὴν
1061 501 1155 556 τοῦ
1201 506 1501 574 ποιήματος
1530 509 1900 578 προσηγορίαν

2016 522 2337 569 construere
2362 523 2417 569 et
2440 514 2714 570 conficere
2749 531 2813 571 ex
2853 517 3038 586 aliquo
3070 531 3196 569 vero
3229 524 3282 568 ιι
3323 529 3587 573 concesso

322 590 521 659 λέγειν,
573 591 674 661 τὴν
706 592 772 644 δι’
804 593 1084 664 ἐνεργείας
1130 595 1274 659 τινὸς
1325 598 1635 652 ὑποστᾶσαν
1676 602 1899 665 οὐσίανς

324 680 469 744 Ἕως
502 682 545 734 δ’
591 677 658 735 ἂν
704 683 1074 737 ἀκατάσκευον
1202 686 1261 739 τὸ
1307 690 1736 760 προηγούμενον,
1788 692 1903 755 πῶς

326 772 479 843 ἰσχὺν
505 773 616 843 ἔχει
646 773 706 827 τὸ
738 776 1094 846 ἐφεπόμενον,
1131 779 1444 833 εἰπάτωσαν
1490 784 1538 834 οἱ
1567 782 1666 852 τῆς
1690 783 1905 852 ἀπάτης

323 868 634 937 συνήγοροι.
690 869 800 921 Καὶ
852 868 959 939 γὰρ
1007 872 1058 923 εί
1104 888 1189 935 τις
1240 873 1439 943 πτηνὸν
1485 875 1735 942 γενέσθαι
1783 874 1907 928 καθ’

324 958 579 1010 ὑπόθεσιν
611 959 726 1029 δοίη
771 961 862 1015 τὸν
892 962 1198 1033 ἄνθρωπον,
1252 966 1381 1037 περὶ
1415 966 1525 1019 τῶν
1559 968 1752 1037 ἐφεξῆς
1780 968 1908 1020 οὐκ·

323 1049 404 1101 ἐτι
429 1050 731 1121 δοθήσεται.
765 1053 874 1105 Καὶ
911 1057 1174 1125 πτήσεται
1213 1057 1320 1127 γάρ
1366 1075 1482 1121 πως
1522 1059 1550 1110 ὁ
1584 1058 1783 1128 πτηνὸς
1816 1076 1907 1126 γε·

323 1143 567 1213 νόμενος,
620 1146 713 1198 καὶ
760 1146 871 1199 ἀνω
909 1147 1007 1216 τῆς
1036 1149 1137 1218 γῆς
1163 1150 1352 1203 ἑαυτὸν
1400 1149 1586 1214 ἀνάξει
1618 1150 1908 1222 μετάρσιος

324 1236 417 1289 ἐπὶ
447 1238 734 1308 πτερύγων
767 1238 833 1291 δι’
863 1240 1024 1310 ἀέρος
1071 1243 1397 1312 φερόμενος’
1461 1243 1595 1296 ἀλλά
1645 1243 1909 1296 σκεπτέον

326 1328 444 1391 πῶς
472 1328 537 1381 ἂν
575 1329 781 1396 γένοιτο
806 1331 1045 1401 πτηνὸς,
1095 1334 1123 1384 ὀ
1168 1334 1265 1403 τὴν
1295 1332 1456 1402 φύσιν
1500 1335 1558 1387 ού
1593 1332 1771 1404 λαχὼν
1822 1336 1908 1387 ὲν·

325 1421 527 1493 αέριον.
566 1422 766 1476 Τούτου
794 1423 849 1476 δὲ
886 1423 960 1495 μὴ
993 1424 1162 1490 ὄντος,
1214 1426 1440 1495 μάταιον
1477 1427 1537 1480 τὸ
1573 1427 1711 1497 μετά
1746 1424 1903 1478 τοῦτο

323 1513 592 1578 διεξιέναι.

2010 606 2282 676 principio
2312 607 2779 662 demonstratione
2826 607 2965 661 facta
3014 607 3135 676 ejus
3179 606 3326 675 quod
3363 607 3586 660 dubium

2008 708 2064 753 et
2112 707 2533 757 controversum
2572 700 2724 754 erat?
2773 701 3046 754 neminem
3104 700 3342 753 arbitror
3394 715 3585 753 ΕΟΙῚΙΙΙΙ

2008 791 2103 860 qui
2158 792 2356 846 mentis
2389 805 2518 847 sunt
2551 801 2835 861 compotes
2882 794 3024 845 aliud
3058 792 3356 861 quidquam
3393 801 3590 859 prteter

2013 884 2127 937 haec
2173 898 2436 952 qumrere.
2481 882 2585 936 Sed
2618 883 2721 937 iste
2754 884 2822 937 ab
2866 883 3094 938 incertis
3131 890 3186 936 et
3217 882 3402 936 dubiis
3428 897 3591 935 exor-

2010 975 2181 1036 ditur,
2218 985 2271 1028 et
2302 985 2559 1042 tanquam
2611 974 3004 1029 demonstratis
3053 976 3304 1044 sequenti
3346 973 3589 1028 sermoni

2011 1062 2104 1116 dat
2147 1064 2498 1133 principium.
2533 1062 2589 1117 Si
2637 1065 2782 1118 enim
2834 1066 2938 1119 hoc
2966 1066 3119 1135 prius
3164 1074 3311 1121 esset
3363 1065 3591 1119 demon-

2011 1162 2265 1217 stratum,
2310 1161 2435 1206 actu
2486 1152 2724 1221 quodam
2761 1160 2815 1208 et
2846 1157 3167 1223 operatione
3198 1164 3467 1210 extranea
3498 1153 3590 1207 Fi-

2009 1246 2140 1299 lium
2178 1245 2505 1309 subsistere,
2534 1260 2656 1314 qua:
2679 1250 3055 1304 controversia
3085 1256 3235 1302 esset
3269 1247 3335 1301 ad
3360 1248 3411 1301 id
3444 1247 3590 1317 quod

2012 1339 2281 1406 sequitur,
2304 1352 2499 1406 nempe
2528 1337 2713 1393 dicere
2744 1340 3038 1394 essentiam
3080 1349 3209 1393 actu
3243 1342 3431 1410 aliquo
3461 1341 3592 1393 sub-

2011 1431 2293 1486 sistentem
2346 1429 2401 1482 in
2450 1428 2685 1499 seipsam
2740 1431 3026 1486 admittere
3070 1431 3297 1487 facturae
3343 1433 3590 1502 appella-

2010 1515 2253 1571 tionem?
2292 1514 2547 1580 Quandiu
2591 1518 2693 1570 hoc
2738 1519 3073 1575 antecedens
3123 1521 3259 1575 rude
3308 1536 3408 1575 nec
3452 1536 3590 1589 prte-

326 1613 596 1664 structtun
646 1604 833 1669 fuerit,
885 1608 1162 1676 quomodo
1212 1610 1383 1665 robur
1435 1613 1657 1668 habebit
1705 1609 2097 1681 consequens?
2171 1606 2359 1661 dicant
2424 1608 2591 1676 hujus
2627 1612 2832 1663 erroris
2906 1614 3019 1665 sive
3070 1610 3279 1667 fraudis
3350 1612 3587 1683 patroni.

326 1703 461 1758 Nam
509 1705 556 1759 si
586 1704 711 1774 quis
761 1703 911 1757 verbi
953 1704 1130 1772 gratia
1214 1721 1282 1759 ex
1329 1707 1617 1776 hypothesi
1669 1708 1943 1762 hominem
2020 1703 2221 1755 alatum
2271 1699 2623 1763 concederet,
2673 1701 2741 1755 de
2792 1704 3151 1771 sequentibus
3197 1721 3306 1759 non
3355 1706 3590 1776 amplius

327 1800 692 1857 dubitaretur.
741 1796 874 1849 Nam
906 1794 1085 1849 alatus
1120 1794 1299 1851 factus
1329 1799 1538 1852 volabit
1566 1812 1898 1868 sursumque
1937 1808 2099 1863 supra
2142 1802 2347 1846 terram
2401 1807 2526 1846 sese
2595 1794 2808 1847 attollet
2879 1797 3058 1864 passis
3107 1797 3209 1850 alis
3260 1813 3586 1866 suspensus,

325 1906 379 1949 ει
408 1894 794 1962 sublimisper
826 1907 1005 1948 aerem
1044 1892 1267 1947 feretur,
1314 1892 1419 1946 Sed
1452 1894 1727 1961 quomodo
1769 1905 1893 1947 esse
1932 1894 2098 1956 queat
2132 1885 2336 1946 alatus,
2366 1883 2855 1967 considerandum,
2927 1888 3019 1956 qui
3058 1896 3312 1941 naturam
3382 1891 3588 1945 aeriam

328 2002 437 2040 non
479 1995 563 2039 est
611 1984 859 2038 sortitus.
908 1983 1062 2046 Quod
1108 1999 1230 2036 cum
1270 1998 1377 2036 non
1432 1985 1504 2037 ita
1546 1985 1648 2046 sit,
1697 1997 1898 2037 vanum
1939 1976 2191 2045 estquod
2220 1983 2408 2043 postea
2441 1978 2695 2045 sequitur
2726 1992 3021 2046 exponere.

398 2078 663 2140 Κάκεῖνος
693 2076 871 2128 τοίνυν
900 2074 1057 2127 τοῦτο
1091 2075 1305 2144 πρῶτον
1335 2074 1674 2138 ἐπιδειξάτω,
1705 2074 1765 2127 τὸ
1801 2074 1900 2144 μά·
1937 2078 1977 2130 Β

326 2184 426 2239 τήν
456 2166 875 2220 πεπιστευκέναι
905 2167 1004 2236 τὴν
1055 2164 1381 2236 Ἐκκλησίαν
1414 2164 1624 2235 άληθῶς
1654 2160 1791 2217 εἶναι
1814 2163 1908 2215 τὸν

332 2259 595 2330 μονογενῆ
636 2258 783 2321 Υἱὺν,
830 2258 891 2310 οὐ
938 2258 1076 2311 κατά
1104 2256 1251 2310 θέσιν
1289 2255 1664 2326 εἰσ-ποιηθέντα
1702 2255 1908 2325 ψευδω-

330 2350 485 2420 νύμῳ
522 2349 693 2420 Πατρί
720 2365 733 2379 ·
767 2348 904 2403 ἀλλὰ
932 2348 1073 2402 κατά
1122 2347 1281 2417 φύσιν
1308 2348 1579 2417 γεννητῶς
1605 2349 1668 2400 ἐκ
1702 2346 1794 2400 τοῦ
1821 2348 1907 2400 ὃν·

329 2458 423 2504 τος
470 2440 619 2504 ὄντα,
674 2440 747 2509 μὴ
794 2437 1207 2509 ἀπεξενωμένον
1258 2438 1357 2507 τῆς
1413 2437 1503 2491 τοῦ
1550 2438 1908 2506 γεννήσαντος

330 2532 563 2602 φύσεως.
608 2532 794 2585 Ταῦτα
842 2530 1059 2601 πρῶτον
1104 2531 1178 2593 ὡς
1223 2529 1393 2599 ψευδῆ
1432 2528 1777 2598 διελεγξάτω,
1817 2529 1908 2582 καὶ

327 2626 445 2680 τότε
487 2625 615 2695 περὶ
666 2624 775 2677 τῶν
826 2622 1130 2676 ἀκολούθων
1179 2619 1390 2684 διεξιὼν
1445 2621 1669 2684 πιθανὸς
1733 2621 1903 2674 ἔσται.

330 2718 476 2779 Ἕως
524 2718 566 2769 δ’
614 2714 679 2768 ἂν
724 2715 784 2767 τὸ
835 2713 1050 2784 πρῶτον
1099 2712 1486 2765 ἀναπόδεικτον
1532 2708 1587 2785 ᾗ,
1641 2712 1907 2782 φλυαρίας

328 2810 474 2861 ἐστὶν
518 2806 909 2878 ὲμφιλοχωρείν
943 2807 1054 2866 τοῖς
1083 2803 1376 2872 δευτέροις.
1427 2804 1534 2856 Καί
1585 2820 1674 2872 μοι
1719 2803 1907 2873 μηδεὶς

329 2897 681 2968 ὑποκρουέτω
725 2896 909 2949 καὶτὸ
952 2896 1080 2966 παρ’
1113 2892 1271 2964 ἡμῶν
1299 2892 1775 2963 διομολογούμενον
1821 2892 1909 2945 διὰ

330 2989 669 3058 κατασκευῆς
699 2985 1048 3057 κυρωθῆναι·
1080 2985 1239 3055 ἀρκεῖ
1263 2984 1370 3053 γὰρ
1403 2986 1481 3047 εἰς
1508 2982 1781 3047 ἀπόδειξιν
1812 2982 1906 3036 τού

330 3082 597 3152 ἡμετέρου
649 3079 806 3147 λόγου
856 3078 916 3131 τὸ
964 3077 1109 3147 ἔχειν
1173 3075 1443 3146 πατρόθεν
1489 3077 1726 3143 ἤκουσαν
1772 3075 1908 3145 πρὸς

329 3177 478 3245 ἡμᾶς
505 3174 602 3244 τήν
627 3172 941 3241 παράδοσιν,
969 3164 1079 3223 οἷόν
1108 3186 1227 3222 τινα
1260 3169 1460 3239 κλῆρον
1489 3168 1556 3221 δι’
1591 3166 1907 3229 ἀκολουθίας

330 3270 396 3321 ὲκ
420 3267 528 3320 τῶν
579 3265 892 3318 ἀποστόλων
920 3262 1009 3316 διὰ
1048 3264 1156 3315 τῶν
1190 3261 1385 3332 ἐφεξῆς
1410 3262 1580 3329 ἁγίων
1612 3276 1907 3330 παραπεμ-

331 3357 571 3425 φθέντα’
618 3357 665 3408 οἱ
712 3355 768 3407 δὲ
813 3354 950 3424 πρὸς
997 3354 1096 3422 τὴν
1154 3354 1444 3421 καινότητα
1488 3353 1690 3422 ταύτην
1744 3368 1909 3421 μετα-

329 3450 567 3512 τιθέντες
588 3448 654 3501 τᾶ.
669 3447 939 3516 δόγματα,
968 3444 1165 3513 πολλῆς
1189 3446 1255 3496 ἂν
1276 3443 1478 3496 δέοιντο
1493 3443 1591 3512 τῆς
1615 3444 1678 3495 ὲκ
1696 3441 1803 3494 τῶν
1829 3443 1908 3494 λοο

330 3540 545 3611 γισμῶν
579 3537 910 3609 συμμαχίας,
929 3538 975 3589 εί
1006 3534 1248 3605 μέλλοιεν
1281 3535 1353 3605 μὴ
1384 3534 1509 3597 τοὺς
1535 3532 1909 3604 κονιορτὼδεις

333 3635 443 3687 τῶν
491 3630 791 3703 ἀνθρώπων
826 3629 918 3682 καὶ
959 3628 1321 3698 εὑριπίστους,
1349 3626 1484 3679 ἀλλὰ
1527 3625 1620 3678 καὶ
1652 3627 1776 3689 τοὺς
1806 3628 1906 3696 ἐμ-

332 3725 535 3798 ϐριθεῖς
559 3742 616 3777 τε
642 3724 735 3777 κοιλ⁴
759 3721 1055 3792 βεϐηκότας
1077 3723 1197 3783 ταῖς
1217 3718 1475 3779 διανοίαις
1505 3716 1874 3787 προσάγεσθαι
1890 3734 1904 3748 ο

330 3819 437 3881 ἓως
470 3817 512 3869 δ’
558 3815 623 3869 ἂν
668 3813 1041 3874 ἀκατάσκευος
1086 3811 1269 3873 αὐτοῖς
1303 3809 1398 3861 καὶ
1448 3806 1831 3868 ἀναπόδεικτος
1881 3807 1909 3857 ὀ

331 3911 486 3979 λόγος
538 3907 849 3978 προφέροιέ
880 3906 964 3968 ἂν,
1004 3905 1087 3967 τίς
1116 3902 1287 3965 οὕτως
1321 3900 1520 3971 ἠλίθιος
1566 3900 1661 3952 καὶ
1700 3896 1909 3969 κτηνώ-

330 4001 449 4073 δης,
481 4002 555 4064 ὡς
599 4000 707 4052 τῶν
738 3995 1139 4065 εύαγγελιστῶν
1190 4010 1241 4046 τε
1292 3993 1387 4045 καὶ
1436 3990 1770 4053 ἀποστόλων,
1819 3989 1910 4040 καὶ

331 4093 442 4145 τῶν
497 4087 729 4158 καθεξῆς
779 4089 834 4140 ὲν
886 4090 1003 4149 ταῖς
1068 4083 1411 4153 Ἑκκλησίαις
1462 4079 1906 4150 διαλαμψάντων,

334 4181 726 4251 ἀσθενεστέραν
781 4178 877 4250 τήν
931 4177 1279 4231 διδασκαλίαν
1329 4173 1418 4227 διὰ
1478 4174 1572 4243 τῆς
1624 4169 1910 4225 ἀναποδεί-

336 4294 467 4329 κτου
511 4273 771 4344 φλυαρίας
796 4267 1123 4340 ποιήσασθαι
1145 4288 1161 4337 ;

411 4533 637 4602 Ἰδωμεν
660 4529 717 4583 δὲ
740 4528 835 4583 καὶ
856 4527 916 4580 τὸ
943 4524 1343 4595 διαφορώτατον
1373 4524 1472 4592 τῆς
1504 4520 1781 4591 ἀγχινοίας
1818 4519 1910 4573 τοῦ

335 4621 693 4691 λογογράφου,
726 4618 872 4680 ὅπως
901 4619 967 4686 τῇ
999 4614 1285 4687 περιουσίᾳ
1312 4616 1411 4684 τῆς
1435 4612 1775 4682 διαλεκτικῆς
1808 4613 1901 4682 ὲμ-

336 4714 554 4784 πειρίας
588 4710 723 4780 πρὸς
745 4707 1050 4761 τούναντίον
1090 4704 1417 4776 εὐμηχάνως
1441 4705 1565 4766 τοὺς
1597 4702 1912 4773 ἀκεραιοτέ-

340 4821 465 4878 ρους
516 4801 823 4870 ἐφέλκεται.
861 4796 1198 4868 Προσέρῤιψε
1249 4796 1315 4865 τῇ
1348 4793 1441 4845 τοῦ
1474 4794 1777 4864 ποιήματος
1818 4792 1912 4846 καὶ⁵

334 4896 631 4965 κτίσματος
649 4890 987 4963 προσηγορίᾳ
1013 4887 1107 4939 καὶ
1123 4886 1219 4956 τὴν
1238 4883 1419 4955 φωνὴν
1443 4883 1537 4936 τοῦ
1557 4885 1913 4953 γεννήματος,

336 4987 526 5047 εἰπὼν,
569 4988 647 5047 εἰς
694 4983 891 5050 ἑαυτὴν
928 4979 1175 5049 δέχεσθαι
1215 4977 1287 5029 τὰ
1328 4977 1564 5045 ὀνόματα
1613 4974 1785 5028 ταῦτα
1820 4974 1913 5026 τοῦ

336 5079 466 5133 Υἱοῦ
496 5078 595 5149 τήν
624 5074 831 5128 οὐσίαν.
863 5072 971 5126 Καὶ
1002 5071 1189 5141 ὥσπερ
1234 5070 1290 5123 ὲν
1324 5068 1630 5139 μεθυόντων
1656 5068 1916 5136 συνεδρίῳ

335 5168 664 5240 δημηγορῶν
684 5169 853 5219 οἴεται
882 5163 1068 5234 μηδενὶ
1091 5161 1397 5231 κατάφορον
1431 5159 1625 5212 ἑαυτοῦ
1661 5159 1760 5230 τὴν
1789 5159 1917 5228 περ),

337 5262 398 5315 τὸ
429 5261 602 5330 δόγμα
641 5256 973 5328 κακουργίαν
1006 5251 1348 5323 γενήσεσθαι.
1386 5251 1476 5321 Τῷ
1517 5250 1624 5321 γὰρ
1681 5250 1914 5318 συνάψαι

336 5355 397 5405 τὸ
421 5354 664 5421 γέννημα
692 5348 770 5419 τῷ
797 5345 1052 5417 κτίσματί
1084 5361 1143 5396 τε
1180 5346 1272 5396 καὶ
1302 5342 1377 5413 τῷ
1409 5345 1694 5419 ποιήματι,
1728 5341 1917 5394 ἐκκλέ-

340 5460 493 5496 πτειν
523 5443 734 5513 ἡγεῖται
757 5439 852 5509 τὴν
892 5437 1032 5490 κατὰ
1073 5436 1134 5488 τὸ
1162 5434 1557 5504 σημαινόμενον
1587 5434 1694 5487 τῶν
1717 5433 1916 5503 ὀνομά-

339 5552 447 5588 των
478 5531 759 5601 διαφορὰν,
785 5529 872 5582 διὰ
891 5530 991 5597 τῆς
1034 5528 1142 5583 τῶν
1182 5528 1557 5591 ἀκοινωνήτων
1592 5526 1915 5589 συντάξεως.

342 5616 527 5678 Ταῦτα
545 5623 614 5676 τὰ
649 5621 786 5690 σοφά
834 5621 930 5689 τῆς
972 5619 1313 5688 διαλεκτικῆς
1363 5619 1727 5688 μηχανήματα
1752 5633 1766 5646 ’
1800 5617 1917 5669 ἀλλ’

345 5720 505 5787 ἡμεῖς
539 5719 588 5769 οἱ
624 5715 829 5768 ἰδιῶται
863 5711 1127 5784 τῷλόγῳ,
1158 5710 1218 5763 τὸ
1269 5711 1366 5781 μὲν
1418 5707 1555 5763 εἶναι
1583 5710 1740 5763 τοῦτο
1780 5711 1920 5762 κατὰ

347 5811 445 5883 τὴν
476 5807 657 5879 φωνὴν
688 5807 781 5861 καὶ
810 5805 908 5875 τὴν
931 5803 1201 5873 γλῶσσαν,
1219 5804 1355 5874 ὅπερ
1378 5804 1406 5856 ὁ
1432 5802 1587 5871 λόγος
1613 5802 1737 5873 περὶ
1761 5800 1920 5872 ἡμῶν

2080 2068 2172 2121 Ille
2207 2068 2375 2137 igitur
2422 2067 2523 2121 hoc
2572 2068 2805 2136 primum
2844 2068 3098 2123 ostendat
3141 2068 3441 2125 Ecelesiam
3475 2072 3591 2126 fru-

2011 2166 2123 2212 stra
2178 2157 2479 2211 credidisse
2529 2173 2656 2213 vere
2708 2174 2832 2213 esse
2869 2160 3162 2229 unigenam
3208 2161 3429 2223 Filium,
3481 2181 3591 2219 non

2010 2246 2305 2316 adoptione
2337 2247 2569 2300 ascitum
2608 2246 2729 2301 falsi
2778 2248 3017 2301 nominis
3046 2247 3230 2313 Patri;
3264 2251 3358 2304 sed
3392 2268 3583 2305 secun-

2009 2338 2138 2391 dum
2177 2346 2432 2392 naturam
2471 2354 2568 2408 per
2596 2339 2741 2393 viam
2779 2341 3154 2410 generationis
3185 2358 3247 2395 ex
3285 2345 3473 2413 coqui
3506 2353 3593 2398 est

2008 2430 2402 2494 exsistentem;
2459 2446 2569 2484 non
2624 2440 2914 2486 externum
2988 2448 3165 2502 neque
3223 2434 3462 2487 alienum
3524 2437 3593 2489 ab

2009 2516 2132 2585 ejus
2161 2518 2253 2585 qui
2303 2518 2491 2585 genuit
2524 2525 2724 2571 natura
2752 2536 2765 2569 :
2794 2519 2909 2573 lucc
2940 2520 3176 2589 primum
3215 2530 3276 2574 ut
3315 2520 3454 2576 falsa
3500 2538 3592 2575 ar-

2009 2616 2158 2678 guat,
2189 2619 2242 2661 et
2293 2616 2427 2662 tunc
2480 2609 2548 2662 de
2597 2610 3063 2678 consequentibus
3114 2611 3429 2682 disputator
3465 2629 3593 2683 per—

2010 2704 2296 2753 suasortus
2321 2699 2445 2752 erit.
2486 2698 2591 2752 Sed
2626 2699 2872 2767 quandiu
2910 2700 3146 2767 primum
3190 2703 3596 2758 indemoustra-

2009 2797 2122 2842 tum
2168 2788 2357 2849 fuerit,
2398 2791 2746 2860 nugatorium
2781 2800 2866 2846 est
2912 2793 2965 2844 in
3005 2794 3264 2848 secundis
3299 2796 3587 2850 inhaerere.

2007 2880 2198 2936 Nullus
2246 2882 2376 2935 mihi
2434 2883 2724 2953 subcrepet
2789 2884 2931 2952 quod
2980 2884 3113 2937 illud
3156 2887 3319 2939 etiam
3367 2887 3513 2956 quod
3559 2904 3591 2942 a

2008 2972 2170 3026 nobis
2221 2986 2321 3041 pro
2368 2971 2623 3028 confesso
2677 2974 2927 3037 habetur,
2962 2975 3273 3031 rationibus
3319 2986 3373 3031 et
3422 2994 3593 3047 argu-

2007 3063 2208 3115 mentis
2270 3062 2511 3132 indigeat
2569 3065 2888 3117 confirmari
2955 3075 3009 3121 et
3070 3067 3330 3136 probari;
3392 3069 3591 3123 suﬂicit

2006 3154 2151 3208 enim
2196 3153 2262 3207 ad
2316 3156 2495 3209 nostri
2554 3158 2827 3209 sermonis
2872 3157 3393 3214 demonstrationem
3443 3162 3591 3229 quod

2008 3246 2306 3301 habeamus
2353 3263 2381 3299 a
2430 3248 2677 3316 patrihus
2727 3248 3032 3303 venientem
3087 3252 3155 3304 ad
3189 3267 3292 3305 nos
3332 3252 3591 3308 traditio-

2009 3354 2152 3402 nem,
2193 3338 2339 3392 velut
2376 3337 2747 3393 haereditatem
2790 3341 3087 3408 quamdam
3138 3358 3234 3412 per
3273 3346 3593 3400 successio-

2010 3444 2134 3483 nem
2166 3445 2230 3483 ex
2262 3430 2528 3498 apostolis
2569 3446 2665 3500 per
2704 3441 2925 3487 sanctos
2956 3442 3251 3502 sequentes
3297 3438 3594 3490 transmis-

2011 3534 2151 3573 sam.
2187 3519 2290 3586 Qui
2342 3530 2523 3575 autem
2572 3521 2641 3576 ad
2687 3524 2984 3577 novitatem
3034 3524 3175 3579 hanc
3216 3535 3592 3581 transmutant

2010 3612 2205 3681 dogma
2247 3614 2438 3667 multis
2487 3613 2796 3683 indigerent
2836 3616 3109 3669 rationum
3156 3620 3497 3688 argumentis
3537 3630 3593 3675 et

2010 3703 2246 3765 auxiliis,
2278 3703 2323 3757 si
2354 3719 2461 3757 non
2498 3705 2912 3773 pulverulentos
2938 3715 2992 3760 et
3032 3708 3237 3776 agitato
3264 3709 3453 3765 faciles
3478 3711 3592 3765 sive

2011 3790 2201 3860 Euripi
2241 3808 2393 3846 more
2422 3794 2656 3848 mobiles
2690 3794 2963 3857 homines,
2992 3796 3088 3850 sed
3118 3798 3281 3851 etiam
3315 3814 3509 3868 graves
3537 3810 3593 3854 et

2012 3893 2329 3941 constantes
2382 3894 2436 3940 et
2484 3887 2748 3955 propositi
2800 3896 3025 3942 tenaces
3074 3897 3259 3943 essent
3307 3890 3376 3945 ad
3434 3906 3592 3946 suam

2013 3979 2340 4031 sententiam
2386 3977 2693 4032 adducturi.
2745 3976 2999 4044 Quandiu
3039 3989 3218 4035 autem
3279 3983 3433 4037 rudis
3494 3999 3592 4037 nec

2012 4068 2314 4138 probabilis
2375 4076 2430 4122 et
2480 4069 2953 4127 indemoustratus
3009 4088 3199 4126 eorum
3276 4089 3460 4128 sermo
3516 4078 3592 4129 ita

2013 4157 2344 4227 proferetur,
2405 4158 2588 4212 fatuus
2643 4168 2697 4213 et
2739 4161 2935 4214 brutus
2998 4161 3325 4229 habebitur,
3381 4171 3441 4216 ut
3495 4164 3590 4233 qui

2012 4251 2474 4315 evangelistarum
2506 4258 2561 4304 et
2592 4253 2984 4320 apostolorum,
3019 4262 3074 4309 et
3105 4269 3295 4309 eorum
3322 4257 3414 4325 qui
3438 4257 3594 4311 dein-

2014 4355 2144 4409 ceps
2174 4340 2227 4393 in
2260 4338 2526 4395 Ecclesiis
2551 4340 2875 4405 illuxerunt,
2901 4344 3208 4399 doctrinam
3234 4346 3590 4401 infirmiorem

2014 4429 2499 4483 indemoustrabili
2534 4432 2855 4499 garrulitate
2893 4432 3078 4488 faciat.

2087 4519 2194 4574 Sed
2253 4520 2540 4589 scriptoris
2585 4522 2824 4578 solertia:
2879 4532 2934 4579 et
2986 4525 3191 4594 ingenii
3248 4529 3592 4595 praestantis-

2015 4608 2213 4663 simum
2274 4624 2504 4664 acumen
2556 4612 2976 4682 perspiciamus,
3040 4617 3319 4689 quomodo
3366 4617 3589 4685 quidem

2017 4702 2288 4757 aﬂluentia
2312 4703 2661 4772 experientia:
2676 4705 2975 4761 dialectica:
2992 4707 3047 4761 in
3068 4710 3404 4761 contrarium
3437 4707 3593 4763 facile

2016 4792 2372 4862 simpliciores
2419 4794 2666 4850 attrahit.
2699 4794 2952 4851 Facturae
2975 4808 3027 4851 et
3056 4808 3323 4851 creaturae
3350 4800 3593 4867 appella-

2015 4888 2149 4941 tioni
2180 4903 2367 4942 vocem
2402 4889 2567 4942 etiam
2610 4890 2952 4953 gennematis
3029 4889 3108 4959 (id
3146 4899 3252 4954 est,
3287 4894 3592 4960 progeniei)

2018 4977 2219 5045 adjecit
2263 4992 2387 5029 eum
2442 4976 2600 5039 dixit,
2637 4974 2757 5029 Filii
2788 4979 3086 5032 essentiam
3120 4980 3171 5032 in
3210 4981 3445 5049 seipsam
3481 4983 3595 5035 haac

2017 5070 2243 5123 nomina
2294 5069 2570 5138 recipere;
2627 5077 2685 5123 et
2727 5070 2874 5124 velut
2912 5069 2964 5124 in
2996 5071 3274 5125 ebriorum
3326 5088 3593 5128 consessu

2019 5161 2355 5215 concionans
2397 5161 2601 5214 nemini
2631 5168 2784 5230 putat
2827 5176 2985 5215 suum
3018 5163 3070 5214 in
3107 5162 3358 5232 dogmate
3386 5166 3593 5219 malefi-

2016 5250 2161 5302 cium
2195 5249 2416 5320 planum
2447 5255 2501 5302 et
2527 5249 2873 5317 perspicuum
2906 5248 3045 5304 fore.
3077 5249 3213 5306 Nam
3248 5258 3513 5305 creatura:
3540 5260 3595 5305 et

2017 5340 2243 5395 facturae
2288 5339 2689 5410 compingendo
2732 5355 2996 5409 gennema
3029 5342 3381 5410 (genituram)
3414 5344 3595 5396 nomi-

2018 5448 2148 5487 num
2187 5430 2547 5487 differentiam
2592 5431 2897 5485 secundum
2939 5433 3308 5502 significatum
3358 5434 3498 5486 clam
3540 5444 3595 5488 et

2020 5524 2207 5579 furtim
2253 5539 2313 5579 se
2350 5523 2539 5577 tollere
2585 5522 2886 5584 existimat,
2918 5523 3032 5577 haec
3059 5524 3278 5577 nomina
3313 5539 3434 5593 quae
3466 5527 3593 5577 nul-

2017 5616 2125 5669 lam
2178 5614 2320 5667 inter
2368 5628 2426 5666 se
2469 5612 2675 5666 habent
2721 5613 3188 5677 communionem,
3228 5612 3390 5666 simul
3445 5628 3597 5667 com—

2017 5705 2290 5779 ponendo.
2312 5704 2437 5759 Haec
2461 5712 2590 5759 sunt
2616 5704 2777 5759 docta
2800 5703 3101 5759 dialecticaa
3122 5704 3594 5768 machinamenta;

2026 5800 2120 5857 sed
2161 5815 2261 5857 nos
2306 5798 2471 5855 rudes
2512 5804 2568 5853 et
2623 5797 2853 5868 imperiti
2899 5811 3172 5864 sermone,
3227 5796 3331 5852 hoc
3376 5796 3596 5868 quidem
