4138 6364
490 414 598 469 G55

1768 410 1826 464 ὃ.
1868 408 2199 466 GREGORII
2236 408 2532 466 NYSSENI

3669 400 3773 455 6356

487 545 611 588 esse
661 527 962 585 secundum
1003 542 1191 582 vocem
1232 535 1288 582 et
1336 526 1602 598 linguam,
1657 528 1806 596 quod
1847 529 2067 598 quidem

2195 532 2474 591 Ξείκνυσιν.
2527 530 2626 581 οὑκ
2663 527 2994 598 ἀρνούμεθα.
3035 527 3182 580 Ὠτία
3232 525 3308 589 δὲ,
3343 524 3525 586 καθώς
3561 540 3722 592 φησιν
3746 525 3775 574 ό

491 625 561 678 de
608 621 767 676 nobis
815 621 1161 674 demonstrat
1213 619 1412 682 oratio,
1450 634 1560 672 non
1594 619 1925 675 inliciamur.
1958 621 2074 673 Au-

493 715 700 768 riculas
756 719 959 774 autem,
1019 711 1164 765 sicut
1215 710 1291 763 ait
1326 708 1620 780 Propheta,
1659 711 1819 765 nobis
1861 720 2073 780 aptatas

491 821 616 860 esse
643 815 697 858 et
721 804 1060 873 compositas
1101 803 1167 856 ad
1219 803 1466 856 auditum
1504 804 1640 858 bene
1683 804 2072 873 intelligentem

491 895 839 947 conﬁtemur.
869 891 1161 962 Propterea
1185 907 1282 960 per
1301 907 1618 961 compagem
1644 893 1928 946 nominum
1956 907 2076 961 quae

492 987 698 1039 nullam
751 986 890 1037 inter
939 1000 998 1038 se
1048 984 1254 1037 habent
1293 985 1760 1045 communionem,
1805 983 1870 1036 ad
1908 984 2078 1052 signi-

496 1077 782 1130 ﬁcatorum
806 1073 1188 1129 confusionem
1217 1075 1537 1142 neutiquam
1572 1075 1904 1128 inducimur.
1941 1075 2073 1128 Nam

496 1169 601 1222 etsi
639 1184 870 1236 magnus
896 1167 1195 1236 Apostolus
1221 1166 1276 1220 in
1311 1167 1500 1222 eodem
1525 1167 1792 1220 orationis
1819 1175 2074 1220 contextu

497 1261 745 1314 nominet
784 1261 930 1329 ligna
964 1270 1017 1314 et
1042 1259 1226 1313 fenum
1262 1268 1316 1312 et
1349 1258 1630 1328 stipulam,
1685 1274 1990 1328 aurumque
2023 1266 2078 1312 ct

497 1365 780 1424 argentum
829 1362 882 1407 et
933 1353 1141 1422 lapides
1187 1352 1457 1421 pretiosos
1490 1351 1605 1418 "';
1656 1361 1834 1406 tamen
1866 1360 1921 1406 et
1984 1369 2079 1406 nu-

497 1461 709 1499 merum
743 1461 936 1500 eorum
989 1460 1112 1514 quae
1165 1444 1445 1499 recensuit
1479 1443 1794 1498 summatim
1849 1460 2079 1513 con-npu-

499 1542 704 1598 tamus,
730 1545 896 1604 atque
927 1535 1092 1587 etiam
1127 1543 1378 1587 naturam
1410 1549 1604 1588 corum
1636 1549 1758 1602 quae
1789 1536 2076 1588 nominata

500 1635 630 1680 sunt
660 1627 878 1696 proprie
921 1636 974 1682 et
1018 1627 1373 1696 singulariter
1398 1633 1560 1696 prout
1590 1630 1790 1695 cuique
1821 1628 2078 1680 convenit

503 1734 612 1772 non
668 1719 1074 1788 ignorabimus;
1111 1719 1192 1772 sic
1242 1721 1407 1772 etiam
1440 1734 1587 1771 nunc
1615 1732 1879 1788 gennetna
1909 1727 1964 1771 et
2001 1718 2080 1770 fa-

501 1821 657 1865 ctura
687 1829 810 1866 cum
845 1812 913 1866 de
946 1811 1140 1868 eodem
1178 1813 1458 1866 nominata
1499 1812 1627 1874 sint,
1657 1827 1721 1865 ex
1756 1811 1983 1865 vocibus
2015 1809 2080 1863 ad

2184 625 2498 693 Προφήτης,
2558 621 2920 692 κατηρτίσθαι
2971 622 3066 673 καὶ
3109 622 3241 690 ἡμῖν
3290 619 3428 690 πρὸς
3479 617 3646 689 ἀκοήν
3680 616 3772 667 εὑ·

2186 713 2425 778 σύνετον,
2479 711 2870 782 ὁμολογοῦμεν.
2913 712 3114 782 Διόπερ
3170 711 3320 764 οὐδὲν
3370 709 3459 762 διὰ
3502 710 3598 779 τῆς
3652 725 3776 760 συν-

2184 803 2379 873 αφείας
2426 803 2534 856 τῶν
2570 803 2949 870 ἁκοινωνήτων
2993 802 3271 870 ὀνομάτων
3308 801 3388 862 είς
3421 799 3518 869 τὴν
3547 798 3656 850 τῶν
3677 813 3776 866 ση-

2188 897 2528 968 μαινομένων
2555 895 2816 964 σύγχυσιν
2849 893 3175 963 ὑπαγόμεθα
3202 910 3214 922 ·
3249 891 3383 944 ἀλλὰ
3409 890 3509 943 κᾶν
3540 891 3568 942 ὁ
3597 889 3774 959 μέγας

2199 988 2514 1050 Ἀπόστολος
2533 987 2672 1040 κατὰ
2706 986 2902 1038 ταύτὸν
2956 985 3195 1056 ὀνομάσῃ
3247 983 3380 1050 ξύλα
3415 983 3509 1035 καὶ
3555 980 3770 1049 χόρτον,

2187 1083 2278 1135 καὶ
2309 1081 2578 1152 καλάμην,
2612 1082 2809 1151 χρυσόν
2854 1097 2913 1132 τε
2958 1081 3050 1133 καὶ
3088 1079 3328 1148 ἄργυρον
3359 1077 3452 1128 καὶ
3487 1070 3666 1136 λίθους
3692 1089 3774 1124 τι⁸

2189 1173 2343 1243 μίους
2361 1188 2374 1200 '
2405 1175 2494 1225 καὶ
2524 1174 2614 1225 τὸν
2641 1171 2872 1242 ἀριθμὸν
2896 1171 3002 1224 τῶν
3035 1189 3138 1241 μνη
3149 1169 3517 1239 μονευθέντων
3560 1166 3649 1217 ἐπὶ
3677 1181 3771 1216 κε·

2187 1265 2412 1333 φαλαίου
2452 1264 2895 1334 συλλογιζόμεθα,
2933 1264 3024 1316 καὶ
3062 1263 3158 1333 τήν
3195 1261 3354 1330 φύσιν
3403 1259 3633 1311 ἑκάστου
3664 1257 3774 1308 τῶν

2186 1356 2694 1426 κατωνομασμένων
2741 1354 3048 1418 ἰδιαζόντως
3090 1355 3190 1406 οὑκ
3236 1352 3602 1420 ἁγνοήσομεν’
3629 1345 3777 1399 οὑτω

2187 1447 2278 1500 καὶ
2314 1446 2407 1499 νῦν
2428 1448 2763 1516 γεννήματος
2791 1447 2885 1498 καὶ
2928 1446 3230 1515 ποιήματος
3249 1442 3389 1495 κατὰ
3412 1439 3608 1492 ταύτὸν
3634 1453 3776 1506 μνη-

2191 1538 2576 1607 μονευθέντων,
2619 1539 2683 1589 ἐκ
2734 1535 2841 1588 τῶν
2899 1535 3093 1605 φωνῶν
3144 1533 3236 1587 ἐπὶ
3281 1533 3349 1584 τὰ
3400 1529 3774 1600 σημαινόμενα

2191 1627 2548 1698 μεταϐάντες,
2578 1628 2640 1680 οὑ
2659 1627 2756 1698 τὴν
2785 1629 2955 1696 αὑτὴν
3000 1626 3217 1694 ἑκάστῳ
3255 1624 3359 1675 τῶν
3385 1622 3662 1690 ὀνομάτων
3678 1623 3775 1671 ’ἐνο

2188 1717 2502 1790 θεωροῦμεν
2559 1719 2816 1772 διάνοιαν.
2850 1719 3013 1770 ’Λλλο
3063 1718 3173 1787 γάρ
3214 1733 3268 1768 τι
3313 1715 3372 1768 τὸ
3420 1714 3640 1782 κτίσμα,
3677 1711 3774 1764 καὶ

2187 1813 2371 1880 ἓτερον
2415 1811 2671 1882 σημαίνει
2716 1812 2777 1864 τὸ
2811 1814 3054 1882 γέννημα
3087 1827 3100 1840 ’
3134 1809 3272 1862 ὥστε
3301 1809 3406 1861 κᾶν
3440 1808 3642 1868 ἐκεῖνος
3684 1821 3774 1873 μι-

501 1903 803 1972 signiﬁcata
854 1911 1226 1965 transeuntes,
1276 1918 1384 1957 non
1447 1903 1696 1957 eamdem
1747 1903 1802 1956 in
1859 1917 2079 1972 quoque

2195 1902 2318 1972 γνὺῃ
2342 1902 2409 1954 τὰ
2445 1904 2684 1971 ἄμικτον
2714 1904 2742 1955 ὁ
2781 1902 2998 1964 συνετὸς
3037 1899 3312 1971 ἀκροατὴς
3344 1895 3774 1966 διακεκριμένως

503 1995 787 2048 nominum
839 1995 1257 2063 intelligentiam
1323 1994 1602 2048 intuemur
1654 2013 1670 2048 :
1731 1994 1877 2048 aliud
1929 1995 2074 2048 enim

501 2083 562 2134 τὸ
594 2084 799 2154 κτίσμα
844 2083 1171 2151 (creatura),
1212 2085 1360 2138 aliud
1406 2100 1536 2138 vero
1576 2084 1850 2153 signiﬁcat
1879 2083 1938 2136 τὸ
1961 2084 2086 2150 γέν-

499 2191 648 2243 νημα
725 2174 996 2242 (genitura
1054 2175 1167 2231 sive
1219 2175 1522 2245 progenies)
1607 2173 1684 2227 lta
1739 2183 1798 2226 ut
1853 2176 1954 2228 etsi
2001 2177 2090 2230 ille

501 2264 731 2318 misceat
793 2278 857 2317 ea
908 2279 1028 2334 qua:
1072 2273 1356 2332 nequeunt
1407 2265 1752 2320 commisceri
1805 2286 1816 2319 :
1889 2268 2091 2321 intelli-

504 2371 643 2423 gens
695 2355 916 2418 auditor
964 2355 1226 2410 distincte
1271 2355 1454 2408 audiet
1501 2363 1555 2408 et
1590 2354 2078 2412 demonstrabitex

503 2446 590 2500 his
645 2462 768 2500 esse
828 2463 948 2517 qme
1006 2447 1122 2500 lieri
1172 2463 1280 2500 non
1329 2451 1584 2514 possunt,
1624 2447 1962 2516 γεννήματος
1987 2464 2083 2518 ge-

504 2538 701 2591 nitura:
749 2547 802 2593 et
850 2539 1146 2608 κτίσματος
1190 2539 1418 2592 factura:
1451 2539 1871 2607 appellationem
1917 2555 2079 2592 uuam

505 2629 742 2696 aliquam
797 2630 851 2683 in
899 2631 1136 2700 seipsam
1195 2630 1442 2698 recipere
1493 2638 1767 2682 naturam.
1820 2629 1877 2683 Si
1934 2633 2079 2685 enim

503 2716 700 2772 horum
733 2720 968 2774 alterum
997 2734 1124 2772 vere
1145 2718 1253 2772 dici
1291 2724 1498 2786 posset,
1523 2716 1867 2770 mendacium
1894 2732 2083 2772 neces-

506 2811 655 2863 sario
679 2813 784 2864 erit
814 2811 1067 2864 alterum.
1109 2808 1292 2875 Quare
1334 2810 1379 2863 si
1421 2810 1628 2877 κτίσμα
1664 2807 1875 2862 factura
1911 2821 2080 2874 esset,

2184 1993 2475 2046 ἀκούσεται
2506 1994 2597 2045 καὶ
2631 1993 2794 2058 δείξει
2816 1993 2922 2046 τῶν
2950 1991 3227 2045 ἀδυνάτων
3258 1986 3394 2041 εἶναι
3421 1987 3516 2057 τὴν
3539 1985 3631 2038 τοῦ
3649 2001 3775 2052 γεν-

2186 2084 2424 2154 νήματος
2465 2086 2559 2137 καὶ
2604 2085 2703 2153 τήν
2751 2083 2844 2136 τοῦ
2873 2083 3170 2153 κτίσματος
3211 2077 3602 2149 προσηγορίαν,
3648 2073 3774 2144 μίαν

2187 2176 2308 2227 τινὰ
2355 2175 2516 2243 φύσιν
2566 2177 2645 2236 εἰς
2701 2176 2899 2246 ἑαυτήν
2942 2173 3211 2244 δέχεσθαι.
3250 2172 3312 2225 Εἰ
3358 2171 3465 2240 γὰρ
3494 2167 3554 2219 τὸ
3586 2167 3775 2234 ἕτερον

2186 2267 2504 2335 ἀληθεύοιτο
2552 2268 2776 2331 τούτων,
2837 2267 3027 2336 ψεῦδος
3083 2266 3142 2331 ἐξ
3201 2264 3444 2330 ἀνάγκης
3506 2260 3657 2311 ἔσται
3714 2257 3778 2308 τὸ

2186 2359 2391 2429 ἕτερον.
2424 2361 2586 2413 Ὥστε
2630 2363 2676 2412 εί
2720 2359 2922 2429 κτίσμα
2955 2360 3061 2429 εἴη,
3105 2357 3178 2428 μή
3207 2353 3344 2408 εἶναι
3370 2355 3616 2422 γέννημα
3641 2367 3652 2380 ·
3681 2349 3776 2400 καὶ

2185 2450 2246 2503 τὸ
2274 2451 2529 2522 ἔμπαλιν,
2579 2453 2627 2504 εί
2671 2453 2916 2522 γέννημα
2955 2451 3185 2518 λέγοιτο,
3241 2443 3647 2514 ἁλλοτριοῦσθαι
3673 2440 3778 2509 τῆς

2183 2544 2502 2615 ἐπωνυμίας
2531 2545 2623 2597 τοῦ
2677 2545 2996 2614 κτίσματος.
3029 2542 3190 2596 Ἀλλά
3238 2558 3404 2610 φησιν
3425 2541 3452 2592 ὁ
3489 2537 3775 2604 Εὑνόμιος,

2184 2637 2267 2697 ἐἰς
2288 2636 2486 2707 ἑαυτὴν
2537 2638 2787 2707 δέχεσθαι
2838 2637 2932 2690 τοῦ
2987 2635 3116 2689 Υίοῦ
3148 2635 3244 2705 τὴν
3279 2633 3465 2686 οὐσίαν
3525 2629 3625 2693 τὰς
3678 2623 3776 2678 τοῦ

2187 2729 2529 2796 γεννήματος
2595 2729 2688 2781 καὶ
2741 2729 3042 2799 ποιήματος
3114 2727 3208 2779 καὶ
3259 2726 3557 2794 κτίσματος
3609 2734 3778 2788 προσο

2191 2819 2436 2888 ηγορίαςκ

506 2919 617 2956 non
643 2910 786 2957 esset
820 2901 1065 2970 γέννημα
1099 2900 1394 2969 (genitura)
1430 2917 1443 2951 :
1487 2909 1539 2953 et
1605 2901 1722 2952 vice
1761 2913 1939 2961 versa,
2007 2903 2051 2954 si

2195 2925 2365 2978 ννημα
2420 2909 2714 2979 (genitura)
2744 2909 3041 2971 diceretur,
3092 2908 3426 2961 alienaretur
3472 2919 3500 2956 a
3554 2902 3779 2956 factum:

505 2991 750 3046 nomine.
803 2989 908 3044 Sed
957 2991 1034 3042 ait
1062 2991 1068 2996 '
1095 2989 1421 3052 Eunomius,
1454 2988 1506 3040 in
1541 2989 1781 3056 seipsam
1831 2989 2075 3058 recipere

2196 2999 2249 3050 lii
2298 3000 2595 3054 essmitiam
2646 3002 2982 3070 γεννήματος
3037 3000 3339 3069 (genituris)
3387 3006 3441 3050 et
3475 2995 3780 3065 ποιήματος

507 3083 778 3154 (factum)
813 3091 865 3136 et
899 3083 1196 3151 κτίσματος
1243 3081 1556 3151 (creatum)
1590 3081 2007 3148 appellationes.

581 3178 686 3232 Sed
730 3176 977 3246 nunquid
1011 3193 1108 3246 per
1154 3193 1218 3230 ea
1271 3192 1392 3245 qua:
1424 3186 1734 3245 sequuntur
1788 3177 1933 3230 hunc
1960 3177 2081 3230 sine

2260 3182 2350 3251 Μή
2376 3199 2428 3233 τι
2453 3182 2540 3234 διὰ
2566 3181 2672 3234 τῶν
2702 3181 3008 3234 ὑπολοίπων
3047 3178 3494 3250 κατησφαλίσατο
3521 3177 3611 3231 τὸν
3649 3175 3779 3230 ἀκέ-

509 3269 692 3339 capite
735 3277 790 3322 et
829 3268 949 3324 sine
994 3267 1186 3322 radice
1227 3282 1540 3321 sermonem
1577 3268 1942 3329 conlirmavit,
1989 3269 2082 3336 qui

2195 3271 2360 3340 φαλον
2395 3272 2582 3325 τοῦτον
2609 3273 2703 3325 καὶ
2735 3270 2958 3342 ἄρριζον
2983 3271 3162 3338 λόγον,
3226 3267 3284 3332 ὃς
3313 3268 3536 3338 οὐδεμιᾷ
3559 3267 3643 3319 διὰ
3669 3269 3780 3319 τῶν

510 3361 728 3428 quidem
777 3375 844 3414 ex
876 3361 944 3413 iis
972 3375 1093 3427 quae
1125 3359 1280 3428 prius
1328 3357 1474 3411 dicta
1527 3366 1656 3413 sunt
1704 3359 1854 3411 nullo
1889 3359 2086 3412 robore

510 3450 774 3506 fundatus
822 3459 908 3505 est
985 3451 1049 3503 ad
1115 3449 1166 3502 id
1238 3451 1384 3518 quod
1429 3449 1921 3517 snperaedilicatum
1982 3452 2097 3503 est?

510 3542 595 3596 An
645 3543 808 3597 etiam
841 3542 1050 3610 reliqua
1080 3540 1270 3594 eadem
1297 3540 1540 3595 vanitate
1570 3540 1842 3604 laborant,
1870 3557 1900 3593 a
1935 3541 2089 3593 nullo

513 3653 579 3692 ex
597 3634 908 3689 rationibus
929 3635 1098 3702 petito
1123 3633 1325 3686 auxilio
1350 3633 1519 3685 robur
1540 3632 1770 3701 adepta;
1800 3632 1893 3685 sed
1920 3632 2088 3684 latam

511 3737 569 3783 et
607 3726 940 3782 inconditam
987 3725 1136 3780 velut
1167 3726 1219 3778 in
1251 3724 1589 3779 somniorum
1633 3724 1950 3777 narratione
1982 3724 2092 3776 bla-

511 3820 776 3890 sphemiae
801 3819 1203 3887 expositionem
1253 3817 1536 3870 habentia?
1564 3815 1707 3870 Dicit
1747 3816 1892 3870 enim
1925 3816 2090 3870 dictis

513 3907 630 3960 ιιιεο
682 3914 985 3960 annectens
1037 3924 1049 3959 :
1102 3903 1477 3958 Immediatam
1524 3906 1730 3974 quidem
1784 3907 1889 3958 sive
1946 3906 2092 3958 nullo

506 3999 893 4052 intercurrente
927 3995 1098 4049 medio
1132 3996 1404 4049 habentem
1437 3998 1846 4062 generationem,
1891 3996 2091 4062 impar—

515 4087 738 4141 tibiliter
769 4098 943 4139 autem
974 4094 1266 4140 servantem
1295 4101 1413 4137 cum
1439 4101 1499 4137 eo
1533 4086 1623 4153 qui
1651 4087 1829 4154 genuit
1869 4095 1917 4138 et
1949 4086 2091 4152 fecit,

509 4186 564 4230 et
595 4178 787 4229 creavit
823 4177 1154 4229 relationem.
1183 4175 1238 4228 Si
1267 4177 1435 4235 enim,
1465 4191 1530 4227 eo
1553 4176 1774 4244 dempto
1802 4191 1911 4244 quo
1937 4177 2090 4241 dicit,

505 4268 878 4322 ‘immediatum
905 4279 953 4320 et
981 4265 1380 4334 impartibilem,
1427 4265 1601 4333 ipsam
1650 4266 1703 4318 in
1746 4267 1927 4336 seipsa
1969 4282 2092 4321 ver-

515 4359 707 4412 borum
759 4358 1090 4411 sententiam
1143 4367 1476 4425 spectemus,
1540 4357 1884 4410 inveniemus
1942 4357 2090 4427 quod

502 4450 723 4519 'ubique
763 4449 1027 4503 doctrinae
1071 4448 1324 4502 delirium
1349 4456 1404 4502 et
1434 4462 1614 4502 meras
1639 4464 1812 4514 nugas
1839 4450 2096 4518 nulloque

519 4539 754 4592 rationis
800 4546 1078 4592 momento
1107 4538 1490 4592 conﬁrmatum
1526 4553 1834 4592 sermonem
1867 4540 2096 4593 auribus

2197 3364 2428 3434 πρώτων
2463 3365 2768 3434 κατεδλήθη
2795 3364 2930 3433 πρὸς
2962 3363 3024 3415 τὸ
3053 3360 3597 3428 κατασκευαζόμενον
3617 3358 3778 3411 δυνά·-

2201 3467 2316 3519 μει;
2340 3453 2405 3502 Ἦ
2438 3453 2532 3506 καὶ
2561 3451 2630 3504 τὰ
2651 3450 2812 3503 λοιπὰ
2842 3450 2941 3519 τῆς
2975 3450 3144 3513 αὑτῆς
3179 3448 3359 3517 ἔχεται
3397 3447 3776 3517 ματαιότητος,

2195 3541 2296 3593 οὑκ
2326 3543 2433 3596 ἀπό
2465 3561 2606 3606 τινος
2629 3545 2726 3613 τῆς
2773 3545 2837 3595 ἐκ
2877 3543 2984 3595 τῶν
3025 3542 3298 3610 λογισμῶν
3326 3541 3643 3610 συμμαχίας
3679 3544 3778 3610 τὴν

2201 3635 2352 3704 ἰσχὺν
2385 3635 2758 3704 προλαϐόντα·
2822 3633 2958 3687 ἀλλὰ
3006 3633 3306 3701 διεξοδικήν
3347 3649 3404 3683 τε
3438 3632 3534 3683 xui.
3573 3631 3780 3684 ἀκατά-

2200 3742 2394 3778 σκευον
2423 3725 2612 3796 ὥσπερ
2635 3726 2726 3778 ἐπὶ
2740 3726 2838 3795 τῆς
2860 3725 2966 3778 τῶν
2991 3725 3217 3795 ὀνείρων
3238 3724 3539 3794 διηγήσεως
3560 3723 3657 3794 τήν
3677 3721 3780 3790 τῆς

2201 3817 2547 3886 βλασφημίας
2577 3816 2788 3868 ἔκθεσιν
2831 3814 3052 3884 ἕχοντα;
3083 3817 3245 3883 Λέγει
3273 3815 3382 3886 γὰρ
3414 3818 3527 3876 τοῖς
3551 3815 3778 3883 εἰρημέ-

2198 3924 2309 3970 νοις
2329 3907 2664 3974 ὲπισυνάψας
2687 3905 2860 3960 ταῦτα
2887 3923 2900 3937 ·
2930 3908 3011 3959 δτι
3039 3907 3447 3976 Ἀμεσίτευτον
3462 3905 3578 3974 μὲν
3605 3905 3783 3973 ἐχου-

2200 4015 2322 4052 σαν
2363 3997 2478 4065 τὴν
2530 3998 2854 4068 γέννησιν,
2884 3999 3210 4066 ἀμερίστως
3244 3997 3310 4050 δὲ
3332 3994 3645 4055 σώζουσαν
3666 3991 3784 4060 τὴν

2201 4093 2348 4161 πρὸς
2396 4092 2503 4145 τὸν
2559 4092 2957 4161 γεγεννηκότα
2997 4091 3093 4143 καὶ
3130 4087 3496 4154 πεποιηκότα
3527 4086 3624 4138 καὶ
3653 4086 3781 4137 κτί-

2201 4201 2395 4237 σαντα
2421 4183 2661 4252 σχέσιν.
2695 4183 2757 4234 Εί
2808 4180 2917 4252 γὰρ
2955 4181 3016 4232 τὸ
3043 4178 3394 4248 ἁμεσίτευτόν
3417 4195 3476 4229 τε
3517 4178 3612 4229 καί⁹
3642 4175 3782 4246 ἁμέ-

2205 4293 2387 4342 ριστον
2429 4275 2840 4336 καταλιπόντες,
2867 4271 3035 4342 αὑτὴν
3063 4270 3147 4338 ἐφ’
3179 4271 3377 4340 ἑαυτῆς
3400 4270 3783 4339 θεωρήσαιμεν

2202 4365 2300 4436 τὴν
2331 4365 2439 4417 τῶν
2472 4365 2732 4435 ῥημάτων
2771 4363 3034 4426 διάνοιαν,
3071 4361 3373 4432 εὑρήσομεν
3400 4361 3480 4412 ὅτι
3505 4358 3786 4428 πανταχοῦ

2203 4457 2263 4508 τὸ
2290 4455 2527 4526 ληρῶδες
2550 4455 2650 4524 τῆς
2685 4453 3028 4515 διδασκαλίας
3061 4452 3127 4504 δι’
3162 4451 3373 4512 οὐδενὸς
3409 4448 3782 4519 ἱσχυροποιού-

2209 4564 2366 4618 μενον
2388 4547 2542 4615 λόγου
2573 4549 2690 4608 ταῖς
2714 4546 2903 4607 ἀκοαῖς
2928 4544 3036 4596 τῶν
3063 4543 3436 4610 ἁπατωμένων
3453 4539 3784 4610 προσρίπτε-

518 4629 872 4697 deceptorum
928 4629 1165 4698 projicit.
1227 4626 1362 4680 Eum
1393 4627 1482 4695 qui
1531 4630 1728 4698 genuit,
1787 4630 1988 4700 inquit,
2042 4641 2086 4684 et

2198 4655 2308 4690 ται.
2363 4637 2473 4690 Τὸν
2526 4637 2944 4704 γεγεννηκότα,
2988 4633 3143 4704 φησὶ,
3199 4633 3295 4686 καὶ
3347 4631 3640 4684 κτίσαντα
3681 4630 3781 4682 καὶ

519 4721 610 4788 qui
658 4721 871 4782 creavit,
941 4727 990 4771 et
1046 4720 1135 4786 qui
1188 4718 1332 4786 (iecit.
1382 4717 1509 4773 Παξο
1572 4720 1675 4773 etsi
1740 4720 1844 4772 tria
1907 4721 2100 4774 viden-

520 4829 632 4876 tur.
659 4819 892 4872 duorum
925 4826 1104 4870 tamen
1128 4832 1393 4870 sensuum
1420 4815 1841 4886 signiﬁcantiam
1873 4816 2096 4878 habent,

521 4911 651 4979 quia
695 4909 819 4963 duae
859 4917 990 4962 sunt
1023 4924 1088 4960 ex
1135 4908 1215 4961 eis
1267 4922 1429 4962 voces
1484 4923 1606 4976 qum.
1662 4908 1993 4976 :equivalent
2045 4917 2098 4962 et

522 4998 859 5052 conveniunt
895 4999 1036 5050 inter
1057 5012 1116 5050 se
1147 4997 1200 5049 in
1226 4997 1416 5051 eodem
1443 5013 1628 5050 sensu.
1659 4995 1793 5048 Nam
1820 4995 1880 5048 τὸ
1901 4998 2094 5062 ποιεῖν,

523 5089 628 5142 hoc
663 5096 748 5142 est
780 5087 974 5156 facere,
1005 5095 1059 5140 et
1083 5085 1142 5139 τὸ
1165 5085 1367 5149 κτίζειν
1402 5088 1500 5157 (a),
1532 5087 1583 5140 id
1615 5094 1698 5140 est
1726 5103 1928 5151 creare,
1961 5088 2100 5142 idem

523 5193 604 5235 est
649 5196 910 5250 prorsus;
949 5196 1138 5235 verum
1167 5182 1448 5248 generatio
1519 5180 1700 5234 dillert
1736 5180 1806 5232 ah
1830 5182 2099 5248 utrisque.

522 5275 661 5328 Cum
708 5272 877 5342 igitur
923 5274 1235 5326 communis
1283 5271 1566 5326 hominum
1608 5271 1798 5340 opinio
1839 5271 1906 5326 ad
1945 5271 2102 5325 diﬂ'e-

525 5366 760 5419 rentiam
786 5379 981 5418 sensus
1000 5379 1067 5418 ex
1089 5364 1377 5418 verborum
1403 5362 1767 5428 signiﬁcantia
1791 5361 2101 5426 dividatur,-

596 5523 661 5554 ²⁸⁹
698 5523 712 5575 Ι
747 5520 872 5576 Cor.
912 5536 994 5584 ut,
1037 5521 1120 5576 1‘2.

598 5684 676 5751 (α)
701 5684 812 5738 lloc
842 5684 1072 5738 verbum
1104 5691 1187 5738 est
1218 5681 1520 5737 secundum
1541 5681 1786 5737 Graecam
1827 5683 2104 5748 phrasim;

531 5772 654 5809 nam
715 5771 812 5824 pro
862 5755 1052 5808 eodem
1108 5754 1168 5806 τὸ
1218 5751 1421 5824 κτίζειν
1474 5759 1532 5824 et
1583 5752 1644 5804 τὸ
1702 5756 1876 5805 ποιεῖν
1931 5752 2105 5807 ϐιαιυί

531 5822 760 5896 ponunt.
785 5824 965 5879 Latini
1011 5831 1192 5879 autem
1232 5823 1451 5879 diﬂ'erre
1485 5822 1678 5878 dicunt
1705 5839 1720 5878 :
1746 5838 1868 5877 nam
1901 5837 2089 5878 creare

2207 4726 2568 4794 ποιήσαντα.
2627 4721 2810 4778 Ταῦτα
2850 4723 2953 4775 κᾶν
3005 4721 3133 4793 τρία
3169 4719 3336 4782 δοκεῖ,
3375 4719 3468 4772 δύο
3496 4718 3784 4789 νοημάτων

2207 4818 2321 4886 ἔχει
2379 4816 2478 4885 τήν
2523 4817 2817 4886 σημασίαν,
2864 4813 2940 4883 τῷ
2977 4812 3076 4875 τὰς
3113 4812 3206 4866 δύο
3235 4812 3414 4881 φωνὰς
3447 4811 3784 4880 ἰσοδυναμεῖν

2206 4908 2461 4978 ἀλλήλαις
2489 4910 2629 4960 κατᾶ
2660 4909 2758 4978 τήν
2783 4908 3009 4960 ἔννοιαν.
3030 4906 3102 4958 Τὸ
3125 4906 3230 4977 γὰρ
3255 4903 3474 4972 ποιήσαι
3493 4902 3571 4973 τῷ
3600 4903 3782 4956 κτίσαι

2203 5004 2399 5056 ταύτόν
2428 5005 2572 5055 ἐστιν
2593 5018 2604 5030 ο
2631 5002 2814 5072 ἕτερον
2840 5001 2897 5053 δὲ
2916 5005 2980 5054 τὰ
3000 5019 3072 5054 πα
3083 5001 3148 5070 ρὰ
3170 4999 3430 5068 εἰρημένα
3449 4999 3481 5067 ἡ
3510 4998 3780 5066 γέννησις.

2206 5095 2318 5164 Τῆς
2342 5091 2433 5148 οὑν
2465 5094 2650 5162 κοινῆς
2679 5093 2788 5146 τῶν
2816 5093 3115 5163 ἀνθρώπων
3141 5091 3482 5160 ὑπολήψεως,
3507 5089 3642 5159 πρὸς
3673 5089 3788 5142 δια-

2206 5187 2404 5257 φόρους
2429 5185 2636 5247 ὲννοίας
2667 5186 2730 5237 ἐκ
2774 5185 2873 5253 τῆς
2902 5185 3007 5236 τῶν
3033 5182 3292 5253 ῥημάτων
3330 5180 3604 5250 σημασίας
3627 5196 3786 5250 μερι-

2206 5280 2458 5349 ζομένης,
2508 5278 2590 5340 τίς
2636 5278 2768 5347 ἡμῖν
2830 5275 3069 5341 ἐπέδειξε
3119 5275 3274 5342 λόγος
3314 5272 3510 5325 ταύτὸν
3540 5267 3677 5323 εἶναι
3716 5273 3784 5340 τῇ

2205 5371 2456 5438 γεννήσει
2514 5367 2573 5420 τὸ
2630 5365 2868 5436 ποίημα·
2929 5365 3017 5418 ἵνα
3060 5365 3156 5434 τὴν
3207 5364 3333 5432 μίαν
3368 5362 3553 5415 οὑσίαν
3582 5364 3648 5432 τῇ
3677 5359 3784 5412 τῶν

2214 5691 2432 5763 proprie
2465 5690 2700 5763 dicitur,_
2732 5706 2798 5745 ex
2843 5689 3037 5757 nihilo,
3087 5687 3270 5744 facere
3311 5700 3440 5742 vero
3482 5700 3548 5742 ex
3603 5700 3786 5758 aliqua

2213 5761 2460 5834 Subiecta
2510 5761 2761 5816 materia.
