4138 6364
319 417 425 474 657

1411 419 1694 475 comas
1729 381 2120 488 EUNOMI‘UM,
2163 423 2292 478 ua.
2334 423 2424 478 tv.

3489 417 3595 476 658

326 535 596 610 ῥημάτων
623 533 874 606 διαφορᾷ,
913 533 1390 604 προσαρμόσωμεν
1416 550 1430 598 ;
1467 534 1613 598 Ἕως
1641 534 1749 607 γὰρ
1776 535 1840 590 ἂν
1873 538 1908 606 ή

2014 553 2134 608 qua
2180 539 2320 594 ratio
2359 539 2520 594 nobis
2571 537 2820 594 ostendit
2863 537 3008 593 idem
3041 552 3165 594 esse
3201 551 3326 592 cum
3358 550 3592 608 genera.

325 625 562 697 συνήθης
595 629 768 697 κρατῇ
806 626 1052 696 σημασία
1077 624 1186 678 τῶν
1233 623 1451 688 λέξεων,
1485 627 1580 678 καὶ
1606 626 1798 698 μηδεὶς
1819 627 1910 679 εὖ-

329 718 573 788 ρίσκεται
629 717 786 786 λόγος
814 720 842 770 ὁ
873 716 1294 787 μετασκευάζων
1325 719 1406 780 εἰς
1434 717 1496 770 τὸ
1537 719 1780 773 ἐναντίον
1811 718 1910 782 τὰς

320 809 432 862 τῶν
487 808 746 880 ῥημάτων
795 809 1096 880 ἐμφάσεις·
1127 809 1225 862 οὐκ
1283 809 1559 880 ἐνδέχεται
1613 811 1742 880 μίαν
1785 811 1910 864 τινὰ

327 904 488 972 φύσιν
527 903 661 967 πρὸς
707 902 808 974 τὴν
862 902 954 956 τοῦ
997 903 1304 973 ποιήματος
1332 903 1427 956 καὶ
1452 906 1792 973 γεννήματος
1824 904 1911 956 ἐν·

326 1011 472 1048 νοιαν
509 995 904 1064 διασχισθῆναι.
946 994 1163 1064 Ἐπειδὴ
1195 997 1300 1066 γὰρ
1350 997 1434 1062 ἐφ’
1459 996 1654 1048 ἑαυτοῦ
1684 996 1916 1066 λεγόμε-

328 1103 416 1138 νον
441 1085 644 1138 τούτων
677 1085 952 1155 ἑκάτερον,
996 1084 1300 1148 ἰδιάζουσαν
1323 1085 1438 1155 ἔχει
1471 1084 1570 1156 τὴν
1593 1086 1912 1155 ἑρμηνείαν,

327 1175 542 1247 ἀνάγκη
570 1179 742 1238 πᾶσα,
781 1175 989 1230 οἰκείαν
1019 1193 1076 1229 τε
1117 1177 1210 1230 καὶ
1254 1177 1493 1246 συγγενῆ
1533 1179 1645 1240 τοῖς
1685 1177 1912 1248 ὀνόμασι

331 1268 756 1322 συνεπινοεῖσθαι
787 1269 880 1322 καί⁹
922 1267 1021 1338 τὴν
1067 1269 1320 1340 σχετικὴν
1350 1268 1630 1336 συζυγίαν.
1667 1271 1776 1322 Καὶ
1805 1269 1914 1338 γὰρ

329 1359 397 1412 τὰ
439 1359 600 1412 λοιπὰ
647 1360 754 1412 τῶν
794 1361 931 1431 πρός
961 1377 1016 1412 τι
1047 1359 1378 1430 λεγομένων,
1411 1360 1473 1414 οὐ
1505 1360 1640 1432 πρὸς
1665 1361 1727 1413 τὸ
1757 1361 1906 1414 ἀλλό-

327 1454 476 1522 τριόν
503 1471 560 1505 τε
585 1453 680 1506 καὶ
711 1452 1082 1522 ἀκατάλληλον
1109 1453 1222 1523 ἔχει
1252 1455 1352 1525 τὴν
1384 1453 1716 1524 οἰκειότητα.
1755 1454 1914 1508 Ἀλλὰ

330 1544 434 1596 κᾶν
471 1543 716 1614 σιωπηθῇ
752 1545 888 1614 πρὸς
925 1545 953 1598 ὃ
992 1545 1232 1613 λέγεται,
1280 1545 1603 1615 αὐτομάτως
1640 1545 1777 1616 μετὰ
1819 1547 1912 1600 τοῦ

329 1635 684 1704 πρωτοτὺπου
715 1635 808 1688 καὶ
833 1634 893 1688 τὸ
914 1635 1341 1706 συνεζευγμένον
1362 1635 1622 1690 ἀκούεται
1645 1651 1658 1663 ·
1689 1630 1800 1689 οἷον
1821 1637 1915 1706 δη-

331 1726 609 1795 μιουργὸς,
647 1725 852 1791 δοῦλος,
883 1728 1053 1795 φίλος,
1087 1729 1219 1792 υἱὸς,
1243 1727 1429 1780 καὶτὰ
1458 1727 1703 1782 τοιαῦτα.
1731 1728 1914 1782 Πάντα

327 1815 434 1884 γὰρ
460 1815 560 1868 ὅσα
587 1818 652 1886 τῇ
688 1817 822 1888 πρὸς
853 1817 1040 1887 ἕτερον
1073 1818 1326 1888 ἀναφορᾷ
1367 1816 1678 1887 θεωρεῖται,
1708 1819 1807 1888 τὴν
1829 1820 1912 1871 oi—

327 1906 481 1959 κείαν
507 1906 756 1971 ἕκαστον,
788 1909 880 1961 καὶ
917 1910 1269 1981 συνημμένην
1292 1911 1385 1964 τοῦ
1419 1910 1752 1980 δηλουμένου
1779 1928 1912 1980 συγ·
1943 1883 1990 1942 Β

327 1998 542 2062 γένειαν
579 1998 665 2050 διὰ
709 1999 810 2067 τῆς
855 1999 1223 2070 προσηγορίας
1266 2001 1628 2072 παρίστησιν,
1682 2003 1914 2071 ἄμικτον

329 2088 521 2159 ἔχοντα
547 2089 645 2160 τὴν
691 2090 825 2159 πρὸς
861 2091 922 2142 τὸ
950 2092 1262 2162 ὲτερογενὲς
1303 2092 1606 2146 κοινωνίαν.
1638 2092 1776 2145 Οὔτε
1805 2093 1914 2164 γὰρ

327 2179 422 2232 τοῦ
451 2179 785 2250 δημιουργοῦ
814 2181 875 2234 τὺ
913 2181 1080 2251 ὄνομα
1110 2183 1187 2252 τῷ
1232 2182 1336 2254 υἱῷ
1379 2185 1757 2250 συνέζευκται,
1789 2185 1912 2239 οὔτε

329 2271 362 2339 ἡ
388 2267 481 2322 τοῦ
509 2269 698 2322 δούλου
723 2271 874 2342 φωνὴ
917 2272 1055 2341 πρὸς
1078 2272 1168 2324 τὸν
1207 2271 1535 2342 δημιουργὸν
1557 2273 1910 2343 ἀναφέρεται,

325 2359 450 2414 οὔτε
480 2362 508 2412 ὀ
539 2360 692 2430 φίλος
713 2361 802 2414 τὸν
830 2363 1014 2416 δοῦλον
1053 2364 1342 2433 ἐδήλωσεν,
1369 2364 1491 2417 οὔτε
1519 2368 1545 2418 ὁ
1577 2366 1691 2429 υίὸς
1715 2367 1804 2420 τὸν
1831 2368 1916 2420 δε-

331 2452 536 2521 σπότην
554 2470 568 2483 ·
593 2451 730 2506 ἀλλὰ
753 2455 995 2526 φανερὰν
1016 2457 1108 2508 καὶ
1127 2457 1548 2527 διακεκριμένην
1567 2458 1771 2513 τούτων
1791 2461 1916 2514 ἑκά-

331 2560 458 2595 στου
481 2543 581 2614 τὴν
608 2543 744 2615 πρὸς
783 2546 843 2598 τὸ
887 2548 1221 2617 κατάλληλον
1267 2547 1531 2616 συζυγίαν
1563 2550 1918 2618 ἐπιγινώσκο-

333 2651 451 2702 μεν,
480 2637 725 2701 νοοῦντες
757 2637 847 2690 διὰ
880 2639 976 2707 μὲν
1008 2639 1102 2692 τοῦ
1139 2640 1294 2708 φίλου
1333 2640 1518 2712 ἕτερον
1542 2641 1715 2708 φίλον,
1740 2643 1828 2696 διὰ
1858 2643 1914 2696 δὲ

327 2725 422 2778 τοῦ
440 2726 624 2780 δούλου
643 2729 734 2782 τὸν
759 2729 950 2799 κύριον
965 2747 977 2762 ’
995 2731 1056 2784 τὸ
1078 2731 1132 2784 δὲ
1158 2731 1318 2802 ἔργον
1341 2732 1428 2784 διὰ
1444 2733 1539 2786 τοῦ
1557 2734 1911 2804 δημιουργοῦ,

329 2816 424 2868 καὶ
448 2816 532 2869 διὰ
551 2817 646 2870 τοῦ
688 2817 804 2871 υίοῦ
831 2819 919 2872 τὸν
952 2821 1188 2890 πατέρα.
1221 2821 1378 2874 Οὕτω
1396 2822 1574 2875 τοίνυν
1589 2823 1681 2876 καὶ
1703 2823 1764 2875 τὸ
1792 2823 1916 2891 γέν-

327 2924 476 2978 νημα
499 2911 634 2979 πρός
662 2928 712 2962 τι
747 2911 843 2982 τὴν
861 2911 1056 2982 κυρίαν
1090 2913 1329 2982 ἔμφασιν
1362 2913 1496 2984 ἔχει.
1553 2914 1764 2968 Οὐκοῦν
1793 2933 1916 2968 συν-

329 2998 582 3062 έζευκται
605 3001 683 3072 τῷ
711 3003 808 3071 μὲν
833 3005 1134 3074 γεννήματι
1165 3006 1194 3057 ὁ
1223 3007 1514 3075 γεννήσας,
1549 3005 1626 3076 τῷ
1653 3006 1914 3075 κτίσματι

325 3088 356 3138 ὸ
377 3088 652 3151 κτίσας.(α
661 3101 697 3150 1-
715 3095 823 3146 Καὶ
839 3092 918 3145 δεῖ
939 3092 1160 3158 πάντος,
1178 3093 1292 3161 εἴγε
1313 3095 1387 3164 μὴ
1409 3093 1698 3164 μέλλοιμεν
1715 3093 1916 3162 σύγχυ-

329 3179 414 3228 σίν
477 3195 598 3230 τινα
637 3175 745 3230 τῶν
796 3179 1140 3247 πραγμάτων
1200 3180 1289 3232 διὰ
1331 3185 1432 3250 τῆς
1470 3183 1578 3234 τῶν
1636 3183 1913 3254 ὀνομάτων

2010 631 2160 686 tione
2207 630 2475 686 facturam
2515 648 2528 684 :
2575 630 2648 685 ita
2698 637 2758 684 ut
2813 645 2977 684 unam
3019 630 3375 699 eamdemque
3405 644 3596 682 essen-

2012 723 2144 776 tiam
2174 723 2464 778 verborum
2494 721 2820 780 differentia:
2853 721 3376 778 accommodemus?
3413 719 3598 776 Donec

2011 813 2156 866 enim
2181 811 2486 867 dictionum
2519 811 2810 868 familiaris
2833 813 3204 883 signiﬁcantia
3227 812 3594 883 praei-aluerit,

2011 913 2067 960 et
2105 905 2256 959 nulla
2297 904 2612 960 inveniatur
2655 905 2797 959 ratio
2833 921 2955 974 qttae
3007 905 3302 958 verborum
3353 904 3410 958 in
3460 919 3594 957 con-

2013 996 2242 1050 trarium
2277 1003 2610 1050 transmutet
2647 1003 2807 1050 notas
2849 995 3308 1065 signiﬁcationes,
3337 1012 3447 1050 non
3473 995 3596 1050 fieri

2013 1096 2192 1159 potest
2223 1099 2282 1142 ut
2312 1105 2420 1142 uua
2447 1090 2627 1158 aliqua
2655 1098 2856 1142 natura
2891 1088 2958 1142 ad
2989 1087 3218 1142 facturae
3248 1095 3300 1143 et
3331 1088 3598 1159 genitura:

2014 1181 2264 1236 notitiam
2323 1181 2668 1236 discindatur
2717 1198 2732 1234 :
2785 1181 3235 1251 quandoquidem
3293 1181 3348 1235 in
3405 1181 3590 1248 seipsn

2015 1285 2140 1324 cum
2192 1269 2396 1324 dicitur
2441 1270 2636 1324 horum
2687 1279 3007 1338 utrumque.
3055 1270 3388 1340 peculiarem
3435 1269 3599 1324 habet

2017 1364 2548 1434 interpretationem,
2599 1377 2831 1416 necesse
2871 1370 2957 1416 est
3001 1377 3252 1431 prorsus,
3289 1361 3598 1430 propriam-

2013 1471 2122 1526 que
2153 1463 2208 1509 et
2236 1463 2522 1524 cognatam
2565 1467 2690 1508 eum
2735 1453 3054 1509 nominibus
3089 1462 3272 1507 tuente
3307 1454 3598 1522 concipere

2015 1555 2260 1602 mutuam
2277 1555 2331 1600 et
2353 1545 2634 1600 relativam
2664 1544 2787 1612 conj
2799 1545 3133 1614 ugationem.
3159 1542 3294 1598 Nam
3313 1551 3368 1599 et
3384 1544 3596 1612 reliqua

2015 1652 2138 1706 quae
2183 1637 2357 1691 relata
2389 1635 2674 1696 dicuntur,
2709 1650 2818 1688 non
2843 1634 2910 1688 ad
2943 1635 3050 1688 alia
3087 1650 3209 1703 qua:
3243 1633 3448 1688 diversi
3484 1635 3599 1687 sint

2015 1730 2234 1799 generis
2287 1727 2610 1783 relationem
2660 1725 2776 1782 sive
2835 1726 3305 1780 necessitudinem
3359 1725 3596 1788 habent;

2017 1821 2112 1876 sed
2161 1820 2376 1875 etiamsi
2435 1819 2738 1874 relatorum
2784 1818 3018 1871 alterum
3077 1823 3347 1880 taceatur,
3397 1817 3601 1870 nihilo-

2015 1909 2198 1964 minus
2245 1917 2440 1976 sponte
2486 1922 2610 1960 cum
2679 1906 2960 1976 primitivo
3016 1907 3180 1960 etiam
3243 1905 3596 1975 conjugatum

2015 2003 2360 2072 intelligitur.
2398 2000 2578 2054 Veluti
2622 1999 2830 2068 Opifex,
2889 2015 3106 2062 servus,
3144 1999 3377 2061 amicus,
3427 1997 3596 2062 ﬁlius,

2013 2103 2069 2150 et
2103 2108 2224 2164 quae
2261 2101 2390 2147 sunt
2429 2092 2720 2161 ejusmodi.
2758 2090 2954 2144 Omnia
2989 2090 3134 2144 enim
3171 2105 3295 2158 qua:
3337 2105 3432 2158 per
3462 2090 3618 2143 rela-.

2016 2186 2218 2240 tionem
2263 2184 2330 2238 ad
2359 2185 2592 2239 alterum
2643 2183 3072 2238 considerant-ur
3096 2182 3374 2251 propriam
3415 2191 3470 2236 et
3502 2197 3599 2236 co-

2015 2278 2314 2330 haerentem
2349 2275 2418 2330 ad
2449 2275 2502 2328 id
2551 2273 2698 2340 quod
2729 2272 3048 2326 declaratur
3077 2273 3462 2342 cognationem
3501 2286 3600 2342 per

2015 2367 2436 2437 appellationem
2465 2363 2650 2418 animo
2677 2370 3098 2432 repraesentant,
3127 2363 3446 2430 nullamque
3477 2376 3620 2416 θυι-.-

2015 2461 2147 2514 nino
2196 2475 2322 2513 cum
2361 2475 2428 2513 eo
2451 2458 2599 2528 quod
2633 2465 2716 2512 est
2753 2457 2958 2512 diversi
2989 2455 3226 2525 generis.
3251 2454 3597 2508 cornrmtnio—

2015 2567 2138 2606 nem
2163 2559 2394 2620 possunt
2423 2549 2736 2604 admittere.
2767 2547 2956 2618 Neque
2988 2547 3135 2601 enim
3163 2545 3378 2616 Opiﬁcis
3399 2561 3594 2600 nomen

2015 2658 2140 2696 cum
2210 2641 2331 2696 filio
2377 2642 2731 2712 conjugatum
2781 2649 2898 2706 est;
2949 2655 3127 2708 neque
3178 2640 3324 2694 servi
3369 2654 3472 2692 vox
3529 2639 3598 2692 ad

2015 2732 2263 2802 opificem
2287 2730 2546 2796 refertur,
2571 2747 2750 2800 neque
2778 2731 2989 2784 amicus
3023 2745 3242 2785 servum
3278 2730 3597 2792 declaravit.

2013 2837 2194 2890 neque
2243 2821 2388 2877 ﬁlius
2443 2822 2724 2876 dominum
2770 2839 2784 2876 :
2855 2821 2950 2876 sed
3005 2831 3248 2890 apertam
3306 2828 3361 2874 et
3399 2821 3598 2875 distin-

2013 2929 2158 2974 ctam
2196 2920 2391 2974 horum
2437 2919 2704 2988 cujusque
2737 2919 2878 2973 inter
2934 2935 2994 2972 se
3025 2917 3466 2986 conjugationcm
3507 2931 3604 2972 co-

2013 3011 2353 3080 gnoscimus,
2385 3025 2482 3078 per
2499 3010 2733 3063 amicum
2757 3015 2942 3064 mente
2957 3007 3334 3076 concipientcs
3361 3005 3596 3060 alterum

2015 3101 2274 3160 amicum,
2339 3109 2394 3152 ct
2444 3115 2542 3168 per
2591 3114 2832 3162 servum,
2881 3098 3163 3152 dominum
3215 3115 3228 3150 :
3287 3113 3428 3167 opus
3467 3112 3598 3152 vero

2017 3205 2112 3259 per
2154 3190 2426 3259 opificem,
2473 3205 2568 3260 per
2625 3191 2817 3252 filium,
2881 3199 3114 3260 patrem.
3163 3187 3254 3242 Sic
3303 3189 3468 3259 igitur
3495 3188 3598 3241 hoc

327 3267 642 3339 ὑπαλλαγῆς
673 3271 937 3337 ἐμποιεῖν,
981 3271 1171 3336 σώζειν
1189 3273 1402 3344 ἑκάστῳ
1435 3275 1542 3328 τῶν
1569 3276 1705 3346 πρός
1743 3293 1795 3328 τι
1827 3275 1913 3329 λε-

2019 3294 2216 3332 norucn
2262 3279 2510 3350 γέννημα
2543 3280 2839 3352 (genitura)
2887 3297 3012 3335 cum
3057 3281 3246 3349 aliquo
3293 3279 3597 3342 confertur,

333 3360 572 3427 γομὲνων
598 3361 659 3413 τὺ
681 3362 894 3424 οἰκείως
927 3380 1098 3434 συσση
1108 3366 1452 3435 μαινόμενον.

2017 3374 2072 3422 et
2119 3383 2246 3422 cum
2285 3383 2351 3421 eo
2397 3369 2558 3422 habet
2586 3370 2864 3440 propriam
2897 3369 3376 3437 signiﬁcationem.
3411 3368 3600 3439 Itaque

327 3453 420 3505 ille
444 3455 536 3520 qui
571 3453 757 3524 genuit
813 3455 890 3526 τῷ
929 3458 1229 3526 γεννήματι
1261 3455 1570 3524 (geniturae)
1595 3457 1926 3526 coniunctus
1975 3467 2080 3524 est,
2134 3469 2188 3514 et
2233 3469 2451 3514 creator
2509 3469 2780 3515 creatura:
2830 3460 3101 3520 cohaeret,
3157 3470 3212 3516 et
3253 3461 3361 3514 nisi
3413 3477 3596 3515 rerum

326 3540 705 3596 confusionem
731 3543 1024 3612 quamdam
1052 3559 1146 3613 per
1173 3545 1454 3598 nominum
1487 3545 1924 3602 immutationem
1967 3547 2228 3628 inducere
2255 3549 2509 3612 velimus,
2539 3547 2764 3600 omnino
2789 3555 3006 3616 oportet
3042 3547 3242 3616 cuique
3305 3554 3596 3608 relatorum

328 3645 484 3684 snam
523 3642 578 3686 et
625 3636 900 3703 propriam
953 3651 1175 3691 scrvare
1205 3638 1686 3707 signiﬁcationem.

399 3725 641 3794 Φοινερᾶς
668 3725 759 3780 οὖν
785 3727 950 3796 οὔσης
986 3729 1085 3796 τῆς
1109 3729 1216 3780 τῶν
1229 3730 1424 3795 λέξεων
1439 3732 1645 3785 τούτων
1675 3733 1908 3798 ἐννοίας,

330 3813 468 3883 πρὸς
493 3816 520 3867 ὅ
547 3832 598 3866 τι
621 3815 827 3882 βλέπει,
851 3820 969 3882 πῶς
1005 3819 1034 3870 ὁ
1067 3821 1155 3872 διὰ
1179 3821 1277 3890 τῆς
1315 3822 1535 3892 λογικῆς
1569 3824 1911 3894 τεχνολογίας

331 3907 587 3974 προάγων
611 3908 676 3960 τὰ
701 3909 968 3978 δόγματα.
1023 3910 1120 3982 τὴν
1161 3913 1369 3966 οἰκείαν
1399 3913 1508 3966 τῶν
1541 3915 1681 3985 πρός
1715 3932 1772 3968 τι
1794 3915 1912 3968 διά-

327 4013 500 4060 νοιαν,
525 3999 616 4050 ἐπὶ
640 4000 746 4051 τῶν
775 4001 1056 4071 ὀνομάτων
1075 4004 1280 4056 τούτων
1297 4006 1355 4058 οὐ
1386 4006 1616 4074 κατενόη
1627 4025 1744 4073 σεν;
1769 4006 1910 4059 Ἀλλ’

331 4087 593 4157 ἁρμόζειν
632 4092 801 4145 οἴεται
841 4093 920 4163 τῷ
967 4097 1290 4165 πεποιηκότι
1334 4097 1394 4149 τὸ
1421 4097 1686 4168 γέννημα,
1719 4097 1794 4167 τῷ
1821 4115 1913 4166 γε·

334 4182 616 4250 γεννηκότι
645 4183 703 4236 τὸ
738 4185 970 4254 ποίημα,
1009 4186 1180 4255 λέγων
1211 4187 1304 4242 τοῦ
1339 4188 1470 4242 Υίοῦ
1499 4187 1596 4258 τὴν
1621 4189 1806 4243 οὐσίαν
1831 4192 1912 4252 είς

335 4274 532 4344 ἑαυτὴν
559 4276 808 4345 δέχεσθαι
840 4277 936 4342 τὰς
981 4281 1076 4334 τοῦ
1108 4283 1447 4351 γεννήματος
1483 4283 1578 4336 καὶ
1613 4285 1913 4353 ποιήματος

337 4371 430 4421 καὶ
469 4371 766 4440 κτίσματος
818 4374 1566 4446 προσηγορίας·κὰμὲριστον
1613 4377 1670 4429 δὲ
1717 4376 1910 4440 σώζειν

329 4463 432 4530 τὴν
459 4464 593 4530 πρὸς
609 4465 696 4514 τὸν
715 4468 1079 4534 γεγεννηκότα
1101 4468 1190 4519 καὶ
1211 4467 1511 4536 ποιήσαντα
1534 4470 1627 4520 καὶ
1653 4469 1911 4522 κτίσαντα

2083 3727 2220 3780 Cum
2268 3723 2341 3778 sit
2387 3724 2571 3792 itaque
2615 3725 2808 3777 harum
2849 3724 3154 3778 dictionum
3187 3724 3378 3777 notitia
3423 3721 3604 3777 mani-

2013 3820 2154 3874 festa
2203 3817 2272 3870 ad
2317 3817 2462 3886 quod
2511 3816 2736 3886 respicit
2790 3817 2902 3882 hic,
2947 3817 3042 3885 qui
3094 3831 3190 3884 per
3238 3815 3590 3870 dialecticum

2015 3908 2309 3963 artiﬁcium
2333 3907 2592 3976 dogmata
2627 3907 2856 3977 profert,
2891 3907 3174 3977 quomodo
3210 3906 3486 3976 propriam
3521 3921 3602 3960 re-

2015 4004 2251 4056 latorum
2289 4001 2396 4054 vim
2439 4007 2494 4053 et
2537 3999 2866 4054 sententiam
2905 4001 2960 4054 in
2995 4001 3082 4054 his
3125 4000 3446 4054 nominibus
3485 4013 3592 4052 non

2017 4088 2444 4145 animadvertit?
2479 4087 2586 4143 Sed
2641 4089 2946 4159 genituram
2991 4087 3186 4142 factori
3231 4097 3286 4142 et
3329 4088 3598 4142 facturam

2013 4181 2246 4252 genitori
2284 4179 2582 4250 conjuge-re
2613 4187 2862 4232 autumat
2901 4178 3114 4238 dicens.
3145 4178 3270 4234 Filii
3301 4179 3597 4235 essentiam

2015 4273 2072 4327 in
2134 4273 2370 4342 scipsam
2432 4269 2721 4324 admittere
2773 4271 3116 4340 γεννήματος
3169 4271 3476 4341 (geniturae)
3542 4277 3598 4325 et

2016 4365 2320 4436 ποιήματος
2371 4363 2640 4434 (facturae)
2689 4373 2746 4418 et
2796 4363 3141 4432 (κτίσματος)
3200 4371 3468 4416 creatura:
3502 4377 3598 4434 ap-

2017 4457 2384 4526 pellationes;_
2411 4455 2799 4523 impart-ihitem
2837 4469 2966 4507 vero
2991 4468 3220 4508 servare
3248 4469 3372 4507 cum
3408 4471 3473 4509 eo
3503 4456 3595 4524 qui

337 4553 538 4622 σχέσιν.
571 4555 643 4606 Τὸ
668 4555 776 4624 γὰρ
809 4555 866 4608 ἓν
911 4559 1144 4627 πρᾶγμα
1188 4558 1322 4624 πρὸς
1349 4559 1637 4630 διαφόρους
1673 4577 1914 4630 καταμε-

2017 4547 2206 4616 genuit
2237 4555 2292 4602 et.
2311 4545 2404 4616 qui
2435 4545 2584 4616 fecit,
2615 4555 2671 4598 et
2697 4544 2908 4598 creavit
2931 4544 3275 4598 relationem.
3299 4543 3428 4599 Item
3449 4547 3596 4600 enim

338 4643 606 4712 ρισθῆναι,
635 4644 796 4711 φύσιν
822 4646 921 4698 οὐκ
943 4646 1077 4716 ἔχει.
1119 4647 1254 4700 Ἀλλ’
1288 4651 1316 4700 ὁ
1347 4649 1444 4718 μὲν
1477 4648 1603 4710 Υἱὸς
1627 4650 1704 4719 τῷ
1737 4651 1911 4720 Πατρὶ

335 4735 767 4804 προσῳκείωται,
799 4737 891 4789 καὶ
913 4737 974 4789 τὸ
999 4739 1256 4809 γεννηθὲν
1287 4739 1362 4808 τῷ
1391 4741 1745 4810 γεννήσαντι·
1777 4741 1836 4794 τὸ
1855 4742 1914 4794 δὲ

333 4827 544 4894 ποίημα
590 4827 726 4896 πρὸς
777 4828 866 4881 τὸν
903 4831 1240 4900 πεποιηκότα
1291 4831 1400 4902 τὴν.
1433 4833 1709 4902 ἀναφορὰν
1755 4831 1908 4902 ἔχει’

335 4918 474 4986 πλὴν
499 4920 546 4970 εί
573 4921 644 4988 μή
683 4937 803 4972 τινα
847 4923 1181 4992 κατάχρησιν
1227 4925 1285 4975 ἐν
1334 4924 1611 4995 ἀδιαφόρῳ
1651 4926 1760 4978 τινὶ
1789 4943 1912 4979 συν-

335 5008 496 5080 ηθείᾳ
523 5011 781 5081 ῥημάτων
795 5014 1134 5085 κυριωτέραν
1159 5016 1341 5086 ήγοῖτό
1371 5033 1456 5078 τις
1471 5013 1720 5086 εἷναιτῆς
1744 5033 1910 5087 προσ-

337 5104 502 5170 quoii;
536 5104 824 5174 σημασίας.
839 5143 876 5158 ..

407 5369 518 5422 Τ...
553 5368 627 5437 (b)
653 5365 746 5424 οὖν
774 5369 1181 5442 λογισμοῖς,κα“ι
1198 5373 1390 5436 ποίοις,
1409 5375 1548 5425 κατὰ
1579 5373 1676 5442 τὴν
1703 5372 1912 5443 ἄμαχον

337 5459 676 5530 διαλεκτικὴν
695 5461 908 5534 ἐκείνην
929 5464 1006 5526 εἰς
1021 5464 1328 5516 τούναντίον
1346 5463 1443 5525 τὰς
1462 5463 1618 5528 δόξας
1643 5463 1750 5518 τῶν
1783 5463 1911 5516 πολ-

337 5549 445 5604 λῶν
473 5555 813 5624 μεταστήσας
842 5555 1011 5607 ταῦτα
1029 5555 1454 5619 κατεξουσιάσας
1481 5555 1728 5619 διέξεισιν
1755 5571 1768 5586 ·
1832 5555 1912 5607 ὅτι

337 5642 434 5697 τοῦ
462 5644 554 5696 ἐπὶ
577 5645 793 5698 πάντων
823 5646 956 5698 Θεοῦ
985 5649 1078 5699 καὶ
1128 5647 1342 5700 κτίστου
1391 5649 1486 5700 καὶ
1521 5645 1732 5718 Πατρδς
1762 5663 1912 5700 vocu-

395 5754 474 5826 (αἱ
513 5753 656 5826 Lege
697 5769 760 5809 ex
795 5752 930 5826 cod.
957 5752 1224 5807 Bavarico
1270 5769 1356 5823 ap.
1398 5752 1669 5826 Gretscr..
1703 5749 1916 5826 οὐκοῦν

335 5820 508 5908 sui/siC.
541 5820 618 5896 τῷ
649 5827 748 5897 μὲν
780 5825 1080 5896 γεννήματι
1104 5826 1131 5877 ό
1163 5820 1450 5896 γεννήσας,
1480 5826 1506 5876 ὁ
1537 5823 1594 5877 δὲ
1627 5823 1817 5884 κτίσας
1843 5820 1917 5892 τῷ

335 5913 607 5958 ίτιςματι.

2020 4655 2184 4694 unam
2222 4639 2288 4694 ad
2331 4639 2580 4694 diversas
2619 4638 2914 4692 relationes
2960 4635 3214 4691 distribui
3249 4645 3456 4691 natura:
3489 4654 3597 4691 non

2018 4741 2102 4787 est
2121 4739 2574 4787 consentaneum.
2601 4729 2704 4784 Sed
2739 4728 2911 4784 Filius
2934 4729 3154 4810 quidem
3181 4727 3329 4781 Patri
3362 4729 3596 4782 natm-aii

2017 4825 2424 4880 necessitudine
2445 4824 2770 4877 conciliatus
2791 4829 2895 4884 est,
2924 4819 3069 4891 quod
3094 4821 3338 4889 genitum
3363 4826 3448 4874 est
3473 4834 3596 4872 cum

2017 4933 2083 4971 eo
2127 4919 2273 4985 quod
2324 4917 2533 4988 genuit,
2567 4915 2780 4970 factura
2825 4929 2950 4967 eum
2989 4929 3057 4966 eo
3086 4912 3233 4980 quod
3271 4911 3398 4966 fecit
3430 4911 3596 4966 habet

2015 5017 2260 5063 mutuam
2315 5008 2676 5071 relationem;
2725 5007 2829 5060 nisi
2885 5006 3118 5060 fortasse
3167 5004 3411 5073 aliquam
3461 5005 3599 5059 abu-

2016 5103 2224 5156 sionem
2279 5101 2333 5154 in
2381 5100 2728 5154 indiﬁ‘ereute
2759 5097 2993 5168 quadam
3029 5098 3324 5152 verborum
3361 5112 3599 5153 consue-

2015 5191 2206 5244 tudine
2249 5189 2426 5258 magis
2461 5190 2736 5258 propriam
2790 5188 2920 5258 quis
2965 5202 3089 5242 esse
3117 5186 3398 5240 existimet.
3431 5201 3596 5255 quam

2015 5285 2087 5338 sit
2130 5282 2394 5336 naturalis
2447 5280 2792 5350 significatio.

2083 5375 2294 5439 Quibus
2335 5374 2504 5442 igitur
2549 5371 2880 5434 rationibus,
2909 5379 2960 5424 et
2993 5369 3252 5440 qualibus
3291 5368 3594 5424 secundum

2013 5463 2486 5533 inexpugnabilem
2542 5463 2690 5516 illam
2748 5461 3096 5516 dialecticam
3145 5461 3198 5514 in
3253 5459 3593 5514 contrarium

2011 5557 2295 5624 opiniones
2334 5557 2633 5610 multarunt
2683 5561 3065 5609 transmutans
3115 5553 3232 5606 haee
3279 5567 3379 5621 pro
3440 5549 3595 5604 libito

2009 5647 2377 5716 persequitur.
2419 5647 2574 5714 Quod
2609 5665 2732 5702 eum
2776 5649 2828 5702 in
2879 5648 3136 5702 omnibus
3177 5647 3320 5702 Deus
3357 5653 3412 5701 et
3441 5658 3595 5704 crea-

2091 5753 2166 5823 (b)
2205 5754 2350 5810 Idem
2399 5757 2546 5824 rod.,
2585 5757 2737 5810 Tim
2769 5750 2862 5809 οὖν
2904 5753 3184 5824 λογισμοῖς
3232 5768 3284 5806 κ.
3333 5769 3418 5820 π.,
3461 5747 3601 5821 quod

2017 5824 2294 5896 interpres
2319 5826 2474 5882 vidit.
