4138 6364
517 414 620 466 659

1754 407 1812 464 S.
1837 399 2163 460 CREGORII
2201 398 2492 455 NYSSENI

3671 377 3794 450 «ire

519 538 628 592 tor,
645 537 698 583 et
715 526 874 581 Pater
894 527 1232 599 intelligatur
1249 535 1303 582 et
1323 523 1736 591 dicatur,Filius
1757 525 1820 578 ad
1841 532 2101 590 utrasque
2129 564 2132 574 .

2236 515 2364 570 ,ένου
2395 533 2456 568 τε
2490 515 2584 568 καὶ
2613 510 2934 582 λεγομένου,
2965 509 2994 562 6
3022 505 3149 569 Υἱὸς
3173 502 3306 575 πρδς
3334 497 3646 599 ἀμφοτέρας
3675 497 3778 599 τὰς

521 617 912 688 appellationes
943 617 1192 687 apposite
1228 624 1283 672 et
1309 625 1674 686 congruenter
1707 630 1768 670 se
1797 613 2016 676 habeat,
2047 619 2102 664 et

522 720 776 766 creatura
798 712 960 766 simul
992 719 1046 766 et
1073 712 1322 782 genitura
1369 709 1606 764 dicatur.
1655 706 1788 764 Nam
1812 721 1935 760 cum
1965 719 2099 757 eon—

524 803 760 859 suetudo
821 813 875 859 et
925 814 1115 859 exacta
1161 803 1419 873 loquendi
1480 801 1654 857 forma
1710 801 1823 854 haec
1880 796 2102 850 nomina

525 905 648 962 apte
694 896 997 960 discernat,
1030 904 1086 950 et
1139 893 1511 967 generationis
1551 907 1751 946 nomen
1787 895 2018 958 usurpet
2050 887 2105 939 in

529 985 615 1040 his
661 1002 784 1054 qua:
821 987 1124 1057 gignuntur
1165 1003 1232 1042 ex
1267 988 1384 1056 ipsa
1432 985 1703 1050 essentia;
1745 996 1946 1036 nomen
1979 993 2108 1033 vero

527 1089 798 1133 creaturae
845 1079 899 1132 in
942 1080 1026 1134 his
1083 1095 1205 1149 quae
1255 1078 1390 1132 foris
1429 1086 1483 1131 et
1538 1084 1691 1132 extra
1735 1071 2109 1127 construentis

530 1177 784 1222 naturam
825 1171 1160 1224 consistunt.
1197 1170 1545 1238 Quapropter
1588 1169 1644 1220 in
1677 1165 1972 1219 traditione
2017 1178 2114 1217 co-

530 1264 794 1331 gnitionis
842 1264 959 1325 Dei,
1001 1264 1254 1335 dogmata
1299 1263 1484 1316 divina
1545 1259 1704 1314 nobis
1745 1258 2110 1321 tradiderunt,

530 1350 749 1406 Patrem
795 1362 848 1408 et
893 1353 1112 1417 Filium,
1169 1368 1278 1407 non
1334 1358 1638 1405 creatorem
1687 1355 1742 1402 et
1803 1348 2111 1417 opiﬁcium;

535 1460 605 1498 ne
643 1445 767 1514 quis
803 1446 1001 1500 mentis
1029 1446 1277 1498 alienatae
1305 1457 1458 1498 error
1497 1439 1564 1494 ad
1595 1439 1987 1508 blasphemiam
2024 1438 2117 1491 ﬁe-

536 1543 639 1596 ret,
688 1537 734 1590 si
783 1536 849 1589 ad
896 1536 1133 1590 alienum
1171 1544 1226 1588 et
1274 1532 1626 1604 peregrinum
1669 1527 1988 1598 hujusmodi
2026 1541 2118 1595 ap-

539 1627 758 1695 pellatio
808 1625 1001 1680 Filium
1051 1625 1370 1695 depelleret,
1404 1631 1458 1676 et
1512 1635 1582 1676 ne
1625 1618 1832 1673 aditum
1875 1619 2114 1682 aliquem

541 1718 806 1772 haberent
864 1719 979 1772 haec
1029 1717 1198 1787 impia
1257 1716 1536 1786 dogmata,
1591 1727 1713 1783 qua;
1765 1710 2118 1781 Unigenitnm

542 1810 721 1864 Patris
771 1826 801 1862 a
855 1809 1226 1862 familiaritate
1263 1809 1377 1862 sive
1426 1803 1832 1861 necessitudine
1876 1818 2000 1872 quae
2036 1808 2120 1854 est

2203 605 2572 679 προσηγορίας
2613 602 2934 674 ἐπιτηδείως
2981 598 3114 670 ἔχει,
3142 597 3236 650 καὶ
3281 594 3486 660 κτίσμα
3524 589 3617 643 καὶ
3649 589 3779 658 γέν-

2203 716 2353 769 νημα
2419 695 2560 750 κατὰ
2603 695 2664 748 τὸ
2700 694 2817 746 ἴσον
2867 691 3180 760 λεγόμενος.
3209 687 3321 755 Τῆς
3349 685 3456 755 γὰρ
3480 682 3573 736 τοῦ
3618 681 3778 748 λόγου

2206 789 2493 860 συνηθείας
2524 805 2583 841 τε
2616 787 2707 840 καὶ
2754 783 3039 856 ἀκριϐείας
3065 779 3279 840 οἰκείως
3309 773 3686 847 διακρινούσης
3712 771 3784 824 τὰ

2206 885 2427 938 τοιαῦτα
2479 883 2588 936 τῶν
2637 883 2939 952 ὀνομάτων,
2979 877 3074 930 καὶ
3100 876 3161 928 τὸ
3208 875 3306 946 μὲν
3343 873 3441 941 τῆς
3479 872 3786 940 γεννήσεως

2208 979 2378 1048 ὄνομα
2413 977 2503 1029 ἐπὶ
2542 976 2648 1028 τῶν
2681 975 2741 1038 ἐξ
2769 972 2941 1041 αὐτῆς
2972 970 3071 1039 τῆς
3098 968 3282 1029 οὐσίας
3320 963 3672 1034 γεννωμένων
3701 960 3790 1012 λε-

2211 1047 2414 1136 γούσης
2437 1083 2452 1098 ο
2482 1065 2541 1119 τὸ
2576 1065 2632 1118 δὲ
2665 1065 2764 1135 τῆς
2805 1063 3034 1124 κτίσεως
3072 1060 3164 1112 ἐπὶ
3196 1056 3301 1110 τῶν
3334 1053 3530 1118 ἔξωθεν
3563 1053 3660 1122 τῆς
3691 1047 3786 1101 τοῦ

2213 1152 2716 1221 κατασκευάζοντος
2784 1155 2999 1225 φύσεως
3072 1148 3468 1220 ἐπισταμένων.
3528 1145 3639 1197 Καὶ
3701 1141 3792 1194 διὰ

2211 1249 2371 1303 τοῦτο
2388 1249 2496 1302 τῶν
2521 1248 2680 1302 θείων
2719 1247 3004 1317 δογμάτων
3037 1245 3094 1295 ὲν
3121 1245 3184 1312 τῇ
3217 1238 3509 1308 παραδόσει
3549 1236 3647 1305 τῆς
3676 1232 3794 1285 θεο-

2214 1338 2451 1410 γνωσίας
2467 1337 2682 1408 Πατέρα
2700 1337 2792 1389 καὶ
2810 1336 2936 1388 Υίδν
2958 1329 3438 1404 παραδεδωκότων,
3460 1325 3521 1378 ού
3545 1325 3794 1390 κτίστην,

2217 1434 2312 1487 καὶ
2340 1431 2498 1503 ἔργον
2519 1448 2530 1460 ·
2563 1430 2638 1492 ὡς
2661 1428 2726 1482 ἂν
2775 1428 2847 1498 μή
2887 1444 2968 1490 τις
2993 1425 3202 1493 γένοιτο
3243 1418 3538 1490 παραφορὰ
3575 1415 3710 1486 πρὸς
3735 1414 3799 1466 τὸ

2220 1524 2555 1595 βλάσφημον,
2585 1521 2664 1584 είς
2691 1519 2752 1572 τὸ
2783 1519 3060 1588 ἀλλότριόν
3083 1532 3142 1568 τε
3172 1513 3264 1566 καὶ
3314 1511 3461 1578 ξένον
3491 1509 3592 1577 τῆς
3622 1505 3802 1560 τοιαύ-

2217 1636 2318 1688 της
2379 1613 2744 1686 προσηγορίας
2794 1611 2886 1663 τὸν
2946 1610 3072 1662 Υίὸν
3128 1603 3477 1672 ἀπωθούσης,
3513 1600 3647 1672 μηδέ
3675 1615 3800 1650 τινα

2222 1704 2454 1777 πάροδον
2483 1702 2635 1756 λάϐοι
2674 1701 2743 1754 τὰ
2785 1700 2918 1753 ἄθεα
2940 1697 3207 1767 δόγματα,
3231 1693 3300 1746 τὰ
3326 1693 3427 1761 τῆς
3464 1690 3584 1745 καθ’
3613 1689 3801 1742 οὐσίαν

2220 1798 2550 1867 οἰκειότητος
2577 1794 2668 1846 τὸν
2714 1790 2994 1859 Μονογενῆ
3044 1786 3139 1841 τοῦ
3188 1786 3399 1856 Πατρὸς
3455 1783 3800 1852 άφορίζοντα.

543 1899 842 1953 secundum
876 1899 1173 1953 essentiam
1213 1905 1470 1967 separant
1522 1905 1577 1952 et
1620 1895 1951 1950 distrahunt.
1985 1891 2118 1945 Nam

2237 1895 2294 1945 '0
2325 1891 2500 1958 λέγων
2525 1885 2602 1957 τῷ
2635 1885 2748 1955 Υίῷ
2770 1884 2868 1955 τὴν
2896 1881 2988 1936 τοῦ
3021 1881 3323 1949 ποιήματος
3347 1874 3606 1946 ἁρμόζειν
3635 1888 3805 1943 προσ-

541 1991 636 2060 qui
688 1990 823 2044 dicit
866 1990 1096 2045 factum
1133 1990 1553 2060 appellationem
1611 1987 1751 2042 Filio
1799 2000 2120 2057 congruere,

542 2083 688 2136 dicet
710 2084 900 2151 procul
939 2084 1106 2138 dubio
1142 2100 1237 2154 per
1271 2084 1722 2153 consequentiam
1757 2081 1919 2136 etiam
1949 2079 2125 2132 factu-

545 2189 621 2229 ra;
677 2175 798 2229 Filii
846 2177 1268 2246 appellationem
1328 2186 1523 2230 natura
1577 2175 1891 2229 convenire.
1944 2172 2126 2238 Quare

545 2267 590 2322 si
646 2265 817 2322 Filius
862 2275 949 2322 est
979 2279 1253 2332 creatura,
1295 2270 1459 2322 etiam
1492 2269 1692 2321 caelum
1736 2266 1902 2326 ﬁlius.
1934 2273 1988 2319 et
2013 2265 2126 2318 siu-

547 2359 670 2428 gula
719 2375 840 2430 quas
891 2360 1032 2414 facta
1084 2371 1211 2415 sunt
1259 2377 1288 2413 a
1341 2360 1568 2414 Domino
1621 2359 1922 2431 secundum
1983 2357 2128 2410 hunc

547 2451 871 2522 scriptorem
900 2453 991 2506 lilii
1017 2453 1379 2523 appellatione
1396 2453 1869 2522 cognominantur.
1898 2449 1953 2503 Si
1981 2451 2126 2504 enim

547 2545 659 2606 ille,
705 2559 814 2598 non
849 2544 975 2612 quia
1019 2557 1364 2597 communem
1401 2558 1526 2596 cum
1574 2558 1639 2596 eo
1680 2542 1776 2611 qui
1813 2540 2003 2612 genuit
2033 2554 2128 2593 na-

549 2641 728 2687 turam
778 2634 994 2699 habeat,
1045 2634 1151 2689 hoc
1203 2635 1427 2688 nomine
1474 2633 1795 2703 appelletur,
1847 2633 1943 2687 sed
2000 2633 2127 2697 quia

549 2734 770 2780 creatus
813 2732 919 2788 est,
942 2724 1120 2779 Filius
1154 2725 1472 2779 nominatur
1519 2745 1532 2780 :
1561 2725 1750 2780 eadem
1782 2723 1933 2778 dabit
1968 2723 2127 2787 ratio,

548 2824 604 2870 et
651 2830 873 2884 agnum,
924 2821 981 2868 et
1042 2829 1256 2875 canem,
1304 2822 1360 2869 et
1405 2831 1618 2880 ranam,
1676 2823 1731 2868 et
1794 2827 2132 2883 quaecunque

546 2906 835 2960 voluntate
887 2904 1143 2961 facientis
1202 2905 1535 2968 subsistunt,
1623 2902 1718 2958 ﬁlii
1769 2904 2134 2973 appellatione

550 2997 843 3052 nominari.
897 2995 1053 3062 Quod
1095 2997 1141 3051 si
1179 2995 1373 3050 horum
1411 2995 1839 3064 unumquodque
1883 2993 2011 3062 quia
2062 2993 2135 3048 sit

551 3098 710 3144 extra
764 3089 888 3142 Filii
949 3096 1226 3151 naturam,
1256 3085 1429 3141 Filius
1478 3103 1587 3141 non
1631 3095 1751 3153 est;
1785 3100 1962 3154 neque
1991 3081 2133 3137 Deus

553 3182 762 3235 dicitur
811 3188 1218 3250 consequenter
1246 3180 1492 3244 omnino,
1535 3179 1627 3247 qui
1662 3193 1788 3232 vere
1833 3186 1886 3230 et
1918 3175 2135 3246 proprie

553 3281 640 3328 est
690 3272 882 3336 Filius,
935 3281 1222 3340 propterea
1263 3271 1406 3340 quod
1449 3285 1515 3324 ex
1555 3269 1741 3324 eadem
1789 3275 1980 3321 natura
2011 3281 2133 3319 cum

554 3379 623 3418 eo
664 3365 758 3433 qui
816 3365 1004 3434 genuit
1057 3369 1294 3424 constet,
1345 3360 1518 3416 Filius
1574 3369 1680 3422 est,
1730 3369 1784 3413 et
1831 3357 1978 3412 Deus
2016 3372 2138 3411 esse

555 3458 845 3512 asseritur.
898 3454 1004 3509 Sed
1029 3454 1405 3524 generationis
1445 3454 1726 3506 notionem
1765 3451 2135 3514 abominatur,

555 3558 608 3604 et
654 3551 760 3604 hoc
801 3565 999 3603 nomen
1037 3550 1338 3604 criminans
1382 3549 1622 3604 carnalis
1675 3555 1887 3602 natura“:
1923 3549 2140 3602 ratione

559 3657 588 3694 a
653 3641 857 3694 divinis
925 3641 1152 3696 secretis
1219 3650 1438 3711 separat
1493 3657 1509 3693 :
1567 3639 1662 3694 sed
1726 3640 1942 3694 abunde
2005 3641 2141 3694 satis

562 3737 617 3788 in
671 3733 1124 3788 antecedentibus
1182 3747 1280 3802 pro
1329 3733 1415 3786 his
1464 3747 1644 3786 sermo
1697 3733 1956 3793 ostendit.
1997 3735 2141 3802 quod

560 3824 859 3880 secundum
913 3824 1274 3894 Prophelam,
1354 3822 1474 3876 Iih‘c
1545 3823 1930 3892 trepidaverunt
1988 3826 2142 3877 tima-

560 3931 617 3968 re
673 3915 760 3966 ubi
807 3932 908 3968 non
951 3925 1067 3968 erat
1126 3916 1284 3967 timor
1324 3915 1390 3966 ”.
1436 3913 1490 3967 Si
1542 3916 1686 3968 enim
1720 3916 1774 3968 in
1829 3915 2144 3970 hominibus

566 4024 676 4061 non
734 4024 950 4062 omnem
1001 4010 1405 4077 generationem
1463 4008 1897 4064 demonstratum
1948 4019 2031 4062 est
2079 4025 2143 4063 ex

564 4102 758 4156 atl‘ectu
799 4103 914 4156 sive
953 4101 1211 4171 passione
1249 4109 1525 4165 constare,
1583 4100 1679 4155 sed
1728 4101 1890 4153 aliam
1925 4101 2144 4170 quidem

565 4194 902 4247 materialem
957 4208 1054 4261 per
1093 4191 1377 4256 allectum;
1438 4193 1601 4244 aliam
1656 4205 1786 4247 vero
1840 4191 2142 4261 spiritalem

565 4301 758 4355 puram
795 4293 849 4338 et
884 4285 1280 4353 incorruptam.
1333 4282 1488 4349 Quod
1531 4282 1677 4336 enim
1709 4293 2029 4353 generatum
2063 4292 2148 4338 est

566 4393 632 4429 ex
677 4377 898 4445 spiritu.
936 4375 1167 4444 spiritus
1200 4385 1255 4430 et
1301 4390 1412 4429 non
1461 4390 1592 4429 caro
1637 4376 1908 4445 gignitur;
1945 4375 1998 4428 in
2030 4374 2146 4444 spi-

565 4466 675 4520 ritu
723 4465 870 4517 nulla
920 4464 1163 4534 patibilis
1210 4465 1550 4534 conspicitur
1599 4463 1838 4520 aﬂ'ectio.
1878 4465 2148 4530 Quoniam

2225 1983 2473 2056 ηγορίαν,
2505 1983 2620 2052 ἐρεῖ
2651 1979 2869 2039 πάντως
2907 1975 3048 2028 κατὰ
3071 1972 3133 2025 τὸ
3161 1968 3452 2024 ἀκόλουθον
3475 1965 3568 2018 καὶ
3594 1965 3685 2015 ἐπὶ
3711 1961 3805 2015 τοῦ

2225 2079 2352 2149 ποιή
2363 2093 2528 2147 ματος
2549 2075 2648 2143 τὴν
2665 2070 2757 2124 τοῦ
2777 2069 2905 2123 Υίοῦ
2930 2067 3120 2136 κλῆσιν
3136 2059 3427 2133 προσφυῶς
3451 2058 3806 2128 ἔχειν.Ὥστε,

2226 2174 2274 2224 εί
2299 2173 2326 2224 6
2348 2169 2474 2231 Υἱὸς
2504 2166 2729 2236 κτίσμα,
2759 2162 2851 2216 καὶ
2873 2159 3096 2231 οὐρανὸς
3127 2156 3260 2218 υίὸς,
3298 2153 3390 2208 καὶ
3419 2150 3488 2204 τὰ
3521 2150 3640 2204 καθ’
3678 2149 3811 2202 ἐκα-

2228 2278 2351 2314 στον
2381 2258 2490 2312 τῶν
2510 2255 2811 2326 γεγονότων
2844 2251 3047 2322 κυρίως
3081 2249 3223 2302 κατὰ
3248 2248 3338 2300 τὸν
3366 2245 3702 2314 λογογράφον
3741 2243 3808 2312 τῇ

2227 2352 2321 2406 τοῦ
2355 2349 2471 2403 υἱοῦ
2501 2345 2845 2420 προσηγορίᾳ
2891 2341 3340 2412 κατονομάζεται.
3374 2340 3435 2392 ΕΞ
3468 2338 3577 2408 γὰρ
3606 2337 3813 2397 ἐκεῖνος

2228 2443 2346 2514 οὐχὶ
2378 2441 2456 2513 τῷ
2479 2443 2754 2494 κοινωνεῖν
2803 2436 2882 2507 τῷ
2928 2433 3279 2505 γεγεννηκότι
3317 2433 3416 2501 τῆς
3446 2430 3658 2498 φύσεως
3699 2428 3814 2497 ἔχει

2229 2537 2290 2590 τὸ
2311 2536 2504 2606 ὄνομα,
2521 2531 2656 2588 ἀλλὰ
2679 2531 2811 2584 καθὸ
2828 2528 3042 2590 κτιστός
3069 2529 3203 2588 ἐστι,
3221 2525 3362 2578 κατὰ
3382 2522 3539 2575 τοῦτο
3554 2520 3680 2582 Υἱὸς
3699 2519 3817 2571 ὀνο-

2234 2627 2464 2701 μάζεται
2484 2644 2496 2656 ο
2525 2629 2552 2678 6
2576 2625 2737 2686 αὐτὸς
2759 2622 2919 2674 δώσει
2955 2620 3132 2688 λόγος,
3167 2617 3262 2670 καὶ
3295 2615 3487 2686 ἀμνὸν,
3521 2615 3615 2666 καὶ
3652 2611 3814 2675 κύνα,

2234 2725 2328 2779 καὶ
2352 2722 2639 2793 βάτραχον,
2663 2717 2756 2770 καὶ
2786 2715 2962 2769 πάντα
2985 2714 3086 2766 ὅσα
3120 2710 3384 2780 θελήματι
3408 2711 3502 2758 τοῦ
3521 2702 3816 2773 πεποιηκός

2233 2831 2324 2878 τος
2351 2790 2582 2880 ύπέστη,
2611 2810 2676 2878 τῇ
2693 2805 2786 2860 τοῦ
2819 2805 2936 2857 υἱοῦ
2962 2799 3304 2872 προσηγορίᾳ
3329 2790 3814 2863 κατονομάζεσθαι.

2235 2909 2298 2960 Εἰ
2324 2906 2380 2958 δὲ
2405 2905 2611 2957 τούτων
2637 2901 2864 2952 ἕκαστον
2880 2895 2966 2948 διὰ
2986 2894 3045 2946 τὸ
3074 2891 3178 2955 ἔξω
3205 2889 3304 2957 τῆς
3331 2887 3423 2940 τοῦ
3447 2883 3578 2938 Υίοῦ
3605 2881 3820 2952 φύσεως

2237 2997 2378 3053 εἶναι
2409 2995 2536 3058 Υἱὸς
2563 2995 2664 3046 οὑκ
2688 2991 2834 3044 ἐστιν
2859 3005 2872 3019 ·
2907 2987 3027 3040 οὐδὲ
3055 2983 3186 3046 Θεὸς
3215 2981 3432 3050 λέγεται
3455 2975 3595 3030 κατὰ
3617 2975 3676 3027 τὸ
3697 2972 3821 3026 άκό·

2237 3090 2424 3145 λουθον
2460 3089 2678 3148 πάντως
2713 3085 2741 3137 ὁ
2785 3081 2989 3152 κυρίως
3014 3077 3166 3141 Υἱὸς,
3190 3075 3278 3129 διὰ
3308 3073 3366 3126 τὸ
3394 3071 3451 3136 ἐξ
3481 3068 3652 3137 αὐτῆς
3681 3061 3820 3120 εἶναι

2239 3184 2333 3238 τοῦ
2363 3178 2752 3252 γεγεννηκότος
2793 3176 2892 3244 τῆς
2945 3171 3178 3240 φύσεως,
3213 3166 3338 3228 Υίός
3372 3165 3538 3225 ἐστιν,
3574 3162 3667 3213 καὶ
3690 3159 3821 3221 Θεὸς

2241 3270 2380 3328 εἶναι
2407 3269 2768 3342 ὁμολογεῖται.
2805 3262 2963 3317 Ἀλλὰ
3008 3260 3338 3330 μυσάττεται
3377 3257 3472 3324 τήν
3505 3253 3602 3322 τῆς
3633 3249 3825 3317 γεννή-

2241 3385 2381 3431 σεως
2425 3365 2652 3426 ἔννοιαν,
2687 3359 2782 3414 καὶ
2822 3356 3076 3427 ἀφορίζει
3100 3353 3208 3406 τῶν
3252 3350 3408 3402 θείων
3440 3345 3723 3414 δογμάτων
3755 3342 3824 3410 τῇ

2242 3455 2509 3530 σαρκώδει
2531 3451 2847 3525 φυσιολογίᾳ
2875 3446 3173 3502 διαϐάλλων
3205 3443 3266 3496 τὸ
3293 3442 3482 3509 ὄνομα.
3532 3435 3668 3490 Ἀλλ’
3701 3435 3824 3530 ἱκα-

2242 3551 2347 3614 νῶς
2375 3549 2513 3617 ὑπὲρ
2542 3544 2744 3599 τούτων
2768 3544 2825 3595 ὲν
2856 3543 2969 3603 τοῖς
2984 3538 3252 3606 φθάσασιν
3281 3537 3308 3587 6
3338 3534 3494 3600 λόγος
3521 3525 3824 3589 ἀπέδειξεν,

2241 3611 2498 3695 ὅτινκσιτᾶ⁷
2538 3636 2630 3688 τὸν
2677 3633 2992 3707 Προφήτην,
3024 3626 3349 3680 modo-ﬁrmi
3390 3620 3578 3690 φόϐον
3608 3611 3679 3670 οὗ
3714 3617 3828 3707 ούκ

2242 3733 2373 3786 ἐστι
2396 3729 2597 3798 φόϐος.
2634 3724 2694 3777 El
2721 3704 2932 3792 γὰρὲπὶ
2961 3717 3067 3771 τῶν
3099 3715 3193 3770 ἀνθ
3205 3718 3400 3786 ρώπων
3428 3710 3488 3762 οὐ
3525 3707 3675 3798 πᾶσα
3704 3704 3829 3798 γένο

2244 3794 2411 3890 νησις-
2443 3815 2655 3886 ἐδείχθη
2708 3811 2848 3866 κατὰ
2879 3809 3048 3870 πάθος
3085 3801 3476 3872 συνισταμένη’
3513 3794 3829 3890 ἁλλ’ᾲήᾉμεν

2247 3909 2406 3981 ὑλικὴ
2427 3907 2514 3960 διὰ
2542 3905 2768 3967 πάθους,
2804 3902 2914 3973 ἡδὲ
2943 3895 3285 3968 τηευματικὴ
3321 3889 3535 3962 καθαρὰ
3563 3887 3656 3940 καὶ
3693 3888 3831 3952 ἀκή-

2248 3975 2429 4077 ρατος.
2450 4000 2523 4052 Τὸ
2538 3998 2646 4066 γὰρ
2662 3991 3054 4064 γεγεννημένον
3068 3989 3132 4039 ἐκ
3150 3984 3244 4038 τοῦ
3268 3981 3600 4042 πνεύματος,
3613 3975 3834 4044 πνεῦμα

2249 4068 2343 4150 καὶ
2370 4094 2490 4162 οὐχὶ
2519 4087 2657 4160 σὰρξ
2681 4087 2911 4156 γίνεται,
2930 4081 3008 4152 τῷ
3035 4080 3089 4132 δὲ
3107 4078 3377 4146 πνεύματι
3405 4069 3630 4162 οὐδεμία
3657 4068 3835 4162 παθηῗ

2247 4187 2374 4256 τικὴ
2410 4181 2796 4251 συνθεωρεῖται
2841 4172 3102 4233 διάθεσις.
3166 4163 3389 4235 Ἐπειδὴ
3442 4162 3529 4215 διὰ
3562 4161 3670 4213 τῶν
3708 4155 3832 4210 καθ’

2251 4251 2397 4351 ἡμάς
2425 4269 2840 4340 ὑποδειγμάτων
2864 4263 3159 4332 ἀναγκαῖον
3187 4257 3360 4328 ἐφάνη
3397 4255 3473 4324 τῷ
3506 4251 3835 4351 λογογράφῳ

2249 4341 2348 4439 τήν
2416 4367 2565 4419 θείαν
2621 4355 3026 4426 ἐπιλογίζεσθαι
3078 4351 3332 4421 δύναμιν,
3366 4345 3606 4399 πεισάτω
3639 4341 3833 4395 ἑαυτὸν

2252 4463 2316 4514 ὲκ
2343 4458 2436 4512 τοῦ
2475 4455 2665 4528 ἐτέρου
2709 4451 2811 4520 τῆς
2858 4448 3162 4517 γεννήσεως
3197 4440 3399 4512 τρόπου
3453 4436 3513 4489 τὺ
3554 4433 3684 4502 περὶ
3734 4429 3834 4500 τὴν

569 4555 757 4626 igitur,
812 4569 910 4624 per
948 4555 1197 4623 exempla
1243 4564 1431 4609 nostra
1479 4555 1848 4608 necessarium
1897 4556 2132 4626 apparuil

2253 4550 2404 4604 θείαν
2433 4520 2684 4616 γέννησιν
2712 4539 2916 4600 ἀπαθὲς
2947 4536 3165 4588 ἐννοεῖν.
3219 4529 3380 4583 Ἀλλὰ
3403 4526 3500 4590 τὰς
3526 4526 3672 4631 τρεῖς
3698 4520 3836 4625 ταύ-

568 4647 697 4701 huic
749 4646 1051 4701 vanissimo
1102 4647 1360 4715 scriptori
1419 4647 1524 4698 vim
1561 4645 1800 4698 divinam
1844 4661 1905 4698 ac
1965 4656 2132 4715 poten~

2249 4657 2348 4703 τας
2405 4613 2520 4709 μετ’
2563 4613 2807 4703 άλλήλων
2850 4624 3217 4700 προσηγορίας
3256 4619 3494 4690 συγχέας
3541 4613 3600 4715 εξ
3625 4613 3700 4715 div
3733 4613 3836 4663 ἰσο-

569 4740 701 4790 tiam
730 4735 1188 4791 considerandam
1220 4751 1363 4800 esse,
1400 4735 1576 4790 discat
1610 4747 1664 4790 et
1691 4736 1793 4789 sibi
1825 4735 2149 4806 persuadeat

569 4846 633 4883 ex
672 4830 779 4882 alio
832 4829 1203 4899 generationis
1247 4828 1412 4880 modo
1467 4829 1519 4880 in
1561 4829 1745 4882 divina
1800 4825 2150 4897 generatione

569 4923 718 4992 quod
764 4921 991 4977 aﬂ'ectus
1040 4921 1111 4975 sit
1150 4935 1345 4988 expers
1400 4919 1722 4989 intelligere.
1760 4919 1869 4973 Sed
1912 4921 2011 4975 has
2041 4929 2152 4976 tres

571 5017 714 5068 inter
757 5029 816 5069 se
866 5012 1258 5084 appellationes
1319 5011 1683 5076 confundens,
1745 5027 1978 5082 quarum
2031 5012 2153 5067 duae

572 5123 757 5177 aequas
810 5106 1014 5160 habent
1068 5106 1213 5159 vires
1254 5126 1264 5158 :
1313 5113 1466 5174 putat
1500 5120 1560 5159 se
1605 5106 1880 5158 auditores
1913 5105 2154 5173 arripere

575 5213 672 5269 per
713 5198 944 5252 duarum
1000 5211 1195 5251 vocum
1243 5197 1544 5251 secundum
1593 5196 1956 5266 signiﬁcatum
2009 5212 2157 5250 com-

577 5294 914 5356 munionem,
970 5291 1043 5344 ita
1095 5299 1152 5343 ut
1202 5290 1418 5342 tertiam
1475 5290 1616 5343 idem
1666 5288 1978 5359 signiﬁcare
2010 5289 2157 5344 arbi-

575 5395 812 5440 trentur.
860 5383 1129 5449 Quoniam
1176 5383 1322 5435 enim
1378 5381 1605 5435 factura:
1654 5389 1710 5436 et
1755 5389 2023 5435 creatura:
2061 5397 2156 5451 ap-

580 5479 820 5548 pellatio,
873 5475 925 5528 id
967 5474 1114 5544 quod
1163 5473 1370 5528 factum
1421 5483 1506 5528 est
1557 5481 1712 5528 extra
1756 5485 2006 5527 naturam
2037 5475 2158 5542 ejus

578 5567 672 5638 qui
710 5564 837 5620 fecit
889 5580 1011 5618 esse
1059 5563 1424 5629 demonstrat,
1476 5562 1561 5616 his
1598 5576 1783 5616 vocem
1825 5561 1918 5614 τοῦ
1967 5563 2159 5632 γεννή-

577 5675 750 5732 ματος
777 5654 1088 5729 [geniturze]
1121 5654 1341 5726 adaptat
1363 5699 1380 5723 ,
1415 5665 1472 5710 ut
1505 5667 1608 5710 nec
1629 5653 1789 5708 ctiam
1810 5669 2005 5708 nomen
2036 5669 2159 5708 cum

653 5813 698 5844 “
725 5811 867 5865 Psal.
901 5825 1020 5867 xm.
1047 5809 1104 5865 5.

2251 4728 2580 4802 δυναμοῦσιν
2602 4727 2658 4778 αἱ
2675 4725 2767 4778 δύο
2782 4740 2794 4753 ο
2823 4717 3190 4791 συναρπάζειν
3212 4713 3383 4766 οἴεται
3401 4711 3524 4770 τοὺς
3539 4705 3835 4765 ἀκούοντας

2254 4823 2341 4878 διὰ
2376 4797 2476 4890 τῆς
2507 4819 2615 4871 τῶν
2643 4815 2736 4869 δύο
2787 4809 2980 4882 φωνῶν
3025 4804 3168 4859 κατὰ
3203 4803 3265 4856 τὺ
3300 4797 3692 4872 σημαινόμενον
3717 4810 3835 4890 7.02-

2260 4915 2475 4977 νωνίας,
2499 4912 2560 4964 τὸ
2599 4909 2694 4962 καὶ
2714 4906 2809 4976 τὴν
2841 4893 3031 4974 τρίτην
3059 4895 3318 4957 ὡσαύτως
3345 4891 3570 4945 οἴεσθαι.
3619 4884 3837 4955 Ἐπειδὴ

2261 5009 2369 5079 γὰρ
2399 5009 2433 5076 ή
2458 5004 2553 5058 τοῦ
2575 5003 2878 5070 ποιήματος
2906 4994 3001 5048 καὶ
3031 4990 3326 5079 κτίσ-ματος
3349 4979 3706 5079 προσηγορία,
3733 4977 3839 5079 ἔξω

2257 5071 2464 5169 τῆςτοῦ
2491 5090 2850 5162 πεποιηκότος
2877 5085 3090 5155 φύσεως
3121 5077 3258 5132 εἶναι
3280 5076 3340 5129 τὺ
3363 5072 3725 5142 πεποιημένον
3753 5071 3840 5120 ὲν-

2261 5194 2555 5250 δείκνυται,
2600 5182 2902 5255 προσάπτει
2931 5176 3142 5237 τούτοις
3176 5167 3272 5242 τὴν
3312 5169 3494 5240 φωνὴν
3517 5165 3610 5219 τοῦ
3650 5163 3843 5231 γεννή-

2269 5299 2435 5356 ματος
2454 5298 2466 5310 ·
2499 5279 2575 5341 ὡς
2613 5277 2676 5330 ἂν
2705 5273 2797 5327 καὶ
2812 5271 2968 5325 τοῦτο
2985 5269 3097 5328 τοῖς
3117 5262 3536 5336 προειρημένοις
3570 5271 3844 5326 συνερμη-

2264 5346 2492 5427 νεύοιτο.
2531 5364 2690 5419 Ἀλλὰ
2703 5364 2763 5416 τὸ
2778 5359 3018 5415 τοιοῦτον
3043 5353 3183 5419 εἶδος
3211 5353 3482 5420 τοῦλόγου
3511 5346 3842 5416 κακουργία,

2266 5467 2361 5519 καὶ
2397 5461 2582 5531 ἀπάτη
2630 5457 2723 5511 καὶ
2763 5451 3096 5525 φενακισμὸς
3128 5444 3484 5517 ὀνομάζεται,
3518 5442 3578 5494 ού
3610 5455 3844 5510 πεφρονο

2267 5556 2516 5627 τισμένη,
2541 5529 2636 5606 καὶ
2672 5549 2893 5619 τεχνικὴ
2921 5561 3002 5606 τις
3045 5538 3335 5603 ἀπόδειξις.
3366 5536 3520 5604 Μόνη
3551 5532 3660 5601 γάρ
3699 5532 3733 5600 ἡ
3758 5529 3847 5627 διὰ

2270 5665 2380 5704 ’.ων
2401 5645 2846 5720 ὁμολογουμένων
2874 5635 3179 5710 φανεροῦσα
3210 5633 3268 5686 τὺ
3303 5629 3494 5700 άγνυυύ
3504 5643 3683 5700 μενον,
3711 5621 3846 5678 ἀπό-
