4138 6364
364 373 467 432 (Sail

1459 367 1738 423 CONTRA
1771 368 2166 434 EUNOMIUM,
2209 369 2335 423 LIB.
2379 370 2469 424 IV.

3535 366 3640 421 66⁸3

365 489 530 554 δειξις
554 487 788 554 λέγεται.
815 486 888 538 Τὸ
925 485 981 538 δὲ
1024 483 1482 558 παραλογίζεσθαι
1512 487 1599 540 διὰ
1622 489 1956 558 κακουργίας

2065 489 2354 559 praedictis,
2381 488 2568 542 cadem
2594 487 3046 559 interpretatione
3067 483 3507 557 comprehendat.
3534 483 3641 538 Sed

372 582 465 634 καὶ
483 579 840 632 ὑποκλέπτειν
865 577 956 629 τὸν
979 576 1220 648 ἔλεγχον,
1242 579 1334 630 καὶ
1352 581 1568 647 συγχεῖν
1601 580 1656 630 ἐν
1685 582 1806 642 ταῖς
1831 582 1955 631 ἐπι-

370 668 612 731 πολαίοις
642 667 879 729 ἀπάταις
914 665 1013 735 τὴν
1058 666 1297 720 διάνοιαν
1338 667 1467 731 τῶν,
1507 665 1686 730 καθώς
1721 684 1884 740 φησιν
1928 670 1956 720 ὁ

385 760 728 821 Ἀπόστολος,
753 757 1216 828 κατεφθαρμένων
1243 758 1493 820 τὸκινοῦν,
1523 761 1623 812 οὐκ
1649 761 1713 813 ἄν
1737 777 1818 824 τις
1847 761 1954 815 τῶν

373 851 791 922 σωφρονούντων
824 849 1099 913 ἀπόδειξιν
1124 852 1376 920 τεχνικὴν
1399 853 1740 922 ὀνομάσειεν.

2061 579 2185 632 talis
2217 579 2426 648 species
2457 581 2732 635 sermonis
2761 580 2990 641 malitia,
3017 587 3070 632 et
3094 577 3246 630 fraus
3269 583 3321 630 et
3341 575 3641 644 impostnra

2063 670 2401 733 nominatur,
2446 687 2555 724 non
2601 673 2898 741 prudenter
2939 679 2992 723 et
3041 679 3300 723 accurate
3337 665 3642 735 excogitata

2059 773 2112 816 et
2144 764 2438 818 artificiosa
2463 764 2894 830 demonstratio;
2931 763 3046 818 sola
3077 761 3222 817 enim
3249 776 3368 829 qua!
3389 775 3454 812 ex
3479 757 3645 811 certis

2061 863 2120 910 et
2160 856 2444 911 concessis
2504 857 2770 923 et.notis,
2832 857 2888 912 id
2951 855 3099 926 quod
3155 856 3444 923 ignoratur
3499 851 3646 904 clare

373 943 552 1004 docet.
582 945 974 1000 demonstratio
1005 948 1232 1008 dicitur,
1269 949 1362 1002 sed
1395 965 1490 1017 per
1521 950 1787 1003 malitiam
1824 947 1960 1004 falsa
2002 953 2478 1020 argumentatione
2525 953 2604 1006 uti
2665 961 2720 1007 et
2789 951 3074 1021 surripere
3122 956 3528 1018 argumentum,
3593 954 3647 997 et

373 1038 763 1106 apparentibus
793 1037 1026 1094 fallaciis
1089 1039 1425 1094 confundere
1469 1041 1879 1112 intelligentiam
1918 1057 2128 1107 eorum,
2174 1043 2290 1112 qui,
2339 1051 2398 1096 ut
2445 1043 2536 1096 ait.
2557 1042 2851 1112 Apostolus
2879 1040 2924 1072 “
2946 1044 2987 1106 ‘,
3021 1049 3258 1094 mentem
3291 1036 3644 1105 depravatam

373 1138 430 1182 et
465 1131 765 1199 improbam
803 1131 1026 1195 habent,
1062 1133 1247 1188 nullus
1284 1148 1474 1188 eorum
1511 1135 1602 1202 qui
1637 1135 1880 1190 modeste
1919 1136 2136 1205 sapiunt
2163 1136 2516 1190 artificiosam
2557 1134 3076 1190 demonstrationem
3113 1129 3430 1186 nominarit.

457 1223 616 1277 Ἀλλά
645 1225 779 1295 πρὸς
808 1225 904 1296 τὴν
944 1226 1293 1280 ἀκολούθειαν
1325 1229 1688 1300 μετέλθωμεν.
1732 1232 1956 1300 Ἁμεσί-

375 1332 586 1370 zsvtor
611 1316 678 1370 δέ
708 1335 896 1386 φησιν
922 1314 1074 1372 εἶναι
1108 1319 1216 1387 τῆς
1249 1323 1465 1387 οὐσίας
1507 1323 1619 1390 τὴν
1647 1323 1953 1391 γέννησιν,

377 1407 476 1463 καὶ
502 1408 836 1477 ἀμερίστως
864 1409 1072 1470 σώζειν
1098 1412 1214 1478 τὴν
1244 1413 1393 1481 πρὸς
1427 1415 1529 1466 τὸν
1561 1416 1962 1483 γεγεννηκότα

380 1498 477 1551 καὶ
505 1498 840 1565 ποιήσαντα
885 1502 984 1554 καὶ
1019 1503 1309 1565 κτίσαντα
1354 1505 1593 1573 σχέσιν.
1628 1507 1690 1558 Εἰ
1735 1507 1832 1576 μὲν
1864 1503 1957 1560 οὖν

375 1590 438 1644 τὸ
472 1590 764 1661 ἀμέριστόν
788 1610 846 1644 τε
888 1593 984 1646 καὶ
1011 1594 1376 1663 ,ἁμεσίτευτον
1427 1597 1592 1649 εἰπὼν
1621 1599 1718 1667 τῆς
1747 1599 1953 1665 οὐσίας,

381 1680 437 1730 ὲν
479 1679 651 1750 τούτῳ
688 1680 780 1732 τὸν
827 1677 982 1748 λόγον
1015 1680 1262 1751 ἔστησεν,
1305 1683 1404 1736 ούκ
1445 1683 1512 1736 ἂν
1554 1684 1652 1754 τῆς
1703 1685 1956 1748 εὐσεϐοῦς

386 1770 702 1840 ὑπολήψεως
737 1773 1084 1842 παρετράπη,
1121 1774 1242 1826 ἐπεὶ
1281 1777 1373 1828 καὶ
1412 1776 1541 1846 παρ’
1584 1776 1740 1846 ἡμῶν
1773 1777 1960 1848 ὁμολο-
1994 1810 2034 1863 Β

379 1866 554 1930 γεῖται
590 1864 684 1916 τοῦ
714 1864 843 1916 Υίοῦ
878 1865 936 1918 τὸ
967 1867 1102 1936 πρὸς
1132 1867 1224 1920 τὸν
1255 1868 1474 1939 Πατέρα
1503 1869 1736 1938 συναφές
1764 1887 1822 1922 τε
1865 1871 1961 1924 καὶ

381 1953 764 2021 ἀμεσίτευτονο
800 1953 876 2016 ὡς
919 1955 1082 2025 μηδὲν
1132 1951 1267 2008 εἶναι
1316 1955 1376 2008 τὸ
1418 1957 1505 2010 διὰ
1553 1957 1716 2026 μέσου
1758 1957 1962 2010 τούτων

381 2047 851 2116 παρενειρόμενον,
906 2047 935 2098 6
986 2047 1185 2116 μεταξὺ
1229 2049 1329 2118 τῆς
1378 2049 1471 2102 τοῦ
1511 2050 1640 2102 Υἱοῦ
1692 2051 1826 2120 πρὸς
1871 2051 1959 2103 τὸν

380 2135 600 2206 Πατέρα
649 2137 938 2204 συναφείας
995 2137 1344 2207 εὑρίσκεται,
1405 2141 1479 2211 μὴ
1539 2144 1960 2212 διαστηματικόν

381 2244 433 2279 τι
457 2227 651 2298 νόημα,
687 2229 761 2299 μὴ
799 2229 928 2282 αὐτὸ
963 2229 1024 2281 τὸ
1050 2231 1251 2301 ἀκαρές
1283 2249 1342 2284 τε
1383 2233 1476 2284 καὶ
1519 2234 1738 2304 ἄτομον,
1767 2235 1796 2286 6
1837 2235 1958 2306 διχῆ

379 2319 713 2388 τεμνομένου
759 2319 850 2372 τοῦ
884 2321 1099 2391 χρόνου,
1143 2321 1220 2391 τῷ
1262 2323 1614 2393 παρῳχηκότι
1652 2341 1709 2376 τε
1753 2323 1846 2376 καὶ
1883 2324 1960 2394 τῷ

383 2409 651 2478 μέλλοντι,
691 2412 829 2463 κατὰ
855 2411 914 2463 τὸ
943 2411 1170 2474 ἐνεστὼς
1200 2412 1422 2482 ἀμερῶς
1467 2413 1550 2480 ἐφ’
1592 2414 1783 2466 ἑαυτοῦ
1823 2418 1962 2467 νοεῖ-

380 2516 492 2560 ται,
518 2499 642 2551 οὕτε
688 2498 781 2552 τοῦ
833 2503 1240 2570 παρῳχηκότος,
1290 2501 1411 2555 οὔτε
1461 2503 1743 2572 μέλλοντος
1798 2506 1960 2575 μέρος

381 2588 630 2656 γενέσθαι
656 2588 967 2659 δυνάμενον,
994 2590 1080 2642 διὰ
1122 2593 1181 2643 τὸ
1212 2587 1347 2644 εἶναι
1389 2592 1613 2645 καθόλου
1645 2594 1961 2647 ἀδιάστατόν

381 2696 440 2732 τε
471 2681 563 2732 καὶ
613 2680 831 2748 ἄτομον,
881 2680 974 2733 καὶ
1016 2682 1152 2752 ὅπερ
1193 2683 1258 2734 ἂν
1299 2683 1588 2753 προστεθῇ,
1620 2685 1957 2754 ἁνεπίδηλον.

383 2769 456 2822 Τὸ
480 2765 569 2822 οὖν
596 2769 848 2841 καθαρῶς
880 2770 1102 2840 ἅμεσον,
1131 2771 1303 2824 οὐδενὶ
1332 2772 1555 2842 τοιούτῳ
1586 2774 1962 2842 μεσιτεύεσθαι

381 2861 630 2932 λέγομεν.
670 2863 744 2915 Οὐ
791 2863 900 2932 γὰρ
941 2862 1005 2914 ἂν
1052 2862 1134 2914 ἔτι
1176 2862 1377 2932 ἆμεσον
1422 2865 1504 2936 εῖη
1552 2865 1613 2916 τὸ
1669 2865 1818 2935 μέσῳ
1855 2867 1962 2918 τινὶ

380 2954 768 3024 διειργόμενον.
805 2956 864 3006 ΕΞ
908 2953 1084 3008 τοίνυν
1131 2955 1379 3018 κάκεῖνος
1425 2956 1776 3024 ἁμεσίτευτον
1823 2953 1962 3010 εἶναι

381 3045 550 3100 εἰπὼν
580 3047 672 3098 τού
705 3045 835 3098 Υἱοῦ
871 3046 970 3116 τὴν
992 3046 1261 3116 γέννησιν,
1307 3047 1469 3118 μηδὲν
1513 3047 1618 3098 τῶν
1660 3049 1960 3117 εἰρημένων

2135 1229 2238 1285 Sed
2272 1231 2338 1285 ad
2372 1246 2434 1285 ea
2467 1246 2590 1300 qua:
2623 1236 2931 1299 sequuntur
2960 1236 3328 1280 transeamus.
3358 1220 3644 1276 Immedia-

2062 1331 2172 1374 tam
2200 1331 2249 1376 et
2285 1321 2432 1375 nullo
2479 1322 2860 1376 intercurrente
2895 1319 3064 1371 medio
3097 1315 3434 1384 coniunctam
3470 1327 3644 1364 essen-

2063 1416 2150 1469 τίω
2177 1414 2572 1484 generationem
2597 1413 2827 1475 asserit;
2860 1420 3015 1479 atque
3069 1404 3470 1475 impartibiliter
3523 1417 3658 1455 εει-ι·-

2063 1522 2185 1558 vare
2233 1523 2351 1558 cum
2384 1523 2444 1559 eo
2493 1505 2580 1574 qui
2616 1505 2794 1574 genuit
2830 1512 2879 1556 et
2936 1501 3026 1569 qui
3055 1499 3178 1568 fecit
3215 1506 3265 1551 et
3299 1495 3388 1566 qui
3445 1493 3643 1546 creavit

2063 1595 2389 1648 relationem.
2435 1593 2492 1648 Si
2523 1609 2647 1648 cum
2697 1589 3026 1660 impartibile
3065 1584 3321 1642 essentia:
3362 1589 3417 1637 et
3451 1581 3644 1635 imme-

2063 1690 2272 1742 diatnm
2299 1687 2460 1753 dixit,
2505 1687 2559 1740 in
2589 1700 2656 1739 eo
2687 1698 2998 1738 sermonem
3031 1680 3272 1739 sisteret,
3311 1690 3422 1728 non
3469 1687 3499 1725 a
3550 1671 3657 1740 pia.

2063 1789 2116 1834 et
2149 1780 2402 1850 religiosa
2454 1777 2714 1847 Opinione
2743 1773 3077 1835 deflecteret,
3117 1769 3244 1840 quia
3279 1767 3444 1822 etiam
3473 1779 3501 1818 a
3537 1779 3638 1818 nov

2065 1871 2148 1924 bis
2181 1870 2497 1922 conceditur
2516 1867 2638 1922 Filii
2668 1882 2792 1921 cum
2834 1864 2996 1918 Patre
3060 1858 3331 1916 connexio
3367 1865 3420 1912 et
3454 1857 3645 1909 imme-

2062 1961 2252 2020 diatio,
2286 1960 2413 2027 quia
2444 1959 2583 2012 nihil
2610 1959 2679 2012 sit
2716 1955 2859 2025 quod
2886 1970 2981 2024 per
3008 1952 3201 2005 horum
3233 1947 3468 2003 medium
3499 1945 3644 1998 inse-

2061 2063 2238 2115 ratur,
2272 2051 2415 2119 quod
2474 2052 2616 2104 inter
2650 2046 2774 2102 Filii
2832 2061 2955 2099 cum
3006 2042 3169 2095 Patre
3207 2035 3488 2108 compagis
3520 2035 3641 2088 sive

2062 2145 2419 2200 connexionis
2473 2141 2711 2196 medium
2768 2137 3096 2192 inveniatur.
3161 2131 3281 2184 Non
3351 2125 3640 2182 intervallo

2062 2237 2323 2291 distincta
2354 2234 2538 2299 notio,
2579 2247 2687 2285 non
2747 2231 2925 2298 ipsum
2987 2225 3274 2279 minimuut
3333 2226 3385 2272 et
3445 2215 3644 2270 indivi-

2063 2329 2250 2390 duum,
2284 2325 2428 2396 quod
2465 2337 2641 2392 neque
2673 2319 2851 2376 secari
2879 2332 3057 2386 neque
3109 2312 3274 2368 dividi
3307 2309 3378 2362 ob
3431 2305 3641 2376 exigui-

2063 2430 2227 2473 tatem
2261 2427 2440 2489 potest
2466 2435 2480 2484 ;
2511 2432 2636 2470 cum
2660 2423 2876 2482 tempus
2897 2408 3149 2464 bifariam
3174 2403 3470 2461 dividatur,
3500 2413 3638 2468 pra:-

2064 2514 2225 2567 terito
2258 2520 2313 2564 et
2346 2510 2550 2572 futuro,
2584 2521 2828 2578 praesens
2885 2503 2940 2556 in
2996 2500 3178 2568 seipso
3242 2493 3646 2562 impartibiliter

2064 2603 2384 2671 intelligitur
2411 2599 2556 2670 quod
2590 2612 2763 2666 neque
2793 2591 3078 2664 prazteriti,
3111 2602 3288 2658 neque
3317 2584 3486 2639 futuri
3520 2597 3656 2651 pars

2064 2709 2190 2751 esse
2234 2701 2432 2764 potest,
2465 2692 2591 2762 quia
2634 2689 2782 2743 omni
2831 2683 3172 2739 dimensione
3203 2686 3433 2740 careat,
3468 2675 3646 2743 sitque

2064 2786 2387 2840 continuum
2423 2791 2477 2838 ct
2507 2779 2872 2843 individuum,
2907 2776 3043 2834 etsi
3061 2768 3192 2844 quid
3217 2768 3492 2839 adjectum
3531 2766 3647 2819 fue-

2064 2874 2609 2946 rit,inconspicuum.
2641 2868 2796 2935 Quod
2840 2866 3170 2935 igiturpure
3224 2859 3387 2919 medii
3451 2874 3648 2928 expers

2063 2977 2168 3034 est,
2200 2967 2351 3021 nullo
2380 2965 2474 3019 tali
2531 2963 2936 3016 intercurrente
2973 2953 3152 3013 medio
3212 2951 3396 3006 dividi.
3424 2959 3600 3021 potest
3627 2967 3642 3012 ;

2065 3076 2174 3115 non
2202 3059 2346 3113 enim
2380 3055 2615 3124 amplius
2647 3059 2793 3106 esset
2828 3048 2991 3103 medii
3017 3061 3234 3116 expers,
3269 3042 3414 3114 quod
3463 3042 3644 3112 aliquo

381 3138 673 3207 ἐπήνεγκε,
703 3137 802 3208 τὴν
831 3137 1068 3201 εὐσεϐῶς
1093 3139 1384 3210 νοουμένην
1416 3139 1510 3191 τού
1554 3138 1681 3192 Υἱοῦ
1711 3140 1844 3209 πρὸς
1871 3140 1961 3193 τὸν

2066 3150 2246 3206 medio
2277 3143 2680 3202 coercetur..Si
2729 3142 2895 3212 igitur
2957 3141 3046 3194 ille
3075 3138 3165 3208 qui
3217 3151 3341 3191 cum
3373 3134 3510 3189 dixit
3542 3134 3647 3186 im-

382 3228 597 3296 Ηατέρα
628 3230 919 3297 συνάφειαν
963 3230 1335 3299 ὲδογμὰτιζεν.
1377 3231 1594 3302 Ἐπειδὴ
1628 3231 1683 3284 δὲ
1710 3231 1959 3303 καθάπερ

383 3317 778 3389 μεταμεληθεὶς
812 3321 895 3388 ἐφ’
925 3315 1005 3384 οἷς
1043 3322 1282 3392 εἴρηκεν,
1325 3321 1486 3385 εὐθὺς
1538 3323 1834 3392 ἐπήγαγεν,
1879 3323 1960 3375 ὅτι

378 3409 550 3470 Σώζει
580 3411 694 3478 τὴν
713 3412 860 3480 πρὸς
889 3412 996 3466 τὸν
1020 3415 1417 3483 γεγεννηκότα
1449 3415 1545 3468 καὶ
1575 3416 1957 3482 πεποιηκότα,

381 3504 479 3556 καὶ
535 3505 828 3558 κτίσαντα
865 3494 1114 3573 σχέσιν,
1152 3506 1377 3577 ἐμόλυνε
1423 3509 1530 3570 τοῖς
1577 3507 1847 3578 δευτέροις
1893 3508 1962 3560 τὰ

383 3595 643 3664 πρότερα,
686 3595 764 3664 τῷ
811 3597 1034 3668 καθαρῷ
1084 3598 1226 3668 λόγῳ
1275 3599 1373 3669 τὴν
1420 3598 1734 3669 βλάσφημον
1779 3599 1960 3668 φωνὴν

381 3685 676 3754 ἐπεμέσας.
721 3686 890 3756 Δῆλον
917 3689 1025 3759 γὰρ
1068 3689 1150 3741 ὅτι
1176 3691 1336 3742 κάκεῖ
1377 3691 1436 3743 τὸ
1477 3692 1852 3761 ὰμεσίτευτονι,
1898 3693 1959 3743 οὐ

383 3778 518 3847 πρὸς
550 3778 608 3829 τὸ
637 3780 857 3842 εὐσεϐὲς
887 3779 1091 3849 βλέπει.
1126 3781 1260 3834 Ἀλλ’
1292 3784 1366 3846 ὡς
1389 3783 1454 3836 ἄν
1479 3802 1558 3847 τις
1584 3784 1730 3853 λέγοι
1759 3784 1958 3854 μεταξὺ

379 3869 474 3922 τοῦ
503 3871 633 3940 ἥλου
665 3874 756 3924 καὶ
800 3871 894 3925 τοῦ
932 3873 1174 3942 χαλκέως
1238 3874 1538 3945 μεσιτεύειν
1581 3877 1678 3947 τὴν
1717 3875 1957 3946 σφύρανο

379 3958 584 4030 ταύτης
607 3961 664 4014 δὲ
701 3957 838 4014 εἶναι
872 3964 972 4034 τὴν
1001 3965 1340 4037 κατασκευὴν
1382 3966 1754 4035 ἀμεσίτευτον.
1796 3966 1962 4020 Οῠπω

381 4054 490 4125 γὰρ
515 4053 622 4106 τῶν
649 4056 892 4126 ὀργάνων
923 4057 1028 4110 ὑπὸ
1055 4059 1154 4127 τῆς
1191 4059 1387 4129 τέχνης
1419 4059 1814 4132 ἐξευρημένων,
1840 4063 1960 4113 ὲπι-

384 4145 500 4218 νοίᾳ
529 4147 634 4199 τινὶ
665 4146 760 4218 τὴν
801 4147 1010 4218 σφύραν
1037 4149 1103 4200 δι’
1131 4151 1316 4218 ἐτέρου
1345 4152 1488 4214 τινὸς
1538 4152 1767 4223 ὀργάνου
1813 4152 1962 4223 παρᾶ

385 4237 476 4291 τοῦ
511 4239 749 4309 τεχνίτου
779 4238 1000 4310 πρώτην
1035 4241 1305 4309 γενέσθαι,
1344 4245 1438 4295 καὶ
1471 4241 1611 4295 οὕτω
1645 4243 1732 4296 διὰ
1759 4244 1963 4313 ταύτης

383 4327 452 4381 τὰ
477 4328 632 4382 ἄλλα.
663 4328 847 4381 Ταῦτα
879 4331 973 4384 καὶ
1003 4331 1129 4400 περὶ
1154 4331 1246 4382 τοῦ
1275 4332 1607 4399 Μονογενοῦς
1641 4337 1777 4386 νοεῖν
1803 4335 1835 4403 ἡ
1868 4333 1959 4385 τοῦ

384 4420 775 4489 ἀμεσιτεύτου
813 4421 954 4488 λέξις
991 4423 1081 4474 τὸν
1117 4424 1451 4492 λογογράφον
1482 4423 1827 4478 ἐνδείκνυται.
1855 4426 1962 4478 Ka‘t

383 4513 444 4564 ού
477 4513 634 4582 μόνος
661 4513 716 4564 έν
742 4513 916 4584 τούτῳ
942 4513 1279 4583 πεπλάνηται
1309 4516 1450 4568 κατὰ
1480 4515 1575 4584 τὴν
1605 4517 1834 4570 ἀτοπίαν
1869 4516 1962 4570 τοῦ

387 4603 652 4673 δόγματος
679 4605 706 4655 ὁ
735 4604 998 4674 Εύνόμιος
1017 4619 1030 4631 ⁸
1061 4605 1172 4656 ἀλλ’
1198 4605 1314 4658 ἔστι
1362 4606 1456 4658 καὶ
1499 4607 1557 4659 ὲν
1589 4608 1701 4668 τοῖς
1725 4606 1968 4674 Θεογνώ-

389 4710 494 4762 στῳ
528 4694 926 4763 πεπονημένοις
970 4695 1030 4746 τὸ
1071 4691 1186 4746 ἴσον
1213 4696 1390 4764 εὑρεῖν
1411 4712 1424 4724 '
1468 4695 1526 4758 ὃς
1560 4712 1691 4765 φησι
1715 4695 1806 4748 τὸν
1836 4697 1967 4749 Θεὸν

389 4785 706 4855 βουλόμενον
754 4786 872 4838 1:665
925 4786 986 4838 τὸ
1023 4787 1148 4838 πᾶν.
1177 4788 1606 4849 κατασκευάσαι,
1636 4787 1850 4855 πρῶτον
1877 4788 1967 4840 τὸν

390 4880 513 4932 Υίὺν
542 4874 652 4930 οἶόν
689 4896 808 4932 τινα
840 4879 1036 4932 κανόνα
1079 4880 1176 4949 τῆς
1222 4879 1577 4949 δημιουργίας
1620 4881 1966 4949 προῦποστήι

391 4971 600 5024 σασθαι.
633 4971 767 5023 Οὐδὲ
805 4973 1010 5032 ἐκεῖνος
1036 4971 1257 5023 συνιδὼν
1283 4974 1339 5024 ὲν
1363 4971 1441 5040 τῷ
1464 4971 1607 5041 λόγῳ
1638 4972 1697 5023 τὸ
1733 4972 1960 5025 ἄτοπον.-

388 5063 469 5116 ὅτι
502 5063 561 5114 τὸ
597 5061 671 5132 μὴ
699 5061 892 5114 ἑαυτοῦ
918 5061 1096 5132 χάριν,
1128 5061 1261 5115 ἀλλὰ
1301 5063 1365 5114 δι’
1409 5062 1535 5115 ἄλλο
1566 5080 1615 5115 τι
1647 5063 1966 5133 ἁτιμότερόν

390 5155 504 5206 ἐστι
533 5154 748 5215 πάντως
767 5152 861 5205 τοῦ
889 5153 954 5206 δι’
982 5153 1010 5205 ὃ
1036 5153 1262 5219 γίνεται,
1291 5153 1364 5215 ὡς
1392 5154 1452 5206 τὸ
1472 5154 1774 5225 γεωργικὸν
1801 5155 1967 5224 ἐργα-

391 5245 528 5298 λεῖον
555 5246 652 5315 τῆς
685 5244 830 5314 ζωῆς
874 5246 1031 5316 χάριν
1083 5245 1499 5315 ἐπιτηδεύομενο
1523 5247 1584 5298 οὐ
1627 5245 1730 5316 μὴν
1771 5245 1966 5316 ἐπίσης

391 5339 611 5406 τιμᾶται
642 5339 706 5408 τῇ
749 5336 860 5408 ζωῇ
893 5339 983 5390 καὶ
1015 5339 1074 5391 τὸ
1113 5339 1360 5410 ἄροτρον.
1399 5337 1554 5390 υῦτω
1586 5339 1761 5390 τοίνυν
1795 5339 1887 5390 καὶ
1920 5339 1968 5388 εἰ

389 5429 477 5480 διὰ
525 5429 614 5482 τὸν
659 5431 860 5499 κόσμον
899 5433 927 5484 ό
971 5431 1193 5502 Κύριος,
1243 5432 1338 5484 καὶ
1379 5430 1499 5498 οὐχὶ
1539 5430 1605 5482 δι’
1651 5432 1856 5482 ἐκεῖνον
1903 5429 1970 5482 τὰ

394 5520 589 5579 πάντα.
635 5522 1000 5592 προτιμότερα
1045 5522 1112 5575 ἂν
1165 5521 1251 5592 εἴη
1291 5521 1384 5575 τοῦ
1429 5520 1627 5592 Κυρίου
1671 5522 1870 5585 πάντα,
1896 5514 1969 5573 ὧν

393 5611 550 5682 χάριν
569 5613 773 5666 ἐκεῖνον
802 5614 1052 5682 γενέσθαι
1074 5615 1306 5684 λέγουσι.
1331 5615 1501 5668 Τοῦτο
1530 5616 1622 5669 καὶ
1645 5614 1738 5668 νῦν
1761 5614 1849 5668 διὰ
1877 5613 1969 5667 τοῦ

392 5700 549 5770 λόγου
593 5705 1054 5768 κατασκευάζουσι
1093 5704 1158 5758 δι’
1197 5699 1272 5761 ὧν
1320 5707 1672 5777 ἀμεσίτευτον
1718 5704 1975 5780 ἔχειντὴν

467 5863 533 5892 ιδ’
569 5858 728 5914 Rom.
763 5875 802 5927 ι,
836 5859 929 5928 29,
961 5861 1050 5914 50.

2068 3242 2358 3297 mediatam
2392 3255 2516 3293 esse
2546 3235 2664 3290 Filii
2689 3230 3264 3304 generationemmihil
3297 3243 3492 3282 eorum
3525 3243 3647 3297 qua:

2067 3335 2136 3388 ab
2161 3335 2281 3404 ipso
2309 3331 2452 3386 dicta
2489 3338 2616 3385 sunt
2676 3325 2974 3388 intulisset,
3036 3337 3156 3376 eam
3206 3336 3327 3388 quae
3380 3320 3466 3390 pie
3518 3333 3644 3372 cum

2066 3429 2225 3480 Patre
2266 3421 2588 3492 intelligitur
2639 3417 2760 3472 Filii
2816 3413 3210 3470 connexionem
3243 3427 3344 3467 suo
3393 3411 3646 3480 dogmate

2067 3517 2494 3587 cumprobasset.
2555 3511 2660 3566 Sed
2711 3509 2972 3579 qttoniam
3006 3506 3154 3560 velut
3194 3504 3516 3573 paenitentia
3549 3502 3647 3555 du-

2068 3621 2190 3666 ctus
2219 3610 2286 3662 ob
2314 3623 2376 3661 ea
2429 3620 2548 3675 quae
2582 3603 2740 3663 dixit,
2797 3600 3060 3655 continuo
3123 3597 3428 3664 subjunxit,
3499 3595 3644 3662 quod

2069 3709 2247 3757 servat
2277 3716 2393 3754 cum
2422 3715 2480 3750 eo
2509 3699 2596 3767 qui
2628 3694 2827 3764 genuit,
2863 3700 2912 3744 et
2943 3690 3087 3759 fecit,
3123 3699 3171 3743 et
3228 3690 3421 3742 creavit
3445 3727 3458 3751 ,
3508 3685 3647 3737 rela-

2070 3796 2281 3855 tionem,
2328 3788 2726 3861 posterioribus
2780 3784 2962 3852 priora
3025 3778 3439 3843 contaminavit,
3503 3783 3557 3829 et
3592 3776 3647 3830 in

2069 3896 2374 3938 sermonem
2409 3891 2602 3948 purum
2633 3873 3030 3942 blasphemiam
3073 3881 3127 3932 et
3182 3869 3401 3939 impiam
3460 3881 3646 3921 vocem

2067 3971 2326 4028 evomuit.
2405 3966 2757 4035 Perspicuum
2814 3965 2957 4017 enim
3019 3961 3131 4014 illic
3179 3959 3240 4012 τὸ
3295 3957 3648 4027 ἀμεσίτευτον

2071 4058 2530 4130 (immediatum)
2565 4072 2691 4112 cum
2741 4037 3218 4123 dixit,_nontquod
3253 4053 3399 4122 pium
3431 4058 3516 4105 est
3565 4064 3650 4103 re-

2070 4156 2301 4226 Spicere,
2342 4151 2432 4207 sed
2471 4159 2533 4204 ut
2559 4149 2606 4204 si
2640 4147 2772 4217 quis
2795 4146 2999 4200 diceret
3032 4145 3175 4207 inter
3221 4145 3438 4197 clavum
3485 4149 3537 4196 ct
3574 4157 3648 4196 3:-

2072 4244 2282 4298 rariutn
2304 4242 2517 4294 fabrum
2541 4239 2775 4294 medium
2811 4233 3146 4289 intervenire
3179 4233 3459 4294 malleum,
3485 4231 3648 4299 hujus

2069 4343 2247 4389 autem
2295 4341 2624 4389 structuram
2653 4340 2706 4383 et
2748 4327 3166 4382 fabricationem
3227 4324 3407 4378 medio
3435 4338 3646 4378 carere.

2070 4425 2328 4480 Nondum.
2347 4423 2493 4478 enim
2510 4420 2901 4476 instrumentis
2919 4419 3002 4473 .ab
3036 4425 3152 4472 arte
3176 4416 3414 4470 inventis
3474 4415 3651 4469 soler-

1997 4511 2040 4565 D
2071 4518 2145 4572 tia
2174 4515 2410 4584 quadam
2471 4514 2726 4568 malleum
2760 4528 2854 4583 per
2912 4511 3059 4565 aliud
3113 4508 3390 4580 quoddam
3439 4509 3648 4564 instru-

2066 4617 2308 4664 mentum
2356 4608 2426 4661 ab
2458 4605 2668 4659 artifice
2712 4605 2949 4672 primum
2984 4602 3188 4656 factum
3249 4616 3394 4664 esse,
3461 4609 3514 4654 et
3570 4601 3652 4654 sic

2065 4716 2162 4772 per
2191 4701 2337 4754 hunc
2361 4700 2486 4754 alia.
2521 4697 2645 4750 llzec
2671 4697 2738 4750 de
2765 4695 3055 4766 Unigenito
3093 4709 3292 4747 vanum
3325 4694 3471 4746 hunc
3511 4707 3651 4746 εει-ι-

2066 4803 2273 4864 ptorem
2301 4789 2803 4861 intelligere-dictio
2831 4785 3188 4857 ἀμεσιτεύτου
3222 4784 3421 4852 (medio
3453 4798 3646 4836 caren-

2075 4886 2456 4962 tis)ostendit.
2489 4882 2597 4938 Nec
2664 4881 2814 4936 solus
2865 4880 2919 4932 in
2966 4879 3069 4932 hoc
3104 4891 3200 4945 per
3253 4876 3650 4930 absurditatem

2075 4976 2342 5046 dogmatis
2391 4977 2649 5042 deceptus
2697 4979 2783 5026 est
2832 4968 3166 5030 Ennomius,
3237 4967 3332 5023 sed
3388 4967 3551 5022 etiam
3597 4967 3650 5020 in

2075 5065 2230 5119 libris
2261 5067 2669 5137 a-Tbeognoslo
2694 5059 3045 5128 conscriptis,
3105 5059 3234 5127 quid
3296 5057 3472 5113 simile
3531 5057 3654 5110 lieut.

2075 5155 2336 5216 invenire,
2368 5155 2459 5222 qui
2489 5152 2622 5207 dicit
2649 5153 2814 5206 Deum
2855 5153 3124 5205 volentem
3162 5152 3265 5204 hoc
3331 5150 3644 5204 universum

2075 5255 2412 5309 construere,
2449 5246 2683 5316 primum
2723 5244 2918 5298 Filium
2976 5244 3124 5298 velut
3176 5242 3466 5311 quamdam
3525 5259 3654 5295 nor-

2077 5352 2218 5391 mam
2255 5337 2456 5406 Opiticii
2493 5337 2644 5405 prius
2669 5335 3046 5389 substituisse.
3092 5333 3202 5389 Nec
3231 5335 3321 5389 ille
3381 5335 3654 5387 sermonis

2079 5430 2239 5497 hujus
2270 5425 2659 5481 absurditatem
2694 5425 2981 5488 intellexit,
3013 5423 3160 5493 quod
3197 5439 3392 5493 nempe
3428 5438 3535 5476 non
3567 5431 3653 5477 est

2078 5523 2162 5577 sui
2188 5519 2358 5588 ipsius
2391 5517 2588 5586 gratia,
2623 5517 2717 5571 sed
2749 5528 2974 5586 propter
3013 5516 3160 5570 aliud
3195 5515 3452 5586 quiddam
3492 5516 3650 5571 vilius

2077 5619 2161 5667 est
2190 5625 2416 5681 prorsus
2437 5625 2503 5664 eo
2531 5616 2750 5679 propter
2783 5608 2926 5679 quod
2988 5609 3237 5674 eilicitur,
3270 5610 3417 5664 velut
3487 5607 3650 5661 misti.-

2080 5718 2202 5758 cum
2245 5701 2922 5772 aliquodinstrumentum
2963 5701 3092 5756 vitae.
3137 5701 3309 5771 gratia
3366 5715 3649 5767 curamus,
