  <div class='ocr_page' id='page_1' title='image "/cluster/home/n/w/nwhite01/storage/ocr_20150623/45/nnc1.0046978445/343.png"; bbox 0 0 4138 6364; ppageno 0'>
   <div class='ocr_carea' id='block_1_1' title="bbox 473 387 3755 445">
    <p class='ocr_par' dir='ltr' id='par_1_1' title="bbox 473 387 3755 445">
     <span class='ocr_line' id='line_1_1' title="bbox 473 387 3755 445; baseline 0.001 -4"><span class='ocrx_word' id='word_1_1' title='bbox 473 390 585 442; x_wconf 72' lang='grc'><strong>68⁸5</strong></span> <span class='ocrx_word' id='word_1_2' title='bbox 1711 388 1767 443; x_wconf 85' lang='lat' dir='ltr'><strong>S.</strong></span> <span class='ocrx_word' id='word_1_3' title='bbox 1798 387 2128 445; x_wconf 75' lang='lat' dir='ltr'><strong>GREGORII</strong></span> <span class='ocrx_word' id='word_1_4' title='bbox 2163 388 2459 443; x_wconf 55' lang='lat' dir='ltr'><strong>KYSSENI</strong></span> <span class='ocrx_word' id='word_1_5' title='bbox 3655 390 3755 445; x_wconf 71' lang='lat'><strong>661</strong></span> 
     </span>
    </p>
   </div>
   <div class='ocr_carea' id='block_1_2' title="bbox 476 503 2075 577">
    <p class='ocr_par' dir='ltr' id='par_1_2' title="bbox 476 503 2054 575">
     <span class='ocr_line' id='line_1_2' title="bbox 476 503 2054 575; baseline -0.002 -14"><span class='ocrx_word' id='word_1_6' title='bbox 476 524 587 561; x_wconf 91' lang='lat' dir='ltr'><strong>non</strong></span> <span class='ocrx_word' id='word_1_7' title='bbox 625 515 805 559; x_wconf 90' lang='lat' dir='ltr'><strong>tamen</strong></span> <span class='ocrx_word' id='word_1_8' title='bbox 837 504 955 575; x_wconf 88' lang='lat' dir='ltr'><strong>pari</strong></span> <span class='ocrx_word' id='word_1_9' title='bbox 996 504 1206 561; x_wconf 79' lang='lat' dir='ltr'><strong>honore</strong></span> <span class='ocrx_word' id='word_1_10' title='bbox 1241 503 1477 559; x_wconf 74' lang='lat' dir='ltr'><strong>afficitur</strong></span> <span class='ocrx_word' id='word_1_11' title='bbox 1504 512 1747 559; x_wconf 85' lang='lat' dir='ltr'><strong>aratrum</strong></span> <span class='ocrx_word' id='word_1_12' title='bbox 1775 522 1885 575; x_wconf 89' lang='lat' dir='ltr'><strong>quo</strong></span> <span class='ocrx_word' id='word_1_13' title='bbox 1924 510 2054 559; x_wconf 86' lang='lat' dir='ltr'><strong>vita.</strong></span> 
     </span>
    </p>
   </div>
   <div class='ocr_carea' id='block_1_3' title="bbox 2178 503 3756 577">
    <p class='ocr_par' dir='ltr' id='par_1_3' title="bbox 2178 503 3756 577">
     <span class='ocr_line' id='line_1_3' title="bbox 2178 503 3756 577; baseline 0.001 -19"><span class='ocrx_word' id='word_1_14' title='bbox 2178 507 2289 561; x_wconf 73' lang='lat' dir='ltr'><strong>t‘iov</strong></span> <span class='ocrx_word' id='word_1_15' title='bbox 2318 509 2416 576; x_wconf 83' lang='grc' dir='ltr'>τὴν</span> <span class='ocrx_word' id='word_1_16' title='bbox 2464 507 2599 577; x_wconf 83' lang='grc' dir='ltr'>πρὸς</span> <span class='ocrx_word' id='word_1_17' title='bbox 2638 505 2731 558; x_wconf 77' lang='grc' dir='ltr'>τὸν</span> <span class='ocrx_word' id='word_1_18' title='bbox 2768 505 3027 558; x_wconf 83' lang='grc' dir='ltr'>κτίσαντα</span> <span class='ocrx_word' id='word_1_19' title='bbox 3071 504 3165 556; x_wconf 74' lang='grc' dir='ltr'><strong>καὶ</strong></span> <span class='ocrx_word' id='word_1_20' title='bbox 3198 503 3536 574; x_wconf 71' lang='grc' dir='ltr'><strong>πεποιηκότα</strong></span> <span class='ocrx_word' id='word_1_21' title='bbox 3571 507 3756 576; x_wconf 83' lang='grc' dir='ltr'>σχέσιν</span> 
     </span>
    </p>
   </div>
   <div class='ocr_carea' id='block_1_4' title="bbox 478 597 2075 667">
    <p class='ocr_par' dir='ltr' id='par_1_4' title="bbox 478 597 2063 667">
     <span class='ocr_line' id='line_1_4' title="bbox 478 597 2063 667; baseline 0.001 -16"><span class='ocrx_word' id='word_1_22' title='bbox 478 598 572 652; x_wconf 84' lang='lat' dir='ltr'><strong>Sic</strong></span> <span class='ocrx_word' id='word_1_23' title='bbox 602 598 786 665; x_wconf 74' lang='lat' dir='ltr'><strong>igitur,</strong></span> <span class='ocrx_word' id='word_1_24' title='bbox 846 598 894 650; x_wconf 88' lang='lat' dir='ltr'><strong>si</strong></span> <span class='ocrx_word' id='word_1_25' title='bbox 954 608 1177 667; x_wconf 90' lang='lat' dir='ltr'><strong>propter</strong></span> <span class='ocrx_word' id='word_1_26' title='bbox 1223 598 1487 652; x_wconf 89' lang='lat' dir='ltr'><strong>mundum</strong></span> <span class='ocrx_word' id='word_1_27' title='bbox 1545 597 1813 651; x_wconf 85' lang='lat' dir='ltr'><strong>Dominus</strong></span> <span class='ocrx_word' id='word_1_28' title='bbox 1863 606 2063 652; x_wconf 89' lang='lat' dir='ltr'><strong>etnon</strong></span> 
     </span>
    </p>
   </div>
   <div class='ocr_carea' id='block_1_5' title="bbox 2178 597 2614 667">
    <p class='ocr_par' dir='ltr' id='par_1_5' title="bbox 2178 598 2614 667">
     <span class='ocr_line' id='line_1_5' title="bbox 2178 598 2614 667; baseline 0 -16"><span class='ocrx_word' id='word_1_29' title='bbox 2178 598 2614 667; x_wconf 77' lang='grc' dir='ltr'>διισχυρίζονται.</span> 
     </span>
    </p>
   </div>
   <div class='ocr_carea' id='block_1_6' title="bbox 479 688 3755 760">
    <p class='ocr_par' dir='ltr' id='par_1_6' title="bbox 479 688 3755 760">
     <span class='ocr_line' id='line_1_6' title="bbox 479 688 3755 760; baseline 0 -19"><span class='ocrx_word' id='word_1_30' title='bbox 479 696 700 759; x_wconf 79' lang='lat' dir='ltr'><strong>propter</strong></span> <span class='ocrx_word' id='word_1_31' title='bbox 761 688 910 740; x_wconf 91' lang='lat' dir='ltr'><strong>illum</strong></span> <span class='ocrx_word' id='word_1_32' title='bbox 966 690 1173 753; x_wconf 88' lang='lat' dir='ltr'><strong>omnia,</strong></span> <span class='ocrx_word' id='word_1_33' title='bbox 1245 690 1452 744; x_wconf 80' lang='lat' dir='ltr'><strong>honore</strong></span> <span class='ocrx_word' id='word_1_34' title='bbox 1504 690 1711 758; x_wconf 79' lang='lat' dir='ltr'><strong>majore</strong></span> <span class='ocrx_word' id='word_1_35' title='bbox 1751 699 1937 745; x_wconf 90' lang='lat' dir='ltr'><strong>essent</strong></span> <span class='ocrx_word' id='word_1_36' title='bbox 1986 690 2260 760; x_wconf 80' lang='lat' dir='ltr'><strong>dignanda</strong></span> <span class='ocrx_word' id='word_1_37' title='bbox 2290 706 2451 759; x_wconf 85' lang='lat' dir='ltr'><strong>quam</strong></span> <span class='ocrx_word' id='word_1_38' title='bbox 2501 689 2781 750; x_wconf 81' lang='lat' dir='ltr'><strong>Dominus,</strong></span> <span class='ocrx_word' id='word_1_39' title='bbox 2821 688 3004 741; x_wconf 88' lang='lat' dir='ltr'><strong>omnia</strong></span> <span class='ocrx_word' id='word_1_40' title='bbox 3066 702 3298 757; x_wconf 89' lang='lat' dir='ltr'><strong>quorum</strong></span> <span class='ocrx_word' id='word_1_41' title='bbox 3360 688 3533 757; x_wconf 83' lang='lat' dir='ltr'><strong>gratia</strong></span> <span class='ocrx_word' id='word_1_42' title='bbox 3604 691 3755 743; x_wconf 90' lang='lat' dir='ltr'><strong>illum</strong></span> 
     </span>
    </p>
   </div>
   <div class='ocr_carea' id='block_1_7' title="bbox 479 779 3760 852">
    <p class='ocr_par' dir='ltr' id='par_1_7' title="bbox 479 779 3760 852">
     <span class='ocr_line' id='line_1_7' title="bbox 479 779 3760 852; baseline 0 -18"><span class='ocrx_word' id='word_1_43' title='bbox 479 781 721 850; x_wconf 87' lang='lat' dir='ltr'><strong>genitum</strong></span> <span class='ocrx_word' id='word_1_44' title='bbox 754 795 875 834; x_wconf 80' lang='lat' dir='ltr'><strong>esse</strong></span> <span class='ocrx_word' id='word_1_45' title='bbox 903 789 1180 835; x_wconf 84' lang='lat' dir='ltr'><strong>asserunt.</strong></span> <span class='ocrx_word' id='word_1_46' title='bbox 1213 781 1328 836; x_wconf 77' lang='lat' dir='ltr'><strong>Hoc</strong></span> <span class='ocrx_word' id='word_1_47' title='bbox 1365 783 1527 837; x_wconf 83' lang='lat' dir='ltr'><strong>etiam</strong></span> <span class='ocrx_word' id='word_1_48' title='bbox 1562 798 1709 836; x_wconf 92' lang='lat' dir='ltr'><strong>nunc</strong></span> <span class='ocrx_word' id='word_1_49' title='bbox 1759 798 1856 852; x_wconf 88' lang='lat' dir='ltr'><strong>per</strong></span> <span class='ocrx_word' id='word_1_50' title='bbox 1913 783 2060 837; x_wconf 89' lang='lat' dir='ltr'><strong>hunc</strong></span> <span class='ocrx_word' id='word_1_51' title='bbox 2112 798 2419 838; x_wconf 78' lang='lat' dir='ltr'><strong>sermonem</strong></span> <span class='ocrx_word' id='word_1_52' title='bbox 2488 789 2842 845; x_wconf 87' lang='lat' dir='ltr'><strong>construunt,</strong></span> <span class='ocrx_word' id='word_1_53' title='bbox 2885 796 2993 849; x_wconf 90' lang='lat' dir='ltr'><strong>quo</strong></span> <span class='ocrx_word' id='word_1_54' title='bbox 3027 780 3355 834; x_wconf 83' lang='lat' dir='ltr'><strong>confirmant</strong></span> <span class='ocrx_word' id='word_1_55' title='bbox 3407 779 3606 834; x_wconf 88' lang='lat' dir='ltr'><strong>Filium</strong></span> <span class='ocrx_word' id='word_1_56' title='bbox 3660 782 3760 834; x_wconf 80' lang='lat' dir='ltr'><strong>lia-</strong></span> 
     </span>
    </p>
   </div>
   <div class='ocr_carea' id='block_1_8' title="bbox 478 872 2075 945">
    <p class='ocr_par' dir='ltr' id='par_1_8' title="bbox 478 872 2075 945">
     <span class='ocr_line' id='line_1_8' title="bbox 478 872 2075 945; baseline 0.001 -21"><span class='ocrx_word' id='word_1_57' title='bbox 478 872 607 927; x_wconf 89' lang='lat' dir='ltr'><strong>bere</strong></span> <span class='ocrx_word' id='word_1_58' title='bbox 640 872 995 942; x_wconf 83' lang='grc' dir='ltr'>ἁμεσίτευτον</span> <span class='ocrx_word' id='word_1_59' title='bbox 1032 880 1046 934; x_wconf 76' lang='lat' dir='ltr'><strong>t</strong></span> <span class='ocrx_word' id='word_1_60' title='bbox 1077 874 1447 930; x_wconf 84' lang='lat' dir='ltr'><strong>immediatam</strong></span> <span class='ocrx_word' id='word_1_61' title='bbox 1472 877 1489 943; x_wconf 93' lang='lat'>)</span> <span class='ocrx_word' id='word_1_62' title='bbox 1519 890 1644 927; x_wconf 90' lang='lat' dir='ltr'><strong>cum</strong></span> <span class='ocrx_word' id='word_1_63' title='bbox 1686 890 1751 929; x_wconf 88' lang='lat' dir='ltr'><strong>eo</strong></span> <span class='ocrx_word' id='word_1_64' title='bbox 1783 875 1877 945; x_wconf 89' lang='lat' dir='ltr'><strong>qui</strong></span> <span class='ocrx_word' id='word_1_65' title='bbox 1928 891 2075 930; x_wconf 66' lang='lat' dir='ltr'><strong>creat</strong></span> 
     </span>
    </p>
   </div>
   <div class='ocr_carea' id='block_1_9' title="bbox 2178 872 2747 945">
    <p class='ocr_par' dir='ltr' id='par_1_9' title="bbox 2178 875 2747 931">
     <span class='ocr_line' id='line_1_9' title="bbox 2178 875 2747 931; baseline -0.011 -1"><span class='ocrx_word' id='word_1_66' title='bbox 2178 884 2215 930; x_wconf 67' lang='grc' dir='ltr'>ξι</span> <span class='ocrx_word' id='word_1_67' title='bbox 2244 875 2373 931; x_wconf 79' lang='lat' dir='ltr'><strong>fecit</strong></span> <span class='ocrx_word' id='word_1_68' title='bbox 2407 875 2747 927; x_wconf 74' lang='lat' dir='ltr'><strong>relationem.</strong></span> 
     </span>
    </p>
   </div>
   <div class='ocr_carea' id='block_1_10' title="bbox 551 968 2063 1040">
    <p class='ocr_par' dir='ltr' id='par_1_10' title="bbox 551 968 2063 1040">
     <span class='ocr_line' id='line_1_10' title="bbox 551 968 2063 1040; baseline 0.001 -18"><span class='ocrx_word' id='word_1_69' title='bbox 551 968 655 1022; x_wconf 87' lang='lat' dir='ltr'><strong>Sed</strong></span> <span class='ocrx_word' id='word_1_70' title='bbox 688 968 923 1037; x_wconf 84' lang='lat' dir='ltr'><strong>benigne</strong></span> <span class='ocrx_word' id='word_1_71' title='bbox 949 978 1004 1023; x_wconf 88' lang='lat' dir='ltr'><strong>ct</strong></span> <span class='ocrx_word' id='word_1_72' title='bbox 1042 973 1274 1025; x_wconf 83' lang='lat' dir='ltr'><strong>comiter</strong></span> <span class='ocrx_word' id='word_1_73' title='bbox 1292 971 1403 1040; x_wconf 91' lang='lat' dir='ltr'><strong>agit</strong></span> <span class='ocrx_word' id='word_1_74' title='bbox 1441 971 1496 1024; x_wconf 91' lang='lat' dir='ltr'><strong>in</strong></span> <span class='ocrx_word' id='word_1_75' title='bbox 1524 972 1775 1039; x_wconf 87' lang='lat' dir='ltr'><strong>reliquis,</strong></span> <span class='ocrx_word' id='word_1_76' title='bbox 1804 980 1857 1025; x_wconf 92' lang='lat' dir='ltr'><strong>et</strong></span> <span class='ocrx_word' id='word_1_77' title='bbox 1888 971 2021 1024; x_wconf 85' lang='lat' dir='ltr'><strong>dicit</strong></span> <span class='ocrx_word' id='word_1_78' title='bbox 2051 987 2063 1023; x_wconf 91' lang='lat'><strong>:</strong></span> 
     </span>
    </p>
   </div>
   <div class='ocr_carea' id='block_1_11' title="bbox 480 1058 2065 1132">
    <p class='ocr_par' dir='ltr' id='par_1_11' title="bbox 480 1058 2065 1132">
     <span class='ocr_line' id='line_1_11' title="bbox 480 1058 2065 1132; baseline 0.003 -20"><span class='ocrx_word' id='word_1_79' title='bbox 480 1058 610 1112; x_wconf 80' lang='lat' dir='ltr'><strong>Cum</strong></span> <span class='ocrx_word' id='word_1_80' title='bbox 649 1060 795 1112; x_wconf 79' lang='lat' dir='ltr'><strong>nullo</strong></span> <span class='ocrx_word' id='word_1_81' title='bbox 824 1077 1004 1113; x_wconf 84' lang='lat' dir='ltr'><strong>eorum</strong></span> <span class='ocrx_word' id='word_1_82' title='bbox 1039 1078 1157 1130; x_wconf 75' lang='lat' dir='ltr'><strong>qum</strong></span> <span class='ocrx_word' id='word_1_83' title='bbox 1188 1078 1281 1130; x_wconf 84' lang='lat' dir='ltr'><strong>per</strong></span> <span class='ocrx_word' id='word_1_84' title='bbox 1319 1063 1490 1130; x_wconf 77' lang='lat' dir='ltr'><strong>ipsam</strong></span> <span class='ocrx_word' id='word_1_85' title='bbox 1514 1072 1567 1115; x_wconf 88' lang='lat' dir='ltr'><strong>et</strong></span> <span class='ocrx_word' id='word_1_86' title='bbox 1595 1072 1711 1128; x_wconf 80' lang='lat' dir='ltr'><strong>post</strong></span> <span class='ocrx_word' id='word_1_87' title='bbox 1744 1063 1881 1116; x_wconf 82' lang='lat' dir='ltr'><strong>hanc</strong></span> <span class='ocrx_word' id='word_1_88' title='bbox 1917 1064 2065 1132; x_wconf 79' lang='lat' dir='ltr'><strong>facta</strong></span> 
     </span>
    </p>
   </div>
   <div class='ocr_carea' id='block_1_12' title="bbox 480 1151 2058 1219">
    <p class='ocr_par' dir='ltr' id='par_1_12' title="bbox 480 1151 2058 1219">
     <span class='ocr_line' id='line_1_12' title="bbox 480 1151 2058 1219; baseline 0.004 -16"><span class='ocrx_word' id='word_1_89' title='bbox 480 1160 602 1204; x_wconf 68' lang='lat' dir='ltr'><strong>sunt</strong></span> <span class='ocrx_word' id='word_1_90' title='bbox 625 1155 945 1219; x_wconf 84' lang='lat' dir='ltr'><strong>comparari.</strong></span> <span class='ocrx_word' id='word_1_91' title='bbox 976 1152 1130 1205; x_wconf 84' lang='lat' dir='ltr'><strong>Talia</strong></span> <span class='ocrx_word' id='word_1_92' title='bbox 1160 1151 1394 1206; x_wconf 87' lang='lat' dir='ltr'><strong>Domino</strong></span> <span class='ocrx_word' id='word_1_93' title='bbox 1457 1152 1623 1207; x_wconf 72' lang='lat' dir='ltr'><strong>ve‘iuti</strong></span> <span class='ocrx_word' id='word_1_94' title='bbox 1668 1156 1933 1209; x_wconf 81' lang='lat' dir='ltr'><strong>satellites</strong></span> <span class='ocrx_word' id='word_1_95' title='bbox 1987 1156 2058 1209; x_wconf 90' lang='lat' dir='ltr'><strong>fe-</strong></span> 
     </span>
    </p>
   </div>
   <div class='ocr_carea' id='block_1_13' title="bbox 478 1242 2062 1313">
    <p class='ocr_par' dir='ltr' id='par_1_13' title="bbox 478 1242 2062 1313">
     <span class='ocr_line' id='line_1_13' title="bbox 478 1242 2062 1313; baseline 0.002 -18"><span class='ocrx_word' id='word_1_96' title='bbox 478 1250 609 1295; x_wconf 82' lang='lat' dir='ltr'><strong>runt</strong></span> <span class='ocrx_word' id='word_1_97' title='bbox 647 1249 701 1294; x_wconf 90' lang='lat' dir='ltr'><strong>et</strong></span> <span class='ocrx_word' id='word_1_98' title='bbox 731 1242 1049 1296; x_wconf 83' lang='lat' dir='ltr'><strong>ministrant</strong></span> <span class='ocrx_word' id='word_1_99' title='bbox 1078 1244 1326 1297; x_wconf 83' lang='lat' dir='ltr'><strong>veritatis</strong></span> <span class='ocrx_word' id='word_1_100' title='bbox 1363 1244 1566 1298; x_wconf 87' lang='lat' dir='ltr'><strong>inimici</strong></span> <span class='ocrx_word' id='word_1_101' title='bbox 1602 1260 1697 1311; x_wconf 88' lang='lat' dir='ltr'><strong>per</strong></span> <span class='ocrx_word' id='word_1_102' title='bbox 1725 1262 1847 1313; x_wconf 67' lang='lat' dir='ltr'><strong>qum</strong></span> <span class='ocrx_word' id='word_1_103' title='bbox 1888 1245 2062 1298; x_wconf 88' lang='lat' dir='ltr'><strong>mani-</strong></span> 
     </span>
    </p>
   </div>
   <div class='ocr_carea' id='block_1_14' title="bbox 483 1332 2061 1405">
    <p class='ocr_par' dir='ltr' id='par_1_14' title="bbox 483 1332 2061 1405">
     <span class='ocr_line' id='line_1_14' title="bbox 483 1332 2061 1405; baseline 0.004 -22"><span class='ocrx_word' id='word_1_104' title='bbox 483 1332 675 1386; x_wconf 72' lang='lat' dir='ltr'><strong>lestius</strong></span> <span class='ocrx_word' id='word_1_105' title='bbox 710 1332 1069 1399; x_wconf 82' lang='lat' dir='ltr'><strong>blasphemia,</strong></span> <span class='ocrx_word' id='word_1_106' title='bbox 1105 1334 1155 1388; x_wconf 93' lang='lat' dir='ltr'><strong>id</strong></span> <span class='ocrx_word' id='word_1_107' title='bbox 1196 1344 1299 1397; x_wconf 88' lang='lat' dir='ltr'><strong>cst,</strong></span> <span class='ocrx_word' id='word_1_108' title='bbox 1329 1335 1553 1405; x_wconf 90' lang='lat' dir='ltr'><strong>impium</strong></span> <span class='ocrx_word' id='word_1_109' title='bbox 1584 1337 1884 1389; x_wconf 82' lang='lat' dir='ltr'><strong>eonvitium</strong></span> <span class='ocrx_word' id='word_1_110' title='bbox 1928 1354 2061 1390; x_wconf 84' lang='lat' dir='ltr'><strong>con-</strong></span> 
     </span>
    </p>
   </div>
   <div class='ocr_carea' id='block_1_15' title="bbox 484 1422 2063 1499">
    <p class='ocr_par' dir='ltr' id='par_1_15' title="bbox 484 1422 2063 1499">
     <span class='ocr_line' id='line_1_15' title="bbox 484 1422 2063 1499; baseline 0.006 -25"><span class='ocrx_word' id='word_1_111' title='bbox 484 1423 738 1474; x_wconf 88' lang='lat' dir='ltr'><strong>struitur.</strong></span> <span class='ocrx_word' id='word_1_112' title='bbox 791 1422 886 1475; x_wconf 88' lang='lat' dir='ltr'><strong>Dic</strong></span> <span class='ocrx_word' id='word_1_113' title='bbox 921 1426 1053 1478; x_wconf 79' lang='lat' dir='ltr'><strong>milii</strong></span> <span class='ocrx_word' id='word_1_114' title='bbox 1115 1426 1374 1495; x_wconf 80' lang='lat' dir='ltr'><strong>quidnam</strong></span> <span class='ocrx_word' id='word_1_115' title='bbox 1414 1434 1498 1481; x_wconf 89' lang='lat' dir='ltr'><strong>est</strong></span> <span class='ocrx_word' id='word_1_116' title='bbox 1533 1444 1599 1481; x_wconf 83' lang='lat' dir='ltr'><strong>ex</strong></span> <span class='ocrx_word' id='word_1_117' title='bbox 1655 1429 1880 1497; x_wconf 81' lang='lat' dir='ltr'><strong>reliquis</strong></span> <span class='ocrx_word' id='word_1_118' title='bbox 1943 1445 2063 1499; x_wconf 79' lang='lat' dir='ltr'><strong>qtue</strong></span> 
     </span>
    </p>
   </div>
   <div class='ocr_carea' id='block_1_16' title="bbox 483 1514 2064 1587">
    <p class='ocr_par' dir='ltr' id='par_1_16' title="bbox 483 1514 2064 1587">
     <span class='ocr_line' id='line_1_16' title="bbox 483 1514 2064 1587; baseline 0.004 -22"><span class='ocrx_word' id='word_1_119' title='bbox 483 1521 613 1565; x_wconf 87' lang='lat' dir='ltr'><strong>sunt</strong></span> <span class='ocrx_word' id='word_1_120' title='bbox 647 1514 948 1567; x_wconf 87' lang='lat' dir='ltr'><strong>secundum</strong></span> <span class='ocrx_word' id='word_1_121' title='bbox 980 1527 1310 1581; x_wconf 78' lang='lat' dir='ltr'><strong>creaturam,</strong></span> <span class='ocrx_word' id='word_1_122' title='bbox 1344 1520 1489 1587; x_wconf 86' lang='lat' dir='ltr'><strong>quod</strong></span> <span class='ocrx_word' id='word_1_123' title='bbox 1525 1534 1648 1571; x_wconf 93' lang='lat' dir='ltr'><strong>cum</strong></span> <span class='ocrx_word' id='word_1_124' title='bbox 1698 1520 1872 1574; x_wconf 87' lang='lat' dir='ltr'><strong>altero</strong></span> <span class='ocrx_word' id='word_1_125' title='bbox 1915 1536 2064 1573; x_wconf 91' lang='lat' dir='ltr'><strong>com-</strong></span> 
     </span>
    </p>
   </div>
   <div class='ocr_carea' id='block_1_17' title="bbox 482 1609 2069 1681">
    <p class='ocr_par' dir='ltr' id='par_1_17' title="bbox 482 1609 2069 1681">
     <span class='ocr_line' id='line_1_17' title="bbox 482 1609 2069 1681; baseline 0.004 -20"><span class='ocrx_word' id='word_1_126' title='bbox 482 1610 821 1678; x_wconf 87' lang='lat' dir='ltr'><strong>parationem</strong></span> <span class='ocrx_word' id='word_1_127' title='bbox 888 1609 1130 1662; x_wconf 88' lang='lat' dir='ltr'><strong>habeat?</strong></span> <span class='ocrx_word' id='word_1_128' title='bbox 1188 1623 1312 1661; x_wconf 91' lang='lat' dir='ltr'><strong>cum</strong></span> <span class='ocrx_word' id='word_1_129' title='bbox 1349 1610 1575 1662; x_wconf 88' lang='lat' dir='ltr'><strong>omnino</strong></span> <span class='ocrx_word' id='word_1_130' title='bbox 1630 1612 1682 1663; x_wconf 90' lang='lat' dir='ltr'><strong>in</strong></span> <span class='ocrx_word' id='word_1_131' title='bbox 1738 1627 2069 1681; x_wconf 88' lang='lat' dir='ltr'><strong>unoquoque</strong></span> 
     </span>
    </p>
   </div>
   <div class='ocr_carea' id='block_1_18' title="bbox 484 1702 2069 1773">
    <p class='ocr_par' dir='ltr' id='par_1_18' title="bbox 484 1702 2069 1773">
     <span class='ocr_line' id='line_1_18' title="bbox 484 1702 2069 1773; baseline 0.002 -19"><span class='ocrx_word' id='word_1_132' title='bbox 484 1712 743 1771; x_wconf 86' lang='lat' dir='ltr'><strong>appareat</strong></span> <span class='ocrx_word' id='word_1_133' title='bbox 787 1702 1127 1773; x_wconf 82' lang='lat' dir='ltr'><strong>proprietas.</strong></span> <span class='ocrx_word' id='word_1_134' title='bbox 1184 1716 1304 1769; x_wconf 71' lang='lat' dir='ltr'><strong>quze</strong></span> <span class='ocrx_word' id='word_1_135' title='bbox 1338 1716 1444 1754; x_wconf 91' lang='lat' dir='ltr'><strong>non</strong></span> <span class='ocrx_word' id='word_1_136' title='bbox 1483 1712 1703 1770; x_wconf 88' lang='lat' dir='ltr'><strong>appetat</strong></span> <span class='ocrx_word' id='word_1_137' title='bbox 1736 1717 1860 1755; x_wconf 89' lang='lat' dir='ltr'><strong>cum</strong></span> <span class='ocrx_word' id='word_1_138' title='bbox 1905 1704 2069 1757; x_wconf 85' lang='lat' dir='ltr'><strong>rebus</strong></span> 
     </span>
    </p>
   </div>
   <div class='ocr_carea' id='block_1_19' title="bbox 2251 966 3755 1040">
    <p class='ocr_par' dir='ltr' id='par_1_19' title="bbox 2251 966 3755 1040">
     <span class='ocr_line' id='line_1_19' title="bbox 2251 966 3755 1040; baseline -0.005 -17"><span class='ocrx_word' id='word_1_139' title='bbox 2251 970 2413 1023; x_wconf 72' lang='grc' dir='ltr'>Ἀλλὰ</span> <span class='ocrx_word' id='word_1_140' title='bbox 2441 969 2630 1038; x_wconf 74' lang='grc' dir='ltr'>φιλανθ</span> <span class='ocrx_word' id='word_1_141' title='bbox 2639 968 2941 1040; x_wconf 85' lang='grc' dir='ltr'>ρωπεύεται</span> <span class='ocrx_word' id='word_1_142' title='bbox 2968 970 3078 1030; x_wconf 81' lang='grc' dir='ltr'>τοῖς</span> <span class='ocrx_word' id='word_1_143' title='bbox 3103 966 3413 1029; x_wconf 77' lang='grc' dir='ltr'>ὑπολοίποις</span> <span class='ocrx_word' id='word_1_144' title='bbox 3441 966 3534 1018; x_wconf 78' lang='grc' dir='ltr'><strong>καὶ</strong></span> <span class='ocrx_word' id='word_1_145' title='bbox 3566 966 3755 1034; x_wconf 55' lang='grc' dir='ltr'>φησίν</span> 
     </span>
    </p>
   </div>
   <div class='ocr_carea' id='block_1_20' title="bbox 2171 1056 3761 1126">
    <p class='ocr_par' dir='ltr' id='par_1_20' title="bbox 2171 1056 3761 1126">
     <span class='ocr_line' id='line_1_20' title="bbox 2171 1056 3761 1126; baseline -0.006 -11"><span class='ocrx_word' id='word_1_146' title='bbox 2171 1062 2384 1115; x_wconf 68' lang='grc' dir='ltr'>Οίοδενὶ</span> <span class='ocrx_word' id='word_1_147' title='bbox 2416 1061 2533 1114; x_wconf 77' lang='grc' dir='ltr'><strong>τῶν</strong></span> <span class='ocrx_word' id='word_1_148' title='bbox 2567 1061 2640 1112; x_wconf 68' lang='grc' dir='ltr'>δι’</span> <span class='ocrx_word' id='word_1_149' title='bbox 2671 1059 2861 1124; x_wconf 72' lang='grc' dir='ltr'>αὐτῆς</span> <span class='ocrx_word' id='word_1_150' title='bbox 2889 1059 2987 1112; x_wconf 75' lang='grc' dir='ltr'>καὶ</span> <span class='ocrx_word' id='word_1_151' title='bbox 3031 1059 3156 1126; x_wconf 80' lang='grc' dir='ltr'>μετ’</span> <span class='ocrx_word' id='word_1_152' title='bbox 3203 1058 3398 1124; x_wconf 74' lang='grc' dir='ltr'>αὐτὴν</span> <span class='ocrx_word' id='word_1_153' title='bbox 3430 1056 3761 1126; x_wconf 75' lang='grc' dir='ltr'><strong>γενομένων</strong></span> 
     </span>
    </p>
   </div>
   <div class='ocr_carea' id='block_1_21' title="bbox 2170 1146 3759 1221">
    <p class='ocr_par' dir='ltr' id='par_1_21' title="bbox 2170 1146 3759 1221">
     <span class='ocr_line' id='line_1_21' title="bbox 2170 1146 3759 1221; baseline -0.005 -16"><span class='ocrx_word' id='word_1_154' title='bbox 2170 1152 2620 1221; x_wconf 59' lang='grc' dir='ltr'>συγκρίνεσθαι.</span> <span class='ocrx_word' id='word_1_155' title='bbox 2678 1150 2910 1203; x_wconf 78' lang='grc' dir='ltr'>Τοιαῦτα</span> <span class='ocrx_word' id='word_1_156' title='bbox 2955 1149 3341 1219; x_wconf 72' lang='grc' dir='ltr'>δορυφοροῦσιν</span> <span class='ocrx_word' id='word_1_157' title='bbox 3387 1149 3434 1200; x_wconf 82' lang='grc' dir='ltr'>οἱ</span> <span class='ocrx_word' id='word_1_158' title='bbox 3484 1149 3580 1216; x_wconf 70' lang='grc' dir='ltr'>τῆς</span> <span class='ocrx_word' id='word_1_159' title='bbox 3626 1146 3759 1215; x_wconf 83' lang='grc' dir='ltr'>ἁλη-</span> 
     </span>
    </p>
   </div>
   <div class='ocr_carea' id='block_1_22' title="bbox 2166 1236 3761 1313">
    <p class='ocr_par' dir='ltr' id='par_1_22' title="bbox 2166 1236 3761 1313">
     <span class='ocr_line' id='line_1_22' title="bbox 2166 1236 3761 1313; baseline -0.005 -18"><span class='ocrx_word' id='word_1_160' title='bbox 2166 1244 2313 1306; x_wconf 87' lang='grc' dir='ltr'>θείας</span> <span class='ocrx_word' id='word_1_161' title='bbox 2366 1242 2549 1313; x_wconf 76' lang='grc' dir='ltr'>ἐχθροὶ</span> <span class='ocrx_word' id='word_1_162' title='bbox 2594 1240 2671 1311; x_wconf 78' lang='grc' dir='ltr'><strong>τῷ</strong></span> <span class='ocrx_word' id='word_1_163' title='bbox 2715 1243 2925 1311; x_wconf 81' lang='grc' dir='ltr'>Κυρίῳ,</span> <span class='ocrx_word' id='word_1_164' title='bbox 2978 1242 3042 1294; x_wconf 78' lang='grc' dir='ltr'>δι’</span> <span class='ocrx_word' id='word_1_165' title='bbox 3086 1236 3159 1293; x_wconf 79' lang='grc' dir='ltr'>ὧν</span> <span class='ocrx_word' id='word_1_166' title='bbox 3212 1239 3665 1310; x_wconf 77' lang='grc' dir='ltr'><strong>περιφανέστερον</strong></span> 
     </span>
    </p>
   </div>
   <div class='ocr_carea' id='block_1_23' title="bbox 3426 1328 3445 1355">
    <p class='ocr_par' dir='ltr' id='par_1_23' title="bbox 3426 1328 3445 1355">
     <span class='ocr_line' id='line_1_23' title="bbox 3426 1328 3445 1355; baseline 0 0"><span class='ocrx_word' id='word_1_167' title='bbox 3426 1328 3445 1355; x_wconf 71' lang='lat'><strong><em>1</em></strong></span> 
     </span>
    </p>
   </div>
   <div class='ocr_carea' id='block_1_24' title="bbox 2166 1327 3755 1403">
    <p class='ocr_par' dir='ltr' id='par_1_24' title="bbox 2166 1327 3755 1403">
     <span class='ocr_line' id='line_1_24' title="bbox 2166 1327 3755 1403; baseline -0.006 -18"><span class='ocrx_word' id='word_1_168' title='bbox 2166 1334 2481 1403; x_wconf 72' lang='grc' dir='ltr'>βλασφημία</span> <span class='ocrx_word' id='word_1_169' title='bbox 2532 1334 3009 1395; x_wconf 77' lang='grc' dir='ltr'>κατασκευάζεται.</span> <span class='ocrx_word' id='word_1_170' title='bbox 3058 1332 3123 1384; x_wconf 87' lang='grc' dir='ltr'>Τί</span> <span class='ocrx_word' id='word_1_171' title='bbox 3167 1332 3292 1401; x_wconf 69' lang='grc' dir='ltr'>γὰρ,</span> <span class='ocrx_word' id='word_1_172' title='bbox 3328 1328 3448 1381; x_wconf 82' lang='grc' dir='ltr'>είπὲ</span> <span class='ocrx_word' id='word_1_173' title='bbox 3491 1347 3599 1398; x_wconf 81' lang='grc' dir='ltr'>μοι,</span> <span class='ocrx_word' id='word_1_174' title='bbox 3644 1327 3755 1378; x_wconf 76' lang='grc' dir='ltr'>τῶν</span> 
     </span>
    </p>
   </div>
   <div class='ocr_carea' id='block_1_25' title="bbox 2167 1418 3765 1495">
    <p class='ocr_par' dir='ltr' id='par_1_25' title="bbox 2167 1418 3765 1495">
     <span class='ocr_line' id='line_1_25' title="bbox 2167 1418 3765 1495; baseline -0.007 -16"><span class='ocrx_word' id='word_1_175' title='bbox 2167 1427 2513 1490; x_wconf 73' lang='grc' dir='ltr'>ὑπολοίπων,</span> <span class='ocrx_word' id='word_1_176' title='bbox 2564 1426 2662 1477; x_wconf 82' lang='grc' dir='ltr'>ὅσα</span> <span class='ocrx_word' id='word_1_177' title='bbox 2720 1425 2861 1476; x_wconf 73' lang='grc' dir='ltr'>κατὰ</span> <span class='ocrx_word' id='word_1_178' title='bbox 2918 1425 3014 1495; x_wconf 82' lang='grc' dir='ltr'><strong>τὴν</strong></span> <span class='ocrx_word' id='word_1_179' title='bbox 3065 1424 3239 1476; x_wconf 87' lang='grc' dir='ltr'>κτίσιν</span> <span class='ocrx_word' id='word_1_180' title='bbox 3291 1421 3427 1483; x_wconf 68' lang='grc' dir='ltr'>ἐστὶ,</span> <span class='ocrx_word' id='word_1_181' title='bbox 3477 1418 3579 1487; x_wconf 76' lang='grc' dir='ltr'>τὴν</span> <span class='ocrx_word' id='word_1_182' title='bbox 3629 1419 3765 1489; x_wconf 72' lang='grc' dir='ltr'>πρὸς</span> 
     </span>
    </p>
   </div>
   <div class='ocr_carea' id='block_1_26' title="bbox 2167 1511 3764 1588">
    <p class='ocr_par' dir='ltr' id='par_1_26' title="bbox 2167 1511 3764 1588">
     <span class='ocr_line' id='line_1_26' title="bbox 2167 1511 3764 1588; baseline -0.005 -19"><span class='ocrx_word' id='word_1_183' title='bbox 2167 1518 2352 1588; x_wconf 72' lang='grc' dir='ltr'>ἕτερον</span> <span class='ocrx_word' id='word_1_184' title='bbox 2386 1516 2669 1587; x_wconf 73' lang='grc' dir='ltr'>σύγκρισιν</span> <span class='ocrx_word' id='word_1_185' title='bbox 2704 1515 2847 1584; x_wconf 80' lang='grc' dir='ltr'>ἕχει;</span> <span class='ocrx_word' id='word_1_186' title='bbox 2884 1515 3126 1567; x_wconf 79' lang='grc' dir='ltr'><strong>Καθόλου</strong></span> <span class='ocrx_word' id='word_1_187' title='bbox 3158 1515 3253 1584; x_wconf 81' lang='grc' dir='ltr'>τῆς</span> <span class='ocrx_word' id='word_1_188' title='bbox 3285 1514 3342 1564; x_wconf 83' lang='grc' dir='ltr'><strong>ἐν</strong></span> <span class='ocrx_word' id='word_1_189' title='bbox 3391 1511 3604 1579; x_wconf 80' lang='grc' dir='ltr'>ἐκάστῳ</span> <span class='ocrx_word' id='word_1_190' title='bbox 3638 1528 3764 1577; x_wconf 73' lang='grc' dir='ltr'>φαι-</span> 
     </span>
    </p>
   </div>
   <div class='ocr_carea' id='block_1_27' title="bbox 2172 1602 3764 1678">
    <p class='ocr_par' dir='ltr' id='par_1_27' title="bbox 2172 1602 3764 1678">
     <span class='ocr_line' id='line_1_27' title="bbox 2172 1602 3764 1678; baseline -0.005 -18"><span class='ocrx_word' id='word_1_191' title='bbox 2172 1609 2402 1678; x_wconf 85' lang='grc' dir='ltr'>νομένης</span> <span class='ocrx_word' id='word_1_192' title='bbox 2435 1608 2711 1676; x_wconf 80' lang='grc' dir='ltr'>ἰδιότητος.</span> <span class='ocrx_word' id='word_1_193' title='bbox 2754 1607 2814 1658; x_wconf 86' lang='grc' dir='ltr'><strong>οὑ</strong></span> <span class='ocrx_word' id='word_1_194' title='bbox 2852 1606 3216 1677; x_wconf 80' lang='grc' dir='ltr'>προσιεμένης</span> <span class='ocrx_word' id='word_1_195' title='bbox 3243 1605 3339 1672; x_wconf 76' lang='grc' dir='ltr'><strong>τὴν</strong></span> <span class='ocrx_word' id='word_1_196' title='bbox 3371 1602 3506 1673; x_wconf 77' lang='grc' dir='ltr'>πρὸς</span> <span class='ocrx_word' id='word_1_197' title='bbox 3536 1602 3602 1654; x_wconf 76' lang='grc' dir='ltr'><strong>τὰ</strong></span> <span class='ocrx_word' id='word_1_198' title='bbox 3645 1603 3764 1652; x_wconf 81' lang='grc' dir='ltr'>ἐτε-</span> 
     </span>
    </p>
   </div>
   <div class='ocr_carea' id='block_1_28' title="bbox 2179 1696 3763 1771">
    <p class='ocr_par' dir='ltr' id='par_1_28' title="bbox 2179 1696 3763 1771">
     <span class='ocr_line' id='line_1_28' title="bbox 2179 1696 3763 1771; baseline -0.005 -18"><span class='ocrx_word' id='word_1_199' title='bbox 2179 1704 2371 1771; x_wconf 82' lang='grc' dir='ltr'>ρογενῆ</span> <span class='ocrx_word' id='word_1_200' title='bbox 2416 1699 2719 1751; x_wconf 82' lang='grc' dir='ltr'>κοινωνίαν.</span> <span class='ocrx_word' id='word_1_201' title='bbox 2779 1698 2891 1750; x_wconf 78' lang='grc' dir='ltr'>Οὐκ</span> <span class='ocrx_word' id='word_1_202' title='bbox 2935 1696 3150 1767; x_wconf 76' lang='grc' dir='ltr'>οὐρανῷ</span> <span class='ocrx_word' id='word_1_203' title='bbox 3198 1696 3333 1766; x_wconf 68' lang='grc' dir='ltr'>πρὸς</span> <span class='ocrx_word' id='word_1_204' title='bbox 3380 1696 3483 1763; x_wconf 78' lang='grc' dir='ltr'><strong>γῆν</strong></span> <span class='ocrx_word' id='word_1_205' title='bbox 3532 1697 3678 1746; x_wconf 88' lang='grc' dir='ltr'>ἐστιν</span> <span class='ocrx_word' id='word_1_206' title='bbox 3731 1696 3763 1762; x_wconf 81' lang='grc' dir='ltr'>ἡ</span> 
     </span>
    </p>
   </div>
   <div class='ocr_carea' id='block_1_29' title="bbox 485 1784 2075 1879">
    <p class='ocr_par' dir='ltr' id='par_1_29' title="bbox 485 1796 2067 1867">
     <span class='ocr_line' id='line_1_29' title="bbox 485 1796 2067 1867; baseline -0.002 -17"><span class='ocrx_word' id='word_1_207' title='bbox 485 1798 552 1852; x_wconf 91' lang='lat' dir='ltr'><strong>iis</strong></span> <span class='ocrx_word' id='word_1_208' title='bbox 589 1815 708 1867; x_wconf 71' lang='lat' dir='ltr'><strong>qum</strong></span> <span class='ocrx_word' id='word_1_209' title='bbox 751 1807 880 1851; x_wconf 88' lang='lat' dir='ltr'><strong>sunt</strong></span> <span class='ocrx_word' id='word_1_210' title='bbox 937 1797 1137 1851; x_wconf 82' lang='lat' dir='ltr'><strong>diversi</strong></span> <span class='ocrx_word' id='word_1_211' title='bbox 1174 1797 1392 1866; x_wconf 84' lang='lat' dir='ltr'><strong>generis</strong></span> <span class='ocrx_word' id='word_1_212' title='bbox 1427 1798 1894 1851; x_wconf 84' lang='lat' dir='ltr'><strong>communionem.</strong></span> <span class='ocrx_word' id='word_1_213' title='bbox 1952 1796 2067 1848; x_wconf 84' lang='lat' dir='ltr'><strong>Non</strong></span> 
     </span>
    </p>
   </div>
   <div class='ocr_carea' id='block_1_30' title="bbox 2178 1784 3766 1879">
    <p class='ocr_par' dir='ltr' id='par_1_30' title="bbox 2178 1784 3766 1861">
     <span class='ocr_line' id='line_1_30' title="bbox 2178 1784 3766 1861; baseline -0.006 -17"><span class='ocrx_word' id='word_1_214' title='bbox 2178 1792 2483 1861; x_wconf 78' lang='grc' dir='ltr'>σύγκρισις,</span> <span class='ocrx_word' id='word_1_215' title='bbox 2515 1790 2573 1841; x_wconf 76' lang='grc' dir='ltr'><strong>οὑ</strong></span> <span class='ocrx_word' id='word_1_216' title='bbox 2604 1789 2773 1859; x_wconf 81' lang='grc' dir='ltr'>ταύτῃ</span> <span class='ocrx_word' id='word_1_217' title='bbox 2806 1789 2940 1858; x_wconf 77' lang='grc' dir='ltr'>πρὸς</span> <span class='ocrx_word' id='word_1_218' title='bbox 2973 1790 3099 1849; x_wconf 72' lang='grc' dir='ltr'>τοὺς</span> <span class='ocrx_word' id='word_1_219' title='bbox 3142 1788 3398 1855; x_wconf 79' lang='grc' dir='ltr'>ἀστέρας,</span> <span class='ocrx_word' id='word_1_220' title='bbox 3427 1786 3485 1837; x_wconf 85' lang='grc' dir='ltr'><strong>ού</strong></span> <span class='ocrx_word' id='word_1_221' title='bbox 3534 1784 3667 1855; x_wconf 78' lang='grc' dir='ltr'>πρὸς</span> <span class='ocrx_word' id='word_1_222' title='bbox 3697 1785 3766 1835; x_wconf 74' lang='grc' dir='ltr'><strong>τά</strong></span> 
     </span>
    </p>
   </div>
   <div class='ocr_carea' id='block_1_31' title="bbox 485 1888 2066 1957">
    <p class='ocr_par' dir='ltr' id='par_1_31' title="bbox 485 1888 2066 1957">
     <span class='ocr_line' id='line_1_31' title="bbox 485 1888 2066 1957; baseline -0.001 -18"><span class='ocrx_word' id='word_1_223' title='bbox 485 1905 608 1941; x_wconf 81' lang='lat' dir='ltr'><strong>cum</strong></span> <span class='ocrx_word' id='word_1_224' title='bbox 653 1898 795 1943; x_wconf 82' lang='lat' dir='ltr'><strong>terra</strong></span> <span class='ocrx_word' id='word_1_225' title='bbox 853 1890 992 1941; x_wconf 70' lang='lat' dir='ltr'><strong>ett-lo</strong></span> <span class='ocrx_word' id='word_1_226' title='bbox 1025 1897 1109 1943; x_wconf 83' lang='lat' dir='ltr'><strong>est</strong></span> <span class='ocrx_word' id='word_1_227' title='bbox 1169 1888 1524 1957; x_wconf 84' lang='lat' dir='ltr'><strong>comparatio,</strong></span> <span class='ocrx_word' id='word_1_228' title='bbox 1563 1905 1669 1942; x_wconf 90' lang='lat' dir='ltr'><strong>non</strong></span> <span class='ocrx_word' id='word_1_229' title='bbox 1732 1898 1891 1942; x_wconf 75' lang='lat' dir='ltr'><strong>terrae</strong></span> <span class='ocrx_word' id='word_1_230' title='bbox 1943 1903 2066 1941; x_wconf 89' lang='lat' dir='ltr'><strong>cum</strong></span> 
     </span>
    </p>
   </div>
   <div class='ocr_carea' id='block_1_32' title="bbox 486 1980 2067 2049">
    <p class='ocr_par' dir='ltr' id='par_1_32' title="bbox 486 1980 2067 2049">
     <span class='ocr_line' id='line_1_32' title="bbox 486 1980 2067 2049; baseline -0.001 -17"><span class='ocrx_word' id='word_1_231' title='bbox 486 1981 679 2044; x_wconf 80' lang='lat' dir='ltr'><strong>stellis,</strong></span> <span class='ocrx_word' id='word_1_232' title='bbox 717 1998 826 2034; x_wconf 84' lang='lat' dir='ltr'><strong>non</strong></span> <span class='ocrx_word' id='word_1_233' title='bbox 882 1981 1158 2035; x_wconf 80' lang='lat' dir='ltr'><strong>sideribus</strong></span> <span class='ocrx_word' id='word_1_234' title='bbox 1218 1996 1340 2032; x_wconf 85' lang='lat' dir='ltr'><strong>cum</strong></span> <span class='ocrx_word' id='word_1_235' title='bbox 1380 1980 1539 2035; x_wconf 84' lang='lat' dir='ltr'><strong>mari.</strong></span> <span class='ocrx_word' id='word_1_236' title='bbox 1579 1997 1684 2033; x_wconf 89' lang='lat' dir='ltr'><strong>non</strong></span> <span class='ocrx_word' id='word_1_237' title='bbox 1744 1996 1898 2049; x_wconf 72' lang='lat' dir='ltr'><strong>aqua:</strong></span> <span class='ocrx_word' id='word_1_238' title='bbox 1946 1994 2067 2032; x_wconf 90' lang='lat' dir='ltr'><strong>cum</strong></span> 
     </span>
    </p>
   </div>
   <div class='ocr_carea' id='block_1_33' title="bbox 486 2070 2072 2139">
    <p class='ocr_par' dir='ltr' id='par_1_33' title="bbox 486 2070 2072 2139">
     <span class='ocr_line' id='line_1_33' title="bbox 486 2070 2072 2139; baseline 0 -18"><span class='ocrx_word' id='word_1_239' title='bbox 486 2070 685 2139; x_wconf 78' lang='lat' dir='ltr'><strong>lapide.</strong></span> <span class='ocrx_word' id='word_1_240' title='bbox 717 2085 826 2122; x_wconf 89' lang='lat' dir='ltr'><strong>non</strong></span> <span class='ocrx_word' id='word_1_241' title='bbox 863 2070 1193 2123; x_wconf 88' lang='lat' dir='ltr'><strong>animalibus</strong></span> <span class='ocrx_word' id='word_1_242' title='bbox 1219 2086 1342 2123; x_wconf 89' lang='lat' dir='ltr'><strong>cum</strong></span> <span class='ocrx_word' id='word_1_243' title='bbox 1378 2071 1690 2130; x_wconf 87' lang='lat' dir='ltr'><strong>arboribus,</strong></span> <span class='ocrx_word' id='word_1_244' title='bbox 1739 2085 1848 2123; x_wconf 90' lang='lat' dir='ltr'><strong>non</strong></span> <span class='ocrx_word' id='word_1_245' title='bbox 1897 2078 2072 2123; x_wconf 82' lang='lat' dir='ltr'><strong>terre-</strong></span> 
     </span>
    </p>
   </div>
   <div class='ocr_carea' id='block_1_34' title="bbox 487 2163 2068 2233">
    <p class='ocr_par' dir='ltr' id='par_1_34' title="bbox 487 2163 2068 2233">
     <span class='ocr_line' id='line_1_34' title="bbox 487 2163 2068 2233; baseline -0.001 -19"><span class='ocrx_word' id='word_1_246' title='bbox 487 2163 693 2215; x_wconf 85' lang='lat' dir='ltr'><strong>stribus</strong></span> <span class='ocrx_word' id='word_1_247' title='bbox 729 2178 851 2214; x_wconf 75' lang='lat' dir='ltr'><strong>eum</strong></span> <span class='ocrx_word' id='word_1_248' title='bbox 886 2163 1219 2228; x_wconf 83' lang='lat' dir='ltr'><strong>volatilibus,</strong></span> <span class='ocrx_word' id='word_1_249' title='bbox 1279 2179 1387 2216; x_wconf 89' lang='lat' dir='ltr'><strong>non</strong></span> <span class='ocrx_word' id='word_1_250' title='bbox 1455 2163 1903 2233; x_wconf 88' lang='lat' dir='ltr'><strong>quadrupedibus</strong></span> <span class='ocrx_word' id='word_1_251' title='bbox 1946 2177 2068 2215; x_wconf 90' lang='lat' dir='ltr'><strong>cum</strong></span> 
     </span>
    </p>
   </div>
   <div class='ocr_carea' id='block_1_35' title="bbox 486 2253 2068 2323">
    <p class='ocr_par' dir='ltr' id='par_1_35' title="bbox 486 2253 2068 2323">
     <span class='ocr_line' id='line_1_35' title="bbox 486 2253 2068 2323; baseline -0.001 -17"><span class='ocrx_word' id='word_1_252' title='bbox 486 2254 825 2316; x_wconf 84' lang='lat' dir='ltr'><strong>natatilibus,</strong></span> <span class='ocrx_word' id='word_1_253' title='bbox 859 2268 963 2307; x_wconf 91' lang='lat' dir='ltr'><strong>non</strong></span> <span class='ocrx_word' id='word_1_254' title='bbox 1003 2254 1179 2307; x_wconf 89' lang='lat' dir='ltr'><strong>brutis</strong></span> <span class='ocrx_word' id='word_1_255' title='bbox 1222 2269 1346 2307; x_wconf 91' lang='lat' dir='ltr'><strong>cum</strong></span> <span class='ocrx_word' id='word_1_256' title='bbox 1416 2255 1649 2309; x_wconf 90' lang='lat' dir='ltr'><strong>rationis</strong></span> <span class='ocrx_word' id='word_1_257' title='bbox 1686 2253 2068 2323; x_wconf 88' lang='lat' dir='ltr'><strong>participibus.</strong></span> 
     </span>
    </p>
   </div>
   <div class='ocr_carea' id='block_1_36' title="bbox 486 2345 2073 2415">
    <p class='ocr_par' dir='ltr' id='par_1_36' title="bbox 486 2345 2073 2415">
     <span class='ocr_line' id='line_1_36' title="bbox 486 2345 2073 2415; baseline 0 -18"><span class='ocrx_word' id='word_1_258' title='bbox 486 2346 553 2398; x_wconf 73' lang='lat' dir='ltr'><strong>Et</strong></span> <span class='ocrx_word' id='word_1_259' title='bbox 579 2346 707 2415; x_wconf 89' lang='lat' dir='ltr'><strong>quid</strong></span> <span class='ocrx_word' id='word_1_260' title='bbox 734 2360 959 2399; x_wconf 87' lang='lat' dir='ltr'><strong>necesse</strong></span> <span class='ocrx_word' id='word_1_261' title='bbox 990 2347 1041 2398; x_wconf 91' lang='lat' dir='ltr'><strong>in</strong></span> <span class='ocrx_word' id='word_1_262' title='bbox 1071 2346 1306 2415; x_wconf 82' lang='lat' dir='ltr'><strong>singulis</strong></span> <span class='ocrx_word' id='word_1_263' title='bbox 1332 2355 1631 2399; x_wconf 85' lang='lat' dir='ltr'><strong>morantem</strong></span> <span class='ocrx_word' id='word_1_264' title='bbox 1659 2346 1813 2415; x_wconf 88' lang='lat' dir='ltr'><strong>plura</strong></span> <span class='ocrx_word' id='word_1_265' title='bbox 1842 2345 2073 2399; x_wconf 87' lang='lat' dir='ltr'><strong>dicendo</strong></span> 
     </span>
    </p>
   </div>
   <div class='ocr_carea' id='block_1_37' title="bbox 487 2435 2072 2508">
    <p class='ocr_par' dir='ltr' id='par_1_37' title="bbox 487 2435 2072 2508">
     <span class='ocr_line' id='line_1_37' title="bbox 487 2435 2072 2508; baseline 0.003 -21"><span class='ocrx_word' id='word_1_266' title='bbox 487 2437 765 2506; x_wconf 86' lang='lat' dir='ltr'><strong>persequi,</strong></span> <span class='ocrx_word' id='word_1_267' title='bbox 802 2446 855 2491; x_wconf 84' lang='lat' dir='ltr'><strong>et</strong></span> <span class='ocrx_word' id='word_1_268' title='bbox 896 2437 1187 2491; x_wconf 84' lang='lat' dir='ltr'><strong>ostendere</strong></span> <span class='ocrx_word' id='word_1_269' title='bbox 1233 2437 1303 2492; x_wconf 88' lang='lat' dir='ltr'><strong>de</strong></span> <span class='ocrx_word' id='word_1_270' title='bbox 1363 2438 1599 2508; x_wconf 88' lang='lat' dir='ltr'><strong>singulis</strong></span> <span class='ocrx_word' id='word_1_271' title='bbox 1654 2438 1816 2491; x_wconf 87' lang='lat' dir='ltr'><strong>rebus</strong></span> <span class='ocrx_word' id='word_1_272' title='bbox 1876 2435 2072 2491; x_wconf 87' lang='lat' dir='ltr'><strong>creatis</strong></span> 
     </span>
    </p>
   </div>
   <div class='ocr_carea' id='block_1_38' title="bbox 486 2525 2075 2596">
    <p class='ocr_par' dir='ltr' id='par_1_38' title="bbox 486 2525 2075 2596">
     <span class='ocr_line' id='line_1_38' title="bbox 486 2525 2075 2596; baseline 0.001 -18"><span class='ocrx_word' id='word_1_273' title='bbox 486 2527 628 2579; x_wconf 87' lang='lat' dir='ltr'><strong>idem</strong></span> <span class='ocrx_word' id='word_1_274' title='bbox 688 2541 849 2595; x_wconf 89' lang='lat' dir='ltr'><strong>posse</strong></span> <span class='ocrx_word' id='word_1_275' title='bbox 887 2525 1046 2579; x_wconf 88' lang='lat' dir='ltr'><strong>dici?</strong></span> <span class='ocrx_word' id='word_1_276' title='bbox 1101 2525 1258 2590; x_wconf 88' lang='lat' dir='ltr'><strong>Quod</strong></span> <span class='ocrx_word' id='word_1_277' title='bbox 1313 2527 1534 2596; x_wconf 86' lang='lat' dir='ltr'><strong>quidem</strong></span> <span class='ocrx_word' id='word_1_278' title='bbox 1598 2533 1657 2579; x_wconf 91' lang='lat' dir='ltr'><strong>ut</strong></span> <span class='ocrx_word' id='word_1_279' title='bbox 1722 2527 1984 2580; x_wconf 81' lang='lat' dir='ltr'><strong>eximium</strong></span> <span class='ocrx_word' id='word_1_280' title='bbox 2021 2538 2075 2580; x_wconf 88' lang='lat' dir='ltr'><strong>et</strong></span> 
     </span>
    </p>
   </div>
   <div class='ocr_carea' id='block_1_39' title="bbox 488 2614 2074 2686">
    <p class='ocr_par' dir='ltr' id='par_1_39' title="bbox 488 2614 2074 2686">
     <span class='ocr_line' id='line_1_39' title="bbox 488 2614 2074 2686; baseline 0.003 -19"><span class='ocrx_word' id='word_1_281' title='bbox 488 2616 821 2685; x_wconf 66' lang='lat' dir='ltr'><strong>praecipuum</strong></span> <span class='ocrx_word' id='word_1_282' title='bbox 867 2614 1158 2686; x_wconf 88' lang='lat' dir='ltr'><strong>Unigenito</strong></span> <span class='ocrx_word' id='word_1_283' title='bbox 1198 2617 1504 2686; x_wconf 83' lang='lat' dir='ltr'><strong>projectum</strong></span> <span class='ocrx_word' id='word_1_284' title='bbox 1552 2625 1658 2679; x_wconf 86' lang='lat' dir='ltr'><strong>est,</strong></span> <span class='ocrx_word' id='word_1_285' title='bbox 1700 2618 1844 2686; x_wconf 87' lang='lat' dir='ltr'><strong>quod</strong></span> <span class='ocrx_word' id='word_1_286' title='bbox 1880 2633 2074 2686; x_wconf 88' lang='lat' dir='ltr'><strong>nempe</strong></span> 
     </span>
    </p>
   </div>
   <div class='ocr_carea' id='block_1_40' title="bbox 489 2708 2071 2776">
    <p class='ocr_par' dir='ltr' id='par_1_40' title="bbox 489 2708 2071 2776">
     <span class='ocr_line' id='line_1_40' title="bbox 489 2708 2071 2776; baseline -0.001 -17"><span class='ocrx_word' id='word_1_287' title='bbox 489 2723 612 2760; x_wconf 83' lang='lat' dir='ltr'><strong>cum</strong></span> <span class='ocrx_word' id='word_1_288' title='bbox 650 2708 800 2760; x_wconf 88' lang='lat' dir='ltr'><strong>nullo</strong></span> <span class='ocrx_word' id='word_1_289' title='bbox 850 2723 1035 2762; x_wconf 89' lang='lat' dir='ltr'><strong>eorum</strong></span> <span class='ocrx_word' id='word_1_290' title='bbox 1099 2722 1217 2776; x_wconf 81' lang='lat' dir='ltr'><strong>qme</strong></span> <span class='ocrx_word' id='word_1_291' title='bbox 1261 2715 1382 2775; x_wconf 87' lang='lat' dir='ltr'><strong>post</strong></span> <span class='ocrx_word' id='word_1_292' title='bbox 1421 2708 1621 2776; x_wconf 90' lang='lat' dir='ltr'><strong>ipsum,</strong></span> <span class='ocrx_word' id='word_1_293' title='bbox 1658 2714 1713 2760; x_wconf 86' lang='lat' dir='ltr'><strong>ct</strong></span> <span class='ocrx_word' id='word_1_294' title='bbox 1768 2722 1862 2775; x_wconf 87' lang='lat' dir='ltr'><strong>per</strong></span> <span class='ocrx_word' id='word_1_295' title='bbox 1896 2708 2071 2774; x_wconf 72' lang='lat' dir='ltr'><strong>ipsum</strong></span> 
     </span>
    </p>
   </div>
   <div class='ocr_carea' id='block_1_41' title="bbox 494 2798 2075 2869">
    <p class='ocr_par' dir='ltr' id='par_1_41' title="bbox 494 2798 2075 2869">
     <span class='ocr_line' id='line_1_41' title="bbox 494 2798 2075 2869; baseline -0.001 -18"><span class='ocrx_word' id='word_1_296' title='bbox 494 2799 639 2854; x_wconf 75' lang='lat' dir='ltr'><strong>facta</strong></span> <span class='ocrx_word' id='word_1_297' title='bbox 674 2807 802 2852; x_wconf 91' lang='lat' dir='ltr'><strong>sunt</strong></span> <span class='ocrx_word' id='word_1_298' title='bbox 834 2800 1301 2869; x_wconf 87' lang='lat' dir='ltr'><strong>comparationem</strong></span> <span class='ocrx_word' id='word_1_299' title='bbox 1336 2799 1552 2853; x_wconf 84' lang='lat' dir='ltr'><strong>habeat.</strong></span> <span class='ocrx_word' id='word_1_300' title='bbox 1588 2798 1937 2852; x_wconf 78' lang='lat' dir='ltr'><strong>Manifestum</strong></span> <span class='ocrx_word' id='word_1_301' title='bbox 1991 2807 2075 2853; x_wconf 90' lang='lat' dir='ltr'><strong>est</strong></span> 
     </span>
    </p>
   </div>
   <div class='ocr_carea' id='block_1_42' title="bbox 491 2890 2075 2962">
    <p class='ocr_par' dir='ltr' id='par_1_42' title="bbox 491 2890 2075 2962">
     <span class='ocr_line' id='line_1_42' title="bbox 491 2890 2075 2962; baseline -0.002 -18"><span class='ocrx_word' id='word_1_302' title='bbox 491 2892 659 2955; x_wconf 81' lang='lat' dir='ltr'><strong>enim,</strong></span> <span class='ocrx_word' id='word_1_303' title='bbox 694 2892 837 2960; x_wconf 91' lang='lat' dir='ltr'><strong>quod</strong></span> <span class='ocrx_word' id='word_1_304' title='bbox 879 2890 1144 2962; x_wconf 75' lang='lat' dir='ltr'><strong>quidquid</strong></span> <span class='ocrx_word' id='word_1_305' title='bbox 1171 2892 1468 2959; x_wconf 80' lang='lat' dir='ltr'><strong>separatim</strong></span> <span class='ocrx_word' id='word_1_306' title='bbox 1494 2898 1548 2944; x_wconf 89' lang='lat' dir='ltr'><strong>et</strong></span> <span class='ocrx_word' id='word_1_307' title='bbox 1579 2891 1632 2943; x_wconf 93' lang='lat' dir='ltr'><strong>in</strong></span> <span class='ocrx_word' id='word_1_308' title='bbox 1675 2890 1859 2959; x_wconf 85' lang='lat' dir='ltr'><strong>seipse</strong></span> <span class='ocrx_word' id='word_1_309' title='bbox 1889 2893 2075 2943; x_wconf 75' lang='lat' dir='ltr'><strong>consi-</strong></span> 
     </span>
    </p>
   </div>
   <div class='ocr_carea' id='block_1_43' title="bbox 493 2982 2075 3050">
    <p class='ocr_par' dir='ltr' id='par_1_43' title="bbox 493 2982 2075 3050">
     <span class='ocr_line' id='line_1_43' title="bbox 493 2982 2075 3050; baseline 0.001 -16"><span class='ocrx_word' id='word_1_310' title='bbox 493 2983 804 3047; x_wconf 78' lang='lat' dir='ltr'><strong>deraveris,</strong></span> <span class='ocrx_word' id='word_1_311' title='bbox 872 2999 972 3036; x_wconf 87' lang='lat' dir='ltr'><strong>nec</strong></span> <span class='ocrx_word' id='word_1_312' title='bbox 1023 2997 1146 3036; x_wconf 89' lang='lat' dir='ltr'><strong>cum</strong></span> <span class='ocrx_word' id='word_1_313' title='bbox 1204 2982 1462 3037; x_wconf 84' lang='lat' dir='ltr'><strong>universo</strong></span> <span class='ocrx_word' id='word_1_314' title='bbox 1503 2996 1603 3035; x_wconf 87' lang='lat' dir='ltr'><strong>nec</strong></span> <span class='ocrx_word' id='word_1_315' title='bbox 1664 2997 1789 3034; x_wconf 88' lang='lat' dir='ltr'><strong>cum</strong></span> <span class='ocrx_word' id='word_1_316' title='bbox 1848 2982 2075 3050; x_wconf 84' lang='lat' dir='ltr'><strong>singulis</strong></span> 
     </span>
    </p>
   </div>
   <div class='ocr_carea' id='block_1_44' title="bbox 492 3069 2076 3140">
    <p class='ocr_par' dir='ltr' id='par_1_44' title="bbox 492 3069 2076 3140">
     <span class='ocr_line' id='line_1_44' title="bbox 492 3069 2076 3140; baseline -0.003 -15"><span class='ocrx_word' id='word_1_317' title='bbox 492 3073 763 3127; x_wconf 87' lang='lat' dir='ltr'><strong>creaturis</strong></span> <span class='ocrx_word' id='word_1_318' title='bbox 797 3080 977 3140; x_wconf 75' lang='lat' dir='ltr'><strong>potest</strong></span> <span class='ocrx_word' id='word_1_319' title='bbox 1038 3071 1369 3139; x_wconf 86' lang='lat' dir='ltr'><strong>comparari.</strong></span> <span class='ocrx_word' id='word_1_320' title='bbox 1414 3070 1479 3122; x_wconf 86' lang='lat' dir='ltr'><strong>Et</strong></span> <span class='ocrx_word' id='word_1_321' title='bbox 1540 3069 1688 3139; x_wconf 88' lang='lat' dir='ltr'><strong>quod</strong></span> <span class='ocrx_word' id='word_1_322' title='bbox 1729 3071 1782 3122; x_wconf 92' lang='lat' dir='ltr'><strong>in</strong></span> <span class='ocrx_word' id='word_1_323' title='bbox 1836 3071 2076 3137; x_wconf 81' lang='lat' dir='ltr'><strong>qualibet</strong></span> 
     </span>
    </p>
   </div>
   <div class='ocr_carea' id='block_1_45' title="bbox 3418 1878 3540 1894">
    <p class='ocr_par' dir='ltr' id='par_1_45' title="bbox 3418 1878 3540 1894">
     <span class='ocr_line' id='line_1_45' title="bbox 3418 1878 3540 1894; baseline 0.008 -1"><span class='ocrx_word' id='word_1_324' title='bbox 3418 1878 3540 1894; x_wconf 53' lang='grc' dir='ltr'>ανοκ</span> 
     </span>
    </p>
   </div>
   <div class='ocr_carea' id='block_1_46' title="bbox 2174 1880 3765 1954">
    <p class='ocr_par' dir='ltr' id='par_1_46' title="bbox 2174 1880 3765 1954">
     <span class='ocr_line' id='line_1_46' title="bbox 2174 1880 3765 1954; baseline -0.004 -18"><span class='ocrx_word' id='word_1_325' title='bbox 2174 1885 2383 1954; x_wconf 77' lang='grc' dir='ltr'><strong>πελάγη</strong></span> <span class='ocrx_word' id='word_1_326' title='bbox 2414 1886 2524 1945; x_wconf 85' lang='grc' dir='ltr'>τοῖς</span> <span class='ocrx_word' id='word_1_327' title='bbox 2553 1884 2791 1952; x_wconf 83' lang='grc' dir='ltr'>ἄστροις,</span> <span class='ocrx_word' id='word_1_328' title='bbox 2814 1882 2874 1933; x_wconf 84' lang='grc' dir='ltr'><strong>οὑ</strong></span> <span class='ocrx_word' id='word_1_329' title='bbox 2907 1881 3041 1951; x_wconf 76' lang='grc' dir='ltr'>πρὸς</span> <span class='ocrx_word' id='word_1_330' title='bbox 3079 1880 3169 1933; x_wconf 78' lang='grc' dir='ltr'><strong>τὸν</strong></span> <span class='ocrx_word' id='word_1_331' title='bbox 3202 1881 3345 1933; x_wconf 75' lang='grc' dir='ltr'>λίθον</span> <span class='ocrx_word' id='word_1_332' title='bbox 3375 1880 3453 1949; x_wconf 79' lang='grc' dir='ltr'>τῷ</span> <span class='ocrx_word' id='word_1_333' title='bbox 3480 1880 3664 1931; x_wconf 76' lang='grc' dir='ltr'>ὕδατι·</span> <span class='ocrx_word' id='word_1_334' title='bbox 3702 1880 3765 1929; x_wconf 75' lang='grc' dir='ltr'><strong>οὑ</strong></span> 
     </span>
    </p>
   </div>
   <div class='ocr_carea' id='block_1_47' title="bbox 2174 1968 3769 2044">
    <p class='ocr_par' dir='ltr' id='par_1_47' title="bbox 2174 1968 3769 2044">
     <span class='ocr_line' id='line_1_47' title="bbox 2174 1968 3769 2044; baseline -0.006 -17"><span class='ocrx_word' id='word_1_335' title='bbox 2174 1976 2306 2044; x_wconf 76' lang='grc' dir='ltr'>πρὸς</span> <span class='ocrx_word' id='word_1_336' title='bbox 2345 1974 2413 2026; x_wconf 71' lang='grc' dir='ltr'><strong>τὰ</strong></span> <span class='ocrx_word' id='word_1_337' title='bbox 2448 1974 2639 2043; x_wconf 80' lang='grc' dir='ltr'>δένδρα</span> <span class='ocrx_word' id='word_1_338' title='bbox 2662 1976 2772 2037; x_wconf 80' lang='grc' dir='ltr'>τοῖς</span> <span class='ocrx_word' id='word_1_339' title='bbox 2811 1972 2987 2037; x_wconf 78' lang='grc' dir='ltr'>ζώοις,</span> <span class='ocrx_word' id='word_1_340' title='bbox 3032 1972 3091 2024; x_wconf 84' lang='grc' dir='ltr'><strong>οὑ</strong></span> <span class='ocrx_word' id='word_1_341' title='bbox 3149 1972 3284 2042; x_wconf 71' lang='grc' dir='ltr'>πρὸς</span> <span class='ocrx_word' id='word_1_342' title='bbox 3324 1970 3392 2023; x_wconf 66' lang='grc' dir='ltr'>τὰ</span> <span class='ocrx_word' id='word_1_343' title='bbox 3437 1968 3614 2039; x_wconf 75' lang='grc' dir='ltr'>πτηνὰ</span> <span class='ocrx_word' id='word_1_344' title='bbox 3656 1972 3769 2030; x_wconf 81' lang='grc' dir='ltr'>τοῖς</span> 
     </span>
    </p>
   </div>
   <div class='ocr_carea' id='block_1_48' title="bbox 2172 2061 3769 2137">
    <p class='ocr_par' dir='ltr' id='par_1_48' title="bbox 2172 2061 3769 2137">
     <span class='ocr_line' id='line_1_48' title="bbox 2172 2061 3769 2137; baseline -0.004 -19"><span class='ocrx_word' id='word_1_345' title='bbox 2172 2067 2470 2137; x_wconf 86' lang='grc' dir='ltr'>χερσαίοις.</span> <span class='ocrx_word' id='word_1_346' title='bbox 2500 2067 2559 2117; x_wconf 81' lang='grc' dir='ltr'><strong>οὐ</strong></span> <span class='ocrx_word' id='word_1_347' title='bbox 2588 2066 2720 2134; x_wconf 73' lang='grc' dir='ltr'>πρὸς</span> <span class='ocrx_word' id='word_1_348' title='bbox 2749 2066 2816 2118; x_wconf 79' lang='grc' dir='ltr'>τὰ</span> <span class='ocrx_word' id='word_1_349' title='bbox 2841 2065 3013 2136; x_wconf 66' lang='grc' dir='ltr'>νηκτὰ</span> <span class='ocrx_word' id='word_1_350' title='bbox 3036 2068 3146 2127; x_wconf 84' lang='grc' dir='ltr'>τοῖς</span> <span class='ocrx_word' id='word_1_351' title='bbox 3177 2064 3522 2132; x_wconf 81' lang='grc' dir='ltr'>τετράποσιν,</span> <span class='ocrx_word' id='word_1_352' title='bbox 3548 2062 3604 2113; x_wconf 85' lang='grc' dir='ltr'><strong>οὑ</strong></span> <span class='ocrx_word' id='word_1_353' title='bbox 3634 2061 3769 2129; x_wconf 72' lang='grc' dir='ltr'>πρὸς</span> 
     </span>
    </p>
   </div>
   <div class='ocr_carea' id='block_1_49' title="bbox 2172 2151 3769 2224">
    <p class='ocr_par' dir='ltr' id='par_1_49' title="bbox 2172 2151 3769 2224">
     <span class='ocr_line' id='line_1_49' title="bbox 2172 2151 3769 2224; baseline -0.004 -15"><span class='ocrx_word' id='word_1_354' title='bbox 2172 2157 2240 2209; x_wconf 75' lang='grc' dir='ltr'><strong>τὰ</strong></span> <span class='ocrx_word' id='word_1_355' title='bbox 2269 2156 2460 2223; x_wconf 78' lang='grc' dir='ltr'>λογικὰ</span> <span class='ocrx_word' id='word_1_356' title='bbox 2485 2158 2597 2218; x_wconf 84' lang='grc' dir='ltr'>τοῖς</span> <span class='ocrx_word' id='word_1_357' title='bbox 2624 2156 2855 2224; x_wconf 83' lang='grc' dir='ltr'>ἀλόγοις.</span> <span class='ocrx_word' id='word_1_358' title='bbox 2900 2156 3009 2209; x_wconf 83' lang='grc' dir='ltr'>Καὶ</span> <span class='ocrx_word' id='word_1_359' title='bbox 3050 2155 3103 2206; x_wconf 85' lang='grc' dir='ltr'><strong>τί</strong></span> <span class='ocrx_word' id='word_1_360' title='bbox 3146 2156 3210 2208; x_wconf 87' lang='grc' dir='ltr'>ἄν</span> <span class='ocrx_word' id='word_1_361' title='bbox 3246 2171 3327 2217; x_wconf 86' lang='grc' dir='ltr'><strong>τις</strong></span> <span class='ocrx_word' id='word_1_362' title='bbox 3362 2156 3489 2224; x_wconf 73' lang='grc' dir='ltr'>περὶ</span> <span class='ocrx_word' id='word_1_363' title='bbox 3516 2153 3619 2205; x_wconf 76' lang='grc' dir='ltr'><strong>τῶν</strong></span> <span class='ocrx_word' id='word_1_364' title='bbox 3647 2151 3769 2203; x_wconf 78' lang='grc' dir='ltr'>καθ’</span> 
     </span>
    </p>
   </div>
   <div class='ocr_carea' id='block_1_50' title="bbox 2173 2243 3771 2317">
    <p class='ocr_par' dir='ltr' id='par_1_50' title="bbox 2173 2243 3771 2317">
     <span class='ocr_line' id='line_1_50' title="bbox 2173 2243 3771 2317; baseline -0.004 -18"><span class='ocrx_word' id='word_1_365' title='bbox 2173 2248 2400 2299; x_wconf 72' lang='grc' dir='ltr'>ἕκαστον</span> <span class='ocrx_word' id='word_1_366' title='bbox 2438 2247 2611 2314; x_wconf 81' lang='grc' dir='ltr'>λέγων</span> <span class='ocrx_word' id='word_1_367' title='bbox 2648 2246 2942 2317; x_wconf 78' lang='grc' dir='ltr'>διατρίϐοι,</span> <span class='ocrx_word' id='word_1_368' title='bbox 2991 2246 3203 2309; x_wconf 71' lang='grc' dir='ltr'>δεικνὺς</span> <span class='ocrx_word' id='word_1_369' title='bbox 3246 2246 3327 2297; x_wconf 80' lang='grc' dir='ltr'>ὅτι</span> <span class='ocrx_word' id='word_1_370' title='bbox 3377 2244 3573 2298; x_wconf 78' lang='grc' dir='ltr'>ταύτόν</span> <span class='ocrx_word' id='word_1_371' title='bbox 3632 2243 3771 2295; x_wconf 85' lang='grc' dir='ltr'>ἐστιν</span> 
     </span>
    </p>
   </div>
   <div class='ocr_carea' id='block_1_51' title="bbox 2174 2337 3769 2408">
    <p class='ocr_par' dir='ltr' id='par_1_51' title="bbox 2174 2337 3769 2408">
     <span class='ocr_line' id='line_1_51' title="bbox 2174 2337 3769 2408; baseline -0.003 -18"><span class='ocrx_word' id='word_1_372' title='bbox 2174 2340 2257 2406; x_wconf 61' lang='grc' dir='ltr'><strong>ἐφ’</strong></span> <span class='ocrx_word' id='word_1_373' title='bbox 2284 2339 2512 2391; x_wconf 76' lang='grc' dir='ltr'>ἑκάστου</span> <span class='ocrx_word' id='word_1_374' title='bbox 2555 2337 2662 2390; x_wconf 81' lang='grc' dir='ltr'><strong>τῶν</strong></span> <span class='ocrx_word' id='word_1_375' title='bbox 2704 2341 2759 2390; x_wconf 90' lang='grc' dir='ltr'><strong>ἐν</strong></span> <span class='ocrx_word' id='word_1_376' title='bbox 2804 2342 2867 2408; x_wconf 82' lang='grc' dir='ltr'>τῇ</span> <span class='ocrx_word' id='word_1_377' title='bbox 2929 2339 3104 2391; x_wconf 80' lang='grc' dir='ltr'>κτίσει</span> <span class='ocrx_word' id='word_1_378' title='bbox 3150 2338 3769 2408; x_wconf 74' lang='grc' dir='ltr'>Θεισιρουμένωνείπεῖνς</span> 
     </span>
    </p>
   </div>
   <div class='ocr_carea' id='block_1_52' title="bbox 2178 2424 3773 2497">
    <p class='ocr_par' dir='ltr' id='par_1_52' title="bbox 2178 2424 3773 2497">
     <span class='ocr_line' id='line_1_52' title="bbox 2178 2424 3773 2497; baseline 0.002 -21"><span class='ocrx_word' id='word_1_379' title='bbox 2178 2425 2353 2494; x_wconf 86' lang='grc' dir='ltr'>Ὅπερ</span> <span class='ocrx_word' id='word_1_380' title='bbox 2399 2425 2472 2487; x_wconf 86' lang='grc' dir='ltr'>ὡς</span> <span class='ocrx_word' id='word_1_381' title='bbox 2515 2424 2790 2495; x_wconf 80' lang='grc' dir='ltr'>ἐξαίρετον</span> <span class='ocrx_word' id='word_1_382' title='bbox 2838 2424 2913 2494; x_wconf 78' lang='grc' dir='ltr'>τῷ</span> <span class='ocrx_word' id='word_1_383' title='bbox 2965 2428 3257 2494; x_wconf 85' lang='grc' dir='ltr'>Μονογενεί</span> <span class='ocrx_word' id='word_1_384' title='bbox 3304 2427 3669 2497; x_wconf 60' lang='grc' dir='ltr'>προσερρίῳη,</span> <span class='ocrx_word' id='word_1_385' title='bbox 3706 2426 3773 2479; x_wconf 78' lang='grc' dir='ltr'>τὸ</span> 
     </span>
    </p>
   </div>
   <div class='ocr_carea' id='block_1_53' title="bbox 2175 2517 3773 2591">
    <p class='ocr_par' dir='ltr' id='par_1_53' title="bbox 2175 2517 3773 2591">
     <span class='ocr_line' id='line_1_53' title="bbox 2175 2517 3773 2591; baseline 0.004 -24"><span class='ocrx_word' id='word_1_386' title='bbox 2175 2518 2310 2586; x_wconf 77' lang='grc' dir='ltr'>πρὸς</span> <span class='ocrx_word' id='word_1_387' title='bbox 2344 2517 2507 2586; x_wconf 78' lang='grc' dir='ltr'>μηδὲν</span> <span class='ocrx_word' id='word_1_388' title='bbox 2540 2517 2645 2569; x_wconf 63' lang='grc' dir='ltr'>τῶν</span> <span class='ocrx_word' id='word_1_389' title='bbox 2697 2520 2811 2587; x_wconf 74' lang='grc' dir='ltr'>μετ’</span> <span class='ocrx_word' id='word_1_390' title='bbox 2851 2520 3030 2582; x_wconf 82' lang='grc' dir='ltr'>αὑτὸν,</span> <span class='ocrx_word' id='word_1_391' title='bbox 3084 2521 3179 2573; x_wconf 76' lang='grc' dir='ltr'>καὶ</span> <span class='ocrx_word' id='word_1_392' title='bbox 3232 2520 3299 2572; x_wconf 82' lang='grc' dir='ltr'>δι’</span> <span class='ocrx_word' id='word_1_393' title='bbox 3335 2522 3500 2573; x_wconf 73' lang='grc' dir='ltr'>αὑτοῦ</span> <span class='ocrx_word' id='word_1_394' title='bbox 3540 2538 3773 2591; x_wconf 74' lang='grc' dir='ltr'>γεγενηο-</span> 
     </span>
    </p>
   </div>
   <div class='ocr_carea' id='block_1_54' title="bbox 2179 2607 3771 2683">
    <p class='ocr_par' dir='ltr' id='par_1_54' title="bbox 2179 2607 3771 2683">
     <span class='ocr_line' id='line_1_54' title="bbox 2179 2607 3771 2683; baseline 0.006 -26"><span class='ocrx_word' id='word_1_395' title='bbox 2179 2607 2353 2676; x_wconf 87' lang='grc' dir='ltr'>μένων</span> <span class='ocrx_word' id='word_1_396' title='bbox 2390 2607 2486 2678; x_wconf 81' lang='grc' dir='ltr'><strong>τὴν</strong></span> <span class='ocrx_word' id='word_1_397' title='bbox 2528 2607 2812 2676; x_wconf 78' lang='grc' dir='ltr'>σύγκρισιν</span> <span class='ocrx_word' id='word_1_398' title='bbox 2864 2609 3024 2678; x_wconf 81' lang='grc' dir='ltr'>ἔχειν.</span> <span class='ocrx_word' id='word_1_399' title='bbox 3074 2612 3309 2679; x_wconf 78' lang='grc' dir='ltr'>Φανερὸν</span> <span class='ocrx_word' id='word_1_400' title='bbox 3346 2613 3454 2683; x_wconf 85' lang='grc' dir='ltr'><strong>γάρ</strong></span> <span class='ocrx_word' id='word_1_401' title='bbox 3485 2615 3650 2675; x_wconf 83' lang='grc' dir='ltr'>ἐστιν,</span> <span class='ocrx_word' id='word_1_402' title='bbox 3684 2616 3771 2667; x_wconf 76' lang='grc' dir='ltr'><strong>ὅτι</strong></span> 
     </span>
    </p>
   </div>
   <div class='ocr_carea' id='block_1_55' title="bbox 2176 2696 3773 2771">
    <p class='ocr_par' dir='ltr' id='par_1_55' title="bbox 2176 2696 3773 2771">
     <span class='ocr_line' id='line_1_55' title="bbox 2176 2696 3773 2771; baseline 0.001 -22"><span class='ocrx_word' id='word_1_403' title='bbox 2176 2699 2282 2749; x_wconf 82' lang='grc' dir='ltr'>πᾶν</span> <span class='ocrx_word' id='word_1_404' title='bbox 2331 2698 2468 2767; x_wconf 80' lang='grc' dir='ltr'>ὅπερ</span> <span class='ocrx_word' id='word_1_405' title='bbox 2518 2696 2583 2749; x_wconf 87' lang='grc' dir='ltr'>ἂν</span> <span class='ocrx_word' id='word_1_406' title='bbox 2637 2700 2721 2766; x_wconf 71' lang='grc' dir='ltr'><strong>ἐφ’</strong></span> <span class='ocrx_word' id='word_1_407' title='bbox 2788 2698 2997 2750; x_wconf 77' lang='grc' dir='ltr'>ἑαυτῶν</span> <span class='ocrx_word' id='word_1_408' title='bbox 3045 2701 3263 2770; x_wconf 78' lang='grc' dir='ltr'>νοήσῃς,</span> <span class='ocrx_word' id='word_1_409' title='bbox 3298 2702 3623 2771; x_wconf 80' lang='grc' dir='ltr'>ἁσύγκριτόν</span> <span class='ocrx_word' id='word_1_410' title='bbox 3653 2702 3773 2753; x_wconf 84' lang='grc' dir='ltr'>ἐστι</span> 
     </span>
    </p>
   </div>
   <div class='ocr_carea' id='block_1_56' title="bbox 2175 2787 3775 2862">
    <p class='ocr_par' dir='ltr' id='par_1_56' title="bbox 2175 2787 3775 2862">
     <span class='ocr_line' id='line_1_56' title="bbox 2175 2787 3775 2862; baseline 0.018 -27"><span class='ocrx_word' id='word_1_411' title='bbox 2175 2787 2251 2856; x_wconf 79' lang='grc' dir='ltr'><strong>τῷ</strong></span> <span class='ocrx_word' id='word_1_412' title='bbox 2295 2790 2454 2840; x_wconf 87' lang='grc' dir='ltr'>παντί</span> <span class='ocrx_word' id='word_1_413' title='bbox 2481 2806 2538 2840; x_wconf 89' lang='grc' dir='ltr'><strong>τε</strong></span> <span class='ocrx_word' id='word_1_414' title='bbox 2590 2790 2685 2841; x_wconf 72' lang='grc' dir='ltr'><strong>καὶ</strong></span> <span class='ocrx_word' id='word_1_415' title='bbox 2721 2792 2831 2853; x_wconf 84' lang='grc' dir='ltr'>τοῖς</span> <span class='ocrx_word' id='word_1_416' title='bbox 2887 2790 3009 2843; x_wconf 83' lang='grc' dir='ltr'>καθ’</span> <span class='ocrx_word' id='word_1_417' title='bbox 3038 2791 3288 2845; x_wconf 70' lang='grc' dir='ltr'>ἕκαστον.</span> <span class='ocrx_word' id='word_1_418' title='bbox 3344 2794 3453 2845; x_wconf 71' lang='grc' dir='ltr'>Καὶ</span> <span class='ocrx_word' id='word_1_419' title='bbox 3500 2794 3635 2862; x_wconf 80' lang='grc' dir='ltr'>ὅπερ</span> <span class='ocrx_word' id='word_1_420' title='bbox 3677 2794 3775 2848; x_wconf 58' lang='grc' dir='ltr'>ἐπὶ</span> 
     </span>
    </p>
   </div>
   <div class='ocr_carea' id='block_1_57' title="bbox 2175 2878 3767 2951">
    <p class='ocr_par' dir='ltr' id='par_1_57' title="bbox 2175 2878 3767 2951">
     <span class='ocr_line' id='line_1_57' title="bbox 2175 2878 3767 2951; baseline 0.004 -21"><span class='ocrx_word' id='word_1_421' title='bbox 2175 2878 2269 2930; x_wconf 71' lang='grc' dir='ltr'>τοῦ</span> <span class='ocrx_word' id='word_1_422' title='bbox 2297 2880 2548 2948; x_wconf 80' lang='grc' dir='ltr'>τυχόντος</span> <span class='ocrx_word' id='word_1_423' title='bbox 2573 2879 2869 2949; x_wconf 79' lang='grc' dir='ltr'>κτίσματος</span> <span class='ocrx_word' id='word_1_424' title='bbox 2898 2880 3112 2951; x_wconf 79' lang='grc' dir='ltr'>ἀληθῶς</span> <span class='ocrx_word' id='word_1_425' title='bbox 3138 2882 3284 2934; x_wconf 76' lang='grc' dir='ltr'>ἐστιν</span> <span class='ocrx_word' id='word_1_426' title='bbox 3311 2884 3503 2941; x_wconf 76' lang='grc' dir='ltr'>εἰπεῖν,</span> <span class='ocrx_word' id='word_1_427' title='bbox 3538 2883 3613 2945; x_wconf 82' lang='grc' dir='ltr'>ὼς</span> <span class='ocrx_word' id='word_1_428' title='bbox 3644 2885 3767 2936; x_wconf 83' lang='grc' dir='ltr'>ίκα-</span> 
     </span>
    </p>
   </div>
   <div class='ocr_carea' id='block_1_58' title="bbox 2177 2968 3773 3044">
    <p class='ocr_par' dir='ltr' id='par_1_58' title="bbox 2177 2968 3773 3044">
     <span class='ocr_line' id='line_1_58' title="bbox 2177 2968 3773 3044; baseline 0.003 -24"><span class='ocrx_word' id='word_1_429' title='bbox 2177 2969 2265 3020; x_wconf 88' lang='grc' dir='ltr'><strong>νόν</strong></span> <span class='ocrx_word' id='word_1_430' title='bbox 2296 2970 2411 3022; x_wconf 87' lang='grc' dir='ltr'>ἐστι</span> <span class='ocrx_word' id='word_1_431' title='bbox 2437 2968 2593 3021; x_wconf 76' lang='grc' dir='ltr'>τοῦτο</span> <span class='ocrx_word' id='word_1_432' title='bbox 2622 2969 2714 3023; x_wconf 60' lang='grc' dir='ltr'><strong>καὶ</strong></span> <span class='ocrx_word' id='word_1_433' title='bbox 2748 2969 3016 3040; x_wconf 78' lang='grc' dir='ltr'>αὔταρκες</span> <span class='ocrx_word' id='word_1_434' title='bbox 3052 2973 3130 3033; x_wconf 84' lang='grc' dir='ltr'><strong>είς</strong></span> <span class='ocrx_word' id='word_1_435' title='bbox 3158 2973 3321 3041; x_wconf 75' lang='grc' dir='ltr'>τιμὴν</span> <span class='ocrx_word' id='word_1_436' title='bbox 3360 2974 3451 3024; x_wconf 70' lang='grc' dir='ltr'><strong>καὶ</strong></span> <span class='ocrx_word' id='word_1_437' title='bbox 3489 2973 3664 3036; x_wconf 81' lang='grc' dir='ltr'>δόξαν,</span> <span class='ocrx_word' id='word_1_438' title='bbox 3694 2974 3773 3044; x_wconf 74' lang='grc' dir='ltr'>τῷ</span> 
     </span>
    </p>
   </div>
   <div class='ocr_carea' id='block_1_59' title="bbox 2182 3060 3775 3133">
    <p class='ocr_par' dir='ltr' id='par_1_59' title="bbox 2182 3060 3775 3133">
     <span class='ocr_line' id='line_1_59' title="bbox 2182 3060 3775 3133; baseline 0.004 -22"><span class='ocrx_word' id='word_1_439' title='bbox 2182 3063 2461 3127; x_wconf 86' lang='grc' dir='ltr'>μονογενεῖ</span> <span class='ocrx_word' id='word_1_440' title='bbox 2487 3060 2604 3129; x_wconf 85' lang='grc' dir='ltr'><strong>Θεῷ</strong></span> <span class='ocrx_word' id='word_1_441' title='bbox 2647 3062 2797 3132; x_wconf 79' lang='grc' dir='ltr'><strong>παρὰ</strong></span> <span class='ocrx_word' id='word_1_442' title='bbox 2828 3064 2946 3115; x_wconf 79' lang='grc' dir='ltr'>τῶν</span> <span class='ocrx_word' id='word_1_443' title='bbox 2975 3062 3181 3133; x_wconf 82' lang='grc' dir='ltr'>ἐχθρῶν</span> <span class='ocrx_word' id='word_1_444' title='bbox 3216 3065 3313 3132; x_wconf 80' lang='grc' dir='ltr'>τῆς</span> <span class='ocrx_word' id='word_1_445' title='bbox 3355 3064 3611 3133; x_wconf 73' lang='grc' dir='ltr'>ἀληθείας</span> <span class='ocrx_word' id='word_1_446' title='bbox 3640 3066 3775 3117; x_wconf 85' lang='grc' dir='ltr'>ἁπο-</span> 
     </span>
    </p>
   </div>
   <div class='ocr_carea' id='block_1_60' title="bbox 493 3148 2075 3226">
    <p class='ocr_par' dir='ltr' id='par_1_60' title="bbox 493 3162 2075 3226">
     <span class='ocr_line' id='line_1_60' title="bbox 493 3162 2075 3226; baseline -0.003 -9"><span class='ocrx_word' id='word_1_447' title='bbox 493 3172 747 3219; x_wconf 85' lang='lat' dir='ltr'><strong>creatura</strong></span> <span class='ocrx_word' id='word_1_448' title='bbox 780 3180 965 3217; x_wconf 85' lang='lat' dir='ltr'><strong>verum</strong></span> <span class='ocrx_word' id='word_1_449' title='bbox 1000 3164 1322 3226; x_wconf 85' lang='lat' dir='ltr'><strong>estdicere,</strong></span> <span class='ocrx_word' id='word_1_450' title='bbox 1366 3163 1470 3216; x_wconf 89' lang='lat' dir='ltr'><strong>hoc</strong></span> <span class='ocrx_word' id='word_1_451' title='bbox 1522 3163 1668 3215; x_wconf 81' lang='lat' dir='ltr'><strong>velut</strong></span> <span class='ocrx_word' id='word_1_452' title='bbox 1721 3162 1974 3215; x_wconf 89' lang='lat' dir='ltr'><strong>idoneum</strong></span> <span class='ocrx_word' id='word_1_453' title='bbox 2024 3171 2075 3214; x_wconf 90' lang='lat' dir='ltr'><strong>et</strong></span> 
     </span>
    </p>
   </div>
   <div class='ocr_carea' id='block_1_61' title="bbox 2178 3148 3776 3226">
    <p class='ocr_par' dir='ltr' id='par_1_61' title="bbox 2182 3148 3776 3219">
     <span class='ocr_line' id='line_1_61' title="bbox 2182 3148 3776 3219; baseline 0.005 -20"><span class='ocrx_word' id='word_1_454' title='bbox 2182 3148 2495 3219; x_wconf 81' lang='grc' dir='ltr'>κληροῦται.</span> <span class='ocrx_word' id='word_1_455' title='bbox 2526 3150 2633 3202; x_wconf 74' lang='grc' dir='ltr'>Καὶ</span> <span class='ocrx_word' id='word_1_456' title='bbox 2668 3152 2890 3205; x_wconf 78' lang='grc' dir='ltr'>τοιαῦτα</span> <span class='ocrx_word' id='word_1_457' title='bbox 2932 3154 3366 3216; x_wconf 83' lang='grc' dir='ltr'>κατασκευάσας,</span> <span class='ocrx_word' id='word_1_458' title='bbox 3391 3154 3551 3208; x_wconf 78' lang='grc' dir='ltr'>πάλιν</span> <span class='ocrx_word' id='word_1_459' title='bbox 3581 3158 3637 3207; x_wconf 85' lang='grc' dir='ltr'><strong>ἐν</strong></span> <span class='ocrx_word' id='word_1_460' title='bbox 3662 3159 3776 3216; x_wconf 80' lang='grc' dir='ltr'>τοῖς</span> 
     </span>
    </p>
   </div>
   <div class='ocr_carea' id='block_1_62' title="bbox 496 3248 2082 3321">
    <p class='ocr_par' dir='ltr' id='par_1_62' title="bbox 496 3248 2082 3321">
     <span class='ocr_line' id='line_1_62' title="bbox 496 3248 2082 3321; baseline -0.003 -14"><span class='ocrx_word' id='word_1_461' title='bbox 496 3254 772 3307; x_wconf 74' lang='lat' dir='ltr'><strong>sufficiens</strong></span> <span class='ocrx_word' id='word_1_462' title='bbox 803 3253 867 3306; x_wconf 91' lang='lat' dir='ltr'><strong>ad</strong></span> <span class='ocrx_word' id='word_1_463' title='bbox 924 3253 1185 3305; x_wconf 87' lang='lat' dir='ltr'><strong>honorem</strong></span> <span class='ocrx_word' id='word_1_464' title='bbox 1223 3261 1276 3306; x_wconf 89' lang='lat' dir='ltr'><strong>et</strong></span> <span class='ocrx_word' id='word_1_465' title='bbox 1332 3251 1584 3321; x_wconf 83' lang='lat' dir='ltr'><strong>gloriam,</strong></span> <span class='ocrx_word' id='word_1_466' title='bbox 1628 3250 1913 3321; x_wconf 90' lang='lat' dir='ltr'><strong>Unigenito</strong></span> <span class='ocrx_word' id='word_1_467' title='bbox 1972 3248 2082 3303; x_wconf 91' lang='lat' dir='ltr'><strong>Deo</strong></span> 
     </span>
    </p>
   </div>
   <div class='ocr_carea' id='block_1_63' title="bbox 496 3340 2080 3412">
    <p class='ocr_par' dir='ltr' id='par_1_63' title="bbox 496 3340 2080 3412">
     <span class='ocr_line' id='line_1_63' title="bbox 496 3340 2080 3412; baseline -0.003 -15"><span class='ocrx_word' id='word_1_468' title='bbox 496 3348 565 3399; x_wconf 85' lang='lat' dir='ltr'><strong>ab</strong></span> <span class='ocrx_word' id='word_1_469' title='bbox 608 3345 849 3397; x_wconf 86' lang='lat' dir='ltr'><strong>inimicis</strong></span> <span class='ocrx_word' id='word_1_470' title='bbox 879 3344 1125 3397; x_wconf 86' lang='lat' dir='ltr'><strong>veritatis</strong></span> <span class='ocrx_word' id='word_1_471' title='bbox 1166 3344 1499 3412; x_wconf 86' lang='lat' dir='ltr'><strong>assignatur.</strong></span> <span class='ocrx_word' id='word_1_472' title='bbox 1534 3341 1659 3394; x_wconf 73' lang='lat' dir='ltr'><strong>&quot;:BC</strong></span> <span class='ocrx_word' id='word_1_473' title='bbox 1700 3352 1752 3395; x_wconf 81' lang='lat' dir='ltr'><strong>et.</strong></span> <span class='ocrx_word' id='word_1_474' title='bbox 1799 3340 2080 3409; x_wconf 86' lang='lat' dir='ltr'><strong>ejusmodi</strong></span> 
     </span>
    </p>
   </div>
   <div class='ocr_carea' id='block_1_64' title="bbox 496 3432 2084 3503">
    <p class='ocr_par' dir='ltr' id='par_1_64' title="bbox 496 3432 2084 3503">
     <span class='ocr_line' id='line_1_64' title="bbox 496 3432 2084 3503; baseline -0.003 -14"><span class='ocrx_word' id='word_1_475' title='bbox 496 3453 624 3490; x_wconf 90' lang='lat' dir='ltr'><strong>cum</strong></span> <span class='ocrx_word' id='word_1_476' title='bbox 660 3436 953 3499; x_wconf 74' lang='lat' dir='ltr'><strong>adstruxit,</strong></span> <span class='ocrx_word' id='word_1_477' title='bbox 980 3435 1046 3488; x_wconf 88' lang='lat' dir='ltr'><strong>de</strong></span> <span class='ocrx_word' id='word_1_478' title='bbox 1081 3446 1279 3488; x_wconf 73' lang='lat' dir='ltr'><strong>cancro</strong></span> <span class='ocrx_word' id='word_1_479' title='bbox 1310 3435 1567 3488; x_wconf 89' lang='lat' dir='ltr'><strong>inanibus</strong></span> <span class='ocrx_word' id='word_1_480' title='bbox 1600 3435 1954 3503; x_wconf 88' lang='lat' dir='ltr'><strong>ipsumauget</strong></span> <span class='ocrx_word' id='word_1_481' title='bbox 1987 3432 2084 3485; x_wconf 79' lang='lat' dir='ltr'><strong>lio-</strong></span> 
     </span>
    </p>
   </div>
   <div class='ocr_carea' id='block_1_65' title="bbox 498 3523 2080 3596">
    <p class='ocr_par' dir='ltr' id='par_1_65' title="bbox 498 3523 2080 3596">
     <span class='ocr_line' id='line_1_65' title="bbox 498 3523 2080 3596; baseline -0.003 -15"><span class='ocrx_word' id='word_1_482' title='bbox 498 3528 745 3588; x_wconf 87' lang='lat' dir='ltr'><strong>noribus,</strong></span> <span class='ocrx_word' id='word_1_483' title='bbox 778 3527 1064 3579; x_wconf 77' lang='lat' dir='ltr'><strong>hominum</strong></span> <span class='ocrx_word' id='word_1_484' title='bbox 1097 3535 1151 3579; x_wconf 86' lang='lat' dir='ltr'><strong>et</strong></span> <span class='ocrx_word' id='word_1_485' title='bbox 1206 3523 1559 3596; x_wconf 84' lang='lat' dir='ltr'><strong>Unigenitum</strong></span> <span class='ocrx_word' id='word_1_486' title='bbox 1627 3526 1928 3595; x_wconf 85' lang='lat' dir='ltr'><strong>appellans,</strong></span> <span class='ocrx_word' id='word_1_487' title='bbox 1987 3524 2080 3579; x_wconf 88' lang='lat' dir='ltr'><strong>sed</strong></span> 
     </span>
    </p>
   </div>
   <div class='ocr_carea' id='block_1_66' title="bbox 495 3616 2080 3688">
    <p class='ocr_par' dir='ltr' id='par_1_66' title="bbox 495 3616 2080 3688">
     <span class='ocr_line' id='line_1_66' title="bbox 495 3616 2080 3688; baseline -0.004 -15"><span class='ocrx_word' id='word_1_488' title='bbox 495 3636 566 3673; x_wconf 85' lang='lat' dir='ltr'><strong>ne</strong></span> <span class='ocrx_word' id='word_1_489' title='bbox 591 3636 687 3688; x_wconf 88' lang='lat' dir='ltr'><strong>per</strong></span> <span class='ocrx_word' id='word_1_490' title='bbox 722 3620 837 3672; x_wconf 65' lang='lat' dir='ltr'><strong>hinc</strong></span> <span class='ocrx_word' id='word_1_491' title='bbox 862 3619 1084 3671; x_wconf 86' lang='lat' dir='ltr'><strong>nomina</strong></span> <span class='ocrx_word' id='word_1_492' title='bbox 1117 3619 1299 3687; x_wconf 87' lang='lat' dir='ltr'><strong>aliqua</strong></span> <span class='ocrx_word' id='word_1_493' title='bbox 1331 3618 1415 3686; x_wconf 90' lang='lat' dir='ltr'><strong>pia</strong></span> <span class='ocrx_word' id='word_1_494' title='bbox 1448 3616 1808 3686; x_wconf 81' lang='lat' dir='ltr'><strong>intelligentia</strong></span> <span class='ocrx_word' id='word_1_495' title='bbox 1841 3624 1895 3670; x_wconf 90' lang='lat' dir='ltr'><strong>et</strong></span> <span class='ocrx_word' id='word_1_496' title='bbox 1929 3616 2080 3685; x_wconf 80' lang='lat' dir='ltr'><strong>cogi-</strong></span> 
     </span>
    </p>
   </div>
   <div class='ocr_carea' id='block_1_67' title="bbox 495 3707 2084 3779">
    <p class='ocr_par' dir='ltr' id='par_1_67' title="bbox 495 3707 2084 3779">
     <span class='ocr_line' id='line_1_67' title="bbox 495 3707 2084 3779; baseline -0.004 -14"><span class='ocrx_word' id='word_1_497' title='bbox 495 3713 634 3765; x_wconf 84' lang='lat' dir='ltr'><strong>tatio</strong></span> <span class='ocrx_word' id='word_1_498' title='bbox 669 3710 1014 3765; x_wconf 87' lang='lat' dir='ltr'><strong>auditoribus</strong></span> <span class='ocrx_word' id='word_1_499' title='bbox 1043 3709 1414 3779; x_wconf 86' lang='lat' dir='ltr'><strong>ingeneretur,</strong></span> <span class='ocrx_word' id='word_1_500' title='bbox 1465 3710 1611 3762; x_wconf 89' lang='lat' dir='ltr'><strong>illico</strong></span> <span class='ocrx_word' id='word_1_501' title='bbox 1642 3708 1731 3762; x_wconf 88' lang='lat' dir='ltr'><strong>his</strong></span> <span class='ocrx_word' id='word_1_502' title='bbox 1764 3707 2084 3761; x_wconf 87' lang='lat' dir='ltr'><strong>honoratio-</strong></span> 
     </span>
    </p>
   </div>
   <div class='ocr_carea' id='block_1_68' title="bbox 499 3799 2083 3871">
    <p class='ocr_par' dir='ltr' id='par_1_68' title="bbox 499 3799 2083 3871">
     <span class='ocr_line' id='line_1_68' title="bbox 499 3799 2083 3871; baseline -0.004 -16"><span class='ocrx_word' id='word_1_503' title='bbox 499 3805 654 3856; x_wconf 87' lang='lat' dir='ltr'><strong>ribus</strong></span> <span class='ocrx_word' id='word_1_504' title='bbox 692 3800 1156 3871; x_wconf 87' lang='lat' dir='ltr'><strong>appellationibus</strong></span> <span class='ocrx_word' id='word_1_505' title='bbox 1187 3802 1530 3868; x_wconf 84' lang='lat' dir='ltr'><strong>blasphcma.</strong></span> <span class='ocrx_word' id='word_1_506' title='bbox 1568 3800 1623 3853; x_wconf 90' lang='lat' dir='ltr'><strong>id</strong></span> <span class='ocrx_word' id='word_1_507' title='bbox 1664 3808 1770 3865; x_wconf 88' lang='lat' dir='ltr'><strong>est,</strong></span> <span class='ocrx_word' id='word_1_508' title='bbox 1814 3799 1979 3868; x_wconf 90' lang='lat' dir='ltr'><strong>impia</strong></span> <span class='ocrx_word' id='word_1_509' title='bbox 2028 3805 2083 3850; x_wconf 92' lang='lat' dir='ltr'><strong>et</strong></span> 
     </span>
    </p>
   </div>
   <div class='ocr_carea' id='block_1_69' title="bbox 501 3890 2082 3958">
    <p class='ocr_par' dir='ltr' id='par_1_69' title="bbox 501 3890 2082 3958">
     <span class='ocr_line' id='line_1_69' title="bbox 501 3890 2082 3958; baseline -0.002 -13"><span class='ocrx_word' id='word_1_510' title='bbox 501 3893 839 3946; x_wconf 78' lang='lat' dir='ltr'><strong>exsecranda</strong></span> <span class='ocrx_word' id='word_1_511' title='bbox 876 3893 1039 3946; x_wconf 83' lang='lat' dir='ltr'><strong>verba</strong></span> <span class='ocrx_word' id='word_1_512' title='bbox 1099 3893 1393 3945; x_wconf 87' lang='lat' dir='ltr'><strong>immiscet.</strong></span> <span class='ocrx_word' id='word_1_513' title='bbox 1443 3891 1521 3945; x_wconf 86' lang='lat' dir='ltr'><strong>Ita</strong></span> <span class='ocrx_word' id='word_1_514' title='bbox 1578 3892 1683 3945; x_wconf 91' lang='lat' dir='ltr'><strong>fert</strong></span> <span class='ocrx_word' id='word_1_515' title='bbox 1742 3899 1922 3945; x_wconf 86' lang='lat' dir='ltr'><strong>autem</strong></span> <span class='ocrx_word' id='word_1_516' title='bbox 1963 3890 2082 3958; x_wconf 68' lang='lat' dir='ltr'><strong>ejus</strong></span> 
     </span>
    </p>
   </div>
   <div class='ocr_carea' id='block_1_70' title="bbox 499 3980 2080 4051">
    <p class='ocr_par' dir='ltr' id='par_1_70' title="bbox 499 3980 2080 4051">
     <span class='ocr_line' id='line_1_70' title="bbox 499 3980 2080 4051; baseline -0.003 -17"><span class='ocrx_word' id='word_1_517' title='bbox 499 3984 677 4035; x_wconf 68' lang='lat' dir='ltr'><strong>oratio</strong></span> <span class='ocrx_word' id='word_1_518' title='bbox 706 4001 717 4035; x_wconf 90' lang='lat'>:</span> <span class='ocrx_word' id='word_1_519' title='bbox 758 3980 967 4048; x_wconf 81' lang='lat' dir='ltr'><strong>Utpote,</strong></span> <span class='ocrx_word' id='word_1_520' title='bbox 1003 3982 1200 4051; x_wconf 88' lang='lat' dir='ltr'><strong>inquit,</strong></span> <span class='ocrx_word' id='word_1_521' title='bbox 1232 3997 1349 4033; x_wconf 84' lang='lat' dir='ltr'><strong>cum</strong></span> <span class='ocrx_word' id='word_1_522' title='bbox 1380 3996 1540 4049; x_wconf 84' lang='lat' dir='ltr'><strong>neque</strong></span> <span class='ocrx_word' id='word_1_523' title='bbox 1571 3982 1797 4034; x_wconf 78' lang='lat' dir='ltr'><strong>essentia</strong></span> <span class='ocrx_word' id='word_1_524' title='bbox 1831 3990 2080 4048; x_wconf 82' lang='lat' dir='ltr'><strong>generata</strong></span> 
     </span>
    </p>
   </div>
   <div class='ocr_carea' id='block_1_71' title="bbox 498 4070 2081 4143">
    <p class='ocr_par' dir='ltr' id='par_1_71' title="bbox 498 4070 2081 4143">
     <span class='ocr_line' id='line_1_71' title="bbox 498 4070 2081 4143; baseline -0.004 -16"><span class='ocrx_word' id='word_1_525' title='bbox 498 4076 745 4143; x_wconf 82' lang='lat' dir='ltr'><strong>cuiquam</strong></span> <span class='ocrx_word' id='word_1_526' title='bbox 796 4074 956 4125; x_wconf 83' lang='lat' dir='ltr'><strong>alteri</strong></span> <span class='ocrx_word' id='word_1_527' title='bbox 1006 4072 1180 4123; x_wconf 79' lang='lat' dir='ltr'><strong>locant</strong></span> <span class='ocrx_word' id='word_1_528' title='bbox 1211 4072 1278 4123; x_wconf 86' lang='lat' dir='ltr'><strong>ad</strong></span> <span class='ocrx_word' id='word_1_529' title='bbox 1332 4072 1753 4123; x_wconf 62' lang='lat' dir='ltr'><strong>contulitnionem</strong></span> <span class='ocrx_word' id='word_1_530' title='bbox 1821 4070 2081 4137; x_wconf 80' lang='lat' dir='ltr'><strong>relinquat</strong></span> 
     </span>
    </p>
   </div>
   <div class='ocr_carea' id='block_1_72' title="bbox 501 4162 2081 4234">
    <p class='ocr_par' dir='ltr' id='par_1_72' title="bbox 501 4162 2081 4234">
     <span class='ocr_line' id='line_1_72' title="bbox 501 4162 2081 4234; baseline -0.003 -18"><span class='ocrx_word' id='word_1_531' title='bbox 501 4181 517 4234; x_wconf 28' lang='grc' dir='ltr'><strong>ί.</strong></span> <span class='ocrx_word' id='word_1_532' title='bbox 540 4165 811 4234; x_wconf 79' lang='lat' dir='ltr'><strong>unigenita</strong></span> <span class='ocrx_word' id='word_1_533' title='bbox 850 4166 989 4216; x_wconf 81' lang='lat' dir='ltr'><strong>enim</strong></span> <span class='ocrx_word' id='word_1_534' title='bbox 1031 4162 1141 4229; x_wconf 85' lang='lat' dir='ltr'><strong>est)</strong></span> <span class='ocrx_word' id='word_1_535' title='bbox 1172 4202 1185 4225; x_wconf 88' lang='lat'><strong>,</strong></span> <span class='ocrx_word' id='word_1_536' title='bbox 1232 4177 1393 4229; x_wconf 82' lang='lat' dir='ltr'><strong>neque</strong></span> <span class='ocrx_word' id='word_1_537' title='bbox 1424 4162 1538 4230; x_wconf 74' lang='lat' dir='ltr'><strong>ejus</strong></span> <span class='ocrx_word' id='word_1_538' title='bbox 1566 4163 1656 4231; x_wconf 79' lang='lat' dir='ltr'><strong>qui</strong></span> <span class='ocrx_word' id='word_1_539' title='bbox 1695 4162 1819 4229; x_wconf 72' lang='lat' dir='ltr'><strong>fecit</strong></span> <span class='ocrx_word' id='word_1_540' title='bbox 1854 4178 2081 4213; x_wconf 82' lang='lat' dir='ltr'><strong>conmm-</strong></span> 
     </span>
    </p>
   </div>
   <div class='ocr_carea' id='block_1_73' title="bbox 500 4254 2082 4324">
    <p class='ocr_par' dir='ltr' id='par_1_73' title="bbox 500 4254 2082 4324">
     <span class='ocr_line' id='line_1_73' title="bbox 500 4254 2082 4324; baseline -0.001 -15"><span class='ocrx_word' id='word_1_541' title='bbox 500 4258 581 4310; x_wconf 83' lang='lat' dir='ltr'><strong>m&#39;s</strong></span> <span class='ocrx_word' id='word_1_542' title='bbox 627 4258 859 4324; x_wconf 79' lang='lat' dir='ltr'><strong>operatio</strong></span> <span class='ocrx_word' id='word_1_543' title='bbox 917 4265 1184 4309; x_wconf 85' lang='lat' dir='ltr'><strong>cernatur.</strong></span> <span class='ocrx_word' id='word_1_544' title='bbox 1219 4254 1262 4308; x_wconf 90' lang='grc' dir='ltr'><strong>Ο</strong></span> <span class='ocrx_word' id='word_1_545' title='bbox 1322 4256 1748 4308; x_wconf 65' lang='lat' dir='ltr'><strong>contumeliam!</strong></span> <span class='ocrx_word' id='word_1_546' title='bbox 1820 4266 1879 4309; x_wconf 93' lang='lat' dir='ltr'><strong>ut</strong></span> <span class='ocrx_word' id='word_1_547' title='bbox 1942 4257 2082 4309; x_wconf 88' lang='lat' dir='ltr'><strong>inter</strong></span> 
     </span>
    </p>
   </div>
   <div class='ocr_carea' id='block_1_74' title="bbox 500 4347 2081 4409">
    <p class='ocr_par' dir='ltr' id='par_1_74' title="bbox 500 4347 2081 4409">
     <span class='ocr_line' id='line_1_74' title="bbox 500 4347 2081 4409; baseline -0.001 -8"><span class='ocrx_word' id='word_1_548' title='bbox 500 4349 694 4401; x_wconf 80' lang='lat' dir='ltr'><strong>brutos</strong></span> <span class='ocrx_word' id='word_1_549' title='bbox 724 4358 775 4400; x_wconf 89' lang='lat' dir='ltr'><strong>et</strong></span> <span class='ocrx_word' id='word_1_550' title='bbox 800 4348 1093 4409; x_wconf 88' lang='lat' dir='ltr'><strong>belluinos,</strong></span> <span class='ocrx_word' id='word_1_551' title='bbox 1127 4347 1209 4401; x_wconf 71' lang='lat' dir='ltr'><strong>vel</strong></span> <span class='ocrx_word' id='word_1_552' title='bbox 1244 4348 1468 4400; x_wconf 84' lang='lat' dir='ltr'><strong>insanos</strong></span> <span class='ocrx_word' id='word_1_553' title='bbox 1518 4355 1572 4399; x_wconf 81' lang='lat' dir='ltr'><strong>et</strong></span> <span class='ocrx_word' id='word_1_554' title='bbox 1631 4347 1813 4400; x_wconf 82' lang='lat' dir='ltr'><strong>fatuos</strong></span> <span class='ocrx_word' id='word_1_555' title='bbox 1854 4349 2081 4401; x_wconf 87' lang='lat' dir='ltr'><strong>concio-</strong></span> 
     </span>
    </p>
   </div>
   <div class='ocr_carea' id='block_1_75' title="bbox 502 4438 2079 4508">
    <p class='ocr_par' dir='ltr' id='par_1_75' title="bbox 502 4438 2079 4508">
     <span class='ocr_line' id='line_1_75' title="bbox 502 4438 2079 4508; baseline 0.001 -15"><span class='ocrx_word' id='word_1_556' title='bbox 502 4452 664 4494; x_wconf 88' lang='lat' dir='ltr'><strong>uatus</strong></span> <span class='ocrx_word' id='word_1_557' title='bbox 694 4441 894 4508; x_wconf 88' lang='lat' dir='ltr'><strong>quibus</strong></span> <span class='ocrx_word' id='word_1_558' title='bbox 929 4456 1035 4492; x_wconf 91' lang='lat' dir='ltr'><strong>non</strong></span> <span class='ocrx_word' id='word_1_559' title='bbox 1069 4447 1153 4493; x_wconf 87' lang='lat' dir='ltr'><strong>cst</strong></span> <span class='ocrx_word' id='word_1_560' title='bbox 1192 4438 1571 4508; x_wconf 84' lang='lat' dir='ltr'><strong>intelligentia,</strong></span> <span class='ocrx_word' id='word_1_561' title='bbox 1610 4454 1709 4507; x_wconf 93' lang='lat' dir='ltr'><strong>pro</strong></span> <span class='ocrx_word' id='word_1_562' title='bbox 1775 4456 1876 4493; x_wconf 90' lang='lat' dir='ltr'><strong>suo</strong></span> <span class='ocrx_word' id='word_1_563' title='bbox 1930 4442 2079 4495; x_wconf 90' lang='lat' dir='ltr'><strong>arbi-</strong></span> 
     </span>
    </p>
   </div>
   <div class='ocr_carea' id='block_1_76' title="bbox 497 4530 2080 4601">
    <p class='ocr_par' dir='ltr' id='par_1_76' title="bbox 497 4530 2080 4601">
     <span class='ocr_line' id='line_1_76' title="bbox 497 4530 2080 4601; baseline 0.003 -18"><span class='ocrx_word' id='word_1_564' title='bbox 497 4534 607 4585; x_wconf 84' lang='lat' dir='ltr'><strong>trio</strong></span> <span class='ocrx_word' id='word_1_565' title='bbox 638 4548 732 4601; x_wconf 90' lang='lat' dir='ltr'><strong>per</strong></span> <span class='ocrx_word' id='word_1_566' title='bbox 753 4532 1032 4584; x_wconf 86' lang='lat' dir='ltr'><strong>contraria</strong></span> <span class='ocrx_word' id='word_1_567' title='bbox 1066 4546 1373 4585; x_wconf 89' lang='lat' dir='ltr'><strong>sermonem</strong></span> <span class='ocrx_word' id='word_1_568' title='bbox 1407 4532 1747 4601; x_wconf 80' lang='lat' dir='ltr'><strong>circumagit.</strong></span> <span class='ocrx_word' id='word_1_569' title='bbox 1782 4530 1893 4585; x_wconf 88' lang='lat' dir='ltr'><strong>lmo</strong></span> <span class='ocrx_word' id='word_1_570' title='bbox 1947 4548 2080 4587; x_wconf 86' lang='lat' dir='ltr'><strong>vero</strong></span> 
     </span>
    </p>
   </div>
   <div class='ocr_carea' id='block_1_77' title="bbox 499 4622 2078 4691">
    <p class='ocr_par' dir='ltr' id='par_1_77' title="bbox 499 4622 2078 4691">
     <span class='ocr_line' id='line_1_77' title="bbox 499 4622 2078 4691; baseline 0.001 -16"><span class='ocrx_word' id='word_1_571' title='bbox 499 4624 641 4677; x_wconf 89' lang='lat' dir='ltr'><strong>idem</strong></span> <span class='ocrx_word' id='word_1_572' title='bbox 671 4624 717 4676; x_wconf 91' lang='lat' dir='ltr'><strong>ei</strong></span> <span class='ocrx_word' id='word_1_573' title='bbox 753 4623 953 4675; x_wconf 87' lang='lat' dir='ltr'><strong>accidit</strong></span> <span class='ocrx_word' id='word_1_574' title='bbox 982 4622 1129 4691; x_wconf 86' lang='lat' dir='ltr'><strong>quod</strong></span> <span class='ocrx_word' id='word_1_575' title='bbox 1158 4623 1279 4675; x_wconf 90' lang='lat' dir='ltr'><strong>visu</strong></span> <span class='ocrx_word' id='word_1_576' title='bbox 1314 4623 1563 4690; x_wconf 86' lang='lat' dir='ltr'><strong>privatis,</strong></span> <span class='ocrx_word' id='word_1_577' title='bbox 1595 4625 1855 4691; x_wconf 90' lang='lat' dir='ltr'><strong>quoniam</strong></span> <span class='ocrx_word' id='word_1_578' title='bbox 1900 4632 1954 4677; x_wconf 87' lang='lat' dir='ltr'><strong>et</strong></span> <span class='ocrx_word' id='word_1_579' title='bbox 2002 4624 2078 4676; x_wconf 93' lang='lat' dir='ltr'><strong>illi</strong></span> 
     </span>
    </p>
   </div>
   <div class='ocr_carea' id='block_1_78' title="bbox 500 4712 2078 4783">
    <p class='ocr_par' dir='ltr' id='par_1_78' title="bbox 500 4712 2078 4783">
     <span class='ocr_line' id='line_1_78' title="bbox 500 4712 2078 4783; baseline -0.001 -16"><span class='ocrx_word' id='word_1_580' title='bbox 500 4729 642 4782; x_wconf 65' lang='lat' dir='ltr'><strong>saepe</strong></span> <span class='ocrx_word' id='word_1_581' title='bbox 672 4714 723 4766; x_wconf 88' lang='lat' dir='ltr'><strong>in</strong></span> <span class='ocrx_word' id='word_1_582' title='bbox 764 4714 937 4767; x_wconf 86' lang='lat' dir='ltr'><strong>oculis</strong></span> <span class='ocrx_word' id='word_1_583' title='bbox 966 4714 1308 4766; x_wconf 87' lang='lat' dir='ltr'><strong>cernentium</strong></span> <span class='ocrx_word' id='word_1_584' title='bbox 1339 4712 1594 4765; x_wconf 86' lang='lat' dir='ltr'><strong>indecore</strong></span> <span class='ocrx_word' id='word_1_585' title='bbox 1618 4727 1676 4766; x_wconf 87' lang='lat' dir='ltr'><strong>se</strong></span> <span class='ocrx_word' id='word_1_586' title='bbox 1710 4723 1930 4783; x_wconf 80' lang='lat' dir='ltr'><strong>gerunt,</strong></span> <span class='ocrx_word' id='word_1_587' title='bbox 1953 4716 2078 4781; x_wconf 87' lang='lat' dir='ltr'><strong>quia</strong></span> 
     </span>
    </p>
   </div>
   <div class='ocr_carea' id='block_1_79' title="bbox 498 4802 2078 4872">
    <p class='ocr_par' dir='ltr' id='par_1_79' title="bbox 498 4802 2078 4872">
     <span class='ocr_line' id='line_1_79' title="bbox 498 4802 2078 4872; baseline -0.001 -17"><span class='ocrx_word' id='word_1_588' title='bbox 498 4820 674 4871; x_wconf 84' lang='lat' dir='ltr'><strong>neque</strong></span> <span class='ocrx_word' id='word_1_589' title='bbox 705 4804 804 4872; x_wconf 88' lang='lat' dir='ltr'><strong>ipsi</strong></span> <span class='ocrx_word' id='word_1_590' title='bbox 846 4803 1084 4862; x_wconf 81' lang='lat' dir='ltr'><strong>videant,</strong></span> <span class='ocrx_word' id='word_1_591' title='bbox 1132 4817 1309 4869; x_wconf 91' lang='lat' dir='ltr'><strong>neque</strong></span> <span class='ocrx_word' id='word_1_592' title='bbox 1364 4817 1422 4854; x_wconf 86' lang='lat' dir='ltr'><strong>se</strong></span> <span class='ocrx_word' id='word_1_593' title='bbox 1483 4802 1654 4855; x_wconf 84' lang='lat' dir='ltr'><strong>videri</strong></span> <span class='ocrx_word' id='word_1_594' title='bbox 1707 4803 2078 4869; x_wconf 84' lang='lat' dir='ltr'><strong>suspicentur.</strong></span> 
     </span>
    </p>
   </div>
   <div class='ocr_carea' id='block_1_80' title="bbox 499 4893 2082 4967">
    <p class='ocr_par' dir='ltr' id='par_1_80' title="bbox 499 4893 2082 4967">
     <span class='ocr_line' id='line_1_80' title="bbox 499 4893 2082 4967; baseline 0.001 -24"><span class='ocrx_word' id='word_1_595' title='bbox 499 4894 633 4956; x_wconf 81' lang='lat' dir='ltr'><strong>Quis</strong></span> <span class='ocrx_word' id='word_1_596' title='bbox 665 4895 808 4945; x_wconf 87' lang='lat' dir='ltr'><strong>enim</strong></span> <span class='ocrx_word' id='word_1_597' title='bbox 851 4894 900 4944; x_wconf 87' lang='lat' dir='ltr'><strong>in</strong></span> <span class='ocrx_word' id='word_1_598' title='bbox 936 4893 1022 4946; x_wconf 89' lang='lat' dir='ltr'><strong>bis</strong></span> <span class='ocrx_word' id='word_1_599' title='bbox 1049 4908 1170 4962; x_wconf 71' lang='lat' dir='ltr'><strong>qua:</strong></span> <span class='ocrx_word' id='word_1_600' title='bbox 1197 4894 1340 4945; x_wconf 88' lang='lat' dir='ltr'><strong>dicta</strong></span> <span class='ocrx_word' id='word_1_601' title='bbox 1373 4900 1503 4945; x_wconf 89' lang='lat' dir='ltr'><strong>sunt</strong></span> <span class='ocrx_word' id='word_1_602' title='bbox 1540 4908 1646 4945; x_wconf 90' lang='lat' dir='ltr'><strong>non</strong></span> <span class='ocrx_word' id='word_1_603' title='bbox 1690 4893 1835 4967; x_wconf 75' lang='lat' dir='ltr'><strong>ridet</strong></span> <span class='ocrx_word' id='word_1_604' title='bbox 1867 4903 2082 4947; x_wconf 85' lang='lat' dir='ltr'><strong>contra-</strong></span> 
     </span>
    </p>
   </div>
   <div class='ocr_carea' id='block_1_81' title="bbox 497 4984 2083 5053">
    <p class='ocr_par' dir='ltr' id='par_1_81' title="bbox 497 4984 2083 5053">
     <span class='ocr_line' id='line_1_81' title="bbox 497 4984 2083 5053; baseline 0.002 -17"><span class='ocrx_word' id='word_1_605' title='bbox 497 4986 750 5037; x_wconf 83' lang='lat' dir='ltr'><strong>rietatem</strong></span> <span class='ocrx_word' id='word_1_606' title='bbox 779 4984 963 5048; x_wconf 81' lang='lat' dir='ltr'><strong>?Quia</strong></span> <span class='ocrx_word' id='word_1_607' title='bbox 999 4985 1069 5037; x_wconf 90' lang='lat' dir='ltr'><strong>sit</strong></span> <span class='ocrx_word' id='word_1_608' title='bbox 1101 4993 1381 5053; x_wconf 81' lang='lat' dir='ltr'><strong>generata,</strong></span> <span class='ocrx_word' id='word_1_609' title='bbox 1441 4984 1637 5052; x_wconf 88' lang='lat' dir='ltr'><strong>inquit,</strong></span> <span class='ocrx_word' id='word_1_610' title='bbox 1679 4986 1940 5049; x_wconf 88' lang='lat' dir='ltr'><strong>essentia,</strong></span> <span class='ocrx_word' id='word_1_611' title='bbox 2002 4986 2083 5039; x_wconf 90' lang='lat' dir='ltr'><strong>lo-</strong></span> 
     </span>
    </p>
   </div>
   <div class='ocr_carea' id='block_1_82' title="bbox 498 5077 2081 5147">
    <p class='ocr_par' dir='ltr' id='par_1_82' title="bbox 498 5077 2081 5147">
     <span class='ocr_line' id='line_1_82' title="bbox 498 5077 2081 5147; baseline 0.001 -18"><span class='ocrx_word' id='word_1_612' title='bbox 498 5092 624 5129; x_wconf 91' lang='lat' dir='ltr'><strong>cum</strong></span> <span class='ocrx_word' id='word_1_613' title='bbox 662 5078 784 5131; x_wconf 90' lang='lat' dir='ltr'><strong>aliis</strong></span> <span class='ocrx_word' id='word_1_614' title='bbox 814 5077 882 5130; x_wconf 84' lang='lat' dir='ltr'><strong>ad</strong></span> <span class='ocrx_word' id='word_1_615' title='bbox 934 5078 1375 5130; x_wconf 89' lang='lat' dir='ltr'><strong>communionem</strong></span> <span class='ocrx_word' id='word_1_616' title='bbox 1413 5093 1521 5130; x_wconf 84' lang='lat' dir='ltr'><strong>non</strong></span> <span class='ocrx_word' id='word_1_617' title='bbox 1556 5078 1854 5147; x_wconf 88' lang='lat' dir='ltr'><strong>relinquit;</strong></span> <span class='ocrx_word' id='word_1_618' title='bbox 1892 5077 2081 5147; x_wconf 82' lang='lat' dir='ltr'><strong>unige—</strong></span> 
     </span>
    </p>
   </div>
   <div class='ocr_carea' id='block_1_83' title="bbox 499 5166 2079 5237">
    <p class='ocr_par' dir='ltr' id='par_1_83' title="bbox 499 5166 2079 5237">
     <span class='ocr_line' id='line_1_83' title="bbox 499 5166 2079 5237; baseline 0.001 -18"><span class='ocrx_word' id='word_1_619' title='bbox 499 5168 612 5219; x_wconf 85' lang='lat' dir='ltr'><strong>uita</strong></span> <span class='ocrx_word' id='word_1_620' title='bbox 640 5168 809 5220; x_wconf 89' lang='lat' dir='ltr'><strong>enim.</strong></span> <span class='ocrx_word' id='word_1_621' title='bbox 845 5166 911 5219; x_wconf 80' lang='lat' dir='ltr'><strong>Et</strong></span> <span class='ocrx_word' id='word_1_622' title='bbox 952 5168 1056 5221; x_wconf 83' lang='lat' dir='ltr'><strong>hoc</strong></span> <span class='ocrx_word' id='word_1_623' title='bbox 1100 5168 1317 5221; x_wconf 81' lang='lat' dir='ltr'><strong>locutus</strong></span> <span class='ocrx_word' id='word_1_624' title='bbox 1374 5177 1435 5221; x_wconf 90' lang='lat' dir='ltr'><strong>ut</strong></span> <span class='ocrx_word' id='word_1_625' title='bbox 1488 5184 1638 5231; x_wconf 80' lang='lat' dir='ltr'><strong>vera,</strong></span> <span class='ocrx_word' id='word_1_626' title='bbox 1684 5170 1766 5223; x_wconf 77' lang='lat' dir='ltr'><strong>vel</strong></span> <span class='ocrx_word' id='word_1_627' title='bbox 1825 5169 1939 5237; x_wconf 82' lang='lat' dir='ltr'><strong>ipse</strong></span> <span class='ocrx_word' id='word_1_628' title='bbox 1973 5184 2079 5221; x_wconf 91' lang='lat' dir='ltr'><strong>non</strong></span> 
     </span>
    </p>
   </div>
   <div class='ocr_carea' id='block_1_84' title="bbox 497 5252 2078 5331">
    <p class='ocr_par' dir='ltr' id='par_1_84' title="bbox 497 5252 2078 5331">
     <span class='ocr_line' id='line_1_84' title="bbox 497 5252 2078 5331; baseline -0.001 -19"><span class='ocrx_word' id='word_1_629' title='bbox 497 5261 743 5323; x_wconf 74' lang='lat' dir='ltr'><strong>intuens,</strong></span> <span class='ocrx_word' id='word_1_630' title='bbox 777 5252 860 5313; x_wconf 76' lang='lat' dir='ltr'><strong>vel</strong></span> <span class='ocrx_word' id='word_1_631' title='bbox 894 5276 999 5313; x_wconf 90' lang='lat' dir='ltr'><strong>non</strong></span> <span class='ocrx_word' id='word_1_632' title='bbox 1033 5275 1232 5329; x_wconf 86' lang='lat' dir='ltr'><strong>putans</strong></span> <span class='ocrx_word' id='word_1_633' title='bbox 1263 5276 1320 5315; x_wconf 88' lang='lat' dir='ltr'><strong>se</strong></span> <span class='ocrx_word' id='word_1_634' title='bbox 1352 5261 1548 5325; x_wconf 77' lang='lat' dir='ltr'><strong>videri,</strong></span> <span class='ocrx_word' id='word_1_635' title='bbox 1586 5278 1706 5331; x_wconf 68' lang='lat' dir='ltr'><strong>qua:</strong></span> <span class='ocrx_word' id='word_1_636' title='bbox 1734 5262 1935 5314; x_wconf 91' lang='lat' dir='ltr'><strong>nullam</strong></span> <span class='ocrx_word' id='word_1_637' title='bbox 1980 5261 2078 5312; x_wconf 70' lang='lat' dir='ltr'><strong>lia-</strong></span> 
     </span>
    </p>
   </div>
   <div class='ocr_carea' id='block_1_85' title="bbox 498 5353 2082 5423">
    <p class='ocr_par' dir='ltr' id='par_1_85' title="bbox 498 5353 2082 5423">
     <span class='ocr_line' id='line_1_85' title="bbox 498 5353 2082 5423; baseline 0.001 -17"><span class='ocrx_word' id='word_1_638' title='bbox 498 5353 629 5406; x_wconf 87' lang='lat' dir='ltr'><strong>bcnt</strong></span> <span class='ocrx_word' id='word_1_639' title='bbox 661 5370 783 5406; x_wconf 90' lang='lat' dir='ltr'><strong>cum</strong></span> <span class='ocrx_word' id='word_1_640' title='bbox 817 5354 1092 5422; x_wconf 72' lang='lat' dir='ltr'><strong>praedictis</strong></span> <span class='ocrx_word' id='word_1_641' title='bbox 1123 5354 1590 5416; x_wconf 86' lang='lat' dir='ltr'><strong>communionem,</strong></span> <span class='ocrx_word' id='word_1_642' title='bbox 1625 5364 1683 5407; x_wconf 90' lang='lat' dir='ltr'><strong>ut</strong></span> <span class='ocrx_word' id='word_1_643' title='bbox 1732 5356 1934 5423; x_wconf 87' lang='lat' dir='ltr'><strong>optime</strong></span> <span class='ocrx_word' id='word_1_644' title='bbox 1987 5370 2082 5407; x_wconf 81' lang='lat' dir='ltr'><strong>co-</strong></span> 
     </span>
    </p>
   </div>
   <div class='ocr_carea' id='block_1_86' title="bbox 499 5444 2077 5515">
    <p class='ocr_par' dir='ltr' id='par_1_86' title="bbox 499 5444 2077 5515">
     <span class='ocr_line' id='line_1_86' title="bbox 499 5444 2077 5515; baseline -0.001 -18"><span class='ocrx_word' id='word_1_645' title='bbox 499 5444 761 5499; x_wconf 77' lang='lat' dir='ltr'><strong>luerentia</strong></span> <span class='ocrx_word' id='word_1_646' title='bbox 810 5453 865 5498; x_wconf 89' lang='lat' dir='ltr'><strong>et</strong></span> <span class='ocrx_word' id='word_1_647' title='bbox 904 5444 1099 5498; x_wconf 90' lang='lat' dir='ltr'><strong>ordine</strong></span> <span class='ocrx_word' id='word_1_648' title='bbox 1160 5447 1515 5515; x_wconf 86' lang='lat' dir='ltr'><strong>procedentia</strong></span> <span class='ocrx_word' id='word_1_649' title='bbox 1576 5445 1747 5509; x_wconf 89' lang='lat' dir='ltr'><strong>addit,</strong></span> <span class='ocrx_word' id='word_1_650' title='bbox 1803 5444 2077 5513; x_wconf 82' lang='lat' dir='ltr'><strong>Unigeniti</strong></span> 
     </span>
    </p>
   </div>
   <div class='ocr_carea' id='block_1_87' title="bbox 499 5536 2074 5607">
    <p class='ocr_par' dir='ltr' id='par_1_87' title="bbox 499 5536 2074 5607">
     <span class='ocr_line' id='line_1_87' title="bbox 499 5536 2074 5607; baseline 0.001 -18"><span class='ocrx_word' id='word_1_651' title='bbox 499 5539 753 5592; x_wconf 60' lang='lat' dir='ltr'><strong>essentia:</strong></span> <span class='ocrx_word' id='word_1_652' title='bbox 783 5539 902 5605; x_wconf 85' lang='lat' dir='ltr'><strong>ejus</strong></span> <span class='ocrx_word' id='word_1_653' title='bbox 926 5538 1017 5606; x_wconf 89' lang='lat' dir='ltr'><strong>qui</strong></span> <span class='ocrx_word' id='word_1_654' title='bbox 1050 5536 1177 5591; x_wconf 89' lang='lat' dir='ltr'><strong>fecit</strong></span> <span class='ocrx_word' id='word_1_655' title='bbox 1206 5538 1578 5607; x_wconf 85' lang='lat' dir='ltr'><strong>operationem</strong></span> <span class='ocrx_word' id='word_1_656' title='bbox 1616 5539 2038 5591; x_wconf 87' lang='lat' dir='ltr'><strong>accommodans</strong></span> <span class='ocrx_word' id='word_1_657' title='bbox 2063 5558 2074 5591; x_wconf 90' lang='lat'>:</span> 
     </span>
    </p>
   </div>
   <div class='ocr_carea' id='block_1_88' title="bbox 502 5629 2078 5699">
    <p class='ocr_par' dir='ltr' id='par_1_88' title="bbox 502 5629 2078 5699">
     <span class='ocr_line' id='line_1_88' title="bbox 502 5629 2078 5699; baseline 0 -18"><span class='ocrx_word' id='word_1_658' title='bbox 502 5630 718 5695; x_wconf 75' lang='lat' dir='ltr'><strong>genitus</strong></span> <span class='ocrx_word' id='word_1_659' title='bbox 746 5634 889 5684; x_wconf 86' lang='lat' dir='ltr'><strong>enim</strong></span> <span class='ocrx_word' id='word_1_660' title='bbox 913 5645 1035 5683; x_wconf 93' lang='lat' dir='ltr'><strong>cum</strong></span> <span class='ocrx_word' id='word_1_661' title='bbox 1073 5645 1138 5682; x_wconf 88' lang='lat' dir='ltr'><strong>eo</strong></span> <span class='ocrx_word' id='word_1_662' title='bbox 1165 5630 1256 5699; x_wconf 92' lang='lat' dir='ltr'><strong>qui</strong></span> <span class='ocrx_word' id='word_1_663' title='bbox 1292 5630 1570 5699; x_wconf 84' lang='lat' dir='ltr'><strong>genuit,et</strong></span> <span class='ocrx_word' id='word_1_664' title='bbox 1607 5629 1936 5697; x_wconf 84' lang='lat' dir='ltr'><strong>Unigenitus</strong></span> <span class='ocrx_word' id='word_1_665' title='bbox 1957 5646 2078 5682; x_wconf 90' lang='lat' dir='ltr'><strong>cum</strong></span> 
     </span>
    </p>
   </div>
   <div class='ocr_carea' id='block_1_89' title="bbox 503 5713 2077 5773">
    <p class='ocr_par' dir='ltr' id='par_1_89' title="bbox 503 5713 2077 5773">
     <span class='ocr_line' id='line_1_89' title="bbox 503 5713 2077 5773; baseline 0.001 -4"><span class='ocrx_word' id='word_1_666' title='bbox 503 5713 663 5770; x_wconf 86' lang='lat' dir='ltr'><strong>Patre</strong></span> <span class='ocrx_word' id='word_1_667' title='bbox 700 5733 769 5771; x_wconf 59' lang='lat' dir='ltr'><strong>ex</strong></span> <span class='ocrx_word' id='word_1_668' title='bbox 798 5718 1189 5771; x_wconf 86' lang='lat' dir='ltr'><strong>consecutione</strong></span> <span class='ocrx_word' id='word_1_669' title='bbox 1255 5719 1482 5772; x_wconf 91' lang='lat' dir='ltr'><strong>omnino</strong></span> <span class='ocrx_word' id='word_1_670' title='bbox 1513 5718 1675 5773; x_wconf 82' lang='lat' dir='ltr'><strong>habet</strong></span> <span class='ocrx_word' id='word_1_671' title='bbox 1739 5720 2077 5773; x_wconf 87' lang='lat' dir='ltr'><strong>relationem.</strong></span> 
     </span>
    </p>
   </div>
   <div class='ocr_carea' id='block_1_90' title="bbox 504 5802 2078 5880">
    <p class='ocr_par' dir='ltr' id='par_1_90' title="bbox 504 5802 2078 5880">
     <span class='ocr_line' id='line_1_90' title="bbox 504 5802 2078 5880; baseline 0.006 -24"><span class='ocrx_word' id='word_1_672' title='bbox 504 5802 569 5857; x_wconf 80' lang='lat' dir='ltr'><strong>Et</strong></span> <span class='ocrx_word' id='word_1_673' title='bbox 605 5808 695 5875; x_wconf 89' lang='lat' dir='ltr'><strong>qui</strong></span> <span class='ocrx_word' id='word_1_674' title='bbox 724 5823 915 5861; x_wconf 80' lang='lat' dir='ltr'><strong>verum</strong></span> <span class='ocrx_word' id='word_1_675' title='bbox 961 5809 1074 5864; x_wconf 89' lang='lat' dir='ltr'><strong>vult</strong></span> <span class='ocrx_word' id='word_1_676' title='bbox 1111 5810 1314 5877; x_wconf 83' lang='lat' dir='ltr'><strong>videre,</strong></span> <span class='ocrx_word' id='word_1_677' title='bbox 1374 5826 1481 5865; x_wconf 89' lang='lat' dir='ltr'><strong>non</strong></span> <span class='ocrx_word' id='word_1_678' title='bbox 1524 5809 1751 5865; x_wconf 82' lang='lat' dir='ltr'><strong>factoris</strong></span> <span class='ocrx_word' id='word_1_679' title='bbox 1804 5811 2078 5880; x_wconf 89' lang='lat' dir='ltr'><strong>operatio-</strong></span> 
     </span>
    </p>
   </div>
   <div class='ocr_carea' id='block_1_91' title="bbox 2187 3242 3773 3317">
    <p class='ocr_par' dir='ltr' id='par_1_91' title="bbox 2187 3242 3773 3317">
     <span class='ocr_line' id='line_1_91' title="bbox 2187 3242 3773 3317; baseline 0.004 -23"><span class='ocrx_word' id='word_1_680' title='bbox 2187 3242 2498 3304; x_wconf 81' lang='grc' dir='ltr'>ὑπολοίποις</span> <span class='ocrx_word' id='word_1_681' title='bbox 2526 3245 2645 3305; x_wconf 81' lang='grc' dir='ltr'>ταῖς</span> <span class='ocrx_word' id='word_1_682' title='bbox 2677 3243 2942 3307; x_wconf 77' lang='grc' dir='ltr'>διακένοις</span> <span class='ocrx_word' id='word_1_683' title='bbox 2982 3246 3141 3298; x_wconf 75' lang='grc' dir='ltr'>αὑτὸν</span> <span class='ocrx_word' id='word_1_684' title='bbox 3172 3247 3535 3315; x_wconf 75' lang='grc' dir='ltr'>ἀποσεμνύνει</span> <span class='ocrx_word' id='word_1_685' title='bbox 3563 3250 3773 3317; x_wconf 86' lang='grc' dir='ltr'>τιμαῖς,</span> 
     </span>
    </p>
   </div>
   <div class='ocr_carea' id='block_1_92' title="bbox 2184 3334 3777 3410">
    <p class='ocr_par' dir='ltr' id='par_1_92' title="bbox 2184 3334 3777 3410">
     <span class='ocr_line' id='line_1_92' title="bbox 2184 3334 3777 3410; baseline 0.004 -24"><span class='ocrx_word' id='word_1_686' title='bbox 2184 3334 2388 3404; x_wconf 77' lang='grc' dir='ltr'>Κύριον</span> <span class='ocrx_word' id='word_1_687' title='bbox 2432 3334 2526 3387; x_wconf 72' lang='grc' dir='ltr'><strong>καὶ</strong></span> <span class='ocrx_word' id='word_1_688' title='bbox 2558 3337 2836 3405; x_wconf 84' lang='grc' dir='ltr'>Μονογενῆ</span> <span class='ocrx_word' id='word_1_689' title='bbox 2880 3337 3212 3408; x_wconf 57' lang='grc' dir='ltr'>προσειπών</span> <span class='ocrx_word' id='word_1_690' title='bbox 3241 3339 3354 3391; x_wconf 80' lang='grc' dir='ltr'>ἀλλ’</span> <span class='ocrx_word' id='word_1_691' title='bbox 3383 3345 3456 3402; x_wconf 72' lang='grc' dir='ltr'>ὡς</span> <span class='ocrx_word' id='word_1_692' title='bbox 3491 3340 3555 3393; x_wconf 83' lang='grc' dir='ltr'><strong>ἂν</strong></span> <span class='ocrx_word' id='word_1_693' title='bbox 3590 3343 3661 3410; x_wconf 81' lang='grc' dir='ltr'>μή</span> <span class='ocrx_word' id='word_1_694' title='bbox 3692 3358 3777 3402; x_wconf 85' lang='grc' dir='ltr'><strong>τις</strong></span> 
     </span>
    </p>
   </div>
   <div class='ocr_carea' id='block_1_93' title="bbox 2185 3426 3775 3502">
    <p class='ocr_par' dir='ltr' id='par_1_93' title="bbox 2185 3426 3775 3502">
     <span class='ocr_line' id='line_1_93' title="bbox 2185 3426 3775 3502; baseline 0.006 -25"><span class='ocrx_word' id='word_1_695' title='bbox 2185 3426 2415 3497; x_wconf 80' lang='grc' dir='ltr'>εὐσεϐὴς</span> <span class='ocrx_word' id='word_1_696' title='bbox 2439 3426 2644 3479; x_wconf 78' lang='grc' dir='ltr'>διάνοια</span> <span class='ocrx_word' id='word_1_697' title='bbox 2691 3428 2776 3480; x_wconf 75' lang='grc' dir='ltr'>διὰ</span> <span class='ocrx_word' id='word_1_698' title='bbox 2820 3428 2927 3480; x_wconf 77' lang='grc' dir='ltr'><strong>τῶν</strong></span> <span class='ocrx_word' id='word_1_699' title='bbox 2970 3430 3246 3499; x_wconf 76' lang='grc' dir='ltr'>ὀνομάτων</span> <span class='ocrx_word' id='word_1_700' title='bbox 3270 3431 3469 3484; x_wconf 76' lang='grc' dir='ltr'>τούτων</span> <span class='ocrx_word' id='word_1_701' title='bbox 3496 3437 3604 3495; x_wconf 81' lang='grc' dir='ltr'>τοῖς</span> <span class='ocrx_word' id='word_1_702' title='bbox 3637 3435 3775 3502; x_wconf 81' lang='grc' dir='ltr'>ἀκη-</span> 
     </span>
    </p>
   </div>
   <div class='ocr_carea' id='block_1_94' title="bbox 2186 3517 3777 3593">
    <p class='ocr_par' dir='ltr' id='par_1_94' title="bbox 2186 3517 3777 3593">
     <span class='ocr_line' id='line_1_94' title="bbox 2186 3517 3777 3593; baseline 0.006 -25"><span class='ocrx_word' id='word_1_703' title='bbox 2186 3517 2365 3569; x_wconf 85' lang='grc' dir='ltr'>κοὸσιν</span> <span class='ocrx_word' id='word_1_704' title='bbox 2391 3517 2688 3585; x_wconf 80' lang='grc' dir='ltr'>ἐγγένοιτο,</span> <span class='ocrx_word' id='word_1_705' title='bbox 2726 3520 2890 3583; x_wconf 72' lang='grc' dir='ltr'>εὐθὺς</span> <span class='ocrx_word' id='word_1_706' title='bbox 2930 3522 3296 3589; x_wconf 75' lang='grc' dir='ltr'>καταμίγνυσι</span> <span class='ocrx_word' id='word_1_707' title='bbox 3338 3527 3447 3586; x_wconf 80' lang='grc' dir='ltr'>τοῖς</span> <span class='ocrx_word' id='word_1_708' title='bbox 3481 3525 3777 3593; x_wconf 77' lang='grc' dir='ltr'>εύσημοτέ-</span> 
     </span>
    </p>
   </div>
   <div class='ocr_carea' id='block_1_95' title="bbox 2188 3609 3772 3682">
    <p class='ocr_par' dir='ltr' id='par_1_95' title="bbox 2188 3609 3772 3682">
     <span class='ocr_line' id='line_1_95' title="bbox 2188 3609 3772 3682; baseline 0.004 -22"><span class='ocrx_word' id='word_1_709' title='bbox 2188 3626 2300 3678; x_wconf 89' lang='grc' dir='ltr'>ροις</span> <span class='ocrx_word' id='word_1_710' title='bbox 2331 3609 2400 3661; x_wconf 74' lang='grc' dir='ltr'>τὰ</span> <span class='ocrx_word' id='word_1_711' title='bbox 2432 3610 2742 3681; x_wconf 77' lang='grc' dir='ltr'>βλάσφημα.</span> <span class='ocrx_word' id='word_1_712' title='bbox 2783 3612 2936 3682; x_wconf 87' lang='grc' dir='ltr'>Ἔχει</span> <span class='ocrx_word' id='word_1_713' title='bbox 2968 3613 3024 3664; x_wconf 80' lang='grc' dir='ltr'>δὲ</span> <span class='ocrx_word' id='word_1_714' title='bbox 3058 3612 3229 3675; x_wconf 68' lang='grc' dir='ltr'>οὕτως</span> <span class='ocrx_word' id='word_1_715' title='bbox 3260 3616 3292 3682; x_wconf 75' lang='grc' dir='ltr'>ἡ</span> <span class='ocrx_word' id='word_1_716' title='bbox 3332 3614 3639 3677; x_wconf 71' lang='grc' dir='ltr'>λέξιςοἍῖε</span> <span class='ocrx_word' id='word_1_717' title='bbox 3672 3614 3772 3680; x_wconf 63' lang='grc' dir='ltr'>δὴ,</span> 
     </span>
    </p>
   </div>
   <div class='ocr_carea' id='block_1_96' title="bbox 2185 3699 3773 3770">
    <p class='ocr_par' dir='ltr' id='par_1_96' title="bbox 2185 3699 3773 3770">
     <span class='ocr_line' id='line_1_96' title="bbox 2185 3699 3773 3770; baseline 0.004 -20"><span class='ocrx_word' id='word_1_718' title='bbox 2185 3699 2339 3768; x_wconf 77' lang='grc' dir='ltr'>φησὶ,</span> <span class='ocrx_word' id='word_1_719' title='bbox 2366 3699 2519 3767; x_wconf 76' lang='grc' dir='ltr'>μήτε</span> <span class='ocrx_word' id='word_1_720' title='bbox 2572 3700 2684 3767; x_wconf 79' lang='grc' dir='ltr'>τῆς</span> <span class='ocrx_word' id='word_1_721' title='bbox 2724 3702 3117 3769; x_wconf 60' lang='grc' dir='ltr'>γειψηθείσης</span> <span class='ocrx_word' id='word_1_722' title='bbox 3176 3705 3390 3768; x_wconf 70' lang='grc' dir='ltr'>οὐσίας</span> <span class='ocrx_word' id='word_1_723' title='bbox 3438 3703 3613 3770; x_wconf 79' lang='grc' dir='ltr'>ἑτέρῳ</span> <span class='ocrx_word' id='word_1_724' title='bbox 3657 3706 3773 3757; x_wconf 72' lang='grc' dir='ltr'>τινὶ</span> 
     </span>
    </p>
   </div>
   <div class='ocr_carea' id='block_1_97' title="bbox 2185 3788 3776 3862">
    <p class='ocr_par' dir='ltr' id='par_1_97' title="bbox 2185 3788 3776 3862">
     <span class='ocr_line' id='line_1_97' title="bbox 2185 3788 3776 3862; baseline 0.004 -21"><span class='ocrx_word' id='word_1_725' title='bbox 2185 3788 2385 3857; x_wconf 76' lang='grc' dir='ltr'>χώραν</span> <span class='ocrx_word' id='word_1_726' title='bbox 2424 3794 2511 3856; x_wconf 83' lang='grc' dir='ltr'>εὶς</span> <span class='ocrx_word' id='word_1_727' title='bbox 2543 3791 2863 3843; x_wconf 67' lang='grc' dir='ltr'>κοινωνίαν</span> <span class='ocrx_word' id='word_1_728' title='bbox 2895 3795 3395 3859; x_wconf 59' lang='grc' dir='ltr'>καταλειπούσης.</span> <span class='ocrx_word' id='word_1_729' title='bbox 3438 3794 3776 3862; x_wconf 72' lang='grc' dir='ltr'>μονογενὴς</span> 
     </span>
    </p>
   </div>
   <div class='ocr_carea' id='block_1_98' title="bbox 2183 3880 3776 3953">
    <p class='ocr_par' dir='ltr' id='par_1_98' title="bbox 2183 3880 3776 3953">
     <span class='ocr_line' id='line_1_98' title="bbox 2183 3880 3776 3953; baseline -0.015 -14"><span class='ocrx_word' id='word_1_730' title='bbox 2183 3882 2313 3951; x_wconf 64' lang='grc' dir='ltr'>Τίῳ,</span> <span class='ocrx_word' id='word_1_731' title='bbox 2340 3882 2493 3951; x_wconf 79' lang='grc' dir='ltr'>μήτε</span> <span class='ocrx_word' id='word_1_732' title='bbox 2528 3880 2636 3948; x_wconf 79' lang='grc' dir='ltr'>τῆς</span> <span class='ocrx_word' id='word_1_733' title='bbox 2681 3883 2786 3934; x_wconf 82' lang='grc' dir='ltr'>τοῦ</span> <span class='ocrx_word' id='word_1_734' title='bbox 2824 3882 3189 3949; x_wconf 69' lang='grc' dir='ltr'>ποιήσαι-τος</span> <span class='ocrx_word' id='word_1_735' title='bbox 3231 3886 3530 3953; x_wconf 69' lang='grc' dir='ltr'><strong>ἐνεργείας</strong></span> <span class='ocrx_word' id='word_1_736' title='bbox 3568 3885 3776 3953; x_wconf 62' lang='grc' dir='ltr'><em>κοινῆς</em></span> 
     </span>
    </p>
   </div>
   <div class='ocr_carea' id='block_1_99' title="bbox 2184 3974 3773 4048">
    <p class='ocr_par' dir='ltr' id='par_1_99' title="bbox 2184 3974 3773 4048">
     <span class='ocr_line' id='line_1_99' title="bbox 2184 3974 3773 4048; baseline 0.003 -21"><span class='ocrx_word' id='word_1_737' title='bbox 2184 3974 2612 4043; x_wconf 67' lang='grc' dir='ltr'>θεωρουμὲφής.</span> <span class='ocrx_word' id='word_1_738' title='bbox 2650 3976 2713 4026; x_wconf 84' lang='grc' dir='ltr'>Ὢ</span> <span class='ocrx_word' id='word_1_739' title='bbox 2774 3976 2871 4045; x_wconf 71' lang='grc' dir='ltr'>τῆς</span> <span class='ocrx_word' id='word_1_740' title='bbox 2930 3975 3167 4045; x_wconf 75' lang='grc' dir='ltr'>ὖὸρεωςῐ</span> <span class='ocrx_word' id='word_1_741' title='bbox 3214 3977 3289 4039; x_wconf 84' lang='grc' dir='ltr'>ὡς</span> <span class='ocrx_word' id='word_1_742' title='bbox 3364 3980 3420 4029; x_wconf 85' lang='grc' dir='ltr'><strong>ἐν</strong></span> <span class='ocrx_word' id='word_1_743' title='bbox 3472 3978 3683 4047; x_wconf 76' lang='grc' dir='ltr'>ἀλόγοις</span> <span class='ocrx_word' id='word_1_744' title='bbox 3739 3980 3773 4048; x_wconf 78' lang='grc' dir='ltr'>ἦ</span> 
     </span>
    </p>
   </div>
   <div class='ocr_carea' id='block_1_100' title="bbox 3689 4070 3775 4109">
    <p class='ocr_par' dir='ltr' id='par_1_100' title="bbox 3689 4070 3775 4109">
     <span class='ocr_line' id='line_1_100' title="bbox 3689 4070 3742 4098; baseline 0 -10"><span class='ocrx_word' id='word_1_745' title='bbox 3689 4070 3742 4098; x_wconf 68' lang='lat' dir='ltr'><strong>:r</strong></span> 
     </span>
     <span class='ocr_line' id='line_1_101' title="bbox 3689 4091 3775 4109; baseline 0.023 -2"><span class='ocrx_word' id='word_1_746' title='bbox 3689 4091 3775 4109; x_wconf 63' lang='grc'><strong>...-</strong></span> 
     </span>
    </p>
   </div>
   <div class='ocr_carea' id='block_1_101' title="bbox 2183 4063 3742 4136">
    <p class='ocr_par' dir='ltr' id='par_1_101' title="bbox 2183 4063 3742 4136">
     <span class='ocr_line' id='line_1_102' title="bbox 2183 4063 3742 4136; baseline 0.002 -18"><span class='ocrx_word' id='word_1_747' title='bbox 2183 4066 2430 4135; x_wconf 86' lang='grc' dir='ltr'>ἀνοήτοις</span> <span class='ocrx_word' id='word_1_748' title='bbox 2462 4067 2810 4136; x_wconf 77' lang='grc' dir='ltr'>δημηγορῶν,</span> <span class='ocrx_word' id='word_1_749' title='bbox 2843 4063 2920 4130; x_wconf 72' lang='grc' dir='ltr'>οἷς</span> <span class='ocrx_word' id='word_1_750' title='bbox 2974 4068 3071 4120; x_wconf 85' lang='grc' dir='ltr'><strong>οὑκ</strong></span> <span class='ocrx_word' id='word_1_751' title='bbox 3109 4068 3221 4121; x_wconf 79' lang='grc' dir='ltr'>ἔστι</span> <span class='ocrx_word' id='word_1_752' title='bbox 3272 4068 3505 4132; x_wconf 87' lang='grc' dir='ltr'>σύνεσις,</span> <span class='ocrx_word' id='word_1_753' title='bbox 3539 4074 3654 4122; x_wconf 79' lang='grc' dir='ltr'>κατ’</span> <span class='ocrx_word' id='word_1_754' title='bbox 3686 4070 3742 4134; x_wconf 80' lang='grc' dir='ltr'>ἐξ</span> 
     </span>
    </p>
   </div>
   <div class='ocr_carea' id='block_1_102' title="bbox 2183 4158 3776 4233">
    <p class='ocr_par' dir='ltr' id='par_1_102' title="bbox 2183 4158 3776 4233">
     <span class='ocr_line' id='line_1_103' title="bbox 2183 4158 3776 4233; baseline 0.004 -25"><span class='ocrx_word' id='word_1_755' title='bbox 2183 4158 2370 4209; x_wconf 82' lang='grc' dir='ltr'>ουσίαν</span> <span class='ocrx_word' id='word_1_756' title='bbox 2401 4158 2487 4209; x_wconf 80' lang='grc' dir='ltr'><strong>διὰ</strong></span> <span class='ocrx_word' id='word_1_757' title='bbox 2525 4158 2631 4211; x_wconf 76' lang='grc' dir='ltr'><strong>τῶν</strong></span> <span class='ocrx_word' id='word_1_758' title='bbox 2658 4159 2916 4211; x_wconf 76' lang='grc' dir='ltr'>ἐναντίων</span> <span class='ocrx_word' id='word_1_759' title='bbox 2952 4160 3201 4230; x_wconf 75' lang='grc' dir='ltr'>περιάγει</span> <span class='ocrx_word' id='word_1_760' title='bbox 3234 4162 3321 4213; x_wconf 79' lang='grc' dir='ltr'>τὸν</span> <span class='ocrx_word' id='word_1_761' title='bbox 3356 4162 3539 4229; x_wconf 83' lang='grc' dir='ltr'>λόγον·</span> <span class='ocrx_word' id='word_1_762' title='bbox 3576 4164 3776 4233; x_wconf 78' lang='grc' dir='ltr'>μᾶλλον</span> 
     </span>
    </p>
   </div>
   <div class='ocr_carea' id='block_1_103' title="bbox 2182 4252 3777 4323">
    <p class='ocr_par' dir='ltr' id='par_1_103' title="bbox 2182 4252 3777 4323">
     <span class='ocr_line' id='line_1_104' title="bbox 2182 4252 3777 4323; baseline 0.003 -19"><span class='ocrx_word' id='word_1_763' title='bbox 2182 4253 2238 4304; x_wconf 78' lang='grc' dir='ltr'><strong>δὲ</strong></span> <span class='ocrx_word' id='word_1_764' title='bbox 2273 4252 2464 4305; x_wconf 74' lang='grc' dir='ltr'>ταύτὸν</span> <span class='ocrx_word' id='word_1_765' title='bbox 2494 4253 2688 4321; x_wconf 83' lang='grc' dir='ltr'>πάσχει</span> <span class='ocrx_word' id='word_1_766' title='bbox 2722 4255 2832 4313; x_wconf 83' lang='grc' dir='ltr'>τοῖς</span> <span class='ocrx_word' id='word_1_767' title='bbox 2866 4253 3247 4322; x_wconf 81' lang='grc' dir='ltr'>ἐστερημένοις</span> <span class='ocrx_word' id='word_1_768' title='bbox 3286 4254 3395 4307; x_wconf 76' lang='grc' dir='ltr'>τῶν</span> <span class='ocrx_word' id='word_1_769' title='bbox 3426 4254 3619 4323; x_wconf 63' lang='grc' dir='ltr'>ὄψεων,</span> <span class='ocrx_word' id='word_1_770' title='bbox 3655 4257 3777 4309; x_wconf 76' lang='grc' dir='ltr'>ἐπεὶ</span> 
     </span>
    </p>
   </div>
   <div class='ocr_carea' id='block_1_104' title="bbox 2182 4341 3777 4413">
    <p class='ocr_par' dir='ltr' id='par_1_104' title="bbox 2182 4341 3777 4413">
     <span class='ocr_line' id='line_1_105' title="bbox 2182 4341 3777 4413; baseline 0 -18"><span class='ocrx_word' id='word_1_771' title='bbox 2182 4344 2421 4395; x_wconf 80' lang='grc' dir='ltr'>κάκεῖνοι</span> <span class='ocrx_word' id='word_1_772' title='bbox 2458 4342 2713 4405; x_wconf 79' lang='grc' dir='ltr'>πολλάκις</span> <span class='ocrx_word' id='word_1_773' title='bbox 2747 4345 2803 4394; x_wconf 87' lang='grc' dir='ltr'><strong>ἐν</strong></span> <span class='ocrx_word' id='word_1_774' title='bbox 2829 4341 3129 4411; x_wconf 75' lang='grc' dir='ltr'>ὀφθαλμοῖς</span> <span class='ocrx_word' id='word_1_775' title='bbox 3155 4344 3263 4397; x_wconf 84' lang='grc' dir='ltr'><strong>τῶν</strong></span> <span class='ocrx_word' id='word_1_776' title='bbox 3293 4344 3593 4413; x_wconf 76' lang='grc' dir='ltr'>βλεπόντων</span> <span class='ocrx_word' id='word_1_777' title='bbox 3613 4346 3777 4413; x_wconf 80' lang='grc' dir='ltr'>ἀσχη-</span> 
     </span>
    </p>
   </div>
   <div class='ocr_carea' id='block_1_105' title="bbox 2187 4434 3774 4507">
    <p class='ocr_par' dir='ltr' id='par_1_105' title="bbox 2187 4434 3774 4507">
     <span class='ocr_line' id='line_1_106' title="bbox 2187 4434 3774 4507; baseline 0.003 -21"><span class='ocrx_word' id='word_1_778' title='bbox 2187 4436 2435 4504; x_wconf 73' lang='grc' dir='ltr'>μονοῦσι·</span> <span class='ocrx_word' id='word_1_779' title='bbox 2493 4436 2579 4488; x_wconf 74' lang='grc' dir='ltr'><strong>διὰ</strong></span> <span class='ocrx_word' id='word_1_780' title='bbox 2627 4436 2687 4487; x_wconf 79' lang='grc' dir='ltr'>τὸ</span> <span class='ocrx_word' id='word_1_781' title='bbox 2746 4434 2818 4505; x_wconf 80' lang='grc' dir='ltr'>μὴ</span> <span class='ocrx_word' id='word_1_782' title='bbox 2877 4434 3092 4502; x_wconf 84' lang='grc' dir='ltr'>βλέπειν</span> <span class='ocrx_word' id='word_1_783' title='bbox 3146 4436 3321 4496; x_wconf 76' lang='grc' dir='ltr'>αὐτοὶ,</span> <span class='ocrx_word' id='word_1_784' title='bbox 3364 4437 3497 4507; x_wconf 83' lang='grc' dir='ltr'>μηδὲ</span> <span class='ocrx_word' id='word_1_785' title='bbox 3544 4437 3774 4507; x_wconf 73' lang='grc' dir='ltr'>ὁρᾶσθαι</span> 
     </span>
    </p>
   </div>
   <div class='ocr_carea' id='block_1_106' title="bbox 2116 4504 3774 4597">
    <p class='ocr_par' dir='ltr' id='par_1_106' title="bbox 2116 4504 3774 4597">
     <span class='ocr_line' id='line_1_107' title="bbox 2116 4504 3774 4597; baseline 0 -18"><span class='ocrx_word' id='word_1_786' title='bbox 2116 4504 2156 4558; x_wconf 78' lang='lat' dir='ltr'>D</span> <span class='ocrx_word' id='word_1_787' title='bbox 2183 4528 2581 4595; x_wconf 71' lang='grc' dir='ltr'>ὑποτιθέμενοι.</span> <span class='ocrx_word' id='word_1_788' title='bbox 2632 4526 2788 4589; x_wconf 87' lang='grc' dir='ltr'>Τίνος</span> <span class='ocrx_word' id='word_1_789' title='bbox 2829 4527 2936 4597; x_wconf 75' lang='grc' dir='ltr'><strong>γὰρ</strong></span> <span class='ocrx_word' id='word_1_790' title='bbox 2991 4528 3090 4579; x_wconf 81' lang='grc' dir='ltr'><strong>οὑκ</strong></span> <span class='ocrx_word' id='word_1_791' title='bbox 3144 4528 3258 4580; x_wconf 79' lang='grc' dir='ltr'>ἔστι</span> <span class='ocrx_word' id='word_1_792' title='bbox 3308 4528 3537 4580; x_wconf 82' lang='grc' dir='ltr'>συνιδεῖν</span> <span class='ocrx_word' id='word_1_793' title='bbox 3581 4530 3676 4595; x_wconf 78' lang='grc' dir='ltr'><strong>τὴν</strong></span> <span class='ocrx_word' id='word_1_794' title='bbox 3716 4530 3774 4579; x_wconf 83' lang='grc' dir='ltr'><strong>ἐν</strong></span> 
     </span>
    </p>
   </div>
   <div class='ocr_carea' id='block_1_107' title="bbox 2180 4618 3773 4690">
    <p class='ocr_par' dir='ltr' id='par_1_107' title="bbox 2180 4618 3773 4690">
     <span class='ocr_line' id='line_1_108' title="bbox 2180 4618 3773 4690; baseline 0.001 -19"><span class='ocrx_word' id='word_1_795' title='bbox 2180 4623 2291 4682; x_wconf 64' lang='grc' dir='ltr'>τιν-ἴς</span> <span class='ocrx_word' id='word_1_796' title='bbox 2323 4620 2630 4689; x_wconf 74' lang='grc' dir='ltr'>εἰρημένοις</span> <span class='ocrx_word' id='word_1_797' title='bbox 2662 4620 3040 4689; x_wconf 85' lang='grc' dir='ltr'>ἐναντιότητα;</span> <span class='ocrx_word' id='word_1_798' title='bbox 3077 4620 3173 4671; x_wconf 68' lang='grc' dir='ltr'><strong>Διὰ</strong></span> <span class='ocrx_word' id='word_1_799' title='bbox 3202 4620 3259 4671; x_wconf 86' lang='grc' dir='ltr'><strong>τὸ</strong></span> <span class='ocrx_word' id='word_1_800' title='bbox 3292 4618 3634 4689; x_wconf 79' lang='grc' dir='ltr'>γεννηθῆναι,</span> <span class='ocrx_word' id='word_1_801' title='bbox 3667 4638 3773 4690; x_wconf 78' lang='grc' dir='ltr'><strong>φη-</strong></span> 
     </span>
    </p>
   </div>
   <div class='ocr_carea' id='block_1_108' title="bbox 2184 4708 3774 4780">
    <p class='ocr_par' dir='ltr' id='par_1_108' title="bbox 2184 4708 3774 4780">
     <span class='ocr_line' id='line_1_109' title="bbox 2184 4708 3774 4780; baseline 0.003 -20"><span class='ocrx_word' id='word_1_802' title='bbox 2184 4709 2290 4773; x_wconf 73' lang='grc' dir='ltr'>σὶν,</span> <span class='ocrx_word' id='word_1_803' title='bbox 2327 4713 2359 4780; x_wconf 81' lang='grc' dir='ltr'>ἡ</span> <span class='ocrx_word' id='word_1_804' title='bbox 2410 4711 2567 4763; x_wconf 85' lang='grc' dir='ltr'>οὑσία</span> <span class='ocrx_word' id='word_1_805' title='bbox 2601 4708 2781 4780; x_wconf 80' lang='grc' dir='ltr'>χώραν</span> <span class='ocrx_word' id='word_1_806' title='bbox 2832 4712 2910 4772; x_wconf 80' lang='grc' dir='ltr'>εἰς</span> <span class='ocrx_word' id='word_1_807' title='bbox 2957 4710 3237 4763; x_wconf 86' lang='grc' dir='ltr'>κοινωνίαν</span> <span class='ocrx_word' id='word_1_808' title='bbox 3280 4712 3482 4778; x_wconf 79' lang='grc' dir='ltr'>ἑτέροις</span> <span class='ocrx_word' id='word_1_809' title='bbox 3511 4715 3570 4763; x_wconf 80' lang='grc' dir='ltr'><strong>οὑ</strong></span> <span class='ocrx_word' id='word_1_810' title='bbox 3604 4729 3774 4764; x_wconf 85' lang='grc' dir='ltr'>κατα-</span> 
     </span>
    </p>
   </div>
   <div class='ocr_carea' id='block_1_109' title="bbox 2183 4798 3775 4868">
    <p class='ocr_par' dir='ltr' id='par_1_109' title="bbox 2183 4798 3775 4868">
     <span class='ocr_line' id='line_1_110' title="bbox 2183 4798 3775 4868; baseline 0.003 -19"><span class='ocrx_word' id='word_1_811' title='bbox 2183 4798 2390 4850; x_wconf 80' lang='grc' dir='ltr'>λείπει·</span> <span class='ocrx_word' id='word_1_812' title='bbox 2438 4799 2729 4868; x_wconf 74' lang='grc' dir='ltr'>μονογενὴς</span> <span class='ocrx_word' id='word_1_813' title='bbox 2772 4798 2914 4866; x_wconf 76' lang='grc' dir='ltr'>γάρ’</span> <span class='ocrx_word' id='word_1_814' title='bbox 2964 4801 3058 4850; x_wconf 77' lang='grc' dir='ltr'>καὶ</span> <span class='ocrx_word' id='word_1_815' title='bbox 3098 4799 3254 4851; x_wconf 74' lang='grc' dir='ltr'>τοῦτο</span> <span class='ocrx_word' id='word_1_816' title='bbox 3299 4800 3465 4854; x_wconf 80' lang='grc' dir='ltr'>εἰπὼν</span> <span class='ocrx_word' id='word_1_817' title='bbox 3505 4800 3581 4863; x_wconf 85' lang='grc' dir='ltr'>ὡς</span> <span class='ocrx_word' id='word_1_818' title='bbox 3636 4804 3775 4855; x_wconf 75' lang='grc' dir='ltr'>κατὰ</span> 
     </span>
    </p>
   </div>
   <div class='ocr_carea' id='block_1_110' title="bbox 2183 4891 3771 4964">
    <p class='ocr_par' dir='ltr' id='par_1_110' title="bbox 2183 4891 3771 4964">
     <span class='ocr_line' id='line_1_111' title="bbox 2183 4891 3771 4964; baseline 0.002 -21"><span class='ocrx_word' id='word_1_819' title='bbox 2183 4893 2456 4962; x_wconf 73' lang='grc' dir='ltr'>ἀλήθειαν,</span> <span class='ocrx_word' id='word_1_820' title='bbox 2484 4893 2515 4961; x_wconf 86' lang='grc' dir='ltr'>ἣ</span> <span class='ocrx_word' id='word_1_821' title='bbox 2548 4892 2620 4961; x_wconf 82' lang='grc' dir='ltr'>μὴ</span> <span class='ocrx_word' id='word_1_822' title='bbox 2653 4891 2864 4959; x_wconf 78' lang='grc' dir='ltr'>βλέπων</span> <span class='ocrx_word' id='word_1_823' title='bbox 2890 4891 3071 4953; x_wconf 72' lang='grc' dir='ltr'>αὑτὸς,</span> <span class='ocrx_word' id='word_1_824' title='bbox 3097 4893 3128 4962; x_wconf 79' lang='grc' dir='ltr'><strong>ἢ</strong></span> <span class='ocrx_word' id='word_1_825' title='bbox 3166 4893 3239 4962; x_wconf 84' lang='grc' dir='ltr'>μὴ</span> <span class='ocrx_word' id='word_1_826' title='bbox 3268 4892 3500 4961; x_wconf 79' lang='grc' dir='ltr'>νομίζων</span> <span class='ocrx_word' id='word_1_827' title='bbox 3521 4895 3771 4964; x_wconf 70' lang='grc' dir='ltr'>ὁρᾶσθαι,</span> 
     </span>
    </p>
   </div>
   <div class='ocr_carea' id='block_1_111' title="bbox 2182 4981 3774 5052">
    <p class='ocr_par' dir='ltr' id='par_1_111' title="bbox 2182 4981 3774 5052">
     <span class='ocr_line' id='line_1_112' title="bbox 2182 4981 3774 5052; baseline 0.002 -19"><span class='ocrx_word' id='word_1_828' title='bbox 2182 4982 2250 5034; x_wconf 71' lang='grc' dir='ltr'>τὰ</span> <span class='ocrx_word' id='word_1_829' title='bbox 2299 4982 2565 5052; x_wconf 86' lang='grc' dir='ltr'>μηδεμίαν</span> <span class='ocrx_word' id='word_1_830' title='bbox 2610 4982 2794 5051; x_wconf 69' lang='grc' dir='ltr'>ἔχοντα</span> <span class='ocrx_word' id='word_1_831' title='bbox 2853 4982 3135 5034; x_wconf 85' lang='grc' dir='ltr'>κοινωνίαν</span> <span class='ocrx_word' id='word_1_832' title='bbox 3179 4981 3254 5043; x_wconf 84' lang='grc' dir='ltr'>ὡς</span> <span class='ocrx_word' id='word_1_833' title='bbox 3299 4982 3614 5051; x_wconf 81' lang='grc' dir='ltr'>στοιχοῦντα</span> <span class='ocrx_word' id='word_1_834' title='bbox 3662 4988 3774 5046; x_wconf 86' lang='grc' dir='ltr'>τοῖς</span> 
     </span>
    </p>
   </div>
   <div class='ocr_carea' id='block_1_112' title="bbox 2184 5072 3773 5145">
    <p class='ocr_par' dir='ltr' id='par_1_112' title="bbox 2184 5072 3773 5145">
     <span class='ocr_line' id='line_1_113' title="bbox 2184 5072 3773 5145; baseline 0.003 -21"><span class='ocrx_word' id='word_1_835' title='bbox 2184 5074 2490 5144; x_wconf 81' lang='grc' dir='ltr'>εἰρημένοις</span> <span class='ocrx_word' id='word_1_836' title='bbox 2542 5074 2897 5145; x_wconf 73' lang='grc' dir='ltr'>προστίθησι,</span> <span class='ocrx_word' id='word_1_837' title='bbox 2956 5077 3021 5143; x_wconf 83' lang='grc' dir='ltr'>τῇ</span> <span class='ocrx_word' id='word_1_838' title='bbox 3071 5072 3165 5125; x_wconf 74' lang='grc' dir='ltr'>τοῦ</span> <span class='ocrx_word' id='word_1_839' title='bbox 3206 5074 3544 5141; x_wconf 77' lang='grc' dir='ltr'>Μονογενοῦς</span> <span class='ocrx_word' id='word_1_840' title='bbox 3612 5078 3773 5141; x_wconf 68' lang='grc' dir='ltr'>οὐσίᾳ</span> 
     </span>
    </p>
   </div>
   <div class='ocr_carea' id='block_1_113' title="bbox 2184 5167 3773 5239">
    <p class='ocr_par' dir='ltr' id='par_1_113' title="bbox 2184 5167 3773 5239">
     <span class='ocr_line' id='line_1_114' title="bbox 2184 5167 3773 5239; baseline 0 -21"><span class='ocrx_word' id='word_1_841' title='bbox 2184 5168 2282 5236; x_wconf 78' lang='grc' dir='ltr'><strong>τὴν</strong></span> <span class='ocrx_word' id='word_1_842' title='bbox 2338 5167 2429 5218; x_wconf 74' lang='grc' dir='ltr'>τοῦ</span> <span class='ocrx_word' id='word_1_843' title='bbox 2476 5167 2832 5239; x_wconf 71' lang='grc' dir='ltr'>πεποιηκότος</span> <span class='ocrx_word' id='word_1_844' title='bbox 2872 5170 3153 5238; x_wconf 76' lang='grc' dir='ltr'>ἐνέργειαν</span> <span class='ocrx_word' id='word_1_845' title='bbox 3197 5167 3537 5236; x_wconf 62' lang='grc' dir='ltr'>ἐφαρμόσας.</span> <span class='ocrx_word' id='word_1_846' title='bbox 3584 5168 3641 5219; x_wconf 88' lang='grc' dir='ltr'>Ὀ</span> <span class='ocrx_word' id='word_1_847' title='bbox 3670 5169 3773 5237; x_wconf 64' lang='grc' dir='ltr'><strong>γὰρ</strong></span> 
     </span>
    </p>
   </div>
   <div class='ocr_carea' id='block_1_114' title="bbox 2185 5258 3775 5329">
    <p class='ocr_par' dir='ltr' id='par_1_114' title="bbox 2185 5258 3775 5329">
     <span class='ocr_line' id='line_1_115' title="bbox 2185 5258 3775 5329; baseline -0.002 -20"><span class='ocrx_word' id='word_1_848' title='bbox 2185 5258 2460 5327; x_wconf 67' lang='grc' dir='ltr'>γεννηθεὶς</span> <span class='ocrx_word' id='word_1_849' title='bbox 2515 5259 2650 5329; x_wconf 76' lang='grc' dir='ltr'>πρὸς</span> <span class='ocrx_word' id='word_1_850' title='bbox 2700 5259 2790 5310; x_wconf 72' lang='grc' dir='ltr'><strong>τὸν</strong></span> <span class='ocrx_word' id='word_1_851' title='bbox 2839 5259 3222 5327; x_wconf 76' lang='grc' dir='ltr'>γεγεννηκότα,</span> <span class='ocrx_word' id='word_1_852' title='bbox 3264 5259 3359 5311; x_wconf 71' lang='grc' dir='ltr'><strong>καὶ</strong></span> <span class='ocrx_word' id='word_1_853' title='bbox 3404 5260 3431 5310; x_wconf 87' lang='grc' dir='ltr'>ὀ</span> <span class='ocrx_word' id='word_1_854' title='bbox 3474 5258 3775 5327; x_wconf 66' lang='grc' dir='ltr'>Μονογενὴς</span> 
     </span>
    </p>
   </div>
   <div class='ocr_carea' id='block_1_115' title="bbox 2186 5349 3775 5420">
    <p class='ocr_par' dir='ltr' id='par_1_115' title="bbox 2186 5349 3775 5420">
     <span class='ocr_line' id='line_1_116' title="bbox 2186 5349 3775 5420; baseline -0.003 -18"><span class='ocrx_word' id='word_1_855' title='bbox 2186 5350 2320 5419; x_wconf 74' lang='grc' dir='ltr'>πρὸς</span> <span class='ocrx_word' id='word_1_856' title='bbox 2364 5350 2453 5401; x_wconf 72' lang='grc' dir='ltr'>τὸν</span> <span class='ocrx_word' id='word_1_857' title='bbox 2495 5351 2715 5420; x_wconf 79' lang='grc' dir='ltr'>Πατέρα</span> <span class='ocrx_word' id='word_1_858' title='bbox 2774 5350 2916 5403; x_wconf 79' lang='grc' dir='ltr'>κατὰ</span> <span class='ocrx_word' id='word_1_859' title='bbox 2964 5350 3025 5402; x_wconf 80' lang='grc' dir='ltr'>τὸ</span> <span class='ocrx_word' id='word_1_860' title='bbox 3073 5349 3361 5402; x_wconf 76' lang='grc' dir='ltr'>ἀκόλουθον</span> <span class='ocrx_word' id='word_1_861' title='bbox 3409 5349 3625 5411; x_wconf 86' lang='grc' dir='ltr'>πάντως</span> 
     </span>
    </p>
   </div>
   <div class='ocr_carea' id='block_1_116' title="bbox 2183 5441 3773 5513">
    <p class='ocr_par' dir='ltr' id='par_1_116' title="bbox 2183 5441 3773 5513">
     <span class='ocr_line' id='line_1_117' title="bbox 2183 5441 3773 5513; baseline -0.003 -18"><span class='ocrx_word' id='word_1_862' title='bbox 2183 5442 2458 5513; x_wconf 72' lang='grc' dir='ltr'>ἀναφορὰν</span> <span class='ocrx_word' id='word_1_863' title='bbox 2498 5442 2631 5512; x_wconf 77' lang='grc' dir='ltr'>ἔχει·</span> <span class='ocrx_word' id='word_1_864' title='bbox 2659 5444 2752 5494; x_wconf 75' lang='grc' dir='ltr'><strong>καὶ</strong></span> <span class='ocrx_word' id='word_1_865' title='bbox 2797 5443 2933 5512; x_wconf 71' lang='grc' dir='ltr'>πρὸς</span> <span class='ocrx_word' id='word_1_866' title='bbox 2980 5442 3078 5511; x_wconf 76' lang='grc' dir='ltr'><strong>τὴν</strong></span> <span class='ocrx_word' id='word_1_867' title='bbox 3137 5441 3391 5511; x_wconf 80' lang='grc' dir='ltr'>ἀλήθειαν</span> <span class='ocrx_word' id='word_1_868' title='bbox 3444 5441 3675 5511; x_wconf 79' lang='grc' dir='ltr'>βλέπων,</span> <span class='ocrx_word' id='word_1_869' title='bbox 3712 5441 3773 5491; x_wconf 81' lang='grc' dir='ltr'><strong>ού</strong></span> 
     </span>
    </p>
   </div>
   <div class='ocr_carea' id='block_1_117' title="bbox 2184 5531 3773 5605">
    <p class='ocr_par' dir='ltr' id='par_1_117' title="bbox 2184 5531 3773 5605">
     <span class='ocr_line' id='line_1_118' title="bbox 2184 5531 3773 5605; baseline -0.004 -18"><span class='ocrx_word' id='word_1_870' title='bbox 2184 5535 2543 5605; x_wconf 70' lang='grc' dir='ltr'>πεποιηκότος</span> <span class='ocrx_word' id='word_1_871' title='bbox 2572 5534 2870 5604; x_wconf 78' lang='grc' dir='ltr'>ἐνέργειαν,</span> <span class='ocrx_word' id='word_1_872' title='bbox 2914 5534 3050 5587; x_wconf 79' lang='grc' dir='ltr'>ἀλλὰ</span> <span class='ocrx_word' id='word_1_873' title='bbox 3100 5534 3455 5603; x_wconf 80' lang='grc' dir='ltr'>γεννήσαντος</span> <span class='ocrx_word' id='word_1_874' title='bbox 3504 5531 3665 5599; x_wconf 79' lang='grc' dir='ltr'>φύσιν</span> <span class='ocrx_word' id='word_1_875' title='bbox 3717 5532 3773 5581; x_wconf 83' lang='grc' dir='ltr'><strong>ἐν</strong></span> 
     </span>
    </p>
   </div>
   <div class='ocr_carea' id='block_1_118' title="bbox 2184 5620 3774 5697">
    <p class='ocr_par' dir='ltr' id='par_1_118' title="bbox 2184 5620 3774 5697">
     <span class='ocr_line' id='line_1_119' title="bbox 2184 5620 3774 5697; baseline -0.004 -19"><span class='ocrx_word' id='word_1_876' title='bbox 2184 5629 2247 5697; x_wconf 80' lang='grc' dir='ltr'>τῇ</span> <span class='ocrx_word' id='word_1_877' title='bbox 2279 5626 2372 5678; x_wconf 79' lang='grc' dir='ltr'><strong>τοῦ</strong></span> <span class='ocrx_word' id='word_1_878' title='bbox 2405 5624 2535 5678; x_wconf 85' lang='grc' dir='ltr'>Υἱοῦ</span> <span class='ocrx_word' id='word_1_879' title='bbox 2566 5624 2761 5695; x_wconf 80' lang='grc' dir='ltr'>Θεωρεῑ</span> <span class='ocrx_word' id='word_1_880' title='bbox 2792 5625 3091 5695; x_wconf 76' lang='grc' dir='ltr'>συστοιχίᾳ,</span> <span class='ocrx_word' id='word_1_881' title='bbox 3134 5626 3191 5676; x_wconf 91' lang='grc' dir='ltr'><strong>Ὀ</strong></span> <span class='ocrx_word' id='word_1_882' title='bbox 3221 5625 3277 5677; x_wconf 87' lang='grc' dir='ltr'><strong>δέ</strong></span> <span class='ocrx_word' id='word_1_883' title='bbox 3311 5622 3562 5693; x_wconf 78' lang='grc' dir='ltr'>καθάπερ</span> <span class='ocrx_word' id='word_1_884' title='bbox 3592 5620 3774 5691; x_wconf 78' lang='grc' dir='ltr'>φυτῶν</span> 
     </span>
    </p>
   </div>
   <div class='ocr_carea' id='block_1_119' title="bbox 2184 5713 3774 5787">
    <p class='ocr_par' dir='ltr' id='par_1_119' title="bbox 2184 5713 3774 5787">
     <span class='ocr_line' id='line_1_120' title="bbox 2184 5713 3774 5787; baseline -0.006 -17"><span class='ocrx_word' id='word_1_885' title='bbox 2184 5718 2216 5787; x_wconf 81' lang='grc' dir='ltr'>ἢ</span> <span class='ocrx_word' id='word_1_886' title='bbox 2256 5718 2616 5787; x_wconf 84' lang='grc' dir='ltr'>σπερμάτων,</span> <span class='ocrx_word' id='word_1_887' title='bbox 2652 5717 2684 5787; x_wconf 71' lang='grc' dir='ltr'>ἦ</span> <span class='ocrx_word' id='word_1_888' title='bbox 2727 5734 2869 5780; x_wconf 89' lang='grc' dir='ltr'>τινος</span> <span class='ocrx_word' id='word_1_889' title='bbox 2917 5716 3077 5769; x_wconf 78' lang='grc' dir='ltr'>ἄλλον</span> <span class='ocrx_word' id='word_1_890' title='bbox 3121 5715 3227 5769; x_wconf 79' lang='grc' dir='ltr'><strong>τῶν</strong></span> <span class='ocrx_word' id='word_1_891' title='bbox 3274 5716 3415 5769; x_wconf 75' lang='grc' dir='ltr'>κατὰ</span> <span class='ocrx_word' id='word_1_892' title='bbox 3459 5713 3557 5784; x_wconf 76' lang='grc' dir='ltr'>τὴν</span> <span class='ocrx_word' id='word_1_893' title='bbox 3598 5713 3774 5765; x_wconf 85' lang='grc' dir='ltr'>κτίσιν</span> 
     </span>
    </p>
   </div>
   <div class='ocr_carea' id='block_1_120' title="bbox 2189 5805 3771 5881">
    <p class='ocr_par' dir='ltr' id='par_1_120' title="bbox 2189 5805 3771 5881">
     <span class='ocr_line' id='line_1_121' title="bbox 2189 5805 3771 5881; baseline -0.004 -19"><span class='ocrx_word' id='word_1_894' title='bbox 2189 5807 2564 5881; x_wconf 77' lang='grc' dir='ltr'>ἐπιμνησθεὶς,</span> <span class='ocrx_word' id='word_1_895' title='bbox 2602 5808 2697 5880; x_wconf 77' lang='grc' dir='ltr'>τὴν</span> <span class='ocrx_word' id='word_1_896' title='bbox 2736 5808 2830 5861; x_wconf 82' lang='grc' dir='ltr'>τοῦ</span> <span class='ocrx_word' id='word_1_897' title='bbox 2876 5809 3198 5881; x_wconf 73' lang='grc' dir='ltr'>ποιησαντος</span> <span class='ocrx_word' id='word_1_898' title='bbox 3233 5808 3508 5879; x_wconf 78' lang='grc' dir='ltr'>ἐνέργειαν</span> <span class='ocrx_word' id='word_1_899' title='bbox 3540 5808 3609 5875; x_wconf 75' lang='grc' dir='ltr'>τῇ</span> <span class='ocrx_word' id='word_1_900' title='bbox 3639 5805 3771 5861; x_wconf 58' lang='lat' dir='ltr'><strong>fatae</strong></span> 
     </span>
    </p>
   </div>
  </div>
