4138 6364
407 395 510 450 6ὓεῖ

1537 401 1816 456 CONTRA
1841 400 2230 468 EUNOMIUM,
2271 403 2403 459 LIB.
2445 403 2536 459 iV.

3583 405 3686 462 666

405 516 594 568 maias:
622 513 716 566 τοῦ
745 513 1082 579 Μονογενοῢς
1125 515 1504 586 παρατίθησιν.
1546 517 1609 570 Εἰ
1654 517 1752 587 μὲν
1777 517 1886 589 γὰρ
1913 517 1981 572 λί-

2099 535 2244 584 nem,
2278 521 2372 575 sed
2407 520 2678 590 genitoris
2716 528 2971 575 naturam
3019 520 3074 576 in
3103 515 3232 576 Filii
3289 521 3686 594 coniugatione

409 605 552 676 θος-ἢ
583 606 758 672 ξύλον,
790 605 822 676 ἢ
856 607 982 660 ἄλλο
1007 626 1059 660 τι
1089 608 1330 660 τοιοῦτον
1358 611 1423 680 τῇ
1456 607 1658 680 θεωρίᾳ
1687 611 1992 680 προέκειτο·

407 697 699 752 ἀκόλουθον
724 695 791 769 ἦν
820 702 1160 768 προεπινοεῖν
1199 701 1298 771 τὴν
1333 701 1425 753 τοῦ
1459 703 1814 771 πεποιηκότος
1845 701 1996 772 ἐνέρ-

405 807 578 856 γειαν.
614 791 676 842 ΕΞ
709 789 763 842 δὲ
795 791 1252 860 ὁμολογεῖταικαὶ
1285 793 1436 863 παρά
1464 793 1570 844 τῶν
1605 793 1936 846 ὑπεναντίων
1967 795 1995 846 ὁ

411 879 700 950 μονογενὴς
733 881 882 943 Θεὸς,
919 882 1036 944 Υἱός
1066 900 1122 934 τε
1161 879 1297 935 εἶναι
1331 883 1425 936 καὶ
1462 883 1717 954 γεννητὸς
1760 884 1995 954 ὑποστῆ-

407 989 520 1025 ναι·
555 973 668 1037 πῶς
700 973 1030 1046 ἀρμόζουσιν
1061 977 1117 1028 αί
1146 977 1307 1028 αὐταί
1334 979 1508 1046 φωναὶ
1541 977 1734 1048 τούτῳ,
1765 980 1855 1030 καὶ
1884 981 1994 1041 τοῖς

405 1065 512 1116 τῶν
543 1067 744 1135 μορίων
789 1068 886 1136 τῆς
923 1068 1149 1130 κτίσεως
1197 1069 1482 1136 ἐσχάτοις;
1531 1070 1642 1121 Καὶ
1684 1071 1820 1138 ὅπερ
1866 1071 1995 1141 περὶ

405 1156 498 1208 τοῦ
525 1157 832 1227 μύρμηκος,
927 1157 1017 1210 τοῦ
1066 1158 1325 1223 κώνωπος
1356 1159 1570 1228 ἀληθῶς
1599 1159 1746 1214 ἔστιν
1783 1163 1956 1214 εἰπεῖν
1977 1179 1990 1193 ·

405 1247 564 1299 τούτο
593 1249 684 1300 καὶ
715 1249 840 1319 περὶ
875 1249 968 1301 τοῦ
1007 1249 1206 1319 Κυρίου
1259 1251 1439 1318 τέγειν
1484 1253 1703 1315 εὐσεϐὲς
1733 1248 1872 1306 εἶναι
1909 1271 1996 1306 νο-

411 1337 676 1407 μίζουσιν.
723 1341 780 1394 Εἰ
822 1343 930 1412 γάρ
961 1359 1042 1404 τις
1083 1342 1388 1409 καταμάθοι
1423 1345 1520 1414 τὴν
1565 1343 1660 1395 τοῦ
1705 1345 1991 1415 μύρμηκος

409 1429 567 1498 φύσιν
597 1429 676 1494 οἷς
709 1433 896 1486 ἰδιάζει
931 1433 1066 1504 πρὸς
1104 1435 1168 1486 τὰ
1219 1435 1380 1487 λοιπά
1425 1435 1532 1487 τῶν
1574 1435 1748 1502 ζώων,
1788 1437 1888 1489 οὐκ
1927 1437 1994 1490 ἂν

406 1524 510 1591 ἔξω
547 1525 645 1596 τῆς
684 1525 936 1594 ἀληθείας
977 1527 1118 1580 εἴποι
1165 1529 1264 1598 τὴν
1301 1528 1394 1580 τοῦ
1437 1529 1792 1599 πεποιηκότος
1833 1531 1993 1584 αὐτὸν

406 1615 688 1686 ἐνέργειαν
727 1619 912 1689 κοινὴν
963 1618 1097 1688 πρός
1143 1619 1209 1672 τὰ
1254 1619 1389 1672 ἄλλα
1434 1619 1508 1690 μὴ
1553 1619 1894 1692 θεωρεῖσθαι.
1927 1623 1992 1673 Ἃ

405 1708 582 1762 τοίνυν
605 1709 696 1761 ἐπὶ
730 1709 838 1760 τῶν
864 1711 1120 1764 τοιούτων
1165 1711 1400 1780 λέγεται,
1429 1713 1599 1766 ταῦτα
1647 1714 1742 1766 καὶ
1777 1716 1869 1766 ἐπὶ
1895 1715 1990 1768 τοῦ

404 1799 739 1868 Μονογενούς
765 1803 1178 1870 ἀποφαίνονταιι
1225 1805 1320 1857 καὶ
1360 1805 1610 1877 καθάπερ
1645 1807 1694 1859 οί
1731 1807 1992 1876 θηρεύον-

403 1907 494 1954 τες
522 1892 768 1959 λέγονται
802 1893 1012 1963 βόθροις
1041 1895 1182 1948 τισὶν
1211 1897 1614 1967 ύπολαμὸάνειν
1645 1898 1750 1951 τῶν
1786 1899 1988 1969 θηρίων

403 1983 500 2054 τὴν
535 1984 792 2054 πάροδον·
836 1986 1098 2056 κρύπτειν
1127 1989 1180 2040 δὲ
1211 1989 1308 2059 τὴν
1345 1989 1631 2059 ἐπιϐουλὴν
1657 1990 1745 2042 διὰ
1774 1991 1988 2062 σαθρῶν

402 2091 562 2126 τινων
589 2076 684 2128 καὶ
717 2077 1101 2130 ἀνυποστάτων
1130 2077 1199 2130 τὰ
1231 2079 1472 2148 στόματα
1497 2079 1604 2132 τῶν
1632 2079 1838 2150 βόθρων
1872 2082 1990 2134 ἐπι-

403 2166 766 2230 καλύπτοντες
792 2207 806 2230 ,
861 2169 936 2230 ὡς
975 2168 1040 2220 ἂν
1091 2169 1359 2234 ὑπόπεδος
1403 2172 1643 2240 φαίνοιτο
1693 2172 1768 2242 τῷ
1807 2190 1988 2243 παρα-

403 2259 640 2330 κειμένῳ
656 2262 683 2312 ὀ
701 2259 910 2332 βόθρος
931 2261 1170 2314 τοιοῦτόν
1187 2280 1240 2314 τι
1265 2265 1571 2332 μηχανᾶται
1591 2265 1727 2318 κατά
1755 2265 1862 2316 τῶν
1894 2266 1987 2316 ἀν-

403 2349 634 2420 θρώπων
666 2352 698 2422 ἡ
727 2351 958 2422 αἵρεσις,
987 2353 1076 2404 τὸν
1107 2351 1296 2423 βόθρον
1331 2356 1430 2426 τῆς
1459 2355 1714 2418 ἀσεϐείας
1757 2357 1844 2409 διὰ
1879 2360 1988 2409 τῶν

402 2443 662 2512 εὐφήμων
692 2443 895 2496 τούτων
925 2445 1018 2498 καὶ
1049 2447 1286 2499 εὐσεϐῶν
1315 2447 1614 2517 ὀνομάτων,
1644 2443 1754 2500 οἷον
1792 2449 1877 2502 διά
1909 2467 1990 2502 τι-

401 2552 490 2598 νος
543 2535 854 2588 ἐπιπολαίου
903 2538 1100 2608 στέγης
1147 2539 1617 2605 ἐπικαλύπτουσα,
1673 2543 1811 2596 ὥστε
1863 2542 1988 2603 τοὺς

402 2627 774 2698 ἀλογωτὲρους
812 2630 1006 2682 ταύτὸν
1031 2625 1170 2684 εἶναι
1199 2635 1264 2702 τῇ
1309 2631 1534 2704 ἀληθινῇ
1561 2633 1738 2685 πίστει
1774 2633 1836 2684 τὸ
1865 2633 1988 2686 τού-

399 2734 507 2770 των
537 2721 794 2788 κήρυγμα
829 2719 918 2773 διὰ
949 2722 1046 2790 τῆς
1089 2721 1195 2773 τῶν
1232 2723 1489 2793 ῥημάτων
1521 2723 1808 2791 ὁμολογίας
1837 2723 1989 2794 νομί-

403 2809 612 2874 ζοντας,
653 2812 790 2881 πρὸς
815 2813 968 2882 ψιλὸν
999 2814 1060 2866 τὸ
1085 2812 1254 2884 ὄνομα
1288 2814 1380 2866 τού
1413 2815 1540 2866 Υἱοῦ
1571 2815 1665 2866 καὶ
1693 2815 1785 2868 τοῦ
1814 2817 1988 2868 Μονο-

400 2904 588 2970 γενοῦς
618 2906 1036 2976 ἐπιδραμόντας.
1089 2908 1486 2978 κενεμϐατῆσαι
1535 2908 1612 2978 τῷ
1659 2909 1856 2980 βόθρῳ,
1891 2913 1987 2980 τῆς

399 2998 504 3050 τῶν
533 2999 909 3070 πφσηγοριῶν
949 3001 1220 3070 σημασίας
1254 3003 1350 3072 ούχ
1387 3001 1774 3074 ύπερειδούσης
1807 3003 1986 3056 αὐτῶν

398 3089 492 3160 τὴν
526 3091 700 3160 βάσιν,
749 3092 861 3145 ἀλλ’
901 3095 980 3156 εἰς
1027 3094 1086 3145 τὸ
1128 3095 1227 3161 τῆς
1275 3095 1555 3165 ἀρνήσεως
1600 3095 1693 3147 τοῦ
1749 3095 1982 3165 Χριστοῦ

401 3183 672 3254 βάραθρον
705 3187 1138 3256 καταφερούσης.
1169 3187 1266 3239 Διά
1313 3188 1469 3240 τοῦτο
1501 3187 1854 3260 γεννηθείσης
1891 3189 1982 3240 ού-

400 3277 520 3339 σίας
573 3278 862 3348 μέμνηται,
910 3279 1094 3348 μηδενὶ
1145 3277 1326 3348 χώραν
1375 3281 1454 3338 εἰς
1495 3280 1778 3332 κοινωνίαν
1823 3297 1984 3332 κατα-

397 3368 675 3439 λιπούσης,
701 3371 793 3422 καὶ
821 3369 1090 3440 Μονογενῆ
1116 3369 1385 3440 ὀνομάζει.
1419 3369 1604 3423 Ταῦτά
1641 3373 1756 3424 ἐστι
1785 3371 1853 3424 τὰ
1887 3371 1981 3424 τοῦ

399 3461 590 3532 βόθρου
620 3462 975 3532 καλύμματα.
1017 3463 1264 3516 Ἐπειδὰν
1296 3463 1350 3516 δέ
1401 3481 1484 3525 τις
1521 3465 1806 3534 παραστὰς
1853 3463 1983 3534 πρὶν

399 3551 772 3621 ὑποληφθῆναι
819 3551 895 3622 τῷ
939 3553 1198 3623 χάσματι,
1235 3553 1484 3624 καθάπερ
1529 3555 1652 3607 τινὰ
1698 3558 1853 3625 χεῖρα
1883 3555 1982 3625 τὴν

395 3643 481 3696 δια
509 3645 602 3697 τοῦ
645 3645 802 3714 λόγου
839 3650 1032 3717 πεῖραν
1078 3647 1333 3720 ἐπαγάγῃ
1367 3647 1442 3716 τῷ
1471 3648 1630 3718 λόγῳ,
1663 3647 1848 3717 βλέπει
1887 3649 1979 3702 τὸν

395 3738 492 3805 τῆς
516 3737 948 3810 είδωλολατρείας
974 3737 1093 3791 ὀλεο
1104 3757 1192 3809 ρον
1216 3740 1609 3810 ὑπωρυγμένον
1629 3739 1706 3809 τῷ
1728 3739 1974 3808 δόγματι.

407 3829 493 3893 Ὦς
523 3831 628 3902 γὰρ
660 3831 778 3901 Θεῷ
825 3831 916 3883 καὶ
961 3831 1074 3900 Tit?)
1111 3830 1246 3883 Θεοῦ
1289 3832 1746 3902 προσερχόμενος,
1775 3832 1979 3900 κτίσμα

395 3922 529 3975 Θεοῦ
581 3925 824 3994 εύρίσκει
871 3926 934 3993 τῇ
982 3923 1204 3994 λατρεία
1251 3923 1627 3992 προκείμενον.
1674 3923 1770 3976 Διά
1823 3923 1979 3976 τοῦτο

395 4018 506 4069 ἄνω
548 4017 641 4068 καὶ
671 4015 819 4068 κάτω
857 4016 916 4066 τὸ
943 4015 1112 4086 ὄνομα
1141 4013 1234 4068 τοῦ
1273 4014 1608 4082 Μονογενοῦς
1651 4016 1978 4086 περιφέρου-

397 4125 500 4168 σιν,
547 4109 610 4160 ἵν¹
654 4110 1054 4179 εύπαράδεκτος
1097 4109 1320 4181 γένηται
1361 4111 1471 4171 τοῖς
1521 4107 1904 4174 ἀπατωμένοις
1951 4107 1979 4160 ὁ

393 4200 632 4270 ὄλεθρος,
657 4201 733 4263 ῶς
775 4203 938 4264 εἴτις
983 4201 1131 4272 ἄρτῳ
1174 4201 1234 4254 τὸ
1275 4200 1600 4270 δηλητήριον
1646 4198 1974 4268 καταμίξας,

395 4290 608 4363 θανάτῳ
651 4295 772 4356 τοὺς
803 4293 1088 4364 δεομένους
1121 4295 1218 4364 τῆς
1243 4293 1450 4362 τροφῆς
1496 4290 1832 4355 δεξιώσαιτοσ
1879 4291 1978 4342 οὐκ

393 4381 458 4434 ἂν
480 4383 802 4452 δεξαμένους
835 4384 1038 4452 γυμνὸν
1082 4382 1398 4456 προσίεσθαι
1429 4382 1489 4434 τὸ
1534 4381 1851 4452 φθοροποιὸν
1879 4382 1976 4450 δη-

505 4479 520 4504 .'.

391 4475 644 4548 λητήριον
679 4477 752 4546 μὴ
801 4476 1180 4540 δελεασθέντας
1233 4476 1366 4547 πρὸς
1409 4475 1470 4528 τὸ
1515 4475 1853 4544 φαινόμενον.
1889 4475 1976 4526 Σο-

2097 613 2520 681 contemplatur.
2555 611 2656 666 llic
2679 621 2860 667 autem
2893 614 3042 668 velut
3073 614 3386 684 plantarum
3417 617 3502 670 vel
3526 619 3686 672 semi-

2097 704 2362 760 num.vel
2396 703 2631 772 alicujus
2677 704 2816 758 alius
2871 719 3060 758 eorum
3117 720 3240 774 qute
3301 715 3430 760 sunt
3493 716 3678 762 creata

2097 795 2378 850 mentione
2408 796 2576 858 facta,
2606 798 2982 865 operationem
3031 797 3258 852 factoris
3311 799 3685 855 subsistentia:

2099 885 2374 952 Unigeniti
2437 887 2682 955 apponit.
2740 884 2794 939 Si
2841 887 2984 940 enim
3027 887 3165 957 lapis
3215 887 3296 942 vel
3337 889 3564 959 lignum,
3599 891 3684 944 vel

2097 977 2226 1046 quid
2255 977 2362 1030 tale.
2395 977 2848 1046 contemplationi
2879 987 3024 1032 esset
3053 980 3397 1048 propositum
3427 997 3440 1033 :
3491 997 3686 1036 conse-

2095 1083 2270 1137 quens
2305 1077 2451 1122 esset
2477 1077 2658 1122 mente
2697 1069 2980 1139 percipere
3009 1070 3130 1136 ejus
3169 1071 3261 1140 qui
3327 1071 3454 1124 fecit
3485 1087 3685 1141 opera-

2097 1161 2322 1214 tionem.
2355 1159 2508 1225 Quod
2549 1163 2594 1215 si
2635 1161 2798 1214 etiam
2854 1161 3154 1214 adversarii
3186 1162 3518 1218 conﬁtentur
3550 1164 3683 1218 uni-

2095 1255 2337 1322 genitum
2373 1253 2540 1308 Deum
2570 1261 2624 1308 et
2663 1253 2860 1306 Filium
2900 1269 3020 1308 esse
3059 1262 3112 1307 et
3179 1257 3423 1325 genitum
3485 1257 3684 1330 subsi-

2096 1353 2282 1399 stere:
2321 1333 2596 1414 quomodo
2620 1345 2819 1399 eaedem
2856 1361 3018 1402 voces
3055 1345 3184 1400 huic
3230 1355 3572 1416 congruunt,
3628 1355 3682 1402 et

2097 1433 2298 1489 inlimis
2325 1445 2594 1489 creatum
2624 1435 2918 1505 partibus?
2949 1447 3004 1490 et
3041 1437 3189 1505 quod
3219 1439 3285 1492 de
3320 1437 3546 1492 formica
3593 1441 3679 1494 vel

2095 1529 2272 1582 culice
2303 1543 2426 1582 vere
2463 1536 2641 1596 potest
2669 1527 2800 1588 dici,
2849 1528 2954 1582 hoe
2983 1529 3148 1582 etiam
3187 1531 3254 1584 de
3301 1528 3533 1584 Domino
3592 1531 3680 1583 di-

2093 1636 2220 1674 cere
2251 1620 2400 1690 pium
2431 1635 2554 1672 esse
2579 1619 2924 1673 existimant.
2971 1620 3026 1672 Si
3059 1621 3204 1674 enim
3241 1623 3513 1690 quispiam
3563 1621 3678 1676 for-

2095 1709 2250 1762 mica:
2279 1717 2534 1762 naturam
2570 1707 2946 1777 perdidicerit,
2999 1708 3199 1776 quibus
3254 1711 3678 1778 proprietatibus

2097 1803 2444 1870 peculiariter
2479 1817 2508 1854 a
2546 1800 2777 1868 reliquis
2829 1800 3158 1855 animalibus
3207 1812 3514 1870 separatur,
3567 1819 3676 1857 non

2092 1905 2242 1946 extra
2271 1894 2555 1946 veritatem
2597 1890 2800 1944 dixerit
2828 1890 2972 1958 ejus,
3006 1891 3100 1958 qui
3137 1891 3266 1945 fecit
3311 1893 3506 1962 ipsam,
3547 1908 3678 1963 ope-

2091 1989 2361 2040 rationem
2405 1999 2748 2037 communem
2805 1997 2926 2036 cum
2961 1984 3086 2038 aliis
3141 2001 3249 2038 non
3301 1985 3494 2040 videri.
3545 1987 3678 2052 Quia:

2093 2077 2256 2145 igitur
2297 2075 2364 2128 de
2394 2075 2598 2128 talibus
2629 2075 2915 2134 dicuntur,
2951 2073 3066 2126 haec
3103 2074 3171 2128 de
3221 2073 3514 2144 Unigeniln
3551 2093 3676 2144 pro-

2091 2169 2458 2222 nuntiantzet
2515 2166 2978 2236 quemadmodum
3039 2175 3332 2222 venatores
3385 2168 3676 2236 praeripere

2091 2262 2264 2316 foveis
2297 2261 2629 2330 quibusdam
2663 2259 2902 2313 ferarum
2932 2273 3216 2314 accessum
3248 2260 3532 2322 dicuntur,
3593 2260 3676 2312 in.

2091 2354 2262 2409 sidias
2293 2361 2476 2406 autem
2509 2352 2744 2421 putridis
2785 2349 3114 2420 quibusdam
3147 2351 3424 2419 operculis
3453 2361 3504 2404 et
3547 2351 3677 2404 soli-

2091 2445 2314 2500 ditatem
2359 2459 2470 2497 non
2519 2441 2850 2496 habentibus
2885 2441 3092 2494 orilicia
3131 2441 3410 2496 fovearnm
3476 2457 3676 2512 coope-

2089 2538 2294 2591 rientes
2333 2535 2634 2597 occultare,
2677 2543 2736 2586 ut
2769 2533 2988 2603 planmn
3030 2533 3302 2601 adjacenti
3343 2532 3671 2602 profundum

2089 2628 2380 2681 videatur:
2415 2627 2519 2680 tale
2555 2627 2816 2693 quiddam
2869 2627 3134 2680 adversus
3167 2625 3418 2679 homines
3452 2625 3674 2678 haeresis

2091 2719 2466 2784 machinatur,
2514 2720 2725 2772 foveam
2763 2719 3060 2789 impietatis
3111 2733 3206 2787 per
3235 2719 3350 2770 lnec
3383 2717 3560 2770 fausta
3619 2725 3674 2770 et

2092 2815 2180 2882 pia
2214 2813 2436 2866 nomina
2467 2813 2636 2866 veluti
2673 2813 2910 2883 quodam
2952 2811 3332 2880 superliciario
3365 2819 3511 2864 tecto
3541 2825 3674 2864 eon-

2091 2915 2318 2976 tegens:
2353 2907 2426 2960 ita
2461 2913 2520 2959 ut
2564 2907 2658 2974 qui
2728 2907 2910 2960 minus
2944 2905 3170 2958 rationis
3223 2903 3432 2974 judicio
3467 2905 3670 2967 valent,

2094 2999 2235 3052 idem
2267 3013 2392 3051 cum
2423 3013 2550 3052 vera
2583 2997 2688 3050 fide
2739 2997 2934 3050 horum
2971 2997 3302 3066 przeconium
3337 3011 3432 3064 per
3477 2995 3673 3048 verbo-

2095 3105 2212 3144 rum
2245 3089 2647 3144 confessionem
2677 3089 3010 3151 existiment,
3047 3088 3111 3140 ad
3147 3088 3288 3142 exile
3316 3104 3512 3140 nomen
3547 3086 3670 3141 Filii

2091 3191 2144 3234 et
2179 3179 2452 3249 Unigeniti
2485 3187 2857 3236 accurrentes.
2919 3195 3018 3248 per
3071 3193 3299 3232 vacuam
3351 3191 3400 3232 et
3451 3179 3668 3232 inanem

2095 3273 2304 3326 foveam
2337 3273 2566 3336 vadunt,
2617 3273 3042 3342 appellationum
3083 3271 3484 3340 significatione
3523 3287 3674 3340 gres-

2094 3377 2212 3415 sum
2247 3363 2491 3430 ipsorum
2521 3377 2629 3414 non
2675 3360 2945 3423 firmante,
3003 3359 3096 3414 sed
3142 3359 3208 3412 ad
3268 3360 3474 3412 Christi
3507 3361 3673 3414 alme-

2088 3453 2327 3523 gationis
2385 3451 2702 3505 barathrmn
2758 3451 3066 3521 praecipites
3122 3461 3335 3520 agente.
3375 3447 3672 3517 Propterea

2087 3545 2283 3615 genita:
2312 3544 2564 3600 essentia:
2606 3545 2874 3605 meminit,
2921 3542 3052 3594 nulli
3106 3542 3172 3594 ad
3226 3557 3671 3594 eomtmtmoncm

2089 3633 2265 3686 locum
2323 3632 2716 3700 relinquentis,
2776 3641 2938 3701 atque
2993 3629 3344 3700 Unigenitum
3403 3633 3667 3684 nominat.

2085 3722 2211 3777 "me
2251 3732 2381 3778 sunt
2412 3722 2580 3776 fovete
2627 3723 2984 3792 operimenta.
3045 3723 3178 3776 Cum
3240 3731 3419 3776 autem
3471 3723 3670 3792 aliquis

2085 3816 2334 3876 adstans,
2391 3815 2714 3882 priusquam
2771 3815 2920 3868 hiatu
2981 3823 3036 3868 et
3075 3817 3336 3883 voragine
3377 3815 3670 3884 subreptus

2083 3907 2271 3970 fuerit,
2309 3907 2474 3959 veluti
2512 3906 2804 3974 quamdam
2857 3921 3104 3970 manum,
3141 3921 3338 3974 netnpe
3395 3921 3491 3974 per
3551 3921 3671 3958 ser-

2083 4013 2298 4052 monem
2341 3997 2538 4050 faciant
2572 3997 2991 4066 experientiam,
3057 3997 3296 4051 sermoni
3333 3997 3666 4064 adjunxerit,

2085 4089 2409 4142 idololatria:
2433 4089 2713 4142 interitum
2741 4088 2994 4158 dogmate
3031 4089 3327 4144 suffossmn
3363 4090 3623 4158 perspicit
3649 4107 3666 4154 ;

2083 4181 2162 4233 sie
2195 4182 2340 4232 enim
2373 4181 2440 4233 ad
2481 4179 2651 4234 Deum
2717 4189 2770 4232 et
2811 4179 2901 4234 Dei
2961 4180 3159 4234 Filium
3221 4181 3510 4244 accedens,
3573 4182 3664 4236 Dei

2081 4279 2390 4325 creaturam
2423 4273 2596 4324 cultui
2631 4273 2970 4341 pr0positam
3005 4273 3234 4327 invenit.
3271 4273 3508 4343 Ideoque
3539 4289 3665 4328 sur-

2081 4379 2200 4416 sum
2250 4371 2305 4416 et
2351 4362 2608 4418 deorsum
2665 4362 2942 4434 Unigeniti
2985 4381 3182 4419 nomen
3243 4365 3662 4431 circumferunt,

2081 4455 2402 4510 utincautis
2433 4463 2486 4510 et
2521 4457 2768 4526 deceptis
2815 4457 3072 4510 interitus
3133 4457 3443 4527 plausibilis
3503 4457 3665 4512 facile

393 4569 508 4638 φῶς
542 4568 718 4620 τοίνυν
747 4569 888 4621 κατά
936 4585 998 4636 γε
1043 4567 1132 4620 τὸν
1182 4567 1371 4619 ἑαυτὸν
1405 4567 1540 4636 πρὸς
1573 4565 1630 4618 τὸ
1677 4563 1973 4628 σπουδαζό-

2085 4556 2418 4617 acceptetnr,
2455 4549 2620 4601 veluti
2662 4547 2706 4601 si
2757 4551 2882 4616 quis
2942 4548 3228 4602 mortifero
3277 4563 3488 4601 veneno
3537 4551 3660 4615 pani

394 4678 552 4730 μενον
606 4661 811 4730 βλέπει.
861 4661 922 4714 ΕΞ
974 4660 1082 4730 γὰρ
1135 4659 1412 4722 παντελῶς
1455 4657 1672 4723 ἐξέϐαλε
1717 4657 1810 4710 τοῦ
1851 4657 1970 4709 καθ’

390 4754 579 4808 ἑαυτὸν
613 4754 880 4822 δόγματος
924 4752 1020 4824 τὴν
1069 4753 1162 4805 τοῦ
1193 4752 1322 4804 Υίοῦ
1358 4753 1558 4822 φωνὴν,
1595 4753 1973 4822 ἀπαράδεκτος

389 4849 422 4918 ἡ
453 4847 633 4916 ἀπάτη
659 4849 771 4908 τοῖς
795 4845 1100 4916 ἀνθρώποις
1126 4845 1350 4911 ἐγίνετο,
1383 4843 1630 4914 φανερῶς
1668 4843 1972 4911 διαϐοωμέ-

387 4958 484 5010 νης
508 4941 608 5011 τῆς
635 4940 920 5012 ἀρνήσεως
973 4940 1029 4990 ἐν
1076 4937 1326 5008 προδήλῳ
1369 4936 1712 5007 κηρύγματι·
1753 4935 1872 4986 νυνὶ
1915 4935 1970 4988 δὲ

387 5031 699 5086 καταλιπὼν
732 5032 890 5100 μόνον
917 5031 978 5082 τὸ
1002 5029 1190 5100 ὄνομα,
1213 5029 1274 5081 τὸ
1314 5029 1370 5081 δὲ
1407 5028 1799 5098 σημαινόμενον
1833 5027 1970 5096 πρὸς

383 5130 480 5198 τὴν
522 5129 621 5196 τῆς
669 5127 896 5189 κτίσεως
945 5125 1152 5178 ἔννοιαν
1200 5121 1544 5192 μεταγαγὼν,
1575 5121 1667 5175 καὶ
1717 5121 1970 5192 κατορθοί

383 5223 481 5288 τὴν
531 5219 970 5290 είδωλολατρείαν
995 5256 1008 5274 .
1059 5217 1150 5270 καὶ
1197 5215 1525 5270 ὺποκλέπτει
1587 5215 1678 5266 τὸν
1725 5214 1964 5282 ἔλεγχον.

394 5312 532 5364 Ἀλλ’
562 5311 746 5382 ἐπειδὴ
777 5311 836 5362 ού
873 5310 1072 5380 χείλεσι
1109 5309 1273 5379 τιμᾷν
1305 5307 1396 5359 τὸν
1424 5306 1556 5359 Θεὸν
1589 5305 1962 5374 προσετάχθηο

384 5421 504 5473 μεν,
531 5404 648 5456 οὐδὲ
673 5405 732 5455 ὲν
768 5403 882 5472 ἤχῳ
913 5402 1094 5472 φωνῆς
1137 5401 1170 5472 ὴ
1221 5401 1472 5454 εὐσέϐεια
1523 5399 1796 5468 κρίνεται·
1833 5397 1966 5450 ἀλλὰ

381 5501 486 5568 χρὴ
537 5497 750 5568 πρῶτον
795 5498 860 5566 τῇ
917 5495 1112 5566 καρδίᾳ
1164 5493 1516 5564 πιστευθῆναι
1577 5494 1666 5545 τὸν
1715 5493 1842 5544 Υἱὸν
1886 5493 1964 5554 είς

380 5590 744 5660 δικαιοσύνην,
777 5591 870 5644 καὶ
917 5589 1039 5642 τότε
1069 5589 1464 5658 ὁμολογηθῆναι
1505 5587 1582 5656 τῷ
1629 5587 1852 5656 στόματι
1885 5589 1964 5644 εἰς

380 5683 673 5753 σωτηρίαν,
706 5683 799 5735 καὶ
825 5682 874 5734 οί
919 5682 976 5734 ἐν
1021 5681 1215 5754 καρδία
1263 5679 1508 5748 λέγοντες
1537 5679 1609 5750 μὴ
1640 5673 1776 5732 εἶναι
1807 5677 1958 5741 Θεὸν,

380 5773 484 5825 κΞεν
539 5772 616 5844 τῷ
665 5773 886 5843 στόματι
941 5772 1144 5844 Κύριον
1189 5771 1512 5843 ὁμολογῶσι,
1573 5769 1958 5841 διεφθάρησαν»

379 5861 560 5928 καθὼς
615 5867 644 5919 6
689 5865 978 5940 Προφήτης
1027 5865 1177 5937 φησί.
1221 5864 1318 5920 Διέι
1367 5865 1522 5921 τοῦτο
1573 5883 1710 5938 φημι
1764 5863 1960 5936 χρῆναι

2080 4641 2316 4694 admisto
2349 4651 2572 4710 egentes
2605 4641 2728 4694 cibo
2761 4641 2826 4694 ad
2863 4649 3092 4694 mortem
3131 4639 3390 4694 invitatos
3435 4641 3660 4696 dextera

2077 4753 2561 4821 apprehendisset.
2601 4751 2736 4818 Quia
2769 4753 2872 4805 nisi
2911 4751 3140 4805 inescati
3172 4759 3358 4805 essent
3384 4759 3435 4804 et
3474 4753 3662 4820 specie

2075 4847 2307 4915 decepti,
2337 4846 2707 4916 perniciosmn
2761 4857 2814 4898 et
2861 4844 3018 4898 letale
3077 4859 3344 4898 venenum
3375 4861 3656 4914 nunquam

2075 4939 2450 4994 admisissent.
2487 4937 2790 4992 Prudenter
2822 4937 2987 5007 igitur
3026 4945 3080 4990 et
3127 4936 3194 4990 ad
3231 4946 3464 4991 ruentem
3497 4953 3654 4992 suam

2071 5033 2322 5100 apposite
2356 5031 2420 5083 ad
2459 5031 2508 5084 id
2537 5030 2680 5099 quod
2717 5029 2968 5086 intendit.
2995 5029 3240 5099 respicit.
3272 5029 3327 5082 Si
3360 5030 3506 5082 enim
3537 5029 3657 5084 fun-

2071 5125 2219 5176 ditus
2257 5139 2287 5174 e
2315 5138 2415 5178 suo
2451 5122 2704 5192 dogmate
2735 5119 2855 5175 Filii
2885 5137 3073 5176 vocem
3112 5121 3458 5180 exclusisset.
3497 5138 3654 5177 error

2071 5213 2389 5268 hominibus
2421 5229 2528 5266 non
2560 5225 2817 5281 acceptus
2849 5211 3062 5274 fuisset,
3123 5213 3302 5282 palam
3363 5213 3654 5283 negatione

2069 5307 2404 5358 reclamante
2444 5312 2633 5372 aperto
2681 5311 2736 5358 et
2797 5305 3085 5373 propatulo
3143 5305 3459 5374 prmeonio:
3503 5321 3652 5359 nunc

2069 5403 2248 5446 autent
2287 5394 2406 5448 solo
2447 5393 2636 5446 relicto
2665 5393 2906 5456 nomine,
2945 5393 3254 5462 signiﬁcato
3287 5395 3354 5448 ad
3383 5405 3650 5450 creatura:

2067 5486 2317 5538 notitiam
2346 5484 2620 5540 traducto.
2679 5485 2880 5539 falsum
2923 5487 3150 5540 deorum
3190 5487 3397 5540 cultum
3438 5488 3648 5541 instau—

2067 5585 2150 5630 rat
2183 5587 2236 5632 et
2277 5577 2758 5648 reprehensionem
2794 5577 3050 5632 declinat.
3088 5577 3193 5632 Sed
3222 5579 3482 5648 quoniam
3537 5595 3644 5634 non

2065 5669 2226 5724 labiis
2260 5669 2429 5724 Deum
2455 5671 2638 5724 colere
2665 5669 2805 5740 jussi
2838 5685 3030 5729 sumus
3059 5688 3072 5724 :
3109 5685 3286 5741 neque
3318 5671 3473 5726 vocis
3507 5688 3644 5726 sono

2063 5775 2238 5844 pietas
2285 5785 2563 5840 censetur,
2599 5777 2692 5832 sed
2728 5785 2942 5848 oportet
2975 5778 3212 5848 primum
3246 5780 3412 5834 corde
3438 5781 3490 5833 in
3553 5778 3644 5833 Fi-

2062 5869 2196 5924 lium
2223 5869 2446 5926 credere
2476 5869 2542 5926 ad
2567 5869 2862 5942 justitiam,
2901 5879 3142 5943 tuncque
3175 5889 3270 5929 ore
3297 5873 3544 5928 confiteri
3573 5871 3651 5926 ad
