4138 6364
457 340 566 398 667

1740 331 1798 386 S.
1827 329 2154 386 GREGOR—ll
2194 329 2493 386 NXSSENI

3617 323 3723 378 668

461 468 690 521 salutem
716 464 799 530 ’5;
849 471 903 517 et
935 462 1028 532 qui
1077 459 1242 515 corde
1293 458 1486 513 dicunt
1519 471 1628 511 non
1665 471 1788 510 esse
1829 454 1994 508 Deum
2023 494 2038 516 ,

2153 453 2281 525 πρὸς
2303 455 2391 506 τὸν
2419 453 2540 506 νοῦν
2571 453 2785 524 βλέπειν
2827 455 2914 508 διὰ
2954 453 3054 521 τῆς
3093 449 3310 514 λέξεως,
3334 443 3598 516 ἡμέτερος
3630 443 3726 496 καὶ

461 560 566 614 etsi
598 573 694 612 ore
718 556 1007 611 Dominum
1037 554 1390 615 conﬁtentur,
1425 561 1607 604 tamen
1633 550 1880 617 corrupti
1913 553 2042 601 sunt

460 662 516 706 et
554 665 818 718 nequam,
862 648 1004 702 sicut
1063 646 1138 700 ait
1193 642 1548 714 Propheta".
1599 639 1867 706 Quocirca
1919 637 2042 690 dico

462 752 716 813 oportere
747 749 982 794 mentem
1012 739 1324 807 perspicere
1357 751 1453 805 per
1482 734 1800 792 dictionem,
1857 735 2044 782 noster

462 836 552 888 hic
574 848 755 889 sermo
779 838 942 886 estet
983 843 1090 882 non
1137 827 1591 882 adversariorum.
1646 817 1802 883 Quod
1846 823 1888 873 si
1919 818 2042 886 quis

463 923 587 976 Filii
627 937 826 976 nomen
865 926 1132 973 creatura:
1187 911 1434 982 apponit,
1492 905 1756 960 falsorum
1816 905 2040 959 deorum

463 1005 776 1061 cultoribus
790 1005 1152 1057 adscribetur.
1178 1001 1310 1052 ham
1335 1009 1387 1051 et
1404 998 1476 1050 illi
1498 1007 1551 1050 et
1568 996 1772 1067 Dagon,
1791 1012 1841 1051 et
1862 997 1972 1050 Bel.
1992 1008 2047 1050 et

2144 544 2265 614 οὐχὶ
2289 543 2394 594 τῶν
2423 540 2678 593 ἐναντίων
2706 545 2820 594 ἐστι
2841 540 2915 608 (a)
2938 538 3114 606 λόγος.
3135 537 3198 589 Εἰ
3219 536 3274 593 δὲ
3290 554 3374 601 “CL;
3398 535 3529 590 Υιοῦ
3555 533 3726 603 ὄνομα

2146 637 2211 706 τῇ
2244 633 2415 686 κτίσει
2441 631 2667 692 τίθεται,
2703 631 2761 682 ἑν
2805 631 2917 692 τοῖς
2963 627 3375 697 εἰδωλολάτραις
3419 622 3722 687 τετάξεται.

2145 726 2255 778 Καὶ
2283 724 2392 794 γὰρ
2423 726 2620 777 ἐκεῖνοι
2659 723 2752 776 καὶ
2779 722 2866 774 τὸν
2897 721 3115 788 Δάγων,
3136 719 3229 770 καὶ
3277 717 3367 769 τὸν
3403 715 3594 784 Βηλδν,
3633 715 3728 767 καὶ

2145 814 2234 866 τὸν
2267 814 2536 884 δράκοντα
2567 813 2698 865 Θεὸν
2733 813 3031 880 ὠνόμαζον,
3063 809 3175 863 ἀλλ’
3220 807 3280 860 ού
3318 807 3404 866 διὰ
3436 805 3592 858 τοῦτο
3634 807 3728 857 καὶ

2145 905 2236 958 τὸν
2265 906 2396 959 Θεὸν
2431 906 2816 978 προσεκύνουν.
2850 905 2924 956 υύ
2959 904 3064 974 γὰρ
3095 902 3224 964 Θεὸς
3265 901 3324 952 τὸ
3359 899 3534 966 ξύλον,
3567 899 3660 950 καὶ
3698 899 3728 948 ὁ

2155 997 2354 1068 χαλκὸς
2380 997 2472 1047 καὶ
2501 993 2560 1047 τὸ
2592 993 2798 1063 θηρίον.

463 1097 766 1152 draconem
789 1094 956 1148 Deum
991 1091 1368 1150 nominabant,
1409 1086 1502 1141 sed
1542 1102 1648 1140 non
1675 1097 1963 1156 pr0ptcrea
1981 1087 2153 1140 Deum
2179 1083 2512 1147 adorabant;
2541 1097 2647 1136 non
2683 1083 2830 1137 enim
2850 1084 3242 1149 neuslignum,
3262 1090 3316 1134 et
3346 1094 3420 1132 ws
3450 1087 3506 1131 et
3536 1077 3734 1130 bellua.

539 1179 644 1232 Sed
703 1177 832 1247 quid
868 1192 1096 1231 necesse
1155 1185 1238 1229 est
1303 1176 1641 1242 conjec-turis
1714 1175 2043 1229 sententiam

465 1274 777 1340 quaerentes
807 1284 1064 1322 sermone
1107 1266 1348 1319 abditam
1407 1265 1677 1318 fallaciam
1705 1265 1968 1325 revelare,
1996 1271 2049 1317 et

466 1364 704 1415 fortasse
729 1360 1048 1413 occasiones
1084 1360 1325 1427 praebere
1352 1357 1721 1419 audientibus,
1753 1358 1898 1426 quod
1929 1367 2050 1409 tan-

463 1467 629 1521 quam
683 1466 792 1504 non
832 1464 960 1504 vere
992 1465 1091 1502 nos
1119 1451 1231 1502 ha’c
1258 1447 1498 1502 inimicis
1533 1447 1879 1514 obiecimus?
1910 1445 2050 1500 Ecce

2237 1169 2396 1222 Ἀλλὰ
2419 1169 2468 1221 τί
2499 1168 2603 1238 χρὴ
2633 1168 3201 1239 καταστοχαζομένους
3227 1169 3324 1238 τῆς
3343 1170 3578 1234 διανοίας
3600 1174 3731 1225 ἀνα-

2154 1261 2451 1315 καλύπτειν
2499 1261 2577 1329 τῷ
2610 1261 2751 1332 λόγῳ
2801 1261 2898 1331 τὴν
2928 1262 3315 1333 κεκρυμμένην
3361 1263 3598 1333 ἀπάτην,
3635 1267 3730 1318 καὶ

2157 1355 2414 1426 παρέχειν
2450 1354 2578 1416 ἴσως
2612 1352 2864 1424 ἀφορμὰς
2898 1355 3010 1416 τοῖς
3047 1353 3354 1412 ἀκούουσιν,
3383 1355 3458 1417 ὡς
3478 1355 3576 1408 ούκ
3605 1357 3730 1426 ἀλη-

2158 1446 2266 1509 θῶς
2287 1446 2441 1516 ἡμῶν
2467 1445 2637 1498 ταῦτα
2661 1449 2770 1505 τοῖς
2793 1443 3000 1516 ἐχθροῖς
3025 1447 3406 1516 προφερόντων
3427 1465 3440 1511 ;
3468 1447 3596 1500 Ἰδοὺ
3621 1450 3728 1519 γάρ

465 1546 611 1598 enim
673 1543 831 1596 nobis
879 1540 1079 1596 nudam
1128 1544 1350 1610 exponit
1417 1541 1831 1609 blasphemiam,
1899 1538 2049 1592 nullo

2157 1542 2366 1610 γυμνὴν
2406 1541 2536 1610 ἡμῖν
2570 1538 2842 1591 ἐκτίθεται
2876 1539 2973 1606 τὴν
3003 1537 3371 1608 βλασφημίαν,
3417 1539 3485 1592 δι’
3519 1540 3730 1600 οὐδενὸς

464 1637 734 1691 velamine
768 1635 952 1688 dolum
987 1635 1103 1689 sive
1135 1636 1378 1686 fraudein
1409 1635 1716 1696 occultans,
1749 1633 1842 1687 sed
1875 1631 2048 1686 auda-

464 1735 582 1781 cter
609 1727 847 1781 absurda
875 1727 1104 1796 loquens
1138 1725 1306 1778 libera
1332 1741 1465 1780 voce
1494 1744 1506 1778 :
1547 1725 1627 1779 sic
1661 1725 1806 1778 enim
1847 1725 2052 1793 scripta

468 1819 667 1872 habent
697 1837 708 1871 :
751 1817 865 1870 Nos
895 1817 1155 1887 equidem,
1190 1818 1386 1885 inquit,
1420 1817 1552 1869 nihil
1585 1816 1734 1868 aliud
1786 1817 2050 1869 invenien-

468 1918 541 1962 tes
571 1920 763 1976 praeter
791 1911 1070 1963 essentiam
1106 1907 1236 1961 Filii
1270 1907 1406 1977 quod
1435 1912 1819 1978 generationem
1852 1909 2049 1973 capiat,

466 2003 521 2054 in
573 2001 755 2054 eadem
817 2003 1044 2054 essentia
1097 2010 1346 2068 putamus
1377 2009 1614 2064 oportere
1670 2000 2048 2068 appellationes

467 2094 735 2157 ordinare,
764 2093 868 2145 sive
898 2091 1053 2144 nudis
1075 2102 1122 2145 et
1143 2092 1366 2145 exilibus
1394 2092 1558 2144 verbis
1581 2092 1818 2144 dicamus
1851 2088 2052 2143 Filium

465 2195 514 2238 et
545 2186 794 2254 genitum,
832 2185 938 2237 sive
969 2184 1082 2236 licet:
1102 2183 1166 2235 ab
1201 2185 1429 2236 essentia
1481 2183 1817 2243 direllamus,
1854 2197 1919 2236 ex
1969 2183 2050 2236 liis

467 2276 674 2328 incitati
717 2277 973 2328 essentias
1008 2293 1039 2327 a
1071 2291 1125 2327 se
1157 2276 1375 2328 invicem
1404 2284 1680 2343 separatas
1727 2275 1931 2328 distare
1954 2276 2050 2343 ﬁr-

468 2369 620 2419 miter
673 2377 926 2420 tenemus.
979 2365 1123 2419 Nihil
1162 2382 1440 2436 opusesse
1469 2375 1600 2436 puto
1655 2367 2050 2421 absurditati-in

466 2472 588 2524 qua:
636 2456 688 2509 in
719 2456 802 2510 his
839 2456 1006 2508 dictis
1038 2463 1142 2519 est,
1215 2455 1423 2508 nostris
1481 2456 1830 2510 sermonibus
1865 2473 2051 2525 repre-

467 2546 653 2600 hendi.
704 2547 824 2616 Ipsa
857 2548 1004 2600 enim
1061 2546 1394 2616 scriptorum
1450 2546 1614 2599 lectio
1662 2548 1798 2601 satis
1872 2556 2052 2616 potest

466 2635 859 2704 blasphemiam
938 2645 1165 2701 notare;
1246 2636 1326 2690 sic
1400 2638 1545 2690 enim
1625 2639 2049 2706 perspiciamus:

467 2725 748 2780 Essentias
787 2724 969 2779 Patris
999 2733 1054 2779 et
1083 2725 1203 2780 Filii
1261 2734 1544 2794 separatas
1575 2741 1604 2779 a
1643 2743 1700 2782 se
1717 2728 2052 2783 diﬂ'crreau-

467 2827 665 2871 tumat.
693 2815 832 2882 Quid
864 2816 1028 2885 igitur
1059 2831 1154 2884 per
1182 2817 1654 2886 παρηλλαγμένον,
1697 2818 1772 2884 (id
1807 2826 1910 2880 est,
1940 2821 2052 2874 dis-

2155 1633 2619 1704 προκαλύμματος
2677 1631 2766 1683 τὸν
2829 1631 2975 1684 δόλον
3040 1632 3541 1701 ἐπικρυπτόμενος,
3615 1632 3738 1686 ἀλλ’

2153 1724 2738 1796 ἐμπαρρησιαζόμενος
2788 1725 2900 1786 τοῖς
2948 1723 3168 1786 ἀτόποις
3223 1724 3482 1796 ἐλευθέρα
3534 1727 3726 1795 φωνῇ·

2152 1817 2295 1870 οὕτω
2322 1816 2378 1867 δὲ
2411 1816 2523 1885 ἔχει
2561 1815 2629 1866 τά
2662 1813 3021 1884 γεγραμμένα
3043 1822 3057 1836 ⁸
3084 1813 3278 1882 Ἡμεῖς
3311 1815 3428 1882 μὲν
3458 1811 3591 1880 οὖν,
3627 1833 3730 1886 φη-

2154 1910 2257 1971 σὶν,
2293 1906 2472 1961 οὐδὲν
2508 1906 2717 1972 ἕτερον
2749 1905 3134 1973 εὑρίσκοντες
3180 1907 3339 1973 παρὰ
3368 1907 3481 1974 τὴν
3509 1910 3730 1962 οὐσίαν

2152 1997 2256 2052 τοῦ
2296 1996 2431 2050 Υἱοῦ
2459 1994 2525 2048 τὸ
2559 1995 2886 2062 δεχόμενον
2923 1993 3037 2060 τὴν
3065 1994 3370 2063 γέννησιν,
3416 1995 3508 2047 ἐπ’
3540 1996 3730 2062 αὐτῆς

2152 2089 2262 2156 τῆς
2283 2088 2498 2151 οὐσίας
2521 2085 2752 2139 τάττειν
2771 2085 3006 2154 οἰόμεθα
3027 2083 3153 2137 δεῖν
3174 2085 3278 2150 τὰς
3300 2087 3727 2154 προσηγορίας,

2151 2179 2273 2245 εἴτε
2304 2177 2398 2228 καὶ
2433 2175 2638 2239 ψιλοῖς
2663 2174 2890 2242 ῥήμασι
2932 2175 3188 2243 λέγομεν
3227 2175 3360 2227 Υίὸν
3384 2176 3478 2228 καὶ
3520 2194 3732 2245 γεννη-

2152 2268 2278 2331 τὸν,
2307 2267 2360 2320 εἷ
2390 2283 2454 2334 γε
2484 2264 2670 2317 ταῦτα
2697 2263 2807 2330 τῆς
2840 2265 3056 2328 οὐσίας
3081 2265 3462 2334 χωρίσαιμεν,
3503 2266 3570 2318 ἐκ
3596 2267 3730 2320 τού-

2153 2374 2271 2410 των
2307 2355 2625 2424 ὁρμώμενοι
2665 2354 2763 2407 καὶ
2811 2352 2876 2406 τὸ
2922 2353 3338 2421 παρηλλάχθαι
3380 2355 3486 2420 τὰς
3516 2357 3729 2423 οὐσίας

2153 2448 2442 2514 ἀλλήλων
2485 2448 2870 2514 mamma-70a.
2908 2447 3072 2498 Οὐδὲν
3113 2442 3262 2515 οἶμαι
3302 2448 3497 2517 χρῆναι
3539 2449 3636 2518 τὴν
3672 2452 3730 2502 ἓν

2151 2538 2264 2598 τοῖς
2289 2535 2598 2606 εἰρημένοις
2626 2535 2853 2587 ἀτοπίαν
2876 2535 2964 2586 διὰ
2983 2533 3089 2586 τῶν
3113 2536 3392 2604 ἡμετέρων
3417 2537 3729 2607 ἐλέγχεσθαι

2153 2629 2346 2696 λόγων.
2404 2627 2550 2697 Αὐτὴ
2601 2627 2710 2698 γὰρ
2751 2629 2783 2696 ή
2833 2626 2940 2679 τῶν
2979 2627 3378 2695 γεγραμμένων
3427 2629 3732 2696 ἀνάγνωσις

2155 2719 2315 2790 ἱκανὴ
2346 2719 2688 2789 στηλιτεῦσαι
2729 2718 2827 2787 τὴν
2870 2717 3237 2786 βλασφημίαν.
3280 2720 3492 2772 Ούτωσὶ
3525 2720 3578 2772 δὲ
3616 2721 3724 2772 δια-

2158 2810 2547 2882 σκοπήσωμεν⁶
2573 2808 2957 2880 Παρηλλάχθαι
2984 2809 3131 2876 λέγει
3154 2808 3250 2872 τὰς
3279 2812 3465 2874 οὐσίας
3488 2813 3731 2883 ἀλλήλων

467 2922 698 2976 crepans
741 2915 794 2961 et
828 2905 1128 2976 diversum)
1172 2906 1554 2976 significatur?
1597 2905 1839 2960 Primum
1878 2910 2046 2978 ipsam

2153 2903 2244 2955 τοῦ
2276 2900 2404 2954 Υίοῦ
2433 2917 2493 2952 τε
2532 2902 2625 2952 καλ⁸
2674 2899 2767 2952 τοῦ
2802 2900 3030 2971 Πατρός.
3077 2901 3142 2952 Τί
3171 2902 3347 2954 τοίνυν
3378 2903 3464 2955 διὰ
3492 2905 3584 2956 τοῦ
3619 2923 3730 2958 στα-

467 3000 725 3053 dictionis
755 2999 866 3052 vim
898 3009 949 3052 et
972 2997 1425 3066 signiﬁcationem
1461 3001 1750 3067 separatim
1774 3002 2050 3054 examine-

469 3107 612 3152 nius.
645 3100 702 3143 ut
739 3091 912 3159 magis
974 3106 1069 3158 per
1106 3091 1272 3159 hujus
1329 3090 1482 3143 verbi
1545 3092 2049 3160 interpretationem

469 3183 694 3252 impium
727 3182 1026 3236 convitium
1078 3181 1382 3252 detegatur.
1418 3181 1627 3236 Dicitur
1673 3199 1804 3252 ergo
1839 3183 1894 3236 in
1923 3200 2054 3237 con-

468 3273 777 3328 suetudinis
853 3274 1116 3328 abusione
1196 3275 1299 3326 hoc
1351 3289 1546 3326 nomen
1619 3273 1718 3344 τῆς
1775 3271 2052 3343 παραλλαο

466 3366 592 3434 γῆς,
636 3366 690 3417 in
730 3366 1056 3432 corporibus
1107 3366 1349 3434 quidem,
1373 3366 1592 3433 quando
1621 3382 1685 3419 ex
1720 3369 2054 3420 resolutione

477 3456 551 3509 (el
580 3456 684 3508 alia
721 3457 1072 3524 perpessione
1129 3457 1434 3510 membrum
1462 3456 1684 3524 aliquod
1732 3472 1761 3509 a
1815 3459 2048 3510 naturali

467 3556 735 3621 concentu
799 3562 1110 3614 perversum
1150 3555 1204 3600 et
1257 3547 1534 3601 detortum
1575 3548 1761 3601 fuerit.
1821 3548 1954 3601 Nam
1985 3566 2051 3603 ex

468 3638 744 3689 contraria
802 3637 1072 3706 positione
1122 3636 1299 3690 all'ecti
1350 3639 1579 3692 membri
1627 3655 1749 3693 cmn
1794 3656 1858 3693 eo
1907 3641 2052 3709 quod

469 3743 669 3782 sanum
721 3735 824 3793 est,
891 3729 946 3780 in
987 3729 1230 3782 deterius
1276 3732 1686 3797 perversionem
1726 3732 1846 3799 ejus
1899 3731 2050 3802 quod

473 3834 787 3889 perpessum
825 3817 924 3872 fuit
953 3819 1315 3891 παραλλαγήν
1356 3823 1724 3877 nominamus.
1756 3821 1813 3876 In
1841 3825 1924 3877 his
1957 3840 2053 3878 au—

473 3923 578 3964 tem
605 3912 696 3980 qui
729 3912 783 3964 in
838 3912 1083 3965 moribus
1135 3913 1437 3966 secundum
1466 3914 1720 3967 virtutem
1761 3925 1814 3968 et
1855 3916 2052 3968 vitium

468 4003 750 4066 dillerunt,
809 4018 932 4054 cum
985 4002 1356 4070 intemperans
1392 4005 1500 4056 vita
1550 4019 1698 4072 purae
1738 4014 1791 4058 et
1845 4015 2050 4074 tempe-

469 4093 613 4146 ranti
656 4094 972 4162 opponitur,
1027 4093 1286 4161 veljusto
1339 4095 1599 4162 injustus,
1651 4097 1734 4150 vel
1765 4108 2051 4151 mansueto

466 4193 523 4240 et
556 4187 779 4254 pacitico
814 4195 868 4238 et
897 4185 1104 4255 quieto,
1142 4186 1469 4248 iracundus,
1516 4187 1832 4250 bellicosus,
1865 4196 1918 4241 et
1955 4190 2047 4257 qui

2144 2990 2571 3062 ρηλλαγμένου
2622 2991 2974 3060 σημαίνεται;
3029 2991 3254 3062 Πρῶτον
3301 2995 3470 3065 αὐτὴν
3503 2997 3599 3067 τὴν
3631 2999 3732 3066 τῆς

2152 3089 2350 3153 λέξεως
2389 3088 2624 3158 ἔμφασιν
2661 3089 2742 3156 ἐφ’
2768 3088 2970 3141 ἑαυτῶν
3003 3086 3362 3160 ἐξετάσωμεν,
3394 3092 3468 3154 ὡς
3506 3093 3573 3144 ἂν
3600 3093 3733 3162 μᾶ).-

2152 3181 2241 3232 λον
2280 3179 2367 3233 διὰ
2393 3181 2490 3249 τῆς
2535 3179 2627 3232 τοῦ
2677 3182 2917 3250 ῥήματος
2948 3181 3241 3252 ἑρμηνείας
3282 3183 3644 3254 ἑκκαλυφθείη
3670 3184 3731 3237 τδ

2155 3274 2492 3344 βλάσφημον.
2544 3273 2774 3341 Λέγεται
2823 3274 2998 3326 τοίνυν
3035 3277 3092 3326 ἑν
3129 3279 3194 3346 τῇ
3256 3278 3590 3346 καταχρήσει
3630 3278 3731 3347 τῆς

2157 3368 2438 3437 συνηθείας
2468 3367 2527 3417 τὸ
2564 3369 2712 3437 ῥῆμα
2758 3368 2856 3435 τῆς
2901 3367 3269 3438 παραλλαγῆς,
3311 3369 3405 3420 ἐπὶ
3456 3370 3721 3438 σωμάτων

2157 3460 2274 3528 μὲν,
2319 3460 2446 3511 ὅταν
2502 3460 2565 3509 ἑκ
2617 3457 2973 3527 παραλύσεως
3025 3455 3059 3527 ἦ
3105 3475 3247 3520 τινος
3291 3458 3478 3528 ἑτέρου
3526 3459 3729 3521 πάθους

2153 3552 2489 3621 παρατραπῇ
2517 3567 2566 3602 τι
2604 3549 2761 3620 μέλος
2798 3550 2896 3618 τῆς
2926 3550 3158 3619 φυσικῆς
3184 3551 3466 3619 ἁρμονίας.
3505 3551 3598 3602 Ἐκ
3621 3553 3726 3621 γάρ

2152 3643 2250 3712 τῆς
2293 3642 2428 3711 πρὸς
2477 3642 2538 3692 τὸ
2578 3642 2814 3708 ὑγιαῖνον
2847 3642 2940 3694 τοῦ
2992 3639 3318 3703 πεπονθότος
3369 3642 3729 3712 ἀντιπαραθέ-

2155 3750 2292 3795 σεως
2324 3733 2421 3803 τὴν
2453 3731 2588 3802 πρὸς
2622 3731 2681 3785 τὸ
2708 3734 2888 3802 χεῖρον
2911 3729 3266 3800 παρατροπὴν
3287 3731 3379 3783 τοῦ
3427 3729 3728 3801 παραδεξα-

2156 3825 2317 3894 μένου
2359 3824 2419 3876 τὸ
2461 3823 2646 3886 πάθος.
2699 3822 3051 3892 παραλλαγὴν
3094 3821 3451 3891 ὀνομάζομεν.
3501 3824 3621 3874 Ἐπὶ
3670 3824 3726 3876 δὲ

2151 3917 2258 3969 τῶν
2291 3917 2347 3968 ὲν
2387 3915 2506 3986 ἤθει
2559 3917 2674 3968 κατ’
2709 3917 2906 3986 ἀρετὴν
2959 3915 3054 3967 καὶ
3103 3913 3302 3966 κακίαν
3341 3913 3724 3981 διαφερόντων,

2150 4007 2277 4059 ὅταν
2301 4009 2328 4059 ὁ
2356 4005 2648 4068 ἀκόλαστος
2679 4005 2788 4074 βίος
2819 4003 3204 4075 ἀντιπαρατιθέ
3214 4023 3369 4074 μενος
3398 4004 3474 4074 τῷ
3505 4005 3726 4073 καθαρῷ

2151 4116 2210 4152 τε
2244 4099 2337 4151 καὶ
2383 4097 2637 4168 σώφρονι,
2683 4099 2714 4167 ῆ
2753 4097 2830 4166 τῷ
2868 4097 3060 4166 δικαίῳ
3100 4097 3128 4148 ὁ
3165 4097 3366 4159 ἄδικος,
3399 4097 3430 4167 ῆ
3464 4097 3598 4166 πρὸς
3637 4097 3727 4148 τὸν

2154 4191 2325 4260 πρᾷόν
2353 4207 2410 4241 τε
2443 4191 2536 4242 καὶ
2561 4191 2833 4259 εἰρηνικόν
2863 4207 2919 4241 τε
2945 4189 3037 4241 καὶ
3063 4189 3302 4259 ἡσύχιον,
3341 4192 3368 4242 ὀ
3391 4189 3642 4258 θυμώδης
3666 4207 3725 4242 τε

469 4279 604 4332 iram
641 4277 938 4331 recondere
979 4295 1086 4331 non
1142 4289 1318 4347 potest
1353 4296 1364 4332 :
1404 4289 1456 4333 et
1508 4281 1732 4332 omnino
1784 4280 2047 4349 quidquid

2155 4283 2247 4334 καὶ
2288 4282 2604 4351 πολεμικὸς,
2645 4281 2738 4332 καὶ
2777 4280 2872 4351 τὴν
2898 4281 3062 4352 ὀργὴν
3111 4281 3470 4351 ἀταμίευτος·
3499 4282 3591 4333 καὶ
3621 4283 3726 4334 πᾶν

468 4368 710 4422 melioris
735 4367 1076 4436 oppositione
1110 4368 1162 4420 in
1188 4370 1320 4421 vitio
1349 4379 1642 4422 aecusatur
1671 4368 2049 4439 παρηλλάχθαι

468 4460 670 4512 dicitur
686 4461 758 4530 (id
772 4473 854 4513 est
876 4460 1232 4528 discrepare).
1253 4459 1388 4524 Quia
1408 4477 1514 4513 non
1545 4461 1650 4513 illis
1665 4461 1893 4514 invicem
1913 4465 2054 4517 acci-

469 4555 602 4606 dant
635 4569 756 4622 qua:
787 4553 842 4605 in
874 4554 1120 4620 utrisque
1143 4562 1270 4605 sunt
1299 4553 1534 4620 insignia
1565 4553 1764 4606 indicia
1787 4594 1802 4615 ,
1837 4554 2048 4608 honesti

470 4645 662 4698 dicoct
678 4645 985 4699 deterioris.
1007 4644 1272 4698 Praeterea
1295 4644 1673 4714 παρηλλάχθαι
1692 4646 2048 4716 (discrepare)

471 4733 705 4787 dicimus
741 4736 1031 4802 qualitates
1057 4750 1178 4802 qua:
1215 4735 1266 4786 in
1290 4735 1571 4788 elementis
1605 4735 2047 4802 considerantur,

473 4842 591 4894 quae
621 4842 684 4878 ex
709 4810 984 4880 contrario
1015 4827 1117 4879 sibi
1143 4827 1372 4878 invicem
1403 4837 1720 4887 occurrunt,
1747 4829 2049 4895 corruptri-

473 4931 589 4968 cem
618 4915 724 4966 vim
777 4923 969 4967 mutuo
1013 4915 1296 4977 habentes,
1327 4922 1386 4965 ut
1417 4914 1656 4968 calidum
1679 4926 1732 4969 et
1763 4915 2042 4986 frigidum,

473 5007 556 5060 vel
589 5007 795 5061 siccum
849 5019 901 5060 et
951 5006 1254 5068 humidum,
1295 5006 1378 5059 vel
1416 5006 1638 5060 omnino
1675 5007 1854 5076 siquid
1894 5009 2048 5062 alteri

474 5099 754 5151 contrario
809 5098 1102 5166 opponitur
1160 5103 1214 5149 et
1274 5093 1418 5162 quod
1480 5095 1535 5148 in
1581 5095 1666 5149 his
1712 5097 1863 5149 nullo
1891 5097 2050 5150 tnodo

475 5200 655 5259 potest
681 5193 851 5253 coire,
883 5189 1232 5259 παραλλαγῆς
1274 5189 1492 5241 nomine
1560 5187 1635 5257 (id
1660 5195 1763 5251 est,
1797 5187 2053 5242 dilferen—

475 5289 583 5346 tne,
616 5283 730 5337 sive
761 5284 1164 5352 discrepantize)
1206 5283 1654 5349 interpretamur.
1698 5282 1764 5335 Et
1793 5282 2054 5351 quidquid

475 5391 699 5445 prorsus
725 5377 972 5428 dissouat
1000 5375 1067 5427 ab
1091 5377 1261 5428 altero
1293 5376 1346 5426 in
1377 5375 1462 5427 his
1494 5373 1729 5437 indiciis,
1757 5389 1823 5428 ex
1852 5374 2051 5444 quibus

541 5475 586 5506 "
610 5473 770 5528 Rom.
799 5490 854 5535 x,
890 5474 977 5525 10.
1055 5472 1101 5502 ’⁸⁸
1135 5470 1275 5524 Psal.
1303 5469 1474 5534 xm,l
1516 5484 1634 5539 sqq.

543 5571 621 5641 (ai
654 5570 836 5624 Locus
864 5571 942 5625 sic
971 5567 1426 5641 restituendus-ex
1452 5568 1788 5641 cotl.Bavar.
1809 5609 1824 5623 .
1843 5607 1858 5621 .
1881 5609 1895 5641 .
1921 5570 2056 5638 πρὸς

469 5637 561 5697 τὸν
592 5642 717 5694 νοῦν
755 5641 972 5709 βλέπειν
1019 5640 1126 5693 τῶν
1167 5637 1623 5710 προϐαλλομένων
1655 5640 1816 5710 δῆθεν
1845 5639 1912 5710 τά
1961 5637 2060 5706 τῆς

470 5715 705 5775 πίστεως
736 5708 976 5780 ῥήματα,
1001 5711 1073 5780 μὴ
1099 5708 1358 5780 πρὸςτάς
1382 5708 1566 5774 φωνὰς
1585 5708 1954 5780 δελεάζεσθαι.
1997 5710 2058 5762 Εἰ

471 5781 561 5836 οὖν
592 5783 716 5834 Tibi;
738 5779 914 5846 λέγων
927 5783 988 5834 ού
1010 5779 1367 5851 πρδςκτίσμα
1390 5779 1576 5849 βλέπει
1595 5782 1681 5834 διὰ
1711 5782 1811 5850 τῆς
1839 5779 2054 5851 λέξεως,

473 5854 736 5916 ἡμέτερος
782 5853 874 5906 καὶ
912 5853 1034 5917 οὐχὶ
1056 5849 1164 5905 τῶν
1198 5849 1456 5907 ἐναντίων
1487 5852 1650 5908 ἐστίν.
1690 5852 1823 5919 Quae
1865 5849 2058 5906 Latine

2153 4375 2288 4436 ὅλως
2317 4373 2377 4426 τὺ
2402 4377 2467 4443 τῇ
2502 4373 2800 4444 παραθέσει
2824 4374 2916 4425 τοῦ
2944 4374 3248 4444 κρείττονος
3274 4375 3330 4425 ἑν
3359 4374 3523 4442 κακία
3560 4391 3728 4442 κατη-

2151 4464 2514 4535 γορούμενον,
2574 4463 2951 4533 παρηλλάχθαι
3014 4461 3282 4531 λέγεται·
3326 4461 3402 4532 τῷ
3461 4462 3534 4532 μὴ
3588 4479 3725 4531 συμ-

2154 4553 2358 4607 ϐαίνειν
2390 4553 2636 4624 ἀλλήλοις
2669 4554 2736 4606 τά
2776 4554 2862 4605 ἐπ’
2892 4553 3214 4623 ἀμφοτέρων
3235 4551 3607 4620 γνωρίσματα,
3631 4550 3722 4602 τοῦ

2156 4661 2215 4696 τε
2257 4643 2420 4696 κοιλοῦ
2464 4661 2606 4713 φημι
2647 4643 2864 4696 καὶτοῦ
2896 4642 3155 4713 χείρονος.
3190 4642 3308 4693 Ἔτι
3348 4639 3725 4711 παρηλλάχθαι

2158 4735 2336 4804 φαμὲν
2375 4736 2468 4787 καὶ
2497 4737 2594 4798 τὰς
2623 4736 2714 4788 ἐπὶ
2743 4736 2850 4788 τῶν
2879 4734 3152 4804 στοιχείων
3178 4732 3556 4803 θεωρουμένας
3581 4732 3726 4784 ποιό-

2154 4845 2341 4898 τητας,
2370 4830 2490 4883 ὅσαι
2529 4829 2671 4880 κατά
2714 4828 2772 4880 τὸ
2809 4827 3046 4880 ἐναντίον
3095 4826 3518 4894 ἀκιτιστοιχοῦσιν
3568 4825 3727 4894 ἀλλή-

2154 4919 2294 4983 λαις,
2325 4919 2630 4990 φθαρτικὴν
2660 4923 2782 4972 κατ’
2818 4919 3056 4990 ἀλλήλων
3101 4919 3314 4988 ἔχουσαι
3345 4918 3592 4985 δύναμιν,
3616 4913 3725 4968 οἷον

2147 5012 2210 5064 τὸ
2233 5011 2431 5081 θερμόν
2455 5029 2512 5063 τε
2527 5011 2692 5064 καὶτὸ
2712 5011 2935 5080 ψυχρὸν,
2958 5009 2990 5080 ἢ
3010 5009 3071 5061 τὸ
3094 5008 3253 5078 ξηρόν
3273 5025 3330 5060 τε
3346 5007 3519 5071 καὶγτὸ
3541 5008 3723 5078 ὑγρὸν,

2151 5103 2184 5174 ἦ
2211 5104 2365 5166 ὅλως,
2394 5104 2447 5155 εί
2467 5121 2521 5154 τιν
2564 5103 2733 5173 ἑτέρῳ
2773 5104 2907 5173 πρὸς
2929 5101 2991 5154 τὸ
3015 5103 3252 5153 ἐναντίον
3281 5099 3724 5166 ἀντικαθέστηκε,

2153 5195 2340 5247 καὶτὸ
2381 5195 2438 5246 ὲν
2490 5194 2701 5258 τούτοις
2735 5193 3067 5263 ἀσύμϐατον,
3112 5193 3190 5262 τῷ
3235 5193 3333 5262 τῆς
3373 5190 3728 5261 παραλλαγῆς

2152 5284 2578 5356 διερμηνεύομεν
2617 5287 2840 5356 ῥήματι.
2883 5283 2993 5338 Καὶ
3037 5286 3144 5337 πᾶν
3182 5283 3316 5346 ὅλως
3344 5282 3406 5334 τὸ
3429 5279 3728 5347 διαφωνοῦν

2163 5377 2297 5447 πρὸς
2319 5377 2381 5430 τὸ
2403 5378 2588 5447 ἕτερον
2617 5377 2675 5428 ἑν
2703 5379 2812 5440 τοῖς
2845 5375 3330 5446 ἑπιθεωρουμένοις
3362 5372 3726 5442 γνωρίσμασι,

2168 5568 2246 5642 sic
2269 5580 2448 5624 vertes
2481 5590 2492 5625 :
2536 5570 2668 5624 Eam
2699 5573 2759 5626 ob
2791 5590 3008 5626 causam
3049 5573 3164 5626 dico
3211 5575 3595 5642 respiciendum
3632 5590 3738 5630 esse

2159 5638 2472 5714 ad-nientem
2497 5658 2679 5694 eorum
2719 5645 2807 5710 qui
2833 5643 3088 5714 vocabula
3115 5645 3239 5714 fidei
3262 5638 3536 5711 proferunt
3563 5654 3610 5697 et
3640 5662 3739 5698 non

2158 5710 2288 5785 solis
2320 5712 2532 5785 vocibus
2554 5714 2804 5785 inescari.
2841 5712 2900 5779 Si
2925 5716 3089 5783 igitur
3115 5710 3205 5785 qui
3247 5710 3445 5769 Filium
3477 5717 3736 5778 nominat,

2156 5778 2253 5832 hoc
2279 5782 2632 5856 vocabulum!
2663 5778 2965 5841 creaturam
2992 5801 3094 5840 non
3127 5778 3358 5856 respicit,
3384 5796 3559 5842 noster
3589 5796 3738 5842 estet

2158 5867 2260 5907 non
2285 5854 2735 5909 adversariorum.
