4138 6364
416 415 523 471 669

1534 408 1813 466 CONTRA
1855 406 2242 474 EUNOMIUM,
2292 406 2419 462 LIB.
2461 406 2553 462 IV.

3572 403 3676 460 670

414 529 524 582 τῶν
566 526 1033 600 παρηλλαγμένων
1074 526 1252 580 ἐστίν’
1292 525 1368 588 ὡς
1417 527 1597 594 ὑγίεια
1644 527 1781 597 πρὸς
1813 528 1987 590 νόσον,

2097 525 2211 593 ejus
2243 525 2326 579 vis
2364 532 2416 578 et
2457 531 2652 576 natura
2710 520 3052 591 dignoscitur
3083 519 3225 574 inter
3251 517 3675 591 παρηλλαγμένα

415 620 512 672 καὶ
536 619 666 688 πρὸς
701 619 926 672 θάνατον
951 616 1136 688 ὴζωὴ,
1167 617 1258 670 καὶ
1282 617 1418 687 πρὸς
1437 619 1658 688 εἰρήνην
1686 621 1714 670 ὁ
1741 618 1992 688 πόλεμος,

418 712 510 766 καὶ
540 711 708 784 ἀρετὴ
747 714 881 784 πρὸς
918 714 1136 777 κακίαν,
1174 712 1266 764 καὶ
1291 713 1388 765 ὅσα
1407 711 1612 773 τούτοις
1642 712 1788 764 ἐστὶν
1816 710 1996 782 ὁμοιό-

416 821 612 874 τροπα.

487 895 705 946 Τούτων
736 894 793 947 δὲ
836 897 967 965 ἡμῖν
1002 895 1141 948 οὕτω
1179 894 1681 965 διευκρινηθέντων,
1728 893 1995 962 κατανοή-

419 1005 600 1058 σωμεν
634 988 727 1041 καὶ
749 987 841 1041 ἐπὶ
879 988 1241 1057 λογογράφου,
1274 987 1390 1048 πῶς
1423 984 1800 1056 παρηλλάχθαι
1845 984 1992 1051 λέγει

418 1081 515 1144 τὰς
543 1080 730 1143 οὐσίας
759 1080 999 1151 ἀλλήλων
1027 1081 1118 1133 ἐπὶ
1159 1079 1253 1133 τοῦ
1283 1079 1494 1149 Πατρός
1523 1096 1580 1130 τε
1611 1079 1703 1132 καὶ
1731 1075 1879 1130 Υίοῦ.
1927 1077 1992 1128 Τί

417 1173 575 1226 τοῦτο
601 1173 806 1240 λέγων;
851 1170 976 1243 *Δρ*
1005 1173 1078 1235 ὡς
1125 1172 1218 1225 τοῦ
1253 1173 1465 1242 Πατρὺς
1507 1173 1603 1241 μὲν
1650 1171 1800 1234 ὄντος
1850 1169 1993 1224 κατὰ

418 1264 598 1332 φύσιν,
626 1264 718 1318 τοῦ
749 1265 804 1317 δὲ
845 1264 975 1317 Υἱοῦ
1010 1264 1462 1336 παρηλλαγμένου
1500 1264 1598 1332 τῆς
1638 1264 1884 1331 φύσεως.
1919 1264 1990 1315 ’Ἦ

417 1357 515 1426 τὴν
543 1357 642 1426 τῆς
664 1358 861 1428 ἀρετῆς
882 1357 1238 1429 παρατροπὴν
1257 1355 1335 1425 τῷ
1357 1356 1559 1426 ῥήματι
1583 1354 1754 1424 τούτῳ
1774 1353 1991 1424 διερμη-

416 1449 581 1514 νεύει,
610 1450 856 1520 χωρίζων
883 1449 960 1519 τῷ
987 1450 1084 1517 τῆς
1115 1447 1468 1518 παραλλαγῆς
1500 1447 1718 1517 ὀνόματι
1736 1447 1796 1499 τὸ
1823 1446 1989 1499 κακὸν

417 1540 525 1593 ἀπὸ
555 1539 648 1592 τοῦ
679 1540 1005 1609 κρείττονος,
1041 1539 1114 1599 ὡς
1138 1539 1340 1607 ταύτην
1377 1539 1474 1608 μὲν
1508 1541 1565 1590 ὲν
1602 1537 1678 1608 τῷ
1713 1536 1862 1606 καλῷ
1892 1537 1989 1606 τὴν

415 1632 602 1684 οὐσίαν
636 1631 873 1701 βλέπειν,
906 1632 962 1684 ὲν
989 1632 1045 1684 δὲ
1085 1631 1160 1701 τῷ
1194 1631 1418 1701 ἐναντίῳ
1445 1630 1542 1700 τὴν
1570 1630 1758 1700 dum;
1785 1629 1817 1699 ἢ
1849 1627 1991 1681 κατὰ

415 1722 507 1775 τὸν
541 1723 696 1790 λόγον
735 1723 833 1792 τῆς
865 1723 974 1774 τῶν
1019 1722 1294 1791 στοιχείων
1326 1717 1712 1784 ἐναντιώσεως,
1759 1721 1852 1773 καὶ
1890 1721 1988 1790 τὴν

418 1813 568 1866 θείαν
601 1813 786 1866 οὐσίαν
819 1813 1196 1884 παρηλλάχθαι
1225 1813 1323 1885 τὴν
1360 1813 1551 1884 ἑτέραν
1583 1815 1646 1866 ὲκ
1673 1816 1770 1884 τῆς
1796 1813 1988 1884 ἐτέρας

2101 616 2177 688 (id
2203 624 2307 680 est,
2326 615 2623 684 disjuncta)
2645 615 2883 684 ponitur,
2911 621 2969 667 ut
2995 613 3204 668 sanitas
3225 629 3253 666 a
3277 613 3469 667 morbo
3491 622 3544 667 et
3566 613 3676 666 vita

2098 725 2128 763 a
2159 718 2352 771 morte,
2381 716 2434 761 et
2477 723 2506 760 a
2546 721 2678 776 pace
2725 706 2948 767 bellum,
2981 715 3034 760 et
3061 706 3234 761 virtus
3255 721 3285 758 a
3307 706 3460 772 vitio,
3475 713 3527 759 et
3556 721 3678 774 qua:

2097 808 2225 854 sunt
2248 796 2491 866 ejusdem
2512 797 2678 858 modi,
2703 797 2885 849 omnia
2905 811 2934 848 a
2960 811 3020 850 se
3053 795 3286 850 invicem
3308 795 3600 850 dissident.

2143 884 2265 946 'His
2298 900 2475 944 autem
2509 889 2588 942 sic
2623 887 2900 942 distinctis
2927 886 2982 940 in
3037 885 3144 940 hoc
3179 885 3446 954 scriptore
3469 886 3677 954 cogite-

2050 1025 2059 1033 .
2097 999 2242 1044 tntis.
2259 982 2532 1052 quomodo
2549 981 2682 1033 dicit
2702 980 2967 1032 essentias
2985 978 3037 1030 in
3058 976 3216 1029 Patre
3235 991 3298 1028 ac
3312 973 3450 1028 Filio
3467 975 3681 1044 παρηλ-

2095 1073 2290 1143 λάχθαι
2313 1071 2662 1142 (disjunctas)
2681 1085 2804 1124 esse
2823 1084 2851 1121 a
2875 1083 2932 1122 se
2954 1068 3208 1120 invicem.
3244 1065 3353 1118 Cur
3378 1065 3480 1118 hoc
3509 1064 3678 1118 dicit?

2095 1179 2162 1217 an
2181 1164 2306 1234 quia
2326 1162 2482 1217 Pater
2499 1173 2580 1216 est
2599 1159 2897 1214 secundum
2915 1167 3190 1221 naturam,
3215 1165 3262 1211 et
3292 1156 3460 1210 Filius
3475 1157 3678 1227 παρηλ-

2093 1255 2360 1326 λαγμένος
2411 1251 2770 1324 (discrepans)
2800 1266 2828 1304 a
2861 1254 3087 1305 natura?
3131 1249 3214 1302 vel
3251 1248 3468 1302 virtutis
3497 1265 3679 1317 παρα-

2091 1350 2301 1420 τροπήν
2331 1343 2783 1415 (perversionem)
2815 1345 2918 1396 hoc
2947 1343 3111 1396 verbo
3140 1342 3554 1411 interpretatur,
3586 1357 3675 1396 se-

2093 1453 2292 1507 parans
2310 1434 2665 1507 παραλλαγῆς
2684 1431 3044 1503 (differentiae)
3059 1433 3300 1495 nomine,
3315 1430 3460 1501 quod
3477 1431 3676 1484 malum

2092 1537 2176 1583 est
2209 1544 2238 1582 a
2273 1528 2515 1591 meliore,
2561 1535 2617 1578 ut
2642 1526 2781 1578 hanc
2813 1524 2865 1577 in
2891 1523 3119 1592 pulchro
3148 1532 3200 1577 et
3225 1525 3455 1578 honesto
3491 1537 3681 1577 essen-

2090 1622 2219 1675 tiam
2259 1620 2546 1688 inspiciat,
2574 1619 2626 1671 in
2649 1618 2929 1671 contrario
2950 1633 3080 1672 vero
3104 1616 3456 1671 alteram?ch
3479 1629 3681 1671 secuno

2091 1705 2220 1768 dum
2277 1713 2545 1766 rationem
2602 1709 3012 1764 contrarietalis
3067 1709 3460 1763 elementorum
3511 1708 3677 1762 etiam

2092 1805 2333 1859 divinam
2375 1803 2670 1859 essentiam
2711 1802 2937 1854 alteram
2973 1800 3041 1854 ab
3085 1800 3254 1853 altera
3297 1797 3679 1869 παρηλλάχθαι

418 1903 837 1974 διισχυρίζεται;
857 1878 994 1974 ﬁdi;
1024 1878 1134 1975 ἔχει
1161 1878 1296 1975 πρὸς
1326 1878 1547 1976 εἰρήνην
1570 1907 1597 1958 ό
1623 1878 1992 1975 πόλεμοςξκαὶ

2097 1894 2456 1968 (discrepare)
2501 1893 2825 1948 conﬁrmat?
2846 1908 2914 1945 an
2943 1899 3000 1944 ut
3031 1905 3091 1944 se
3136 1890 3297 1944 habet
3327 1890 3526 1944 bellum
3555 1905 3678 1944 cum

420 1995 555 2067 πρὸς
584 1995 811 2049 θάνατον
839 1997 871 2064 ἡ
906 1995 1040 2067 ζωὴ,
1072 1996 1165 2050 καὶ
1189 1996 1284 2067 τὴν
1307 1997 1442 2067 πρὸς
1469 1997 1539 2050 τά
1564 1998 1783 2052 τοιαῦτα
1813 1997 1992 2050 πάντα

420 2089 498 2158 τῷ
533 2087 760 2158 τοιούτῳ
779 2088 966 2159 τρόπῳ
989 2089 1167 2159 μάχην
1195 2091 1356 2161 ἐνορᾷ
1387 2093 1505 2153 ταῖς
1529 2091 1772 2155 οὐσίαις;
1804 2090 1890 2155 Ὠς
1917 2090 1992 2163 μὴ

419 2178 484 2231 ἂν
519 2177 689 2242 αὐτὰς
724 2181 840 2248 μετ’
870 2179 1113 2251 ἀλλήλων
1139 2179 1439 2250 συμὸἧναι·
1476 2181 1552 2250 τῷ
1579 2181 1676 2252 τὴν
1713 2182 1856 2250 μίξιν
1885 2183 1993 2236 τῶν

420 2271 675 2324 ἐναντίων
725 2271 1094 2344 δαπανητικὴν
1138 2272 1280 2325 κατὰ
1316 2273 1424 2325 τῶν
1461 2274 1803 2343 μιγνυμένων
1851 2274 1994 2344 ἔχειν

419 2359 518 2430 τὴν
542 2359 786 2429 δύναμιν.
831 2359 1026 2424 Καθὼς
1055 2378 1186 2430 φησι
1227 2363 1353 2432 περὶ
1382 2361 1475 2414 τοῦ
1519 2361 1755 2414 τοιούτου
1788 2362 1993 2432 δόγμα-

420 2467 510 2512 τος
536 2451 570 2520 ἡ
613 2451 982 2523 παροιμιώδης
1014 2453 1204 2520 Σοφία,
1234 2453 1314 2506 ὅτι
1359 2452 1503 2522 ὕδωρ
1543 2454 1636 2506 καὶ
1668 2454 1775 2525 πῦρ
1813 2457 1873 2507 οὐ
1919 2457 1993 2526 μὴ

422 2541 668 2607 εἴπωσιν,
690 2542 890 2609 Ἀρκεῖ’
930 2542 1026 2613 τὴν
1062 2543 1287 2612 ίσοπαλῆ
1320 2561 1376 2596 τε
1405 2546 1499 2597 καὶ
1550 2545 1849 2599 ἰσοστάσιον
1887 2548 1995 2601 τῶν

422 2633 678 2684 ἐναντίων
705 2633 882 2702 φύσιν,
908 2635 1002 2688 καὶ
1032 2635 1127 2706 τὴν
1147 2638 1265 2688 κατ’
1291 2636 1537 2706 ἀλλήλων
1558 2637 1766 2708 φθορὰν
1790 2639 1877 2693 διὰ
1899 2641 1994 2694 τοῦ

379 2743 385 2749 ·
422 2723 740 2793 αἰνίγματος
768 2724 1294 2796 ὲρμηνεύουσα·κατ’
1323 2726 1474 2778 οὐδὲν
1499 2728 1704 2780 τούτων
1742 2724 1878 2781 εἶναι
1905 2729 1994 2782 λέσ

421 2832 509 2882 γει
539 2815 637 2884 τὴν
680 2817 738 2868 ὲν
775 2819 897 2878 ταῖς
934 2815 1142 2878 οὐσίαις
1180 2817 1419 2880 ἐκείναις
1469 2818 1824 2890 παραλλαγὴν
1865 2821 1997 2874 καθ-

421 2905 586 2974 ορᾷνς
616 2905 824 2957 Οὐκοῦν
849 2906 1058 2959 εἰπάτω
1083 2907 1142 2958 τὸ
1166 2906 1313 2978 παρὰ
1329 2907 1499 2960 ταῦτα
1512 2910 1819 2980 νοούμενον.
1857 2912 1995 2966 Ἀλλ’

422 2996 520 3047 οὐκ
556 2993 620 3046 ἂν
650 2997 822 3048 εἰπεῖν
852 2995 964 3065 ἔχοι
991 3011 1004 3023 ⁸
1035 2997 1136 3049 κᾶν
1167 2995 1236 3048 τὰ
1265 2997 1469 3068 συνήθη
1496 2997 1642 3066 λέγει
1663 3015 1676 3027 ⁸
1706 3002 1788 3054 ὅτι
1811 3003 1839 3054 ὁ
1868 3001 1998 3066 Υἱὸς

424 3086 558 3155 πρὸς
582 3084 672 3138 τὸν
694 3087 1061 3156 γεγεννηκότα
1091 3088 1490 3158 παρήλλακται.
1515 3089 1700 3161 Τούτῳ
1728 3091 1833 3163 γὰρ
1871 3093 2000 3162 μᾶλ-

2095 2005 2248 2060 ροσε,
2272 1998 2326 2042 et
2360 1989 2468 2042 vita
2520 2004 2640 2042 eum
2670 1995 2864 2050 morte,
2917 1994 2969 2040 et
3002 2000 3237 2055 pugnam
3292 1999 3416 2038 cum
3478 1984 3678 2038 talibus

2093 2092 2147 2137 ct
2174 2082 2432 2136 omnibus
2484 2081 2586 2135 hoc
2619 2079 2781 2132 modo
2815 2079 2868 2131 in
2898 2078 3156 2133 essentiis
3210 2079 3486 2131 intuetur?
3511 2077 3585 2130 Ita
3622 2085 3680 2131 ut

2096 2175 2226 2244 ipsa:
2257 2190 2366 2227 non
2426 2173 2567 2226 inter
2597 2188 2656 2226 se
2693 2179 2910 2231 coeant,
2952 2169 3080 2239 quia
3116 2169 3518 2224 contrariorum
3548 2170 3682 2222 mis-

2093 2267 2296 2321 tionem
2363 2265 2822 2333 consuinptricem
2892 2263 3125 2316 habeant
3193 2262 3494 2316 secundum
3571 2261 3680 2316 vim

2095 2374 2283 2413 eorum
2308 2372 2430 2426 qua:
2465 2355 2788 2410 miscentur.
2829 2355 2985 2409 Sicut
3036 2355 3103 2410 de
3133 2355 3227 2408 tali
3259 2356 3509 2424 dogmate
3553 2370 3682 2423 pro-

2096 2451 2352 2504 vcrbialis
2377 2451 2452 2501 ait
2480 2447 2782 2518 Sapientia,
2809 2449 2954 2518 quod
2985 2463 3125 2518 aqua
3155 2456 3209 2502 et
3241 2447 3379 2517 ignis
3400 2463 3680 2516 nunquam

2097 2540 2363 2594 dixerint:
2386 2539 2598 2608 Sufﬁcit
2616 2541 2682 2604 ’7;
2715 2540 2974 2609 aequalem
2995 2539 3047 2592 in
3073 2554 3250 2607 pugna
3276 2546 3327 2592 et
3346 2538 3682 2607 :equilibrem

2098 2634 2499 2686 contrariorum
2533 2641 2779 2686 naturam
2835 2639 2888 2685 et
2921 2639 3166 2684 mutuam
3204 2631 3346 2684 inter
3403 2646 3463 2686 se
3497 2631 3684 2699 perni~

2098 2725 2235 2778 ciem
2295 2723 2398 2778 hoc
2426 2724 2711 2792 amigmate
2737 2721 3073 2790 signiﬁcans.
3107 2723 3188 2774 An
3221 2723 3370 2776 nullo
3406 2722 3599 2775 horum
3625 2721 3684 2775 in

2100 2820 2208 2873 illis
2261 2818 2518 2874 essentiis
2580 2815 2937 2887 παραλλαγήν
2995 2812 3402 2883 (diﬂ'ercntiam)
3452 2813 3585 2867 dicit
3623 2828 3685 2869 se

2099 2909 2456 2980 conspicere?
2488 2909 2633 2962 dicat
2663 2909 2827 2978 igitur
2868 2906 3013 2976 quod
3047 2915 3242 2976 praeter
3271 2907 3384 2960 haac
3429 2906 3686 2976 intelligi-

2101 3013 2223 3068 tur;
2249 3003 2342 3056 sed
2372 3018 2480 3056 non
2518 3000 2726 3061 dicere
2756 2999 2952 3071 possit.
2978 2997 3135 3064 Quod
3176 2999 3222 3053 si
3261 2998 3518 3053 inusitata
3551 3014 3683 3067 pro-

2103 3095 2257 3149 ferat.
2295 3093 2441 3158 quod
2476 3092 2646 3148 Filius
2687 3092 2751 3145 ad
2811 3108 2932 3146 eum
2974 3092 3066 3162 qui
3124 3091 3311 3161 genuit
3367 3091 3686 3160 παρηλλαχ-

422 3179 512 3232 λον
544 3181 576 3250 ἡ
607 3179 803 3232 ἀτοπία
829 3178 934 3231 τῶν
969 3179 1096 3250 παρ’
1129 3179 1292 3232 αὑτοῦ
1339 3179 1646 3250 λεγομένων
1676 3181 1954 3252 ἐλέγχεται
1979 3199 1993 3214 ⁶

2100 3208 2188 3242 ται
2218 3187 2468 3259 (differt):
2496 3187 2598 3241 hoc
2645 3185 2789 3240 enim
2824 3185 2987 3239 etiam
3021 3187 3190 3254 magis
3219 3199 3409 3238 eorum
3457 3201 3579 3254 qua:
3615 3186 3685 3240 ab

421 3272 475 3324 τί
501 3271 608 3343 γὰρ
639 3271 780 3324 οὓτω
820 3271 1112 3340 προσφυῶς
1141 3287 1200 3323 τε
1241 3271 1334 3324 καὶ
1376 3272 1650 3342 ἁρμοδίως
1688 3273 1830 3343 ἄλλῳ
1871 3274 1999 3327 ἄλλο

424 3363 689 3433 ὲμφύεταί
736 3380 796 3416 τε
825 3363 919 3416 καὶ
965 3362 1348 3434 ὲναρμόζεται,
1385 3363 1459 3427 ὡς
1506 3366 1539 3434 ἡ
1595 3367 1817 3438 σχετικὴ
1863 3368 2000 3438 πρὸς

421 3454 512 3506 τὸν
542 3453 757 3524 Πατέρα
786 3454 879 3506 τοῦ
901 3453 1031 3506 Υἱοῦ
1063 3455 1340 3523 σημασίας
1377 3454 1671 3520 Ἀπόδειξις
1699 3457 1755 3510 δὲ
1785 3457 1998 3525 τούτου,

422 3547 504 3599 ὃτι
545 3547 646 3600 κᾶν
683 3547 758 3617 μὴ
797 3548 863 3601 τὰ
887 3546 978 3598 δύο
1011 3546 1148 3618 ρηθῇ
1179 3546 1352 3600 ταῦτα
1398 3547 1657 3617 ὀνόματα,
1695 3548 1772 3619 τῷ
1796 3550 1876 3602 ἐνὶ
1906 3550 2000 3602 καὶ

426 3641 486 3693 τὸ
539 3639 844 3712 παρατεθὲν
899 3639 1364 3708 συσσημαίνεται·
1402 3639 1576 3704 οὕτως
1621 3640 1863 3708 ἔγκειται
1908 3643 2000 3694 καὶ

423 3733 755 3801 ἐνήρμοσται
780 3729 858 3800 τῷ
881 3729 1052 3800 ἑτέρῳ
1079 3729 1141 3782 τὸ
1166 3729 1373 3800 ἕτερον,
1410 3731 1502 3783 καὶ
1543 3733 1600 3783 ἐν
1635 3730 1714 3801 τῷ
1758 3733 1838 3783 ἐνὶ
1867 3730 1999 3783 καθ-

422 3825 616 3894 ορᾶται
650 3822 953 3893 ἀμφότερα,
978 3821 1053 3884 ὡς
1081 3820 1154 3892 μὴ
1177 3821 1240 3874 ἂν
1267 3821 1352 3889 ἐφ’
1381 3821 1574 3874 ἑαυτοῦ
1597 3822 1853 3892 νοηθῆναι
1879 3822 2002 3874 τού-

421 3933 530 3969 των
572 3914 625 3966 τὶ
664 3915 832 3984 χωρὶς
862 3913 956 3965 τοῦ
992 3912 1172 3966 ἄλλου.
1217 3911 1290 3964 Τὸ
1331 3912 1387 3964 δὲ
1418 3913 1891 3983 παρηλλαγμένον,
1924 3913 2001 3984 τῷ

422 4006 718 4078 ἁρμόζοντι
745 4005 958 4067 πάντως
991 4003 1048 4070 ἐξ
1086 4003 1331 4057 ἐναντίου
1367 4004 1462 4056 καὶ
1492 4007 1687 4057 νοεῖται
1715 4005 1806 4057 καὶ
1847 4005 2003 4073 λέγε-

421 4119 532 4154 ται.
589 4095 712 4152 Οἷον
759 4099 792 4167 ἡ
846 4096 1085 4166 σπάρτος
1137 4097 1272 4166 πρὸς
1323 4096 1420 4167 τὴν
1473 4096 1683 4149 εὐθεῖαν
1730 4098 2001 4168 ἁρμοδίως

423 4193 570 4260 ἔχει·
613 4192 674 4243 τὸ
713 4191 769 4243 δὲ
827 4188 1036 4241 σκολιὸν
1079 4188 1156 4258 τῷ
1201 4189 1348 4241 εὐθεῖ
1396 4189 1850 4260 παρατιθέμενον,
1903 4193 2000 4261 ούχ

423 4285 754 4355 ἁρμόζεται·
795 4285 888 4336 καὶ
912 4285 1025 4346 τοῖς
1059 4286 1338 4353 μουσικοῖς
1379 4282 1609 4352 σύνηθες
1638 4284 1734 4353 τὴν
1776 4302 2000 4355 συμφω-

423 4377 542 4430 νίαν
570 4375 677 4429 τῶν
699 4375 865 4428 τόνων
893 4377 1157 4444 ἁρμονίαν
1188 4374 1636 4446 προσαγορεύειν,
1662 4377 1998 4447 ἀνάρμοστον

422 4468 479 4520 δὲ
509 4470 571 4519 τὸ
600 4467 862 4537 ἓκτροπόν
895 4483 952 4520 τε
997 4466 1089 4518 κα)⁹
1130 4464 1518 4535 άπρόσχορδον.
1559 4465 1768 4518 Οὐκοῦν
1807 4467 1999 4520 ταύτόν

2103 3281 2222 3349 ipso
2257 3279 2515 3333 dicuntur
2571 3277 2882 3332 absurditas
2948 3277 3310 3348 redarguitur.
3347 3277 3489 3343 Quid
3537 3278 3683 3332 enim

2101 3374 2172 3427 ita
2205 3379 2421 3442 agnate,
2454 3377 2578 3439 apte
2607 3377 2661 3424 et
2686 3377 3056 3438 congruenter
3079 3369 3223 3422 aliud
3259 3369 3346 3422 alii
3378 3370 3683 3424 innascitur

2101 3474 2154 3518 et
2183 3462 2459 3524 convenit,
2509 3475 2672 3530 quam
2706 3460 2932 3513 relativa
2969 3473 3090 3512 cum
3127 3458 3288 3513 Patre
3321 3458 3440 3513 Filii
3478 3460 3688 3531 signiﬁ-

2102 3556 2328 3611 cantia?
2381 3553 2536 3620 Quod
2573 3553 2651 3607 sic
2694 3551 3059 3606 demonstrari
3119 3560 3329 3620 potest:
3395 3568 3523 3606 nam
3580 3552 3685 3608 etsi

2103 3649 2216 3702 haec
2244 3647 2353 3700 duo
2378 3645 2597 3699 nomina
2629 3643 2774 3697 dicta
2833 3658 2940 3696 non
2974 3641 3196 3704 fuerint,
3232 3657 3328 3708 per
3356 3660 3524 3697 unum
3557 3645 3690 3699 alte-

2102 3755 2222 3793 rum
2269 3736 2412 3807 quod
2459 3737 2508 3790 ei
2556 3734 2876 3804 adjunctum
2935 3746 3021 3788 est
3072 3734 3540 3804 consignilicatur.
3595 3735 3688 3790 Sic

2101 3829 2369 3884 incumbit
2421 3834 2475 3881 et
2537 3825 2792 3893 congruit
2842 3825 2995 3880 alteri
3055 3827 3310 3888 alterum,
3368 3834 3423 3880 et
3476 3828 3530 3880 in
3577 3843 3688 3882 uno

2103 3931 2334 3991 utraque
2364 3919 2807 3988 conspiciuntur,
2838 3927 2896 3971 ut
2921 3917 3055 3970 nihil
3083 3918 3273 3971 horum
3300 3919 3352 3972 in
3374 3919 3491 3988 ipso
3532 3920 3691 3976 intel-

2100 4014 2192 4086 ligi
2241 4013 2415 4083 possit
2478 4011 2598 4066 sine
2649 4011 2842 4065 altero.
2882 4008 3038 4075 Quod
3069 4016 3248 4081 autem
3291 4011 3689 4082 παρηλλαγμέ-

2100 4122 2188 4158 νον
2220 4104 2564 4173 (discrepans
2589 4101 2675 4155 vel
2701 4099 3087 4170 disjunctum),
3111 4102 3430 4170 congruenti
3459 4117 3686 4171 prorsus

2100 4212 2163 4250 ex
2201 4195 2480 4248 contrario
2516 4201 2569 4246 et
2602 4191 2925 4260 intelligitur
2959 4197 3011 4243 ct
3044 4189 3283 4257 dicitur;
3321 4201 3379 4244 ut
3411 4192 3691 4247 funiculus

2101 4287 2167 4341 ad
2202 4294 2406 4342 rectam
2445 4287 2642 4340 lineam
2676 4291 3042 4352 congruenter
3073 4299 3131 4338 se
3154 4283 3318 4338 habet
3350 4303 3362 4316 ·
3401 4285 3690 4355 obliquum

2099 4392 2231 4431 vero
2265 4385 2415 4429 recto
2437 4389 2562 4428 cum
2600 4373 2859 4440 adjicitur
2889 4386 2998 4425 non
3037 4373 3311 4441 congruit.
3349 4373 3492 4438 Quin
3521 4375 3688 4428 etiam

2101 4469 2327 4523 musicis
2377 4466 2647 4520 familiare
2685 4471 2768 4518 est
2821 4463 3234 4516 consonantiam
3301 4465 3574 4532 appeuare
3605 4473 3692 4521 ιο.

423 4563 538 4614 ἐστι
588 4558 1043 4629 παρηλλαγμένον
1089 4575 1148 4610 τε
1201 4558 1374 4609 εἰπεῖν
1409 4557 1498 4609 καὶ
1543 4558 1900 4629 ἀνάρμοστον.
1936 4560 1996 4612 Εἰ

2103 4573 2300 4613 norum
2343 4555 2704 4614 harmoniam,
2741 4551 2795 4605 id
2857 4559 2943 4606 est
2998 4561 3326 4606 concentum
3383 4554 3499 4608 sive
3547 4570 3686 4608 con-

422 4649 514 4706 οὖν
541 4651 920 4722 παρήλλακται
953 4649 1094 4703 κατὰ
1122 4648 1213 4702 τὸν
1249 4648 1348 4718 τῆς
1385 4649 1645 4719 αἱρέσεως
1676 4649 1832 4715 λόγον
1863 4652 1998 4721 προς

419 4747 630 4817 τὴντοῦ
668 4743 877 4815 [ἰατρὸς
908 4743 1116 4804 οὐσίαν,
1149 4744 1182 4810 ἡ
1212 4740 1304 4794 τοῦ
1344 4742 1664 4812 μονογενοῦς
1711 4743 1844 4795 Θεοῦ
1899 4745 2001 4812 φύ.

423 4855 526 4902 σις,
561 4835 682 4888 οὐδὲ
711 4834 1008 4905 ἁρμόζεται
1049 4832 1266 4892 πάντως
1287 4845 1298 4858 ·
1340 4831 1402 4882 τὸ
1433 4830 1489 4882 δὲ
1536 4831 1868 4901 ὲνάρμοστον
1899 4833 1999 4885 οὐκ

420 4933 486 4984 ἂν
530 4930 753 5000 γένηται
785 4928 842 4980 ἐν
881 4924 1074 4994 ἐκείνῳ
1118 4917 1162 4990 ᾧ
1211 4922 1610 4994 ὲναρμοσθῆναι
1659 4923 1719 4975 οὐ
1757 4923 1996 4978 δύναται.

422 5024 635 5092 ’Ὠσπερ
663 5019 772 5088 γὰρ
819 5018 948 5088 μιᾶς
998 5013 1163 5085 οὔσης
1205 5013 1439 5084 μορφῆς,
1471 5012 1565 5065 ἐπί
1595 5029 1654 5064 τε
1697 5011 1788 5064 τοῦ
1828 5015 1997 5083 κηροῦ

421 5114 518 5167 καὶ
545 5111 647 5182 τῆς
676 5097 734 5163 ἓν
759 5112 824 5179 τῇ
857 5105 1116 5178 σφενδόνη
1153 5104 1429 5172 γλυφίδος,
1463 5103 1592 5156 ὅταν
1617 5102 1807 5174 ὲντεθῇ
1840 5104 1998 5157 πάλιν

419 5209 486 5277 τῇ
513 5202 792 5273 σφενδόνῃ,
819 5200 846 5250 ὁ
875 5195 1211 5258 ὲκτυπωθεὶς
1239 5194 1390 5264 παρὰ
1407 5193 1613 5262 ταύτης
1647 5195 1815 5264 κηρὸς
1837 5194 2000 5264 ἐναρ-

423 5298 579 5370 μόζει
605 5295 695 5348 τὸν
720 5291 846 5360 περί
865 5289 1054 5344 ἑαυτὸν
1091 5287 1411 5358 χαρακτῆρα
1443 5286 1520 5356 τῷ
1542 5285 1846 5356 περιέχοντι
1876 5288 2000 5350 τοὺς

423 5393 587 5453 ἰδίους
621 5383 1056 5455 καταλαμϐάνων
1083 5383 1286 5443 τύπους
1309 5382 1366 5432 ὲν
1396 5379 1473 5449 τῷ
1497 5379 1831 5450 χαράγματι,
1864 5378 1999 5451 πρός

417 5498 478 5532 τε
516 5480 583 5532 τὰ
610 5478 764 5531 κοῖλα
794 5474 1162 5543 διαδυόμενος,
1199 5471 1294 5525 καὶ
1319 5469 1417 5532 τὰς
1450 5470 1639 5540 ἐξοχὰς
1663 5469 1759 5539 τῆς
1788 5469 1999 5538 γλυφῆς

424 5571 572 5634 ἰδίοις
611 5567 1004 5636 ἀναδεχόμενος
1043 5563 1255 5626 τύποις.
1294 5563 1356 5615 Εἰ
1390 5562 1445 5614 δὲ
1481 5561 1631 5627 ξένος
1655 5578 1738 5622 τις
1779 5562 1874 5613 καὶ
1907 5561 2000 5614 ἁλ-

422 5663 631 5733 λότριος
654 5659 825 5720 τύπος
848 5655 1088 5720 ὲντεθείη
1112 5657 1178 5724 τῇ
1204 5653 1382 5723 γλυφῇ
1414 5653 1512 5723 τῆς
1535 5651 1844 5724 σφενδόνης,
1869 5670 2000 5724 τρα-

423 5756 575 5830 χύνει
602 5754 697 5809 καὶ
749 5751 938 5820 συγχεῖ
967 5746 1066 5818 τὴν
1116 5747 1249 5801 ἰδίαν
1299 5743 1510 5816 μορφὴν
1558 5745 1668 5809 τοῖς
1715 5747 1998 5811 ὰνοικείοις

499 5870 541 5900 ετ
569 5867 733 5924 Prov.
764 5881 895 5932 xxx,
933 5863 1021 5917 15.

2101 4646 2368 4709 cordiain,
2392 4645 2606 4698 discors
2641 4651 2820 4695 autem
2847 4640 2898 4694 id
2925 4640 3070 4709 quod
3100 4641 3489 4696 inconcinnum
3523 4652 3606 4698 est
3632 4653 3689 4700 et

2099 4740 2382 4794 dissonum
2420 4749 2518 4788 nec
2566 4732 2758 4787 [idibus
2824 4748 3148 4802 congruum.
3208 4731 3349 4802 Ergo
3416 4734 3556 4788 idem
3603 4744 3690 4791 est

2100 4831 2282 4885 dicere
2339 4825 2796 4898 παρηλλαγμένον
2849 4825 2924 4893 (id
2955 4833 3060 4888 est,
3111 4825 3347 4878 alienum
3376 4833 3429 4879 et
3457 4826 3689 4882 inusita-

2100 4923 2260 4992 tum).
2291 4927 2344 4975 et
2377 4919 2699 4987 discrepans
2733 4925 2788 4972 et
2817 4917 3052 4972 discors.
3096 4916 3153 4970 Si
3183 4919 3352 4986 igitur
3383 4921 3685 4974 secundum

2099 5017 2373 5070 haereseos
2401 5025 2711 5067 sermonem
2755 5025 2877 5064 cum
2909 5008 3091 5066 Patris
3136 5012 3377 5065 essentia
3410 5012 3687 5080 Unigeniti

2101 5105 2195 5160 Dei
2256 5114 2450 5157 natura
2531 5101 2911 5173 παρήλλακται
2972 5101 3268 5171 (disiuncta
3340 5106 3446 5171 est)
3510 5121 3690 5175 neque

2100 5211 2326 5267 prorsus
2358 5195 2615 5264 congruit
2648 5211 2661 5247 :
2700 5208 3004 5262 congruum
3041 5203 3222 5250 autem
3262 5196 3394 5264 quid
3429 5213 3552 5252 esse
3577 5216 3686 5253 non

2099 5296 2278 5359 potest
2307 5301 2432 5341 cum
2491 5287 2583 5340 illo
2639 5286 2729 5340 cui
2763 5301 2872 5340 non
2924 5295 3102 5356 potest
3159 5303 3463 5360 congruere
3511 5309 3689 5362 neque

2099 5379 2366 5449 adaptari.
2428 5377 2898 5443 Quemadmodum
2947 5380 3092 5432 enim
3126 5380 3172 5434 si
3225 5397 3335 5434 una
3386 5382 3689 5452 eademque

2101 5469 2275 5522 forma
2315 5466 2560 5522 fueritet
2589 5466 2643 5519 in
2693 5481 2818 5521 cera
2850 5476 2906 5521 et
2958 5469 3198 5523 incisura
3250 5471 3366 5525 sive
3404 5474 3688 5541 sculptura

2098 5575 2220 5630 quae
2276 5566 2361 5613 est
2391 5558 2445 5610 in
2501 5558 2688 5612 annuli
2731 5559 2875 5628 pala,
2911 5575 3036 5614 cum
3074 5577 3270 5617 rursus
3321 5563 3492 5616 indita
3527 5563 3690 5618 fuerit

2101 5653 2256 5724 palre,
2288 5665 2547 5720 expressa
2583 5651 2651 5705 ab
2674 5667 2738 5706 ea
2760 5667 2884 5706 cera
2903 5654 3276 5710 characterem
3309 5642 3425 5710 sive
3460 5655 3687 5726 ﬁgurant

2099 5743 2246 5799 circa
2280 5740 2519 5812 scipsam
2571 5741 2821 5814 adaptat,
2848 5744 3080 5801 circuitu
3125 5762 3227 5803 suo
3290 5746 3598 5819 impressas.
3624 5748 3692 5806 ab
