4138 6364
452 386 548 440 G'il

1727 381 1785 436 S.
1827 379 2159 438 GREGORH
2198 381 2488 437 NYSSENI

3623 384 3727 440 6τὲ

451 505 574 573 ipso
594 502 795 573 ﬁguras
825 515 1104 571 occupans
1134 509 1188 556 et
1213 501 1586 572 complectens
1621 501 1675 556 in
1705 503 1984 572 sculptura
2020 521 2032 556 :

2141 503 2461 574 χαράγμασι
2500 501 2848 574 περιγλύφων
2881 500 2939 554 τὸ
2977 489 3137 565 εἶδος.
3184 501 3344 555 Ἀλλὰ
3373 500 3480 574 μὴν
3509 504 3538 555 ὁ
3569 506 3628 558 ἐν
3657 508 3722 576 τῇ

449 605 502 650 et
561 593 628 650 ad
663 607 793 648 cava
849 593 1095 656 subiens,
1132 600 1186 646 et
1215 593 1511 662 sculptura:
1564 593 1890 647 eminentias
1923 594 2039 647 suis

451 685 648 740 formis
691 685 998 754 excipiens.
1034 683 1191 749 Quod
1246 685 1290 739 si
1319 684 1607 754 peregrina
1649 685 1828 753 aliqua
1861 686 2037 738 aliena

451 777 624 845 ﬁgura
663 775 828 830 fuerit
857 775 1026 828 indita
1061 776 1360 843 sculptura:
1391 776 1528 844 palm.
1559 775 1771 837 annuli,
1803 789 2038 843 exaspe-

449 879 536 922 rat
602 876 657 923 et
719 867 1010 922 confundit
1065 870 1343 935 propriam
1399 865 1629 920 formam
1663 865 1860 918 alienis
1891 865 2040 919 notis

449 959 689 1028 speciem
723 957 1340 1026 circumsculpenlibus.
1386 954 1796 1010 Verumtamem
1833 955 1925 1024 qui
1956 961 2040 1010 est
2071 1015 2078 1024 I

451 1053 504 1106 in
545 1051 717 1106 forma
753 1049 846 1102 Dei
883 1065 994 1102 non
1059 1049 1169 1102 alio
1221 1047 1458 1116 quodam
1493 1049 1810 1102 charactere
1843 1056 2040 1117 praeter

455 1144 672 1198 Patrem
711 1143 981 1194 formatus
1016 1151 1118 1204 est,
1140 1141 1268 1209 quia
1299 1140 1372 1194 sit
1403 1141 1687 1194 character
1717 1138 2040 1194 substantia:

447 1236 734 1300 Patris";
785 1231 956 1286 forma
989 1240 1168 1286 autem
1219 1231 1314 1286 Dei
1357 1232 1499 1285 idem
1533 1231 1751 1299 penitus
1791 1238 1876 1285 est
1913 1245 2036 1283 cmn

449 1328 778 1386 substantia.
810 1325 884 1380 Ut
916 1325 1063 1378 enim
1101 1325 1152 1378 in
1185 1311 1359 1377 forma
1392 1325 1533 1378 servi
1556 1325 1734 1378 laetus
1762 1325 1814 1376 in
1849 1339 2040 1377 essen-

447 1421 521 1473 tia
556 1419 700 1471 servi
733 1416 1002 1470 formatus
1034 1423 1117 1470 est
1151 1417 1234 1470 ":
1269 1431 1377 1468 non
1411 1415 1612 1468 nudam
1649 1425 1702 1468 et
1735 1415 2036 1483 simplicem

447 1513 504 1566 in
551 1511 732 1579 seipso
797 1509 1030 1562 formam
1069 1509 1396 1577 assumpsit.
1457 1519 1508 1562 et
1545 1507 1614 1560 ab
1647 1509 1884 1561 essentia
1919 1505 2037 1561 dis-

441 1605 716 1672 junctam,
743 1602 837 1658 sed
863 1604 1100 1657 essentia
1122 1602 1284 1655 simul
1311 1617 1434 1655 cum
1460 1599 1634 1653 forma
1659 1601 2033 1668 significatur:

447 1696 528 1750 sic.
561 1711 790 1764 prorsus
823 1693 916 1762 qui
950 1693 1087 1746 dixit
1110 1693 1289 1762 ipsmn
1335 1691 1388 1744 in
1433 1690 1608 1744 forma
1641 1688 1735 1744 Dei
1772 1705 1914 1752 esse,
1941 1705 2038 1759 per

448 1787 700 1850 formam,
754 1785 1048 1841 essentiam
1091 1784 1374 1838 indicavit.
1429 1781 1485 1835 Si
1549 1779 1718 1848 igitur
1750 1779 1802 1832 in
1861 1779 2036 1833 forma

2145 599 2326 666 μορφῇ
2355 595 2449 648 τοῦ
2483 595 2616 648 Θεοῦ
2657 594 2937 666 ὑπάρχων,
2973 594 3074 646 οὐκ
3103 593 3246 664 ἄλλῳ
3276 595 3379 648 τινὶ
3414 599 3724 668 χαρακτῆρι

2141 686 2292 756 παρὰ
2317 686 2406 738 τὸν
2437 685 2656 756 Πατέρα
2682 687 3059 756 μεμόρφωται,
3093 687 3382 756 χαρακτὴρ
3413 685 3489 740 ὢν
3513 688 3614 756 τῆς
3628 689 3722 740 τοῦ

2141 775 2356 845 Πατρὺς
2386 776 2766 838 ὐποστάσεως’
2857 775 2915 826 δὲ
2949 775 3130 847 μορφὴ
3155 775 3248 827 τοῦ
3273 775 3406 829 Θεοῦ
3437 776 3633 830 ταύτὸν

2139 865 2300 936 οὐσία
2337 866 2552 928 πάντως
2587 866 2756 918 ἐστίν.
2792 867 2880 929 Ὠς
2911 865 3019 936 γὰρ
3050 869 3108 918 ὲν
3149 870 3216 936 τῇ
3261 869 3442 938 μορφῇ
3475 867 3569 920 τοῦ
3598 868 3724 920 δού-

2139 956 2232 1008 λου
2267 957 2576 1027 γενόμενος,
2606 959 2672 1028 τῇ
2703 958 2861 1029 οὐσίᾳ
2896 957 2990 1011 τοῦ
3035 957 3220 1010 δούλου
3257 957 3635 1028 ἐνεμορφώθη,
3661 960 3722 1012 οὐ

2138 1049 2299 1120 ψιλὴν
2333 1049 2617 1104 ἀναλαϐὼν
2665 1051 2750 1120 ἐφ’
2781 1051 2975 1103 ἑαυτοῦ
3025 1050 3123 1120 τὴν
3183 1050 3419 1121 μορφὴν,
3449 1051 3570 1103 οὐδὲ
3623 1053 3724 1120 τῆς
3773 1089 3776 1092 η

2139 1142 2327 1203 οὐσίας
2367 1141 2756 1212 διεζευγμένην
2781 1157 2793 1169 ·
2823 1143 2938 1194 ἀλλ’
2973 1145 3004 1213 ἡ
3032 1143 3187 1195 οὐσία
3217 1146 3282 1212 τῇ
3313 1147 3492 1212 μορφῇ
3529 1159 3724 1212 συσση-

2143 1233 2425 1302 μαίνεται·
2469 1233 2640 1296 οὓτως
2669 1233 2884 1296 πάντως
2910 1235 3001 1287 καὶ
3026 1235 3053 1285 ὁ
3085 1233 3252 1287 εἰπὼν
3273 1234 3436 1286 αὐτὸν
3457 1237 3513 1287 ἐν
3540 1238 3722 1306 μορφῇ

2137 1325 2271 1377 Θεοῦ
2305 1322 2462 1386 εἶναι,
2513 1326 2610 1396 τὴν
2651 1327 2838 1380 οὐσίαν
2869 1327 2955 1379 διὰ
2995 1327 3092 1395 τῆς
3145 1328 3358 1396 pop-1771:;
3400 1328 3720 1392 ἐνεδείξατο.

2138 1413 2201 1468 El
2242 1418 2336 1469 οῦν
2381 1420 2436 1470 ἐν
2466 1419 2531 1487 τῇ
2568 1420 2746 1488 μορφῇ
2790 1417 2881 1470 τοῦ
2918 1417 3051 1470 Θεοῦ
3082 1420 3197 1470 ἐστι
3239 1419 3331 1471 καὶ
3357 1421 3415 1471 ὲν
3438 1420 3514 1489 τῷ
3549 1421 3726 1492 Πατρλ⁵

2137 1507 2211 1564 ὣν
2252 1510 2615 1580 ὲσφράγισται.
2643 1512 2708 1580 τῇ
2740 1511 2968 1582 πατρῴα
2999 1511 3145 1582 δόξῃ,
3169 1509 3351 1574 καθώς
3381 1528 3545 1580 φησιν
3570 1515 3602 1581 ἡ
3627 1513 3722 1564 τοῦ

2136 1600 2469 1669 Εὐαγγελίου
2495 1603 2644 1674 φωνὴ
2661 1605 2692 1674 ἡ
2710 1602 2942 1670 λέγουσα
2959 1620 2968 1630 ·
2991 1603 3212 1656 Τοῦτον
3233 1606 3265 1655 ό
3279 1603 3482 1672 Πατὴρ
3501 1604 3725 1672 ἐσφρά-

2138 1709 2311 1761 γισεν·
2338 1697 2369 1747 ὁ
2408 1694 2553 1760 Θεός
2575 1713 2589 1728 ο
2634 1695 2714 1748 διὸ
2747 1695 2840 1747 καὶ
2866 1695 2894 1748 ὁ
2929 1694 3190 1764 ἑωρακὼς
3217 1695 3305 1748 τὸν
3338 1696 3465 1748 re»
3497 1699 3596 1768 ὁρᾷ
3633 1698 3724 1751 τὸν

2138 1784 2362 1858 Πατέρα
2382 1802 2395 1814 ·
2432 1787 2463 1856 ἡ
2495 1787 2592 1854 τῆς
2637 1785 2972 1855 ἀγαθότητος
2999 1786 3184 1846 εἰκὼν,
3214 1787 3392 1840 καὶτὸ
3421 1788 3520 1854 τῆς
3565 1788 3722 1860 δόξης

445 1881 541 1936 Dei
571 1889 676 1942 est.
707 1881 838 1934 etin
868 1879 1031 1932 Patre
1063 1892 1185 1930 cum
1203 1879 1293 1940 sit,
1321 1885 1546 1943 paterna
1575 1874 1748 1944 gloria
1783 1875 2033 1942 signatus

2138 1875 2500 1944 ἀπαύγασμα,
2535 1876 2628 1928 καὶ
2660 1877 2837 1930 πάντα
2879 1877 2977 1928 ὅσα
3012 1875 3258 1936 τοιαῦτα,
3285 1875 3345 1929 τὸ
3377 1877 3452 1948 μὴ
3477 1879 3723 1948 ἀναρμό-

445 1984 551 2035 Cst,
591 1974 733 2026 sicut
773 1971 849 2024 ait
873 1985 976 2022 vox
1011 1967 1288 2036 Evangelii
1327 1981 1449 2034 quae
1478 1965 1632 2026 dicit,
1673 1965 1829 2018 Hunc
1871 1965 2033 2019 Pater

444 2064 671 2134 signavit
733 2062 871 2114 Deus
901 2060 966 2114 '°.
1028 2059 1296 2124 Quocirca
1350 2058 1441 2126 qui
1485 2057 1622 2110 vidit
1651 2057 1849 2110 Filium
1883 2059 2030 2110 videt

2143 1983 2283 2028 στως
2321 1968 2464 2036 ἔχειν
2509 1967 2604 2020 τοῦ
2652 1967 2782 2021 Υίοῦ
2829 1967 2927 2038 τὴν
2955 1967 3142 2021 οὐσίαν
3199 1967 3334 2038 πρὸς
3382 1969 3473 2021 τὸν
3503 1969 3728 2042 Πατέρα

2141 2059 2496 2130 μαρτύρεται.
2989 2047 2992 2050 ’

445 2155 718 2211 Patrem“
757 2173 769 2208 :
805 2155 1072 2208 bonitatis
1129 2151 1330 2220 imago,
1370 2157 1423 2204 et
1463 2147 1648 2219 gloria:
1714 2150 2006 2219 splendor,
2042 2160 2098 2205 et
2149 2153 2332 2204 onmia
2399 2169 2738 2223 quaecunque
2791 2155 3059 2224 ejusmodi
3095 2157 3214 2214 Filii
3250 2161 3546 2216 essentiam
3597 2176 3720 2214 cum

443 2251 605 2306 Patre
638 2266 748 2304 non
779 2249 980 2302 habere
1026 2245 1452 2313 discrepantiam
1480 2251 1775 2298 testantur.

515 2344 658 2413 Ergo
689 2349 874 2410 aperte
905 2349 958 2394 ct
989 2338 1278 2410 perspicue
1310 2336 1667 2406 blasphemia:
1689 2336 2034 2391 adversar-im

445 2447 568 2484 rum
637 2428 974 2484 instabilitas
1029 2436 1081 2480 ct
1135 2427 1363 2479 l‘utilitas
1424 2443 1486 2480 ex
1527 2427 1688 2480 dictis
1746 2428 2030 2482 refellitur.

447 2520 502 2573 Si
533 2520 678 2574 enim
719 2533 841 2588 qum
867 2517 1056 2571 dissita
1088 2525 1218 2570 sunt
1271 2532 1381 2568 non
1419 2526 1728 2583 congruunt
1757 2535 1770 2580 ;
1805 2519 1896 2584 qui
1937 2535 2034 2572 au-

443 2619 553 2666 tem
613 2627 644 2665 a
691 2610 850 2664 Patre
922 2611 1170 2678 signatus
1215 2618 1300 2663 est
1364 2616 1418 2662 et
1476 2611 1528 2662 in
1585 2611 1766 2679 seipso
1815 2610 2032 2664 Patrem

447 2703 711 2766 ostendit,
771 2711 825 2756 et
859 2703 912 2754 in
945 2701 1106 2754 Patre
1161 2710 1266 2761 est,
1318 2709 1481 2770 atque
1529 2701 1580 2754 in
1628 2703 1808 2771 seipso
1869 2703 2036 2756 habet

443 2793 620 2854 illum,
657 2807 753 2860 per
785 2792 968 2844 omnia
993 2791 1235 2844 ostendit
1265 2789 1410 2860 quod
1447 2797 1641 2844 natura
1673 2792 2028 2860 conjunctum

441 2893 547 2949 est,
574 2893 628 2936 et
658 2897 894 2936 concors
921 2889 974 2934 et
1005 2896 1332 2951 congruum.
1367 2881 1469 2936 Per
1495 2883 1608 2936 lucc
1640 2884 1806 2951 igitur
1839 2882 2030 2937 adver-

443 2976 718 3030 sariorum
798 2973 1113 3028 absurditas
1191 2973 1547 3028 vehementer
1611 2973 2024 3043 redarguitur:

443 3071 586 3124 sicut
617 3065 764 3122 enim
795 3066 1235 3121 demonstratum
1264 3073 1348 3118 est
1379 3066 1437 3117 τὸ
1465 3064 1919 3136 παρηλλαγμένον
1954 3066 2028 3136 (id

441 3171 544 3226 est,
591 3161 735 3230 quod
790 3159 1045 3214 dissitum
1095 3157 1201 3228 est.)
1242 3158 1607 3227 incongruum
1644 3166 1698 3211 et
1744 3160 2028 3212 dissonum

441 3269 564 3308 esse
592 3272 605 3308 :
635 3257 715 3307 sic
743 3251 861 3305 vice
891 3263 1044 3304 versa
1065 3249 1521 3322 _contradictorie
1551 3251 1694 3319 quod
1727 3251 1863 3304 bene
1898 3267 2032 3304 con-

442 3343 588 3412 gruit
620 3351 672 3394 et
699 3351 880 3410 aptmn
909 3352 1010 3402 cst,
1037 3341 1360 3394 conceditur
1389 3343 1614 3395 omnino
1670 3343 2029 3413 ἀπαράλλακ-

439 3451 534 3488 τον
586 3433 944 3492 (indivulsum
1007 3431 1122 3485 sive
1179 3432 1674 3502 incommutabile.)
1761 3433 1830 3487 Ut
1883 3435 2027 3489 enim

442 3525 587 3596 quod
630 3524 908 3584 dissitum,
967 3537 1074 3574 non
1109 3523 1383 3592 congruit,
1417 3527 1498 3578 sic
1518 3525 1666 3592 quod
1696 3525 1950 3596 congruit
1978 3534 2032 3578 et

441 3621 682 3672 uolueret
714 3631 822 3668 non
853 3615 1192 3684 disjuuetum
1237 3623 1320 3668 est
1355 3634 1366 3668 :
1398 3615 1490 3685 qui
1529 3625 1709 3671 autem
1736 3617 1868 3672 dicit
1897 3618 2032 3672 Uni-

444 3709 610 3780 geniti
639 3714 888 3762 naturam
949 3705 1347 3776 παραλλάττειν
1409 3705 1650 3776 (diﬂerre
1681 3707 1794 3761 sive
1820 3708 2034 3762 discre-

445 3799 596 3872 pare)
629 3816 658 3854 a
685 3799 864 3860 Patris
905 3797 1045 3852 bona
1081 3798 1341 3858 essentia,
1387 3800 1438 3850 in
1470 3798 1588 3866 ipso
1628 3799 1773 3853 bono
1805 3814 2033 3868 prorsus

2215 2342 2358 2411 ’Ἄρα
2405 2343 2686 2415 προδήλως
2726 2344 2784 2398 τὸ
2811 2347 2912 2416 τῆς
2957 2347 3302 2419 βλασφημίας
3328 2349 3435 2402 τῶν
3481 2351 3722 2404 ἀντικει-

2143 2432 2320 2501 μένων
2386 2436 2689 2490 ὰσύστατον
2753 2438 2842 2492 διὰ
2897 2439 3007 2491 τῶν
3055 2441 3358 2512 εἰρημένων
3417 2442 3717 2512 ἐλέγχεται.

2139 2525 2202 2576 Ei
2261 2525 2370 2596 γὰρ
2411 2528 2478 2580 τὰ
2527 2529 2957 2600 παρηλλαγμένα
3009 2533 3070 2584 οὐ
3135 2536 3549 2606 συναρμόζεται,
3601 2539 3630 2589 ὁ
3663 2536 3722 2614 δὲ

2139 2619 2495 2688 σφραγισοεὶς
2536 2623 2640 2674 ὐπὸ
2662 2623 2756 2676 τοῦ
2803 2627 3034 2704 ῌατρὸς,
3079 2629 3173 2680 καὶ
3211 2631 3268 2680 ἐν
3305 2629 3484 2698 ἑαυτῷ
3509 2631 3722 2693 δεικνὺς

2135 2709 2225 2761 τὸν
2251 2712 2490 2782 Πατέρα,
2520 2715 2613 2766 καὶ
2639 2717 2696 2767 ἐν
2733 2717 2808 2786 τῷ
2833 2705 3009 2788 Πατρ“ι
3037 2718 3131 2784 ὢν,
3165 2723 3258 2772 καὶ
3293 2723 3350 2774 ὲν
3379 2720 3556 2790 ἐαυτῷ
3583 2721 3732 2789 ἔχων.

2138 2803 2366 2868 ἐκεῖνον,
2397 2804 2483 2857 διὰ
2508 2807 2724 2859 πάντων
2747 2809 2983 2863 δείκνυσι
3005 2812 3066 2863 τὸ
3099 2813 3343 2882 συμφυὲς
3374 2814 3466 2866 καὶ
3489 2815 3722 2884 εὐάρμο-

2140 2909 2278 2945 στον.
2317 2896 2382 2946 Ἀ
2395 2913 2460 2965 ρα
2490 2896 2578 2950 διὰ
2619 2899 2824 2952 τούτων
2857 2903 2890 2971 ἡ
2922 2903 3120 2955 ἀτοπία
3149 2905 3256 2958 τῶν
3297 2906 3552 2958 ἐναντίων
3581 2907 3724 2959 κατὰ

2139 2983 2340 3052 κράτος
2364 2985 2662 3056 ἐλέγχεται.
2705 2990 2791 3054 Ὠς
2817 2992 2924 3064 γὰρ
2947 2993 3158 3064 ἐδείχθη
3181 2996 3241 3048 τὸ
3273 2996 3724 3066 παπλλαγμένον

2139 3074 2503 3146 ἀνάρμοστον,
2543 3079 2687 3133 οὕτω
2718 3084 2778 3134 τὸ
2817 3083 3050 3154 ἔμπαλιν
3091 3088 3498 3158 ἀναντιρῤήτως
3529 3088 3721 3158 ὁμθλθ·
3793 3103 3802 3110 ’

2137 3171 2312 3234 γεῖται
2336 3169 2394 3221 τὸ
2423 3171 2520 3223 εὐὰ
2531 3189 2760 3241 ρμοστον
2784 3175 3202 3247 ἀπαράλλακτον
3231 3181 3464 3244 πάντως.
3501 3181 3588 3244 Ὠς
3611 3181 3722 3252 γὰρ

2133 3261 2194 3313 τὸ
2232 3263 2686 3335 παρηλλαγμένον
2727 3270 2823 3339 οὐχ
2860 3269 3182 3340 ἁρμόζεται,
3221 3273 3362 3326 οὕτω
3390 3274 3450 3326 τὺ
3483 3273 3718 3343 ἁρμοζό-

2139 3370 2297 3422 μενον
2323 3357 2382 3406 οὐ
2432 3358 2842 3427 παρήλλακται·
2877 3364 2904 3414 ὁ
2941 3363 2998 3414 δὲ
3036 3363 3207 3432 λέγων
3243 3365 3345 3430 τῆς
3389 3366 3597 3434 ἁγαοῆς
3625 3365 3720 3417 τοῦ

2136 3444 2350 3513 Πατρὸς
2406 3447 2594 3502 οὐσίας
2645 3449 2742 3520 τὴν
2797 3451 2890 3504 τοῦ
2933 3455 3274 3522 Μονογενοῦς
3323 3457 3721 3525 παραλλάττειν

2136 3531 2317 3599 φύσιν,
2356 3534 2414 3584 ἑν
2454 3536 2602 3606 αὐτῴ
2643 3538 2722 3607 τῷ
2750 3539 2940 3610 ἀγαθῷ
2973 3543 3069 3612 τὴν
3109 3545 3464 3616 παραλλαγὴν
3506 3546 3722 3608 πάντως

2137 3623 2344 3691 βλέπει.
2379 3627 2451 3677 Τὸ
2496 3626 2550 3679 δὲ
2592 3629 2686 3680 τοῦ
2726 3632 2930 3698 ἀγαθοῦ
2979 3635 3450 3706 παρηλλαγμένον,
3487 3637 3541 3690 τί
3583 3641 3718 3700 ἐστι,

2133 3715 2434 3782 Noricam,
2471 3721 2524 3771 cl
2560 3719 2793 3786 ἄκακοι,
2831 3724 2945 3792 τὴν
2976 3731 3366 3797 πανοιιργίαν,
3387 3732 3420 3800 ἡ
3453 3731 3721 3800 παροιμία

2137 3807 2320 3875 φησίν.

445 3893 802 3963 παραλλαγήν
849 3891 1322 3960 (discrepantiam)
1363 3890 1528 3944 videt.
1584 3889 1740 3956 Quod
1788 3902 1968 3946 autem
2009 3911 2037 3948 a
2081 3897 2226 3952 bono
2260 3900 2552 3972 discrepat,
2587 3905 2717 3975 quid
2751 3917 2854 3970 est,
2897 3909 3334 3978 Animadvertite,
3373 3932 3404 3968 ο
3443 3915 3564 3970 boni
3597 3919 3716 3981 viri,

442 3991 810 4050 calliditatem.
841 3991 907 4042 ait
949 3989 1232 4058 parmmia.

517 4083 622 4137 Sed
657 4084 772 4136 hinc
822 4089 880 4135 ut
914 4081 1260 4150 perspicuam
1317 4079 1578 4134 habentia
1622 4081 2024 4138 absurditatem

442 4163 713 4228 orationis
756 4187 922 4225 cursu
957 4170 1259 4239 superabo;
1321 4170 1464 4238 quod
1521 4178 1701 4224 autem
1751 4172 1864 4226 halc
1889 4189 2029 4242 pra:-

443 4266 588 4320 cerlit
636 4265 1033 4317 examinemus.
1094 4259 1246 4314 Nihil
1301 4262 1478 4332 inquit
1533 4263 1760 4316 alterunt
1808 4265 2031 4319 inveniri

444 4367 636 4428 pmter
657 4358 938 4410 essentia»:
981 4353 1136 4419 Filii,
1167 4354 1304 4424 quod
1331 4355 1717 4422 generationem
1757 4357 2041 4412 admittat:

445 4449 574 4519 quid
613 4448 924 4518 intelligens
955 4446 1071 4500 lucc
1114 4446 1280 4500 dicit?
1327 4445 1442 4499 Duo
1495 4446 1640 4500 enim
1705 4446 2028 4503 discernens

444 4559 474 4596 a
507 4557 567 4596 se
599 4540 832 4594 invicem
866 4539 1110 4600 nomina,
1141 4553 1370 4607 quaeque
1395 4538 1620 4607 perlmc
1646 4539 2030 4605 signiﬁcantur

2215 4085 2374 4140 Ἀλλὰ
2399 4088 2570 4141 ταῦτα
2616 4089 2714 4159 μὲν
2745 4089 2820 4154 ὡς
2847 4091 3109 4162 πρόδηλον
3147 4093 3337 4162 ἔχοντα
3363 4095 3460 4167 τὴν
3485 4099 3714 4155 ἀτοπία)

2137 4179 2605 4252 παραδραμοῦμαι
2638 4183 2715 4250 τῷ
2744 4181 2912 4252 λόγῳ,
2939 4185 2998 4236 τὸ
3023 4186 3078 4236 δὲ
3111 4187 3215 4254 πρὸ
3244 4187 3422 4242 αὐτῶν
3457 4191 3723 4254 ἐξετάσωο

2141 4287 2260 4340 μεν.
2299 4271 2489 4325 Οὐδέν
2531 4291 2692 4343 φησιν
2730 4275 2937 4341 ἕτερον
2977 4279 3362 4345 εὑρίσκεσθαι
3407 4282 3567 4350 παρὰ
3605 4285 3720 4352 τὴν

2137 4363 2360 4418 οὐσίαν
2383 4365 2491 4417 τοῦ
2529 4365 2665 4418 Υἱοῦ
2695 4367 2761 4420 τὸ
2803 4368 3131 4436 δεχόμενον
3167 4371 3284 4438 τὴν
3308 4373 3599 4443 γέννησιν
3619 4397 3630 4409 ·
3667 4380 3718 4431 τί

2136 4451 2272 4506 νοῶν
2309 4455 2482 4507 ταῦτα
2513 4455 2689 4524 λέγει;
2731 4459 2833 4511 Δύο
2875 4461 2985 4531 γὰρ
3022 4463 3117 4514 ἀπ’
3150 4465 3394 4534 ἀλλήλων
3434 4467 3717 4539 διακρίνας

2137 4543 2398 4614 ὀνόματα,
2430 4547 2524 4600 καὶ
2555 4549 2622 4601 τὰ
2651 4549 2717 4600 δι’
2741 4551 2920 4603 αὐτῶν
2962 4555 3334 4625 σημαινόμενα
3363 4561 3718 4632 συνδιαχωρίο

443 4633 608 4690 simul
647 4647 940 4686 secernens
979 4631 1248 4694 oratione,
1274 4631 1328 4683 in
1363 4632 1545 4699 seipse
1577 4639 1872 4700 utrumque
1905 4649 2030 4700 pro-

2141 4653 2238 4700 σας
2267 4637 2345 4707 τῷ
2382 4639 2544 4710 λόγῳ,
2575 4643 2659 4710 ἐφ’
2693 4643 2856 4696 αὐτοῦ
2883 4645 3142 4716 ἑκάτερον
3167 4649 3474 4715 ἰδιαζόντως
3509 4631 3718 4708 Eat-tilia-

444 4727 561 4797 prie
589 4736 641 4780 et
668 4724 961 4794 separatim
1011 4724 1255 4792 exponit.
1297 4713 1472 4776 Unum
1523 4739 1722 4778 nomen
1763 4732 1846 4778 est
1876 4741 2038 4794 gene-

445 4821 609 4880 ratio,
672 4819 902 4871 allerum
949 4832 1146 4870 nomen
1205 4815 1464 4870 essentia.
1531 4816 1768 4884 Accipit,
1836 4817 2030 4886 inquit,

444 4914 681 4967 essentia
738 4909 1166 4979 generationem,
1201 4917 1258 4959 ut
1289 4924 1413 4976 qua:
1447 4907 1518 4961 sit
1541 4907 1688 4961 aliud
1726 4907 1854 4976 quid
1883 4907 2032 4962 vide-

443 5005 572 5060 licet
599 5017 760 5071 quam
820 5001 1122 5072 generatio.
1167 4997 1224 5052 Si
1279 4999 1423 5053 enim
1453 5000 1737 5068 generatio
1793 5001 2034 5054 essentia

445 5107 610 5158 esset,
677 5095 819 5164 quod
855 5093 1070 5162 quidem
1131 5092 1354 5146 assidue
1410 5091 1639 5144 allirmat
1669 5111 1682 5145 :
1711 5093 1784 5146 ita
1824 5100 1884 5146 ut
1910 5092 2032 5146 dum

447 5187 842 5258 appellationes
883 5187 1022 5239 inter
1053 5201 1110 5240 se
1143 5185 1402 5253 aequalem
1431 5185 1538 5236 vim
1570 5183 1806 5236 habeant
1831 5199 1998 5256 secun
2019 5213 2032 5222 -

447 5281 576 5334 dum
627 5279 1121 5348 signiﬁcationem;
1181 5293 1286 5330 non
1342 5275 1541 5329 dixerit
1598 5275 1743 5345 quod
1789 5277 2030 5330 essentia

447 5371 856 5442 generationem
918 5369 1148 5435 accipit;
1203 5367 1410 5435 mquale
1469 5365 1614 5420 enim
1653 5373 1800 5419 esset
1850 5365 2033 5420 dicere

450 5463 594 5532 quod
626 5461 922 5516 essentiam
953 5458 1196 5512 essentia
1247 5456 1411 5526 capit,
1435 5456 1518 5509 vel
1549 5457 1693 5525 quod
1727 5459 2034 5525 generatio-

451 5569 574 5609 nem
601 5552 880 5623 generatio
916 5551 1136 5619 accipit,
1175 5549 1220 5602 si
1242 5548 1382 5602 idem
1411 5555 1556 5602 esset
1584 5551 1823 5620 essentia
1849 5557 1902 5604 et
1936 5566 2030 5620 ge-

452 5647 685 5700 neratio.
720 5643 890 5714 Igitur
917 5642 1062 5696 aliud
1093 5641 1350 5712 quiddam
1385 5641 1790 5711 generationem
1825 5643 2030 5698 intelli-

452 5738 552 5808 git,
583 5737 730 5790 aliud
791 5753 920 5792 vero
945 5735 1076 5808 quid
1129 5735 1423 5790 essentiam
1473 5751 1593 5806 qum
1619 5737 2024 5804 generationem

989 5849 1032 5880 "
1062 5847 1296 5918 Philipp.
1329 5864 1386 5912 ιι,
1420 5849 1470 5902 7.

523 5847 569 5881 ³⁸⁷
600 5848 765 5904 llcbr.
793 5865 830 5910 ι,
857 5850 909 5916 5.
989 5849 1032 5880 ¹⁹
1062 5847 1296 5916 Philipp.
1329 5864 1386 5912 ιι,
1420 5849 1470 5902 7.
1550 5849 1592 5878 3°
1623 5847 1780 5903 Joan.
1816 5864 1892 5914 γι,
1923 5851 2011 5905 27.

2137 4745 2248 4790 ται,
2273 4730 2329 4784 ἓν
2366 4731 2535 4800 ὄνομα
2571 4734 2602 4804 ἡ
2627 4733 2896 4805 γέννησις,
2923 4738 3016 4790 καὶ
3061 4739 3245 4810 ἕτερον
3289 4741 3511 4814 ὅνομαή
3539 4745 3714 4798 οὐσία.

2138 4819 2385 4890 Δέχεται,
2418 4821 2600 4890 φησὶν,
2639 4824 2671 4891 ἡ
2705 4823 2862 4876 οὐσία
2903 4826 3001 4893 τὴν
3030 4826 3300 4896 γέννησιν,
3337 4829 3465 4882 ἄλλο
3493 4849 3544 4882 τι
3585 4829 3718 4884 οὖσα

2137 4909 2378 4978 δηλονότι
2407 4913 2558 4980 παρὰ
2579 4912 2676 4982 τὴν
2698 4913 2970 4984 γέννησιν.
3005 4917 3066 4969 ΕΞ
3094 4917 3254 4989 γὰρὴ
3286 4920 3536 4990 γέννησις
3565 4924 3720 4976 οὐσία

2137 4997 2224 5071 ἦν,
2274 5003 2409 5073 ὅπερ
2450 5003 2513 5074 δὴ
2566 5005 2803 5074 συνεχῶς
2851 5008 3242 5076 ἀποφαίνεται·
3293 5011 3434 5064 ὥστε
3479 5015 3576 5075 τὰς
3629 5015 3720 5067 δύο

2143 5092 2508 5163 προσηγορίας
2540 5095 2877 5166 ἰσοδυναμεῖν
2895 5097 3138 5167 ἀλλήλων
3165 5102 3306 5154 κατὰ
3331 5103 3430 5173 τὴν
3455 5103 3720 5174 ἔμφασιν,

2136 5187 2236 5238 οὐκ
2271 5185 2335 5238 ἂν
2374 5181 2527 5238 εἶπεν
2561 5189 2642 5240 ὅτι
2673 5189 2886 5260 δέχεται
2915 5193 2946 5261 ἡ
2977 5191 3134 5245 οὐσία
3162 5194 3260 5266 τὴν
3297 5196 3576 5266 γέννησιν·
3603 5193 3718 5250 ἴσον

2137 5279 2246 5350 γὰρ
2272 5278 2336 5332 ἂν
2378 5275 2445 5348 ἦν
2479 5279 2538 5333 τὸ
2567 5283 2760 5340 εἰπεῖν,
2805 5284 2885 5337 ὅτι
2923 5285 3022 5356 τὴν
3063 5287 3251 5339 οὐσίαν
3290 5289 3322 5356 ἡ
3356 5289 3534 5355 οὐσία,
3571 5290 3604 5360 ἦ
3635 5291 3720 5342 ὅτι

2137 5372 2234 5440 τὴν
2264 5371 2517 5441 γέννησιν
2556 5375 2588 5444 ἡ
2620 5374 2870 5444 γέννησις
2897 5375 3132 5446 δέχεται,
3165 5380 3324 5452 εἴπερ
3354 5387 3524 5453 rat-ira,
3555 5379 3621 5454 ἦν
3650 5389 3715 5456 τῇ

2136 5462 2294 5532 οὐσία
2328 5463 2361 5532 ἡ
2401 5463 2669 5533 γέννησις.
2709 5465 2917 5519 Οὐκοῦν
2943 5469 3070 5522 ἄλλο
3101 5471 3200 5539 μέν
3229 5489 3280 5524 τι
3318 5477 3430 5526 νοεῖ
3460 5476 3558 5544 τὴν
3597 5477 3723 5544 γέν-

2138 5571 2315 5622 νησιν,
2349 5555 2474 5608 ἄλλο
2502 5557 2556 5608 δέ
2593 5574 2646 5608 τι
2677 5557 2775 5627 τὴν
2811 5560 3055 5631 οὐσίαν-ἣ
3091 5561 3188 5632 τὴν
3209 5564 3458 5634 γέννησιν
3481 5567 3716 5638 δέχεται.
3757 5576 3760 5578 ⁷

2139 5647 2211 5699 Οὐ
2245 5646 2352 5716 γὰρ
2393 5649 2458 5699 ἂν
2493 5643 2560 5718 ἦν
2601 5651 2766 5703 ταύτὸ
2799 5651 2876 5722 τῷ
2919 5653 3300 5726 ὐποδεχομένι;›
3341 5658 3404 5710 τὸ
3449 5656 3722 5728 λαμϐανό-

2141 5755 2318 5808 μενον.
2352 5739 2521 5792 Τοῦτο
2553 5741 2650 5810 μὲν
2679 5739 2770 5798 οὖν
2802 5745 2833 5815 ἠ
2877 5745 3013 5800 corr
3042 5747 3134 5800 τοῦ
3166 5748 3504 5820 λογογράφου
3539 5767 3722 5822 repr-

2093 5853 2134 5884 ³⁵
2167 5853 2324 5909 Joan.
2357 5869 2468 5920 κη’,
2504 5855 2557 5908 9.
