4138 6364
252 2307 266 2330 l

403 380 510 458 eis
1533 379 1812 438 comm
1846 379 1995 436 sunt

2099 377 2238 444 IUM,
2281 379 2409 436 LIB.
2451 380 2539 436 Ν.
3363 374 3370 382 ’
3571 381 3678 436 ϐτί

407 495 562 564 λογία
593 495 778 568 φησίν.
813 491 876 549 Ei
910 496 967 548 δέ
997 514 1080 560 τις
1110 496 1350 564 ἔγκειται
1376 497 1498 561 νοῦς
1527 503 1637 562 τοῖς
1660 500 1991 572 εἰρημένοις,

2101 497 2322 566 accipit;
2365 497 2472 550 non
2500 497 2646 552 enim
2675 503 2820 552 esset
2851 493 2994 551 idem
3017 511 3140 550 cum
3170 509 3234 550 co
3268 496 3410 564 quod
3443 497 3677 565 suscipit

407 589 436 638 ὁ
457 586 668 659 κρίνειν
685 587 884 638 ὲπεσκε
894 587 1097 656 μμένος
1121 588 1510 658 ἑπισκεψάσθω
1525 591 1612 644 τὸν
1625 590 1802 658 λόγον.
1821 590 1989 644 Πάλιν

407 677 551 732 δὲτὸ
583 677 748 748 ῥηθὲν
779 677 1144 750 ἀναλήψομαι.

483 946 676 1000 Οὐδὲν
696 946 902 1014 ἕτερον
933 947 1244 1014 εἰφίσκειν
1269 945 1414 1015 λέγει
1444 947 1605 1014 παρὰ
1635 945 1748 1014 τὴν
1773 948 1994 1000 οὐσίαν

403 1037 518 1092 τοῦ
559 1037 695 1092 Υἱοῦ
745 1039 808 1091 τὸ
841 1038 1170 1106 δεχόμενον
1219 1037 1333 1106 τὴν
1379 1037 1686 1108 γέννησιν.
1741 1039 1900 1090 Ἀλλά
1935 1038 1994 1090 τὸ

403 1131 684 1201 ,μηδεμίαν
724 1132 1004 1199 ἐγκεῖσθαι
1044 1135 1154 1195 τοῖς
1187 1133 1494 1203 εἰρημένοις
1541 1131 1799 1194 διάνοιαν,
1831 1133 1994 1185 παντὶ

411 1222 569 1292 δῆλόν
601 1224 716 1274 ἐστι
755 1222 834 1292 τῷ
871 1223 965 1280 καὶ
995 1221 1242 1274 ὁπωσοῦν
1283 1221 1526 1274 ἐπαΐοντι
1556 1220 1712 1289 λόγον
1732 1236 1744 1246 ·
1780 1203 1986 1274 ὑπόλοιί

413 1329 514 1364 ’πον
545 1312 600 1364 δὲ
627 1313 692 1366 ἂν
728 1312 812 1382 εἰή
845 1313 943 1382 τὴν
990 1311 1334 1382 βλασφημίαν
1375 1315 1454 1374 εὶς
1485 1314 1546 1365 τὸ
1587 1313 1829 1384 ἐμφανὲς
1856 1315 1994 1380 ἁγα-

413 1408 550 1472 γεῖν,
584 1405 650 1475 ἣν
691 1405 777 1458 διὰ
830 1405 937 1456 τῶν
980 1405 1306 1474 ἀδιανοήτων
1349 1403 1553 1456 τούτων
1595 1403 1992 1468 κατασκευάζει

416 1494 696 1568 ῥημάτων.
731 1497 986 1550 Βοὺλεται
1015 1497 1144 1567 γὰρ,
1177 1500 1226 1550 εἰ
1269 1498 1362 1550 καὶ
1403 1496 1477 1568 μὴ
1515 1497 1758 1560 δύναται,
1786 1497 1872 1550 διὰ
1898 1497 1992 1568 τὴν

409 1587 812 1662 ’ἑρμηνευτικὴν
837 1593 1076 1656 ἀτονίαν,
1103 1593 1308 1662 ταύτην
1331 1594 1628 1663 ἐμποιῆσαι
1655 1596 1768 1656 τοῖς
1792 1595 1989 1663 άκροα·

412 1685 531 1745 ταῖς
573 1683 672 1752 τὴν
700 1683 956 1748 διάνοιαν,
1009 1683 1090 1736 ὅτι
1129 1686 1546 1755 κατασκευαστή
1578 1687 1694 1737 ἐστι
1741 1683 1832 1737 τοῦ
1861 1685 1992 1738 Υἱοῦ

414 1777 445 1836 ἡ
479 1774 723 1844 σημασία
746 1791 759 1804 ·
805 1775 1058 1845 γέννησιν
1106 1776 1162 1828 δὲ
1201 1775 1298 1844 τὴν
1335 1777 1678 1847 κατασκευὴν
1713 1777 1988 1846 ὀνομάζει,

412 1867 478 1934 τῇ
532 1866 876 1936 εὑσημοτάτῃ
913 1870 1062 1937 φωνῇ
1109 1867 1168 1918 τὸ
1211 1868 1440 1938 φρικτὸν
1491 1869 1856 1940 περιστέλλων
1894 1871 1994 1941 τῆς

415 1953 792 2030 βλασφημίας·
828 1955 904 2017 ὡς
943 1953 1008 2007 ἂν
1037 1955 1438 2026 εὑπαράδεκτος
1471 1958 1680 2026 γένοιτο
1706 1961 1740 2030 ἡ
1781 1960 1874 2011 τοῦ
1899 1962 1991 2013 ἐκ·

412 2045 595 2100 τίσθαι
634 2029 734 2099 τὸν
765 2045 968 2112 Κύριον
999 2047 1416 2115 συγκατάθεσις,
1447 2053 1514 2120 τῇ
1549 2051 1650 2118 τῆς
1688 2053 1994 2120 γεννήσεως

413 2137 554 2202 λέξει
583 2139 683 2208 τῆς
721 2140 1066 2209 κατασκευῆς
1102 2139 1456 2210 δηλουμένης.
1496 2143 1660 2210 Λέγει
1690 2143 1872 2195 τοίνυν
1910 2145 1994 2196 ὃτι

402 2230 634 2298 ’ήοούσία
663 2231 762 2300 τὴν
802 2230 1053 2300 γέννησιν
1082 2229 1316 2300 δέχεται,
1359 2231 1424 2283 ἵν’
1459 2230 1646 2302 ὥσπερ
1675 2234 1734 2284 ὲν
1771 2234 1995 2285 ὑποκει-

405 2321 563 2392 τμένῳ
593 2321 698 2374 τινὶ
737 2322 1022 2390 πράγματι
1061 2323 1210 2374 πᾶσα
1247 2323 1556 2392 κατασκευὴ
1587 2323 1876 2396 θεωρῆται.
1918 2325 1992 2378 Οὐ

409 2412 522 2483 γὰρ
570 2413 636 2467 ἄν
673 2429 757 2475 τις
811 2415 954 2464 εἴποι
993 2413 1430 2466 κατεσκευάσθαι
1475 2414 1503 2466 ὃ
1539 2415 1612 2486 μὴ
1667 2416 1992 2485 ὑφέστηκεν,

401 2502 586 2566 ὀὕτως
606 2501 716 2556 οἷόν
738 2521 790 2556 τι
809 2504 1240 2574 κατασκεύασμα
1257 2505 1354 2576 τὴν
1381 2505 1474 2559 τοῦ
1495 2507 1836 2574 Μονογενοῦς
1859 2506 1994 2560 Θεοῦ

418 2596 580 2663 φύσιν
615 2595 906 2666 προτείνας
935 2595 1014 2666 τῷ
1039 2596 1184 2667 λόγῳ
1207 2596 1304 2664 τὴν
1335 2587 1576 2666 ποίησιν.
1607 2598 1670 2650 Εἰ
1697 2597 1872 2650 τοίνυν
1897 2598 1997 2667 τὴν

415 2687 672 2756 γέννησιν
693 2686 904 2756 δέχεται
934 2687 1158 2758 ταύτην,
1185 2689 1338 2756 φησι,
1371 2687 1579 2740 τοιοῦτο
1601 2691 1843 2758 σημᾶναι
1875 2689 1998 2758 βου-

416 2778 640 2848 λόμενος
671 2779 754 2830 ὅτι
793 2779 892 2832 οὑκ
920 2778 985 2831 ἂν
1031 2775 1118 2849 ἦν,
1145 2781 1192 2831 εἰ
1244 2780 1318 2848 μὴ
1351 2780 1782 2851 κατεσκευάσθη.
1827 2780 1892 2831 Τί
1939 2781 1996 2832 δὲ

415 2869 544 2922 ἄλλο
575 2869 682 2922 τῶν
713 2871 770 2921 ὲν
797 2872 861 2940 τῇ
891 2870 1064 2922 κτίσει
1102 2869 1492 2940 θεωρουμένων
1522 2871 1636 2922 ἐστὶ
1666 2871 1740 2941 μὴ
1766 2872 1994 2941 γενόμε-

416 2975 534 3024 νον;
576 2961 836 3030 Οὐρανὸς,
872 2963 964 3031 γῆ,
1003 2961 1130 3030 ἀὴρ,
1168 2961 1423 3026 θάλαττα,
1471 2964 1578 3014 πᾶν
1601 2963 1700 3014 ὂτί
1726 2963 1831 3034 πέρ
1857 2966 1992 3026 ἐστι,

414 3051 708 3120 γενόμενον
741 3052 956 3114 πάντως
987 3053 1156 3106 ἐστίν.
1185 3047 1284 3105 Ὧν
1323 3053 1474 3106 οὐδὲν
1508 3053 1573 3106 ἂν
1597 3049 1684 3124 ἦν,
1715 3056 1763 3106 εἰ
1805 3055 1878 3124 μὴ
1903 3071 1998 3122 γε-

415 3144 637 3212 νόμενον
673 3141 761 3214 ἦν.
795 3144 920 3206 Πῶς
958 3141 1050 3198 οὖν
1085 3143 1160 3207 ὡς
1199 3143 1473 3216 ἐξαίρετόν
1511 3163 1563 3198 τι
1589 3149 1652 3216 τῇ
1687 3147 1780 3198 τοῦ
1825 3149 1994 3199 Move-

414 3236 606 3302 γενοῦς
656 3235 992 3307 ὲνεθεώρησε
1033 3237 1210 3304 φύσει,
1249 3237 1308 3290 τὸ
1358 3240 1438 3300 είς
1465 3239 1631 3308 αὐτὴν
1669 3239 1766 3307 τὴν
1807 3239 1995 3291 οὐσίαν

415 3327 770 3398 ἀναδέχεσθαι
789 3328 886 3397 τὴν
907 3327 1187 3397 γέννησιν;
1222 3328 1376 3380 Οὕτω
1403 3329 1508 3399 γὰρ
1532 3328 1630 3399 τὴν
1651 3347 1786 3381 κατα
1797 3331 1996 3400 σκευὴν

415 3417 692 3487 ὀνομάζει,
725 3417 800 3480 ὡς
850 3417 942 3470 τοῦ
985 3417 1275 3488 βομϐυλίου
1322 3421 1414 3471 καὶ
1462 3419 1555 3470 τοῦ
1599 3417 1858 3480 κώνωπος
1898 3421 1997 3472 οὑκ

415 3512 497 3574 εἰς
551 3511 758 3572 ἐαυτδνς
821 3511 933 3564 ἀλλ’
973 3513 1054 3573 είς
1112 3511 1296 3580 ἕτερόν
1326 3529 1376 3563 τι
1421 3513 1550 3582 παρ’
1599 3513 1791 3564 ἑαυτὸν
1840 3511 1996 3571 δεξα-

422 3604 582 3672 μένου
614 3603 712 3674 τὴν
742 3601 1012 3672 γέννησιν.
1055 3601 1262 3654 Οὐκοῦν
1291 3602 1630 3672 ὁμολογεῖται
1658 3602 1746 3654 διὰ
1774 3604 1879 3654 τῶν
1907 3619 2000 3670 γε-

417 3695 772 3766 γραμμένων,
809 3695 888 3748 ὅτι
918 3696 1012 3746 καὶ
1041 3694 1177 3764 πρὸς
1215 3693 1282 3744 τά
1312 3697 1612 3764 μικρότατα
1645 3697 1744 3765 τῆς
1769 3695 1999 3757 κτίσεως

424 3787 607 3858 μόρια,
643 3788 1020 3838 κοινοποιεῖται
1071 3786 1200 3855 παρ’
1243 3785 1422 3837 αὐτῶν
1451 3785 1544 3837 τοῦ
1595 3786 1929 3852 Μονογενοῦς
1961 3787 1994 3855 ἡ

419 3881 594 3946 οὐσία,
627 3880 720 3933 καὶ
756 3879 864 3930 πᾶν
892 3879 1222 3948 ἐπιχείρημα
1261 3877 1326 3929 δι’
1353 3870 1414 3930 οὗ
1460 3879 1924 3943 κατασκευάζεται
1961 3883 1994 3950 ἡ

423 3972 560 4042 πρὸς
609 3971 698 4024 τὸν
728 3970 949 4039 Πατέρα
976 3970 1070 4021 τοῦ
1118 3968 1248 4021 Υἱοῦ
1277 3969 1648 4040 άλλοτρίωσις,
1693 3972 1812 4041 ῖσην
1845 3973 1998 4042 ἰσχὺν

421 4065 516 4118 καὶ
548 4064 640 4116 ἐπὶ
672 4063 778 4116 τῶν
819 4062 938 4114 καθ’
964 4063 1192 4114 ἕκαστον
1234 4061 1368 4131 ἔχει.
1406 4063 1501 4126 Τίς
1529 4059 1620 4116 οὖν
1648 4063 1796 4134 αὑτῷ
1840 4065 1999 4133 χρεία

420 4161 519 4228 τῆς
543 4157 788 4224 ποικίλης
811 4154 1016 4225 ταύτης
1040 4155 1401 4225 λεπτουργίας
1423 4157 1503 4218 εἰς
1535 4158 1878 4228 κατασκευὴν
1901 4159 2000 4228 τῆς

423 4249 564 4303 κατὰ
608 4251 768 4316 φύσιν
802 4248 1242 4317 ἀλλοτριότητος,
1293 4248 1412 4300 δέον
1455 4248 1554 4319 τὴν
1590 4247 1853 4317 σύντομον
1901 4250 2001 4320 τῆς

423 4342 702 4410 ἀρνήσεως
735 4339 852 4391 ὁδὸν
894 4339 1167 4408 τραπῆναι
1207 4338 1283 4407 τῷ
1327 4338 1578 4408 φανερῶς
1613 4339 1868 4391 ἀπειπεῖν
1924 4339 1999 4410 μὴ

421 4433 529 4486 δεῖν
555 4429 931 4501 ὁμολογεῖσθαι
973 4429 1066 4482 τοῦ
1107 4431 1240 4482 Υἱοῦ
1276 4430 1335 4482 τὸ
1378 4431 1566 4500 ὄνομα,
1605 4430 1740 4502 μηδὲ
1783 4431 1876 4482 τὸν
1903 4449 1999 4500 μο-

2098 587 2151 641 id
2177 587 2324 657 quod
2360 587 2616 640 sumitur.
2647 585 2760 641 Hoc
2782 586 3000 656 quidem
3033 585 3196 654 hujus
3227 587 3518 654 scriptoris
3545 589 3679 640 arti-

2095 679 2284 733 ﬁciosa
2302 679 2602 748 diSputatio
2621 681 2837 734 asserit.
2856 677 3010 743 Quod
3025 681 3070 732 si
3089 694 3194 748 qua
3211 678 3376 732 dictis
3391 679 3682 734 insidetin-

2095 771 2416 838 telligentia,
2431 773 2522 840 qui
2539 771 2786 840 iudicare
2805 769 3095 840 diligenter
3111 771 3519 832 meditatusest,
3541 786 3680 824 cou-

2095 864 2300 918 sideret
2325 879 2658 918 sermonem.
2677 863 2874 918 lterum
2891 863 3036 932 quod
3053 865 3259 917 dictum
3279 871 3362 918 est
3383 879 3681 916 resumam.

2168 954 2323 1008 Nihil
2371 955 2520 1008 aliud
2574 956 2692 1009 licet
2753 957 3004 1018 invenire,
3071 957 3270 1026 inquit,
3329 967 3684 1025 prieterquam

2095 1046 2382 1096 essentiam
2440 1043 2576 1096 Filii
2621 1047 2758 1115 quod
2809 1047 3062 1100 admittat
3119 1050 3531 1117 generationem.
3573 1047 3680 1101 Sed

2103 1133 2311 1187 nullum
2357 1136 2587 1190 subesse
2647 1136 2732 1192 his
2787 1137 2951 1191 dictis
2997 1155 3216 1193 sensum
3254 1140 3428 1194 cuivis
3473 1140 3684 1209 perspi-

2097 1240 2262 1278 cuum
2322 1235 2440 1288 est,
2492 1228 2571 1280 vel
2628 1243 2958 1299 quocunque
3005 1232 3166 1285 modo
3223 1247 3528 1286 sermonem
3585 1249 3686 1288 au-

2095 1319 2285 1372 dienti.
2335 1320 2625 1390 Reliquum
2663 1321 2828 1374 fuerit
2871 1322 3266 1390 blasphemiam
3325 1325 3380 1376 in
3430 1333 3679 1394 apertum

2095 1409 2362 1480 proferre,
2416 1427 2578 1480 quam
2609 1427 2704 1482 per
2734 1412 2848 1464 haec
2872 1413 3036 1466 verba
3067 1414 3274 1466 nullum
3307 1429 3530 1468 sensum
3585 1415 3682 1467 ha-

2096 1501 2280 1554 bentia
2319 1503 2611 1554 construit.
2647 1499 2772 1554 Vult
2819 1501 2985 1566 enim,
3037 1504 3140 1556 etsi
3184 1520 3293 1558 non
3343 1513 3544 1573 potest.
3583 1520 3682 1574 per

2095 1594 2566 1663 interpretativam
2627 1595 3054 1650 imbecillitatem
3113 1596 3255 1649 hanc
3336 1599 3680 1654 auditoribus

2097 1683 2337 1738 inserere
2354 1686 2855 1756 sententiam,quod
2877 1685 2998 1740 Filii
3017 1688 3342 1756 signiﬁcatio
3364 1700 3681 1745 constructa

2096 1781 2201 1836 est.
2261 1775 2316 1828 id
2352 1784 2437 1829 est
2459 1776 2587 1844 quid
2621 1778 2899 1830 conditum
2952 1778 3202 1834 indicans
3227 1797 3243 1847 ;
3273 1782 3678 1849 generationem

2029 1859 2066 1912 Β
2095 1867 2241 1918 enim
2255 1875 2588 1920 structuram
2613 1869 2856 1922 nominat
2877 1869 3379 1939 signiﬁcantissima
3399 1888 3528 1927 voce
3549 1873 3681 1928 hor-

2096 1956 2308 2012 ribilem
2335 1947 2728 2026 blasphemiam
2759 1964 3159 2025 communiens,
3191 1969 3250 2016 ut
3276 1964 3682 2033 sitacccptissi-

2097 2061 2183 2100 ma
2216 2051 2466 2102 assensio
2489 2047 2635 2116 quod
2657 2047 2922 2104 Dominus
2952 2049 3023 2103 sit
3043 2059 3282 2114 creatus,
3311 2051 3680 2119 generationis

2095 2136 2334 2192 dictione
2375 2145 2708 2192 structuram
2743 2139 3078 2194 declat-ante.
3141 2140 3281 2194 Dicit
3309 2142 3494 2211 itaque
3532 2141 3680 2211 quod

2095 2237 2334 2290 essentia
2364 2240 2768 2304 generationem
2821 2237 3042 2305 accipit,
3076 2243 3134 2288 ut
3167 2246 3426 2305 tanquam
3483 2237 3540 2289 in
3581 2237 3683 2288 ali-

2097 2342 2203 2394 qua
2233 2341 2291 2380 re
2346 2325 2592 2392 subjecta
2633 2327 2814 2380 omnis
2845 2329 3184 2382 constructio
3229 2335 3528 2396 spectetur.
3561 2327 3680 2381 Non

2097 2414 2242 2468 enim
2270 2414 2396 2484 quis
2423 2413 2623 2466 dixerit
2669 2423 3050 2468 constructum
3079 2431 3202 2471 esse
3228 2418 3370 2484 quod
3407 2432 3514 2470 non
3545 2419 3681 2471 sub-

2099 2507 2280 2567 sistat,
2313 2505 2392 2559 sic
2419 2505 2567 2557 velut
2594 2504 2866 2572 quoddam
2917 2505 3202 2557 aediﬁcium
3257 2503 3350 2558 Dei
3405 2503 3680 2575 Unigeniti

2098 2605 2348 2649 naturam
2391 2595 2720 2665 protendens
2772 2609 3024 2648 sermone
3067 2595 3352 2648 facturam.
3391 2593 3447 2648 Si
3489 2595 3677 2665 igitur,

2099 2690 2296 2758 inquit,
2351 2689 2756 2756 generationem
2792 2686 2930 2740 hanc
2965 2688 3185 2764 accipit,
3225 2689 3322 2740 hoc
3365 2688 3680 2757 signiﬁcare

2097 2781 2309 2843 volens,
2347 2780 2490 2849 quod
2521 2794 2630 2832 non
2665 2788 2829 2842 esset,
2886 2794 3080 2848 nempe
3113 2779 3383 2849 Unigeniti
3416 2782 3677 2845 essentia,

2099 2871 2203 2926 nisi
2232 2872 2450 2925 condita
2480 2877 2646 2925 esset.
2683 2869 2824 2936 Quid
2862 2882 3040 2924 autem
3079 2872 3222 2924 aliud
3255 2887 3442 2926 eorum
3474 2889 3594 2940 qua:
3623 2875 3680 2927 in

2099 2974 2350 3018 creatura
2403 2964 2819 3032 conspiciuntur
2867 2972 2952 3017 est
2993 2979 3101 3016 non
3159 2963 3362 3016 factum
3391 2965 3414 3016 ?
3441 2963 3678 3028 Caelum,

2101 3063 2264 3118 term,
2291 3069 2406 3118 aer,
2437 3070 2608 3118 mare,
2642 3055 2908 3124 quidquid
2947 3065 3051 3120 est,
3085 3055 3310 3109 omnino
3335 3053 3535 3108 factum
3560 3066 3676 3110 est:

2099 3161 2330 3212 quorum
2359 3145 2492 3198 nihil
2527 3155 2672 3200 esset
2693 3147 2796 3200 nisi
2825 3144 3026 3198 factum
3064 3153 3230 3200 esset.
3262 3143 3545 3210 Quomodo
3575 3147 3678 3215 igi-

2103 3247 2188 3290 tur
2223 3247 2280 3290 ut
2319 3237 2582 3290 eximium
2621 3239 2882 3307 quiddam
2925 3238 2979 3291 in
3023 3236 3302 3306 Unigeniti
3335 3249 3532 3291 natura
3561 3255 3682 3307 spe-

2099 3328 2314 3381 culatus
2343 3334 2448 3390 est,
2485 3343 2678 3397 nempe
2707 3343 2824 3381 eam
2870 3329 3042 3397 ipsam
3081 3328 3382 3382 essentiam
3431 3331 3682 3398 accipere

2098 3421 2505 3488 generationem
2542 3421 2565 3473 ?
2600 3421 2692 3475 Sic
2729 3422 2875 3474 enim
2936 3421 3272 3474 creationem
3304 3422 3583 3484 nominat,
3621 3431 3682 3476 ut

2099 3511 2356 3581 bombylii
2430 3514 2738 3582 (cujusdam
2776 3514 2892 3582 apis
2952 3514 3306 3582 obstrepente)
3349 3523 3404 3567 et
3461 3516 3677 3578 culicis,

2100 3617 2208 3656 non
2273 3605 2326 3656 in
2362 3604 2748 3672 seipsum,sed
2791 3604 2842 3656 in
2915 3604 3145 3656 alterum
3207 3604 3462 3673 quiddam
3516 3621 3681 3674 quam

2099 3695 2338 3762 seipsum
2376 3697 2470 3764 qui
2495 3697 2704 3764 accepit
2735 3696 3161 3764 generationem.
3189 3694 3358 3765 Igitur
3383 3697 3679 3752 conﬁtetur

2101 3801 2198 3854 per
2217 3786 2418 3854 scripta
2459 3785 2605 3854 quod
2639 3785 2801 3839 etiam
2835 3800 2958 3837 cum
2986 3786 3226 3840 minimis
3255 3799 3519 3842 creatum
3549 3805 3680 3858 par-

2101 3879 2285 3933 ticulis
2301 3879 2369 3930 ab
2385 3877 2518 3946 ipsis
2543 3875 2816 3945 Unigeniti
2841 3878 3078 3931 essentia
3095 3878 3403 3932 communis
3420 3881 3678 3937 edicitur:

2100 3970 2388 4038 carnisque
2413 3971 2812 4038 argumentatio
2846 3985 2950 4038 qua
2986 3970 3050 4022 ad
3085 3969 3294 4024 Patrem
3317 3969 3434 4024 Filii
3475 3973 3680 4028 aliena-

2101 4063 2180 4114 tio
2217 4062 2558 4115 construitur
2597 4061 2650 4113 in
2680 4061 2912 4129 singulis
2961 4061 3128 4114 rebus
3161 4064 3266 4114 vim
3311 4064 3471 4118 habet
3499 4081 3684 4134 mqua-

2102 4153 2226 4207 lem.
2264 4153 2404 4219 Quid
2439 4154 2604 4224 igitur
2641 4153 2688 4206 ei
2738 4153 2838 4205 fuit
2895 4169 3032 4223 opus
3077 4155 3179 4208 hac
3211 4157 3364 4208 varia
3391 4163 3444 4210 et
3495 4159 3682 4214 subtili

2103 4255 2241 4308 arte,
2285 4253 2344 4298 ut
2384 4253 2596 4298 astruat
2659 4243 2784 4298 Filii
2831 4245 3130 4299 essentiam
3185 4263 3214 4299 a
3247 4257 3441 4301 natura
3502 4249 3682 4304 Patris

2103 4337 2335 4389 alienam
2380 4351 2538 4402 esse;
2603 4351 2728 4388 cum
2785 4343 3064 4403 oporteret
3115 4338 3578 4405 compendiariam
3629 4347 3683 4393 et

2103 4425 2320 4480 brevem
2349 4425 2490 4478 viam
2524 4425 2904 4494 abnegationis
2933 4424 3142 4490 ingredi
3173 4426 3236 4479 ad
3263 4435 3449 4496 aperte
3480 4445 3684 4498 negan-

425 4525 614 4593 νογενῆ
648 4523 778 4576 Θεὸν
819 4525 876 4574 ἐν
897 4525 1017 4584 ταῖς
1063 4523 1404 4593 Ἑκκλησίαις
1431 4523 1830 4592 κηρύσσεσθαι,
1865 4525 1995 4578 ἀλλὰ

2104 4515 2233 4567 dum
2254 4524 2303 4568 et
2343 4513 2634 4568 dicendum
2654 4530 2761 4566 non
2783 4529 2906 4567 esse
2929 4511 3051 4567 Filii
3075 4531 3272 4568 nomen
3288 4517 3680 4584 conﬁtendum,

423 4615 520 4684 τὴν
563 4613 858 4682 Ἰουδαῖκὴν
905 4611 1155 4682 λατρείαν
1188 4611 1529 4682 κυριωτέραν
1572 4612 1668 4681 τῆς
1712 4611 1820 4664 τῶν
1861 4603 2000 4681 Χριὲ

428 4707 656 4758 στιανῶν
697 4706 902 4774 κρίνειν
938 4703 1245 4774 ὁμολογίας,
1296 4705 1390 4756 καὶ
1428 4704 1585 4773 μόνον
1630 4705 1852 4775 κτίστην
1903 4703 1999 4757 καὶ

425 4795 752 4866 δημιουργὸν
804 4792 1199 4864 ὁμολογοῦντας
1256 4793 1348 4846 τὸν
1403 4795 1654 4864 Πατέρα,
1711 4795 1778 4848 τά
1837 4795 1999 4849 λοιπὰ

427 4889 604 4942 πάντα
640 4887 717 4958 τῷ
747 4888 844 4957 τῆς
877 4886 1106 4948 κτίσεως
1141 4886 1370 4954 ὑπάγειν
1399 4886 1620 4956 ὀνόματί
1659 4903 1716 4938 τε
1759 4886 1852 4939 καὶ
1880 4887 2000 4958 νοή-

431 4995 592 5049 ματι*
624 4979 682 5030 ὲν
717 4979 774 5030 δὲ
821 4977 1032 5038 τούτοις
1081 4976 1142 5028 τὸ
1190 4975 1298 5028 τῶν
1343 4975 1518 5028 ἄλλων
1565 4975 2001 5045 προτεταγμένον

425 5069 584 5138 ἔργον
607 5069 816 5138 ποίημα
844 5067 1022 5137 λέγειν
1041 5067 1128 5120 διά
1151 5083 1298 5129 τινος
1327 5069 1829 5133 κατασκευαστικῆς
1853 5069 1994 5136 ἐνερι

427 5159 579 5226 γείας
608 5161 925 5228 γενόμενον,
958 5159 1052 5210 καὶ
1083 5159 1484 5228 πρωτόκτιστον
1515 5159 1634 5210 ἀντὶ
1679 5157 2001 5226 μονογενοῦς

426 5247 562 5300 Θεοῦ
591 5249 683 5300 καὶ
716 5247 968 5314 ἀληθινοῦ
1003 5247 1132 5300 Υἱοῦ
1163 5247 1694 5316 προσαγορεύονταε;

2104 4621 2282 4674 neque
2314 4605 2652 4674 unigenitum
2681 4605 2915 4658 Deumin
2948 4605 3206 4661 Ecclesiis
3235 4607 3637 4676 praedicandum
3665 4627 3682 4678 ;

2104 4695 2198 4749 sed
2235 4691 2548 4747 Judaaorum
2585 4693 2790 4746 cultum
2835 4693 3192 4760 jtulicandum
3223 4710 3345 4749 esse
3401 4698 3682 4765 preprium

2103 4785 2276 4854 magis
2308 4799 2470 4852 quam
2505 4783 2946 4838 Christianorum
2978 4782 3404 4847 confessionem,
3437 4786 3528 4854 qui
3561 4785 3687 4854 qui-

2101 4877 2224 4931 dem
2251 4875 2422 4930 Judtei
2459 4881 2634 4930 solum
2692 4884 2994 4940 creatorem
3051 4885 3104 4929 et
3137 4877 3386 4944 opiﬁcvm
3432 4878 3686 4932 condito-

2103 4984 2328 5038 remque
2365 4965 2580 5023 Patrem
2609 4969 2956 5032 conﬁtentur,
2997 4969 3206 5035 reliqua
3238 4969 3420 5022 omnia
3479 4971 3688 5023 notioni

2110 5069 2164 5115 et
2193 5060 2404 5115 nomini
2434 5068 2698 5114 creatum
2734 5075 2856 5114 esse
2886 5061 3250 5129 Subjicienda;
3283 5061 3336 5114 iu
3363 5061 3450 5116 liis
3479 5072 3683 5125 autem,

2109 5152 2254 5222 quod
2297 5151 2420 5206 aliis
2463 5153 2809 5220 przepositum
2863 5160 2949 5206 est
2999 5153 3114 5206 sive
3167 5153 3320 5222 prius
3375 5155 3690 5207 ordinatum

2112 5263 2251 5318 opus
2277 5247 2568 5301 dicendum
2599 5246 2808 5315 ποίημα
2841 5247 3128 5308 facturam.
3153 5249 3298 5302 velut
3336 5251 3570 5318 quadam
3605 5248 3688 5301 fa-

427 5339 554 5394 brili
576 5339 984 5392 constructione
1009 5337 1208 5390 factam
1235 5355 1248 5390 :
1281 5347 1334 5390 et
1365 5338 1484 5390 loco
1513 5336 1791 5408 Unigeniti
1823 5337 1917 5392 Dei
1944 5345 1997 5392 et
2019 5341 2133 5394 veri
2159 5339 2280 5393 Filii
2313 5339 2713 5409 πρωτόκτιστον
2751 5339 2952 5406 (primo
2978 5339 3245 5407 creatum)
3269 5341 3690 5410 appellandum?

497 5432 715 5485 Τούτων
748 5431 857 5500 γάρ
895 5431 1346 5501 κεκρατηκότων,
1397 5431 1617 5484 εὐκολία
1653 5431 1821 5499 πολλὴ
1867 5431 2002 5501 πρὸς

430 5524 520 5578 τὸν
555 5523 754 5577 σκοπὸν
779 5523 958 5576 αὑτῶν
993 5521 1439 5592 συμπερανθῆναι
1462 5521 1531 5574 τὰ
1560 5521 1802 5593 δόγματα
1823 5561 1836 5585 ,
1869 5524 2000 5575 πάνο

430 5633 537 5668 των
579 5615 720 5668 κατὰ
755 5615 818 5666 τὸ
864 5613 1010 5675 εἰκὸς
1052 5615 1116 5666 ἐκ
1158 5615 1256 5682 τῆς
1282 5613 1536 5683 τοιαύτης
1581 5615 1754 5684 ἀρχῆς
1781 5613 1916 5684 πρὸς
1943 5613 2005 5665 τὸ

431 5704 722 5760 ἀκόλουθον
763 5704 1166 5775 ὀδηγουμένων·
1210 5707 1292 5757 ὅτι
1323 5705 1412 5758 τὸν
1456 5705 1593 5774 μήτε
1644 5705 2001 5774 γεννηθέντα.

435 5798 570 5867 μήτε
613 5797 738 5851 Υίὸν
775 5797 939 5862 ὄντα,
987 5794 1073 5850 διὰ
1109 5796 1166 5850 δέ
1213 5813 1356 5860 τινος
1387 5795 1664 5868 ἐνεργείας
1700 5797 2006 5851 ὑποστάντα

2178 5431 2277 5486 llis
2319 5433 2462 5486 enim
2519 5431 2958 5499 przcvalcntibus,
3013 5430 3268 5486 facillime
3317 5433 3384 5486 ad
3443 5433 3688 5502 ipsorum

2110 5539 2334 5593 secpum
2393 5521 2647 5593 dogmata
2681 5523 3106 5586 concluduntur,
3154 5523 3409 5579 omnibus
3461 5536 3519 5579 ut
3554 5543 3688 5581 con-

2110 5623 2433 5669 sentaneum
2466 5621 2532 5668 ex
2562 5615 2658 5667 tali
2712 5615 2982 5683 principio
3033 5615 3098 5668 ad
3131 5615 3180 5668 id
3206 5617 3350 5685 quod
3381 5627 3466 5672 est
3499 5635 3690 5673 conse-

2111 5721 2284 5775 quens
2310 5705 2533 5759 directis
2567 5719 2726 5757 :eum
2773 5719 2966 5772 nempe
2987 5705 3080 5774 qui
3117 5721 3292 5775 neque
3319 5709 3557 5776 genitus,
3591 5725 3690 5765 ne-

2116 5815 2226 5868 que
2263 5797 2436 5852 Filius
2472 5807 2574 5862 est,
2610 5795 2701 5852 sed
2733 5797 2828 5867 qui
2869 5798 3184 5867 operatione
3227 5799 3464 5871 quadam
3507 5801 3688 5859 subsi-
