4138 6364
459 364 565 422 ε’ῐῦ

1696 351 1755 407 S.
1798 345 2126 406 GRECORII
2151 346 2441 403 NYSSEN!

3631 350 3735 405 676

459 488 577 548 stit,
616 492 962 538 communem
999 489 1126 529 cum
1192 469 1303 525 Deo
1361 468 1561 521 habere
1589 465 1885 521 essentiam
1932 477 2043 516 non

2150 464 2423 511 κοινωνεῖν
2452 457 2528 529 τῷ
2557 457 2676 528 Θεῷ
2703 459 2802 530 τῆς
2827 458 3014 523 οὐσίας
3055 459 3152 530 οὐχ
3174 454 3284 513 οἷόν
3316 477 3394 513 τε.
3426 460 3568 522 Ἕως
3597 459 3642 512 δ’
3672 461 3738 513 ἂν

460 594 642 652 posse.
674 574 864 643 Quoad
918 577 1099 626 autem
1130 564 1553 636 Evangeliorum
1586 576 1749 615 voces
1780 559 2043 629 prmvale-

459 675 614 735 bunt,
645 669 846 740 quibus
877 664 1047 718 Filius
1077 668 1131 716 et
1168 658 1493 727 Unigenitus
1517 665 1571 710 et
1596 671 1662 710 ex
1694 653 1853 707 Patre
1890 661 1945 706 et
1978 667 2043 705 ex

462 764 590 823 Deo.
673 768 729 815 et
813 758 946 812 talia
1013 751 1346 825 praedicatur
1414 765 1429 803 :
1512 746 1717 801 frustra
1790 742 2046 798 delirabit

458 856 701 924 seipsum
756 857 809 905 et
869 863 1000 903 suos
1064 845 1265 899 talibus
1324 840 1484 910 nugis
1544 837 1742 892 fallens
1788 842 1843 890 et
1893 834 2044 889 deci-

459 949 638 1019 piens.
668 942 801 997 Nam
849 956 974 994 eum
1006 938 1128 991 Filii
1162 933 1453 1004 appellatio
1498 944 1684 985 veram
1717 942 1843 982 cum
1888 924 2046 979 Patre

458 1038 778 1092 relationem
812 1030 1079 1091 clamitet,
1137 1026 1260 1096 quis
1296 1025 1371 1077 ita
1426 1020 1680 1090 stupidus
1719 1025 1773 1072 et
1826 1030 2043 1077 vecors,

459 1138 519 1184 ut
570 1129 782 1183 Joanne
838 1133 893 1179 et
931 1122 1121 1184 Paulo,
1156 1126 1211 1173 et
1255 1116 1469 1183 reliquo
1514 1112 1683 1165 choro
1726 1117 2045 1163 sanctorum

459 1234 747 1294 germanas
781 1218 880 1270 has
912 1228 1071 1267 voces
1101 1220 1154 1265 et
1204 1205 1626 1262 necessitudinis
1663 1201 1872 1256 indices
1904 1213 2043 1268 prae-

460 1293 774 1369 dicantibus
812 1323 922 1362 non
952 1305 1019 1359 ad
1058 1304 1180 1358 illos
1204 1300 1482 1369 respiciat,
1516 1296 1608 1351 sed
1644 1293 1899 1348 inanibus
1926 1307 2045 1345 cre-

459 1402 715 1475 pitaculis
768 1399 984 1452 illectus
1047 1392 1369 1448 cavillorum
1429 1384 1683 1439 Eunomii
1735 1383 2043 1435 doctrinam

460 1496 822 1566 amplectatur
847 1510 859 1544 :
886 1492 1175 1560 ipsumque
1197 1482 1523 1536 Eunomium
1550 1479 1817 1532 veriorem
1851 1475 2045 1528 docto-

457 1603 575 1641 rem
635 1585 909 1639 existimet
962 1580 1045 1632 his
1080 1577 1174 1645 qui
1210 1589 1239 1626 a
1280 1572 1487 1641 Spiritu
1523 1568 1687 1621 amati
1744 1567 2046 1633 loquuntur

460 1676 740 1749 mysteria.
802 1680 856 1726 et
886 1670 1161 1723 Christum
1196 1666 1249 1718 in
1288 1663 1487 1733 seipsis
1542 1658 1799 1730 portant?
1837 1656 2044 1722 Quem-

458 1783 587 1827 nam
618 1767 765 1821 bunc
796 1758 1159 1816 Eunomium?
1184 1754 1339 1811 Unde
1354 1756 1419 1809 ad
1442 1752 1747 1807 docendum
1776 1748 2043 1802 Christia-

2154 550 2425 621 κρατῶσιν
2452 552 2508 604 αἱ
2529 551 2639 605 τῶν
2673 552 3019 619 Εὐαγγελίων
3054 554 3251 622 φωναὶ,
3280 552 3345 604 δι’
3374 544 3448 603 ὧν
3484 550 3612 613 Υἱὸς
3645 553 3739 604 καὶ

2151 643 2457 714 Μονογενὴς
2485 645 2578 697 καὶ
2612 645 2675 698 ἐκ
2703 645 2795 697 τοῦ
2841 646 3055 715 Πατρδς
3105 646 3199 697 καὶ
3233 648 3297 697 ἐκ
3324 643 3418 696 τοῦ
3457 643 3612 705 Θεοῦ,
3645 645 3741 696 καὶ

2149 736 2219 788 τὰ
2249 735 2473 789 τοιαῦτα
2522 739 2894 807 κηρύσσεται·
2931 738 3104 809 μάτην
3149 737 3378 808 ληρήσει
3400 779 3413 801 ,
3450 735 3640 790 ἑαυτόν
3675 754 3738 790 τε

2152 824 2404 887 καὶτοὺς
2447 824 2568 878 καθ’
2620 826 2811 879 ἑαυτὸν
2849 826 2938 879 διὰ
2984 826 3092 879 τῶν
3140 825 3396 879 τοιούτων
3444 825 3739 896 φληνάφων

2154 918 2654 988 παρακρουόμενος.
2702 918 2813 990 Τὴν
2861 920 2970 990 γὰρ
3008 917 3184 988 ἀληθῆ
3227 918 3364 988 πρὸς
3391 919 3480 971 τὸν
3517 919 3741 988 Πατέρα

2155 1010 2339 1078 σχέσιν
2373 1009 2470 1078 τῆς
2506 1010 2599 1061 τοῦ
2629 1010 2759 1062 Υἱοῦ
2790 1011 3161 1081 προσηγορίας
3198 1010 3427 1080 βοῶσης,
3460 1009 3543 1072 τίς
3566 1010 3739 1072 οὕτως

2152 1101 2388 1169 ἠλίθιος,
2416 1101 2492 1164 ὡς
2533 1102 2777 1154 Ἰωάννου
2809 1102 2904 1154 καὶ
2937 1102 3149 1154 Παύλου
3184 1101 3277 1154 καὶ
3304 1101 3395 1154 τοῦ
3422 1100 3609 1154 λοιποῦ
3641 1117 3737 1169 χο-

2138 1184 2249 1264 ¹ροῦ
2287 1193 2395 1246 τῶν
2422 1192 2597 1262 ’ἁγίων
2626 1193 2723 1255 τὰς
2757 1194 2985 1263 γνησίας
3017 1192 3218 1256 ταύτας
3262 1192 3443 1261 φωνὰς
3492 1192 3585 1244 καὶ
3636 1193 3736 1259 τῆς

2152 1287 2483 1354 οἰκειότητος
2512 1285 2846 1349 ὲνδεικτικὰς
2876 1286 3276 1355 κηρυσσόντων,
3314 1286 3386 1355 μὴ
3428 1285 3564 1353 πρὸς
3592 1284 3738 1337 ὲκεί-

2153 1397 2274 1442 νους
2306 1379 2541 1449 βλέπειν.
2577 1379 2714 1433 ἀλλὰ
2751 1382 2863 1441 τοῖς
2895 1378 3160 1441 διακένοις
3183 1378 3467 1447 κροτάλοις
3496 1377 3604 1429 τῶν
3633 1378 3738 1429 Εὐ-

2153 1474 2337 1542 νομίου
2387 1473 2737 1542 σοφισμάτων
2781 1471 3149 1535 διδασκαλίαν,
3196 1472 3304 1523 τῶν
3327 1471 3413 1525 διὰ
3438 1469 3532 1522 τοῦ
3566 1470 3738 1523 Πνεύ-

2157 1582 2325 1635 ματος
2362 1564 2664 1616 λαλούντων
2698 1565 2993 1633 μυστήρια,
3031 1562 3124 1615 καὶ
3166 1561 3400 1633 Χριστὸν
3434 1563 3489 1613 ὲν
3526 1563 3737 1623 ἑαυτοῖς

2154 1657 2447 1728 φερόντων,
2494 1656 2758 1725 Εύνόμιον
2787 1654 3147 1725 ἀληθέστερον
3176 1653 3419 1718 οἵεσθαι;
3451 1654 3583 1706 Τίνα
3610 1653 3736 1705 τοῦ-

2155 1766 2244 1802 τον
2280 1748 2573 1818 Εὐνόμιον;
2620 1748 2723 1800 Τὸν
2771 1745 2933 1799 πόθεν
2968 1748 3049 1808 είς
3086 1746 3146 1798 τό
3191 1746 3547 1816 καθηγεῖσθαι
3598 1748 3735 1817 Χρι-

461 1875 563 1915 nos
594 1854 843 1912 elatum?
874 1852 966 1906 sed
1010 1851 1123 1903 hmo
1158 1847 1378 1918 quidem
1399 1848 1746 1900 omittantur.
1783 1842 1960 1910 Atque
1984 1849 2043 1893 ut

2156 1814 2772 1907 στιανοὺςεπαρθέντω
2816 1836 2976 1889 Ἀλλὰ
3022 1836 3195 1889 ταῦτα
3242 1814 3341 1907 μὲν
3387 1836 3591 1889 ἐάσθω·
3641 1814 3736 1887 καὶ

460 1953 576 2007 tieri
611 1953 789 2020 potest
848 1942 1089 1998 studium
1138 1941 1287 1992 circa
1319 1934 1594 2007 proposita
1641 1931 1737 1988 eor
1790 1941 2040 1986 nostrum

457 2043 733 2112 explanet,
764 2036 884 2089 ﬁdei
917 2033 1033 2087 zelo
1056 2039 1110 2085 et
1140 2029 1335 2083 ardore
1366 2026 1628 2080 adversus
1658 2023 2044 2093 blaspheman-

457 2146 542 2192 tes
585 2148 751 2201 supra
788 2129 1008 2183 modum
1043 2134 1278 2179 tumens.
1315 2121 1602 2188 Quomodo
1632 2119 1775 2173 enim
1804 2117 1871 2170 ad
1900 2117 2040 2171 iram

458 2237 515 2284 et
548 2226 733 2282 odium
773 2236 881 2275 non
912 2217 1338 2275 concitaremur,
1374 2213 1622 2267 videntes
1650 2210 1818 2265 Deum
1849 2217 1904 2264 et
1938 2208 2043 2262 Do-

463 2316 693 2379 minum,
713 2320 769 2367 et
794 2310 1090 2368 viviticum,
1111 2317 1166 2363 et
1190 2305 1535 2359 Servatorem
1564 2302 1632 2355 ab
1658 2302 1779 2356 istis
1809 2302 2043 2354 homun-

458 2407 601 2461 culis
628 2401 866 2457 ludibrio
895 2397 1055 2460 allici,
1089 2405 1143 2449 et
1169 2394 1329 2447 veluti
1360 2407 1520 2446 emno
1548 2391 1905 2460 conspurcari
1936 2389 1959 2441 ?
1986 2389 2044 2442 Si

458 2496 603 2551 enim
635 2492 767 2546 mihi
813 2499 1022 2560 patrem
1054 2488 1238 2540 carnis
1296 2483 1553 2538 convitiis
1612 2482 1933 2543 incesseret,
1962 2477 2047 2535 vel

459 2586 518 2641 in
551 2597 729 2637 meum
797 2577 1202 2633 benefactorem
1257 2573 1534 2628 hostiliter
1589 2587 1650 2627 se
1701 2571 1950 2637 haberet,
1976 2586 2045 2625 an

461 2674 857 2750 imperturbato
909 2671 1093 2722 animo
1151 2680 1366 2735 possem
1433 2664 1571 2717 iram
1628 2665 1930 2727 continere,
1992 2670 2048 2717 et

460 2768 605 2823 ferre
628 2780 785 2834 aequo
801 2763 983 2815 animo
1000 2767 1189 2813 contra
1214 2757 1445 2811 dilectos
1461 2763 1514 2809 et
1530 2755 1728 2809 charos
1752 2754 2047 2823 injuriam?

460 2861 616 2928 Quod
651 2860 696 2913 si
724 2860 917 2911 animae
953 2869 1087 2907 mea:
1131 2851 1413 2909 Dominus.
1441 2849 1536 2918 qui
1581 2850 1757 2918 ipsam
1793 2860 1915 2902 ante
1936 2864 2046 2903 non

461 2953 813 3008 ezsistentem
847 2946 969 2999 fecit
1030 2942 1351 2999 subsistere,
1385 2948 1439 2994 et
1480 2940 1533 2992 in
1599 2941 1915 2994 servitutem
1958 2956 2045 2993 re-

461 3045 676 3096 dactam
706 3037 974 3093 redemit:
1035 3034 1128 3103 qui
1163 3033 1288 3086 vitae
1320 3030 1606 3101 praesentis
1638 3039 1861 3101 gustum
1915 3046 2047 3099 pra:-

2152 1931 2228 1995 ὼς
2255 1930 2367 1983 ἔστι
2393 1929 2615 1983 δυνατὸν
2644 1931 2676 1999 ή
2723 1928 2854 2000 περὶ
2879 1929 2947 1981 τὰ
2973 1927 3307 1999 προκείμενα
3333 1927 3536 1998 σπουδὴ
3566 1944 3736 1981 κατα·

2153 2020 2410 2075 λεαινέτω
2438 2020 2535 2090 τὴν
2556 2020 2781 2091 καρδίαν
2806 2022 2838 2090 ἡ
2848 2019 2985 2089 μῶν,
3020 2018 3167 2089 ζήλῳ
3192 2018 3293 2089 τῆς
3318 2019 3553 2081 πίστεως
3595 2018 3736 2071 κατὰ

2152 2113 2261 2167 τῶν
2296 2112 2761 2183 βλασφημούντων
2794 2112 3293 2182 ὑπεροιδαίνουσαν.
3327 2112 3450 2172 Πῶς
3481 2111 3590 2181 γὰρ
3619 2109 3734 2163 ἔστι

2157 2204 2232 2274 μὴ
2256 2203 2693 2274 παρακινηθῆναι
2724 2203 2859 2274 πρὸς
2883 2202 3051 2273 ὀργὴν
3083 2203 3176 2255 καὶ
3214 2201 3532 2272 ἀπέχθειαν,
3564 2203 3619 2254 ὲν
3655 2201 3735 2270 τῷ

2151 2296 2243 2350 τὸν
2293 2296 2426 2349 Θεὸν
2480 2296 2638 2365 ἡμῶν
2692 2294 2785 2347 καὶ
2836 2294 3144 2364 Δεσπότην,
3191 2294 3283 2346 καὶ
3313 2293 3595 2357 ζωοποιον,
3639 2294 3735 2345 καὶ

2152 2389 2415 2459 Σωτῆρα,
2448 2386 2601 2457 παρὰ
2638 2386 2747 2438 τῶν
2785 2384 3179 2456 ἀνθρωπίσκων
3213 2384 3415 2438 τούτων
3451 2384 3734 2455 προπηλα-

2150 2480 2429 2545 κίζεσθαι;
2480 2480 2543 2531 Εἰ
2572 2478 2680 2549 γάρ
2717 2494 2805 2545 μοι
2835 2477 2925 2529 τὸν
2964 2477 3065 2545 τῆς
3095 2477 3295 2547 σαρκὸς
3331 2477 3587 2548 ἐλοιδόρει
3628 2495 3733 2530 πα-

2149 2572 2304 2643 τέρα,
2328 2571 2362 2640 ἢ
2394 2571 2528 2640 πρὸς
2554 2570 2644 2623 τὸν
2671 2568 2962 2641 εὐεργέτην
2999 2564 3109 2638 εἶχε
3141 2569 3232 2621 τὸν
3267 2568 3398 2639 ὲμὸν
3430 2569 3730 2639 δυσμενῶς,

2150 2659 2259 2735 ἆρα
2293 2662 2515 2715 δυνατὸν
2541 2658 2609 2733 ἦν
2635 2660 2860 2723 ἀπαθῶς
2885 2660 3148 2730 βαστάσαι
3172 2661 3270 2731 τὴν
3295 2662 3435 2715 κατὰ
3465 2661 3574 2714 τῶν
3597 2662 3732 2730 ἀγα-

2151 2754 2419 2824 πωμένων
2437 2754 2640 2825 όργήνς
2669 2754 2730 2805 Εἰ
2751 2752 2806 2805 δὲ
2832 2755 2859 2805 6
2881 2755 2978 2823 τῆς
3010 2753 3189 2822 ψυχῆς
3209 2755 3306 2822 τῆς
3328 2753 3467 2823 ἐμῆς
3502 2752 3727 2824 Κύριος,

2156 2846 2228 2916 μὴ
2259 2840 2421 2897 οὖσαν
2448 2843 2616 2912 αὐτὴν
2646 2842 2958 2912 ὑποστήσας
2979 2880 2992 2904 ,
3019 2843 3113 2895 καὶ
3151 2841 3507 2897 δουλωθεῖσαν
3533 2843 3728 2912 ἐξαγο-

2156 2938 2323 3004 ράσας
2343 2951 2357 2961 ⁸
2389 2937 2416 2988 6
2439 2935 2538 3005 τῆς
2553 2952 2611 2986 τε
2630 2933 2910 3003 παρούσης
2935 2935 3137 3001 γεύσας
3160 2933 3323 3004 ζωῆς,
3357 2936 3451 2987 καὶ
3480 2934 3577 3004 τὴν
3604 2936 3730 3005 μέλ-

2152 3026 2348 3079 λουσαν
2382 3029 2808 3097 παρασκευάσας
2828 3041 2841 3055 ο
2870 3026 2897 3076 6
2928 3024 3066 3094 πρὸς
3097 3024 3373 3094 βασιλείαν
3405 3025 3604 3089 καλῶν,
3637 3027 3730 3080 καὶ

460 3135 602 3197 buit,
631 3140 685 3187 et
715 3131 954 3184 futuram
984 3126 1306 3196 praeparavit
1331 3143 1345 3191 ;
1388 3124 1480 3192 qui
1517 3124 1582 3178 ad
1613 3140 1840 3193 regnum
1866 3134 2039 3185 vocat,

2154 3120 2300 3181 ὅπως
2327 3118 2391 3170 ἃν
2420 3119 2717 3187 φεύγοιμεν
2746 3118 2843 3186 τὴν
2864 3117 2962 3186 τῆς
2991 3117 3214 3187 γεέννης
3238 3119 3562 3188 κατάκρισιν
3591 3137 3730 3190 παρ-

459 3235 516 3281 et
546 3225 817 3295 quomodo
851 3221 1110 3292 gehennae
1161 3217 1428 3286 judicium
1476 3214 1749 3285 fugiamus
1789 3216 2043 3281 mandat;

462 3334 627 3390 parva
668 3317 791 3370 dico
827 3315 962 3377 haec,
1004 3326 1179 3379 neque
1238 3308 1419 3361 adhuc
1472 3308 1782 3360 communis
1830 3305 2047 3359 Domini

461 3409 751 3477 majestate
796 3402 1002 3472 digna:
1036 3400 1129 3469 qui
1155 3399 1223 3451 ab
1255 3396 1405 3451 omni
1458 3404 1707 3449 creatura
1760 3395 2044 3459 adoratur,

460 3499 801 3559 coelestibus,
828 3492 1201 3553 terrestribus,
1234 3486 1718 3548 subterrestribus,
1751 3485 1838 3539 cui
1877 3484 2048 3538 adsti-

461 3599 648 3649 terunt
685 3588 1061 3643 ministrorum
1122 3581 1433 3636 caelestium
1487 3579 1674 3633 decem
1722 3577 1892 3631 millia
1929 3595 1942 3631 :
1977 3576 2046 3631 ad

462 3694 625 3750 quem
654 3689 977 3731 conversum
1006 3679 1089 3726 est
1114 3680 1287 3725 totum
1334 3669 1437 3722 hoc
1459 3683 1620 3723 omne
1650 3667 1796 3737 quod
1825 3667 1914 3722 hic
1951 3668 2047 3721 ad-

463 3762 809 3817 ministratur
829 3764 886 3811 et
911 3754 1125 3819 honesti
1172 3752 1447 3807 desiderio
1489 3762 1737 3816 tenetur;
1788 3750 1835 3807 si
1876 3751 1963 3805 hic
1991 3752 2047 3805 in

463 3853 764 3910 comitium
787 3848 1100 3902 hominibus
1126 3845 1440 3915 exponitur,
1474 3844 1675 3915 quibus
1704 3858 1811 3898 non
1848 3843 2047 3898 suﬂicit

464 3947 643 4001 solum
702 3943 913 4011 seipsos
954 3938 1241 4009 particula:
1296 3936 1462 4006 hujus
1517 3946 1801 4006 apostatae,
1843 3936 1896 3990 id
1935 3944 2044 4001 est,

463 4035 777 4095 defectoris,
812 4031 1206 4091 adhaerescere,
1252 4030 1347 4083 sed
1398 4029 1659 4085 damnum
1711 4029 2048 4083 arbitrantur

463 4143 577 4181 non
616 4126 776 4180 etiam
814 4124 955 4178 alios
990 4136 1175 4177 secum
1211 4120 1267 4174 in
1326 4120 1643 4173 barathrum
1689 4120 1804 4174 sive
1828 4120 2040 4190 voragi-

463 4234 589 4274 nem
633 4217 749 4270 suis
788 4213 1010 4282 scriptis
1031 4213 1386 4282 pertraxisse,
1427 4219 1488 4264 ut
1519 4212 1753 4280 posteris
1802 4227 1911 4265 non
1951 4213 2048 4266 de-

466 4312 615 4367 liciat
645 4309 711 4362 ad
763 4308 1045 4360 interitum
1081 4303 1336 4359 deductio
1379 4321 1392 4356 :
1456 4303 1699 4372 nunquid
1739 4306 1861 4373 quis
1907 4306 2044 4359 iram

462 4405 519 4460 in
540 4417 636 4457 eos
668 4407 983 4467 conceptam
1018 4396 1237 4465 culpat?
1270 4394 1377 4449 Sed
1412 4395 1479 4449 ad
1509 4411 1569 4451 ea
1595 4411 1717 4465 quae
1740 4406 2047 4466 sequuntur

462 4506 831 4551 recurramus.

530 4581 866 4635 Criminatur
896 4576 1040 4631 enim
1074 4576 1127 4629 in
1166 4575 1527 4644 sequentibus
1572 4592 1674 4631 nos
1706 4594 1904 4633 rursus
1936 4581 2043 4635 hu-

463 4674 642 4728 manis
682 4668 1141 4727 similitudinibus
1188 4665 1310 4720 Filii
1356 4667 1763 4736 generationem
1808 4669 2042 4727 dedeco-

463 4782 607 4828 rare,
640 4773 801 4833 atque
823 4777 1012 4815 eorum
1036 4776 1157 4829 qua:
1182 4774 1211 4812 a
1242 4767 1434 4814 nostro
1460 4768 1612 4828 patre
1638 4762 1705 4816 de
1732 4761 1817 4815 his
1839 4764 2043 4833 scripta

464 4867 593 4913 sunt
625 4856 904 4911 meminit:
943 4855 999 4907 in
1034 4852 1257 4922 quibus,
1299 4852 1494 4921 inquit,
1530 4852 1640 4905 duo
1670 4868 1796 4907 cum
1834 4857 2042 4923 signiﬁ-

462 4958 655 5003 centur
680 4963 745 5001 ex
770 4944 894 4998 Filii
933 4959 1086 5006 voce,
1116 4958 1312 5011 nempe
1343 4957 1405 4996 ea
1430 4959 1549 5011 qua:
1584 4942 1641 4995 ﬁt
1670 4960 1765 5012 per
1788 4944 2039 5001 affectum

462 5040 775 5113 productio.
806 5048 859 5092 et
885 5053 947 5091 ea
986 5051 1106 5105 quae
1141 5050 1266 5088 cum
1300 5050 1364 5088 eo
1391 5037 1482 5103 qui
1522 5036 1711 5104 genuit
1750 5035 2043 5092 intercedit

463 5133 841 5204 germanitas:
880 5128 1011 5181 illud
1046 5126 1266 5197 quidem
1300 5125 1443 5195 quod
1488 5126 1802 5180 indecorum
1840 5137 1895 5181 et
1921 5144 2043 5182 car-

464 5226 589 5278 nale
621 5231 723 5288 est,
757 5223 812 5275 in
846 5220 1047 5275 divinis
1081 5218 1431 5274 sermonibus
1457 5232 1563 5271 non
1592 5218 1914 5285 admittere;
1940 5220 2041 5275 hoc

462 5329 593 5369 vero
616 5322 878 5383 quantum
916 5311 983 5364 ad
1018 5310 1391 5365 testimonium
1422 5309 1607 5378 gloriae
1637 5309 1910 5381 Unigeniti
1933 5322 2039 5375 est,

464 5407 567 5460 hoc
597 5406 772 5460 solum
820 5405 872 5455 in
904 5403 1138 5458 excelsis
1178 5400 1522 5455 documentis
1566 5416 1868 5456 assumere.
1904 5400 2041 5468 Quis

463 5499 631 5568 igitur
660 5496 917 5550 humanis
950 5494 1301 5563 opinionibus
1342 5492 1463 5545 Filii
1499 5493 1906 5562 generationem
1943 5493 2044 5548 de"-

462 5590 705 5653 decorat,
741 5587 833 5656 qni
876 5586 1020 5655 quod
1052 5584 1313 5654 passibile
1338 5591 1423 5638 est
1453 5592 1507 5637 et
1536 5584 1833 5636 humanum
1864 5594 2043 5637 exter-

461 5680 636 5731 minat
674 5693 703 5730 a
748 5678 931 5730 divina
970 5673 1357 5745 generatione.
1400 5672 1811 5742 impassibiliter
1856 5681 2037 5727 autem

461 5770 657 5825 Filium
687 5785 810 5824 cum
841 5783 905 5824 eo
932 5768 1024 5838 qui
1069 5766 1255 5837 genuit
1285 5765 1505 5834 copulat
1530 5781 1542 5817 :
1571 5780 1639 5818 an
1667 5766 1760 5835 qui
1793 5780 2039 5820 commu-

2149 3209 2360 3278 εγγυῶν
2401 3208 2597 3279 (μικρὰ
2621 3207 2763 3274 λέγω
2786 3206 2958 3260 ταῦτα
2983 3206 3077 3259 καὶ⁴
3102 3207 3254 3259 ούπω
3283 3210 3380 3277 τῆς
3418 3207 3511 3260 τοῦ
3546 3207 3726 3262 κοινοῦ

2148 3301 2416 3354 Δεσπότου
2480 3299 2867 3370 μεγαλωσύνης
2914 3299 3166 3370 ἐπάξια),
3227 3300 3332 3352 ὑπὸ
3392 3300 3571 3370 πάσης
3626 3302 3729 3372 τῆς

2150 3394 2379 3456 κτίσεως
2408 3392 2904 3462 προσκυνούμενος,
2935 3394 3291 3463 ἐπουρανίων,
3317 3396 3593 3462 ἐπιγείων,
3628 3414 3729 3451 κα-

2147 3484 2471 3555 ταχθονίων·
2510 3478 2554 3551 ᾧ
2601 3485 3018 3555 παρεστήκεσαν
3055 3483 3163 3535 τῶν
3209 3485 3329 3537 κατ’
3366 3485 3589 3555 οὐρανὸν
3615 3485 3727 3539 λει-

2147 3574 2391 3644 τουργῶν
2443 3573 2700 3644 μυριάδες
2723 3589 2735 3602 ·
2770 3572 2905 3642 πρὸς
2947 3572 3005 3624 ὃν
3051 3572 3424 3643 ἐπέστραπται
3460 3577 3566 3627 πᾶν
3603 3577 3727 3629 ὅσον

2148 3665 2251 3718 ῶδε
2271 3667 2499 3718 οἰκεῖται
2525 3665 2620 3717 καὶ
2655 3663 2749 3717 τοῦ
2779 3663 2942 3716 καλοῦ
2966 3663 3063 3734 τὴν
3087 3663 3271 3733 ἔφεσιν
3305 3664 3416 3735 ἔχει
3440 3683 3453 3696 ·
3489 3668 3537 3719 εί
3573 3660 3728 3733 οὗτος

2149 3756 2394 3811 ἔκκειται
2444 3757 2580 3826 πρὸς
2610 3756 2876 3826 λοιδορίαν
2917 3753 3256 3826 ἀνθρώποις,
3306 3751 3387 3820 οἷς
3416 3758 3515 3810 ούκ
3567 3759 3729 3829 ἀρκεῖ

2152 3849 2310 3919 μόνον
2339 3846 2398 3899 τὸ
2448 3847 2669 3908 ἑαυτοὺς
2704 3848 2769 3916 τῇ
2812 3845 2988 3915 μερίδι
3033 3844 3126 3898 τοῦ
3170 3847 3471 3900 ἀποστάτου
3506 3865 3727 3919 προσοι-

2149 3939 2407 4002 κειῶσαι,
2456 3938 2593 3991 ἀλλά
2629 3936 2831 4008 ζημίαν
2865 3936 3142 3990 ποιοῦνται
3189 3938 3250 3991 τὸ
3285 3938 3359 4008 μὴ
3403 3940 3497 3991 καὶ
3530 3940 3726 4005 ἄλλους

2148 4034 2227 4093 εἰς
2252 4032 2311 4083 τὸ
2337 4029 2502 4082 αὑτοῦ
2532 4029 2799 4101 βάραθρον
2826 4029 2944 4098 μεθ’
2965 4029 3173 4081 ἑαυτῶν
3205 4030 3603 4097 ἐφελκύσασθαι
3632 4033 3722 4088 διὰ

2146 4126 2246 4194 τῆς
2268 4124 2632 4195 λογογραφίας
2651 4137 2664 4150 ·
2692 4122 2767 4184 ὡς
2796 4120 2861 4174 ἂν
2895 4121 2969 4191 μὴ
2994 4119 3166 4172 λείποι
3191 4124 3303 4183 τοῖς
3330 4123 3725 4194 ἐπιγινομένοις

2149 4219 2181 4288 ὴ
2224 4218 2357 4288 πρὸς
2397 4215 2488 4268 τὸν
2516 4214 2732 4285 ὄλεθρον
2770 4212 3136 4283 χειραγωγία·
3189 4209 3300 4282 ἆρά
3337 4230 3421 4276 τις
3451 4214 3724 4285 μέμφεται

2147 4312 2244 4381 τὴν
2277 4310 2369 4361 ἐπὶ
2404 4307 2612 4369 τούτοις
2650 4306 2857 4376 ὀργήνς
2897 4304 3058 4357 Ἀλλά
3105 4305 3239 4373 πρὸς
3275 4304 3373 4376 τὴν
3402 4307 3723 4362 ἀκολουθίαν

2152 4400 2517 4472 ὲπαναδράμω
2524 4412 2644 4468 μεν.

2226 4576 2509 4634 Διαόάλλει
2530 4575 2638 4645 γὰρ
2669 4573 2727 4625 ὲν
2751 4574 2863 4636 τοῖς
2891 4573 3088 4643 ἐφεξῆς
3124 4574 3283 4628 πάλιν
3324 4577 3469 4646 ἡμᾶς
3494 4577 3568 4639 ὡς
3602 4582 3723 4640 ταῖς

2152 4670 2518 4742 ἀνθρωπίναις
2560 4665 2867 4736 ὁμοιότησιν
2920 4666 3284 4735 ἀτιμάζοντας
3323 4668 3416 4721 τοῦ
3468 4670 3597 4723 Υἱοῦ
3624 4673 3721 4742 τὴν

2150 4766 2435 4834 γέννησιν,
2486 4760 2581 4812 καὶ
2633 4756 2903 4828 μέμνηται
2948 4774 3013 4825 γε
3060 4759 3167 4811 τῶν
3216 4763 3610 4831 γεγραμμένων
3646 4763 3724 4835 τῷ

2148 4854 2402 4927 ἡμετέρῳ
2423 4852 2591 4922 πατρὶ
2611 4851 2739 4920 περὶ
2758 4851 2959 4903 τούτων
2984 4867 2997 4880 ·
3028 4854 3084 4904 ὲν
3118 4847 3198 4915 οἷς
3238 4871 3389 4923 φησι,
3409 4855 3501 4907 δύο
3524 4873 3694 4926 σημαι
3718 4884 3725 4897 ’

2148 4943 2390 5013 νομένων
2430 4943 2493 4993 ἐκ
2522 4941 2620 5009 τῆς
2652 4939 2746 4992 τοῦ
2777 4940 2903 4992 Υίοῦ
2944 4942 3127 5011 φωνῆς
3148 4982 3162 5004 ,
3189 4943 3287 5012 τῆς
3312 4961 3369 4995 τε
3402 4944 3488 4997 διά
3520 4946 3724 5009 πάθους

2149 5031 2488 5092 συστάσεως,
2543 5030 2638 5082 καὶ
2672 5029 2770 5099 τῆς
2811 5029 2946 5098 πρὸς
2996 5029 3082 5082 τὸν
3116 5033 3479 5103 γεγεννηκότα
3510 5036 3727 5103 γνησιὸ-

2145 5140 2304 5192 τητος
2327 5138 2339 5152 ”
2372 5121 2433 5173 τὸ
2466 5120 2564 5190 μὲν
2593 5121 2839 5191 ἀπρεπὲς
2870 5122 2965 5175 καὶ
3013 5124 3286 5194 σαρκῶδες
3315 5125 3373 5175 ὲν
3410 5128 3522 5188 τοῖς
3564 5126 3726 5191 θείοις

2150 5215 2225 5285 μὴ
2252 5214 2572 5282 προσίεσθαι
2601 5213 2778 5281 λόγοις
2801 5232 2814 5244 ·
2849 5215 2909 5267 τὸ
2944 5214 3002 5267 δὲ
3030 5217 3151 5268 ὅσον
3183 5218 3262 5277 εἰς
3295 5219 3599 5289 μαρτυρίαν
3630 5221 3727 5288 τῆς

2147 5306 2242 5358 τοῦ
2280 5305 2615 5373 Μονογενοῦς
2634 5306 2794 5376 δόξης
2824 5306 2957 5370 ἐστὶ,
2994 5307 3148 5360 τοῦτο
3183 5309 3340 5377 μόνον
3369 5312 3426 5361 ὲν
3447 5313 3559 5373 τοῖς
3590 5312 3727 5379 ὑψη-

2148 5398 2259 5461 λοῖς
2317 5397 2839 5467 παραλαμϐάνεσθαι
2882 5397 3134 5467 δόγμασι.
3180 5398 3274 5461 Τίς
3316 5395 3407 5452 οὖν
3471 5400 3726 5470 ἀτιμάζει

2148 5492 2268 5551 ταῖς
2300 5488 2670 5559 ἀνθρωπίναις
2699 5489 2995 5559 ὑπολήψεσι
3035 5489 3125 5542 τού
3158 5490 3286 5543 Υἱοῦ
3316 5492 3413 5562 τὴν
3451 5493 3724 5561 γέννησιν,

2149 5579 2177 5630 ό
2203 5579 2458 5649 ὲξορίζων
2482 5580 2582 5650 τῆς
2616 5580 2767 5643 θείας
2797 5583 3128 5651 γενννήσεως
3150 5583 3209 5635 τὸ
3241 5583 3479 5654 παθητὸν
3511 5586 3603 5637 καὶ
3628 5585 3726 5639 ἀν·-

2147 5670 2439 5742 θρώπινον,
2477 5672 2702 5735 ἀπαθῶς
2743 5673 2798 5725 δὲ
2842 5673 3126 5726 συνάπτων
3163 5674 3255 5727 τὸν
3286 5675 3414 5727 Υίὸν
3436 5676 3512 5745 τῷ
3536 5676 3696 5748 γεννή
3716 5705 3727 5713 -

2148 5774 2327 5816 σαντι·
2362 5763 2393 5833 ῆ
2432 5766 2460 5817 6
2489 5764 2802 5843 κοινοποιῶν
2833 5762 2969 5837 πρδς
3011 5765 3109 5837 τὴν
3148 5766 3297 5821 κάτω
3332 5768 3506 5821 κτίσιν
3537 5768 3628 5822 τὸν
3658 5767 3729 5825 τὰ
