4138 6364
375 349 476 404 bt‘l

1504 356 1781 412 CONTRA
1823 357 2216 426 EUNOMIUM,
2259 359 2388 418 LIB.
2430 361 2494 416 V.

3533 371 3638 428 682

379 467 518 518 κατά
536 464 595 518 τὸ
619 465 792 536 δόγμα
813 467 918 521 τῶν
943 468 1276 524 ὑπεναντίων
1301 473 1394 525 καὶ
1421 473 1448 524 ὁ
1476 474 1692 537 κτιστὸς
1717 491 1949 546 προσκυ-

2057 491 2176 544 quae
2221 485 2347 530 sunt
2402 476 2454 528 in
2503 472 2814 544 Evangeliis
2866 475 3150 543 miracula,
3186 477 3386 546 quibus
3434 480 3501 534 ad
3551 499 3640 538 co-

289 606 294 613 ,
376 557 516 607 νιετο
559 556 708 620 Θεὸς,
765 558 1018 629 οὑδεμίαν
1070 561 1127 611 ἐν
1179 563 1245 632 τῇ
1280 562 1436 630 φύσει
1489 564 1586 634 τὴν
1627 565 1956 634 προτίμησιν

376 646 515 716 ἔχων
563 647 661 717 τῆς
695 648 861 719 ἄλλης
903 651 1166 713 κτίσεως·
1213 655 1306 706 καὶ
1337 657 1384 706 εξ
1425 654 1581 706 τοῦτο
1614 657 1956 726 κρατήσειεν,

376 742 456 800 είς
491 739 754 810 ἀναρχίαν
797 741 920 795 τινά
951 744 1126 814 πάντη
1162 746 1253 796 καὶ
1298 745 1705 816 δημοκρατικὴν
1741 747 1958 799 αὑτόνο-

379 831 508 900 μίαν
560 831 629 883 τὰ
683 832 926 902 δόγματα
980 837 1080 905 τῆς
1138 836 1416 898 εὐσεϐείας
1487 837 1952 908 μετενεχθήσεται.

379 919 549 974 Ὅταν
578 922 686 992 γὰρ
731 921 806 994 μὴ
836 925 963 993 μίαν
992 921 1130 978 εἶναι
1163 926 1259 996 τὴν
1287 928 1767 998 προσκυνουμένην
1795 929 1956 998 φύσιν

378 1011 740 1064 πιστεύσωσιν
764 1014 810 1065 oi
833 1012 1127 1085 ἄνθρωποι,
1148 1015 1262 1068 ἀλλ’
1290 1017 1367 1078 εἰς
1385 1017 1672 1087 διαφόρους
1697 1017 1955 1087 θεότητας

376 1105 493 1166 ταῖς
510 1104 738 1168 ἐννοίαις
749 1107 1140 1177 ἀπενεχθῶσιν,
1157 1107 1257 1159 οὑκ
1273 1107 1418 1161 ἔστιν
1435 1109 1492 1172 ὂς
1508 1110 1691 1178 στήσει
1707 1110 1806 1180 τὴν
1829 1129 1892 1163 πε
1903 1112 1954 1178 ρὶ

377 1195 436 1250 τὸ
465 1196 616 1249 Θεῖον
647 1197 912 1268 ὑπόληψιν
951 1200 1242 1270 προῖοῦσαν
1280 1200 1368 1253 διὰ
1394 1201 1492 1269 τῆς
1518 1201 1747 1263 κτίσεως
1767 1220 1780 1234 ·
1816 1203 1954 1255 ἀλλὰ

376 1285 436 1337 τὸ
461 1286 712 1356 νομισθὲν
734 1289 791 1339 έν
820 1290 884 1358 τῇ
911 1288 1083 1340 κτίσει
1109 1288 1274 1351 θεῖον,
1297 1290 1516 1361 ἀφορμὴ
1542 1291 1676 1360 πρὸς
1701 1292 1797 1361 τὴν
1826 1291 1950 1360 ἴσην

377 1377 642 1448 ὑπόληψιν
693 1380 769 1450 τῷ
821 1383 937 1450 μετ’
986 1383 1161 1434 ἐκεῖνο
1224 1382 1579 1452 θεωρουμένῳ
1630 1385 1948 1454 γενήσεταιο

376 1471 595 1522 κάκεῖνο
622 1471 700 1540 τῷ
728 1471 925 1541 ἐφεξῆς
945 1513 958 1536 ,
988 1474 1080 1526 καὶ
1121 1473 1207 1526 διὰ
1235 1475 1468 1538 πάντων,
1496 1477 1559 1527 ἐκ
1598 1475 1696 1546 τῆς
1724 1476 1951 1528 ἀκολου-

380 1560 498 1624 θίας
542 1562 743 1631 ταύτης
801 1565 834 1633 ἡ
887 1564 1061 1634 πλάνη
1099 1564 1525 1635 διενεχθήσεται·
1580 1566 1680 1636 τῆς
1730 1566 1952 1638 πρώτης

377 1653 591 1724 ἀπάτης
633 1655 720 1708 διά
767 1655 873 1710 τῶν
917 1657 1334 1729 παρακειμένων
1365 1657 1524 1729 μέχρι
1553 1658 1659 1712 τῶν
1703 1659 1950 1729 ἐσχάτων

372 1744 694 1816 διεξιούσης.

2029 611 2031 615 ι
2060 567 2278 620 lendum
2308 574 2360 620 et
2383 565 2452 619 ad
2483 564 2820 619 adorandum
2852 582 2975 619 eum
3005 566 3100 637 qui
3129 567 3182 621 in
3207 568 3314 623 illis
3336 572 3634 643 revelatur,

2057 656 2399 722 inducimur;
2449 671 2672 710 necesse
2710 665 2812 720 est,
2858 657 3104 726 inquam,
3143 659 3258 728 pari
3285 660 3494 718 honore
3524 665 3638 719 alii-

2056 764 2180 803 cere
2209 749 2352 818 quod
2388 756 2635 802 creatum
2665 757 2768 811 est,
2804 758 2858 803 et
2890 750 3033 818 quod
3067 751 3394 806 increatum.
3432 753 3489 808 Si
3511 757 3637 826 qui-

2056 840 2177 894 dem
2208 840 2507 896 secundum
2538 839 2980 895 adversariorum
3007 842 3204 912 dogma
3231 845 3392 899 etiam
3416 856 3637 904 creatus

2055 930 2200 986 Deus
2231 930 2576 994 adoraretur,
2630 933 2835 985 nullam
2873 933 2927 986 in
2973 941 3169 987 natura
3220 937 3635 1007 praerogativam

2054 1023 2281 1080 haberet
2316 1039 2426 1093 pne
2464 1025 2568 1077 alia
2599 1032 2892 1079 creatura:
2930 1026 3076 1095 quod
3113 1026 3159 1080 si
3193 1027 3296 1081 hoc
3332 1030 3636 1098 praevalue-

2053 1113 2146 1178 rit,
2183 1113 2249 1166 ad
2298 1113 2616 1167 anarehiam
2658 1123 2808 1167 certe
2849 1122 2902 1168 et
2949 1115 3312 1172 multitudinis
3360 1116 3637 1173 ellreuatae

2054 1202 2346 1271 quamdam
2370 1217 2596 1272 prorsus
2626 1202 2923 1264 licentiam,
2952 1218 3001 1257 et
3032 1205 3346 1274 popularem
3378 1207 3493 1262 suis
3511 1207 3636 1276 legi-

2054 1293 2159 1346 bus
2194 1309 2293 1363 pro
2341 1295 2566 1349 libidine
2603 1304 2843 1348 utentem
2881 1305 3081 1350 statum
3129 1299 3346 1368 pietatis
3382 1298 3635 1369 dogmata

2055 1385 2476 1440 transferentur.
2521 1385 2657 1439 Cum
2709 1387 2853 1440 enim
2892 1401 3000 1440 non
3035 1403 3196 1441 unam
3230 1405 3352 1444 esse
3381 1398 3633 1445 naturam

2054 1491 2176 1544 qua:
2203 1475 2462 1532 adoretur
2497 1476 2832 1530 crediderint
2864 1478 3132 1542 homines,
3163 1479 3258 1533 sed
3294 1479 3362 1533 ad
3388 1481 3634 1535 diversas

2054 1565 2285 1620 Deitatis
2337 1575 2568 1622 naturas
2598 1567 2806 1621 notitiis
2839 1569 3022 1622 animo
3067 1568 3376 1625 iuformatis
3422 1569 3633 1640 abrepti

2055 1660 2276 1722 fuerint,
2328 1675 2438 1715 non
2489 1670 2572 1715 est
2617 1661 2710 1729 qui
2749 1660 3133 1728 procedentem
3172 1677 3268 1730 per
3321 1669 3634 1717 creaturam

2056 1755 2357 1811 divinitatis
2396 1755 2709 1826 opinionem
2755 1755 2926 1823 possit
2975 1755 3212 1821 sistere;
3266 1754 3362 1809 sed
3397 1755 3543 1824 quod
3574 1754 3632 1811 in

372 1849 625 1897 creatura
642 1841 883 1896 divinum
920 1843 1293 1898 existimatum
1325 1843 1512 1907 fuerit,
1543 1853 1604 1900 ut
1619 1843 1686 1901 de
1709 1861 1775 1901 eo
1795 1847 1942 1918 quod
1981 1860 2104 1918 post
2145 1850 2280 1904 illud
2309 1849 2690 1903 consideratur
2715 1847 2906 1903 eadem
2934 1848 3118 1917 opinio
3181 1847 3380 1903 animis
3455 1849 3636 1904 homi-

373 1951 504 1990 num
527 1935 896 2006 ingenerelur,
923 1938 1144 1992 occasio
1173 1939 1296 2003 ﬁet;
1328 1947 1382 1994 et
1406 1939 1536 1994 illud
1558 1940 1608 1995 ei
1632 1941 1779 2011 quod
1804 1943 2082 2016 deinceps,
2116 1945 2306 2014 sicque
2338 1960 2431 2014 per
2460 1943 2643 1997 omnia
2682 1958 2750 1997 ex
2828 1943 2928 1996 hac
3005 1944 3396 1998 consecutionc
3475 1959 3634 2000 error

371 2028 730 2088 dilfundetur,
763 2031 937 2098 prima
961 2029 1172 2084 fallacia
1194 2047 1290 2100 per
1311 2033 1616 2102 propinqua
1641 2035 1756 2090 sive
1781 2038 2028 2106 apposita
2054 2053 2229 2108 usque
2256 2038 2322 2091 ad
2353 2045 2596 2092 extrema
2625 2045 3003 2106 percurrente.

441 2121 551 2176 Καὶ
576 2122 662 2174 ὅτι
703 2122 800 2174 οὑκ
838 2121 941 2184 ἔξω
978 2140 1030 2174 τι
1061 2123 1156 2176 τοῦ
1199 2124 1404 2187 εἰκότος
1439 2129 1941 2202 παραστοχάζομαι,

2116 2130 2272 2196 Quod
2304 2139 2483 2184 autem
2520 2145 2550 2183 a
2603 2144 2735 2184 vero
2792 2127 3033 2182 alienum
3079 2127 3306 2181 minime
3356 2127 3625 2196 conjicio,

371 2220 679 2285 ἀξιόπιστον
720 2218 814 2271 τοῦ
863 2220 1023 2288 λόγου
1075 2226 1494 2292 παραστήσομαι
1544 2225 1813 2296 μάρτυροι,
1848 2225 1946 2297 τὴν

375 2310 536 2382 μέχρι
555 2310 648 2362 τοῦ
676 2311 769 2364 νῦν
797 2311 1197 2382 ἐπικρατοῦσαν
1230 2314 1287 2364 ἐν
1312 2315 1424 2375 τοῖς
1459 2313 1681 2384 Ἕλλησι
1715 2315 1944 2386 πλάνην.

384 2401 598 2473 Ἐπειδὴ
635 2401 744 2472 γὰρ
775 2402 1085 2472 ἀπαιδεύτῳ
1119 2404 1228 2456 και
1263 2408 1552 2474 μικροφυεῖ
1576 2406 1783 2478 διανοίᾳ
1813 2409 1948 2479 πρὸς

368 2494 439 2548 τὰ
462 2497 558 2565 τῆς
601 2496 830 2558 κτίσεως
885 2495 1055 2564 κάλλη
1086 2495 1471 2563 θαυμαστικῶς
1512 2498 1826 2568 διετέθησαν
1845 2541 1860 2566 ,
1883 2502 1944 2553 οὑ

372 2585 693 2657 χειραγωγῷ
729 2603 789 2638 τε
835 2585 927 2639 καὶ
961 2584 1138 2654 ὁδηγῷ
1174 2585 1251 2657 τῷ
1286 2585 1521 2656 θαύματι
1557 2589 1666 2640 τῶν
1690 2589 1948 2659 φαινομέ-

370 2694 476 2731 νων
499 2677 635 2748 πρὸς
663 2677 760 2747 τὴν
793 2677 884 2730 τοῦ
911 2678 1306 2749 ὑπερκειμένου
1347 2678 1577 2740 κάλλους
1621 2681 1947 2749 κατανόησιν

372 2771 840 2842 συγχρησάμενοι·
868 2771 1000 2824 ἀλλὰ
1043 2771 1201 2842 μέχρι
1240 2771 1348 2824 τῶν
1381 2772 1947 2844 καταλαμϐανομένων

370 2863 601 2934 ἔστησαν
631 2863 837 2916 ἑαυτῶν
887 2864 984 2934 τὴν
1022 2864 1281 2929 διάνοιαν,
1312 2865 1406 2918 καὶ
1442 2865 1672 2919 ἕκαστον
1707 2867 1804 2936 τῆς
1833 2868 1948 2920 κτί-

371 2971 508 3017 σεως
535 2955 701 3026 μέρος
740 2955 1048 3019 ἰδιαζόντως
1075 2955 1410 3026 ἐθαύμασαν.
1440 2957 1538 3010 Διὰ
1573 2957 1730 3010 τοῦτο
1758 2958 1859 3010 οὑκ
1888 2959 1945 3011 ἐν

369 3043 448 3095 ἐνί
493 3061 598 3097 τινι
650 3045 798 3115 μόνῳ
834 3044 943 3097 τῶν
991 3047 1330 3116 φαινομένων
1380 3045 1476 3116 τὴν
1518 3048 1645 3118 περὶ
1701 3047 1763 3100 τὸ
1793 3047 1945 3100 Θεῖον

369 3135 635 3206 ὑπόληψιν
673 3137 906 3207 ἔστησαν
936 3153 952 3167 ·
984 3137 1122 3189 ἀλλὰ
1155 3138 1264 3191 πᾶν
1301 3137 1362 3190 τὸ
1401 3141 1457 3190 ἐν
1494 3141 1560 3209 τῇ
1609 3138 1780 3192 κτίσει
1826 3138 1946 3209 βλε-

369 3228 627 3298 πόμενον,
674 3227 814 3281 θεῖον
867 3228 1142 3299 ἐνόμισαν.
1181 3230 1291 3282 Καὶ
1338 3229 1480 3282 οὕτω
1529 3232 1642 3292 τοῖς
1702 3227 1800 3294 μὲν
1851 3228 1946 3282 Λί-

369 3319 615 3388 γυπτίοις
671 3321 797 3390 περὶ
851 3319 918 3374 τὰ
971 3322 1134 3392 νοερὰ
1190 3323 1370 3375 πλεῖον
1414 3321 1800 3394 ἐνεργηθείσης
1847 3315 1961 3392 τῆς

370 3413 598 3483 πλάνης,
621 3414 675 3465 αἱ
732 3412 921 3485 μυρίαι
956 3413 1063 3466 τῶν
1104 3415 1370 3484 δαιμόνων
1401 3415 1606 3485 μορφαὶ
1645 3416 1724 3476 είς
1754 3415 1945 3482 φύσεις

371 3509 509 3562 θεῶν
550 3509 954 3581 ἠριθμήθησαν.
996 3508 1120 3570 Τοῖς
1159 3506 1213 3559 δὲ
1246 3506 1606 3569 Βαϐυλωνίοις
1701 3506 1944 3576 ἀπλανὴς

369 3602 462 3654 τοῦ
510 3603 675 3656 πόλου
738 3601 1008 3673 περιφορὰ
1062 3601 1196 3664 Θεὸς
1253 3599 1541 3670 ἐνομίσθη,
1591 3599 1648 3654 ὃν
1687 3599 1782 3653 καὶ
1837 3599 1946 3671 Βὴλ

369 3692 679 3762 ὠνόμασαν.
709 3692 865 3745 Οὕτω
893 3692 948 3744 δὲ
970 3692 1063 3744 καὶ
1099 3692 1224 3753 τοὺς
1262 3689 1458 3760 ἐφεξῆς
1492 3688 1662 3750 ἑπτὰ,
1690 3691 1724 3760 ἡ
1761 3689 1946 3760 Ἑλλη-

371 3784 495 3855 νικὴ
523 3784 813 3855 ματαιότης
846 3783 1154 3848 ἰδιαζόντως
1178 3783 1561 3853 θεοποιήσασα,
1589 3782 1744 3836 ἄλλον
1767 3782 1946 3844 ἄλλοις
1985 3814 1989 3821 ς

372 3877 511 3929 κατά
538 3894 663 3930 τινα
724 3875 825 3945 τῆς
862 3875 1077 3945 ἀπάτης
1135 3875 1400 3939 ἰδιάζοντα
1451 3874 1604 3942 λόγον
1631 3913 1646 3938 ,
1680 3874 1942 3940 ὑπέκυψε.

371 3969 583 4030 Πάντας
631 3967 737 4039 γὰρ
775 3966 996 4030 τούτους
1045 3968 1101 4019 ἐν
1145 3966 1394 4037 ἀλλήλοις
1445 3967 1945 4038 ἀναστρεφομένους

371 4060 495 4121 τοὺς
529 4058 758 4120 κύκλους
795 4059 1227 4128 κατανοήσαντες
1251 4096 1266 4121 ,
1302 4056 1486 4128 ἐπειδὴ
1529 4058 1656 4127 περὶ
1689 4057 1750 4109 τὸ
1782 4058 1946 4129 ἀκρό-

369 4167 527 4204 τατον
548 4150 945 4221 ἐπλανήθησαν,
967 4150 1031 4203 δι’
1050 4148 1340 4204 ἀκολούθου
1372 4151 1464 4201 καὶ
1485 4148 1645 4219 μέχρι
1671 4147 1765 4202 τοῦ
1789 4149 1951 4219 ἐσχά-

370 4260 462 4295 του
492 4242 588 4312 τὴν
616 4241 785 4313 αὐτὴν
812 4242 1018 4313 πλάνην
1052 4242 1491 4296 συνδιεσώσαντο.
1530 4243 1639 4296 Καὶ
1665 4244 1799 4315 πρὸς
1819 4243 1946 4296 τού-

370 4349 484 4395 τοις
505 4332 664 4385 αὑτόν
690 4349 749 4384 τε
775 4332 864 4385 τὸν
890 4331 1102 4402 αἰθέρα,
1119 4334 1213 4384 καί¹
1239 4331 1330 4385 τὸν
1350 4332 1756 4404 ὑποκεχυμένον
1785 4333 1944 4405 ἀέρα,

370 4425 468 4495 τήν
505 4441 562 4478 τε
611 4425 716 4494 γῆν
749 4425 843 4477 καὶ
897 4423 994 4495 τὴν
1038 4423 1313 4477 θάλασσαν
1365 4424 1459 4477 καὶ
1497 4424 1594 4494 τὴν
1630 4424 1946 4495 ὑποχθόνιον

370 4515 543 4587 λῆξιν,
565 4515 660 4570 καὶ
679 4517 845 4586 αὑτῆς
873 4515 928 4568 δὲ
947 4515 1043 4587 τῆς
1061 4516 1162 4586 γῆς
1189 4516 1289 4570 ὅσα
1313 4515 1544 4589 χρειώδη
1567 4517 1657 4570 καὶ
1678 4519 1947 4584 ἀναγκαῖα

372 4608 507 4678 πρὸς
528 4609 626 4679 τὴν
655 4608 1000 4678 ἀνθρωπίνην
1031 4610 1146 4662 ἐστὶ
1178 4607 1344 4680 ζωὴν,
1374 4608 1526 4662 οὐδὲν
1559 4610 1654 4662 ὅτι
1683 4611 1779 4679 τῆς
1797 4609 1946 4673 θείας

371 4699 682 4771 ἀπόκληρον
708 4697 846 4754 εἶναι
891 4701 1104 4769 φύσεως
1136 4700 1516 4772 ἐδογμάτισαν.
1564 4702 1700 4754 Ἀλλ’
1733 4703 1946 4774 ἑκάστῳ

2053 2221 2154 2277 [ide
2177 2222 2400 2293 dignum
2432 2229 2622 2275 testem
2655 2220 3192 2290 producam,nempe
3222 2219 3287 2272 a-d
3316 2219 3419 2273 hoc
3451 2234 3632 2290 usque

2049 2323 2263 2384 tempus
2292 2313 2435 2366 inter
2465 2310 2684 2367 Graecos
2725 2311 3108 2381 praevalentem
3141 2325 3410 2366 errorem.
3465 2309 3628 2366 Post-

2049 2419 2211 2473 quam
2243 2404 2388 2459 cnim
2417 2404 2668 2460 homines
2700 2404 2950 2474 imperita
2996 2412 3049 2457 et
3082 2402 3275 2472 pusilla
3298 2403 3630 2471 cogitatione

2050 2512 2112 2550 ac
2143 2496 2416 2551 sententia
2458 2495 2527 2550 ad
2567 2503 2834 2550 creaturae
2885 2495 3329 2565 pulchritudines
3363 2495 3631 2549 mirabili-

2049 2596 2132 2643 ter
2152 2587 2335 2642 allecti
2370 2595 2520 2651 sunt,
2552 2602 2661 2640 non
2693 2603 2884 2642 eorum
2937 2603 3058 2658 qua:
3103 2587 3475 2642 cernebantur
3529 2587 3632 2642 ad-

2049 2678 2340 2731 miratione
2371 2693 2471 2731 ceu
2511 2677 2907 2731 manuductore
2941 2685 2996 2731 et
3036 2678 3243 2746 optimo
3275 2677 3414 2732 duce
3443 2676 3509 2730 ad
3533 2693 3630 2732 su-

2047 2770 2437 2839 pereminentis
2470 2769 2894 2839 pulchritudinis
2933 2771 3298 2840 cognitionem
3342 2779 3475 2825 sunt
3504 2771 3625 2837 usi,

2048 2862 2143 2917 sed
2167 2862 2237 2916 ad
2269 2878 2332 2917 ea
2364 2877 2537 2932 usque
2561 2879 2683 2932 qua:
2718 2871 2901 2916 mente
2940 2861 3332 2932 comprehendi
3364 2871 3622 2931 possunt,

2049 2969 2205 3009 suam
2247 2955 2664 3026 intelligentiam
2695 2955 2990 3019 stiterunt;
3028 2963 3081 3009 et
3108 2961 3375 3009 creaturae
3411 2962 3627 3024 partem

2047 3061 2492 3117 unamquamque
2543 3047 2900 3118 peculiariter
2952 3045 3211 3099 admirati
3271 3055 3421 3101 sunt.
3478 3045 3628 3113 Qua-

2045 3148 2270 3209 propter
2301 3154 2405 3193 non
2448 3139 2504 3192 in
2545 3154 2657 3193 uno
2685 3139 2923 3208 quodam
2958 3137 3078 3192 solo
3103 3153 3293 3192 eorum
3326 3153 3450 3208 quae
3487 3151 3627 3192 ocu-

2047 3231 2115 3286 lis
2175 3239 2481 3286 ecrnuntur
2525 3231 2830 3286 divinitatis
2887 3231 3201 3301 opinionem
3237 3232 3626 3298 stabilicrunt;

2047 3324 2143 3379 sed
2179 3325 2446 3394 quidquid
2495 3326 2549 3378 iu
2581 3332 2837 3380 creatura
2869 3325 3142 3391 cernitur,
3180 3339 3386 3380 numen
3432 3324 3630 3379 existi-

2050 3424 2356 3470 maverunt.
2388 3415 2452 3468 Et
2493 3417 2574 3471 sic
2617 3415 2890 3486 Egyptiis
2949 3417 3170 3487 quidem
3208 3418 3356 3471 circa
3395 3425 3629 3472 naturas

2047 3510 2448 3564 intellectuales
2509 3511 2744 3579 amplius
2778 3510 3150 3564 invalesccnte
3201 3524 3413 3575 errore,
3463 3509 3630 3564 innu-

2049 3601 2336 3656 merabiles
2390 3601 2698 3656 daemonum
2761 3599 2951 3654 formae
2994 3601 3061 3655 ad
3102 3601 3331 3656 deorum
3398 3608 3630 3656 naturas

2049 3701 2427 3748 aunumeratze
2452 3702 2600 3748 sunt.
2632 3692 2786 3762 Apud
2811 3689 3141 3763 Babylonios
3165 3708 3297 3748 vero
3319 3692 3470 3748 orbis
3496 3691 3625 3748 ραιιί

2047 3784 2301 3840 inerrans
2351 3784 2492 3839 Deus
2546 3784 2896 3840 existimatus
2947 3795 3052 3845 est,
3106 3799 3268 3853 quem
3319 3784 3484 3838 etiam
3531 3783 3628 3838 Bel

2048 3875 2493 3929 nominaverunt.
2542 3872 2633 3929 Sic
2661 3873 2824 3928 etiam
2855 3874 3017 3927 orbes
3050 3872 3340 3928 inferiores
3386 3881 3623 3942 septem,

2049 3966 2360 4021 Graecorum
2395 3968 2607 4022 vanitas
2646 3967 2809 4021 modo
2839 3965 3106 4035 peculiari
3143 3980 3268 4018 cum
3301 3964 3435 4020 deos
3463 3965 3630 4020 fecis-

2050 4068 2156 4125 set,
2199 4059 2291 4112 alii
2331 4059 2496 4112 alium
2541 4057 2842 4113 secundum
2887 4056 3094 4111 erroris
3127 4056 3419 4126 quamdam
3456 4057 3628 4111 ratio-

2049 4163 2172 4203 nem
2239 4148 2565 4218 peculiarem
2621 4146 2878 4216 subjecit.
2928 4145 3064 4198 Nam
3114 4162 3237 4199 cum
3281 4147 3381 4202 hos
3434 4163 3628 4203 omnes

2049 4241 2212 4294 orbes
2243 4243 2295 4293 in
2344 4241 2555 4309 seipsos
2583 4240 2724 4294 volvi
2776 4238 3320 4302 animadvertissent,
3369 4241 3626 4310 quando-

2048 4331 2267 4402 quidem
2300 4331 2446 4385 circa
2477 4347 2749 4386 summum
2776 4337 3120 4394 erraverunt,
3143 4345 3240 4400 per
3252 4345 3626 4399 consequens,

2055 4439 2228 4493 usque
2261 4424 2326 4477 ad
2356 4423 2611 4477 ultimum
2655 4432 2710 4477 et
2771 4423 3020 4476 citimuin
3081 4421 3339 4477 eumdem
3379 4437 3626 4476 errorem

2047 4518 2462 4564 conservarunt.
2496 4508 2768 4564 Praeterea
2792 4509 2974 4579 ipsum
3003 4510 3282 4575 aetherem,
3309 4517 3472 4579 atque
3496 4510 3628 4565 sub-

2050 4598 2232 4654 fusum
2260 4615 2462 4666 aerem,
2494 4609 2810 4669 terramque
2839 4609 2894 4655 et
2917 4615 3070 4655 mare
3103 4608 3157 4654 et
3200 4601 3622 4656 subterraneam

2051 4700 2255 4745 sortem
2289 4692 2404 4746 sive
2458 4693 2882 4758 extremitatem,
2933 4699 2988 4747 et
3037 4691 3207 4762 hujus
3257 4693 3432 4761 ipsius
3463 4701 3628 4747 terrae

371 4790 576 4844 τούτων
617 4791 895 4862 ὑπέκυψαν
918 4832 932 4855 ,
969 4793 1034 4845 δι’
1081 4791 1198 4855 ἐνὸς
1235 4809 1378 4855 τινος
1416 4792 1523 4845 τῶν
1565 4794 1622 4846 ἐν
1654 4796 1720 4864 τῇ
1767 4794 1944 4845 κτίσει

2050 4799 2388 4853 qumcunque
2417 4783 2481 4837 ad
2512 4784 2677 4836 vitam
2699 4783 2992 4838 humanam
3023 4785 3282 4840 tuendam
3317 4792 3373 4840 et
3399 4793 3628 4841 susten-

373 4883 820 4954 προφαινομένων
862 4884 1025 4938 πᾶσιν
1075 4883 1298 4946 ἑαυτοὺς
1324 4886 1435 4947 τοῖς
1468 4883 1665 4955 ἐφεξῆς
1692 4885 1791 4955 τῆς
1829 4884 1945 4938 κτί-

375 4992 512 5038 σεως
559 4975 764 5046 μορίοις
811 4975 1330 5040 καταδουλώσαντες.
1377 4977 1463 5039 Ὠς
1514 4975 1627 5046 εἴγε
1671 4978 1944 5042 κάκείνοις

374 5067 628 5137 ἀθέμιτον
661 5067 719 5132 ἐξ
752 5070 922 5140 ἀρχῆς
952 5070 1226 5139 κατεφάνη
1252 5068 1312 5122 τὸ
1341 5068 1474 5139 πρὸς
1489 5069 1585 5140 τὴν
1618 5069 1795 5122 κτίσιν
1825 5069 1946 5140 βλέ-

375 5173 496 5208 πειν
516 5198 531 5223 ,
570 5159 667 5210 οὐκ
697 5159 761 5211 ἂν
791 5161 869 5222 είς
916 5160 1014 5228 τὴν
1046 5159 1332 5212 πολυθεΐαν
1368 5159 1573 5230 ταύτην
1601 5159 1816 5230 ἀπάτην
1841 5161 1945 5214 ἀπ-

376 5247 775 5318 επλανήθησαν.
818 5249 904 5312 Ὠς
951 5248 1015 5301 ἂν
1056 5244 1148 5301 οὖν
1201 5248 1274 5319 μὴ
1316 5249 1488 5302 ταύτὰ
1537 5247 1802 5319 πάθοιμεν
1849 5252 1946 5303 καὶ

375 5339 536 5409 ἡμεῖς
567 5339 616 5391 οἱ
659 5339 793 5410 πρὸς
837 5340 934 5410 τὴν
967 5339 1222 5412 ἀληθινὴν
1257 5340 1486 5411 θεότητα
1528 5339 1744 5411 βλέπειν
1796 5342 1946 5411 παρᾶ

376 5431 476 5499 τῆς
526 5432 747 5503 Γραφῆς
782 5432 1170 5503 διδασκόμενοι,
1205 5435 1315 5488 πᾶν
1346 5435 1406 5487 τὸ
1455 5435 1669 5487 κτιστὸν
1710 5433 1813 5498 ἔξω
1849 5436 1946 5505 τῆς

378 5524 525 5587 θείας
547 5525 761 5594 φύσεως
789 5528 925 5579 νοεῖν
956 5526 1372 5598 ἐπαιδεύθημεν,
1395 5526 1559 5597 μόνην
1591 5527 1647 5579 δὲ
1672 5528 1769 5597 τὴν
1801 5515 1949 5582 ἀκτι-

380 5630 503 5666 στον
550 5612 708 5682 φύσιν
737 5615 1021 5688 λατρεύειν
1057 5634 1115 5669 τε
1161 5618 1256 5670 καὶ
1309 5617 1650 5682 σεϐάζεσθαι,
1685 5612 1750 5688 ἧς
1788 5634 1953 5688 χαρα-

379 5708 520 5776 κτήρ
557 5707 671 5758 ἐστι
698 5707 792 5759 καὶ
818 5707 1106 5778 γνώρισμα
1130 5707 1188 5761 τὸ
1234 5710 1369 5779 μήτε
1395 5709 1656 5780 ἄρχεσθαι
1683 5707 1777 5761 τοῦ
1813 5705 1951 5761 εἷναί

381 5809 509 5847 ποτε
537 5834 552 5861 ,
595 5796 730 5867 μήτε
778 5796 1045 5850 παύεσθαι
1096 5794 1252 5851 εἷναι.
1314 5798 1498 5864 Οὕτως
1561 5798 1652 5854 τοῦ
1711 5799 1948 5870 μεγάλου

699 5891 966 5953 Ριτιιοι..
1009 5891 1124 5953 Gn.
1173 5893 1363 5958 XLV.

2049 4875 2270 4929 tandam
2311 4883 2440 4928 sunt
2480 4875 2633 4928 utilia
2673 4882 2728 4929 et
2780 4876 3116 4941 necessaria,
3174 4875 3311 4930 nihil
3342 4885 3427 4932 est
3479 4873 3629 4945 quod

2051 4971 2249 5025 divinae
2281 4981 2488 5024 naturae
2517 4985 2707 5025 exsors
2747 4985 2870 5024 esse
2901 4968 3221 5034 docuerint;
3295 4967 3392 5022 sed
3430 4982 3627 5021 unum-

2050 5061 2306 5132 quodque
2355 5046 2548 5116 horum
2588 5071 2646 5116 ut
2693 5060 2864 5116 Deum
2903 5060 3148 5114 venerati
3188 5066 3354 5126 sunt;
3399 5065 3623 5128 propter

2052 5170 2221 5209 unum
2253 5155 2446 5208 borum
2495 5154 2711 5224 aliquod
2745 5169 2866 5224 quae
2902 5155 2956 5208 in
2999 5161 3249 5208 creatura
3277 5149 3624 5223 praefulgent,

2053 5250 2262 5316 seipsos
2307 5245 2562 5301 omnibus
2599 5245 3067 5316 subsequentibus
3101 5244 3300 5299 ordine
3360 5249 3630 5299 creatura:

2055 5339 2301 5408 partibus
2330 5338 2386 5391 in
2420 5337 2738 5392 servitutem
2770 5337 3110 5392 addicentes.
3147 5334 3306 5401 Quod
3341 5335 3388 5392 si
3417 5351 3448 5389 a
3482 5336 3628 5405 prin-

2054 5431 2198 5500 cipio
2227 5429 2381 5485 nefas
2415 5429 2592 5485 visum
2627 5429 2826 5486 fuisset
2853 5430 2908 5485 in
2941 5437 3255 5485 creaturam
3284 5429 3476 5484 oculos
3494 5443 3628 5483 cono

2055 5531 2285 5586 vertere,
2327 5536 2435 5576 non
2471 5523 2528 5576 in
2563 5521 2703 5576 hanc
2724 5521 3097 5577 multitudinis
3132 5521 3356 5575 deorum
3378 5518 3626 5573 fraudem

2057 5625 2112 5673 et
2146 5619 2504 5688 imposturam
2548 5616 2834 5672 erroribus
2895 5614 3111 5686 decepti
3159 5614 3506 5669 incidissent.
3550 5610 3627 5668 Ne

2055 5709 2219 5780 igitur
2246 5708 2408 5763 etiam
2446 5708 2606 5764 nobis
2641 5708 2832 5764 eadem
2881 5706 3332 5778 contingant,qui
3364 5706 3419 5761 in
3440 5720 3626 5762 veram

2058 5803 2311 5860 deitatem
2334 5801 2534 5861 intueri
2583 5818 2614 5858 a
2647 5817 2806 5860 sacra
2834 5802 3126 5874 Scriptura
3154 5804 3448 5870 docemur;
3479 5800 3630 5873 quid-

3282 5893 3365 5956 22
