4138 6364
474 293 580 350 685

1691 290 1749 347 S.
1790 292 2118 350 GREGORII
2154 295 2196 351 Ν
2205 294 2451 352 YSSENI

3629 299 3739 356 686

471 407 603 480 quid
634 412 880 462 creatum
912 409 1020 469 est,
1053 400 1107 457 id
1133 410 1289 457 extra
1346 403 1585 459 divinam
1650 416 1902 464 naturam
1961 411 2046 465 in-

2165 412 2384 468 Ἡσαΐου
2406 412 2493 466 διὰ
2524 414 2622 485 τῆς
2643 412 2854 485 ύψηλῆς
2895 411 3060 465 αὐτοῦ
3106 412 3289 483 φωνῆς
3318 414 3442 484 περὶ
3469 414 3576 469 τῶν
3613 416 3737 485 δογ-

472 502 714 572 telligere
756 495 955 551 eruditi
990 511 1210 561 sumus;
1257 496 1352 550 sed
1394 498 1566 552 solam
1618 499 1916 556 increatam
1952 520 2049 558 na-

472 601 656 646 turam
682 591 861 643 colere
888 598 939 643 et
961 588 1193 641 adorare
1217 629 1232 653 ,
1268 587 1429 657 cujus
1478 590 1768 646 character
1813 603 1865 649 et
1896 606 2045 661 nota,

470 693 524 740 et
567 684 786 754 signum
839 690 940 743 est,
978 694 1154 750 neque
1201 681 1439 750 coepisse
1474 698 1618 745 esse,
1681 703 1860 757 neque
1898 687 2047 743 desi-

472 792 621 833 nere.
657 776 794 831 Cum
819 788 1048 844 magnus
1080 772 1250 828 lsaias
1280 775 1497 830 excelsa
1547 791 1679 831 voce
1713 778 1782 833 de
1828 779 1915 835 his
1949 780 2049 834 de-

469 871 641 927 cretis
666 870 747 923 sic
785 868 1094 937 theologice
1123 868 1453 922 vaticinatus
1502 869 1685 936 fuerit,
1724 874 1818 942 qui
1854 890 1918 928 ex
1956 872 2049 927 Dei

469 977 703 1033 persona
741 960 916 1030 inquit
949 981 960 1014 :
999 959 1108 1029 Ego
1151 962 1376 1028 primus,
1410 970 1458 1014 et
1484 978 1574 1032 ego
1615 964 1953 1027 novissimus,
2001 976 2051 1017 et

471 1068 592 1112 ante
632 1074 710 1109 me
744 1056 878 1108 Deus
912 1073 1013 1107 non
1044 1064 1119 1107 est
1149 1053 1346 1121 factus,
1402 1064 1450 1107 et
1481 1066 1596 1121 post
1648 1071 1727 1108 me
1770 1055 1905 1110 Deus
1944 1074 2047 1109 non

468 1151 568 1203 ιιι-ξι
591 1152 632 1203 ’.
675 1147 941 1202 Omnibus
968 1147 1112 1200 enim
1146 1146 1395 1200 exactius
1435 1156 1487 1199 et
1522 1146 1821 1217 perfectius
1882 1164 2051 1202 evan-

470 1242 663 1312 gelica:
696 1242 917 1311 pietatis
948 1241 1132 1294 sciens
1162 1240 1485 1311 mysterium
1534 1256 1768 1312 magnus
1806 1243 1894 1296 hic
1924 1258 2053 1312 pro-

472 1336 661 1404 pheta,
696 1334 789 1402 qui
844 1333 1008 1387 etiam
1065 1332 1198 1386 illud
1234 1331 1558 1385 admirabile
1611 1343 1666 1387 et
1711 1333 2051 1403 inopinatum

470 1428 686 1497 signum
721 1423 964 1496 Virginis
995 1424 1346 1495 signiﬁcavit,
1383 1434 1435 1477 et
1464 1422 1584 1477 Filii
1644 1427 2051 1495 generationem

470 1516 891 1586 evangelizavit,
932 1524 1099 1585 atque
1140 1530 1341 1568 nomen
1402 1515 1534 1568 illud
1590 1514 1716 1569 Filii
1765 1516 2056 1572 manifeste

472 1608 839 1679 protulit;hic
881 1606 1070 1678 igitur,
1108 1607 1202 1676 qui
1240 1620 1458 1660 omnem
1509 1622 1606 1676 per
1648 1608 1915 1678 Spiritum
1950 1609 2057 1662 cir-

471 1702 796 1773 cumplexus
838 1707 924 1755 est
962 1700 1269 1764 veritatem,
1331 1707 1391 1753 ut
1422 1698 1681 1753 omnibus
1716 1698 1917 1755 divina:
1960 1717 2055 1755 na-

472 1805 610 1849 tura:
648 1795 934 1848 character
963 1799 1111 1847 esset
1141 1792 1485 1854 notissimus,
1548 1806 1658 1861 quo
1685 1808 1812 1847 vere
1849 1808 1949 1847 ens
1985 1794 2054 1847 ab

471 1886 709 1957 ecquod
754 1892 935 1939 actum
988 1883 1200 1938 exstitit
1224 1883 1644 1949 discernimus;
1699 1884 1803 1938 hoc
1834 1884 1932 1947 ait,
1987 1900 2052 1938 ex

473 1990 708 2046 persona
740 1974 832 2030 Dei
874 1994 886 2029 :
918 1974 1025 2044 Ego
1052 1992 1171 2029 sum
1194 1975 1421 2042 primus,
1474 1986 1520 2028 et
1552 1992 1642 2045 ego
1683 1984 1804 2043 post
1841 1976 1972 2043 Ita'c,
2005 1985 2055 2029 et

472 2076 595 2123 ante
630 2084 709 2121 me
743 2065 881 2119 Deus
916 2084 1017 2120 non
1048 2066 1172 2136 fuit,
1195 2078 1244 2120 et
1270 2076 1389 2135 post
1420 2083 1499 2121 me
1528 2084 1630 2120 non
1651 2076 1749 2123 est.
1782 2068 2054 2134 Quoniam

473 2159 662 2230 igitur,
694 2173 869 2227 neque
902 2165 1029 2213 ante
1064 2156 1256 2221 Deum,
1288 2158 1469 2225 Deus;
1506 2173 1683 2227 neque
1709 2169 1830 2227 post
1854 2159 2051 2222 Deum,

473 2251 618 2307 Deus
646 2269 660 2318 ;
695 2250 841 2320 quod
868 2250 1012 2304 enim
1045 2260 1167 2321 post
1202 2250 1389 2315 Deum,
1443 2258 1697 2305 creatura
1726 2258 1812 2307 est
1842 2269 1857 2317 ;
1904 2249 2054 2320 quod

475 2351 655 2396 autem
683 2343 825 2396 ultra
865 2340 1055 2403 Deum,
1092 2342 1228 2394 nihil
1256 2342 1433 2405 ;niliil
1458 2358 1607 2405 vero,
1649 2342 1795 2397 Deus
1823 2351 2053 2407 nonest;

476 2434 586 2488 imo
618 2448 747 2487 vero
775 2433 919 2503 quod
950 2449 1114 2502 supra
1142 2431 1338 2498 Deum,
1382 2432 1500 2503 ipse
1531 2441 1615 2489 est
1652 2433 1745 2488 ille
1774 2433 1829 2487 iu
1854 2441 2057 2488 aeterna

476 2524 833 2587 beatitudine,
884 2525 1030 2578 nulla
1072 2540 1130 2579 re
1163 2524 1601 2580 determinatus:
1654 2525 1917 2597 quoniam
1952 2524 2055 2595 igi-

478 2626 568 2672 tur
592 2617 707 2672 haee
736 2632 839 2672 vox
872 2616 1178 2685 spiritualis
1223 2632 1321 2672 ore
1364 2616 1686 2687 prophetico
1744 2626 1829 2672 est
1884 2632 2059 2672 enun-

476 2703 631 2766 tiata,
664 2717 731 2757 ex
767 2703 870 2756 hac
901 2704 1179 2758 decretum
1230 2704 1333 2758 hoc
1378 2706 1491 2760 sive
1540 2704 1734 2776 dogma
1759 2706 2054 2760 discimuS'

478 2793 626 2863 quod
666 2809 773 2847 uua
801 2795 1051 2862 quzedam
1086 2805 1171 2850 est
1205 2794 1391 2849 divina
1428 2804 1624 2849 natura
1674 2796 1937 2850 continua
1972 2812 2061 2852 se-

478 2901 603 2939 cum
639 2892 693 2939 et
717 2884 1181 2954 indivulsa,prius
1228 2897 1281 2940 et
1310 2887 1590 2956 posterius
1622 2887 1677 2941 in
1732 2887 1915 2957 seipsa
1948 2902 2060 2941 non

481 2976 795 3043 admittens,
836 2979 1051 3031 tametsi
1104 2978 1158 3031 in
1192 2976 1461 3033 Trinitate
1495 2980 1864 3049 praedicatur;
1923 2978 2062 3033 nihil

477 3085 672 3125 eorum
707 3086 829 3138 quae
858 3072 911 3124 in
943 3072 1059 3140 ipsa
1094 3069 1526 3125 considerantur
1551 3070 1858 3141 antiquius,
1880 3086 2058 3139 neque

483 3162 759 3231 posterius
785 3163 1014 3216 hahens.
1036 3160 1306 3227 Quoniam
1340 3162 1505 3233 igitur
1532 3163 1625 3217 Dei
1656 3162 1771 3216 haec
1794 3164 2059 3216 vox:sive

481 3253 629 3307 enim
670 3252 854 3307 Patris
884 3253 979 3308 des
1014 3254 1159 3308 hunc
1203 3269 1512 3309 sermonem
1558 3270 1716 3319 esse,
1766 3256 1880 3309 sive
1916 3252 2063 3317 Filii,

482 3358 550 3398 ex
578 3359 735 3415 :equo
779 3360 875 3415 per
901 3354 1194 3415 utrumque
1221 3345 1439 3415 pietatis
1467 3346 1663 3416 dogma
1689 3348 2066 3415 conﬁrmatur;

484 3434 602 3489 sive
633 3436 781 3490 enim
820 3434 983 3491 Pater
1026 3438 1141 3491 haec
1172 3436 1337 3502 dicat,
1381 3438 1704 3492 testificatur
1734 3437 1890 3505 Filio,
1922 3439 2083 3509 quod'

485 3546 596 3584 non
628 3540 712 3585 est
743 3539 869 3600 post
900 3533 1102 3601 ipsum.
1134 3528 1192 3585 Si
1219 3531 1364 3585 enim
1394 3528 1539 3586 Deus
1567 3540 1649 3585 est
1680 3528 1874 3594 Filius,
1911 3531 2060 3601 quod

484 3629 668 3675 autem
700 3630 785 3676 est
815 3631 940 3691 post
964 3621 1204 3685 Patrem,
1236 3621 1380 3676 Deus
1417 3637 1523 3675 non
1548 3628 1672 3677 est:
1708 3622 2063 3691 perspicuum

486 3714 631 3784 quod
659 3715 711 3768 iu
730 3713 887 3769 Patre
916 3724 969 3769 et
997 3730 1104 3769 non
1128 3721 1251 3783 post
1276 3713 1492 3768 Patrem
1518 3712 1715 3768 Filium
1732 3730 1856 3770 esse
1882 3729 2067 3770 sermo

487 3814 740 3861 testatur.
779 3805 905 3861 Sive
957 3806 1079 3860 Filii
1112 3807 1204 3860 det
1242 3806 1444 3877 aliquis
1486 3807 1628 3861 hanc
1675 3823 1865 3861 vocem
1919 3822 2065 3871 esse,

486 3896 634 3965 quod
670 3897 793 3953 Non
827 3897 1029 3950 exstitit
1075 3907 1195 3950 ante
1224 3914 1323 3960 me,
1361 3898 1608 3951 doctrina
1642 3897 1932 3953 manifeSta
1968 3901 2075 3953 erit

488 3987 657 4042 simul
697 4004 822 4042 cum
856 3988 1113 4059 principii
1144 3990 1452 4044 atternitate
1495 3990 1887 4057 comprehendi
1942 4006 2068 4045 eum

489 4081 581 4149 qui
618 4082 672 4134 in
710 4082 982 4151 principio
1037 4082 1446 4137 consideratur.
1497 4081 1552 4136 Si
1591 4085 1714 4153 quis
1745 4085 1912 4154 igitur
1942 4091 2067 4154 post

2157 507 2341 577 μάτων
2367 507 2571 559 τούτων
2604 505 3046 577 θεολογήσαντας,
3077 505 3135 568 ὃς
3170 507 3234 557 ἐκ
3271 505 3365 558 τοῦ
3397 506 3541 559 θείου
3570 524 3738 577 προσ-

2151 600 2301 652 ώπου
2327 599 2490 670 φησίν
2524 614 2536 627 ·
2592 597 2740 669 Ἐγὼ
2772 596 3024 666 πρῶτος,
3073 598 3169 651 καὶ
3205 597 3318 667 ἐγὼ
3338 599 3487 666 μετὰ
3524 600 3631 653 mf
3639 615 3733 657 τα.

2153 692 2250 745 καὶ
2276 691 2617 761 ἔμπροσθέν
2637 708 2757 759 μου
2789 690 2933 756 Θεὸς
2952 691 3064 743 οὐκ
3086 688 3342 759 ἐγένετο,
3375 691 3469 743 καὶ
3490 692 3615 759 μετ’
3632 692 3739 760 ἐμὲ

2156 782 2299 847 Θεὸς
2332 785 2442 835 οὐκ
2469 782 2661 836 ἐσται.
2692 781 2916 834 Πάντων
2944 780 3055 851 γὰρ
3086 780 3285 851 μᾶλλον
3306 779 3549 851 ἀκριϐῶς
3580 780 3737 843 εἰδὼς

2153 876 2213 928 τὸ
2252 875 2351 944 τῆς
2384 874 2744 944 εὐαγγελικῆς
2770 872 3050 935 εὐσεϐείας
3077 874 3371 943 μυστήριον
3398 873 3427 924 ὁ
3458 873 3628 942 μέγας
3650 868 3739 926 c5-

2151 986 2243 1032 τος
2276 971 2582 1039 προφήτης,
2612 970 2640 1022 6
2688 966 2783 1019 καὶ
2820 964 2881 1018 τὸ
2911 966 3213 1036 παράδοξον
3253 966 3427 1018 έκεῖνο
3453 967 3551 1035 τῆς
3576 966 3734 1037 Παρ-

2155 1058 2306 1111 Θὲνου
2340 1058 2606 1128 μηνύσας,
2648 1057 2740 1110 καὶ
2782 1055 2873 1109 τοῦ
2905 1055 3126 1108 Παιδίου
3156 1055 3253 1124 τὴν
3283 1054 3536 1124 γέννησιν
3574 1054 3738 1122 εύαγ-

2152 1149 2537 1219 γελισάμενος,
2577 1149 2670 1202 καὶ
2721 1146 2781 1200 τὸ
2830 1146 2924 1200 τοῦ
2960 1145 3088 1199 Υἱοῦ
3122 1145 3292 1217 ὄνομα
3324 1148 3502 1199 ἐκεῖνο
3550 1146 3738 1214 σαφῶς

2155 1243 2543 1313 παραστήσας·
2587 1235 2741 1303 οὗτος
2782 1239 2959 1293 τοίνυν
2990 1240 3018 1291 6
3059 1239 3240 1291 πᾶσαν
3294 1237 3738 1308 ὲμπεριειληφὼς

2154 1334 2241 1387 διὰ
2287 1332 2381 1386 τοῦ
2422 1332 2737 1403 Πνεύματος
2786 1333 2843 1384 ὲν
2878 1329 3055 1400 ἑαυτῷ
3093 1330 3191 1400 τὴν
3235 1328 3521 1400 ἀλήθειαν,
3549 1328 3625 1392 ὼς
3670 1329 3738 1382 ἂν

2160 1427 2393 1496 μάλιστα
2440 1427 2575 1479 πᾶσι
2610 1424 2817 1490 γένοιτο
2850 1422 3008 1492 δῆλος
3042 1424 3069 1475 6
3098 1422 3194 1492 τῆς
3219 1420 3366 1484 Θείας
3400 1420 3611 1488 φύσεως
3637 1437 3737 1490 χα-

2160 1521 2387 1591 ρακτὴρ,
2416 1521 2480 1572 δι’
2509 1514 2568 1574 οῦ
2606 1520 2667 1571 τὸ
2694 1519 2859 1580 ὅντως
2893 1516 2951 1569 ὃν
2980 1516 3330 1587 διακρίνομεν
3362 1517 3468 1568 ἀπὸ
3508 1514 3601 1567 τοῦ
3647 1530 3739 1582 γε-

2159 1612 2417 1682 νομένου·
2448 1610 2605 1664 τοῦτό
2655 1627 2818 1681 φησιν
2858 1612 2921 1661 ἐκ
2964 1607 3256 1681 προσώπου
3304 1607 3397 1660 τοῦ
3449 1606 3621 1669 Θεοῦ,
3655 1607 3738 1659 ὅτι

2173 1703 2315 1772 Ἐγώ
2339 1706 2451 1773 εἰμι
2473 1702 2701 1770 πρῶτος
2722 1703 2817 1756 καὶ
2850 1700 2965 1771 ἐγὼ
2988 1701 3139 1769 μετὰ
3161 1699 3365 1763 ταῦτα,
3392 1684 3495 1753 καὶ
3520 1700 3740 1766 ἐμπρο-

2155 1798 2303 1848 σθεν
2338 1793 2483 1862 ἐμοῦ
2506 1792 2649 1858 Θεὸς
2673 1794 2744 1846 οὐ
2776 1792 3004 1861 γέγονε,
3027 1790 3123 1845 καὶ
3136 1791 3261 1859 μετ’
3280 1789 3518 1870 ἐμὲ-οὐκ
3545 1789 3737 1842 ἐστιν.

2172 1887 2321 1940 Ἐπεὶ
2354 1882 2445 1940 οῦν
2474 1886 2596 1939 οὔτε
2637 1886 2696 1940 τὸ
2717 1884 2821 1957 πρὸ
2863 1884 2957 1937 τοῦ
2986 1883 3144 1949 Θεοῦ,
3179 1882 3480 1947 Θεός·ούτε
3506 1881 3567 1935 τὸ
3604 1880 3743 1952 μετὰ

2156 1979 2246 2031 τὸν
2285 1972 2437 2042 Θεὸν,
2474 1976 2638 2038 Θεός’
2676 1977 2738 2028 τὸ
2766 1975 2864 2046 μὲν
2902 1975 3011 2046 γὰρ
3042 1973 3179 2044 μετὰ
3216 1974 3308 2026 τὸν
3345 1972 3496 2039 Θεδν,
3528 1971 3737 2034 κτίσις-

2157 2068 2216 2120 τὸ
2254 2066 2309 2121 δὲ
2340 2068 2593 2121 ὲπέκεινα
2626 2065 2720 2121 τοῦ
2762 2065 2920 2129 Θεοῦ,
2959 2064 3108 2118 οὐδέν
3142 2081 3155 2095 ·
3196 2062 3257 2116 τὸ
3296 2063 3354 2116 δὲ
3400 2062 3581 2123 οὐδὲν,
3609 2060 3742 2123 Θεὸς

2157 2162 2256 2214 οὐκ
2303 2160 2480 2213 ἐστιν’
2515 2158 2712 2229 μᾶλλον
2752 2158 2809 2212 δὲ
2853 2158 2912 2209 τὸ
2958 2158 3214 2210 ἐπέκεινα
3259 2154 3354 2208 τοῦ
3405 2153 3540 2207 Θεοῦ
3576 2153 3741 2214 αὐτὸς

2158 2254 2364 2315 ἐκεῖνος
2408 2253 2466 2306 ὲν
2506 2254 2570 2321 τῇ
2609 2248 2763 2321 ἁῖδίῳ
2807 2250 3166 2321 μακαριότητι
3208 2236 3344 2319 πρὸς
3384 2247 3538 2299 οὐδὲν
3569 2244 3745 2316 ὁριζό-

2161 2356 2319 2413 μενος
2351 2358 2366 2373 °
2406 2341 2527 2394 ἐπεὶ
2566 2335 2658 2393 οῦν
2696 2342 2729 2411 ἡ
2774 2340 2925 2411 φωνὴ
2958 2339 3095 2410 αὕτη
3133 2341 3165 2411 ἡ
3202 2338 3545 2411 πνευματικὴ
3570 2341 3626 2391 ὲν
3666 2337 3749 2406 τῷ

2158 2433 2484 2506 προφητικῷ
2550 2432 2777 2503 στόματι
2830 2432 3124 2502 λαληθείσα
3155 2472 3170 2494 ,
3203 2431 3380 2502 δόγμα
3425 2431 3512 2482 διὰ
3553 2429 3749 2482 τούτου

2163 2526 2533 2597 μανθάνομεν·
2567 2526 2648 2578 ὅτι
2698 2523 2797 2595 μία
2842 2524 2926 2586 τίς
2966 2525 3111 2577 ἐστιν
3156 2525 3188 2593 ἡ
3232 2522 3352 2576 θεία
3390 2521 3581 2589 φύσις,
3622 2537 3747 2571 συν-

2160 2617 2289 2689 εχὴς
2322 2618 2459 2687 πρὸς
2487 2616 2686 2687 ἑαυτὴν
2728 2617 2821 2669 καὶ
2868 2615 3251 2681 ἀδιάσπαστος,
3280 2614 3341 2667 τὸ
3362 2614 3625 2685 πρότερον
3650 2611 3743 2664 καὶ

2160 2704 2386 2779 ὕστερον
2432 2710 2516 2777 ἐφ’
2563 2709 2763 2778 ἑαυτῆς
2802 2709 2864 2760 ού
2910 2707 3277 2777 προσιεμένη,
3311 2705 3417 2759 κᾶν
3458 2706 3517 2756 ἐν
3557 2702 3749 2773 Τριάδι

2160 2802 2533 2872 κηρύσσηταιο
2559 2798 2685 2852 οὔτε
2716 2798 3091 2871 πρεσϐύτερόν
3122 2815 3174 2850 τι
3205 2796 3317 2850 τῶν
3346 2798 3403 2848 ὲν
3444 2796 3583 2865 αύτῇ
3617 2793 3751 2845 θεω-

2166 2893 2461 2964 ρουμένων,
2502 2891 2627 2946 οὔτε
2684 2892 3145 2963 μεταγενέστερον
3193 2890 3410 2959 ἔχουσα.
3453 2887 3609 2939 Ἐπεὶ
3655 2882 3750 2938 οῦν

2163 2986 2297 3039 Θεοῦ
2324 2987 2357 3057 ἡ
2388 2987 2539 3057 φωνή
2562 3002 2575 3015 ο
2595 2986 2689 3039 ὲόιν
2717 3002 2775 3037 τε
2810 2984 2905 3037 τοῦ
2931 2983 3142 3055 Πατρὸς
3169 2982 3275 3053 δῷς
3294 2978 3431 3035 εἶναι
3451 2980 3541 3033 τὸν
3570 2980 3750 3047 λόγον,

2086 3108 2127 3165 C
2165 3078 2259 3131 ὲάν
2286 3094 2345 3130 τε
2396 3076 2489 3131 τοῦ
2520 3076 2675 3141 Υἱοῦ,
2706 3076 2901 3146 ἐπίσης
2928 3075 2994 3128 δι’
3026 3074 3285 3145 ἐκατέρου
3334 3072 3395 3125 τὸ
3448 3071 3621 3141 δόγμα
3650 3070 3753 3165 τῆς

2162 3167 2444 3231 εὐσεϐείας
2473 3166 2820 3237 κρατύνεται.
2865 3167 2991 3218 Ἐὰν
3024 3164 3121 3235 μὲν
3162 3162 3270 3233 γὰρ
3294 3163 3323 3213 6
3362 3162 3553 3232 Πατὴρ
3576 3158 3755 3213 ταῦτα

2166 3259 2320 3329 λέγῃ,
2351 3261 2615 3331 μαρτυρεῖ
2647 3258 2724 3329 τῷ
2754 3257 2870 3328 Υἱῷ
2900 3258 2960 3310 τὸ
3002 3257 3076 3328 μὴ
3128 3257 3244 3327 μετ’
3288 3253 3450 3308 αὑτὸν
3485 3248 3644 3306 εἶναι,
3691 3252 3756 3303 Εἰ

2168 3352 2277 3422 γὰρ
2300 3351 2433 3414 Θεὸς
2466 3351 2563 3422 μὲν
2591 3352 2620 3403 6
2654 3349 2803 3414 Υἱὸς,
2844 3350 2951 3403 πᾶν
2989 3349 3045 3402 δὲ
3079 3347 3217 3419 μετὰ
3243 3348 3333 3401 τὸν
3360 3346 3580 3416 Πατέρα
3622 3344 3757 3406 Θεὸς

2169 3445 2269 3497 οὐκ
2301 3444 2435 3505 ἐστι,
2468 3442 2627 3511 δῆλον
2654 3443 2737 3495 ὅτι
2769 3442 2830 3494 τὸ
2852 3442 2910 3494 ὲν
2932 3440 3011 3511 τῷ
3032 3441 3228 3512 Πατρὶ,
3266 3439 3361 3494 καὶ
3392 3438 3467 3510 μὴ
3499 3436 3635 3508 μετὰ
3664 3437 3756 3488 τὸν

2177 3536 2397 3605 Πατέρα
2422 3534 2512 3587 τὸν
2544 3534 2669 3588 Υἱὸν
2699 3530 2839 3587 εἶναι
2871 3535 2900 3586 6
2936 3531 3093 3599 λόγος
3122 3530 3481 3602 μαρτύρεται.
3511 3530 3631 3581 Εἴτε
3661 3526 3759 3579 τοῦ

2177 3625 2308 3678 Υἱοῦ
2338 3624 2451 3695 δοίη
2475 3642 2558 3688 τις
2577 3620 2714 3677 εἶναι
2736 3626 2836 3695 τὴν
2852 3625 3033 3693 φωνὴν
3053 3622 3274 3692 ταύτην,
3305 3620 3385 3686 τὸ,
3408 3621 3491 3674 Οὐ
3512 3618 3757 3690 γέγονεν

2176 3717 2515 3786 ἔμπροσθέν
2531 3734 2649 3785 μου
2669 3732 2683 3746 ’
2713 3714 3027 3769 διδασκαλία
3063 3712 3237 3783 σαφὴς
3261 3712 3413 3765 ἔσται
3437 3713 3503 3781 τῇ
3530 3710 3628 3779 τῆς
3657 3710 3757 3779 ἁρ-

2178 3807 2278 3877 χῆς
2330 3806 2589 3876 ἀῖδιότητι
2640 3802 3259 3874 συγκαταλαμϐάνεσθαι
3311 3800 3407 3853 καὶ
3451 3799 3542 3852 τὸν
3589 3802 3647 3851 ἐν
3688 3800 3763 3866 τῇ

2171 3901 2314 3971 ἀρχῇ
2346 3898 2735 3970 θεωρούμενον.
2779 3899 2844 3950 Εἴ
2878 3914 2961 3959 τις
2996 3892 3088 3950 οῦν
3138 3896 3275 3966 μετὰ
3322 3894 3412 3947 τὸν
3447 3893 3578 3946 Θεόν
3618 3892 3755 3955 ἐστι,

2172 3991 2348 4053 κτίσις
2369 3990 2528 4044 τοῦτο
2559 3990 2652 4043 καὶ
2673 3991 2734 4042 οὐ
2760 3989 2893 4053 Θεὸς
2919 3988 3007 4041 διὰ
3034 3987 3145 4040 τῶν
3179 3985 3484 4060 εἰρημένων
3508 3983 3759 4055 εὑρίσκε-

2166 4100 2277 4136 ται.
2299 4083 2372 4135 Τὸ
2408 4081 2519 4154 γὰρ
2544 4082 2659 4153 μετ’
2694 4082 2793 4151 ἐμὲ
2816 4080 2898 4143 ὃν,
2924 4078 3080 4149 φησὶ,
3105 4078 3236 4142 Θεὸς
3266 4077 3369 4130 οὐκ
3396 4075 3533 4129 ἔστι.

491 4170 661 4226 Deum
690 4180 794 4233 est,
832 4180 1082 4225 creatura
1115 4182 1285 4237 certe,
1315 4181 1371 4228 et
1418 4189 1530 4228 non
1574 4175 1718 4229 Deus
1771 4190 1867 4244 per
1905 4189 1969 4230 ea
2007 4188 2129 4244 quae
2164 4173 2309 4228 dicta
2348 4182 2477 4228 sunt
2518 4172 2812 4228 invenitur.
2850 4169 3026 4237 Quod,
3071 4169 3218 4225 enim
3257 4170 3352 4237 ait,
3380 4176 3504 4240 post
3536 4181 3623 4222 me
3654 4173 3760 4228 est,

490 4264 636 4319 Deus
672 4281 779 4318 non
810 4273 914 4317 est.

567 4399 680 4453 Hac
718 4397 884 4467 igitur
922 4397 1073 4467 prius
1114 4413 1145 4451 a
1186 4398 1342 4452 nobis
1367 4397 1432 4451 de
1467 4396 1553 4449 his
1586 4411 1705 4465 quae
1727 4407 2061 4467 suut,expo-

2247 4395 2462 4465 Ταύτης
2489 4395 2666 4447 τοίνυν
2706 4394 3127 4465 προεκτεθείσης
3171 4396 3303 4465 ἡμῖν
3350 4396 3449 4465 τῆς
3486 4397 3612 4465 περὶ
3652 4397 3759 4451 τῶν

491 4495 598 4546 sita
622 4490 1025 4560 speculatione,
1070 4499 1286 4559 tempus
1334 4488 1447 4558 jam
1509 4487 1675 4542 fuerit
1724 4489 2072 4557 propositum

491 4598 804 4640 sermonem
836 4583 1177 4637 examinare.
1217 4581 1427 4635 Dictum
1459 4589 1545 4635 est
1574 4581 1739 4649 igitur
1763 4596 1791 4634 a
1820 4579 1981 4636 Petro
2008 4580 2075 4633 ad

490 4676 709 4733 Iudaeos
734 4676 880 4747 quod
912 4675 1199 4730 Dominum
1238 4678 1409 4745 ipsum
1442 4684 1491 4730 et
1527 4675 1796 4729 Christum
1835 4677 1954 4746 fecit
1998 4675 2079 4746 (α)

494 4768 660 4836 Deus,
700 4768 835 4821 hunc
881 4770 1054 4839 ipsum
1088 4768 1268 4823 Iesum
1313 4786 1463 4840 quem
1512 4784 1598 4822 vos
1656 4768 2001 4836 cruciﬁxistis
2033 4768 2074 4821 ³.

496 4859 709 4914 Dicitur
741 4868 924 4915 autem
959 4875 990 4913 a
1019 4859 1210 4925 nobis,
1260 4876 1366 4915 non
1400 4860 1466 4915 ad
1497 4857 1775 4929 Unigeuiti
1816 4858 2075 4913 divinita-

494 4959 605 5006 tem
635 4951 783 5021 pium
816 4966 939 5007 esse
974 4952 1178 5007 referre
1219 4955 1465 5014 verbum,
1503 4952 1647 5021 fecit,
1706 4951 1801 5006 sed
1833 4951 1899 5005 ad
1936 4952 2078 5007 servi

494 5041 727 5097 formam
779 5044 1083 5099 secundum
1116 5054 1331 5115 tempus
1364 5045 1633 5099 adventus
1664 5044 1718 5097 in
1751 5058 1936 5107 carne,
1970 5060 2077 5098 non

495 5135 616 5189 sine
644 5135 906 5206 mysterio
960 5144 1015 5191 et
1062 5145 1212 5191 certa
1252 5138 1467 5192 ratione
1521 5145 1575 5191 et
1628 5136 2071 5206 dispensatione,

498 5225 553 5279 id
580 5235 687 5294 est,
751 5243 849 5298 per
884 5230 1319 5284 incarnationem
1366 5228 1589 5284 factam.
1636 5228 1740 5295 Qui
1788 5236 1971 5282 autem
2021 5228 2077 5282 in

498 5316 845 5371 contrarium
912 5317 1059 5373 hunc
1126 5333 1438 5373 sermonem
1480 5319 1753 5373 violenter
1790 5326 2075 5390 torquent,

500 5412 627 5459 ante
656 5413 917 5463 teternam
946 5410 1353 5481 generationem
1383 5410 1483 5465 hac
1507 5425 1638 5465 voce
1673 5410 1795 5479 fecit
1830 5411 1898 5467 ab
1930 5412 2076 5482 Apo-

573 5545 593 5574 ²
628 5544 731 5597 lsa.
792 5562 900 5607 xu,
939 5546 1011 5613 .‘2;
1055 5562 1165 5612 xw,
1202 5546 1284 5600 12.
1363 5547 1384 5577 ³
1418 5547 1543 5601 Act.
1587 5563 1643 5613 ll,
1686 5546 1771 5600 56.

572 5687 651 5751 (al
692 5683 934 5741 Verbum
965 5687 1088 5754 fecit
1125 5703 1236 5742 non
1267 5686 1333 5742 ad
1368 5687 1661 5742 essentiam
1688 5686 1928 5741 divinam
1986 5686 2078 5742 Fi-

500 5756 567 5813 Εἰ
602 5755 719 5824 Dei,
748 5754 845 5813 sed
873 5754 944 5812 ad
977 5765 1180 5813 statum
1230 5766 1283 5815 et
1312 5773 1584 5816 summam
1613 5756 1934 5831 dignitatem
1987 5774 2075 5813 re-

2180 4487 2347 4539 ὄντων
2395 4486 2645 4555 Θεωρίας,
2678 4484 2867 4555 καιρὸς
2890 4486 2973 4555 εἴη
3004 4485 3099 4537 τὸν
3118 4486 3474 4557 προκείμενον
3508 4485 3757 4551 ἐξετάσαι

2180 4578 2353 4647 λόγον.
2387 4578 2595 4631 Ούκοῦν
2625 4577 2838 4647 εἴρηται
2884 4577 2983 4646 μὲν
3034 4577 3186 4648 παρὰ
3221 4578 3315 4630 τοῦ
3360 4578 3569 4649 Πέτρου
3625 4581 3760 4649 πρὸς

2180 4674 2306 4735 τοὺς
2366 4671 2685 4734 Ἰουδαίους,
2730 4670 2811 4723 ὅτι
2868 4672 3083 4739 Κύριον
3131 4670 3318 4725 αὑτὸν
3361 4671 3459 4724 καὶ
3500 4672 3763 4740 Χριστὸν

2181 4764 2471 4831 ἐποίησεν
2511 4765 2543 4815 ό
2578 4761 2720 4828 Θεὸς
2746 4802 2760 4823 ,
2794 4762 3006 4816 τυῦτον
3047 4764 3152 4815 τὸν
3208 4761 3441 4830 Ἰησοῦν
3485 4762 3558 4816 6r
3595 4762 3762 4832 ὑμεῖς

2181 4853 2620 4921 ἐσταυρώσατε.
2648 4853 2876 4921 Λέγεται
2929 4853 2984 4907 δὲ
3033 4855 3163 4923 παρ’
3193 4852 3382 4924 ήμῶν,
3410 4855 3470 4907 ού
3528 4854 3665 4924 πρὸς
3703 4854 3762 4905 τὸ

2182 4946 2322 4999 θεῖον
2352 4944 2444 4999 τοῦ
2472 4946 2808 5014 Μονογενοῦς
2830 4946 3051 5009 εὐσεϐὲς
3082 4941 3219 4999 εἶναι
3242 4947 3300 4999 τὸ
3321 4946 3612 5014 ἐποίησεν
3637 4947 3764 4998 ἀνα-

2184 5037 2393 5109 φέρειν,
2430 5036 2565 5091 ἁλλὰ
2604 5036 2742 5107 πρὸς
2773 5036 2871 5107 τὴν
2903 5035 2999 5089 τοῦ
3032 5036 3218 5090 δούλου
3256 5037 3466 5109 μορφὴν
3494 5039 3594 5107 τὴν
3623 5038 3761 5089 κατὰ

2183 5130 2376 5203 καιρὸν
2412 5129 2513 5199 τῆς
2547 5130 2605 5182 ὲν
2650 5129 2814 5200 σαρκὶ
2860 5129 3161 5199 παρουσίας
3207 5128 3566 5197 οίκονομικῶς
3615 5144 3765 5196 γενο-

2190 5223 2359 5294 μένην
2380 5239 2393 5252 '
2424 5223 2471 5274 οί
2510 5220 2567 5273 δὲ
2596 5221 2734 5292 πρὸς
2764 5221 3073 5274 τούναντίον
3106 5219 3197 5273 τὸν
3229 5220 3382 5288 λόγον
3416 5218 3720 5289 βιαζόμενοι
3748 5258 3761 5279 ,

2184 5318 2284 5388 τὴν
2353 5314 2677 5387 προαιώνιον
2724 5314 2819 5367 τοῦ
2870 5313 2997 5367 Υἱοῦ
3048 5315 3298 5385 γέννησιν
3351 5316 3416 5384 τῇ
3478 5313 3766 5377 ἐποίησεν

2186 5411 2335 5479 φωνῇ
2371 5407 2522 5478 παρὰ
2554 5406 2649 5460 τοῦ
2683 5406 3010 5461 Ἀποστόλου
3048 5406 3496 5479 διασημαίνεσθαι
3523 5405 3760 5472 λέγουσι.

2193 5683 2472 5739 terendum
2506 5689 2611 5746 est,
2639 5681 2695 5737 in
2726 5697 2894 5753 quam
2919 5679 3173 5736 Christus
3217 5678 3361 5735 servi
3396 5676 3631 5733 formam
3667 5691 3763 5749 ge;-

2191 5770 2321 5812 I‘CBS
2347 5764 2569 5813 erectus
2599 5762 2706 5811 εει.
