4138 6364
414 335 520 413 683

1534 352 1814 424 CONTRA
1854 351 2244 436 EUNOMIUM,
2281 366 2407 426 Lm.
2452 369 2494 425 v

3568 372 3668 434 686

413 470 715 544 Προθὲντες
740 456 917 528 τοίνυν
941 475 998 528 ἐν
1028 476 1105 549 τῷ
1133 476 1284 548 μέσῳ
1312 477 1402 532 τὸν
1428 477 1605 549 λόγον,
1626 484 1717 534 καὶ
1737 482 1805 536 δι’
1839 484 1980 554 ἀκρι·

2099 485 2241 539 stolo
2271 486 2569 558 signiﬁcari
2606 497 2910 544 autumant.
2933 493 3070 546 Cum
3108 494 3293 563 itaque
3331 492 3384 548 in
3425 493 3667 550 medium

414 567 565 630 εείας
610 566 927 638 ἀμφοτέρας
967 568 1067 633 τὰς
1106 571 1401 644 ὑπολήψεις
1442 573 1889 645 ἐπισκεψάμενοι,
1917 575 1994 647 τῷ

413 659 653 729 ἀκροατῇ
680 657 778 728 τὴν
799 658 981 731 κρίσιν
1002 660 1097 714 τοῦ
1126 662 1358 734 ἀληθοῦς
1386 667 1802 737 καταλείψομεν.
1833 667 1993 723 Ἀλλά

412 749 514 817 τῆς
547 746 645 817 μὲν
676 747 783 800 τῶν
832 750 1088 804 ἐναντίων
1119 752 1358 818 διανοίας
1402 756 1586 820 ἱκανὸς
1624 757 1690 810 ἂν
1736 759 1819 829 εἴη
1870 777 1995 813 συν-

412 838 613 908 ήγορος
645 840 806 903 αὐτὸς
860 842 889 893 ὁ
936 842 1219 913 Εὑνόμιος,
1264 847 1362 898 οὑκ
1410 848 1649 915 ἀγεννῶς
1693 850 1750 902 ἐν
1781 850 1993 915 τούτοις

415 932 859 1001 ἀγωνισάμενος,
888 931 1027 987 ὥστε
1072 935 1165 988 τὸν
1211 937 1418 991 ἐκείνου
1454 936 1608 1008 λόγον
1652 944 1743 995 ἐπὶ
1795 943 1992 1007 λέξεως

412 1019 789 1087 διεξελθόντες,
814 1022 1043 1087 ἐντελῶς
1080 1024 1172 1077 τὸν
1204 1024 1344 1097 ὑπὲρ
1380 1027 1486 1081 τῶν
1515 1031 1834 1101 μαχομένων
1860 1036 1991 1103 ήμῖν

335 1125 345 1134 ·
411 1110 567 1180 λόγον
623 1113 1006 1185 διελευσόμεθα
1044 1133 1058 1147 ·
1091 1116 1184 1170 τοῦ
1242 1118 1299 1172 δὲ
1355 1119 1474 1173 καθ’
1522 1124 1667 1192 ἡμᾶς
1723 1125 1991 1195 δόγματος

414 1206 576 1273 ήμεῖς
630 1207 770 1259 κατά
821 1206 1042 1261 δυνατὸν
1090 1212 1531 1283 προστησόμεθα,
1571 1214 1684 1279 τοῖς
1717 1216 1868 1288 παρά
1896 1219 1988 1271 τοῦ

419 1296 652 1363 μεγάλου
700 1298 980 1351 Βασιλείου
1041 1303 1470 1371 προεκτεθεῖσιν,
1500 1306 1647 1370 ὅπως
1682 1306 1748 1361 ἂν
1786 1302 1889 1360 οἷοί
1930 1326 1988 1361 τε

414 1379 584 1453 ὦμεν,
616 1387 735 1439 κατ’
767 1387 910 1457 ἴχνος
937 1389 1191 1459 ἑπόμενοι
1218 1408 1231 1419 ·
1268 1394 1317 1445 οί
1343 1393 1401 1451 δέ
1432 1396 1496 1465 τῇ
1524 1394 1752 1469 ἀληθείᾳ
1778 1396 1865 1450 διά
1892 1398 1990 1467 τῆς

413 1475 770 1542 ἀναγνώσεως
797 1478 1127 1544 δικάζοντες,
1166 1481 1345 1546 καθώς
1376 1484 1509 1555 φησί
1539 1502 1621 1548 τις
1642 1486 1751 1538 τῶν
1784 1506 1991 1559 προφη-

413 1564 542 1627 τῶν,
580 1565 771 1636 Κρῖμα
796 1568 1034 1623 δίκαιον
1075 1572 1336 1638 κρίνατε,
1377 1572 1452 1644 μὴ
1498 1576 1618 1637 ταῖς
1666 1576 1987 1645 φιλονείκοις

412 1657 772 1727 προλήψεσιν,
806 1660 939 1715 ἀλλά
967 1661 1031 1734 τῇ
1079 1664 1402 1735 δεικνυμένῃ
1440 1665 1526 1718 διὰ
1564 1667 1662 1736 τῆς
1691 1667 1987 1734 ἐξετάσεως

410 1748 638 1820 ἀληθεία
669 1750 849 1816 δόντες
893 1753 962 1806 τά
992 1757 1306 1826 νικητήρια.
1336 1758 1445 1809 Καὶ
1480 1760 1694 1829 παρίτω
1732 1777 1796 1827 γε
1842 1764 1985 1833 πρῶ-

2103 592 2410 634 sermonem
2468 583 2941 651 prop05uerimus,
2983 584 3373 657 subtiliterque
3408 595 3463 642 et
3504 602 3671 643 accu-

2097 677 2214 723 rate
2247 671 2437 725 ambas
2486 672 2776 741 opiniones
2812 675 3256 745 expendcrimus,
3304 677 3544 733 auditori
3574 678 3666 748 ju-

2097 758 2304 813 dicium
2348 763 2461 817 veri
2509 764 2904 834 relinquemus.
2959 765 3065 821 Sed
3100 767 3544 824 adversariorUm
3583 771 3669 825 in-

2098 851 2408 919 telligentia:
2440 852 2666 907 idoneus
2703 853 2866 908 fuerit
2902 862 3169 924 patronus
3197 856 3314 927 ipse
3344 856 3665 923 Eunomius,

2097 942 2189 1009 qbi
2215 944 2268 995 in
2308 943 2393 997 his
2421 954 2527 996 nun
2564 945 2807 1014 segniter
2838 946 3087 1000 certavit.
3126 944 3314 1017 Itaque
3343 964 3469 1003 cum
3518 951 3667 1006 illius

2096 1046 2402 1086 sermonem
2438 1034 2504 1087 ad
2538 1035 2762 1089 verbum
2796 1038 3253 1105 percurrerimus,
3302 1046 3417 1093 tum
3445 1041 3666 1095 demum

2094 1124 2336 1177 rationes
2392 1141 2582 1179 eorum
2638 1141 2759 1195 qum
2808 1142 2909 1196 pro
2954 1128 3285 1184 adversariis
3338 1132 3549 1186 nostris
3585 1130 3667 1185 fac

2093 1214 2251 1269 ciunt
2330 1218 2760 1272 enarrabimus.
2843 1219 2924 1273 Ad
2996 1222 3467 1276 conﬁrmationem
3535 1239 3667 1278 vero

2093 1309 2264 1363 nostri
2319 1310 2593 1379 dogmatis
2622 1324 2993 1380 proponemus
3011 1328 3071 1366 ea
3098 1329 3221 1382 quae
3254 1322 3383 1369 sunt
3412 1329 3439 1367 a
3467 1330 3666 1386 magno

2092 1391 2297 1454 Basilio
2320 1404 2479 1470 prius
2509 1406 2777 1473 exposita,
2824 1412 2944 1473 qua:
2975 1404 3194 1474 quidem
3225 1415 3495 1476 quantum
3548 1408 3664 1463 ﬁeri

2091 1493 2289 1560 poterit
2316 1510 2345 1547 c
2376 1496 2603 1564 vestigio
2643 1511 2953 1565 sequemur.
2989 1498 3091 1551 Alii
3128 1507 3307 1553 autem
3352 1515 3419 1555 ex
3454 1500 3557 1554 hac
3590 1501 3669 1555 le-

2092 1586 2273 1640 ctione
2304 1601 2405 1655 pro
2442 1588 2668 1642 veritate
2716 1587 2982 1658 judicium
3041 1590 3297 1654 ferentes,
3350 1592 3492 1645 sicut
3540 1607 3666 1661 pro-

2090 1679 2375 1747 phetarum
2411 1679 2633 1748 quidam
2675 1682 2750 1733 ait
2779 1700 2792 1735 :
2823 1680 3040 1735 Justum
3067 1682 3333 1748 judicium
3359 1684 3602 1753 judicale
3623 1685 3665 1749 ⁸,

2090 1786 2196 1823 non
2237 1770 2595 1825 contentiosis
2630 1772 2941 1842 anticipatis
2972 1775 3322 1842 opinionibus
3343 1816 3356 1837 ,
3392 1776 3485 1830 sed
3518 1777 3666 1829 veri-

408 1858 501 1906 τος
524 1844 552 1896 ό
581 1843 689 1897 τῶν
728 1845 1013 1917 ἡμετέρων
1044 1849 1364 1921 κατήγορος,
1398 1849 1583 1921 ὥσπερ
1626 1853 1685 1905 ὲν
1728 1854 1980 1926 δικαστη-

2091 1863 2186 1915 tati
2222 1877 2315 1930 per
2355 1862 2766 1932 inquisitionem
2814 1864 3193 1921 demonstrare
3235 1866 3485 1921 victoria:
3526 1883 3667 1938 pra:-

412 1934 512 2005 ρίῳ
547 1935 615 1988 τὰ
659 1937 1021 2008 γεγραμμένα
1048 1939 1239 2009 λέγων·

481 2141 500 2173 ι
551 2124 694 2194 Πρὸς
731 2125 785 2178 δὲ
828 2132 941 2193 τοῖς
975 2131 1315 2201 εἰρημένοις,
1350 2135 1444 2189 καὶ
1474 2130 1535 2189 τό
1571 2139 1861 2206 ἐποίησεν
1893 2142 1987 2193 ἐπὶ

406 2210 507 2282 τῆς
535 2214 722 2278 οὐσίας
753 2219 844 2271 τοῦ
877 2220 1005 2273 Υίοῦ
1044 2222 1226 2276 λαϐεῖν
1260 2228 1711 2299 παραιτούμενος,
1752 2231 1887 2301 ὁμοῦ
1926 2244 1986 2285 τε

405 2304 496 2357 τὸν
525 2307 755 2376 σταυρὸν
781 2310 1255 2384 ἐπαισχυνόμενος,
1279 2317 1458 2387 τίθησι
1492 2319 1590 2390 μὲν
1614 2323 1721 2385 τοῖς
1755 2318 1986 2376 ἀποστό-

406 2391 517 2457 λοις
547 2394 584 2448 ἃ
617 2398 807 2467 μηδεὶς
853 2402 986 2471 μηδὲ
1034 2405 1143 2456 τῶν
1189 2406 1269 2469 είς
1306 2409 1470 2462 σκαιὰ
1513 2409 1849 2483 βλασφημεῖν
1889 2416 1986 2468 αὑ-

405 2486 532 2548 τοὺς
578 2486 1023 2554 ἐσπουδακότων,
1072 2493 1164 2547 δύο
1207 2495 1264 2547 δὲ
1314 2498 1500 2567 σαφῶς
1543 2502 1846 2571 Χριστοὺς,
1893 2506 1985 2558 καὶ

404 2574 498 2628 δύο
522 2580 760 2648 Κυρίους
788 2581 1068 2651 ἐπεισάγει
1105 2588 1218 2650 τοῖς
1252 2587 1444 2642 ἐαυτοῦ
1503 2592 1735 2663 δόγμασι
1773 2597 1866 2648 καὶ
1899 2596 1984 2648 λό-

404 2680 553 2758 γοις*
585 2669 720 2739 φησὶ
763 2672 870 2743 γάρ
892 2690 905 2703 ·
945 2675 1037 2741 Ὡς
1064 2679 1137 2731 οὐ
1181 2678 1286 2732 τὸν
1327 2682 1397 2734 ἐν
1420 2682 1579 2752 ἀρχῇ
1608 2685 1754 2739 ὄντα
1790 2689 1984 2758 Λόγον

403 2757 624 2824 Κύριον
651 2761 749 2814 καὶ
776 2764 1036 2831 Χριστὸν
1063 2770 1097 2822 ό
1139 2769 1281 2837 Θεὸς
1318 2771 1608 2841 ἐποίησεν
1631 2815 1646 2841 ,
1667 2777 1828 2831 ἀλλὰ
1877 2757 1984 2833 τὸν

406 2845 753 2904 κενώσαντα
768 2850 986 2908 ἑαυτὸν
1005 2858 1092 2923 εις
1102 2858 1347 2928 μορφὴν
1360 2861 1711 2927 δούλου,καὶ
1726 2882 1985 2935 σταυρω-

407 2939 584 2994 θέντα
617 2942 689 3007 ἐξ
720 2944 1058 3014 ἀσθενείας.
1112 2952 1223 3005 Καὶ
1257 2953 1458 3025 γράφει
1495 2955 1553 3008 δὲ
1582 2957 1610 3009 ὁ
1656 2956 1832 3028 μέγας
1879 2958 1983 3010 Βα-

406 3030 601 3097 σίλειος
653 3034 949 3109 διαρρήδην
982 3034 1171 3105 οὑτως.
1207 3045 1327 3098 Ἔτι
1364 3046 1421 3100 δὲ
1476 3049 1627 3103 οὐδὲν
1658 3051 1691 3122 ή
1729 3049 1823 3107 τοὺ
1849 3052 1982 3106 ἀπο-

405 3122 590 3178 στόλου
642 3126 879 3196 διάνοια,
927 3132 960 3203 ἥ
1004 3133 1100 3202 τὴν
1152 3137 1258 3207 πρὸ
1311 3137 1503 3202 αἰῶνος
1545 3128 1842 3193 ὑπόστασιν
1885 3141 1978 3194 τοῦ
2007 3177 2048 3236 C

405 3214 604 3236 ‘._.,-e,e
679 3218 704 3229 "
782 3222 794 3236 ο
852 3224 874 3236 υ
1066 3225 1077 3236 ι
1418 3228 1429 3236 .
1474 3224 1502 3236 υ
1579 3231 1590 3236 -
1627 3230 1640 3236 -
1671 3230 1683 3236 -
1821 3231 1833 3236 -
1947 3231 1969 3236 ..

402 3214 738 3285 Μονογενοῦς
771 3222 902 3292 ήμῖν
942 3225 1273 3296 παρίστησι,
1312 3228 1440 3299 περὶ
1469 3224 1537 3302 ἧς
1570 3231 1597 3282 ὁ
1627 3230 1781 3300 λόγος
1817 3231 1874 3284 ἐν
1902 3231 1980 3302 τῷ

404 3307 632 3377 παρόντι
667 3325 681 3339 ·
711 3311 771 3363 οὑ
804 3312 914 3383 γὰρ
964 3317 1093 3386 περὶ
1138 3316 1239 3388 τῆς
1281 3318 1468 3383 οὐσίας
1510 3318 1678 3391 αὐτῆς
1712 3321 1805 3375 τοῦ
1843 3320 1979 3375 Θεοῦ

402 3398 575 3465 Λόγου
604 3398 699 3452 τοῦ
734 3404 791 3454 ἐν
825 3403 965 3475 ἀρχῇ
1010 3406 1160 3470 ὄντος
1198 3408 1333 3479 πρὸς
1369 3410 1459 3462 τὸν
1494 3411 1624 3466 Θεὸν
1644 3452 1658 3477 ,
1682 3413 1819 3467 ἀλλά
1852 3417 1980 3485 περὶ

400 3487 494 3541 τοῦ
523 3488 860 3557 κενώσαντος
895 3496 1086 3548 ἐαυτὸν
1124 3499 1181 3550 ἐν
1214 3502 1277 3570 τῇ
1308 3500 1402 3552 τοὺ
1434 3501 1620 3556 δούλου
1658 3508 1859 3577 μορφῇ,
1887 3507 1981 3559 καὶ

401 3582 692 3653 γενομένου
736 3588 1059 3658 συμμόρφου
1098 3590 1175 3659 τῷ
1208 3590 1418 3662 σώματι
1465 3595 1564 3665 τῆς
1601 3598 1979 3662 ταπεινώσεως

404 3671 593 3743 ήμῶν,
630 3676 725 3727 καὶ
756 3679 1158 3749 σταυρωθέντος
1199 3682 1258 3747 ἐξ
1297 3672 1601 3749 ἀσθενείας,
1638 3690 1824 3757 σαφῶς
1862 3691 1977 3743 δια-

401 3764 636 3833 λέγεται.
681 3768 871 3822 Καίτοι
910 3770 1067 3825 τοῦτο
1120 3776 1281 3827 παντὶ
1314 3776 1588 3847 γνώριμον
1609 3819 1624 3843 ,
1655 3779 1733 3850 τῷ
1773 3774 1865 3834 καὶ
1891 3799 1978 3852 μι-

400 3854 532 3924 κρὸν
579 3859 932 3929 ἐπιστήσαντι
962 3862 1063 3931 τῆς
1113 3864 1473 3937 ἀποστολικῆς
1513 3868 1708 3934 λέξεως
1737 3871 1815 3942 τῷ
1856 3872 1978 3943 βου-

399 3943 620 4016 λήματι,
652 3949 733 4002 ὅτι
762 3950 879 4021 οὑχὶ
912 3951 1185 4021 θεολογίας
1222 3956 1348 4026 ὑμῖν
1385 3960 1719 4030 παραδίδωσι
1750 3964 1974 4032 τρόπον,

401 4035 537 4090 ἀλλά
568 4040 693 4101 τοὺς
712 4041 812 4111 τῆς
839 4041 1149 4113 οἰκονομίας
1176 4044 1364 4113 λόγους
1398 4048 1978 4119 παρεισάγει.Κύριον

401 4127 509 4198 γὰρ
534 4129 737 4195 αὐτὸν,
758 4133 908 4203 φησὶ,
929 4134 1026 4187 καὶ
1048 4138 1306 4203 Χριστὸν
1324 4141 1357 4191 ό
1387 4140 1529 4205 Θεὸς
1556 4141 1826 4209 ἐποίησε,
1849 4144 1977 4197 τοῦ·

399 4232 506 4272 τον
538 4220 644 4273 τὸν
676 4222 938 4291 Ἰησοῦν,
975 4226 1047 4279 ὃν
1080 4228 1247 4297 ὑμεῖς
1277 4229 1697 4298 ἐσταυρώσατε
1716 4251 1728 4263 ο
1767 4238 1833 4307 τῇ
1864 4237 1973 4289 δει-

399 4316 560 4385 κτικῇ
599 4319 749 4387 φωνῇ
790 4317 926 4387 πρὸς
959 4318 1019 4371 τὺ
1074 4320 1411 4391 ἀνθρώπινον
1444 4325 1609 4378 αὑτοῦ
1649 4328 1742 4381 καὶ
1782 4330 1974 4399 βλεπό-

352 4432 361 4441 ·
401 4420 558 4475 μενον
585 4409 740 4471 πᾶσι,
771 4410 1053 4481 προδήλως
1081 4414 1508 4486 ἐπερειδόμενοςι
1545 4418 1732 4473 Ταῦτα
1763 4419 1862 4489 μὲν
1880 4419 1972 4476 οὖν

2093 1953 2198 2006 mia
2232 1954 2611 2010 atlribuentes.
2639 1950 2854 2011 Primus
2890 1956 3003 2026 jam
3041 1966 3353 2012 nostrorum
3398 1959 3506 2013 huc
3544 1973 3669 2030 pro-

2089 2044 2211 2097 deat
2237 2052 2542 2108 accusator,
2562 2054 2820 2117 tanquam
2841 2047 2893 2099 in
2920 2038 3039 2101 foro
3062 2050 3261 2117 scripta
3296 2049 3659 2117 recitans(a):

2165 2153 2184 2184 ι
2211 2134 2454 2205 Insuper,
2482 2137 2584 2191 hoc
2607 2138 2769 2192 etiam
2796 2139 3016 2192 verbum
3049 2122 3170 2207 fecit
3196 2140 3250 2192 in
3281 2139 3519 2194 essentia
3538 2137 3667 2194 Filii

2088 2242 2303 2281 sumere
2334 2242 2627 2291 recusans;
2666 2228 2939 2299 simulque
2971 2228 3037 2283 ad
3067 2238 3287 2285 crucem
3331 2231 3667 2288 erubescens

2091 2317 2317 2383 imponit
2331 2318 2550 2387 quidem
2573 2319 2837 2389 apostolis
2851 2322 2971 2390 quae
2984 2321 3165 2377 nullus
3183 2336 3361 2392 neque
3377 2337 3443 2376 ex
3467 2322 3552 2378 his
3570 2323 3666 2393 qui

2088 2409 2151 2461 ad
2173 2410 2415 2472 sinistra,
2444 2411 2495 2462 id
2520 2419 2603 2465 est
2625 2411 2691 2464 ad
2719 2412 2956 2467 infausta
2986 2413 3069 2467 vel
3095 2414 3457 2485 inepta,ipsos
3478 2415 3664 2484 impiis

2085 2499 3162 2558 conviciisincesserevehementerconati
3178 2505 3469 2561 suntzduos
3482 2514 3665 2561 autem

2085 2589 2334 2643 Christus
2356 2598 2540 2659 aperte
2561 2598 2614 2645 et
2632 2592 3038 2646 duosDominos
3057 2592 3265 2647 inducit
3281 2592 3397 2648 suis
3417 2592 3656 2649 decretis

2084 2688 2137 2733 et
2160 2682 2530 2737 sermonibus:
2550 2682 2681 2736 dicit
2704 2682 2877 2736 enim:
2898 2682 3051 2747 Quod
3081 2701 3183 2736 non
3203 2701 3318 2737 eum
3335 2686 3423 2753 qui
3447 2685 3499 2738 in
3520 2686 3664 2751 prius

2084 2772 2218 2838 cipio
2248 2782 2364 2825 erat
2392 2765 2633 2835 Verbum,
2662 2772 2949 2825 Dominum
2973 2784 3021 2827 et
3045 2773 3310 2828 Christum
3346 2775 3486 2829 Deus
3516 2776 3661 2845 fecit,

2084 2863 2173 2918 sed
2210 2881 2326 2918 eum
2356 2865 2445 2935 qui
2484 2865 2772 2919 exinanivit
2813 2868 3041 2933 seipsum
3079 2867 3131 2920 in
3161 2866 3387 2936 formam
3420 2870 3573 2934 servi,
3611 2877 3663 2922 et

2084 2958 2393 3025 cruciﬁxum
2414 2972 2478 3010 ex
2508 2957 2841 3025 inﬁrmitate.
2885 2954 3010 3013 Haae
3038 2966 3219 3013 autem
3253 2960 3445 3015 scribit
3474 2972 3663 3030 aperte

2082 3047 2315 3103 Basilius
2339 3049 2441 3102 iste
2464 3064 2714 3119 magnus.
2734 3042 3003 3102 Praeterea
3019 3050 3101 3104 vel
3123 3051 3307 3106 nullus
3321 3059 3406 3106 est
3426 3053 3660 3121 apostoli

2083 3155 2300 3204 sensus,
2322 3141 2403 3195 vel
2422 3155 2539 3195 eam
2558 3156 2677 3210 quae
2693 3149 2776 3195 est
2792 3148 2915 3194 ante
2928 3141 3146 3204 saecula,
3172 3141 3505 3212 liypostasim
3522 3142 3661 3198 UniA

2083 3232 2247 3305 geniti
2276 3231 2433 3288 nobis
2456 3243 2827 3303 repraesentat,
2853 3234 2920 3287 de
2951 3249 3056 3303 qua
3077 3249 3257 3288 sermo
3282 3234 3336 3287 in
3364 3236 3656 3305 praesenti;

2082 3339 2193 3379 non
2230 3324 2376 3379 enim
2410 3324 2477 3379 de
2503 3325 2741 3380 essentia
2773 3325 2889 3396 ipsa
2908 3325 3001 3378 Dei
3036 3322 3385 3394 Verbi,quod
3416 3326 3472 3380 in
3500 3327 3659 3397 print

2081 3416 2222 3486 cipio
2260 3423 2379 3471 erat
2431 3416 2572 3484 apud
2602 3414 2795 3478 Deum,
2827 3415 2921 3470 sed
2952 3416 3018 3471 de
3060 3431 3125 3470 eo
3158 3417 3247 3486 qui
3287 3417 3527 3487 seipsum
3559 3433 3659 3472 ex-

2081 3507 2312 3561 inanivit
2347 3508 2403 3561 in
2436 3506 2609 3562 forma
2640 3509 2805 3572 servi,
2833 3516 2887 3562 et
2914 3508 3008 3578 qui
3032 3509 3209 3562 lactus
3244 3517 3325 3563 est
3354 3508 3659 3564 conformis

2079 3598 2296 3666 corpori
2339 3597 2662 3651 humilitatis
2712 3605 2939 3661 nostrae,
2981 3598 3187 3668 quique
3232 3599 3531 3654 cruciﬁxus
3572 3611 3660 3654 est

2079 3704 2141 3741 ex
2185 3688 2515 3753 inﬁrmitate,
2565 3684 2855 3743 manifeste
2903 3688 3143 3743 disserit.
3177 3689 3242 3742 Et
3289 3690 3394 3744 hoc
3434 3691 3657 3760 quidem

2078 3781 2274 3846 cuivis,
2316 3780 2401 3835 vel
2441 3779 2793 3834 mediocriter
2832 3780 3158 3843 attendenti,
3198 3782 3329 3850 quid
3376 3782 3481 3837 sibi
3527 3784 3658 3836 velit

2079 3871 2212 3925 illud
2256 3870 2462 3925 dictum
2512 3870 2896 3940 apostolicum,
2941 3872 3161 3941 cognitu
3198 3871 3357 3925 facile
3398 3879 3503 3937 est,
3544 3888 3655 3926 non

2078 3961 2362 4032 theologiae
2414 3960 2573 4017 nobis
2604 3961 2826 4015 modum
2866 3962 3105 4026 tradere,
3157 3960 3253 4015 sed
3309 3962 3651 4026 (nconomiae,

2078 4051 2130 4106 id
2155 4060 2258 4109 est.
2282 4051 2350 4105 de
2384 4050 3057 4121 mysterioincarnationis
3088 4052 3332 4106 rationes
3365 4053 3648 4108 inducere.

2076 4143 2381 4206 Dominum.
2425 4145 2622 4214 inquit,
2646 4146 2877 4213 ipsumet
2906 4144 3178 4199 Christum
3207 4143 3349 4198 Deus
3373 4144 3494 4213 fecit
3516 4145 3654 4199 hunc

2076 4238 2245 4305 ipsum
2271 4232 2475 4300 Iesum,
2501 4253 2651 4306 quem
2684 4254 2772 4290 vos
2807 4238 2859 4290 in
2882 4248 3089 4289 crucem
3133 4237 3334 4307 egistis.
3371 4235 3517 4291 Voce
3551 4238 3651 4291 de—

2074 4328 2432 4382 monstrativa
2465 4328 2531 4382 ad
2562 4328 2956 4381 humanitatem
2993 4326 3188 4397 ipsius,
3235 4336 3287 4382 et
3322 4328 3387 4381 ad
3414 4327 3467 4381 id
3502 4327 3651 4397 quod

2073 4421 2140 4475 ab
2164 4420 2419 4473 omnibus
2448 4418 2734 4473 videbatur
2762 4427 2949 4480 aperte
2976 4419 3267 4474 intendens
3292 4437 3306 4485 ;
3337 4419 3452 4473 hac
3484 4419 3652 4488 igitur

394 4496 424 4548 ό
454 4496 531 4567 τῷ
560 4497 665 4551 τῶν
692 4500 1002 4555 ἀποστόλων
1049 4503 1346 4575 βουλήματι
1382 4507 1471 4560 τὸν
1502 4510 1692 4564 ἐαυτοῦ
1717 4512 1840 4567 νοῦν
1869 4514 1971 4566 ὑπ-

2082 4511 2279 4581 profert
2302 4512 2404 4566 iste
2429 4512 2523 4581 qui
2556 4510 2928 4580 apostolorum
2953 4511 3240 4566 sententias
3266 4520 3320 4566 et
3352 4511 3647 4565 intentioni

394 4585 647 4653 ἀλλάξας,
688 4589 749 4641 οὑ
776 4589 882 4660 γὰρ
909 4590 971 4663 δὴ
1012 4591 1168 4663 θέμις
1202 4597 1375 4649 εἰπεῖν
1408 4599 1728 4670 ἐπιστήσας,
1759 4603 1971 4672 μήποτέ

394 4695 477 4741 τις
499 4680 765 4752 τοσαύτην
789 4683 1224 4753 καταψηφίσαιτο
1247 4688 1546 4759 παράνοιαν
1566 4692 1770 4762 ἀνδρῶν
1787 4694 1972 4761 ὁσίων,

395 4773 488 4825 καὶ
537 4772 671 4843 πρὸς
696 4775 756 4826 τὸ
788 4768 886 4845 τῆς
920 4776 1201 4842 εὐσεϐείας
1243 4780 1501 4852 κήρυγμα
1530 4783 1767 4852 λογάδων
1787 4801 1803 4816 °
1831 4785 1973 4839 ὥστε

393 4860 491 4932 τὴν
551 4864 774 4943 ἐκείνων
827 4866 1174 4922 διδασκαλίαν
1215 4870 1296 4933 είς
1345 4871 1614 4943 τοσαύτην
1671 4874 1971 4946 ὑπερϐολὴν

392 4952 789 5008 ἀπολείπουσαν
805 4958 1151 5029 εἰσυϐρίζειν.
1173 4962 1234 5013 Oi
1260 4962 1353 5015 τὸν
1367 4964 1570 5016 ἑαυτῶν
1590 4965 1755 5035 λῆρον
1772 4967 1849 5030 είς
1866 4967 1963 5036 τὴν

392 5042 497 5095 τῶν
514 5044 675 5097 όσίων
698 5049 916 5117 μνήμην
936 5047 1320 5118 ἀναφέροντες,
1342 5052 1501 5115 ποίας
1519 5053 1580 5105 οὑ
1602 5055 1789 5123 μεστοὶ
1800 5073 1965 5125 ταρα-

390 5136 522 5202 xix;
551 5136 717 5200 Ποίας
746 5136 845 5190 οὑκ
882 5140 1113 5217 ἀτοπίας
1141 5140 1401 5212 γέμοντες
1420 5184 1434 5204 ,
1467 5148 1515 5198 οἱ
1545 5142 1635 5198 τὸν
1675 5146 1960 5219 ἄνθρωπον

390 5226 468 5286 εἰς
495 5224 778 5297 ἄνθρωπον
800 5230 1133 5284 κεκενῶσθαι
1161 5232 1491 5300 δοξάζοντες,
1525 5239 1617 5290 καὶ
1634 5238 1721 5291 διὰ
1747 5237 1958 5307 τούτου,

390 5312 480 5365 τὸν
520 5311 579 5378 ἐξ
608 5315 854 5389 ὑπακοῆς
882 5321 1073 5375 ἐαυτὸν
1104 5327 1516 5381 ταπεινώσαντα
1548 5332 1612 5399 τῇ
1638 5329 1731 5382 τοῦ
1765 5330 1952 5385 δούλου

392 5402 595 5470 μορφῇ,
612 5401 932 5476 σύμμορφον
950 5405 1213 5475 εἶναιτοῖς
1241 5414 1546 5486 ἀνθρώποις
1564 5419 1655 5471 καὶ
1678 5420 1807 5491 πρὶν
1827 5422 1955 5475 ταύ-

386 5504 484 5561 την
509 5493 796 5549 ἀναλαϐεῖν
830 5500 927 5570 τὴν
961 5504 1172 5575 μορφὴν
1188 5509 1706 5580 κατασκευάζοντες
1726 5514 1954 5583 Καὶτίς,

455 5666 482 5700 ⁸
512 5665 671 5724 Deut.
696 5687 734 5735 l,
778 5673 879 5740 16;
909 5674 1067 5730 Joan.
1103 5693 1197 5745 vn,
1224 5680 1313 5735 24.

2073 4602 2353 4675 propriam
2384 4611 2619 4656 mentem
2658 4602 2981 4667 submutat;
3046 4601 3200 4656 nefas
3247 4602 3393 4656 enim
3438 4610 3524 4657 est
3561 4603 3647 4655 di-

2071 4710 2197 4749 cere
2232 4694 2376 4763 quod
2404 4693 2692 4762 intelligat,
2722 4693 3016 4762 nequando
3049 4694 3175 4761 quis
3194 4702 3360 4748 tanta:
3387 4693 3645 4748 amentia:

2070 4786 2348 4843 insimulet
2382 4786 2528 4840 viros
2560 4793 2803 4851 sanctos,
2853 4793 2907 4839 et
2951 4784 3017 4837 ad
3046 4786 3260 4853 pietatis
3302 4786 3645 4856 prmdicatio-

2068 4893 2191 4932 nem
2220 4879 2454 4933 selectos
2483 4917 2496 4940 ,
2546 4878 2618 4931 ita
2659 4886 2719 4931 ut
2750 4877 2967 4931 illorum
2997 4876 3304 4931 doctrinam
3339 4879 3393 4930 in
3431 4884 3642 4931 tantum

2071 4969 2413 5025 deﬁcientem
2443 4969 2840 5024 contumeliose
2859 4969 3056 5024 audeat
3090 4983 3360 5023 asserere.
3391 4969 3643 5039 Quiergo

2069 5075 2202 5117 suas
2238 5076 2411 5130 nugas
2438 5068 2493 5115 et
2520 5061 2714 5115 deliria
2744 5061 2810 5114 ad
2848 5069 3166 5116 sanctorum
3201 5062 3522 5116 memoriam
3554 5076 3643 5115 rei

2070 5156 2275 5222 ferunt,
2308 5172 2415 5225 qua
2447 5172 2556 5211 non
2584 5158 2728 5227 pleni
2756 5164 2885 5212 sunt
2906 5157 3318 5228 perturbatione
3344 5158 3368 5211 ἲ
3395 5174 3503 5228 qua
3532 5173 3638 5211 non

2068 5246 2402 5302 absurditate
2432 5246 2656 5302 referti?
2680 5247 2773 5317 qui
2812 5247 3086 5302 hominem
3124 5247 3180 5301 in
3206 5246 3480 5301 hominem
3510 5260 3641 5301 cva4

2065 5344 2282 5391 euatum
2296 5353 2417 5393 esse
2434 5340 2752 5408 opinantur,
2797 5349 2960 5409 etper
2984 5339 3088 5393 hoc
3129 5352 3253 5393 eum
3270 5337 3364 5409 qui
3404 5353 3505 5408 pro
3538 5347 3639 5391 sua

2066 5429 2374 5483 obedientia
2421 5430 2660 5500 seipsum
2694 5430 3006 5486 humiliavit
3056 5429 3286 5486 formam
3321 5428 3465 5485 servi
3487 5430 3637 5483 accia

2067 5519 2241 5589 piens,
2261 5520 2595 5577 eonformem
2615 5523 2928 5580 hominibus
2946 5521 3117 5580 fuisse
3128 5521 3291 5580 etiam
3315 5520 3637 5593 priusquam

458 5808 536 5879 (α)
578 5810 753 5868 Verba
783 5825 910 5873 sunt
942 5816 1193 5877 Eunomii
1228 5822 1489 5885 hzeretici.
1536 5824 1721 5885 Basilii
1751 5828 1933 5899 magni
1973 5829 2178 5901 scripta
2206 5829 2453 5887 refellere
2479 5830 2748 5886 conantis.
