4138 6364
427 373 532 427 €67

1627 363 1685 418 S.
1727 360 2050 416 GREGORII
2089 354 2381 415 NYSSENI

3575 333 3680 389 688

429 484 572 536 hanc
586 480 816 536 formam
849 478 1260 547 assumpsisset,
1296 484 1651 543 praestruunt.
1685 473 1730 528 Ο
1765 491 1857 527 vos
1877 490 1995 528 om-

2125 470 2146 524 b
2176 471 2391 524 πάντων
2421 466 2575 536 ὑμεῖς
2613 458 2972 533 ῥᾳθυμότατοι
2995 499 3008 522 ,
3040 451 3252 524 μορφὴν
3293 450 3428 520 ἔχων
3456 447 3640 500 δούλου
3659 485 3674 511 ,

425 574 577 628 nium
603 570 997 636 socordissimi,
1017 571 1108 639 qui
1133 569 1272 624 servi
1293 567 1526 622 formam
1561 568 1743 634 habet,
1769 565 2000 621 formam

426 663 568 718 servi
581 663 813 718 assumit
832 661 855 714 ?
872 661 1150 730 quomodo
1167 661 1292 730 quis
1308 661 1548 727 seipsum
1571 659 1707 714 ineo
1725 659 1871 728 quod
1887 659 2000 727 jam

425 762 509 809 est
535 753 909 808 exinanierit?
939 751 1152 806 Nullam
1168 753 1313 807 enim
1334 752 1400 804 ad
1433 752 1547 805 haec
1573 751 1865 805 invenietis
1884 765 2000 803 ma-

425 845 666 907 chinam,
686 844 808 898 sitis
831 844 959 898 licet
989 859 1113 898 cum
1135 843 1201 896 ad
1230 841 1520 896 dicendum
1547 850 1661 894 tum
1681 841 1744 894 ad
1761 842 1967 895 sentien
1983 871 2000 881 -

427 935 555 989 dum
571 935 933 1004 impossibilia
950 935 1327 989 audacissimi.
1349 932 1455 987 Sed
1473 935 1748 1002 quomodo
1767 948 1874 986 non
1887 946 2004 985 om-

426 1029 583 1081 nium
597 1042 695 1082 vos
713 1027 849 1082 estis
863 1027 1095 1081 maxime
1119 1025 1436 1089 miserandi,
1459 1025 1735 1079 hominem
1766 1039 1865 1094 pro
1887 1039 2004 1076 0m-

426 1117 592 1172 nibus
642 1117 958 1171 hominibus
1017 1131 1238 1186 passum
1267 1131 1388 1170 esse
1426 1115 1754 1184 opinantes,
1790 1117 2003 1183 ipsique

429 1210 650 1263 illorum
697 1209 1128 1278 redemptionem
1169 1207 1572 1262 altribuentes?
1623 1206 1678 1259 Si
1717 1206 1861 1259 enim
1897 1223 2002 1260 non

428 1298 690 1354 tleVerbo
719 1300 866 1368 quod
891 1307 1008 1352 erat
1034 1300 1088 1352 in
1122 1298 1410 1368 principio,
1439 1307 1493 1351 et
1517 1297 1660 1366 quod
1697 1296 1840 1350 Deus
1862 1309 2002 1359 erat,

431 1390 627 1446 beatus
671 1390 864 1446 Petrus
905 1390 1166 1452 disserit,
1217 1391 1314 1444 sed
1357 1389 1425 1443 de
1457 1405 1522 1442 co
1558 1389 1653 1458 qui
1691 1389 2002 1452 videbatur,

428 1490 486 1536 et
506 1483 599 1552 qui
639 1483 880 1551 seipsum
912 1482 1234 1546 exinanivit,
1278 1481 1421 1535 sicut
1473 1481 1551 1533 ait
1594 1480 1826 1534 Basilius
1859 1498 1872 1534 :
1909 1479 2007 1533 Se—

431 1573 613 1645 ipsum
655 1584 839 1629 autem
883 1573 1186 1629 exinanivit
1224 1573 1270 1627 is
1310 1573 1402 1642 qui
1431 1572 1721 1626 videbatur
1747 1571 1921 1625 homo
1954 1573 2005 1624 in

433 1665 581 1721 servi
635 1665 868 1719 fortnam
902 1681 915 1717 :
954 1665 1048 1734 qui
1105 1679 1233 1718 vero
1290 1664 1596 1719 exinanivit
1641 1664 1883 1733 seipsum
1941 1665 2006 1717 ad

433 1756 578 1810 servi
616 1755 871 1815 formam,
920 1755 986 1808 ad
1027 1754 1269 1810 hominis
1311 1755 1720 1824 generationem
1768 1754 2006 1824 seipsum

2113 561 2322 634 μορφὴν
2357 554 2725 626 ἀναλαμϐάνει
2768 550 2988 614 δούλου;
3016 544 3145 608 υΙΙῶς
3185 544 3229 596 δ’
3260 543 3450 634 άν-τις
3489 537 3680 591 ἑαυτὸν

2108 657 2188 716 εἰς
2210 652 2365 705 τοῦτο
2388 647 2673 702 κενώσειεν
2696 646 2831 713 ὅπερ
2853 639 2998 693 ἐστίν
3020 656 3034 703 ;
3067 638 3140 690 Οὐ
3181 633 3278 706 μὲν
3297 628 3390 687 οὖν
3420 631 3683 701 εὑρήσετε

2108 743 2312 797 τούτων
2343 739 2462 793 τινὰ
2496 735 2763 808 μηχανὴν,
2811 731 3010 799 καίπερ
3037 729 3186 790 ὄντες
3219 723 3480 795 τολμηροὶ
3503 720 3683 788 λέγειν

2109 835 2203 888 καὶ
2227 834 2441 904 φρονεῖν
2479 828 2755 897 ἀμήχανα.
2795 819 2917 884 Πῶς
2955 820 3011 873 δὲ
3039 819 3137 871 οὐκ
3165 814 3513 869 ὲλεεινότατοι
3547 810 3685 863 πάν-

2110 942 2216 978 των
2246 924 2424 992 ὑμεῖς,
2452 918 2736 988 ἄνθρωπον
2774 913 2913 982 ὑπὲρ
2943 910 3198 964 ἁπάντων
3226 903 3537 975 ἀνθρώπων
3583 917 3683 952 πε-

2112 1015 2361 1068 πονθέναι
2395 1010 2737 1076 δοξάζοντες,
2765 1005 2860 1059 καὶ
2896 1002 3069 1070 τούτῳ
3119 999 3218 1070 τὴν
3257 995 3465 1049 ὲαυτῶν
3497 995 3684 1047 ἀνατι-

2113 1110 2296 1170 θέντες
2326 1106 2628 1177 λύτρωσιν;
2661 1103 2724 1156 Εἰ
2761 1098 2868 1168 γὰρ
2892 1097 2965 1168 μὴ
3004 1093 3132 1164 περὶ
3163 1089 3254 1144 τοῦ
3279 1092 3334 1142 έν
3365 1088 3507 1157 ἀρχῇ
3534 1085 3685 1177 ὄντος

2111 1195 2282 1263 Λόγου
2331 1173 2594 1246 καί-Θεοῦ
2629 1189 2778 1252 ὄντος
2831 1188 2859 1239 6
2918 1184 3183 1256 μακάριος
3235 1177 3536 1245 διαλέγεται
3582 1173 3686 1226 Πέ-

2110 1305 2237 1358 τρος
2268 1329 2282 1350 ,
2329 1285 2462 1338 ἀλλὰ
2513 1280 2766 1353 περὶτοῦ
2819 1276 3147 1349 βλεπομένου
3215 1271 3308 1326 καὶ
3354 1268 3689 1328 κενώσαντος

2113 1355 2320 1443 ἑαυτὸν,
2347 1375 2532 1439 καθώς
2565 1391 2695 1443 φησι
2743 1370 3020 1430 Βασίλειος
3041 1383 3055 1399 ο
3097 1363 3394 1417 Ἐκένωσεν
3426 1359 3481 1412 δὲ
3508 1359 3536 1410 6
3567 1355 3688 1426 βλε-

2114 1469 2347 1538 πόμενος
2398 1465 2682 1534 ἄνθρωπος
2716 1459 2907 1512 ἑαυτὸν
2950 1459 3028 1520 εἰς
3083 1454 3268 1507 δούλου
3308 1445 3691 1538 μορφήνορδὲ

2114 1535 2358 1620 κενώσας
2404 1552 2592 1608 ἑαυτὸν
2644 1548 2948 1614 εἰς’δούλου
2998 1544 3244 1616 μορφὴν,
3282 1543 3360 1604 εἰς
3402 1535 3688 1608 ἀνθρώπου

2115 1652 2324 1720 γένεσιν
2381 1647 2646 1700 ἐκένωσεν
2691 1641 2882 1695 ’ἑαυτὸν
2908 1681 2922 1704 ,
2963 1641 2991 1692 6
3034 1635 3365 1707 βλεπόμενος
3407 1629 3690 1699 ἄνθρωπος

2117 1744 2195 1806 εἰς
2216 1739 2502 1812 ἀνθρώπου
2551 1736 2763 1805 γένεσιν
2813 1732 3078 1785 ἐκένωσεν
3114 1726 3324 1781 ἑαυτόν.
3369 1721 3504 1775 Ἀλλ’
3545 1721 3692 1773 ἀντι-

432 1846 741 1902 exinanivit
769 1864 781 1900 :
812 1846 979 1916 igitur
1012 1846 1104 1915 qui
1147 1845 1260 1916 jam
1294 1845 1590 1899 videbatur
1622 1847 1782 1899 homo
1813 1845 1878 1898 ad
1913 1846 2011 1898 hu-

2125 1835 2350 1906 μάχεται
2399 1832 2498 1902 μὲν
2549 1828 2761 1889 τούτοις
2805 1826 2896 1878 καὶ
2942 1821 3081 1892 αὐτὴ
3130 1820 3238 1872 τῶν
3281 1813 3621 1888 πραγμάτων
3653 1813 3689 1880 ἡ

432 1939 600 1993 minis
650 1942 1059 2009 generationem
1120 1937 1423 1992 exinanivit
1465 1937 1732 2006 seipsum.
1802 1936 1908 1991 Sed
1959 1945 2011 1989 et

433 2032 552 2102 ipsa
603 2047 786 2086 rerum
848 2042 1046 2084 natura
1112 2036 1381 2099 repugnat
1445 2029 1618 2098 ipsis,
1684 2027 2011 2082 contradicit

431 2124 599 2177 etiam
633 2122 924 2176 manifeste
967 2123 1011 2175 is
1056 2121 1175 2190 ipse
1222 2120 1318 2188 qui
1364 2120 1508 2173 hanc
1537 2119 2009 2189 dispensationem

434 2214 492 2266 in
546 2228 646 2268 sua
691 2218 986 2288 Τιιεοιοεῖει
1028 2210 1366 2277 celebravit;
1413 2225 1522 2263 non
1571 2226 1694 2264 eum
1737 2210 2010 2264 hominem

435 2305 526 2373 qui
579 2305 902 2367 videbatur,
941 2304 1034 2358 sed
1091 2304 1270 2370 ipsum
1299 2301 1543 2356 Verbum
1587 2301 1736 2370 quod
1783 2308 1903 2356 erat
1957 2301 2012 2354 in

433 2396 731 2466 principio,
767 2404 821 2449 et
867 2395 960 2463 qui
996 2392 1139 2448 Deus
1180 2403 1321 2458 erat,
1364 2409 1588 2448 carnem
1641 2395 2015 2463 assumpsisse

434 2487 629 2542 (licens
657 2506 669 2541 :
702 2487 846 2556 quod
903 2487 1126 2555 quidem
1167 2487 1288 2541 aliis
1334 2487 1518 2540 verbis
1547 2485 1690 2541 idem
1737 2497 1821 2541 est
1866 2501 1929 2540 ac
1968 2487 2013 2541 si

435 2579 663 2641 diceret,
716 2578 861 2632 servi
899 2576 1130 2631 formam
1185 2577 1509 2644 sumpsisse.
1542 2575 1646 2642 Qui
1697 2575 1863 2646 igitur
1902 2577 2016 2630 hch

437 2671 729 2726 credibilia
755 2670 1106 2731 existimatis,
1143 2669 1210 2721 ab
1239 2683 1428 2723 errore
1464 2667 1750 2730 discedite,
1782 2666 2016 2722 desinite

441 2760 719 2814 hominem
757 2758 1101 2813 exinanitum
1153 2772 1278 2812 esse
1327 2757 1566 2826 opinari.
1609 2755 1767 2822 Quod
1816 2756 1862 2811 si
1907 2771 2012 2809 non

440 2851 673 2920 potestis
708 2849 1010 2904 incredulis
1061 2848 1413 2917 persuadere,
1462 2849 1633 2902 altera
1667 2863 1800 2902 voce
1841 2857 1894 2902 et
1933 2862 2018 2901 se-

439 2942 618 2998 cunda
653 2943 926 2997 sententia
963 2940 1250 3010 perlidiam
1292 2939 1408 2993 sive
1440 2938 1877 2994 incredulitatem
1911 2939 2014 2991 sol-

438 3036 568 3090 vite.
599 3035 658 3088 lu
691 3034 1010 3088 memoriam
1044 3042 1298 3087 revocate
1336 3048 1460 3086 eum
1496 3031 1588 3100 qui
1621 3032 1761 3085 dixit
1789 3049 1802 3085 :
1837 3031 1940 3096 Qui
1967 3031 2019 3083 in

440 3131 616 3196 forma
650 3127 747 3181 Dei
789 3143 908 3180 cum
954 3136 1110 3190 esset,
1167 3142 1270 3178 non
1314 3125 1559 3192 rapinam
1607 3122 1902 3176 arbitratus
1943 3133 2020 3175 est

2114 1905 2272 1997 φύσις
2301 1945 2314 1957 ·
2345 1923 2762 1992 ἀντιφθέγγεται
2800 1918 2855 1970 δὲ
2890 1912 3204 1984 περιφανῶς
3240 1910 3331 1964 καὶ
3367 1906 3528 1968 αὐτὸς
3557 1905 3688 1997 ὁρτῇ

2115 1996 2361 2088 θεολογίᾳ
2382 2016 2478 2087 τὴν
2499 2013 2805 2083 οἰκονομίαν
2823 2008 3025 2076 ταύτην
3055 2007 3300 2074 ὑμνήσας
3321 2017 3333 2030 '
3363 2000 3422 2053 οὐ
3456 1998 3548 2051 τὸν
3576 1996 3692 2066 βλε-

2115 2111 2347 2180 πόμενον
2377 2107 2680 2177 ἄνθρωπον,
2712 2103 2827 2157 ἀλλ’
2862 2100 3022 2154 αὑτὸν
3053 2098 3142 2150 τὸν
3181 2097 3236 2147 ἐν
3265 2095 3406 2164 ἀρχῇ
3436 2091 3566 2144 ὄντα
3586 2089 3692 2142 Λό-

2115 2219 2230 2270 γον,
2259 2200 2350 2254 καὶ
2379 2199 2509 2251 Θεὸν
2543 2197 2689 2254 ὄντα,
2736 2195 2912 2264 σάρκα
2944 2186 3292 2258 ἀνειληφέναι
3323 2184 3495 2250 λέγων
3517 2198 3528 2211 ·
3555 2181 3692 2248 ὅπερ

2116 2293 2300 2355 ἄλλαις
2348 2291 2549 2360 φωναῖς
2587 2283 2704 2340 ἶσόν
2739 2287 2852 2337 ἐστι
2897 2281 2975 2352 τῷ
3018 2279 3231 2350 μορφὴν
3259 2275 3446 2329 δούλου
3483 2271 3690 2325 λαϐεῖν.

2117 2387 2178 2440 Οἳ
2224 2387 2320 2456 μὲν
2355 2381 2445 2437 οὖν
2491 2381 2662 2434 ταῦτα
2713 2376 2960 2448 νομίζετε
3000 2372 3202 2433 πιστὰ,
3253 2365 3547 2440 μετάθεσθε
3596 2360 3694 2414 τοῦ

2119 2479 2350 2539 πλάνου,
2387 2471 2669 2528 παύσασθε
2704 2471 2793 2522 τὸν
2825 2468 3109 2536 ἄνθρωπον
3153 2463 3232 2525 εἰς
3283 2457 3566 2529 ἄνθρωπον
3600 2471 3694 2508 κε-

2118 2568 2383 2623 κενῶσθαι
2417 2563 2748 2630 δοξάζοντες.
2785 2561 2846 2612 Ei
2877 2557 2932 2610 δὲ
2963 2556 3061 2625 οὐχ
3102 2552 3273 2607 ἱκανοί
3325 2552 3448 2602 ὲστε
3490 2545 3698 2598 πείθειν

2117 2661 2377 2721 ἀπίστους
2398 2699 2412 2723 ,
2454 2655 2617 2726 ἑτέρᾳ
2661 2654 2809 2721 φωνῇ
2853 2650 2948 2702 καὶ
2982 2645 3208 2715 δευτέρᾳ
3241 2643 3405 2712 ψήφῳ
3437 2637 3537 2709 τὴν
3573 2638 3698 2689 άπι-

2121 2753 2272 2806 στίαν
2299 2750 2517 2803 λύσατε.
2560 2742 2973 2814 Ὑπομνήσθητε
3015 2738 3107 2792 τοῦ
3159 2737 3461 2805 φήσαντος·
3500 2731 3606 2792 Ὃς
3631 2729 3702 2780 ἐν

2116 2841 2316 2912 μορφῇ
2373 2838 2519 2894 Θεοῦ
2557 2835 2865 2904 ὑπάρχων.
2921 2833 3031 2897 οὐχ
3066 2823 3379 2896 ἁρπαγμὸν
3425 2819 3702 2912 ἡγήσατο

2121 2907 2204 2988 τὸ-
2222 2907 2371 2986 έῖιλαι
2399 2927 2506 2984 ἷσα
2549 2925 2690 2992 Θεῷ,
2732 2923 2869 2978 ἀλλ’
2909 2919 3125 2975 ἑαυτὸν
3168 2915 3429 2970 ὲκένωσε
3461 2907 3706 2980 μορφὴν

2121 3027 2345 3081 δούλου
2375 3020 2604 3076 λαϐὼν·
2641 3018 2701 3071 ού
2753 3017 2862 3085 γάρ
2909 3015 3055 3066 ἐστιν
3087 3006 3389 3076 ἀνθρώπων
3429 3002 3606 3062 οὐδεὶς
3631 2999 3694 3062 ὃς

2122 3115 2309 3168 τοῦτον
2338 3109 2677 3165 οἰκειώσεται
2729 3105 2820 3158 τὸν
2869 3102 3044 3169 λόγον.
3089 3096 3276 3158 Οὐδεὶς
3317 3093 3428 3146 τῶν
3477 3090 3698 3143 πώποτε

439 3237 550 3274 ωδε
592 3235 645 3272 se
706 3219 963 3289 wqualem
1013 3215 1158 3280 Deo,
1207 3214 1296 3268 sed
1351 3214 1685 3280 semetipsum
1734 3214 2019 3266 exiuanivit

2129 3205 2432 3277 γενομένων
2462 3200 2653 3270 ἁγίων,
2693 3193 2982 3270 μονογενὴς
3005 3188 3073 3262 ἦν
3098 3189 3259 3250 Θεὸς,
3293 3183 3582 3289 γενόμενος
3615 3180 3708 3234 άν-

442 3310 672 3379 formam
703 3309 837 3362 servi
861 3307 1121 3375 accipiens
1138 3306 1180 3358 ⁸.
1207 3305 1402 3358 Nullus
1423 3305 1568 3358 enim
1593 3314 1678 3358 est
1712 3305 2021 3371 hominum,

443 3403 538 3470 qui
565 3402 712 3455 hunc
754 3401 858 3456 sibi
899 3400 1137 3454 vindicet
1170 3408 1224 3454 et
1254 3398 1584 3465 peculiarem
1610 3396 2023 3453 faciat-sermo-

444 3511 596 3550 nem.
631 3492 829 3548 Nullus
852 3506 1096 3562 unquam
1123 3499 1443 3546 sanctorum
1474 3489 1570 3558 qui
1612 3489 1854 3552 fuerunt,
1886 3487 2026 3542 Uni-

447 3588 666 3655 geuitus
700 3586 806 3640 fuit
834 3585 1002 3648 Deus,
1055 3585 1221 3638 homo
1257 3583 1458 3636 factus.
1500 3580 1615 3635 Hoc
1656 3581 1802 3635 enim
1851 3589 1937 3636 est
1971 3581 2025 3634 in

446 3680 624 3734 forma
670 3677 780 3736 Dei
800 3675 1161 3730 exsistentem
1213 3671 1360 3727 servi
1415 3671 1646 3724 formam
1680 3685 1919 3725 sumere.
1967 3668 2027 3724 Si

448 3771 618 3841 igitur
647 3770 714 3824 de
744 3784 810 3824 eo
837 3767 930 3836 qui
967 3765 1325 3834 semetipsum
1353 3761 1421 3816 ad
1447 3761 1681 3816 formam
1723 3761 1872 3816 servi
1907 3761 2026 3815 exi-

447 3863 661 3916 nanivit
701 3861 892 3914 beatus
941 3857 1141 3912 Petrus
1187 3856 1461 3910 disserit:
1519 3853 1878 3923 semetipsum
1927 3868 2028 3906 au.

446 3959 558 4002 tem
589 3949 656 4002 ad
693 3947 839 4002 servi
893 3945 1126 4000 formam
1179 3943 1484 3998 exinanivit
1526 3944 1618 4011 qui
1673 3945 1725 3996 in
1759 3942 2031 4012 principio

447 4049 568 4096 erat
598 4039 864 4102 Verbum,
909 4045 965 4092 et
1012 4036 1158 4091 Deus
1187 4037 1281 4105 qui
1325 4044 1411 4092 est
1457 4035 1827 4105 Unigenitus;
1873 4034 1940 4088 de
1964 4048 2032 4088 eo

449 4137 545 4201 qui
587 4141 708 4188 erat
744 4134 796 4186 in
847 4131 1119 4200 principio
1146 4138 1200 4184 et
1246 4130 1388 4184 Deus
1430 4137 1570 4191 erat,
1607 4129 1802 4182 beatus
1836 4126 2032 4181 Petrus

450 4221 696 4284 disserit,
759 4229 812 4273 et
854 4221 1001 4272 hunc
1036 4219 1198 4273 docet
1244 4217 1446 4272 factum
1497 4232 1621 4272 esse
1655 4216 1944 4269 Dominum
1981 4223 2034 4268 et

451 4311 734 4365 Christum
767 4311 834 4363 “.
879 4310 1035 4363 Hauc
1096 4307 1318 4378 quidem
1381 4321 1623 4377 pugnam
1676 4305 1792 4375 ipse
1845 4319 2036 4359 secum

457 4411 642 4458 versat
673 4401 933 4466 Basilius,
969 4407 1024 4454 et
1057 4400 1204 4454 clare
1233 4398 1495 4462 ostendit,
1530 4413 1710 4467 neque
1740 4396 2033 4458 intentioni

454 4495 572 4550 sive
609 4494 894 4548 sententia;
945 4491 1320 4562 apostolorum
1363 4505 1521 4546 suam
1573 4497 1811 4544 mentem
1857 4495 2028 4541 atten-

455 4595 568 4640 tam
617 4586 870 4648 reddere,
925 4599 1106 4654 neque
1162 4598 1390 4639 suorum
1437 4594 1758 4638 sermonum
1810 4595 2029 4633 servare

457 4679 912 4748 consequentiam
949 4693 1057 4732 :ex
1094 4676 1295 4746 quibus
1325 4675 1411 4729 vel
1447 4673 1881 4744 inatqualitatem
1916 4685 2036 4726 ser-

458 4772 638 4827 monis
685 4771 771 4825 sui
809 4768 1273 4834 animadvertens,
1327 4765 1583 4821 concedit
1614 4781 1740 4820 eum
1773 4765 1868 4835 qui
1915 4771 2036 4818 erat

458 4865 514 4918 in
561 4862 837 4933 principio
890 4862 1150 4926 Verbum,
1199 4869 1255 4915 et
1301 4859 1472 4914 Deum
1516 4859 1611 4929 qui
1663 4868 1800 4922 erat,
1828 4857 2033 4911 factum

457 4971 582 5010 esse
634 4955 948 5020 Dominum,
1003 4954 1086 5008 vel
1142 4953 1512 5022 pugnantibus
1555 4952 1855 5022 pugnantia
1897 4964 2033 5004 con-

459 5060 650 5106 suens,
693 5052 747 5098 et
786 5044 839 5103 in
874 5045 960 5098 his
991 5044 1334 5099 eontentiose
1363 5059 1714 5112 permanens,
1750 5043 1856 5095 alia
1893 5042 2037 5111 adji-

459 5134 568 5188 ciet
612 5133 898 5187 hostiliora
935 5153 949 5188 :
982 5133 1122 5188 duos
1165 5140 1420 5188 astruens
1468 5147 1592 5188 esse
1649 5131 1926 5194 Christos,
1983 5139 2038 5185 et

462 5225 602 5279 duos
646 5223 910 5279 Dominos
939 5243 952 5278 ε
985 5225 1034 5280 si
1072 5224 1218 5279 enim
1249 5223 1388 5278 alter
1421 5223 1640 5293 quidem
1674 5222 1767 5291 qui
1804 5230 1925 5276 erat
1974 5220 2029 5274 in

461 5317 737 5386 principio
789 5314 934 5371 Deus
987 5314 1230 5369 Verbum
1272 5334 1284 5369 :
1329 5315 1467 5370 alter
1510 5330 1640 5370 vero
1688 5314 1784 5384 qui
1838 5322 2041 5369 semet-

465 5411 644 5476 ipsum
673 5407 978 5462 exinanivit
1003 5415 1058 5462 et
1088 5406 1323 5461 formam
1371 5407 1514 5463 servi
1549 5407 1885 5477 assumpsit;
1933 5404 2039 5460 Do-

464 5500 650 5553 minus
693 5509 872 5552 autem
909 5509 962 5552 et
998 5499 1143 5555 Deus
1185 5499 1423 5554 Verbum
1465 5515 1562 5569 per
1595 5513 1758 5569 quem
1813 5499 2034 5564 omnia;

467 5585 738 5640 Dominus
771 5594 1032 5641 autemet
1079 5587 1334 5644 Christus
1383 5587 1473 5644 hic
1507 5587 1667 5645 Jesus
1712 5589 1806 5660 qui
1847 5587 2028 5644 cruci-

581 5769 602 5802 ⁵
630 5761 862 5842 Philipp.
882 5785 948 5837 -ιι,
977 5769 1030 5824 6.
1109 5770 1153 5800 "
1187 5768 1306 5822 Act.
1345 5782 1405 5833 ιι,
1437 5764 1525 5820 36.

2127 3275 2364 3372 θρωπος.
2398 3293 2567 3348 Τοῦτο
2592 3291 2700 3360 γάρ
2737 3290 2883 3340 ἐστιν
2904 3287 2960 3338 ὲν
2999 3283 3176 3353 μορφῇ
3201 3276 3334 3372 Θεοῦ
3372 3275 3705 3372 ὸπάρχρντα,

2130 3361 2342 3463 μορφὴν
2368 3385 2553 3439 δούλου
2586 3382 2792 3435 λαϐεῖν.
2828 3379 2892 3430 Εἰ
2929 3375 3108 3428 τοίνυν
3156 3369 3284 3439 περ)⁵
3313 3363 3408 3419 τοῦ
3439 3361 3709 3417 κενώσαν-

2128 3453 2216 3547 τος
2251 3453 2449 3534 έάυτὸν
2488 3478 2567 3540 εἰς
2603 3474 2702 3546 τὴν
2731 3471 2825 3525 τοῦ
2877 3467 3065 3522 δούλου
3111 3460 3324 3532 μορφὴν
3371 3458 3399 3508 ὁ
3441 3453 3710 3547 μακάριος

2125 3545 2428 3641 διαλέγεται
2458 3545 2695 3636 Πέτρος·
2731 3564 2961 3616 ὲκένωσε
2996 3559 3052 3611 δὲ
3075 3554 3264 3609 ἑαυτὸν
3295 3553 3374 3614 είς
3394 3550 3491 3620 τὴν
3519 3545 3709 3641 δούλου

2132 3635 2342 3737 μορφήν
2381 3665 2409 3716 6
2435 3665 2491 3714 ὲν
2515 3635 2654 3730 ἀρχῇ
2685 3655 2758 3708 ὣν
2791 3654 2981 3721 Λόγος,
3007 3650 3101 3702 καὶ
3129 3647 3260 3707 Θεὸς
3282 3643 3357 3696 ὢν
3393 3635 3704 3737 μονογενὴς,

2288 3731 2382 3808 τοῦ
2432 3755 2489 3806 ὲν
2531 3752 2671 3821 ἀρχῇ
2711 3747 2860 3808 δντος
2891 3743 2985 3797 καὶ
3021 3740 3155 3795 Θεοῦ
3194 3738 3344 3828 ὖντος
3372 3736 3402 3787 ὁ
3441 3731 3709 3828 μακάριος

2129 3849 2433 3915 διαλέγεται
2493 3843 2733 3912 Πέτρος,
2767 3838 2860 3891 καὶ
2908 3834 3095 3887 τοῦτον
3141 3827 3444 3882 ἐκδιδάσκει
3491 3819 3708 3891 γεγονέ-
3762 3878 3775 3888 ,

2129 3959 2218 3995 ναι
2258 3913 2460 4008 Κύριον
2501 3935 2594 3988 καὶ
2627 3928 2877 4001 Χριστόν.
2917 3924 3134 3993 Ταύτην
3181 3919 3360 3991 μέντοι
3387 3915 3488 3985 τὴν
3525 3913 3710 4008 μάχην

2132 4031 2292 4093 αὐτὸς
2347 4001 2483 4099 πρὸς
2539 4022 2727 4078 ἑαυτὸν
2766 4016 3089 4087 ἀναστρέφει
3136 4009 3417 4099 Βασίλειος
3455 4003 3550 4057 καὶ
3588 4001 3706 4099 Δδεί-

2133 4139 2324 4178 κνυται
2374 4117 2581 4186 σαφῶς,
2615 4113 2737 4167 οὔτε
2789 4109 2868 4180 τῷ
2914 4106 3212 4177 βουλήματι
3252 4099 3358 4153 τῶν
3397 4094 3710 4150 ἀποστόλων

2133 4215 2227 4268 τὸν
2253 4210 2445 4266 ἑαυτοῦ
2475 4208 2598 4262 νοῦν
2632 4204 2953 4272 ἐπιστήσας,
2987 4196 3112 4250 οὔτε
3152 4193 3260 4247 τῶν
3289 4190 3505 4244 οἰκείων
3537 4186 3711 4254 λόγων

2136 4305 2419 4376 φυλάττων
2465 4301 2563 4370 τὴν
2609 4295 2962 4351 ἀκολουθίανο
2993 4289 3052 4353 ἐξ
3094 4282 3168 4340 ὧν
3219 4285 3252 4354 ἢ
3296 4278 3711 4376 συναισθόμενος

2136 4367 2233 4468 τῆς
2261 4367 2572 4464 ἀνωμαλίας
2620 4386 2962 4456 συγχωρήσει
3001 4379 3091 4432 τὸν
3118 4379 3174 4430 ὲν
3217 4371 3516 4468 ἀρχῇιδντα
3540 4367 3710 4468 Λόγον

2261 4454 2393 4538 Θεὸν
2422 4484 2551 4535 ὄντα
2591 4454 2872 4548 γεγονέναι
2899 4470 3102 4540 Κύριον
3120 4507 3133 4530 ,
3170 4459 3496 4535 μαχομένοις
3544 4454 3711 4526 μαχό-

2143 4596 2277 4650 μενα
2313 4575 2597 4629 συνάπτων
2628 4570 2722 4624 καὶ
2769 4565 2978 4625 τούτοις
3011 4557 3340 4631 παραμένων
3374 4550 3710 4622 φιλονείκως,

2133 4637 2300 4740 ἐτερα
2356 4664 2654 4738 προσθήσει
2701 4653 3079 4727 πολεμιώτερα
3111 4665 3124 4678 ·
3161 4648 3256 4702 δύο
3290 4637 3715 4700 κατασκευάζων

2135 4727 2274 4815 εἷνάι
2311 4727 2709 4829 Χριστοὺς,καὶ
2744 4749 2837 4802 δύο
2881 4744 3150 4817 Κυρίους·
3189 4740 3236 4791 εἰ
3259 4737 3374 4829 γὰρ.
3399 4735 3584 4829 ἕτερος
3611 4727 3714 4829 μέν

2135 4857 2163 4907 ὁ
2187 4857 2243 4906 ὲν
2266 4817 2406 4923 ἀρχῇ
2430 4848 2504 4900 ὢν
2533 4817 2664 4908 Θεὸς
2680 4842 2878 4910 Λόγος*
2909 4838 3094 4907 ἕτερος
3119 4832 3173 4884 δὲ
3196 4830 3224 4882 6
3249 4826 3490 4923 κενώσας
3524 4817 3714 4923 ἑαυτὸν

2141 4947 2234 4998 καὶ
2269 4912 2482 5014 μορφὴν
2509 4938 2690 4992 δούλου
2719 4930 2917 4986 λαὸώψ
2937 4927 3141 4996 Κύριος
3159 4922 3216 4974 δὲ
3233 4920 3326 5014 καὶ
3345 4919 3374 4970 6
3392 4916 3523 5014 Θεὸς
3545 4912 3716 5014 Λόγος

2141 5036 2206 5089 δι’
2224 5000 2284 5089 ού
2306 5000 2375 5087 τά
2390 5000 2571 5085 πάντα
2591 5045 2604 5057 ·
2640 5026 2844 5094 Κύριος
2870 5022 2927 5075 δὲ
2952 5017 3047 5072 καὶ
3067 5017 3095 5067 6
3120 5010 3351 5084 Χριστὸς
3383 5000 3537 5067 οὗτος
3561 5004 3590 5055 6
3622 5001 3717 5094 ‘Al'q-

2144 5126 2291 5192 σούς,
2311 5126 2340 5177 6
2375 5119 2703 5190 σταυρωθείς
2723 5092 2742 5180 ,-
2768 5111 2905 5185 μετά
2929 5111 2989 5163 τὸ
3015 5104 3265 5177 γενέσθαι
3295 5101 3363 5192 τά
3391 5097 3600 5192 πάντας
3611 5092 3718 5192 δύο

2142 5220 2263 5275 κατ’
2291 5216 2450 5271 αὐτὸν
2481 5211 2669 5282 Κύριοι
2701 5207 2796 5262 καὶ
2828 5200 3070 5276 Χριστοί.
3093 5196 3290 5250 Τοῦτον
3314 5191 3410 5262 μὲν
3432 5183 3524 5241 οὖν
3543 5182 3718 5243 οὐδεὶς

2145 5309 2544 5383 παραιτήσεται
2592 5302 2748 5370 λόγος
2783 5298 2880 5368 τῆς
2930 5293 3072 5348 οὓτω
3111 5281 3439 5359 περιφανοῦς
3469 5278 3718 5383 βλασφη-

2153 5364 2300 5474 μίας.
2333 5364 2398 5454 Εἰ
2437 5399 2494 5452 δὲ
2531 5413 2615 5458 τις
2662 5364 3242 5453 τοῦτο-συνιστάμενος
3280 5375 3412 5474 φαίη
3435 5364 3719 5474 τὸίθναύτὸν

2153 5459 2421 5570 μὲννείναι
2455 5493 2545 5545 τὸν
2575 5491 2631 5543 ὲν
2671 5487 2812 5558 ἀρχῇ
2844 5481 3014 5549 Λόγον
3043 5476 3137 5532 καὶ
3172 5469 3460 5570 γενόμενον
3494 5459 3719 5570 litigo".

2149 5551 2290 5644 κατὰ
2317 5586 2372 5639 δὲ
2403 5585 2502 5656 τὴν
2529 5585 2585 5636 ἐν
2620 5551 3123 5651 σαρκί-’παρουσίαν
3171 5556 3495 5634 γεγενῆσθαι
3519 5551 3723 5626 Κύριον
