4138 6364
438 396 543 453 689

432 604 537 675 τῆς
565 606 623 657 ὲν
653 608 815 678 σαρκὶ
861 614 1163 680 παρουσίας
1193 615 1266 688 μὴ
1308 614 1446 672 εἶναι
1476 620 1567 674 τὸν
1614 624 1739 678 Υίὸν
1789 604 2015 701 Κύριον.

447 695 606 748 Ἀλλά
635 698 743 769 γὰρ
771 700 820 752 εί
861 705 952 757 καὶ
970 705 1259 779 Βασιλείῳ,
1293 713 1386 765 καὶ
1415 715 1529 776 τοῖς
1558 716 1679 769 κατ’
1704 695 2019 774 αὐτὸν-ἀπί-

435 803 581 851 στοις
606 788 700 840 δύο
733 790 929 861 Κύριοι
976 796 1068 849 καὶ
1100 799 1328 870 Χριστοὶ
1372 806 1833 872 καταγγέλλονται
1880 808 2015 878 ψευ-

430 876 558 943 δῶς,
590 880 706 933 ἀλλ’
736 884 868 953 ἡμῖν
897 902 960 953 γε
990 881 1070 952 εἷς
1099 889 1302 961 Κύριος
1346 895 1439 945 καὶ
1471 897 1821 967 Χριστὸς,.δι’
1846 876 1907 953 οῦ
1947 903 2017 956 τά

432 970 610 1024 πάντα
642 973 883 1043 γέγονεν,
907 979 969 1031 ού
998 980 1139 1036 κατὰ
1160 986 1439 1058 προκοπὴν
1468 990 1757 1059 γενόμενος
1786 994 2011 1064 Κύριος,

431 1064 572 1120 ἀλλά
623 1067 731 1138 πρὸ
770 1070 951 1144 πάσης
987 1075 1239 1143 κτίσεως,
1275 1080 1369 1133 καὶ¹
1406 1083 1510 1152 πρὸ
1551 1085 1769 1139 πάντων
1802 1089 2013 1143 αἰώνων

432 1160 672 1225 ὑποστὰς
701 1163 906 1236 Κύριος
948 1167 1261 1238 Ἰησοῦς,δι’
1288 1168 1349 1227 οὗ
1378 1175 1447 1228 τὰ
1477 1177 1671 1230 πάντα’
1691 1179 1848 1233 τοῦτο
1881 1183 2015 1235 πάν-

427 1268 538 1305 των
560 1256 708 1325 ἡμᾶς
743 1256 852 1310 τῶν
878 1259 1048 1327 ἁγίων
1094 1263 1400 1331 συμφώνως
1429 1268 1877 1337 ἐκδιδασκόντων,
1918 1275 2014 1328 καὶ

429 1345 906 1413 καταγγειλάντων
953 1350 1237 1419 δογμάτων
1273 1355 1334 1407 τὸ
1372 1357 1685 1413 κάλλιστον.
1717 1364 1785 1414 ’⁸0
1812 1381 1872 1415 τε
1903 1364 2013 1437 γάρ

428 1437 697 1508 μακάριος
752 1439 999 1513 Ἰωάννης
1026 1444 1116 1496 τὸν
1154 1446 1285 1499 Θεὸν
1319 1449 1512 1517 Λόγον,
1546 1452 1611 1504 δι’
1643 1448 1715 1509 οῦ.
1735 1456 1803 1510 τὰ
1834 1459 2012 1510 πάντα

425 1524 667 1592 γέγονεν,
701 1528 758 1580 ὲν
788 1531 950 1597 σαρκὶ
978 1534 1307 1603 γεγενῆσθαι
1339 1537 1597 1599 διδάσκει,
1628 1541 1827 1610 λέγων’
1852 1548 1960 1600 Καὶ
1979 1551 2012 1601 o'

424 1616 616 1685 Λόγος
641 1618 803 1687 σὰρξ
823 1620 1059 1690 ἐγένετο
1079 1642 1091 1653 ·
1126 1626 1167 1677 6.,
1190 1644 1247 1678 τε
1288 1629 1732 1699 θαυμασιώτατος
1774 1637 2007 1701 Παῦλος,

421 1709 502 1769 εἰς
534 1712 1029 1784 ταπεινοφροσύνην
1059 1717 1268 1786 ἐνάγων
1296 1722 1421 1786 τοὺς
1464 1725 1828 1796 προσέχοντας
1862 1731 2009 1801 αὐτῷ

418 1800 511 1853 τὸν
536 1801 678 1866 νοῦν,
725 1805 960 1874 Χριστὸν
1005 1810 1208 1881 Ἰησοῦν
1246 1813 1392 1881 λέγει
1427 1817 1518 1869 τὸν
1549 1819 1608 1870 ὲν
1643 1825 1826 1892 μορφῇ
1871 1800 2007 1877 Θεοῦ

420 1892 734 1963 ὑπάρχοντα
756 1937 771 1960 ,
806 1899 899 1951 καὶ
953 1902 1269 1958 κενώσαντα
1304 1906 1493 1960 ἑαυτὸν
1534 1911 1614 1974 εἰς
1655 1910 1843 1965 δούλου

419 1981 545 2054 φὴν,
576 1985 677 2038 καὶ
703 1991 1139 2046 ταπεινωθέντας
1152 1996 1329 2065 μέχρι
1350 1998 1628 2067 θανάτου,
1652 1981 1913 2059 Bay-circi)
1934 1981 2003 2058 δὲ

415 2079 684 2146 σταυροῦ
706 2095 718 2109 ⁸
765 2083 860 2135 καὶ
891 2083 1053 2138 πάλιν
1089 2088 1147 2139 ὲν
1184 2088 1426 2162 ἑτέροις,
1448 2093 1669 2164 Κύριον
1704 2097 1802 2167 τῆς
1842 2099 2002 2170 δόξης

415 2168 671 2238 ὀνομάζει
701 2171 792 2225 τὸν
817 2178 1217 2247 σταυρωθέντα.
1247 2186 1317 2238 Εἰ
1345 2184 1456 2253 γὰρ
1489 2187 1785 2255 ἔγνωσαν,
1812 2168 1997 2261 φησὶν,

414 2263 525 2314 οὐκ
553 2261 630 2315 ἂν
656 2263 764 2317 τὸν
804 2269 1022 2336 Κύριον
1060 2270 1167 2338 τῆς
1211 2275 1397 2343 δόξης
1427 2277 1822 2349 ἐσταύρωσαν
1842 2300 1856 2316 ’
1906 2288 2001 2338 καὶ

414 2351 549 2404 πολύ
589 2370 652 2421 γε
702 2354 889 2411 τούτου
944 2362 1281 2435 γυμνότερον
1320 2368 1491 2438 αὐτὴν
1524 2370 1623 2441 τὴν
1660 2371 1848 2427 οὐσίαν
1878 2376 1997 2428 ovo-

418 2442 578 2512 μάζει
635 2448 862 2519 Κύριον,
908 2452 1105 2506 εἰπών·
1151 2454 1213 2507 '0
1264 2456 1333 2509 δὲ
1386 2460 1601 2529 Κύριος
1640 2463 1708 2515 τὸ
1762 2465 1998 2535 πνεῦμά

412 2535 602 2592 ἐστιν.
655 2539 719 2593 Εἰ
750 2543 932 2595 τοίνυν
962 2546 1019 2596 ὲν
1065 2546 1205 2618 ἀρχῇ
1242 2549 1435 2617 Λόγος,
1466 2552 1601 2606 καθὸ
1634 2554 1870 2625 πνεῦμα,
1887 2559 1999 2611 Κύ-

417 2645 529 2697 ριος
568 2631 663 2681 καὶ
696 2632 795 2702 τῆς
839 2632 995 2704 δόξης
1031 2637 1233 2709 Κύριος
1259 2657 1272 2669 ·
1313 2643 1499 2698 τοῦτον
1546 2646 1603 2699 δὲ
1654 2648 1745 2701 τὸν
1789 2650 1993 2722 Κύριον

413 2722 509 2775 καὶ
546 2724 778 2794 Χριστὸν
825 2728 1084 2797 ἐποίησεν
1116 2733 1145 2783 ὁ
1177 2732 1307 2796 Θεός
1332 2751 1344 2763 ·
1380 2736 1509 2789 αὐτὸ
1549 2738 1611 2791 τὸ
1644 2739 1877 2811 πνεῦμα.
1899 2746 1993 2797 καὶ

410 2810 504 2864 τὸν
527 2811 659 2865 Θεὸν
694 2814 865 2883 Λόγον
901 2816 1155 2888 ἐποίησεν
1178 2823 1206 2875 ὁ
1233 2823 1365 2887 Θεὸς
1383 2864 1399 2890 ,
1434 2826 1528 2881 καὶ
1555 2828 1655 2882 οὐκ
1672 2810 1842 2885 ἄλλον
1872 2835 1993 2889 τινὰ

408 3282 494 3329 est
525 3282 579 3330 et
614 3277 802 3347 gloria:
842 3279 1104 3337 Dominus

490 3458 557 3511 Ἡ
593 3462 769 3533 μὲνδὴ
797 3467 1121 3537 κατηγορίαν
1155 3468 1401 3538 τοιαύτη·
1441 3472 1597 3525 Δοκεῖ
1633 3474 1690 3527 δέ
1723 3493 1812 3545 μοι
1853 3478 1988 3548 χρῆ’

410 3568 497 3604 ναι
530 3552 746 3622 πρῶτον
794 3558 888 3610 ἐπὶ
947 3559 1261 3627 κεφαλαίων
1304 3563 1533 3616 ἕκαστον
1580 3566 1688 3619 τῶν
1737 3568 1995 3639 ἐπενηνε-

408 3644 624 3712 γμένων
658 3649 715 3700 ὲν
754 3648 918 3720 ὀλίγῳ
944 3649 1233 3717 διεξελθεῖν
1261 3670 1273 3683 ·
1310 3650 1410 3708 εἷθ’
1447 3655 1618 3720 οὕτως
1657 3658 1879 3713 eseam
1918 3661 1995 3732 τῷ

408 3735 551 3808 λόγῳ
575 3738 647 3791 τὰ
674 3741 962 3812 εἰρημένα,
992 3743 1069 3807 ὡς
1116 3744 1182 3799 ἂν
1228 3749 1343 3810 τοῖς
1374 3765 1429 3800 τε
1458 3750 1704 3819 κρίνουσι
1732 3752 1830 3823 τὴν
1859 3754 1994 3825 ἀλή-

410 3826 559 3881 θειαν
591 3830 1022 3902 εὐμνημόνευτος
1055 3836 1089 3906 ή
1119 3836 1243 3890 καθ’
1287 3839 1443 3909 ἡμῶν
1472 3842 1556 3911 εἴη
1582 3843 1800 3913 γραφὴ,
1838 3846 1976 3917 πρὸς

408 3919 476 3989 ἢν
506 3919 949 3993 ἀπολογήσασθαι
975 3928 1080 3997 χρή
1103 3942 1119 3958 ο
1153 3928 1247 3981 καὶ
1273 3929 1433 3999 ἡμεῖς
1475 3932 1532 3983 ὲν
1560 3932 1712 3999 τάξει
1741 3936 1834 3987 καί
1862 3937 1993 3988 ἀκο-

408 4008 596 4082 λουθίᾳ
624 4011 734 4065 τῶν
764 4014 1125 4087 ἐγκλημάτων
1150 4019 1383 4074 ἕκαστον
1410 4021 1784 4095 διαλύσαιμεν.
1816 4027 1997 4081 Ἐπαι-

411 4104 702 4174 σχύνεσθαί
733 4124 897 4179 φησιν
931 4111 1079 4180 ἡμᾶς
1105 4112 1183 4183 τῷ
1214 4114 1439 4185 σταυρῷ
1470 4116 1563 4168 τοῦ
1589 4118 1825 4188 Χριστοῦ
1851 4162 1865 4186 ,
1900 4121 1994 4174 καὶ

409 4200 734 4269 κατηγορεῖν
756 4200 885 4264 τοὺς
914 4202 1103 4271 ἁγίους
1120 4246 1136 4269 ,
1158 4206 1252 4258 καὶ
1282 4205 1569 4277 ἄνθρωπον
1596 4211 1674 4273 εἰς
1704 4211 1991 4283 ἄνθρωπον

406 4288 739 4344 κεκενῶσθαι
769 4290 948 4361 λέγειν
969 4333 983 4358 ,
1016 4296 1111 4349 καὶ
1148 4297 1255 4367 πρὸ
1288 4299 1386 4369 τῆς
1413 4299 1500 4354 διὰ
1549 4303 1750 4373 σαρκὸς
1781 4321 1991 4375 παρου-

410 4385 531 4447 σίας
556 4385 655 4455 τὴν
675 4386 768 4440 τοῦ
788 4388 976 4442 δούλου
1006 4393 1219 4464 μορφὴν
1252 4393 1395 4465 ἔχειν
1419 4397 1511 4450 τὸν
1537 4398 1737 4470 Κύριον
1759 4401 1988 4466 οἴεσθαι,

406 4476 501 4528 καὶ
533 4477 806 4550 ἀνθρώπῳ
832 4481 1143 4538 ἀνατιθέναι
1160 4486 1271 4555 τὴν
1300 4487 1587 4559 λύτρωσιν,
1620 4493 1711 4545 καὶ
1735 4493 1829 4547 δύο
1855 4496 1992 4565 Χρι-

409 4567 567 4632 στούς
591 4587 651 4622 τε
675 4573 768 4625 καὶ
796 4575 1031 4645 Κυρίους
1062 4578 1120 4631 ὲν
1150 4578 1230 4649 τῷ
1257 4579 1483 4651 δόγματι
1516 4582 1695 4653 λέγειν
1717 4602 1731 4614 ’
1772 4586 1808 4655 ἢ
1835 4588 1883 4638 εὶ
1915 4588 1989 4657 μὴ

406 4658 582 4725 τοῦτο,
620 4663 726 4732 πρὸ
749 4664 844 4718 τοῦ
876 4666 1081 4731 πάθους
1114 4670 1189 4739 μὴ
1220 4670 1399 4738 λέγειν
1423 4669 1559 4726 εἶναι
1594 4674 1987 4748 τὸνςμονογενῆ

407 4752 639 4824 Χριστόν
688 4773 748 4809 τε
794 4758 889 4810 καὶ
917 4758 1144 4830 Κύριονε
1181 4762 1267 4826 Ὠς
1299 4762 1389 4816 au,
1415 4762 1506 4818 οὖν
1563 4766 1825 4837 φύγωμεν
1875 4770 1975 4837 τὴν

408 4842 756 4916 βλασφημίαν
783 4847 984 4920 ταύτην
1006 4894 1019 4916 ,
1060 4855 1393 4923 πεποιῆσθαί
1426 4875 1559 4926 φησι
1592 4858 1703 4911 δεῖν
1728 4860 1824 4913 τοῦ
1856 4861 1984 4914 Υίοῦ

404 4936 505 5007 τὴν
530 4939 716 4993 οὐσίαν
751 4942 1049 5012 ὁμολογεῖν,
1081 4945 1157 5008 ὼς
1181 4948 1275 4999 καὶ
1305 4948 1399 5001 τοῦ
1426 4950 1751 5005 Ἀποστόλου
1775 4954 1983 5025 Πέτρου

405 5029 468 5083 τὸ
508 5032 714 5085 τοιοῦτο
755 5034 930 5105 δόγμα
959 5039 1023 5106 τῇ
1070 5038 1175 5109 ἰδίᾳ
1223 5038 1565 5108 βεϐαιοῦντος
1595 5047 1768 5115 φωνῇ.
1801 5046 1983 5099 Ταῦτα

405 5124 503 5193 τῆς
538 5127 870 5197 κατηγορίας
899 5130 1013 5181 ἐστὶ
1037 5129 1107 5182 τὰ
1136 5132 1407 5199 κεφάλαια
1430 5150 1443 5163 ο
1474 5134 1541 5186 τὰ
1573 5136 1681 5207 γὰρ
1707 5137 1806 5190 ὅσα
1848 5138 1985 5208 πρὸς

405 5212 503 5284 τὴν
554 5214 675 5268 καθ’
717 5218 873 5287 ἡμῶν
901 5220 1163 5290 λοιδορίαν
1198 5223 1620 5297 πεφιλοπόνηται
1645 5269 1658 5289 ,
1700 5227 1777 5290 ὡς
1829 5229 1983 5281 οὐδὲν

409 5306 762 5362 συντελοῦντα
814 5312 951 5382 πρὸς
990 5313 1081 5367 τὸν
1129 5315 1362 5379 σκοπὸν,
1422 5319 1787 5388 σιωπήσομαι.
1833 5320 1984 5389 Τάχα

406 5398 514 5470 γὰρ
559 5402 592 5470 ἡ
624 5401 847 5473 τοιαύτη
879 5404 987 5459 τῶν
1020 5406 1191 5474 λόγων
1225 5408 1506 5478 καταφορὰ
1529 5448 1544 5471 ,
1573 5411 1716 5463 κατά
1747 5428 1869 5464 τινα
1894 5429 1984 5463 τε-

405 5493 596 5567 χνικὴν
625 5496 855 5570 θεωρίαν
884 5501 1120 5572 συνήθης
1152 5504 1268 5556 ἐστὶ
1300 5506 1409 5567 τοῖς
1437 5506 1811 5576 ῥητορεύουσι,
1847 5508 1982 5577 πρὸς

473 5655 497 5686 ⁸
523 5654 539 5707 Ι
568 5655 723 5713 Joan.
767 5674 806 5723 ι,
834 5661 920 5717 14.
996 5663 1016 5693 ⁷
1042 5662 1274 5736 Philipp.
1318 5683 1375 5731 ιι,
1401 5668 1452 5723 8.
1530 5669 1551 5696 ’⁸
1576 5669 1600 5721 Ἰ
1631 5669 1756 5723 Cor.
1801 5688 1857 5735 ιι,
1890 5674 1941 5726 8.

1605 420 1885 480 CONTRA
1931 428 2320 505 EUNOMIUM,
2367 439 2492 497 LIB.
2532 442 2592 499 V.

435 516 530 568 καὶ
580 516 831 585 Χριστὸν,
867 520 1346 598 ἀναγκασθήσεται
1401 530 1617 598 πάντως
1667 539 1864 604 εἰπεῖν,
1908 546 2014 614 πρὸ
2046 558 2089 613 Α
2122 550 2266 608 fixus
2302 566 2405 620 est,

1164 3281 1356 3338 :hunc
1434 3293 1619 3340 autem
1682 3286 1970 3346 Dominum
2052 3307 2107 3352 et
2154 3300 2436 3363 Christum
2491 3311 2543 3367 fe

408 3376 462 3421 et
498 3366 664 3426 Deum
704 3370 940 3427 Verbum
996 3374 1126 3430 fecit
1158 3374 1324 3441 Deus,
1368 3392 1469 3432 nec
1506 3380 1672 3433 alium
1714 3384 2007 3452 quemdam
2040 3388 2338 3452 Dominum

2016 4839 2069 4898 D

3603 473 3713 533 690

2442 568 2802 630 posteaquam
2852 577 2983 622 sunt
3012 570 3157 627 facta
3202 578 3385 631 omnia
3421 598 3435 634 :
3467 581 3576 639 duo
3624 604 3711 643 sc-

2121 826 2417 897 impietatis
2441 834 2556 889 sive
2582 837 2937 906 blasphemiae
2966 861 3141 902 reum.
3170 852 3325 917 Quod
3358 857 3403 910 si
3440 863 3567 929 quls
3600 862 3709 918 hoc

2118 924 2513 981 commendans
2566 929 2767 986 dixerit
2827 939 3078 993 eumdem
3129 958 3252 999 esse
3321 964 3444 1002 eum
3498 956 3594 1023 qui
3651 959 3707 1011 in

2118 1012 2391 1085 principio
2431 1028 2549 1072 erat
2581 1020 2844 1089 Verbum,
2899 1036 2953 1083 et
3000 1031 3200 1087 factum
3244 1012 3558 1109 Dominum,
3608 1048 3707 1102 sed

2115 1116 2217 1171 per
2268 1107 2455 1163 carnis
2505 1119 2942 1185 assumptionem
2996 1134 3050 1175 et
3101 1131 3452 1194 praesentiam
3496 1132 3702 1192 factum

2114 1211 2239 1253 esse
2277 1198 2567 1259 Dominum
2613 1217 2667 1261 et
2715 1210 2997 1268 Christum
3032 1237 3045 1270 :
3078 1231 3307 1289 cogetur
3347 1229 3577 1283 omnino
3612 1232 3699 1285 di-

2116 1305 2241 1347 cere
2271 1303 2399 1349 ante
2426 1298 2722 1357 adventum
2763 1305 2820 1359 in
2856 1323 3024 1364 carne
3068 1327 3176 1367 non
3208 1332 3330 1371 esse
3360 1319 3560 1375 Filium
3590 1323 3698 1380 Do-

2115 1375 2345 1430 minum.
2400 1377 2886 1443 Vcrumenimvero
2944 1397 3162 1450 tametsi
3234 1399 3438 1457 Basilio
3499 1414 3553 1460 et
3611 1422 3700 1462 se—

2115 1469 2355 1522 cundum
2408 1472 2585 1542 ipsum
2631 1477 2945 1538 infidelibus
2981 1484 3091 1540 duo
3136 1487 3353 1546 Domini
3402 1504 3456 1550 et
3489 1496 3699 1554 Christi

2116 1558 2254 1613 falso
2288 1566 2710 1631 annuntiantur,
2745 1579 2929 1628 tamen
2972 1578 3135 1633 nobis
3168 1596 3311 1637 unus
3341 1583 3607 1643 Dominus
3642 1598 3699 1643 ct

2114 1649 2392 1717 Christus,
2442 1671 2535 1724 per
2563 1676 2724 1728 quem
2767 1667 2955 1720 omnia
2989 1680 3119 1724 sunt
3161 1671 3324 1737 facta,
3364 1692 3472 1731 non
3502 1695 3701 1734 secun-

2114 1742 2244 1796 dum
2275 1746 2583 1813 profectum
2617 1753 2734 1808 sive
2785 1772 3139 1827 progressum
3178 1764 3358 1822 fartus
3404 1768 3695 1837 Dominus,

2112 1837 2207 1889 sed
2244 1848 2369 1893 ante
2414 1856 2633 1897 omnem
2665 1856 2979 1902 creaturam
3012 1860 3066 1905 et
3115 1865 3240 1908 ante
3269 1858 3453 1911 omnia
3496 1862 3699 1914 saecula

1874 1932 2006 1985 μορ·
2038 1949 2078 2002 Β
2108 1926 2380 1983 exsistens
2410 1930 2672 1991 Dominus
2696 1935 2881 2001 Jesus,
2912 1957 3008 2009 per
3037 1959 3197 2012 quem
3226 1948 3434 2014 omnia,
3465 1950 3570 2004 hoc
3594 1966 3697 2006 nos

2109 2018 2366 2075 omnibus
2432 2026 2638 2080 sanctis
2686 2044 2793 2082 una
2849 2035 3221 2104 concordique
3276 2055 3413 2094 voce
3456 2049 3511 2095 et
3558 2057 3696 2098 con-

2108 2125 2273 2165 sensu
2304 2113 2632 2173 docentibus
2672 2133 2836 2191 atque
2879 2125 3225 2182 decretorum
3263 2132 3695 2201 pulcherrimum

2109 2207 2565 2266 annuntiantibus
2618 2214 2943 2272 :iuterdum
2996 2223 3142 2275 enim
3202 2224 3396 2281 beatus
3453 2226 3695 2283 Joannes

2112 2294 2279 2352 Deum
2333 2299 2598 2371 Verbum,
2651 2325 2749 2378 per
2800 2328 2964 2382 quem
3016 2319 3203 2373 omnia
3258 2320 3402 2375 facta
3453 2334 3601 2387 sunt,
3636 2325 3693 2379 in

2108 2404 2273 2445 carne
2302 2390 2503 2450 factum
2532 2414 2655 2455 esse
2687 2402 3002 2467 docet,dum
3025 2408 3180 2475 dicit,
3207 2410 3276 2464 Et
3312 2411 3537 2469 Verbum
3567 2434 3694 2471 caro

2107 2478 2308 2545 [uotum
2342 2486 2475 2541 est“.
2514 2487 2579 2541 Et
2611 2489 2813 2549 Paulus
2858 2500 3101 2553 omnium
3144 2503 3691 2573 admirabilissimus,

2108 2568 2175 2622 ad
2234 2571 2598 2632 humilitatem
2650 2585 2952 2643 exhortans
2995 2606 3091 2646 eos
3135 2594 3231 2662 qui
3288 2596 3390 2665 ipsi
3454 2608 3689 2654 mentem

2103 2660 2385 2730 adhibent,
2434 2670 2713 2727 Christum
2742 2677 2925 2733 Jesum
2956 2682 3090 2737 dicit
3131 2660 3255 2740 enim
3291 2660 3387 2757 qui
3424 2691 3477 2743 in
3517 2690 3692 2746 forma

2100 2750 2196 2805 Dei
2230 2758 2469 2823 exsistit,
2505 2774 2559 2815 et
2590 2767 2683 2834 qui
2723 2774 3081 2842 semetipsum
3122 2778 3427 2832 exinanivit
3458 2781 3689 2835 formam

2221 3212 2330 3281 ipio
2374 3229 2493 3274 erat
2530 3221 2790 3291 Verbum,
2822 3238 3095 3298 quatenus
3144 3234 3393 3303 spiritus,
3425 3233 3687 3292 Dominus

2551 3315 2623 3369 cit
2674 3316 2850 3377 Deus:
2911 3336 3041 3393 ergo
3087 3332 3142 3379 et
3196 3325 3378 3395 ipsum
3431 3328 3687 3397 spiritum

2369 3418 2532 3471 quem
2568 3411 2806 3464 somniat
2836 3411 3073 3469 Basilius
3095 3416 3192 3486 (a).
3236 3436 3255 3467 ι

2016 3487 2059 3543 C
2161 3493 2455 3550 Accusatio
2504 3500 2722 3567 quidem
2766 3505 2891 3560 talis
2930 3516 3033 3562 est.
3077 3508 3206 3563 Mihi
3250 3520 3431 3565 autem
3472 3513 3689 3569 videtur

2099 3592 2355 3650 Oportere
2402 3592 2642 3659 primum
2689 3597 2969 3666 sigillatim
3013 3604 3445 3673 unumquodque
3494 3621 3688 3662 eorum

2097 3690 2219 3743 quae
2263 3678 2413 3733 illata
2443 3692 2573 3737 sunt
2607 3685 2761 3741 brevi
2788 3705 3044 3747 sermone
3076 3709 3404 3761 percurrere
3442 3712 3455 3747 :
3490 3696 3687 3752 deinde

2097 3766 2176 3819 sic
2220 3771 2470 3827 oratione
2515 3791 2637 3844 qua:
2670 3786 2799 3851 sunt
2841 3778 2986 3834 dicta
3034 3783 3374 3838 adamussim
3421 3784 3681 3857 dirigere,

2098 3866 2158 3910 ut
2196 3870 2249 3914 et
2289 3866 2575 3921 veritatem
2625 3868 3008 3937 judicantibus
3049 3886 3357 3930 memoratu
3401 3876 3582 3932 facilis
3615 3879 3687 3931 sit

2096 3957 2288 4004 contra
2322 3969 2425 4009 nos
2450 3968 2720 4029 susceptae
2755 3966 3125 4020 accusationis
3151 3968 3391 4036 libellus,
3428 3970 3495 4024 ad
3520 3986 3682 4039 quem

2096 4041 2347 4100 defensio
2377 4052 2620 4115 paranda
2656 4062 2762 4118 est,
2804 4063 2859 4109 et
2901 4063 2958 4109 ut
3004 4073 3106 4112 nos
3147 4058 3343 4114 ordine
3384 4068 3437 4114 et
3477 4061 3684 4130 optima

2096 4135 2263 4202 serie,
2298 4140 2592 4196 criminum
2624 4150 3061 4218 unumquodque
3111 4150 3407 4207 diluamus.
3452 4151 3566 4208 Nos
3609 4157 3685 4208 ait

2096 4244 2263 4299 super
2289 4248 2460 4289 cruce
2493 4235 2699 4292 Christi
2746 4241 3075 4298 erubescere
3117 4252 3171 4297 et
3214 4251 3438 4299 sanctos
3489 4245 3681 4300 crimi-

2095 4322 2215 4375 nari
2247 4332 2301 4377 et
2337 4324 2612 4382 hominem
2647 4330 2701 4384 in
2738 4332 3016 4388 hominem
3057 4336 3400 4389 exinanitum
3438 4352 3561 4391 esse
3594 4339 3680 4392 di-

2095 4426 2242 4479 cere,
2277 4422 2445 4484 atque
2469 4427 2597 4473 ante
2624 4419 2921 4476 adventum
2954 4439 3051 4493 per
3082 4439 3340 4488 carnem,
3386 4424 3679 4481 Dominum

2094 4508 2235 4562 servi
2280 4508 2512 4565 formam
2546 4513 2749 4569 habere
2778 4526 3007 4585 putare;
3042 4527 3095 4572 et
3120 4518 3329 4572 homini
3350 4519 3680 4589 redemptio-

2094 4616 2219 4655 nem
2252 4603 2573 4669 attribuere,
2606 4605 2856 4676 duosque
2902 4610 3155 4665 Christos
3195 4619 3249 4664 et
3301 4609 3566 4666 Dominos
3621 4614 3677 4666 in

2094 4691 2349 4763 dogmate
2376 4710 2654 4763 asserere;
2688 4702 2771 4754 vel
2806 4702 2853 4755 si
2880 4714 3000 4755 non
3050 4703 3153 4757 hoc
3196 4704 3528 4770 asserimus,
3565 4704 3677 4759 sal-

2093 4792 2202 4839 tem
2237 4788 2391 4842 illum
2427 4799 2556 4845 ante
2586 4795 2901 4861 passionem
2935 4812 3044 4850 non
3092 4797 3275 4851 dicere
3330 4798 3677 4865 unigenitum

2093 4890 2219 4930 esse
2251 4876 2530 4933 Christum
2575 4890 2630 4935 et
2682 4881 2995 4938 Dominum.
3035 4884 3102 4939 Ut
3135 4886 3301 4955 igitur
3339 4887 3481 4941 hanc
3530 4886 3678 4941 blas-

2094 4964 2366 5033 phemiam
2399 4969 2515 5024 sive
2544 4970 2766 5040 impiam
2803 4974 3159 5030 offensionem
3195 4975 3491 5047 fugiamus,
3512 4992 3679 5047 opor-

2093 5064 2206 5111 tere
2232 5067 2480 5114 autumat
2513 5077 2614 5117 nos
2643 5066 2892 5120 confiteri
2929 5065 3126 5123 factam
3169 5083 3292 5124 esse
3333 5066 3455 5121 Filii
3482 5082 3674 5123 essen-

2089 5149 2244 5212 tiam,
2277 5166 2401 5204 cum
2442 5153 2520 5208 sic
2559 5160 2724 5209 etiam
2758 5155 2954 5213 Petrus
2993 5160 3280 5230 apostolus
3322 5159 3433 5213 tale
3475 5159 3675 5229 dogma

2090 5246 2308 5314 propria
2344 5262 2479 5301 voce
2503 5249 2807 5305 confirmet.
2841 5252 2965 5307 Haec
3015 5253 3391 5309 accusationis
3422 5261 3551 5308 sunt
3582 5267 3677 5305 ca-

2091 5332 2237 5399 pita;
2276 5348 2399 5387 nam
2427 5351 2770 5407 quaecunque
2790 5340 2857 5394 ad
2891 5340 3329 5397 maledicentiam
3356 5351 3410 5398 et
3433 5341 3675 5396 convitia

2090 5433 2283 5477 contra
2312 5440 2412 5480 nos
2440 5437 2581 5482 sunt)
2598 5430 2879 5487 elaborata
2903 5474 2918 5497 ,
2960 5435 3121 5487 utad
3155 5450 3270 5489 rem
3322 5434 3461 5489 nihil
3506 5433 3675 5503 perti-

2092 5515 2275 5569 nentia
2309 5519 2512 5573 tacitus
2547 5524 2861 5590 prmteribo.
2891 5524 3170 5581 Fortassis
3205 5527 3349 5581 enim
3374 5524 3501 5581 talis
3548 5540 3674 5580 ora-

478 5788 553 5853 (α)
598 5788 891 5863 ilucusquc
934 5796 1096 5851 verba
1148 5806 1273 5853 sunt
1312 5798 1560 5858 Eunomii
1606 5803 1865 5862 adversus
1909 5806 2163 5866 Basilium
2210 5812 2279 5866 M‘.
2333 5831 2360 5867 ιι
2404 5813 2666 5885 Gregorio
2700 5816 2945 5889 Nysscno
2997 5820 3063 5875 ad
3117 5820 3341 5878 verbum
3388 5820 3556 5877 relata
3612 5824 3667 5871 et

478 5869 605 5889 ω...

403 5855 628 5914 inserta.
