4138 6364
462 428 561 486 θυι

1653 430 1710 483 S.
1747 426 2079 499 GREGQRII
2118 425 2413 491 NYSSENI

3626 425 3731 483 €92

464 552 680 607 tionum
710 550 946 619 impetus
973 550 1270 605 artiﬁciosa
1302 551 1541 621 quadam
1597 551 1809 606 ratione
1855 550 2053 607 decur-

2178 552 2381 616 ιείζονα
2417 551 2751 621 κατηγορίας
2802 550 2965 617 ὄγκον
3014 549 3377 621 ἐξευρημένη.
3431 546 3731 619 ’Υδριζέτω

464 656 599 698 rens
627 644 944 698 oratoribus
974 642 1263 699 familiaris
1291 652 1378 699 est
1412 642 1481 697 ad
1516 642 1779 711 majorem
1812 659 2045 718 accusa-

467 733 635 789 tionis
663 740 933 787 tumorem
963 734 1239 792 inventus.
1265 734 1449 802 Quare
1483 736 1883 790 contumeliose
1927 745 2051 803 agat

468 838 570 878 sua
622 832 741 877 arte
794 824 883 878 hic
930 824 1176 895 sophista
1201 865 1216 889 ,
1257 834 1312 879 et
1350 825 1568 896 probris
1597 840 1661 879 ac
1699 826 1859 881 saevis
1890 826 2051 883 dictis

469 930 576 969 nos
619 915 943 985 juveniliter
988 917 1223 972 lacessat
1257 928 1311 973 et
1339 918 1530 977 incitet
1564 937 1577 973 :
1611 933 1675 972 ac
1702 919 1845 972 inter
1877 928 2053 972 certa-

468 1007 621 1062 mina
674 1008 951 1079 longiores
1008 1009 1236 1080 spiritus
1284 1010 1625 1080 producens,
1670 1010 1905 1082 appellet
1951 1025 2054 1064 nos

470 1082 867 1160 inertissimos,
900 1101 1147 1153 omnium
1173 1101 1409 1155 maxime
1440 1099 1805 1164 miserabiles,
1833 1100 2055 1155 turbido

468 1196 524 1242 et
560 1186 806 1244 absurdo
842 1199 992 1244 motu
1028 1191 1253 1259 plenos;
1288 1199 1345 1245 et
1372 1190 1643 1261 quidquid
1674 1191 1789 1245 vult
1818 1205 1919 1260 pro
1952 1206 2055 1245 suo

467 1279 596 1348 jure
644 1296 745 1335 nos
798 1281 1044 1339 omnium
1096 1282 1393 1341 vilissimos
1448 1291 1504 1337 et
1557 1282 2057 1351 contemptissimos

473 1372 806 1435 subsannet.
848 1382 901 1428 et
949 1374 1091 1444 turpi
1133 1373 1278 1443 fama
1320 1373 1576 1443 differat;
1614 1389 1715 1430 nos
1761 1376 2058 1435 sustinebi-

472 1479 628 1532 mus;
661 1464 901 1521 dedecus
934 1475 1018 1522 est
1059 1468 1205 1522 enim
1257 1467 1377 1523 viro
1423 1452 1720 1537 prudenti,
1765 1482 1876 1524 non
1925 1482 2060 1523 sane

472 1556 870 1612 convitiantem
907 1559 1120 1622 audire,
1158 1558 1254 1621 sed
1290 1559 1358 1615 ad
1390 1574 1453 1613 ea
1479 1575 1601 1629 quae
1639 1559 1900 1615 dicuntur
1929 1574 2063 1614 con-

471 1644 607 1698 vitia
644 1653 985 1718 retorquere.
1024 1646 1167 1703 Utile
1199 1649 1367 1703 etiam
1397 1649 1603 1719 aliquid
1638 1649 1800 1703 habet
1826 1648 2063 1704 fortasse

475 1738 661 1809 ipsum
699 1750 892 1795 contra
938 1757 1041 1796 nos
1084 1757 1186 1798 suo
1224 1742 1445 1814 ingenio
1487 1758 1647 1817 usum
1692 1742 1897 1809 fuisse;
1935 1759 2061 1798 nam

478 1832 804 1887 maledicam
834 1850 991 1889 suam
1022 1835 1077 1888 in
1112 1851 1215 1891 nos
1246 1834 1489 1906 linguam
1513 1851 1800 1898 exercens,
1829 1835 2064 1890 fortasse

2152 645 2330 699 τοίνυν
2363 644 2449 698 διὰ
2494 643 2592 715 τὴν
2646 644 2843 717 τέχνην
2894 646 2922 696 ὁ
2961 643 3262 714 σοφιστὴς,
3315 642 3408 695 καὶ
3454 644 3565 703 τοῖς
3610 641 3733 693 καθ’

2154 737 2311 807 ἡμῶν
2359 736 2614 789 ὀνείδεσιν
2648 735 3005 806 ἐνακμαζέτω
3031 753 3044 768 ·
3101 734 3303 805 μεταξὺ
3353 733 3461 786 τῶν
3507 731 3733 800 ἀγώνων

2153 832 2273 892 ταῖς
2302 833 2639 900 καταφοραῖς
2670 829 3074 899 ὲμπομπεύων,
3109 828 3341 903 καλείτω
3382 828 3595 881 πάντων
3630 828 3732 897 ῥᾳ-

2156 920 2492 992 θυμοτάτους
2513 964 2528 987 ,
2558 922 2651 974 καὶ
2684 922 2899 975 πάντων
2928 920 3325 983 ἐλεεινοτάτους
3346 962 3359 985 ,
3394 918 3640 995 ταραχῆς
3673 935 3734 970 τε

2157 1014 2251 1065 καὶ
2274 1012 2499 1076 ἀτοπίας
2532 1012 2780 1083 πλήρειςτ
2805 1012 2896 1065 καὶ
2930 1012 3149 1065 πάντων
3178 1013 3273 1070 ὅτι
3311 1009 3560 1079 βούλεται
3592 1027 3733 1078 φαυ-

2157 1104 2354 1168 λιζέτω
2382 1106 2501 1158 κατ’
2543 1104 2788 1179 ἐξουσίαν
2821 1105 3002 1174 ἡμᾶς,
3053 1105 3148 1157 καὶ
3187 1106 3345 1174 ἡμεῖς
3393 1102 3692 1171 ἀνεξόμεθα
3715 1119 3730 1133 ·

2158 1195 2387 1267 αἰσχύνη
2420 1197 2528 1265 γάρ
2576 1199 2693 1248 ἐστι
2744 1195 2821 1265 τῷ
2864 1213 2928 1264 γε
2972 1196 3097 1248 νοῦν
3128 1195 3302 1264 ἔχοντι
3326 1235 3341 1257 ,
3386 1194 3448 1247 οὐ
3482 1194 3541 1246 τὸ
3567 1193 3733 1246 λοιδο-

2161 1287 2381 1357 ροῦντος
2409 1286 2650 1350 ἀκούειν,
2676 1287 2811 1340 ἀλλά
2839 1287 2975 1358 πρὸς
3001 1287 3061 1339 τὸ
3097 1287 3260 1357 ῥηθὲν
3286 1283 3733 1355 ἐπιστρέφεσθαι.

2164 1380 2315 1449 Ἔχει
2348 1379 2405 1432 δέ
2449 1397 2501 1432 τι
2529 1380 2622 1434 καὶ
2651 1381 2920 1449 χρήσιμον
2948 1379 3083 1441 ἴσως
3115 1378 3174 1430 τὸ
3223 1376 3343 1430 καθ’
3369 1377 3525 1446 ἡμῶν
3574 1375 3742 1445 αὐτὸν,

2163 1471 2461 1541 κεχρῆσθαι
2487 1474 2552 1540 τῇ
2588 1471 2748 1540 φύσει
2768 1486 2782 1501 ν
2810 1471 2948 1539 τάχα
2971 1472 3077 1541 γάρ
3110 1470 3207 1539 τὴν
3236 1469 3543 1538 κακήγορον
3572 1466 3736 1519 αὐτοῦ

2162 1563 2413 1633 γλῶσσαν
2440 1565 2519 1627 είς
2548 1564 2696 1633 ἡμᾶς
2739 1562 3075 1632 ἀσχολήσας,
3122 1560 3322 1631 μικρὰν
3368 1558 3499 1627 γοῦν
3528 1560 3737 1627 ἐκεχει-

2166 1656 2289 1727 ρίαν
2313 1657 2414 1725 τῆς
2454 1655 2594 1708 κατά
2641 1653 2735 1707 τοῦ
2775 1652 2909 1705 Θεοῦ
2961 1654 3142 1723 μάχης
3175 1653 3479 1721 ποιήσεται.
3531 1648 3739 1702 Οὐκοῦν

2165 1745 2511 1818 ὲμφορείσθω
2559 1745 2677 1799 κατ’
2714 1745 2959 1809 ἐξουσίαν
2991 1745 3097 1797 τῶν
3132 1744 3374 1813 ὕϐρεων,
3408 1742 3502 1795 καὶ
3533 1744 3561 1794 ὁ
3595 1742 3742 1794 ἀντι-

2167 1839 2338 1907 λέγων
2376 1838 2476 1908 οὐκ
2508 1837 2678 1891 ἔσται.
2723 1837 2857 1889 Οὐδὲ
2890 1838 2998 1909 γὰρ
3032 1836 3086 1887 εἴ
3121 1852 3207 1898 τις
3241 1836 3440 1889 ἄτοπον
3491 1834 3585 1885 καὶ
3614 1834 3741 1885 δυσ-

476 1924 675 1980 breves
710 1925 961 1982 inducias
999 1943 1192 1998 pugna:
1221 1938 1413 1983 contra
1448 1928 1619 1984 Deum
1655 1929 1839 1984 faciet.
1890 1927 2062 2001 Igitur

2178 1916 2294 1992 ὒδες
2323 1929 2473 1981 πνέοι
2500 1928 2641 1981 κατὰ
2665 1927 2981 1997 σωματικὴν
3013 1925 3364 2001 δυσκρασίαν,
3400 1925 3433 1994 ἦ
3457 1924 3598 1977 κατά
3623 1940 3743 1975 τινα

478 2018 830 2071 contumeliis
869 2031 926 2073 et
978 2021 1261 2075 atrocibus
1308 2022 1530 2089 injuriis
1571 2021 1807 2076 satietur
1856 2030 1912 2076 et
1964 2021 2067 2074 im-

480 2104 700 2187 pleatur
734 2123 831 2177 pro
864 2125 963 2165 sua
1001 2111 1244 2176 licentia,
1279 2128 1389 2178 non
1431 2114 1537 2168 erit
1570 2113 1660 2183 qui
1704 2113 2064 2173 contradicat.

478 2195 669 2270 Neque
697 2201 841 2254 enim
877 2202 925 2256 si
961 2204 1085 2273 quis
1123 2210 1322 2258 tetrum
1354 2217 1405 2260 et
1442 2206 1846 2275 graveolentem
1899 2205 2070 2275 spiret

487 2291 712 2345 odorem
743 2303 966 2364 propter
998 2298 1246 2365 corporis
1277 2298 1657 2368 intemperiem
1680 2338 1694 2362 ,
1726 2299 1810 2353 vel
1850 2306 2071 2369 p_r0pter

478 2381 830 2450 pesrilentem
858 2393 913 2440 et
936 2388 1233 2458 malignum
1268 2390 1543 2455 morbum,
1585 2404 1905 2460 provocaret
1926 2390 2063 2443 bene

479 2476 753 2531 valentem
800 2478 868 2539 ad
914 2478 1201 2535 infortunii
1243 2482 1668 2545 inmolationem,
1714 2482 1789 2535 ita
1832 2490 1889 2534 ut
1935 2483 2065 2534 velut

482 2582 585 2637 par
619 2570 738 2639 pari
780 2569 1008 2637 referre,
1042 2588 1106 2628 ac
1139 2589 1234 2644 per
1268 2574 1548 2644 proprium
1580 2573 1830 2633 morbum
1878 2573 2065 2641 insua-

481 2660 709 2716 vitatem
758 2662 879 2733 ejus
931 2664 1024 2733 qui
1074 2666 1216 2720 male
1267 2665 1378 2719 olet
1421 2680 1607 2721 arcere
1641 2682 1653 2719 :
1687 2665 1875 2718 talium
1918 2665 2063 2719 enim

484 2752 737 2808 misereri
774 2764 828 2808 et
863 2771 971 2810 non
993 2756 1198 2810 imitari
1230 2756 1543 2812 communis
1573 2754 1813 2810 consulit
1845 2764 2060 2822 natura.

484 2840 670 2908 Quare
710 2847 1095 2913 prietermissis
1138 2848 1340 2903 talibus
1376 2863 1500 2917 quae
1550 2846 1737 2900 labore
1782 2855 1837 2900 et
1884 2847 2066 2900 studio

2164 2020 2399 2092 λοιμώδη
2434 2020 2525 2074 καὶ
2551 2019 2851 2090 δύστροπον
2880 2018 3212 2090 ἀρρωστίαν,
3250 2016 3647 2088 προκαλέσαιτο
3675 2014 3741 2068 ἂν

2165 2114 2256 2168 τὸν
2290 2112 2601 2181 ὑγιαίνοντα
2640 2111 2775 2182 πρὸς
2838 2110 2997 2181 ζῆλον
3046 2110 3139 2162 τοῦ
3184 2110 3590 2179 δυστυχήματος
3623 2148 3636 2169 ,
3667 2107 3744 2169 ὡς

2169 2206 2447 2261 ὲθέλεσθαί
2482 2222 2603 2257 τινα
2654 2203 2735 2275 τῷ
2781 2204 2882 2273 ῐσῳ
2938 2203 3004 2257 δι’
3054 2201 3259 2265 οἰκείας
3298 2202 3453 2255 νόσου
3504 2201 3601 2271 τὴν
3650 2199 3744 2252 τοῦ

2169 2297 2423 2359 όδωδότος
2455 2295 2714 2348 δυσωδίαν
2747 2283 3079 2365 ἀμύνασθαι.
3124 2296 3322 2348 Ἐλεεῖν
3349 2295 3455 2365 γὰρ
3484 2295 3543 2347 οὐ
3573 2296 3747 2364 μιμεῖ-

2173 2392 2296 2444 σθαι
2323 2391 2449 2453 τοὺς
2479 2388 2751 2451 τοιούτους
2780 2389 2812 2457 ή
2841 2387 2992 2458 κοινὴ
3024 2386 3378 2457 πμὸουλεύει
3400 2385 3577 2454 φύσις.
3608 2387 3747 2437 Οὐκ-

2170 2484 2263 2537 οῦν
2294 2483 2562 2553 παρέντες
2606 2482 2707 2534 ὅσα
2738 2480 2960 2534 τοιαῦτα
2996 2478 3135 2533 κατά
3186 2478 3420 2550 σπουδὴν
3472 2477 3551 2548 τῷ
3604 2477 3755 2549 λόγῳ,

2170 2572 2481 2643 κατέμιξεν,
2516 2570 2801 2633 σκώπτων,
2835 2570 3186 2641 σχετλιάζων,
3211 2568 3552 2637 ἀγανακτῶν,
3575 2568 3745 2621 λοιδο-

2175 2664 2464 2737 ρούμενος,
2504 2664 2661 2734 μόνον
2692 2663 2782 2715 τὸν
2829 2662 2958 2731 περὶ
2995 2660 3103 2715 τῶν
3132 2650 3417 2730 δογμάτων
3443 2658 3748 2727 ἐπισκεψώ-

2177 2754 2314 2825 μεθα
2351 2753 2528 2821 λόγον.
2568 2751 2954 2827 Ἀναλαϐόντες
2980 2751 3156 2804 τοίνυν
3203 2751 3267 2817 ἐξ
3299 2750 3469 2822 ἀρχῆς
3501 2752 3557 2802 ὲν
3590 2749 3755 2832 μέρει

2172 2831 2309 2918 πρὸς
2337 2845 2573 2898 ἕκαστον
2606 2843 2717 2898 τῶν
2744 2842 3107 2914 ἐγκλημάτων
3135 2844 3462 2913 στησόμεθα.

485 2938 727 2990 sermoni
767 2938 1095 3003 admiscuit,
1141 2941 1489 3007 cavillando,
1542 2942 1915 3006 lamentando,
1946 2943 2174 2997 moleste
2206 2944 2555 3012 graviterque
2618 2939 2863 3006 ferendo,
2888 2950 2943 2994 et
3007 2938 3378 3015 convitiando,
3440 2939 3615 2993 solum
3683 2938 3751 2991 dc

486 3026 740 3083 doctrina
760 3044 1067 3085 sermonem
1094 3032 1525 3088 consideremus.
1549 3033 1878 3105 liepetentes
1904 3036 2069 3107 igitur
2106 3050 2136 3089 a
2162 3037 2435 3107 principio
2474 3035 2719 3091 vicissim
2761 3042 2951 3088 contra
2981 3033 3197 3105 singula
3271 3033 3502 3089 crimina
3579 3033 3751 3109 stabi-

486 3134 633 3175 mus.

559 3210 899 3280 Principium
931 3212 1309 3275 accusationis
1340 3222 1478 3277 erat,
1511 3232 1606 3270 nos
1642 3218 1816 3283 crucis
1852 3220 2067 3290 pudere.
2098 3231 2144 3291 ο

489 3303 691 3356 Eorum
727 3310 876 3356 certe
911 3303 1005 3373 qui
1046 3303 1114 3357 ad
1147 3306 1312 3359 talem
1344 3306 1683 3362 deﬂexerunt
1723 3311 2075 3379 Opinionem,

489 3393 665 3463 magis
696 3394 982 3463 proprium
1024 3393 1189 3453 fuerit
1229 3396 1437 3451 crimen
1478 3399 1665 3454 conari
1712 3415 1930 3455 crucem
1978 3417 2078 3470 pu-

491 3484 727 3539 dendam
788 3483 1024 3543 efﬁcere.
1079 3485 1136 3541 Si
1195 3489 1342 3543 enim
1399 3490 1653 3546 similiter
1710 3491 1779 3545 ab
1830 3492 2081 3561 utrisque

492 3578 774 3647 passionis
800 3578 1149 3654 dispensatio.
1171 3582 1377 3637 credita
1407 3594 1510 3647 est,
1537 3599 1637 3638 nos
1666 3585 1884 3653 quidem
1909 3584 2080 3640 Deum

495 3682 596 3736 per
627 3682 850 3723 crucem
890 3669 1302 3724 manifestatum
1336 3671 1415 3727 sic
1437 3672 1771 3741 arbitramur
1789 3674 2079 3733 colendum

492 3773 618 3814 esse
655 3771 708 3815 et
741 3760 950 3816 honore
1002 3762 1345 3817 afﬁciendum
1390 3764 1536 3835 sicut
1590 3764 1751 3821 Pater
1781 3767 1986 3821 colitur
2028 3747 2083 3822 et

495 3847 831 3915 honoratur;
866 3849 987 3905 istis
1018 3867 1147 3906 vero
1184 3852 1368 3921 passio
1405 3852 1462 3906 ﬁt
1498 3854 1908 3923 impedimento,
1946 3872 2084 3927 quo-

495 3940 683 3998 minus
730 3942 1071 4014 unigenitum
1119 3944 1287 3999 Denm
1320 3947 1604 4014 aequaliter
1648 3963 1711 4001 ac
1738 3948 1952 4015 Patrem
1987 3933 2084 4019 qui

498 4029 679 4102 ipsum
716 4033 904 4102 genuit
934 4034 1259 4103 gloriﬁcent.
1292 4034 1463 4102 Igitur
1500 4036 1555 4089 in
1587 4038 1924 4109 contrarium
1967 4054 2087 4092 ver-

503 4131 699 4177 tnntnr
730 4126 992 4194 sophista:
1026 4127 1294 4193 crimina,
1327 4136 1382 4182 et
1428 4128 1629 4197 quibus
1667 4146 1767 4184 nos
1803 4131 2085 4189 criminari

501 4221 684 4282 putat,
718 4231 873 4270 snam
913 4217 964 4269 in
998 4217 1116 4271 suis
1159 4217 1397 4273 decretis
1432 4219 1765 4288 impietatem
1818 4219 2084 4290 divulgat.

501 4304 859 4375 Perspicuum
889 4318 973 4362 est
998 4310 1143 4362 enim
1174 4311 1318 4378 quod
1355 4311 1521 4380 hujus
1549 4327 1715 4367 causa
1746 4309 1960 4367 Patrem
1997 4328 2089 4367 sn-

501 4411 599 4466 pra
622 4394 823 4451 Fflium
868 4400 1044 4467 ponit,
1093 4401 1507 4470 majoribusque
1556 4413 1715 4472 auget
1762 4388 2085 4468 honoribus,

504 4490 633 4559 quia
665 4493 850 4545 crucis
884 4491 1108 4546 infamia
1140 4494 1197 4546 in
1236 4494 1354 4563 ipso
1386 4510 1493 4548 non
1531 4496 1815 4559 cernitur;
1851 4497 1921 4553 ob
1942 4513 2091 4551 eam-

2244 3214 2411 3288 Ἂρχὴ
2436 3215 2541 3283 τῆς,
2555 3214 2889 3283 κατηγορίας
2910 3208 2999 3283 ἦν,
3019 3212 3080 3265 τὸ
3098 3212 3574 3281 ἐπαισχύνεσθαι
3597 3210 3754 3291 ἡμᾶς

2179 3308 2288 3361 τὸν
2315 3306 2601 3375 σταυρόν.
2631 3305 2751 3359 Τῶν
2778 3305 2888 3376 γὰρ
2917 3304 3055 3377 πρὸς
3069 3306 3171 3375 τὴν
3186 3304 3440 3374 τοιαύτην
3468 3321 3754 3376 παρατρα-

2182 3399 2396 3453 πέντων
2424 3397 2691 3469 ὑπόληψιν
2716 3398 3044 3468 οἰκειότερον
3069 3397 3135 3450 ἂν
3165 3396 3248 3467 εῐη
3280 3395 3339 3448 τὸ
3382 3397 3633 3467 ἔγκλημα
3660 3396 3755 3453 τοῦ

2182 3490 2613 3556 κατασκευάζειν
2643 3491 2700 3543 ὲν
2722 3489 2950 3562 αἰσχύνῃ
2975 3489 3067 3542 τὸν
3107 3490 3345 3561 σταυρὸν
3367 3490 3655 3543 ποιεῖσθαι.
3694 3491 3755 3545 Ei

2181 3582 2291 3654 γὰρ
2328 3582 2528 3651 ὁμοίως
2578 3582 2676 3652 μὲν
2716 3582 2845 3650 παρ’
2870 3581 3195 3652 ἀμφοτέρων
3244 3583 3277 3659 ἡ
3312 3580 3453 3634 κατὰ
3488 3582 3547 3634 τὸ
3589 3582 3756 3646 πάθος

2184 3670 2462 3741 οἰκονομία
2516 3671 2907 3732 πεπίστευται,
2948 3672 3108 3740 ἡμεῖς
3154 3671 3210 3724 δὲ
3245 3672 3337 3724 τὸν
3386 3672 3474 3724 διά
3526 3672 3756 3744 σταυροῦ

2186 3759 2567 3831 φανερωθέντα
2589 3761 2720 3812 Θεὸν
2743 3759 2917 3822 οὕτως
2950 3761 3117 3830 τιμᾷν
3147 3761 3373 3830 οἰόμεθα
3422 3762 3530 3814 δεῖν
3579 3762 3757 3826 καθὼς

2186 3854 2411 3924 τιμᾶται
2440 3852 2469 3903 ὁ
2494 3850 2681 3921 Πατὴρ
2701 3893 2715 3916 ,
2750 3854 2862 3915 τοῖς
2894 3851 2950 3904 δὲ
2982 3853 3044 3905 τὸ
3073 3853 3245 3917 πάθος
3272 3854 3529 3922 ἐμπόδιον
3555 3854 3763 3921 γίνεται
3789 3882 3799 3893 -

2187 3943 2325 4015 πρὸς
2358 3942 2420 3995 τὸ
2451 3940 2690 4007 δοξάζειν
2730 3943 2819 3995 τὸν
2871 3944 3131 4014 μονογενῆ
3167 3945 3299 3997 Θεὸν
3328 3944 3523 4013 ἐπίσης
3557 3944 3636 4014 τῷ
3663 3961 3753 4012 γε·

2186 4034 2472 4102 γεννηκότι
2528 4033 2731 4105 Πατρί·
2781 4034 2890 4104 ἄρα
2935 4035 3320 4105 περιτρέπεται
3371 4034 3507 4104 πρὸς
3544 4034 3758 4097 τούναν-

2186 4126 2300 4181 τίον
2326 4125 2403 4195 τῷ
2433 4126 2657 4195 σοφιστῇ
2682 4123 2751 4177 τά
2777 4125 3117 4194 ἐγκλήματα,
3142 4126 3234 4178 καὶ
3256 4125 3325 4177 δι’
3342 4118 3415 4178 ὧν
3438 4128 3760 4196 κατηγορεῖν

2189 4217 2347 4288 ἡμῶν
2370 4216 2538 4269 οἴεται
2565 4256 2579 4279 ,
2610 4215 2709 4286 τὴν
2752 4216 2887 4269 ίδίαν
2910 4200 3224 4287 δημοσιεύει
3256 4217 3398 4270 κατὰ
3424 4218 3534 4271 τῶν
3557 4218 3757 4286 δογμά-

2189 4327 2297 4363 των
2319 4308 2596 4362 ἀσέϐειαν.
2618 4308 2783 4378 Δῆλον
2808 4308 2915 4380 γὰρ
2939 4310 3021 4361 ὅτι
3047 4308 3235 4362 τούτου
3260 4310 3418 4379 χάριν
3443 4308 3760 4379 ὑπερτίθησι

2191 4398 2286 4452 τοῦ
2308 4398 2437 4452 Υίοῦ
2467 4399 2557 4451 τὸν
2588 4397 2829 4468 Πατέρα,
2861 4390 2954 4450 καὶ
2980 4402 3098 4461 ταῖς
3132 4398 3371 4469 μείζοσιν
3401 4398 3771 4467 ἀποσεμνύνει,

2192 4495 2377 4562 τιμαῖς
2396 4532 2409 4555 ,
2438 4492 2519 4545 ὅτι
2549 4492 2581 4560 ἡ
2610 4491 2751 4544 κατά
2781 4491 2872 4542 τὸν
2904 4490 3135 4561 σταυρὸν
3177 4490 3407 4562 αἰσχύνη
3441 4491 3569 4560 περὶ
3606 4490 3762 4542 αὑτὸν

503 4599 613 4652 que
643 4598 866 4637 causam
896 4584 948 4637 in
984 4586 1227 4641 deterius
1260 4587 1602 4640 immutatam
1635 4603 1758 4643 esse
1790 4586 2076 4643 Fil’iinatn-

2192 4587 2288 4655 οὐχ
2321 4586 2512 4655 δρᾶται
2539 4602 2552 4615 ·
2588 4585 2682 4637 καὶ
2709 4583 2797 4637 διὰ
2830 4583 2987 4643 τοῦτο
3016 4582 3153 4653 πρὸς
3176 4584 3236 4636 τὸ
3277 4586 3456 4654 χεῖρον
3484 4583 3759 4653 παρηλλὰο

506 4692 625 4731 ram
669 4677 975 4741 contendit,
1009 4679 1137 4748 quia
1176 4680 1361 4735 crucis
1402 4680 1662 4749 probrum
1702 4681 1758 4734 in
1786 4681 1966 4751 ipsum
2000 4696 2089 4754 so-_

508 4768 622 4822 lum
654 4764 926 4831 refertur,
972 4770 1120 4839 quod
1173 4771 1393 4827 Patrem
1444 4787 1553 4826 non
1603 4772 1841 4841 attingit.
1893 4772 2089 4839 Nullus

507 4870 694 4916 autem
724 4863 1001 4917 existimet
1046 4878 1132 4917 me
1167 4863 1339 4917 solam
1368 4864 1672 4930 secundum
1702 4865 1823 4935 ejus
1850 4873 2089 4920 mentem

507 4953 959 5008 consecutionem
994 4954 1181 5022 scripti
1214 4963 1528 5024 sequentem
1562 4956 1677 5011 haec
1715 4957 1915 5011 dicere.
1951 4956 2089 5011 Cum

509 5044 657 5100 enim
696 5046 924 5117 legendo
959 5046 1357 5115 percurrissem
1401 5063 1616 5103 omnem
1664 5050 1931 5105 orationis
1971 5050 2090 5120 ejus

510 5146 767 5192 accurate
794 5138 1153 5207 compositam
1191 5139 1260 5195 ab
1300 5139 1418 5207 ipso
1457 5140 1873 5209 blasphemiam,
1907 5142 1961 5195 in
2007 5157 2093 5196 se-

509 5230 808 5298 quentibus
839 5229 1128 5293 manifeste
1160 5230 1305 5284 nuda
1336 5230 1577 5293 dictione
1613 5232 1756 5286 hanc
1788 5233 2091 5304 expositam

511 5323 687 5390 reperi
727 5322 1144 5399 blasphemiam.
1172 5322 1309 5385 Et,si
1341 5323 1639 5390 videtur,in
1665 5326 1934 5382 orationis
1961 5307 2094 5381 mete

514 5412 657 5469 serie
695 5428 757 5466 ea
789 5429 909 5483 quae
944 5414 1013 5467 ab
1049 5415 1169 5483 ipso
1199 5415 1405 5485 scripta
1436 5423 1565 5470 sunt
1616 5432 1881 5485 apponam
1912 5458 1928 5483 ,
1972 5432 2106 5487 quae.

514 5507 597 5560 sic
624 5522 682 5560 sc
714 5506 951 5559 habent:
982 5506 1059 5569 ait
1081 5505 1323 5561 cnim:Si
1355 5507 1565 5576 quidem
1591 5508 1956 5563 demonstrare
2000 5526 2097 5579 po-

516 5604 613 5649 test
648 5596 809 5647 etiam
852 5595 1019 5647 Deum
1047 5597 1136 5664 qui
1168 5596 1221 5647 in
1249 5597 1489 5649 omnibus
1517 5606 1617 5661 est,
1650 5598 1739 5667 qui
1766 5598 1975 5666 quidem
2004 5598 2098 5672 tua;

514 5697 593 5741 est
630 5687 923 5749 inaccessa,
960 5688 1013 5739 in
1049 5703 1209 5739 carne
1243 5686 1442 5753 factum
1475 5704 1587 5741 esse
1640 5688 1717 5742 vel
1756 5690 1873 5757 ﬁeri
1921 5704 2094 5757 posse,

516 5777 612 5838 sub
638 5788 950 5845 potestatem
975 5779 1195 5843 venisse,
1228 5780 1462 5846 imperiis
1512 5780 1769 5835 obediisse
1795 5821 1808 5840 .
1849 5780 2094 5833 humanis

520 5870 717 5945 legibus
774 5871 1122 5946 gubernatum
1177 5872 1382 5942 fuisse,
1435 5890 1646 5928 crucem
1690 5874 1911 5939 tulisse,
1952 5874 2095 5951 dicat

2194 4677 2320 4749 χθαι
2348 4676 2439 4729 τοῦ
2470 4675 2599 4728 Υίοῦ
2633 4676 2733 4744 τὴν
2760 4674 2921 4743 φύσιν
2946 4676 3355 4745 διισχυρίζεται.
3374 4678 3456 4729 ὅτι
3479 4676 3573 4729 τοῦ
3604 4693 3762 4727 σταυ-

2196 4767 2289 4838 ροῦ
2312 4766 2371 4819 τὸ
2393 4766 2595 4841 ὄνειδος
2632 4768 2712 4829 είς
2739 4767 2901 4819 αὑτὸν
2941 4768 3272 4837 ἀναφέρεται
3315 4768 3472 4837 μόνον
3492 4808 3506 4830 ,
3534 4767 3627 4820 τοῦ
3653 4769 3765 4819 Πα-

2191 4858 2319 4930 τρὺς
2339 4859 2436 4927 οὐχ
2473 4858 2801 4927 ἀπτόμενον.
2833 4858 2942 4910 Καὶ
2977 4858 3166 4927 μηδεὶς
3194 4858 3392 4919 οἰέσθω
3435 4875 3501 4927 με
3538 4860 3673 4928 μόνῃ
3700 4859 3765 4926 τῇ

2193 4938 2334 5021 κατά
2362 4949 2453 5001 τὸν
2487 4948 2610 5002 νοῦν
2659 4948 2951 5018 ἀκολουθίᾳ
2982 4950 3080 5018 τῆς
3113 4948 3478 5018 λογογραφίας
3509 4949 3769 5018 ἑπόμενον

2193 5039 2363 5094 ταῦτα
2389 5038 2587 5107 λέγειν.
2622 5037 2993 5111 Προσδιελθὼν
3020 5038 3130 5107 γὰρ
3157 5038 3249 5091 τοῦ
3280 5039 3437 5105 λόγου
3464 5042 3641 5091 πᾶσαν
3672 5038 3770 5107 τὴν

2196 5131 2495 5200 φιλοπόνως
2548 5130 2916 5199 συγκειμένην
2967 5131 3023 5182 ὲν
3056 5130 3203 5199 αύτῷ
3260 5128 3604 5199 βλασφημίαν
3638 5170 3652 5192 ,
3712 5131 3769 5181 ὲν

2193 5226 2306 5285 τοῖς
2332 5224 2470 5291 μετὰ
2508 5221 2681 5275 ταῦτα
2724 5220 2910 5289 σαφῶς
2950 5214 3108 5291 εὖρον
3139 5222 3316 5291 γυρνῇ
3362 5224 3427 5290 τῇ
3458 5220 3600 5283 λέξει
3639 5218 3770 5273 ταύ-
3804 5200 3814 5279 ί

2196 5330 2293 5383 την
2346 5312 2660 5366 ἐκτεθεῖσαν
2707 5314 2796 5366 ὑπ’
2826 5313 2989 5367 αὑτοῦ
3011 5314 3109 5381 τὴν
3155 5312 3521 5383 βλασφημίαν.
3555 5311 3685 5374 Καὶ,
3724 5312 3772 5362 εἰ
3808 5316 3809 5323 ‘

2196 5406 2374 5467 δοκεῖ,
2406 5406 2798 5477 παραθήσομαι
2831 5408 2898 5475 τῇ
2940 5404 3232 5476 ἀκολουθίᾳ
3262 5404 3367 5457 τῶν
3405 5403 3554 5473 ὲμῶν
3600 5403 3774 5468 λόγων

2197 5498 2263 5552 τά
2315 5500 2443 5569 παρ’
2492 5498 2658 5553 αὑτοῦ
2715 5499 3094 5567 γεγραμμένα,
3154 5488 3345 5567 ἔχοντα
3388 5496 3592 5558 οὕτως’
3641 5495 3773 5564 φησὶ

2198 5591 2335 5661 γάρ·
2373 5592 2442 5644 El
2468 5590 2586 5657 μὲν
2628 5589 2751 5658 ἔχει
2792 5588 3097 5641 δεικνύναι
3130 5590 3228 5641 καὶ
3269 5589 3376 5640 τὸν
3408 5588 3505 5640 ἐπὶ
3534 5587 3775 5640 πάντων

2201 5681 2349 5735 Θεὸν
2375 5723 2389 5744 ,
2444 5680 2633 5749 ὅσπερ
2688 5680 2859 5733 ἐστίν
2896 5681 3226 5747 ἀπρόσιτον
3268 5678 3389 5749 φῶς
3414 5719 3429 5741 ,
3481 5680 3551 5731 ἐν
3594 5678 3775 5744 σαρκὶ

2199 5775 2541 5843 γενόμενον,
2577 5772 2614 5840 ἢ
2653 5772 2928 5841 γενέσθαι
2954 5758 3314 5841 δυνάμενον,
3353 5773 3453 5823 ὑπ’
3485 5770 3777 5834 ἐξουσίαν

2199 5866 2419 5934 ἐλθεῖν,
2455 5862 2912 5935 προστάγμασιν
2936 5864 3300 5930 ὑπακοῦσαι,
3325 5865 3532 5933 νόμοις
3554 5863 3777 5929 ἀνθρωο
