  <div class='ocr_page' id='page_1' title='image "/cluster/home/n/w/nwhite01/storage/ocr_20150623/45/nnc1.0046978445/358.png"; bbox 0 0 4138 6364; ppageno 0'>
   <div class='ocr_carea' id='block_1_1' title="bbox 392 408 498 467">
    <p class='ocr_par' dir='ltr' id='par_1_1' title="bbox 392 408 498 467">
     <span class='ocr_line' id='line_1_1' title="bbox 392 408 498 467; baseline 0 -2"><span class='ocrx_word' id='word_1_1' title='bbox 392 408 498 467; x_wconf 82' lang='lat'><strong>895</strong></span> 
     </span>
    </p>
   </div>
   <div class='ocr_carea' id='block_1_2' title="bbox 1523 411 2498 481">
    <p class='ocr_par' dir='ltr' id='par_1_2' title="bbox 1523 411 2498 481">
     <span class='ocr_line' id='line_1_2' title="bbox 1523 411 2498 481; baseline 0.001 -11"><span class='ocrx_word' id='word_1_2' title='bbox 1523 412 1801 470; x_wconf 73' lang='lat' dir='ltr'><strong>CONTRA</strong></span> <span class='ocrx_word' id='word_1_3' title='bbox 1830 411 2222 481; x_wconf 74' lang='lat' dir='ltr'><strong>EUNOMIUM,</strong></span> <span class='ocrx_word' id='word_1_4' title='bbox 2260 414 2392 474; x_wconf 81' lang='lat' dir='ltr'><strong>LIB.</strong></span> <span class='ocrx_word' id='word_1_5' title='bbox 2437 416 2498 472; x_wconf 70' lang='grc' dir='ltr'><strong>ν.</strong></span> 
     </span>
    </p>
   </div>
   <div class='ocr_carea' id='block_1_3' title="bbox 3541 420 3646 479">
    <p class='ocr_par' dir='ltr' id='par_1_3' title="bbox 3541 420 3646 479">
     <span class='ocr_line' id='line_1_3' title="bbox 3541 420 3646 479; baseline 0.01 -1"><span class='ocrx_word' id='word_1_6' title='bbox 3541 420 3646 479; x_wconf 72' lang='lat'><em>696</em></span> 
     </span>
    </p>
   </div>
   <div class='ocr_carea' id='block_1_4' title="bbox 392 524 1964 606">
    <p class='ocr_par' dir='ltr' id='par_1_4' title="bbox 392 526 1960 599">
     <span class='ocr_line' id='line_1_4' title="bbox 392 526 1960 599; baseline 0.001 -21"><span class='ocrx_word' id='word_1_7' title='bbox 392 527 591 590; x_wconf 75' lang='grc' dir='ltr'>πίνοις</span> <span class='ocrx_word' id='word_1_8' title='bbox 633 528 1049 585; x_wconf 75' lang='grc' dir='ltr'>πολιτεύεσθαι</span> <span class='ocrx_word' id='word_1_9' title='bbox 1077 567 1091 591; x_wconf 91' lang='grc'><strong>,</strong></span> <span class='ocrx_word' id='word_1_10' title='bbox 1143 528 1406 596; x_wconf 82' lang='grc' dir='ltr'>σταυρὸν</span> <span class='ocrx_word' id='word_1_11' title='bbox 1461 528 1728 599; x_wconf 67' lang='grc' dir='ltr'>ἐνεγκεῖν</span> <span class='ocrx_word' id='word_1_12' title='bbox 1755 568 1769 595; x_wconf 89' lang='grc'><strong>,</strong></span> <span class='ocrx_word' id='word_1_13' title='bbox 1821 526 1960 583; x_wconf 75' lang='grc' dir='ltr'>ἴσον</span> 
     </span>
    </p>
   </div>
   <div class='ocr_carea' id='block_1_5' title="bbox 2056 524 3642 606">
    <p class='ocr_par' dir='ltr' id='par_1_5' title="bbox 2061 524 3642 606">
     <span class='ocr_line' id='line_1_5' title="bbox 2061 524 3642 606; baseline 0.006 -24"><span class='ocrx_word' id='word_1_14' title='bbox 2061 531 2315 600; x_wconf 65' lang='lat' dir='ltr'><strong>(aqualem</strong></span> <span class='ocrx_word' id='word_1_15' title='bbox 2338 532 2446 585; x_wconf 83' lang='lat' dir='ltr'><strong>luci</strong></span> <span class='ocrx_word' id='word_1_16' title='bbox 2474 532 2661 586; x_wconf 82' lang='lat' dir='ltr'><strong>lucem.</strong></span> <span class='ocrx_word' id='word_1_17' title='bbox 2693 533 2827 599; x_wconf 86' lang='lat' dir='ltr'><strong>Quis</strong></span> <span class='ocrx_word' id='word_1_18' title='bbox 2862 536 3029 606; x_wconf 86' lang='lat' dir='ltr'><strong>igitur</strong></span> <span class='ocrx_word' id='word_1_19' title='bbox 3059 551 3240 592; x_wconf 80' lang='lat' dir='ltr'><strong>crucis</strong></span> <span class='ocrx_word' id='word_1_20' title='bbox 3275 524 3483 605; x_wconf 84' lang='lat' dir='ltr'><strong>pudore</strong></span> <span class='ocrx_word' id='word_1_21' title='bbox 3518 537 3642 592; x_wconf 83' lang='lat' dir='ltr'><strong>alli-</strong></span> 
     </span>
    </p>
   </div>
   <div class='ocr_carea' id='block_1_6' title="bbox 389 615 1963 691">
    <p class='ocr_par' dir='ltr' id='par_1_6' title="bbox 389 615 1963 691">
     <span class='ocr_line' id='line_1_6' title="bbox 389 615 1963 691; baseline 0.001 -19"><span class='ocrx_word' id='word_1_22' title='bbox 389 618 610 686; x_wconf 73' lang='grc' dir='ltr'>λεγέτω</span> <span class='ocrx_word' id='word_1_23' title='bbox 638 616 718 683; x_wconf 82' lang='grc' dir='ltr'>τῷ</span> <span class='ocrx_word' id='word_1_24' title='bbox 748 620 892 687; x_wconf 69' lang='grc' dir='ltr'>φωτὶ</span> <span class='ocrx_word' id='word_1_25' title='bbox 928 620 996 672; x_wconf 79' lang='grc' dir='ltr'><strong>τὸ</strong></span> <span class='ocrx_word' id='word_1_26' title='bbox 1046 618 1188 688; x_wconf 75' lang='grc' dir='ltr'><strong>φῶς.</strong></span> <span class='ocrx_word' id='word_1_27' title='bbox 1231 619 1329 683; x_wconf 91' lang='grc' dir='ltr'><strong>Τίς</strong></span> <span class='ocrx_word' id='word_1_28' title='bbox 1369 615 1463 673; x_wconf 75' lang='grc' dir='ltr'><strong>οὖν</strong></span> <span class='ocrx_word' id='word_1_29' title='bbox 1495 622 1524 670; x_wconf 93' lang='lat'><strong>6</strong></span> <span class='ocrx_word' id='word_1_30' title='bbox 1567 621 1963 691; x_wconf 81' lang='grc' dir='ltr'>ἐπαισχυνόμε-</span> 
     </span>
    </p>
   </div>
   <div class='ocr_carea' id='block_1_7' title="bbox 390 708 1963 785">
    <p class='ocr_par' dir='ltr' id='par_1_7' title="bbox 390 708 1963 785">
     <span class='ocr_line' id='line_1_7' title="bbox 390 708 1963 785; baseline 0.006 -26"><span class='ocrx_word' id='word_1_31' title='bbox 390 726 478 771; x_wconf 80' lang='grc' dir='ltr'><strong>νος</strong></span> <span class='ocrx_word' id='word_1_32' title='bbox 518 708 599 779; x_wconf 84' lang='grc' dir='ltr'>τῷ</span> <span class='ocrx_word' id='word_1_33' title='bbox 645 710 899 781; x_wconf 72' lang='grc' dir='ltr'>σταυρῷς</span> <span class='ocrx_word' id='word_1_34' title='bbox 934 712 963 763; x_wconf 90' lang='grc' dir='ltr'><strong>ὁ</strong></span> <span class='ocrx_word' id='word_1_35' title='bbox 1000 713 1093 764; x_wconf 74' lang='grc' dir='ltr'>καὶ</span> <span class='ocrx_word' id='word_1_36' title='bbox 1144 712 1281 781; x_wconf 82' lang='grc' dir='ltr'>μετὰ</span> <span class='ocrx_word' id='word_1_37' title='bbox 1314 712 1376 765; x_wconf 88' lang='grc' dir='ltr'><strong>τὸ</strong></span> <span class='ocrx_word' id='word_1_38' title='bbox 1428 713 1598 775; x_wconf 86' lang='grc' dir='ltr'>πάθος</span> <span class='ocrx_word' id='word_1_39' title='bbox 1640 715 1963 785; x_wconf 83' lang='grc' dir='ltr'>προσκυνῶν</span> 
     </span>
    </p>
   </div>
   <div class='ocr_carea' id='block_1_8' title="bbox 388 797 2020 877">
    <p class='ocr_par' dir='ltr' id='par_1_8' title="bbox 388 797 2020 877">
     <span class='ocr_line' id='line_1_8' title="bbox 388 797 2020 877; baseline 0.002 -23"><span class='ocrx_word' id='word_1_40' title='bbox 388 797 481 854; x_wconf 80' lang='grc' dir='ltr'>ἶσα</span> <span class='ocrx_word' id='word_1_41' title='bbox 513 803 688 873; x_wconf 76' lang='grc' dir='ltr'>Πατρὶ</span> <span class='ocrx_word' id='word_1_42' title='bbox 713 804 803 856; x_wconf 90' lang='grc' dir='ltr'><strong>τὸν</strong></span> <span class='ocrx_word' id='word_1_43' title='bbox 832 803 961 857; x_wconf 83' lang='grc' dir='ltr'>Υίὸν</span> <span class='ocrx_word' id='word_1_44' title='bbox 984 843 1001 869; x_wconf 90' lang='grc'><strong>,</strong></span> <span class='ocrx_word' id='word_1_45' title='bbox 1037 803 1070 874; x_wconf 83' lang='grc' dir='ltr'><strong>ἧ</strong></span> <span class='ocrx_word' id='word_1_46' title='bbox 1097 804 1126 856; x_wconf 98' lang='lat'><strong>6</strong></span> <span class='ocrx_word' id='word_1_47' title='bbox 1161 805 1255 858; x_wconf 74' lang='grc' dir='ltr'><strong>καὶ</strong></span> <span class='ocrx_word' id='word_1_48' title='bbox 1304 805 1410 876; x_wconf 84' lang='grc' dir='ltr'><strong>πρὸ</strong></span> <span class='ocrx_word' id='word_1_49' title='bbox 1440 806 1534 858; x_wconf 83' lang='grc' dir='ltr'>τοῦ</span> <span class='ocrx_word' id='word_1_50' title='bbox 1574 806 1781 871; x_wconf 80' lang='grc' dir='ltr'><strong>πάθους</strong></span> <span class='ocrx_word' id='word_1_51' title='bbox 1809 808 1963 877; x_wconf 81' lang='grc' dir='ltr'>ὑϐρί-</span> <span class='ocrx_word' id='word_1_52' title='bbox 2004 815 2020 857; x_wconf 70' lang='lat' dir='ltr'><strong>a&#39;</strong></span> 
     </span>
    </p>
   </div>
   <div class='ocr_carea' id='block_1_9' title="bbox 389 893 2012 968">
    <p class='ocr_par' dir='ltr' id='par_1_9' title="bbox 389 893 2012 968">
     <span class='ocr_line' id='line_1_9' title="bbox 389 893 2012 968; baseline 0.004 -22"><span class='ocrx_word' id='word_1_53' title='bbox 389 893 498 957; x_wconf 74' lang='grc' dir='ltr'>ξων</span> <span class='ocrx_word' id='word_1_54' title='bbox 522 934 538 958; x_wconf 92' lang='grc'><strong>,</strong></span> <span class='ocrx_word' id='word_1_55' title='bbox 580 894 642 947; x_wconf 86' lang='grc' dir='ltr'><strong>οὑ</strong></span> <span class='ocrx_word' id='word_1_56' title='bbox 676 896 835 965; x_wconf 88' lang='grc' dir='ltr'>μόνον</span> <span class='ocrx_word' id='word_1_57' title='bbox 864 898 930 966; x_wconf 79' lang='grc' dir='ltr'>τῇ</span> <span class='ocrx_word' id='word_1_58' title='bbox 980 896 1116 967; x_wconf 88' lang='grc' dir='ltr'>πρὸς</span> <span class='ocrx_word' id='word_1_59' title='bbox 1145 896 1241 966; x_wconf 84' lang='grc' dir='ltr'>τὴν</span> <span class='ocrx_word' id='word_1_60' title='bbox 1276 895 1450 949; x_wconf 80' lang='grc' dir='ltr'>κτίσιν</span> <span class='ocrx_word' id='word_1_61' title='bbox 1502 898 1760 968; x_wconf 75' lang='grc' dir='ltr'>ὁμοτιμία</span> <span class='ocrx_word' id='word_1_62' title='bbox 1782 940 1797 964; x_wconf 90' lang='grc'><strong>,</strong></span> <span class='ocrx_word' id='word_1_63' title='bbox 1826 897 1963 952; x_wconf 88' lang='grc' dir='ltr'><strong>ἀλλά</strong></span> <span class='ocrx_word' id='word_1_64' title='bbox 2006 895 2012 900; x_wconf 77' lang='grc'><em>’</em></span> 
     </span>
    </p>
   </div>
   <div class='ocr_carea' id='block_1_10' title="bbox 389 984 1961 1057">
    <p class='ocr_par' dir='ltr' id='par_1_10' title="bbox 389 984 1961 1057">
     <span class='ocr_line' id='line_1_10' title="bbox 389 984 1961 1057; baseline 0.004 -20"><span class='ocrx_word' id='word_1_65' title='bbox 389 986 483 1039; x_wconf 77' lang='grc' dir='ltr'><strong>καὶ</strong></span> <span class='ocrx_word' id='word_1_66' title='bbox 531 985 611 1057; x_wconf 82' lang='grc' dir='ltr'>τῷ</span> <span class='ocrx_word' id='word_1_67' title='bbox 648 985 1075 1049; x_wconf 78' lang='grc' dir='ltr'>κατασκευάζειν</span> <span class='ocrx_word' id='word_1_68' title='bbox 1128 988 1230 1056; x_wconf 76' lang='grc' dir='ltr'>τῆς</span> <span class='ocrx_word' id='word_1_69' title='bbox 1278 988 1557 1056; x_wconf 80' lang='grc' dir='ltr'>ἐμπαθοῦς</span> <span class='ocrx_word' id='word_1_70' title='bbox 1608 989 1769 1042; x_wconf 79' lang='grc' dir='ltr'>αὑτὸν</span> <span class='ocrx_word' id='word_1_71' title='bbox 1821 984 1961 1043; x_wconf 76' lang='grc' dir='ltr'>εἶναι</span> 
     </span>
    </p>
   </div>
   <div class='ocr_carea' id='block_1_11' title="bbox 390 1077 1961 1152">
    <p class='ocr_par' dir='ltr' id='par_1_11' title="bbox 390 1077 1961 1152">
     <span class='ocr_line' id='line_1_11' title="bbox 390 1077 1961 1152; baseline 0.004 -23"><span class='ocrx_word' id='word_1_72' title='bbox 390 1077 634 1147; x_wconf 82' lang='grc' dir='ltr'>φύσεως,</span> <span class='ocrx_word' id='word_1_73' title='bbox 675 1078 748 1148; x_wconf 85' lang='grc' dir='ltr'><strong>μὴ</strong></span> <span class='ocrx_word' id='word_1_74' title='bbox 774 1079 1067 1132; x_wconf 81' lang='grc' dir='ltr'><strong>ἀνελθόντα</strong></span> <span class='ocrx_word' id='word_1_75' title='bbox 1122 1080 1258 1150; x_wconf 87' lang='grc' dir='ltr'>πρὸς</span> <span class='ocrx_word' id='word_1_76' title='bbox 1307 1080 1406 1150; x_wconf 87' lang='grc' dir='ltr'>τὴν</span> <span class='ocrx_word' id='word_1_77' title='bbox 1454 1080 1562 1132; x_wconf 80' lang='grc' dir='ltr'>τῶν</span> <span class='ocrx_word' id='word_1_78' title='bbox 1622 1080 1961 1152; x_wconf 78' lang='grc' dir='ltr'>παθημάτων</span> 
     </span>
    </p>
   </div>
   <div class='ocr_carea' id='block_1_12' title="bbox 389 1168 1999 1244">
    <p class='ocr_par' dir='ltr' id='par_1_12' title="bbox 389 1168 1999 1244">
     <span class='ocr_line' id='line_1_12' title="bbox 389 1168 1999 1244; baseline 0.001 -21"><span class='ocrx_word' id='word_1_79' title='bbox 389 1173 602 1241; x_wconf 85' lang='grc' dir='ltr'>πεῖραν,</span> <span class='ocrx_word' id='word_1_80' title='bbox 633 1173 680 1223; x_wconf 81' lang='grc' dir='ltr'><strong>εί</strong></span> <span class='ocrx_word' id='word_1_81' title='bbox 715 1170 789 1241; x_wconf 82' lang='grc' dir='ltr'>μὴ</span> <span class='ocrx_word' id='word_1_82' title='bbox 810 1171 1059 1241; x_wconf 78' lang='grc' dir='ltr'>δεκτικὴν</span> <span class='ocrx_word' id='word_1_83' title='bbox 1074 1168 1197 1241; x_wconf 82' lang='grc' dir='ltr'>,εἶχε</span> <span class='ocrx_word' id='word_1_84' title='bbox 1230 1174 1338 1224; x_wconf 85' lang='grc' dir='ltr'><strong>τῶν</strong></span> <span class='ocrx_word' id='word_1_85' title='bbox 1362 1172 1620 1233; x_wconf 86' lang='grc' dir='ltr'>τοιούτων</span> <span class='ocrx_word' id='word_1_86' title='bbox 1647 1174 1746 1244; x_wconf 82' lang='grc' dir='ltr'>τὴν</span> <span class='ocrx_word' id='word_1_87' title='bbox 1777 1173 1958 1243; x_wconf 84' lang='grc' dir='ltr'>φύσιν;</span> <span class='ocrx_word' id='word_1_88' title='bbox 1989 1222 1999 1233; x_wconf 88' lang='grc'><strong>,</strong></span> 
     </span>
    </p>
   </div>
   <div class='ocr_carea' id='block_1_13' title="bbox 398 1256 1958 1333">
    <p class='ocr_par' dir='ltr' id='par_1_13' title="bbox 398 1256 1958 1333">
     <span class='ocr_line' id='line_1_13' title="bbox 398 1256 1958 1333; baseline 0.003 -19"><span class='ocrx_word' id='word_1_89' title='bbox 398 1263 590 1333; x_wconf 84' lang='grc' dir='ltr'><strong>Ἡμεῖς</strong></span> <span class='ocrx_word' id='word_1_90' title='bbox 626 1263 723 1333; x_wconf 90' lang='grc' dir='ltr'><strong>μέν</strong></span> <span class='ocrx_word' id='word_1_91' title='bbox 755 1262 863 1332; x_wconf 85' lang='grc' dir='ltr'><strong>γάρ</strong></span> <span class='ocrx_word' id='word_1_92' title='bbox 904 1263 998 1317; x_wconf 77' lang='grc' dir='ltr'><strong>καὶ</strong></span> <span class='ocrx_word' id='word_1_93' title='bbox 1039 1263 1106 1315; x_wconf 84' lang='grc' dir='ltr'><strong>τὸ</strong></span> <span class='ocrx_word' id='word_1_94' title='bbox 1128 1262 1285 1333; x_wconf 78' lang='grc' dir='ltr'>σῶμα</span> <span class='ocrx_word' id='word_1_95' title='bbox 1313 1256 1356 1332; x_wconf 82' lang='grc' dir='ltr'>ᾧ</span> <span class='ocrx_word' id='word_1_96' title='bbox 1397 1263 1457 1317; x_wconf 92' lang='grc' dir='ltr'><strong>τὸ</strong></span> <span class='ocrx_word' id='word_1_97' title='bbox 1506 1264 1676 1329; x_wconf 82' lang='grc' dir='ltr'>πάθος</span> <span class='ocrx_word' id='word_1_98' title='bbox 1721 1265 1958 1331; x_wconf 79' lang='grc' dir='ltr'><strong>ἐδέξατο,</strong></span> 
     </span>
    </p>
   </div>
   <div class='ocr_carea' id='block_1_14' title="bbox 386 1352 1962 1425">
    <p class='ocr_par' dir='ltr' id='par_1_14' title="bbox 386 1352 1962 1425">
     <span class='ocr_line' id='line_1_14' title="bbox 386 1352 1962 1425; baseline 0.003 -20"><span class='ocrx_word' id='word_1_99' title='bbox 386 1356 451 1424; x_wconf 80' lang='grc' dir='ltr'>τῇ</span> <span class='ocrx_word' id='word_1_100' title='bbox 502 1352 623 1424; x_wconf 82' lang='grc' dir='ltr'>θείᾳ</span> <span class='ocrx_word' id='word_1_101' title='bbox 655 1353 813 1421; x_wconf 84' lang='grc' dir='ltr'>φύσει</span> <span class='ocrx_word' id='word_1_102' title='bbox 846 1353 1228 1423; x_wconf 83' lang='grc' dir='ltr'>κατακραθὲν,</span> <span class='ocrx_word' id='word_1_103' title='bbox 1284 1356 1460 1409; x_wconf 84' lang='grc' dir='ltr'>ἐκεῖνο</span> <span class='ocrx_word' id='word_1_104' title='bbox 1494 1356 1823 1425; x_wconf 81' lang='grc' dir='ltr'>πεποιῆσθαί</span> <span class='ocrx_word' id='word_1_105' title='bbox 1859 1373 1962 1423; x_wconf 89' lang='grc' dir='ltr'>φα-</span> 
     </span>
    </p>
   </div>
   <div class='ocr_carea' id='block_1_15' title="bbox 389 1442 1960 1514">
    <p class='ocr_par' dir='ltr' id='par_1_15' title="bbox 389 1442 1960 1514">
     <span class='ocr_line' id='line_1_15' title="bbox 389 1442 1960 1514; baseline 0.001 -19"><span class='ocrx_word' id='word_1_106' title='bbox 389 1461 489 1512; x_wconf 91' lang='grc' dir='ltr'><strong>μεν</strong></span> <span class='ocrx_word' id='word_1_107' title='bbox 520 1442 607 1495; x_wconf 86' lang='grc' dir='ltr'><strong>διά</strong></span> <span class='ocrx_word' id='word_1_108' title='bbox 643 1443 742 1513; x_wconf 83' lang='grc' dir='ltr'><strong>τῆς</strong></span> <span class='ocrx_word' id='word_1_109' title='bbox 779 1444 1163 1513; x_wconf 82' lang='grc' dir='ltr'>ἀνακράσεως,</span> <span class='ocrx_word' id='word_1_110' title='bbox 1195 1443 1330 1514; x_wconf 77' lang='grc' dir='ltr'>ὅπερ</span> <span class='ocrx_word' id='word_1_111' title='bbox 1365 1445 1398 1514; x_wconf 86' lang='grc' dir='ltr'><strong>ἡ</strong></span> <span class='ocrx_word' id='word_1_112' title='bbox 1434 1443 1774 1497; x_wconf 82' lang='grc' dir='ltr'>ἀναλαϐοῦσα</span> <span class='ocrx_word' id='word_1_113' title='bbox 1801 1444 1960 1512; x_wconf 86' lang='grc' dir='ltr'>φύσις</span> 
     </span>
    </p>
   </div>
   <div class='ocr_carea' id='block_1_16' title="bbox 385 1534 2021 1615">
    <p class='ocr_par' dir='ltr' id='par_1_16' title="bbox 385 1534 2021 1615">
     <span class='ocr_line' id='line_1_16' title="bbox 385 1534 2021 1615; baseline 0.004 -28"><span class='ocrx_word' id='word_1_114' title='bbox 385 1534 521 1588; x_wconf 85' lang='grc' dir='ltr'>ἐστί.</span> <span class='ocrx_word' id='word_1_115' title='bbox 550 1534 811 1587; x_wconf 71' lang='grc' dir='ltr'>Τοσοῦτον</span> <span class='ocrx_word' id='word_1_116' title='bbox 837 1535 1115 1606; x_wconf 80' lang='grc' dir='ltr'><strong>ἀπέχομεν</strong></span> <span class='ocrx_word' id='word_1_117' title='bbox 1142 1535 1236 1588; x_wconf 82' lang='grc' dir='ltr'>τοῦ</span> <span class='ocrx_word' id='word_1_118' title='bbox 1266 1536 1459 1607; x_wconf 86' lang='grc' dir='ltr'>μικρόν</span> <span class='ocrx_word' id='word_1_119' title='bbox 1486 1553 1539 1589; x_wconf 91' lang='grc' dir='ltr'><strong>τι</strong></span> <span class='ocrx_word' id='word_1_120' title='bbox 1568 1536 1705 1605; x_wconf 66' lang='grc' dir='ltr'>περὶ</span> <span class='ocrx_word' id='word_1_121' title='bbox 1731 1536 1822 1590; x_wconf 87' lang='grc' dir='ltr'><strong>τὸν</strong></span> <span class='ocrx_word' id='word_1_122' title='bbox 1863 1553 1962 1605; x_wconf 87' lang='grc' dir='ltr'>μο-</span> <span class='ocrx_word' id='word_1_123' title='bbox 1992 1572 2021 1615; x_wconf 51' lang='grc' dir='ltr'><strong>μ</strong></span> 
     </span>
    </p>
   </div>
   <div class='ocr_carea' id='block_1_17' title="bbox 386 1625 1960 1697">
    <p class='ocr_par' dir='ltr' id='par_1_17' title="bbox 386 1625 1960 1697">
     <span class='ocr_line' id='line_1_17' title="bbox 386 1625 1960 1697; baseline 0.001 -18"><span class='ocrx_word' id='word_1_124' title='bbox 386 1626 576 1696; x_wconf 78' lang='grc' dir='ltr'>νογενῆ</span> <span class='ocrx_word' id='word_1_125' title='bbox 606 1626 735 1679; x_wconf 84' lang='grc' dir='ltr'>Θεὸν</span> <span class='ocrx_word' id='word_1_126' title='bbox 761 1628 959 1679; x_wconf 80' lang='grc' dir='ltr'>ἐννοεῖν</span> <span class='ocrx_word' id='word_1_127' title='bbox 978 1667 993 1692; x_wconf 92' lang='grc'><strong>,</strong></span> <span class='ocrx_word' id='word_1_128' title='bbox 1026 1626 1099 1689; x_wconf 82' lang='grc' dir='ltr'>ὡς</span> <span class='ocrx_word' id='word_1_129' title='bbox 1134 1625 1188 1679; x_wconf 84' lang='grc' dir='ltr'><strong>εἴ</strong></span> <span class='ocrx_word' id='word_1_130' title='bbox 1218 1644 1273 1679; x_wconf 89' lang='grc' dir='ltr'><strong>τι</strong></span> <span class='ocrx_word' id='word_1_131' title='bbox 1316 1629 1411 1681; x_wconf 80' lang='grc' dir='ltr'>καὶ</span> <span class='ocrx_word' id='word_1_132' title='bbox 1437 1628 1534 1697; x_wconf 83' lang='grc' dir='ltr'>τῆς</span> <span class='ocrx_word' id='word_1_133' title='bbox 1566 1627 1716 1680; x_wconf 87' lang='grc' dir='ltr'>κάτω</span> <span class='ocrx_word' id='word_1_134' title='bbox 1746 1628 1960 1695; x_wconf 78' lang='grc' dir='ltr'>φύσεως</span> 
     </span>
    </p>
   </div>
   <div class='ocr_carea' id='block_1_18' title="bbox 383 1807 1956 1879">
    <p class='ocr_par' dir='ltr' id='par_1_18' title="bbox 383 1807 1956 1879">
     <span class='ocr_line' id='line_1_18' title="bbox 383 1807 1956 1879; baseline -0.001 -18"><span class='ocrx_word' id='word_1_135' title='bbox 383 1807 539 1862; x_wconf 84' lang='grc' dir='ltr'>τοῦτο</span> <span class='ocrx_word' id='word_1_136' title='bbox 586 1807 862 1860; x_wconf 80' lang='grc' dir='ltr'>πιστεύειν</span> <span class='ocrx_word' id='word_1_137' title='bbox 914 1809 1383 1879; x_wconf 83' lang='grc' dir='ltr'>μεταπεποιῆσθαι</span> <span class='ocrx_word' id='word_1_138' title='bbox 1439 1807 1573 1878; x_wconf 85' lang='grc' dir='ltr'>πρὸς</span> <span class='ocrx_word' id='word_1_139' title='bbox 1616 1808 1676 1861; x_wconf 86' lang='grc' dir='ltr'><strong>τὸ</strong></span> <span class='ocrx_word' id='word_1_140' title='bbox 1707 1807 1849 1859; x_wconf 85' lang='grc' dir='ltr'>θεῖόν</span> <span class='ocrx_word' id='word_1_141' title='bbox 1898 1824 1956 1860; x_wconf 88' lang='grc' dir='ltr'><strong>τε</strong></span> 
     </span>
    </p>
   </div>
   <div class='ocr_carea' id='block_1_19' title="bbox 383 1881 2031 1973">
    <p class='ocr_par' dir='ltr' id='par_1_19' title="bbox 383 1881 2031 1973">
     <span class='ocr_line' id='line_1_19' title="bbox 383 1881 2031 1973; baseline -0.002 -18"><span class='ocrx_word' id='word_1_142' title='bbox 383 1903 478 1961; x_wconf 82' lang='grc' dir='ltr'><strong>καὶ</strong></span> <span class='ocrx_word' id='word_1_143' title='bbox 504 1902 777 1973; x_wconf 86' lang='grc' dir='ltr'>ἀκήρατον</span> <span class='ocrx_word' id='word_1_144' title='bbox 800 1917 815 1933; x_wconf 79' lang='grc' dir='ltr'><strong>ο</strong></span> <span class='ocrx_word' id='word_1_145' title='bbox 849 1903 877 1953; x_wconf 89' lang='grc' dir='ltr'>ὁ</span> <span class='ocrx_word' id='word_1_146' title='bbox 901 1902 957 1955; x_wconf 82' lang='grc' dir='ltr'>δὲ</span> <span class='ocrx_word' id='word_1_147' title='bbox 990 1904 1212 1971; x_wconf 84' lang='grc' dir='ltr'>σημεῖον</span> <span class='ocrx_word' id='word_1_148' title='bbox 1252 1901 1352 1971; x_wconf 84' lang='grc' dir='ltr'><strong>τῆς</strong></span> <span class='ocrx_word' id='word_1_149' title='bbox 1393 1901 1529 1973; x_wconf 85' lang='grc' dir='ltr'>πρὸς</span> <span class='ocrx_word' id='word_1_150' title='bbox 1562 1900 1621 1952; x_wconf 91' lang='grc' dir='ltr'><strong>τὸ</strong></span> <span class='ocrx_word' id='word_1_151' title='bbox 1648 1899 1960 1953; x_wconf 85' lang='grc' dir='ltr'>ταπεινότε-</span> <span class='ocrx_word' id='word_1_152' title='bbox 1990 1881 2031 1935; x_wconf 78' lang='grc' dir='ltr'><strong>Β</strong></span> 
     </span>
    </p>
   </div>
   <div class='ocr_carea' id='block_1_20' title="bbox 388 1988 1957 2063">
    <p class='ocr_par' dir='ltr' id='par_1_20' title="bbox 388 1988 1957 2063">
     <span class='ocr_line' id='line_1_20' title="bbox 388 1988 1957 2063; baseline -0.002 -20"><span class='ocrx_word' id='word_1_153' title='bbox 388 2006 478 2063; x_wconf 88' lang='grc' dir='ltr'><strong>ρον</strong></span> <span class='ocrx_word' id='word_1_154' title='bbox 523 1994 644 2045; x_wconf 88' lang='grc' dir='ltr'>κατ’</span> <span class='ocrx_word' id='word_1_155' title='bbox 693 1991 880 2044; x_wconf 84' lang='grc' dir='ltr'>οὐσίαν</span> <span class='ocrx_word' id='word_1_156' title='bbox 934 1990 1292 2061; x_wconf 80' lang='grc' dir='ltr'>παραλλαγῆς</span> <span class='ocrx_word' id='word_1_157' title='bbox 1341 1989 1403 2043; x_wconf 87' lang='grc' dir='ltr'>τὺ</span> <span class='ocrx_word' id='word_1_158' title='bbox 1448 1988 1576 2060; x_wconf 60' lang='grc' dir='ltr'><strong>περὶ¹</strong></span> <span class='ocrx_word' id='word_1_159' title='bbox 1604 1989 1696 2041; x_wconf 94' lang='grc' dir='ltr'><strong>τὸν</strong></span> <span class='ocrx_word' id='word_1_160' title='bbox 1730 1989 1957 2058; x_wconf 88' lang='grc' dir='ltr'>σταυρὸν</span> 
     </span>
    </p>
   </div>
   <div class='ocr_carea' id='block_1_21' title="bbox 381 2076 1956 2154">
    <p class='ocr_par' dir='ltr' id='par_1_21' title="bbox 381 2076 1956 2154">
     <span class='ocr_line' id='line_1_21' title="bbox 381 2076 1956 2154; baseline 0 -20"><span class='ocrx_word' id='word_1_161' title='bbox 381 2083 554 2146; x_wconf 81' lang='grc' dir='ltr'>πάθος</span> <span class='ocrx_word' id='word_1_162' title='bbox 577 2083 890 2154; x_wconf 89' lang='grc' dir='ltr'>πεποίηται.</span> <span class='ocrx_word' id='word_1_163' title='bbox 928 2083 1042 2135; x_wconf 82' lang='grc' dir='ltr'><strong>Οὐκ</strong></span> <span class='ocrx_word' id='word_1_164' title='bbox 1066 2076 1183 2134; x_wconf 78' lang='grc' dir='ltr'>οῖδα</span> <span class='ocrx_word' id='word_1_165' title='bbox 1203 2082 1351 2145; x_wconf 84' lang='grc' dir='ltr'>ὅπως</span> <span class='ocrx_word' id='word_1_166' title='bbox 1385 2080 1483 2152; x_wconf 83' lang='grc' dir='ltr'>τὴν</span> <span class='ocrx_word' id='word_1_167' title='bbox 1514 2079 1956 2152; x_wconf 86' lang='grc' dir='ltr'>ὑπερϐάλλουσαν</span> 
     </span>
    </p>
   </div>
   <div class='ocr_carea' id='block_1_22' title="bbox 380 2171 1954 2246">
    <p class='ocr_par' dir='ltr' id='par_1_22' title="bbox 380 2171 1954 2246">
     <span class='ocr_line' id='line_1_22' title="bbox 380 2171 1954 2246; baseline -0.003 -18"><span class='ocrx_word' id='word_1_168' title='bbox 380 2175 479 2244; x_wconf 83' lang='grc' dir='ltr'>τῆς</span> <span class='ocrx_word' id='word_1_169' title='bbox 508 2174 788 2244; x_wconf 88' lang='grc' dir='ltr'>δυνάμεως</span> <span class='ocrx_word' id='word_1_170' title='bbox 809 2174 1107 2246; x_wconf 78' lang='grc' dir='ltr'>ἐνέργειαν,</span> <span class='ocrx_word' id='word_1_171' title='bbox 1138 2173 1259 2237; x_wconf 86' lang='grc' dir='ltr'>καθ’</span> <span class='ocrx_word' id='word_1_172' title='bbox 1293 2173 1360 2244; x_wconf 79' lang='grc' dir='ltr'>ἣν</span> <span class='ocrx_word' id='word_1_173' title='bbox 1390 2174 1485 2238; x_wconf 79' lang='grc' dir='ltr'><strong>καὶ</strong></span> <span class='ocrx_word' id='word_1_174' title='bbox 1512 2172 1671 2225; x_wconf 77' lang='grc' dir='ltr'>τοῦτο</span> <span class='ocrx_word' id='word_1_175' title='bbox 1694 2171 1954 2244; x_wconf 73' lang='grc' dir='ltr'>ἠδυνήθη,</span> 
     </span>
    </p>
   </div>
   <div class='ocr_carea' id='block_1_23' title="bbox 380 2263 1953 2339">
    <p class='ocr_par' dir='ltr' id='par_1_23' title="bbox 380 2263 1953 2339">
     <span class='ocr_line' id='line_1_23' title="bbox 380 2263 1953 2339; baseline -0.004 -17"><span class='ocrx_word' id='word_1_176' title='bbox 380 2270 680 2339; x_wconf 70' lang='grc' dir='ltr'>τεκμήριον</span> <span class='ocrx_word' id='word_1_177' title='bbox 707 2268 985 2328; x_wconf 72' lang='grc' dir='ltr'>ἀσθενείας</span> <span class='ocrx_word' id='word_1_178' title='bbox 1014 2266 1332 2337; x_wconf 80' lang='grc' dir='ltr'>ποιούμενος</span> <span class='ocrx_word' id='word_1_179' title='bbox 1356 2284 1370 2298; x_wconf 86' lang='grc'><strong>·</strong></span> <span class='ocrx_word' id='word_1_180' title='bbox 1410 2266 1531 2319; x_wconf 81' lang='grc' dir='ltr'>οὐδὲ</span> <span class='ocrx_word' id='word_1_181' title='bbox 1574 2265 1730 2319; x_wconf 81' lang='grc' dir='ltr'>τοῦτο</span> <span class='ocrx_word' id='word_1_182' title='bbox 1754 2263 1953 2329; x_wconf 73' lang='grc' dir='ltr'>συνεὶς,</span> 
     </span>
    </p>
   </div>
   <div class='ocr_carea' id='block_1_24' title="bbox 380 2352 1971 2426">
    <p class='ocr_par' dir='ltr' id='par_1_24' title="bbox 380 2352 1971 2426">
     <span class='ocr_line' id='line_1_24' title="bbox 380 2352 1971 2426; baseline -0.003 -17"><span class='ocrx_word' id='word_1_183' title='bbox 380 2358 461 2410; x_wconf 85' lang='grc' dir='ltr'><strong>ὃτι</strong></span> <span class='ocrx_word' id='word_1_184' title='bbox 489 2358 639 2409; x_wconf 79' lang='grc' dir='ltr'>οὐδὲν</span> <span class='ocrx_word' id='word_1_185' title='bbox 669 2357 809 2409; x_wconf 83' lang='grc' dir='ltr'>κατὰ</span> <span class='ocrx_word' id='word_1_186' title='bbox 836 2357 936 2426; x_wconf 84' lang='grc' dir='ltr'>τὴν</span> <span class='ocrx_word' id='word_1_187' title='bbox 971 2354 1162 2409; x_wconf 78' lang='grc' dir='ltr'>ἑαυτοῦ</span> <span class='ocrx_word' id='word_1_188' title='bbox 1206 2356 1367 2425; x_wconf 82' lang='grc' dir='ltr'>φύσιν</span> <span class='ocrx_word' id='word_1_189' title='bbox 1408 2355 1725 2425; x_wconf 80' lang='grc' dir='ltr'>κινούμενον</span> <span class='ocrx_word' id='word_1_190' title='bbox 1756 2354 1831 2417; x_wconf 86' lang='grc' dir='ltr'>ὡς</span> <span class='ocrx_word' id='word_1_191' title='bbox 1862 2352 1971 2406; x_wconf 66' lang='grc' dir='ltr'><strong>ἐπὶ</strong></span> 
     </span>
    </p>
   </div>
   <div class='ocr_carea' id='block_1_25' title="bbox 380 2445 1954 2519">
    <p class='ocr_par' dir='ltr' id='par_1_25' title="bbox 380 2445 1954 2519">
     <span class='ocr_line' id='line_1_25' title="bbox 380 2445 1954 2519; baseline -0.002 -17"><span class='ocrx_word' id='word_1_192' title='bbox 380 2449 667 2519; x_wconf 79' lang='grc' dir='ltr'>παραδόξῳ</span> <span class='ocrx_word' id='word_1_193' title='bbox 696 2448 1065 2519; x_wconf 76' lang='grc' dir='ltr'>θαυμάζεται·</span> <span class='ocrx_word' id='word_1_194' title='bbox 1098 2448 1213 2501; x_wconf 88' lang='grc' dir='ltr'>ἀλλ’</span> <span class='ocrx_word' id='word_1_195' title='bbox 1268 2449 1367 2502; x_wconf 81' lang='grc' dir='ltr'>ὅσα</span> <span class='ocrx_word' id='word_1_196' title='bbox 1395 2451 1523 2511; x_wconf 79' lang='grc' dir='ltr'>τοὺς</span> <span class='ocrx_word' id='word_1_197' title='bbox 1568 2448 1727 2518; x_wconf 84' lang='grc' dir='ltr'>ὅρους</span> <span class='ocrx_word' id='word_1_198' title='bbox 1765 2445 1954 2500; x_wconf 85' lang='grc' dir='ltr'>ἐκϐαί-</span> 
     </span>
    </p>
   </div>
   <div class='ocr_carea' id='block_1_26' title="bbox 379 2537 1954 2610">
    <p class='ocr_par' dir='ltr' id='par_1_26' title="bbox 379 2537 1954 2610">
     <span class='ocr_line' id='line_1_26' title="bbox 379 2537 1954 2610; baseline -0.003 -16"><span class='ocrx_word' id='word_1_199' title='bbox 379 2557 462 2603; x_wconf 86' lang='grc' dir='ltr'><strong>νει</strong></span> <span class='ocrx_word' id='word_1_200' title='bbox 492 2541 591 2610; x_wconf 81' lang='grc' dir='ltr'>τῆς</span> <span class='ocrx_word' id='word_1_201' title='bbox 626 2540 838 2609; x_wconf 86' lang='grc' dir='ltr'>φύσεως</span> <span class='ocrx_word' id='word_1_202' title='bbox 859 2582 873 2605; x_wconf 88' lang='grc'><strong>,</strong></span> <span class='ocrx_word' id='word_1_203' title='bbox 908 2539 1080 2595; x_wconf 80' lang='grc' dir='ltr'>ταῦτα</span> <span class='ocrx_word' id='word_1_204' title='bbox 1115 2540 1349 2610; x_wconf 88' lang='grc' dir='ltr'>μάλιστα</span> <span class='ocrx_word' id='word_1_205' title='bbox 1378 2542 1594 2594; x_wconf 85' lang='grc' dir='ltr'>πάντων</span> <span class='ocrx_word' id='word_1_206' title='bbox 1625 2540 1682 2590; x_wconf 84' lang='grc' dir='ltr'><strong>ἐν</strong></span> <span class='ocrx_word' id='word_1_207' title='bbox 1717 2537 1954 2608; x_wconf 88' lang='grc' dir='ltr'>θαύματι</span> 
     </span>
    </p>
   </div>
   <div class='ocr_carea' id='block_1_27' title="bbox 382 2632 1955 2704">
    <p class='ocr_par' dir='ltr' id='par_1_27' title="bbox 382 2632 1955 2704">
     <span class='ocr_line' id='line_1_27' title="bbox 382 2632 1955 2704; baseline -0.004 -15"><span class='ocrx_word' id='word_1_208' title='bbox 382 2634 627 2700; x_wconf 77' lang='grc' dir='ltr'>γίνεται,</span> <span class='ocrx_word' id='word_1_209' title='bbox 668 2635 763 2687; x_wconf 70' lang='grc' dir='ltr'>καὶ</span> <span class='ocrx_word' id='word_1_210' title='bbox 820 2633 953 2704; x_wconf 81' lang='grc' dir='ltr'>πρὸς</span> <span class='ocrx_word' id='word_1_211' title='bbox 988 2633 1163 2687; x_wconf 80' lang='grc' dir='ltr'>ταῦτα</span> <span class='ocrx_word' id='word_1_212' title='bbox 1211 2635 1360 2685; x_wconf 83' lang='grc' dir='ltr'>πᾶσα</span> <span class='ocrx_word' id='word_1_213' title='bbox 1413 2634 1510 2703; x_wconf 80' lang='grc' dir='ltr'><strong>μὲν</strong></span> <span class='ocrx_word' id='word_1_214' title='bbox 1570 2632 1955 2701; x_wconf 80' lang='grc' dir='ltr'>ἐπιστρέφεται</span> 
     </span>
    </p>
   </div>
   <div class='ocr_carea' id='block_1_28' title="bbox 381 2722 1975 2797">
    <p class='ocr_par' dir='ltr' id='par_1_28' title="bbox 381 2722 1975 2797">
     <span class='ocr_line' id='line_1_28' title="bbox 381 2722 1975 2797; baseline -0.005 -18"><span class='ocrx_word' id='word_1_215' title='bbox 381 2724 518 2797; x_wconf 80' lang='grc' dir='ltr'>ἀκοὴ</span> <span class='ocrx_word' id='word_1_216' title='bbox 544 2766 558 2790; x_wconf 89' lang='grc'><strong>,</strong></span> <span class='ocrx_word' id='word_1_217' title='bbox 588 2727 736 2778; x_wconf 81' lang='grc' dir='ltr'>πᾶσα</span> <span class='ocrx_word' id='word_1_218' title='bbox 768 2725 825 2778; x_wconf 80' lang='grc' dir='ltr'><strong>δὲ</strong></span> <span class='ocrx_word' id='word_1_219' title='bbox 857 2725 1065 2779; x_wconf 87' lang='grc' dir='ltr'>διάνοια</span> <span class='ocrx_word' id='word_1_220' title='bbox 1105 2725 1338 2777; x_wconf 84' lang='grc' dir='ltr'>τείνεται</span> <span class='ocrx_word' id='word_1_221' title='bbox 1383 2726 1445 2776; x_wconf 89' lang='grc' dir='ltr'><strong>τὸ</strong></span> <span class='ocrx_word' id='word_1_222' title='bbox 1480 2722 1778 2793; x_wconf 81' lang='grc' dir='ltr'>παράδοξον</span> <span class='ocrx_word' id='word_1_223' title='bbox 1822 2722 1975 2775; x_wconf 54' lang='grc' dir='ltr'><strong>θαυ-¹</strong></span> 
     </span>
    </p>
   </div>
   <div class='ocr_carea' id='block_1_29' title="bbox 383 2811 1952 2887">
    <p class='ocr_par' dir='ltr' id='par_1_29' title="bbox 383 2811 1952 2887">
     <span class='ocr_line' id='line_1_29' title="bbox 383 2811 1952 2887; baseline -0.004 -19"><span class='ocrx_word' id='word_1_224' title='bbox 383 2814 649 2887; x_wconf 74' lang='grc' dir='ltr'>μάζουσα,</span> <span class='ocrx_word' id='word_1_225' title='bbox 678 2815 768 2867; x_wconf 88' lang='grc' dir='ltr'>Διὸ</span> <span class='ocrx_word' id='word_1_226' title='bbox 808 2814 901 2868; x_wconf 81' lang='grc' dir='ltr'><strong>καὶ</strong></span> <span class='ocrx_word' id='word_1_227' title='bbox 937 2813 1139 2879; x_wconf 76' lang='grc' dir='ltr'>πάντες</span> <span class='ocrx_word' id='word_1_228' title='bbox 1173 2814 1223 2866; x_wconf 83' lang='grc' dir='ltr'>οἰ</span> <span class='ocrx_word' id='word_1_229' title='bbox 1254 2814 1345 2866; x_wconf 90' lang='grc' dir='ltr'><strong>τὸν</strong></span> <span class='ocrx_word' id='word_1_230' title='bbox 1377 2812 1532 2881; x_wconf 89' lang='grc' dir='ltr'>λόγον</span> <span class='ocrx_word' id='word_1_231' title='bbox 1567 2811 1952 2882; x_wconf 84' lang='grc' dir='ltr'>κηρύσσοντες,</span> 
     </span>
    </p>
   </div>
   <div class='ocr_carea' id='block_1_30' title="bbox 380 2901 1953 2977">
    <p class='ocr_par' dir='ltr' id='par_1_30' title="bbox 380 2901 1953 2977">
     <span class='ocr_line' id='line_1_30' title="bbox 380 2901 1953 2977; baseline -0.004 -17"><span class='ocrx_word' id='word_1_232' title='bbox 380 2908 439 2960; x_wconf 79' lang='grc' dir='ltr'><strong>ἐν</strong></span> <span class='ocrx_word' id='word_1_233' title='bbox 464 2906 637 2977; x_wconf 88' lang='grc' dir='ltr'>τούτῳ</span> <span class='ocrx_word' id='word_1_234' title='bbox 664 2906 726 2959; x_wconf 93' lang='grc' dir='ltr'><strong>τὸ</strong></span> <span class='ocrx_word' id='word_1_235' title='bbox 754 2905 937 2976; x_wconf 81' lang='grc' dir='ltr'>θαῦμα</span> <span class='ocrx_word' id='word_1_236' title='bbox 985 2905 1089 2969; x_wconf 28' lang='grc' dir='ltr'><strong>τοὺ,</strong></span> <span class='ocrx_word' id='word_1_237' title='bbox 1135 2905 1435 2975; x_wconf 84' lang='grc' dir='ltr'>μυστηρίου</span> <span class='ocrx_word' id='word_1_238' title='bbox 1466 2901 1908 2974; x_wconf 76' lang='grc' dir='ltr'>καταμηνύουσιν</span> <span class='ocrx_word' id='word_1_239' title='bbox 1935 2940 1953 2967; x_wconf 89' lang='grc'><strong>,</strong></span> 
     </span>
    </p>
   </div>
   <div class='ocr_carea' id='block_1_31' title="bbox 379 2994 1954 3070">
    <p class='ocr_par' dir='ltr' id='par_1_31' title="bbox 379 2994 1954 3070">
     <span class='ocr_line' id='line_1_31' title="bbox 379 2994 1954 3070; baseline -0.004 -17"><span class='ocrx_word' id='word_1_240' title='bbox 379 3001 461 3053; x_wconf 67' lang='lat' dir='ltr'><strong>Erat</strong></span> <span class='ocrx_word' id='word_1_241' title='bbox 494 2999 625 3063; x_wconf 86' lang='grc' dir='ltr'>Θεὸς</span> <span class='ocrx_word' id='word_1_242' title='bbox 669 2998 988 3070; x_wconf 82' lang='grc' dir='ltr'>ἐφανερώθη</span> <span class='ocrx_word' id='word_1_243' title='bbox 1038 3000 1096 3051; x_wconf 85' lang='grc' dir='ltr'><strong>ἐν</strong></span> <span class='ocrx_word' id='word_1_244' title='bbox 1135 2998 1333 3069; x_wconf 74' lang='grc' dir='ltr'>σαρκὶ,</span> <span class='ocrx_word' id='word_1_245' title='bbox 1366 2999 1448 3051; x_wconf 86' lang='grc' dir='ltr'><strong>ὅτι</strong></span> <span class='ocrx_word' id='word_1_246' title='bbox 1487 2996 1539 3048; x_wconf 89' lang='grc' dir='ltr'><strong><em>Ὀ</em></strong></span> <span class='ocrx_word' id='word_1_247' title='bbox 1573 2998 1763 3065; x_wconf 80' lang='grc' dir='ltr'>Λόγος</span> <span class='ocrx_word' id='word_1_248' title='bbox 1796 2994 1954 3064; x_wconf 82' lang='grc' dir='ltr'>σὰρξ</span> 
     </span>
    </p>
   </div>
   <div class='ocr_carea' id='block_1_32' title="bbox 378 3076 1953 3163">
    <p class='ocr_par' dir='ltr' id='par_1_32' title="bbox 378 3076 1953 3163">
     <span class='ocr_line' id='line_1_32' title="bbox 378 3076 1953 3163; baseline -0.003 -18"><span class='ocrx_word' id='word_1_249' title='bbox 378 3090 614 3161; x_wconf 75' lang='grc' dir='ltr'>ἐγένετο</span> <span class='ocrx_word' id='word_1_250' title='bbox 639 3131 654 3154; x_wconf 89' lang='grc'><strong>,</strong></span> <span class='ocrx_word' id='word_1_251' title='bbox 686 3093 767 3145; x_wconf 82' lang='grc' dir='ltr'><strong>ὅτι</strong></span> <span class='ocrx_word' id='word_1_252' title='bbox 811 3076 1035 3159; x_wconf 60' lang='grc' dir='ltr'>τὸξφῷς</span> <span class='ocrx_word' id='word_1_253' title='bbox 1070 3093 1127 3143; x_wconf 86' lang='grc' dir='ltr'><strong>ἐν</strong></span> <span class='ocrx_word' id='word_1_254' title='bbox 1168 3093 1234 3163; x_wconf 78' lang='grc' dir='ltr'>τῇ</span> <span class='ocrx_word' id='word_1_255' title='bbox 1266 3088 1454 3159; x_wconf 78' lang='grc' dir='ltr'>σκοτίᾳ</span> <span class='ocrx_word' id='word_1_256' title='bbox 1488 3088 1759 3159; x_wconf 72' lang='grc' dir='ltr'>ἔλαμψεν,</span> <span class='ocrx_word' id='word_1_257' title='bbox 1788 3089 1869 3141; x_wconf 83' lang='grc' dir='ltr'>ὅτι</span> <span class='ocrx_word' id='word_1_258' title='bbox 1918 3089 1953 3159; x_wconf 76' lang='grc' dir='ltr'><strong>ἡ</strong></span> 
     </span>
    </p>
   </div>
   <div class='ocr_carea' id='block_1_33' title="bbox 380 3177 2025 3272">
    <p class='ocr_par' dir='ltr' id='par_1_33' title="bbox 380 3177 2025 3272">
     <span class='ocr_line' id='line_1_33' title="bbox 380 3177 2025 3272; baseline -0.003 -37"><span class='ocrx_word' id='word_1_259' title='bbox 380 3181 494 3252; x_wconf 82' lang='grc' dir='ltr'><strong>ζωὴ</strong></span> <span class='ocrx_word' id='word_1_260' title='bbox 522 3183 748 3237; x_wconf 88' lang='grc' dir='ltr'>θανάτου</span> <span class='ocrx_word' id='word_1_261' title='bbox 774 3182 1057 3250; x_wconf 84' lang='grc' dir='ltr'>ἐγεύσατο,</span> <span class='ocrx_word' id='word_1_262' title='bbox 1079 3182 1175 3251; x_wconf 81' lang='grc' dir='ltr'><strong>καὶ</strong></span> <span class='ocrx_word' id='word_1_263' title='bbox 1198 3182 1373 3235; x_wconf 88' lang='grc' dir='ltr'>πάντα</span> <span class='ocrx_word' id='word_1_264' title='bbox 1402 3179 1470 3232; x_wconf 82' lang='grc' dir='ltr'><strong>τά</strong></span> <span class='ocrx_word' id='word_1_265' title='bbox 1504 3178 1729 3234; x_wconf 81' lang='grc' dir='ltr'>τοιαῦτα</span> <span class='ocrx_word' id='word_1_266' title='bbox 1759 3177 1953 3248; x_wconf 81' lang='grc' dir='ltr'>βοῶσιν</span> <span class='ocrx_word' id='word_1_267' title='bbox 1979 3207 2025 3272; x_wconf 79' lang='lat' dir='ltr'>C</span> 
     </span>
    </p>
   </div>
   <div class='ocr_carea' id='block_1_34' title="bbox 378 3269 1952 3346">
    <p class='ocr_par' dir='ltr' id='par_1_34' title="bbox 378 3269 1952 3346">
     <span class='ocr_line' id='line_1_34' title="bbox 378 3269 1952 3346; baseline -0.003 -17"><span class='ocrx_word' id='word_1_268' title='bbox 378 3278 429 3329; x_wconf 78' lang='lat' dir='ltr'><strong>ei</strong></span> <span class='ocrx_word' id='word_1_269' title='bbox 458 3277 733 3346; x_wconf 84' lang='grc' dir='ltr'>κήρυκες,</span> <span class='ocrx_word' id='word_1_270' title='bbox 766 3276 834 3328; x_wconf 89' lang='grc' dir='ltr'>δι’</span> <span class='ocrx_word' id='word_1_271' title='bbox 876 3269 949 3328; x_wconf 87' lang='grc' dir='ltr'>ὧν</span> <span class='ocrx_word' id='word_1_272' title='bbox 994 3274 1343 3339; x_wconf 80' lang='grc' dir='ltr'>πλεονάςεται</span> <span class='ocrx_word' id='word_1_273' title='bbox 1386 3273 1448 3325; x_wconf 91' lang='grc' dir='ltr'><strong>τὸ</strong></span> <span class='ocrx_word' id='word_1_274' title='bbox 1496 3272 1679 3343; x_wconf 76' lang='grc' dir='ltr'>θαῦμα</span> <span class='ocrx_word' id='word_1_275' title='bbox 1726 3269 1820 3323; x_wconf 72' lang='grc' dir='ltr'>τοῦ</span> <span class='ocrx_word' id='word_1_276' title='bbox 1863 3270 1952 3324; x_wconf 84' lang='grc' dir='ltr'><strong>διὰ</strong></span> 
     </span>
    </p>
   </div>
   <div class='ocr_carea' id='block_1_35' title="bbox 377 3360 1950 3437">
    <p class='ocr_par' dir='ltr' id='par_1_35' title="bbox 377 3360 1950 3437">
     <span class='ocr_line' id='line_1_35' title="bbox 377 3360 1950 3437; baseline -0.006 -18"><span class='ocrx_word' id='word_1_277' title='bbox 377 3366 488 3420; x_wconf 82' lang='grc' dir='ltr'>τῶν</span> <span class='ocrx_word' id='word_1_278' title='bbox 512 3366 615 3430; x_wconf 77' lang='grc' dir='ltr'>ἔξω</span> <span class='ocrx_word' id='word_1_279' title='bbox 644 3367 741 3437; x_wconf 84' lang='grc' dir='ltr'>τῆς</span> <span class='ocrx_word' id='word_1_280' title='bbox 765 3366 977 3434; x_wconf 68' lang='grc' dir='ltr'>φύσεως</span> <span class='ocrx_word' id='word_1_281' title='bbox 997 3365 1058 3417; x_wconf 92' lang='grc' dir='ltr'><strong>τὸ</strong></span> <span class='ocrx_word' id='word_1_282' title='bbox 1082 3364 1269 3435; x_wconf 81' lang='grc' dir='ltr'>περιὸν</span> <span class='ocrx_word' id='word_1_283' title='bbox 1311 3363 1411 3432; x_wconf 75' lang='grc' dir='ltr'>τῆς</span> <span class='ocrx_word' id='word_1_284' title='bbox 1446 3362 1726 3431; x_wconf 86' lang='grc' dir='ltr'>δυνάμεως</span> <span class='ocrx_word' id='word_1_285' title='bbox 1756 3360 1950 3423; x_wconf 79' lang='grc' dir='ltr'>ἑαυτοῦ</span> 
     </span>
    </p>
   </div>
   <div class='ocr_carea' id='block_1_36' title="bbox 379 3450 1951 3531">
    <p class='ocr_par' dir='ltr' id='par_1_36' title="bbox 379 3450 1951 3531">
     <span class='ocr_line' id='line_1_36' title="bbox 379 3450 1951 3531; baseline -0.006 -18"><span class='ocrx_word' id='word_1_286' title='bbox 379 3458 815 3531; x_wconf 76' lang='grc' dir='ltr'>φανερώσαντος.</span> <span class='ocrx_word' id='word_1_287' title='bbox 833 3456 995 3511; x_wconf 83' lang='grc' dir='ltr'>Ἀλλά</span> <span class='ocrx_word' id='word_1_288' title='bbox 1021 3456 1124 3510; x_wconf 85' lang='grc' dir='ltr'>κᾶν</span> <span class='ocrx_word' id='word_1_289' title='bbox 1156 3454 1385 3518; x_wconf 89' lang='grc' dir='ltr'>ἐκείνοις</span> <span class='ocrx_word' id='word_1_290' title='bbox 1405 3451 1645 3524; x_wconf 77' lang='grc' dir='ltr'>ὑϐρίζειν</span> <span class='ocrx_word' id='word_1_291' title='bbox 1671 3452 1758 3504; x_wconf 83' lang='grc' dir='ltr'><strong>διὰ</strong></span> <span class='ocrx_word' id='word_1_292' title='bbox 1781 3450 1951 3504; x_wconf 83' lang='grc' dir='ltr'>ταῦτα</span> 
     </span>
    </p>
   </div>
   <div class='ocr_carea' id='block_1_37' title="bbox 378 3541 1951 3622">
    <p class='ocr_par' dir='ltr' id='par_1_37' title="bbox 378 3541 1951 3622">
     <span class='ocr_line' id='line_1_37' title="bbox 378 3541 1951 3622; baseline -0.007 -17"><span class='ocrx_word' id='word_1_293' title='bbox 378 3553 547 3622; x_wconf 80' lang='grc' dir='ltr'>δοκῇ,</span> <span class='ocrx_word' id='word_1_294' title='bbox 584 3550 806 3619; x_wconf 78' lang='grc' dir='ltr'>καὶτῆς</span> <span class='ocrx_word' id='word_1_295' title='bbox 850 3550 984 3621; x_wconf 86' lang='grc' dir='ltr'>πρὸς</span> <span class='ocrx_word' id='word_1_296' title='bbox 1019 3547 1111 3602; x_wconf 89' lang='grc' dir='ltr'><strong>τὸν</strong></span> <span class='ocrx_word' id='word_1_297' title='bbox 1148 3545 1367 3617; x_wconf 79' lang='grc' dir='ltr'>Πατέρα</span> <span class='ocrx_word' id='word_1_298' title='bbox 1404 3543 1693 3615; x_wconf 86' lang='grc' dir='ltr'>ὁμοτιμίας</span> <span class='ocrx_word' id='word_1_299' title='bbox 1724 3541 1810 3595; x_wconf 85' lang='grc' dir='ltr'><strong>διά</strong></span> <span class='ocrx_word' id='word_1_300' title='bbox 1853 3542 1951 3613; x_wconf 82' lang='grc' dir='ltr'>τὴν</span> 
     </span>
    </p>
   </div>
   <div class='ocr_carea' id='block_1_38' title="bbox 379 3632 1952 3714">
    <p class='ocr_par' dir='ltr' id='par_1_38' title="bbox 379 3632 1952 3714">
     <span class='ocr_line' id='line_1_38' title="bbox 379 3632 1952 3714; baseline -0.007 -19"><span class='ocrx_word' id='word_1_301' title='bbox 379 3642 508 3714; x_wconf 79' lang='grc' dir='ltr'>περὶ</span> <span class='ocrx_word' id='word_1_302' title='bbox 547 3641 639 3695; x_wconf 90' lang='grc' dir='ltr'><strong>τὸν</strong></span> <span class='ocrx_word' id='word_1_303' title='bbox 684 3640 917 3710; x_wconf 87' lang='grc' dir='ltr'>σταυρὸν</span> <span class='ocrx_word' id='word_1_304' title='bbox 948 3636 1258 3707; x_wconf 78' lang='grc' dir='ltr'>οἰκονομίαν</span> <span class='ocrx_word' id='word_1_305' title='bbox 1294 3634 1384 3688; x_wconf 89' lang='grc' dir='ltr'><strong>τὸν</strong></span> <span class='ocrx_word' id='word_1_306' title='bbox 1410 3634 1537 3687; x_wconf 82' lang='grc' dir='ltr'>Υίὸν</span> <span class='ocrx_word' id='word_1_307' title='bbox 1565 3632 1952 3702; x_wconf 78' lang='grc' dir='ltr'>ἀποσχοινίζω-</span> 
     </span>
    </p>
   </div>
   <div class='ocr_carea' id='block_1_39' title="bbox 382 3725 1954 3808">
    <p class='ocr_par' dir='ltr' id='par_1_39' title="bbox 382 3725 1954 3808">
     <span class='ocr_line' id='line_1_39' title="bbox 382 3725 1954 3808; baseline -0.001 -20"><span class='ocrx_word' id='word_1_308' title='bbox 382 3751 503 3788; x_wconf 79' lang='grc' dir='ltr'>σιν’</span> <span class='ocrx_word' id='word_1_309' title='bbox 539 3736 698 3808; x_wconf 80' lang='grc' dir='ltr'>ῂμεῖς</span> <span class='ocrx_word' id='word_1_310' title='bbox 750 3730 931 3795; x_wconf 78' lang='grc' dir='ltr'>καθὼς</span> <span class='ocrx_word' id='word_1_311' title='bbox 972 3729 1295 3801; x_wconf 77' lang='grc' dir='ltr'>παρέδωκαν</span> <span class='ocrx_word' id='word_1_312' title='bbox 1347 3728 1479 3801; x_wconf 85' lang='grc' dir='ltr'>ἡμῖν</span> <span class='ocrx_word' id='word_1_313' title='bbox 1537 3726 1587 3778; x_wconf 82' lang='grc' dir='ltr'>οἱ</span> <span class='ocrx_word' id='word_1_314' title='bbox 1634 3725 1729 3778; x_wconf 83' lang='grc' dir='ltr'>ἀπ’</span> <span class='ocrx_word' id='word_1_315' title='bbox 1778 3725 1954 3795; x_wconf 83' lang='grc' dir='ltr'>ἀρχῆς</span> 
     </span>
    </p>
   </div>
   <div class='ocr_carea' id='block_1_40' title="bbox 380 3816 1950 3895">
    <p class='ocr_par' dir='ltr' id='par_1_40' title="bbox 380 3816 1950 3895">
     <span class='ocr_line' id='line_1_40' title="bbox 380 3816 1950 3895; baseline -0.009 -14"><span class='ocrx_word' id='word_1_316' title='bbox 380 3826 642 3881; x_wconf 84' lang='grc' dir='ltr'>αὐτόπται</span> <span class='ocrx_word' id='word_1_317' title='bbox 665 3824 761 3889; x_wconf 59' lang='grc' dir='ltr'><strong>καὶ</strong></span> <span class='ocrx_word' id='word_1_318' title='bbox 783 3822 1055 3895; x_wconf 78' lang='grc' dir='ltr'>ὑπηρέται</span> <span class='ocrx_word' id='word_1_319' title='bbox 1087 3821 1181 3873; x_wconf 79' lang='grc' dir='ltr'>τοῦ</span> <span class='ocrx_word' id='word_1_320' title='bbox 1211 3820 1369 3887; x_wconf 86' lang='grc' dir='ltr'>λόγου</span> <span class='ocrx_word' id='word_1_321' title='bbox 1393 3820 1695 3888; x_wconf 77' lang='grc' dir='ltr'>γενόμενοι,</span> <span class='ocrx_word' id='word_1_322' title='bbox 1729 3816 1817 3869; x_wconf 79' lang='grc' dir='ltr'>διὰ</span> <span class='ocrx_word' id='word_1_323' title='bbox 1841 3816 1950 3868; x_wconf 86' lang='grc' dir='ltr'>τῶν</span> 
     </span>
    </p>
   </div>
   <div class='ocr_carea' id='block_1_41' title="bbox 379 3907 1953 3987">
    <p class='ocr_par' dir='ltr' id='par_1_41' title="bbox 379 3907 1953 3987">
     <span class='ocr_line' id='line_1_41' title="bbox 379 3907 1953 3987; baseline -0.008 -14"><span class='ocrx_word' id='word_1_324' title='bbox 379 3920 551 3986; x_wconf 80' lang='grc' dir='ltr'>ἁγίων</span> <span class='ocrx_word' id='word_1_325' title='bbox 608 3916 858 3987; x_wconf 75' lang='grc' dir='ltr'>Γραφῶν,</span> <span class='ocrx_word' id='word_1_326' title='bbox 891 3913 1329 3983; x_wconf 85' lang='grc' dir='ltr'>πεπιστεύκαμεν</span> <span class='ocrx_word' id='word_1_327' title='bbox 1384 3912 1465 3963; x_wconf 80' lang='grc' dir='ltr'><strong>ὅτι</strong></span> <span class='ocrx_word' id='word_1_328' title='bbox 1511 3911 1541 3962; x_wconf 94' lang='lat'><strong>6</strong></span> <span class='ocrx_word' id='word_1_329' title='bbox 1574 3912 1631 3964; x_wconf 85' lang='grc' dir='ltr'><strong>ὲν</strong></span> <span class='ocrx_word' id='word_1_330' title='bbox 1676 3911 1817 3980; x_wconf 81' lang='grc' dir='ltr'>ἀρχῇ</span> <span class='ocrx_word' id='word_1_331' title='bbox 1878 3907 1953 3961; x_wconf 85' lang='grc' dir='ltr'>ὣν</span> 
     </span>
    </p>
   </div>
   <div class='ocr_carea' id='block_1_42' title="bbox 380 4000 1954 4080">
    <p class='ocr_par' dir='ltr' id='par_1_42' title="bbox 380 4000 1954 4080">
     <span class='ocr_line' id='line_1_42' title="bbox 380 4000 1954 4080; baseline -0.003 -17"><span class='ocrx_word' id='word_1_332' title='bbox 380 4011 509 4074; x_wconf 86' lang='grc' dir='ltr'>Θεὸς</span> <span class='ocrx_word' id='word_1_333' title='bbox 526 4050 541 4075; x_wconf 92' lang='grc'><strong>,</strong></span> <span class='ocrx_word' id='word_1_334' title='bbox 575 4009 711 4080; x_wconf 87' lang='grc' dir='ltr'>μετὰ</span> <span class='ocrx_word' id='word_1_335' title='bbox 738 4009 928 4073; x_wconf 85' lang='grc' dir='ltr'>ταῦτα,</span> <span class='ocrx_word' id='word_1_336' title='bbox 955 4006 1135 4069; x_wconf 87' lang='grc' dir='ltr'>καθώς</span> <span class='ocrx_word' id='word_1_337' title='bbox 1162 4006 1383 4077; x_wconf 25' lang='grc' dir='ltr'>φησιννό</span> <span class='ocrx_word' id='word_1_338' title='bbox 1408 4004 1623 4074; x_wconf 84' lang='grc' dir='ltr'>Βαροὺχ</span> <span class='ocrx_word' id='word_1_339' title='bbox 1641 4041 1658 4067; x_wconf 89' lang='grc'><strong>,</strong></span> <span class='ocrx_word' id='word_1_340' title='bbox 1709 4005 1807 4062; x_wconf 79' lang='grc' dir='ltr'><strong>ἐπὶ</strong></span> <span class='ocrx_word' id='word_1_341' title='bbox 1845 4000 1954 4068; x_wconf 83' lang='grc' dir='ltr'>τῆς</span> 
     </span>
    </p>
   </div>
   <div class='ocr_carea' id='block_1_43' title="bbox 378 4091 1949 4170">
    <p class='ocr_par' dir='ltr' id='par_1_43' title="bbox 378 4091 1949 4170">
     <span class='ocr_line' id='line_1_43' title="bbox 378 4091 1949 4170; baseline -0.004 -18"><span class='ocrx_word' id='word_1_342' title='bbox 378 4101 492 4170; x_wconf 75' lang='grc' dir='ltr'><strong>τῆς</strong></span> <span class='ocrx_word' id='word_1_343' title='bbox 529 4100 693 4169; x_wconf 66' lang='grc' dir='ltr'>ὤφθη</span> <span class='ocrx_word' id='word_1_344' title='bbox 718 4140 733 4163; x_wconf 88' lang='grc'><strong>,</strong></span> <span class='ocrx_word' id='word_1_345' title='bbox 778 4098 877 4153; x_wconf 77' lang='grc' dir='ltr'><strong>καί</strong></span> <span class='ocrx_word' id='word_1_346' title='bbox 928 4097 1054 4163; x_wconf 86' lang='grc' dir='ltr'>τοῖς</span> <span class='ocrx_word' id='word_1_347' title='bbox 1091 4095 1420 4165; x_wconf 82' lang='grc' dir='ltr'>ἀνθρώποις</span> <span class='ocrx_word' id='word_1_348' title='bbox 1459 4091 1949 4162; x_wconf 70' lang='grc' dir='ltr'>συνανεστράφη,</span> 
     </span>
    </p>
   </div>
   <div class='ocr_carea' id='block_1_44' title="bbox 381 4178 1953 4262">
    <p class='ocr_par' dir='ltr' id='par_1_44' title="bbox 381 4178 1953 4262">
     <span class='ocr_line' id='line_1_44' title="bbox 381 4178 1953 4262; baseline -0.004 -15"><span class='ocrx_word' id='word_1_349' title='bbox 381 4178 733 4262; x_wconf 83' lang='grc' dir='ltr'>ἀντάλλαγμα</span> <span class='ocrx_word' id='word_1_350' title='bbox 761 4191 853 4244; x_wconf 78' lang='grc' dir='ltr'>τοῦ</span> <span class='ocrx_word' id='word_1_351' title='bbox 880 4190 1148 4261; x_wconf 79' lang='grc' dir='ltr'>ἡμετέρου</span> <span class='ocrx_word' id='word_1_352' title='bbox 1183 4189 1413 4244; x_wconf 86' lang='grc' dir='ltr'>θανάτου</span> <span class='ocrx_word' id='word_1_353' title='bbox 1454 4187 1771 4258; x_wconf 85' lang='grc' dir='ltr'>γενόμενος,</span> <span class='ocrx_word' id='word_1_354' title='bbox 1798 4187 1953 4240; x_wconf 79' lang='grc' dir='ltr'>ἔλυσε</span> 
     </span>
    </p>
   </div>
   <div class='ocr_carea' id='block_1_45' title="bbox 381 4281 1954 4357">
    <p class='ocr_par' dir='ltr' id='par_1_45' title="bbox 381 4281 1954 4357">
     <span class='ocr_line' id='line_1_45' title="bbox 381 4281 1954 4357; baseline -0.006 -17"><span class='ocrx_word' id='word_1_355' title='bbox 381 4286 471 4341; x_wconf 82' lang='grc' dir='ltr'>διὰ</span> <span class='ocrx_word' id='word_1_356' title='bbox 494 4287 591 4357; x_wconf 83' lang='grc' dir='ltr'>τῆς</span> <span class='ocrx_word' id='word_1_357' title='bbox 616 4286 750 4348; x_wconf 85' lang='grc' dir='ltr'>ἰδίας</span> <span class='ocrx_word' id='word_1_358' title='bbox 777 4285 1124 4347; x_wconf 85' lang='grc' dir='ltr'>ἀναστάσεως</span> <span class='ocrx_word' id='word_1_359' title='bbox 1151 4283 1221 4335; x_wconf 85' lang='grc' dir='ltr'>τὰ</span> <span class='ocrx_word' id='word_1_360' title='bbox 1254 4283 1429 4352; x_wconf 87' lang='grc' dir='ltr'>δεσμά</span> <span class='ocrx_word' id='word_1_361' title='bbox 1456 4281 1548 4334; x_wconf 77' lang='grc' dir='ltr'>τοῦ</span> <span class='ocrx_word' id='word_1_362' title='bbox 1577 4281 1828 4344; x_wconf 82' lang='grc' dir='ltr'>θανάτου,</span> <span class='ocrx_word' id='word_1_363' title='bbox 1859 4281 1954 4334; x_wconf 73' lang='grc' dir='ltr'><strong>καὶ</strong></span> 
     </span>
    </p>
   </div>
   <div class='ocr_carea' id='block_1_46' title="bbox 381 4374 1950 4450">
    <p class='ocr_par' dir='ltr' id='par_1_46' title="bbox 381 4374 1950 4450">
     <span class='ocr_line' id='line_1_46' title="bbox 381 4374 1950 4450; baseline -0.006 -17"><span class='ocrx_word' id='word_1_364' title='bbox 381 4380 678 4450; x_wconf 83' lang='grc' dir='ltr'>ὡδοποίησε</span> <span class='ocrx_word' id='word_1_365' title='bbox 726 4379 877 4449; x_wconf 84' lang='grc' dir='ltr'>πάσῃ</span> <span class='ocrx_word' id='word_1_366' title='bbox 933 4375 1094 4443; x_wconf 75' lang='grc' dir='ltr'>σαρκὶ</span> <span class='ocrx_word' id='word_1_367' title='bbox 1136 4378 1201 4430; x_wconf 86' lang='grc' dir='ltr'>δι’</span> <span class='ocrx_word' id='word_1_368' title='bbox 1253 4375 1444 4429; x_wconf 80' lang='grc' dir='ltr'>ἑαυτοῦ</span> <span class='ocrx_word' id='word_1_369' title='bbox 1493 4374 1592 4445; x_wconf 81' lang='grc' dir='ltr'><strong>τὴν</strong></span> <span class='ocrx_word' id='word_1_370' title='bbox 1638 4374 1950 4437; x_wconf 86' lang='grc' dir='ltr'>ἀνάστασιν,</span> 
     </span>
    </p>
   </div>
   <div class='ocr_carea' id='block_1_47' title="bbox 381 4466 1953 4542">
    <p class='ocr_par' dir='ltr' id='par_1_47' title="bbox 381 4466 1953 4542">
     <span class='ocr_line' id='line_1_47' title="bbox 381 4466 1953 4542; baseline -0.005 -16"><span class='ocrx_word' id='word_1_371' title='bbox 381 4472 673 4542; x_wconf 75' lang='grc' dir='ltr'>ἁμόθρονός</span> <span class='ocrx_word' id='word_1_372' title='bbox 703 4487 763 4523; x_wconf 89' lang='grc' dir='ltr'><strong>τε</strong></span> <span class='ocrx_word' id='word_1_373' title='bbox 815 4469 1187 4539; x_wconf 58' lang='grc' dir='ltr'>καὶνὸμόδοξος</span> <span class='ocrx_word' id='word_1_374' title='bbox 1213 4466 1288 4521; x_wconf 82' lang='grc' dir='ltr'>ὢν</span> <span class='ocrx_word' id='word_1_375' title='bbox 1325 4467 1403 4537; x_wconf 83' lang='grc' dir='ltr'>τῷ</span> <span class='ocrx_word' id='word_1_376' title='bbox 1437 4467 1552 4537; x_wconf 82' lang='grc' dir='ltr'>ἰδίῳ</span> <span class='ocrx_word' id='word_1_377' title='bbox 1594 4467 1797 4536; x_wconf 74' lang='grc' dir='ltr'>Πατρὶ,</span> <span class='ocrx_word' id='word_1_378' title='bbox 1834 4466 1953 4519; x_wconf 85' lang='grc' dir='ltr'>κατ’</span> 
     </span>
    </p>
   </div>
   <div class='ocr_carea' id='block_1_48' title="bbox 2066 627 3694 707">
    <p class='ocr_par' dir='ltr' id='par_1_48' title="bbox 2066 627 3694 707">
     <span class='ocr_line' id='line_1_48' title="bbox 2066 627 3694 707; baseline 0.006 -28"><span class='ocrx_word' id='word_1_379' title='bbox 2066 628 2248 681; x_wconf 81' lang='lat' dir='ltr'><strong>citur?</strong></span> <span class='ocrx_word' id='word_1_380' title='bbox 2286 627 2378 681; x_wconf 87' lang='lat' dir='ltr'><strong>ille</strong></span> <span class='ocrx_word' id='word_1_381' title='bbox 2415 629 2508 698; x_wconf 89' lang='lat' dir='ltr'><strong>qui</strong></span> <span class='ocrx_word' id='word_1_382' title='bbox 2539 637 2660 698; x_wconf 89' lang='lat' dir='ltr'><strong>post</strong></span> <span class='ocrx_word' id='word_1_383' title='bbox 2688 632 2998 698; x_wconf 76' lang='lat' dir='ltr'><strong>passionem</strong></span> <span class='ocrx_word' id='word_1_384' title='bbox 3031 630 3228 686; x_wconf 89' lang='lat' dir='ltr'><strong>Filium</strong></span> <span class='ocrx_word' id='word_1_385' title='bbox 3264 631 3551 701; x_wconf 69' lang='lat' dir='ltr'><strong>aequaliter</strong></span> <span class='ocrx_word' id='word_1_386' title='bbox 3578 648 3645 688; x_wconf 90' lang='lat' dir='ltr'><strong>ac</strong></span> 
     </span>
    </p>
   </div>
   <div class='ocr_carea' id='block_1_49' title="bbox 2064 716 3645 794">
    <p class='ocr_par' dir='ltr' id='par_1_49' title="bbox 2064 716 3645 794">
     <span class='ocr_line' id='line_1_49' title="bbox 2064 716 3645 794; baseline 0.004 -23"><span class='ocrx_word' id='word_1_387' title='bbox 2064 716 2280 774; x_wconf 87' lang='lat' dir='ltr'><strong>Patrem</strong></span> <span class='ocrx_word' id='word_1_388' title='bbox 2312 720 2524 785; x_wconf 86' lang='lat' dir='ltr'><strong>adorat,</strong></span> <span class='ocrx_word' id='word_1_389' title='bbox 2556 736 2623 775; x_wconf 93' lang='lat' dir='ltr'><strong>an</strong></span> <span class='ocrx_word' id='word_1_390' title='bbox 2646 722 2693 777; x_wconf 89' lang='lat' dir='ltr'><strong>is</strong></span> <span class='ocrx_word' id='word_1_391' title='bbox 2718 722 2809 792; x_wconf 90' lang='lat' dir='ltr'><strong>qui</strong></span> <span class='ocrx_word' id='word_1_392' title='bbox 2837 725 3000 777; x_wconf 86' lang='lat' dir='ltr'><strong>etiam</strong></span> <span class='ocrx_word' id='word_1_393' title='bbox 3033 732 3159 778; x_wconf 84' lang='lat' dir='ltr'><strong>ante</strong></span> <span class='ocrx_word' id='word_1_394' title='bbox 3179 724 3493 794; x_wconf 84' lang='lat' dir='ltr'><strong>passionem</strong></span> <span class='ocrx_word' id='word_1_395' title='bbox 3520 739 3645 778; x_wconf 88' lang='lat' dir='ltr'><strong>con-</strong></span> 
     </span>
    </p>
   </div>
   <div class='ocr_carea' id='block_1_50' title="bbox 2063 810 3691 885">
    <p class='ocr_par' dir='ltr' id='par_1_50' title="bbox 2063 810 3691 885">
     <span class='ocr_line' id='line_1_50' title="bbox 2063 810 3691 885; baseline 0.006 -22"><span class='ocrx_word' id='word_1_396' title='bbox 2063 810 2353 867; x_wconf 82' lang='lat' dir='ltr'><strong>tumeliose</strong></span> <span class='ocrx_word' id='word_1_397' title='bbox 2386 812 2581 877; x_wconf 87' lang='lat' dir='ltr'><strong>allicit,</strong></span> <span class='ocrx_word' id='word_1_398' title='bbox 2623 829 2734 868; x_wconf 88' lang='lat' dir='ltr'><strong>non</strong></span> <span class='ocrx_word' id='word_1_399' title='bbox 2768 816 2945 869; x_wconf 88' lang='lat' dir='ltr'><strong>solum</strong></span> <span class='ocrx_word' id='word_1_400' title='bbox 2973 830 3098 869; x_wconf 90' lang='lat' dir='ltr'><strong>cum</strong></span> <span class='ocrx_word' id='word_1_401' title='bbox 3130 825 3382 870; x_wconf 76' lang='lat' dir='ltr'><strong>creatura</strong></span> <span class='ocrx_word' id='word_1_402' title='bbox 3412 814 3643 873; x_wconf 85' lang='lat' dir='ltr'><strong>honoris</strong></span> <span class='ocrx_word' id='word_1_403' title='bbox 3688 880 3691 885; x_wconf 24' lang='grc' dir='ltr'><em>ν</em></span> 
     </span>
    </p>
   </div>
   <div class='ocr_carea' id='block_1_51' title="bbox 2062 904 3643 978">
    <p class='ocr_par' dir='ltr' id='par_1_51' title="bbox 2062 904 3643 978">
     <span class='ocr_line' id='line_1_51' title="bbox 2062 904 3643 978; baseline 0.003 -21"><span class='ocrx_word' id='word_1_404' title='bbox 2062 904 2394 973; x_wconf 74' lang='lat' dir='ltr'><strong>aequalitate,</strong></span> <span class='ocrx_word' id='word_1_405' title='bbox 2428 921 2614 960; x_wconf 87' lang='lat' dir='ltr'><strong>verum</strong></span> <span class='ocrx_word' id='word_1_406' title='bbox 2642 906 2812 961; x_wconf 87' lang='lat' dir='ltr'><strong>etiam</strong></span> <span class='ocrx_word' id='word_1_407' title='bbox 2838 907 3159 962; x_wconf 87' lang='lat' dir='ltr'><strong>allirmando</strong></span> <span class='ocrx_word' id='word_1_408' title='bbox 3182 909 3360 978; x_wconf 88' lang='lat' dir='ltr'><strong>ipsum</strong></span> <span class='ocrx_word' id='word_1_409' title='bbox 3391 923 3514 963; x_wconf 90' lang='lat' dir='ltr'><strong>esse</strong></span> <span class='ocrx_word' id='word_1_410' title='bbox 3544 924 3643 962; x_wconf 91' lang='lat' dir='ltr'><strong>na-</strong></span> 
     </span>
    </p>
   </div>
   <div class='ocr_carea' id='block_1_52' title="bbox 2062 996 3641 1068">
    <p class='ocr_par' dir='ltr' id='par_1_52' title="bbox 2062 996 3641 1068">
     <span class='ocr_line' id='line_1_52' title="bbox 2062 996 3641 1068; baseline 0.003 -19"><span class='ocrx_word' id='word_1_411' title='bbox 2062 1004 2199 1049; x_wconf 71' lang='lat' dir='ltr'><strong>turze</strong></span> <span class='ocrx_word' id='word_1_412' title='bbox 2228 996 2513 1051; x_wconf 85' lang='lat' dir='ltr'><strong>aﬂ&#39;ectibus</strong></span> <span class='ocrx_word' id='word_1_413' title='bbox 2547 998 2819 1062; x_wconf 64' lang='lat' dir='ltr'><strong>obnoxiae,</strong></span> <span class='ocrx_word' id='word_1_414' title='bbox 2848 1013 2958 1052; x_wconf 90' lang='lat' dir='ltr'><strong>non</strong></span> <span class='ocrx_word' id='word_1_415' title='bbox 2980 999 3196 1055; x_wconf 87' lang='lat' dir='ltr'><strong>venisse</strong></span> <span class='ocrx_word' id='word_1_416' title='bbox 3227 1000 3292 1054; x_wconf 91' lang='lat' dir='ltr'><strong>ad</strong></span> <span class='ocrx_word' id='word_1_417' title='bbox 3324 1000 3641 1068; x_wconf 88' lang='lat' dir='ltr'><strong>passionum</strong></span> 
     </span>
    </p>
   </div>
   <div class='ocr_carea' id='block_1_53' title="bbox 2010 1088 3641 1156">
    <p class='ocr_par' dir='ltr' id='par_1_53' title="bbox 2010 1088 3641 1156">
     <span class='ocr_line' id='line_1_53' title="bbox 2010 1088 3641 1156; baseline 0 -15"><span class='ocrx_word' id='word_1_418' title='bbox 2010 1088 2024 1147; x_wconf 71' lang='grc' dir='ltr'><em>ζ</em></span> <span class='ocrx_word' id='word_1_419' title='bbox 2061 1088 2494 1156; x_wconf 74' lang='lat' dir='ltr'><strong>experientiam,</strong></span> <span class='ocrx_word' id='word_1_420' title='bbox 2544 1088 2652 1143; x_wconf 88' lang='lat' dir='ltr'><strong>nisi</strong></span> <span class='ocrx_word' id='word_1_421' title='bbox 2699 1089 2978 1144; x_wconf 76' lang='lat' dir='ltr'><strong>habuisset</strong></span> <span class='ocrx_word' id='word_1_422' title='bbox 3025 1096 3279 1145; x_wconf 86' lang='lat' dir='ltr'><strong>naturam</strong></span> <span class='ocrx_word' id='word_1_423' title='bbox 3316 1090 3507 1142; x_wconf 89' lang='lat' dir='ltr'><strong>talium</strong></span> <span class='ocrx_word' id='word_1_424' title='bbox 3552 1103 3641 1143; x_wconf 87' lang='lat' dir='ltr'><strong>ca-</strong></span> 
     </span>
    </p>
   </div>
   <div class='ocr_carea' id='block_1_54' title="bbox 2065 1178 3642 1250">
    <p class='ocr_par' dir='ltr' id='par_1_54' title="bbox 2065 1178 3642 1250">
     <span class='ocr_line' id='line_1_54' title="bbox 2065 1178 3642 1250; baseline 0.001 -19"><span class='ocrx_word' id='word_1_425' title='bbox 2065 1180 2289 1248; x_wconf 83' lang='lat' dir='ltr'><strong>pacem?</strong></span> <span class='ocrx_word' id='word_1_426' title='bbox 2323 1178 2432 1233; x_wconf 88' lang='lat' dir='ltr'><strong>Nos</strong></span> <span class='ocrx_word' id='word_1_427' title='bbox 2460 1179 2678 1246; x_wconf 87' lang='lat' dir='ltr'><strong>quidem</strong></span> <span class='ocrx_word' id='word_1_428' title='bbox 2720 1181 2881 1235; x_wconf 89' lang='lat' dir='ltr'><strong>etiam</strong></span> <span class='ocrx_word' id='word_1_429' title='bbox 2918 1196 3138 1250; x_wconf 89' lang='lat' dir='ltr'><strong>corpus,</strong></span> <span class='ocrx_word' id='word_1_430' title='bbox 3174 1198 3283 1250; x_wconf 90' lang='lat' dir='ltr'><strong>quo</strong></span> <span class='ocrx_word' id='word_1_431' title='bbox 3323 1181 3642 1250; x_wconf 81' lang='lat' dir='ltr'><strong>passionem</strong></span> 
     </span>
    </p>
   </div>
   <div class='ocr_carea' id='block_1_55' title="bbox 2062 1268 3639 1341">
    <p class='ocr_par' dir='ltr' id='par_1_55' title="bbox 2062 1268 3639 1341">
     <span class='ocr_line' id='line_1_55' title="bbox 2062 1268 3639 1341; baseline 0.002 -20"><span class='ocrx_word' id='word_1_432' title='bbox 2062 1270 2324 1338; x_wconf 78' lang='lat' dir='ltr'><strong>suscepit,</strong></span> <span class='ocrx_word' id='word_1_433' title='bbox 2361 1268 2557 1323; x_wconf 67' lang='lat' dir='ltr'><strong>divinre</strong></span> <span class='ocrx_word' id='word_1_434' title='bbox 2596 1278 2805 1325; x_wconf 57' lang='lat' dir='ltr'><strong>natura;</strong></span> <span class='ocrx_word' id='word_1_435' title='bbox 2853 1280 3359 1341; x_wconf 89' lang='lat' dir='ltr'><strong>contemperatum,</strong></span> <span class='ocrx_word' id='word_1_436' title='bbox 3392 1271 3523 1324; x_wconf 90' lang='lat' dir='ltr'><strong>illud</strong></span> <span class='ocrx_word' id='word_1_437' title='bbox 3557 1271 3639 1324; x_wconf 84' lang='lat' dir='ltr'><strong>la-</strong></span> 
     </span>
    </p>
   </div>
   <div class='ocr_carea' id='block_1_56' title="bbox 2059 1358 3640 1429">
    <p class='ocr_par' dir='ltr' id='par_1_56' title="bbox 2059 1358 3640 1429">
     <span class='ocr_line' id='line_1_56' title="bbox 2059 1358 3640 1429; baseline 0.001 -18"><span class='ocrx_word' id='word_1_438' title='bbox 2059 1366 2207 1411; x_wconf 88' lang='lat' dir='ltr'><strong>etum</strong></span> <span class='ocrx_word' id='word_1_439' title='bbox 2224 1370 2347 1415; x_wconf 83' lang='lat' dir='ltr'><strong>esse</strong></span> <span class='ocrx_word' id='word_1_440' title='bbox 2362 1366 2465 1425; x_wconf 56' lang='lat' dir='ltr'><strong>per,</strong></span> <span class='ocrx_word' id='word_1_441' title='bbox 2488 1360 2935 1429; x_wconf 77' lang='lat' dir='ltr'><strong>temperationem</strong></span> <span class='ocrx_word' id='word_1_442' title='bbox 2954 1360 3210 1423; x_wconf 85' lang='lat' dir='ltr'><strong>dicimus,</strong></span> <span class='ocrx_word' id='word_1_443' title='bbox 3245 1359 3391 1427; x_wconf 89' lang='lat' dir='ltr'><strong>quod</strong></span> <span class='ocrx_word' id='word_1_444' title='bbox 3421 1358 3640 1428; x_wconf 89' lang='lat' dir='ltr'><strong>quidem</strong></span> 
     </span>
    </p>
   </div>
   <div class='ocr_carea' id='block_1_57' title="bbox 2060 1450 3641 1519">
    <p class='ocr_par' dir='ltr' id='par_1_57' title="bbox 2060 1450 3641 1519">
     <span class='ocr_line' id='line_1_57' title="bbox 2060 1450 3641 1519; baseline 0.002 -19"><span class='ocrx_word' id='word_1_445' title='bbox 2060 1456 2143 1500; x_wconf 85' lang='lat' dir='ltr'><strong>est</strong></span> <span class='ocrx_word' id='word_1_446' title='bbox 2177 1458 2368 1501; x_wconf 85' lang='lat' dir='ltr'><strong>natura</strong></span> <span class='ocrx_word' id='word_1_447' title='bbox 2402 1463 2523 1518; x_wconf 69' lang='lat' dir='ltr'><strong>quae</strong></span> <span class='ocrx_word' id='word_1_448' title='bbox 2552 1452 2867 1518; x_wconf 83' lang='lat' dir='ltr'><strong>assumpsit.</strong></span> <span class='ocrx_word' id='word_1_449' title='bbox 2905 1450 3141 1503; x_wconf 85' lang='lat' dir='ltr'><strong>Tantum</strong></span> <span class='ocrx_word' id='word_1_450' title='bbox 3198 1450 3354 1505; x_wconf 88' lang='lat' dir='ltr'><strong>abest</strong></span> <span class='ocrx_word' id='word_1_451' title='bbox 3401 1458 3460 1503; x_wconf 90' lang='lat' dir='ltr'><strong>ut</strong></span> <span class='ocrx_word' id='word_1_452' title='bbox 3509 1450 3641 1519; x_wconf 91' lang='lat' dir='ltr'><strong>quid</strong></span> 
     </span>
    </p>
   </div>
   <div class='ocr_carea' id='block_1_58' title="bbox 2059 1539 3639 1610">
    <p class='ocr_par' dir='ltr' id='par_1_58' title="bbox 2059 1539 3639 1610">
     <span class='ocr_line' id='line_1_58' title="bbox 2059 1539 3639 1610; baseline 0.003 -18"><span class='ocrx_word' id='word_1_453' title='bbox 2059 1540 2315 1607; x_wconf 72' lang='lat' dir='ltr'><strong>exiguum</strong></span> <span class='ocrx_word' id='word_1_454' title='bbox 2360 1539 2427 1593; x_wconf 88' lang='lat' dir='ltr'><strong>de</strong></span> <span class='ocrx_word' id='word_1_455' title='bbox 2475 1542 2767 1610; x_wconf 84' lang='lat' dir='ltr'><strong>unigenito</strong></span> <span class='ocrx_word' id='word_1_456' title='bbox 2802 1541 2912 1595; x_wconf 87' lang='lat' dir='ltr'><strong>Deo</strong></span> <span class='ocrx_word' id='word_1_457' title='bbox 2968 1542 3274 1596; x_wconf 81' lang='lat' dir='ltr'><strong>sentiamus</strong></span> <span class='ocrx_word' id='word_1_458' title='bbox 3310 1560 3325 1596; x_wconf 90' lang='lat'>:</span> <span class='ocrx_word' id='word_1_459' title='bbox 3368 1542 3442 1594; x_wconf 90' lang='lat' dir='ltr'><strong>ita</strong></span> <span class='ocrx_word' id='word_1_460' title='bbox 3491 1549 3549 1596; x_wconf 85' lang='lat' dir='ltr'><strong>ut</strong></span> <span class='ocrx_word' id='word_1_461' title='bbox 3592 1543 3639 1596; x_wconf 90' lang='lat' dir='ltr'><strong>si</strong></span> 
     </span>
    </p>
   </div>
   <div class='ocr_carea' id='block_1_59' title="bbox 2003 1625 3642 1709">
    <p class='ocr_par' dir='ltr' id='par_1_59' title="bbox 2003 1625 3642 1709">
     <span class='ocr_line' id='line_1_59' title="bbox 2003 1625 3642 1709; baseline 0.003 -32"><span class='ocrx_word' id='word_1_462' title='bbox 2003 1655 2017 1709; x_wconf 48' lang='grc' dir='ltr'><em>η</em></span> <span class='ocrx_word' id='word_1_463' title='bbox 2059 1625 2191 1697; x_wconf 89' lang='lat' dir='ltr'><strong>quid</strong></span> <span class='ocrx_word' id='word_1_464' title='bbox 2218 1628 2384 1681; x_wconf 89' lang='lat' dir='ltr'><strong>etiam</strong></span> <span class='ocrx_word' id='word_1_465' title='bbox 2425 1639 2633 1683; x_wconf 65' lang='lat' dir='ltr'><strong>naturae</strong></span> <span class='ocrx_word' id='word_1_466' title='bbox 2660 1630 2858 1684; x_wconf 80' lang='lat' dir='ltr'><strong>inﬁmae</strong></span> <span class='ocrx_word' id='word_1_467' title='bbox 2887 1640 3228 1700; x_wconf 89' lang='lat' dir='ltr'><strong>assumptum</strong></span> <span class='ocrx_word' id='word_1_468' title='bbox 3266 1640 3371 1692; x_wconf 89' lang='lat' dir='ltr'><strong>est,</strong></span> <span class='ocrx_word' id='word_1_469' title='bbox 3416 1639 3642 1701; x_wconf 89' lang='lat' dir='ltr'><strong>propter</strong></span> 
     </span>
    </p>
   </div>
   <div class='ocr_carea' id='block_1_60' title="bbox 382 1715 2036 1787">
    <p class='ocr_par' dir='ltr' id='par_1_60' title="bbox 382 1715 2036 1787">
     <span class='ocr_line' id='line_1_60' title="bbox 382 1715 2036 1787; baseline -0.001 -17"><span class='ocrx_word' id='word_1_470' title='bbox 382 1716 473 1770; x_wconf 81' lang='grc' dir='ltr'>διὰ</span> <span class='ocrx_word' id='word_1_471' title='bbox 500 1716 597 1785; x_wconf 82' lang='grc' dir='ltr'>τὴν</span> <span class='ocrx_word' id='word_1_472' title='bbox 640 1715 1019 1787; x_wconf 81' lang='grc' dir='ltr'>φιλάνθρωπον</span> <span class='ocrx_word' id='word_1_473' title='bbox 1070 1716 1421 1787; x_wconf 82' lang='grc' dir='ltr'>προσελήφθη</span> <span class='ocrx_word' id='word_1_474' title='bbox 1471 1717 1812 1786; x_wconf 85' lang='grc' dir='ltr'>οἰκονομίαν,</span> <span class='ocrx_word' id='word_1_475' title='bbox 1867 1717 1958 1768; x_wconf 77' lang='grc' dir='ltr'><strong>καὶ</strong></span> 
     </span>
    </p>
   </div>
   <div class='ocr_carea' id='block_1_61' title="bbox 1991 1786 2007 1817">
    <p class='ocr_par' dir='ltr' id='par_1_61' title="bbox 1991 1786 2007 1817">
     <span class='ocr_line' id='line_1_61' title="bbox 1991 1786 2007 1817; baseline 0 -5"><span class='ocrx_word' id='word_1_476' title='bbox 1991 1786 2007 1817; x_wconf 59' lang='lat'><strong>1</strong></span> 
     </span>
    </p>
   </div>
   <div class='ocr_carea' id='block_1_62' title="bbox 2060 1720 3643 1793">
    <p class='ocr_par' dir='ltr' id='par_1_62' title="bbox 2060 1720 3643 1793">
     <span class='ocr_line' id='line_1_62' title="bbox 2060 1720 3643 1793; baseline 0.003 -19"><span class='ocrx_word' id='word_1_477' title='bbox 2060 1720 2524 1789; x_wconf 89' lang='lat' dir='ltr'><strong>dispensationem</strong></span> <span class='ocrx_word' id='word_1_478' title='bbox 2556 1722 2839 1777; x_wconf 84' lang='lat' dir='ltr'><strong>hominum</strong></span> <span class='ocrx_word' id='word_1_479' title='bbox 2889 1724 3073 1793; x_wconf 80' lang='lat' dir='ltr'><strong>generi</strong></span> <span class='ocrx_word' id='word_1_480' title='bbox 3122 1724 3482 1791; x_wconf 86' lang='lat' dir='ltr'><strong>benevolam,</strong></span> <span class='ocrx_word' id='word_1_481' title='bbox 3534 1726 3643 1781; x_wconf 89' lang='lat' dir='ltr'><strong>hoc</strong></span> 
     </span>
    </p>
   </div>
   <div class='ocr_carea' id='block_1_63' title="bbox 2059 1814 3644 1885">
    <p class='ocr_par' dir='ltr' id='par_1_63' title="bbox 2059 1814 3644 1885">
     <span class='ocr_line' id='line_1_63' title="bbox 2059 1814 3644 1885; baseline 0.003 -18"><span class='ocrx_word' id='word_1_482' title='bbox 2059 1814 2223 1867; x_wconf 91' lang='lat' dir='ltr'><strong>etiam</strong></span> <span class='ocrx_word' id='word_1_483' title='bbox 2263 1815 2554 1868; x_wconf 81' lang='lat' dir='ltr'><strong>credamus</strong></span> <span class='ocrx_word' id='word_1_484' title='bbox 2581 1815 2648 1869; x_wconf 88' lang='lat' dir='ltr'><strong>ad</strong></span> <span class='ocrx_word' id='word_1_485' title='bbox 2683 1817 2735 1868; x_wconf 94' lang='lat' dir='ltr'><strong>id</strong></span> <span class='ocrx_word' id='word_1_486' title='bbox 2767 1816 2911 1885; x_wconf 87' lang='lat' dir='ltr'><strong>quod</strong></span> <span class='ocrx_word' id='word_1_487' title='bbox 2949 1818 3194 1872; x_wconf 84' lang='lat' dir='ltr'><strong>divinum</strong></span> <span class='ocrx_word' id='word_1_488' title='bbox 3228 1825 3312 1870; x_wconf 89' lang='lat' dir='ltr'><strong>est</strong></span> <span class='ocrx_word' id='word_1_489' title='bbox 3340 1826 3393 1871; x_wconf 89' lang='lat' dir='ltr'><strong>et</strong></span> <span class='ocrx_word' id='word_1_490' title='bbox 3418 1818 3644 1872; x_wconf 87' lang='lat' dir='ltr'><strong>immor-</strong></span> 
     </span>
    </p>
   </div>
   <div class='ocr_carea' id='block_1_64' title="bbox 2061 1905 3641 1977">
    <p class='ocr_par' dir='ltr' id='par_1_64' title="bbox 2061 1905 3641 1977">
     <span class='ocr_line' id='line_1_64' title="bbox 2061 1905 3641 1977; baseline 0.003 -20"><span class='ocrx_word' id='word_1_491' title='bbox 2061 1905 2168 1963; x_wconf 83' lang='lat' dir='ltr'><strong>tale</strong></span> <span class='ocrx_word' id='word_1_492' title='bbox 2202 1906 2651 1961; x_wconf 73' lang='lat' dir='ltr'><strong>transl’ormatum</strong></span> <span class='ocrx_word' id='word_1_493' title='bbox 2689 1922 2811 1962; x_wconf 89' lang='lat' dir='ltr'><strong>esse</strong></span> <span class='ocrx_word' id='word_1_494' title='bbox 2851 1924 2863 1961; x_wconf 90' lang='lat'>:</span> <span class='ocrx_word' id='word_1_495' title='bbox 2900 1908 2989 1962; x_wconf 87' lang='lat' dir='ltr'><strong>hic</strong></span> <span class='ocrx_word' id='word_1_496' title='bbox 3032 1918 3211 1963; x_wconf 90' lang='lat' dir='ltr'><strong>autem</strong></span> <span class='ocrx_word' id='word_1_497' title='bbox 3255 1908 3321 1962; x_wconf 90' lang='lat' dir='ltr'><strong>ad</strong></span> <span class='ocrx_word' id='word_1_498' title='bbox 3374 1907 3426 1962; x_wconf 89' lang='lat' dir='ltr'><strong>id</strong></span> <span class='ocrx_word' id='word_1_499' title='bbox 3490 1906 3641 1977; x_wconf 88' lang='lat' dir='ltr'><strong>quod</strong></span> 
     </span>
    </p>
   </div>
   <div class='ocr_carea' id='block_1_65' title="bbox 2062 1994 3639 2054">
    <p class='ocr_par' dir='ltr' id='par_1_65' title="bbox 2062 1994 3639 2054">
     <span class='ocr_line' id='line_1_65' title="bbox 2062 1994 3639 2054; baseline 0.002 -6"><span class='ocrx_word' id='word_1_500' title='bbox 2062 1994 2323 2050; x_wconf 87' lang='lat' dir='ltr'><strong>humilius</strong></span> <span class='ocrx_word' id='word_1_501' title='bbox 2361 2004 2445 2050; x_wconf 90' lang='lat' dir='ltr'><strong>est</strong></span> <span class='ocrx_word' id='word_1_502' title='bbox 2501 1997 2802 2053; x_wconf 89' lang='lat' dir='ltr'><strong>secundum</strong></span> <span class='ocrx_word' id='word_1_503' title='bbox 2852 2002 3145 2052; x_wconf 85' lang='lat' dir='ltr'><strong>essentiam</strong></span> <span class='ocrx_word' id='word_1_504' title='bbox 3193 1997 3514 2054; x_wconf 89' lang='lat' dir='ltr'><strong>mutationis</strong></span> <span class='ocrx_word' id='word_1_505' title='bbox 3560 1998 3639 2053; x_wconf 87' lang='lat' dir='ltr'><strong>si-</strong></span> 
     </span>
    </p>
   </div>
   <div class='ocr_carea' id='block_1_66' title="bbox 2060 2087 3639 2159">
    <p class='ocr_par' dir='ltr' id='par_1_66' title="bbox 2060 2087 3639 2159">
     <span class='ocr_line' id='line_1_66' title="bbox 2060 2087 3639 2159; baseline 0.003 -20"><span class='ocrx_word' id='word_1_506' title='bbox 2060 2102 2226 2156; x_wconf 88' lang='lat' dir='ltr'><strong>gnum</strong></span> <span class='ocrx_word' id='word_1_507' title='bbox 2287 2087 2405 2142; x_wconf 82' lang='lat' dir='ltr'><strong>sive</strong></span> <span class='ocrx_word' id='word_1_508' title='bbox 2448 2096 2830 2158; x_wconf 85' lang='lat' dir='ltr'><strong>argumentum</strong></span> <span class='ocrx_word' id='word_1_509' title='bbox 2863 2088 2991 2143; x_wconf 82' lang='lat' dir='ltr'><strong>fecit</strong></span> <span class='ocrx_word' id='word_1_510' title='bbox 3027 2090 3336 2159; x_wconf 78' lang='lat' dir='ltr'><strong>passionem</strong></span> <span class='ocrx_word' id='word_1_511' title='bbox 3376 2104 3540 2158; x_wconf 88' lang='lat' dir='ltr'><strong>quam</strong></span> <span class='ocrx_word' id='word_1_512' title='bbox 3579 2089 3639 2144; x_wconf 89' lang='lat' dir='ltr'><strong>in</strong></span> 
     </span>
    </p>
   </div>
   <div class='ocr_carea' id='block_1_67' title="bbox 2060 2178 3641 2253">
    <p class='ocr_par' dir='ltr' id='par_1_67' title="bbox 2060 2178 3641 2253">
     <span class='ocr_line' id='line_1_67' title="bbox 2060 2178 3641 2253; baseline 0.002 -20"><span class='ocrx_word' id='word_1_513' title='bbox 2060 2194 2223 2234; x_wconf 86' lang='lat' dir='ltr'><strong>cruce</strong></span> <span class='ocrx_word' id='word_1_514' title='bbox 2255 2180 2497 2253; x_wconf 89' lang='lat' dir='ltr'><strong>sustulit.</strong></span> <span class='ocrx_word' id='word_1_515' title='bbox 2533 2178 2729 2234; x_wconf 84' lang='lat' dir='ltr'><strong>Nescio</strong></span> <span class='ocrx_word' id='word_1_516' title='bbox 2764 2197 2874 2250; x_wconf 88' lang='lat' dir='ltr'><strong>quo</strong></span> <span class='ocrx_word' id='word_1_517' title='bbox 2900 2180 3063 2235; x_wconf 90' lang='lat' dir='ltr'><strong>modo</strong></span> <span class='ocrx_word' id='word_1_518' title='bbox 3084 2191 3505 2252; x_wconf 82' lang='lat' dir='ltr'><strong>exsuperantem</strong></span> <span class='ocrx_word' id='word_1_519' title='bbox 3542 2197 3641 2252; x_wconf 83' lang='lat' dir='ltr'><strong>po-</strong></span> 
     </span>
    </p>
   </div>
   <div class='ocr_carea' id='block_1_68' title="bbox 2058 2271 3641 2343">
    <p class='ocr_par' dir='ltr' id='par_1_68' title="bbox 2058 2271 3641 2343">
     <span class='ocr_line' id='line_1_68' title="bbox 2058 2271 3641 2343; baseline 0.003 -19"><span class='ocrx_word' id='word_1_520' title='bbox 2058 2272 2240 2325; x_wconf 76' lang='lat' dir='ltr'><strong>tentize</strong></span> <span class='ocrx_word' id='word_1_521' title='bbox 2291 2271 2663 2331; x_wconf 83' lang='lat' dir='ltr'><strong>ellicacitatem</strong></span> <span class='ocrx_word' id='word_1_522' title='bbox 2719 2272 2834 2328; x_wconf 87' lang='lat' dir='ltr'><strong>sive</strong></span> <span class='ocrx_word' id='word_1_523' title='bbox 2883 2274 3288 2343; x_wconf 88' lang='lat' dir='ltr'><strong>operationem,</strong></span> <span class='ocrx_word' id='word_1_524' title='bbox 3335 2275 3641 2329; x_wconf 88' lang='lat' dir='ltr'><strong>secundum</strong></span> 
     </span>
    </p>
   </div>
   <div class='ocr_carea' id='block_1_69' title="bbox 2056 2362 3641 2433">
    <p class='ocr_par' dir='ltr' id='par_1_69' title="bbox 2056 2362 3641 2433">
     <span class='ocr_line' id='line_1_69' title="bbox 2056 2362 3641 2433; baseline 0.004 -19"><span class='ocrx_word' id='word_1_525' title='bbox 2056 2377 2221 2431; x_wconf 87' lang='lat' dir='ltr'><strong>quam</strong></span> <span class='ocrx_word' id='word_1_526' title='bbox 2254 2362 2359 2416; x_wconf 90' lang='lat' dir='ltr'><strong>hoc</strong></span> <span class='ocrx_word' id='word_1_527' title='bbox 2381 2364 2545 2418; x_wconf 90' lang='lat' dir='ltr'><strong>etiam</strong></span> <span class='ocrx_word' id='word_1_528' title='bbox 2579 2365 2788 2433; x_wconf 88' lang='lat' dir='ltr'><strong>potuit,</strong></span> <span class='ocrx_word' id='word_1_529' title='bbox 2828 2374 3040 2419; x_wconf 87' lang='lat' dir='ltr'><strong>certum</strong></span> <span class='ocrx_word' id='word_1_530' title='bbox 3099 2364 3439 2421; x_wconf 80' lang='lat' dir='ltr'><strong>inﬁrmitatis</strong></span> <span class='ocrx_word' id='word_1_531' title='bbox 3492 2366 3641 2427; x_wconf 66' lang='lat' dir='ltr'><strong>indi-,-</strong></span> 
     </span>
    </p>
   </div>
   <div class='ocr_carea' id='block_1_70' title="bbox 2058 2450 3641 2524">
    <p class='ocr_par' dir='ltr' id='par_1_70' title="bbox 2058 2450 3641 2524">
     <span class='ocr_line' id='line_1_70' title="bbox 2058 2450 3641 2524; baseline 0.003 -20"><span class='ocrx_word' id='word_1_532' title='bbox 2058 2452 2204 2509; x_wconf 89' lang='lat' dir='ltr'><strong>cium</strong></span> <span class='ocrx_word' id='word_1_533' title='bbox 2238 2450 2401 2517; x_wconf 81' lang='lat' dir='ltr'><strong>facit;</strong></span> <span class='ocrx_word' id='word_1_534' title='bbox 2432 2467 2608 2522; x_wconf 89' lang='lat' dir='ltr'><strong>neque</strong></span> <span class='ocrx_word' id='word_1_535' title='bbox 2640 2452 2743 2505; x_wconf 89' lang='lat' dir='ltr'><strong>hoc</strong></span> <span class='ocrx_word' id='word_1_536' title='bbox 2778 2452 3089 2521; x_wconf 83' lang='lat' dir='ltr'><strong>intelligens</strong></span> <span class='ocrx_word' id='word_1_537' title='bbox 3123 2451 3269 2522; x_wconf 84' lang='lat' dir='ltr'><strong>quod</strong></span> <span class='ocrx_word' id='word_1_538' title='bbox 3315 2453 3452 2507; x_wconf 86' lang='lat' dir='ltr'><strong>nihil</strong></span> <span class='ocrx_word' id='word_1_539' title='bbox 3490 2453 3641 2524; x_wconf 90' lang='lat' dir='ltr'><strong>quod</strong></span> 
     </span>
    </p>
   </div>
   <div class='ocr_carea' id='block_1_71' title="bbox 2058 2543 3629 2609">
    <p class='ocr_par' dir='ltr' id='par_1_71' title="bbox 2058 2543 3629 2609">
     <span class='ocr_line' id='line_1_71' title="bbox 2058 2543 3629 2609; baseline 0.001 -11"><span class='ocrx_word' id='word_1_540' title='bbox 2058 2543 2360 2599; x_wconf 90' lang='lat' dir='ltr'><strong>secundum</strong></span> <span class='ocrx_word' id='word_1_541' title='bbox 2426 2555 2679 2598; x_wconf 89' lang='lat' dir='ltr'><strong>naturam</strong></span> <span class='ocrx_word' id='word_1_542' title='bbox 2734 2552 3017 2609; x_wconf 89' lang='lat' dir='ltr'><strong>movetur,</strong></span> <span class='ocrx_word' id='word_1_543' title='bbox 3087 2543 3382 2599; x_wconf 90' lang='lat' dir='ltr'><strong>admodum</strong></span> <span class='ocrx_word' id='word_1_544' title='bbox 3458 2545 3629 2599; x_wconf 87' lang='lat' dir='ltr'><strong>mira-</strong></span> 
     </span>
    </p>
   </div>
   <div class='ocr_carea' id='block_1_72' title="bbox 2057 2634 3641 2706">
    <p class='ocr_par' dir='ltr' id='par_1_72' title="bbox 2057 2634 3641 2706">
     <span class='ocr_line' id='line_1_72' title="bbox 2057 2634 3641 2706; baseline 0.003 -19"><span class='ocrx_word' id='word_1_545' title='bbox 2057 2635 2164 2688; x_wconf 86' lang='lat' dir='ltr'><strong>bile</strong></span> <span class='ocrx_word' id='word_1_546' title='bbox 2181 2643 2484 2703; x_wconf 72' lang='lat' dir='ltr'><strong>prretcrque</strong></span> <span class='ocrx_word' id='word_1_547' title='bbox 2506 2634 2817 2704; x_wconf 88' lang='lat' dir='ltr'><strong>opinionem</strong></span> <span class='ocrx_word' id='word_1_548' title='bbox 2851 2635 3106 2689; x_wconf 86' lang='lat' dir='ltr'><strong>videtur:</strong></span> <span class='ocrx_word' id='word_1_549' title='bbox 3146 2635 3243 2691; x_wconf 91' lang='lat' dir='ltr'><strong>sed</strong></span> <span class='ocrx_word' id='word_1_550' title='bbox 3298 2651 3641 2706; x_wconf 67' lang='lat' dir='ltr'><strong>quaecunque</strong></span> 
     </span>
    </p>
   </div>
   <div class='ocr_carea' id='block_1_73' title="bbox 2057 2726 3640 2797">
    <p class='ocr_par' dir='ltr' id='par_1_73' title="bbox 2057 2726 3640 2797">
     <span class='ocr_line' id='line_1_73' title="bbox 2057 2726 3640 2797; baseline 0.002 -18"><span class='ocrx_word' id='word_1_551' title='bbox 2057 2733 2268 2780; x_wconf 68' lang='lat' dir='ltr'><strong>natura:</strong></span> <span class='ocrx_word' id='word_1_552' title='bbox 2305 2728 2441 2781; x_wconf 85' lang='lat' dir='ltr'><strong>ﬁnes</strong></span> <span class='ocrx_word' id='word_1_553' title='bbox 2471 2733 2754 2797; x_wconf 90' lang='lat' dir='ltr'><strong>superant,</strong></span> <span class='ocrx_word' id='word_1_554' title='bbox 2787 2726 2902 2781; x_wconf 69' lang='lat' dir='ltr'><strong>haec</strong></span> <span class='ocrx_word' id='word_1_555' title='bbox 2936 2727 3171 2781; x_wconf 83' lang='lat' dir='ltr'><strong>maxime</strong></span> <span class='ocrx_word' id='word_1_556' title='bbox 3210 2730 3458 2782; x_wconf 90' lang='lat' dir='ltr'><strong>omnium</strong></span> <span class='ocrx_word' id='word_1_557' title='bbox 3506 2738 3640 2782; x_wconf 89' lang='lat' dir='ltr'><strong>sunt</strong></span> 
     </span>
    </p>
   </div>
   <div class='ocr_carea' id='block_1_74' title="bbox 2056 2816 3636 2881">
    <p class='ocr_par' dir='ltr' id='par_1_74' title="bbox 2056 2816 3636 2881">
     <span class='ocr_line' id='line_1_74' title="bbox 2056 2816 3636 2881; baseline 0.002 -11"><span class='ocrx_word' id='word_1_558' title='bbox 2056 2816 2111 2870; x_wconf 90' lang='lat' dir='ltr'><strong>in</strong></span> <span class='ocrx_word' id='word_1_559' title='bbox 2147 2816 2527 2881; x_wconf 86' lang='lat' dir='ltr'><strong>admiratione,</strong></span> <span class='ocrx_word' id='word_1_560' title='bbox 2557 2826 2611 2873; x_wconf 88' lang='lat' dir='ltr'><strong>et</strong></span> <span class='ocrx_word' id='word_1_561' title='bbox 2641 2818 2707 2872; x_wconf 90' lang='lat' dir='ltr'><strong>ad</strong></span> <span class='ocrx_word' id='word_1_562' title='bbox 2738 2818 2853 2873; x_wconf 66' lang='lat' dir='ltr'><strong>haec</strong></span> <span class='ocrx_word' id='word_1_563' title='bbox 2881 2821 3062 2875; x_wconf 91' lang='lat' dir='ltr'><strong>omnis</strong></span> <span class='ocrx_word' id='word_1_564' title='bbox 3090 2820 3311 2876; x_wconf 91' lang='lat' dir='ltr'><strong>auditus</strong></span> <span class='ocrx_word' id='word_1_565' title='bbox 3357 2819 3636 2875; x_wconf 89' lang='lat' dir='ltr'><strong>converti-</strong></span> 
     </span>
    </p>
   </div>
   <div class='ocr_carea' id='block_1_75' title="bbox 2057 2907 3638 2981">
    <p class='ocr_par' dir='ltr' id='par_1_75' title="bbox 2057 2907 3638 2981">
     <span class='ocr_line' id='line_1_75' title="bbox 2057 2907 3638 2981; baseline 0.003 -20"><span class='ocrx_word' id='word_1_566' title='bbox 2057 2916 2165 2962; x_wconf 91' lang='lat' dir='ltr'><strong>tur.</strong></span> <span class='ocrx_word' id='word_1_567' title='bbox 2204 2907 2396 2963; x_wconf 88' lang='lat' dir='ltr'><strong>Omnis</strong></span> <span class='ocrx_word' id='word_1_568' title='bbox 2436 2912 2579 2963; x_wconf 92' lang='lat' dir='ltr'><strong>enim</strong></span> <span class='ocrx_word' id='word_1_569' title='bbox 2634 2910 2994 2981; x_wconf 85' lang='lat' dir='ltr'><strong>intelligentia</strong></span> <span class='ocrx_word' id='word_1_570' title='bbox 3055 2912 3328 2975; x_wconf 88' lang='lat' dir='ltr'><strong>tenditur,</strong></span> <span class='ocrx_word' id='word_1_571' title='bbox 3369 2911 3499 2966; x_wconf 91' lang='lat' dir='ltr'><strong>dum</strong></span> <span class='ocrx_word' id='word_1_572' title='bbox 3534 2910 3638 2965; x_wconf 89' lang='lat' dir='ltr'><strong>ali-</strong></span> 
     </span>
    </p>
   </div>
   <div class='ocr_carea' id='block_1_76' title="bbox 2057 2999 3640 3072">
    <p class='ocr_par' dir='ltr' id='par_1_76' title="bbox 2057 2999 3640 3072">
     <span class='ocr_line' id='line_1_76' title="bbox 2057 2999 3640 3072; baseline 0.003 -21"><span class='ocrx_word' id='word_1_573' title='bbox 2057 2999 2184 3067; x_wconf 90' lang='lat' dir='ltr'><strong>quid</strong></span> <span class='ocrx_word' id='word_1_574' title='bbox 2217 2999 2537 3055; x_wconf 89' lang='lat' dir='ltr'><strong>inusitatum</strong></span> <span class='ocrx_word' id='word_1_575' title='bbox 2572 3009 2625 3054; x_wconf 89' lang='lat' dir='ltr'><strong>et</strong></span> <span class='ocrx_word' id='word_1_576' title='bbox 2658 3000 2997 3071; x_wconf 89' lang='lat' dir='ltr'><strong>inopinabile</strong></span> <span class='ocrx_word' id='word_1_577' title='bbox 3033 3003 3265 3072; x_wconf 87' lang='lat' dir='ltr'><strong>suspicit</strong></span> <span class='ocrx_word' id='word_1_578' title='bbox 3307 3011 3362 3058; x_wconf 87' lang='lat' dir='ltr'><strong>et</strong></span> <span class='ocrx_word' id='word_1_579' title='bbox 3397 3002 3640 3056; x_wconf 88' lang='lat' dir='ltr'><strong>admira-</strong></span> 
     </span>
    </p>
   </div>
   <div class='ocr_carea' id='block_1_77' title="bbox 2057 3087 3638 3162">
    <p class='ocr_par' dir='ltr' id='par_1_77' title="bbox 2057 3087 3638 3162">
     <span class='ocr_line' id='line_1_77' title="bbox 2057 3087 3638 3162; baseline 0.003 -21"><span class='ocrx_word' id='word_1_580' title='bbox 2057 3098 2167 3142; x_wconf 90' lang='lat' dir='ltr'><strong>tur.</strong></span> <span class='ocrx_word' id='word_1_581' title='bbox 2193 3087 2464 3157; x_wconf 83' lang='lat' dir='ltr'><strong>Quocirca</strong></span> <span class='ocrx_word' id='word_1_582' title='bbox 2490 3105 2681 3145; x_wconf 91' lang='lat' dir='ltr'><strong>omnes</strong></span> <span class='ocrx_word' id='word_1_583' title='bbox 2712 3092 2802 3160; x_wconf 91' lang='lat' dir='ltr'><strong>qui</strong></span> <span class='ocrx_word' id='word_1_584' title='bbox 2830 3092 3058 3147; x_wconf 88' lang='lat' dir='ltr'><strong>verbum</strong></span> <span class='ocrx_word' id='word_1_585' title='bbox 3091 3092 3415 3162; x_wconf 74' lang='lat' dir='ltr'><strong>prmdicant,</strong></span> <span class='ocrx_word' id='word_1_586' title='bbox 3448 3092 3505 3145; x_wconf 91' lang='lat' dir='ltr'><strong>in</strong></span> <span class='ocrx_word' id='word_1_587' title='bbox 3532 3090 3638 3145; x_wconf 90' lang='lat' dir='ltr'><strong>hoc</strong></span> 
     </span>
    </p>
   </div>
   <div class='ocr_carea' id='block_1_78' title="bbox 2057 3181 3639 3253">
    <p class='ocr_par' dir='ltr' id='par_1_78' title="bbox 2057 3181 3639 3253">
     <span class='ocr_line' id='line_1_78' title="bbox 2057 3181 3639 3253; baseline 0.001 -20"><span class='ocrx_word' id='word_1_588' title='bbox 2057 3181 2382 3235; x_wconf 86' lang='lat' dir='ltr'><strong>miraculum</strong></span> <span class='ocrx_word' id='word_1_589' title='bbox 2419 3183 2663 3252; x_wconf 88' lang='lat' dir='ltr'><strong>mysterii</strong></span> <span class='ocrx_word' id='word_1_590' title='bbox 2713 3183 3039 3237; x_wconf 57' lang='lat' dir='ltr'><strong>declarant:</strong></span> <span class='ocrx_word' id='word_1_591' title='bbox 3070 3183 3216 3253; x_wconf 90' lang='lat' dir='ltr'><strong>quod</strong></span> <span class='ocrx_word' id='word_1_592' title='bbox 3266 3181 3411 3238; x_wconf 91' lang='lat' dir='ltr'><strong>Deus</strong></span> <span class='ocrx_word' id='word_1_593' title='bbox 3459 3182 3639 3237; x_wconf 89' lang='lat' dir='ltr'><strong>mani-</strong></span> 
     </span>
    </p>
   </div>
   <div class='ocr_carea' id='block_1_79' title="bbox 2055 3272 3637 3347">
    <p class='ocr_par' dir='ltr' id='par_1_79' title="bbox 2055 3272 3637 3347">
     <span class='ocr_line' id='line_1_79' title="bbox 2055 3272 3637 3347; baseline 0.003 -22"><span class='ocrx_word' id='word_1_594' title='bbox 2055 3272 2287 3327; x_wconf 83' lang='lat' dir='ltr'><strong>festalus</strong></span> <span class='ocrx_word' id='word_1_595' title='bbox 2320 3280 2403 3327; x_wconf 88' lang='lat' dir='ltr'><strong>est</strong></span> <span class='ocrx_word' id='word_1_596' title='bbox 2436 3273 2492 3327; x_wconf 92' lang='lat' dir='ltr'><strong>in</strong></span> <span class='ocrx_word' id='word_1_597' title='bbox 2519 3276 2745 3339; x_wconf 82' lang='lat' dir='ltr'><strong>carne’,</strong></span> <span class='ocrx_word' id='word_1_598' title='bbox 2790 3275 2936 3343; x_wconf 93' lang='lat' dir='ltr'><strong>quod</strong></span> <span class='ocrx_word' id='word_1_599' title='bbox 2986 3274 3214 3330; x_wconf 85' lang='lat' dir='ltr'><strong>Verbum</strong></span> <span class='ocrx_word' id='word_1_600' title='bbox 3258 3292 3382 3330; x_wconf 91' lang='lat' dir='ltr'><strong>caro</strong></span> <span class='ocrx_word' id='word_1_601' title='bbox 3435 3277 3637 3347; x_wconf 77' lang='lat' dir='ltr'><strong>factum</strong></span> 
     </span>
    </p>
   </div>
   <div class='ocr_carea' id='block_1_80' title="bbox 2051 3364 3630 3436">
    <p class='ocr_par' dir='ltr' id='par_1_80' title="bbox 2051 3364 3630 3436">
     <span class='ocr_line' id='line_1_80' title="bbox 2051 3364 3630 3436; baseline 0.004 -22"><span class='ocrx_word' id='word_1_602' title='bbox 2051 3379 2130 3425; x_wconf 75' lang='grc' dir='ltr'><strong>εει</strong></span> <span class='ocrx_word' id='word_1_603' title='bbox 2166 3364 2210 3394; x_wconf 75' lang='grc' dir='ltr'><strong>ιο</strong></span> <span class='ocrx_word' id='word_1_604' title='bbox 2236 3378 2267 3413; x_wconf 53' lang='grc' dir='ltr'><strong>λε</strong></span> <span class='ocrx_word' id='word_1_605' title='bbox 2299 3364 2445 3433; x_wconf 92' lang='lat' dir='ltr'><strong>quod</strong></span> <span class='ocrx_word' id='word_1_606' title='bbox 2479 3364 2569 3417; x_wconf 74' lang='lat' dir='ltr'><strong>lux</strong></span> <span class='ocrx_word' id='word_1_607' title='bbox 2607 3365 2661 3418; x_wconf 86' lang='lat' dir='ltr'><strong>in</strong></span> <span class='ocrx_word' id='word_1_608' title='bbox 2706 3366 2947 3422; x_wconf 86' lang='lat' dir='ltr'><strong>tenebris</strong></span> <span class='ocrx_word' id='word_1_609' title='bbox 2970 3365 3268 3435; x_wconf 80' lang='lat' dir='ltr'><strong>.Splenduit</strong></span> <span class='ocrx_word' id='word_1_610' title='bbox 3290 3405 3304 3429; x_wconf 90' lang='lat'><strong>,</strong></span> <span class='ocrx_word' id='word_1_611' title='bbox 3339 3367 3484 3436; x_wconf 85' lang='lat' dir='ltr'><strong>quod</strong></span> <span class='ocrx_word' id='word_1_612' title='bbox 3519 3368 3630 3421; x_wconf 90' lang='lat' dir='ltr'><strong>vita</strong></span> 
     </span>
    </p>
   </div>
   <div class='ocr_carea' id='block_1_81' title="bbox 2052 3456 3636 3527">
    <p class='ocr_par' dir='ltr' id='par_1_81' title="bbox 2052 3456 3636 3527">
     <span class='ocr_line' id='line_1_81' title="bbox 2052 3456 3636 3527; baseline 0.003 -18"><span class='ocrx_word' id='word_1_613' title='bbox 2052 3462 2284 3510; x_wconf 88' lang='lat' dir='ltr'><strong>mortem</strong></span> <span class='ocrx_word' id='word_1_614' title='bbox 2327 3456 2599 3525; x_wconf 87' lang='lat' dir='ltr'><strong>gustavit,</strong></span> <span class='ocrx_word' id='word_1_615' title='bbox 2644 3458 2938 3526; x_wconf 85' lang='lat' dir='ltr'><strong>omniaque</strong></span> <span class='ocrx_word' id='word_1_616' title='bbox 2984 3456 3302 3527; x_wconf 87' lang='lat' dir='ltr'><strong>hujusmodi</strong></span> <span class='ocrx_word' id='word_1_617' title='bbox 3355 3473 3636 3527; x_wconf 65' lang='lat' dir='ltr'><strong>precones</strong></span> 
     </span>
    </p>
   </div>
   <div class='ocr_carea' id='block_1_82' title="bbox 2054 3547 3634 3621">
    <p class='ocr_par' dir='ltr' id='par_1_82' title="bbox 2054 3547 3634 3621">
     <span class='ocr_line' id='line_1_82' title="bbox 2054 3547 3634 3621; baseline 0.001 -20"><span class='ocrx_word' id='word_1_618' title='bbox 2054 3547 2357 3611; x_wconf 87' lang='lat' dir='ltr'><strong>clamitant,</strong></span> <span class='ocrx_word' id='word_1_619' title='bbox 2390 3563 2487 3617; x_wconf 90' lang='lat' dir='ltr'><strong>per</strong></span> <span class='ocrx_word' id='word_1_620' title='bbox 2530 3564 2651 3616; x_wconf 64' lang='lat' dir='ltr'><strong>qua:</strong></span> <span class='ocrx_word' id='word_1_621' title='bbox 2685 3550 2928 3603; x_wconf 86' lang='lat' dir='ltr'><strong>exundat</strong></span> <span class='ocrx_word' id='word_1_622' title='bbox 2974 3550 3297 3604; x_wconf 85' lang='lat' dir='ltr'><strong>miraculum</strong></span> <span class='ocrx_word' id='word_1_623' title='bbox 3339 3551 3494 3620; x_wconf 90' lang='lat' dir='ltr'><strong>ejus,</strong></span> <span class='ocrx_word' id='word_1_624' title='bbox 3540 3550 3634 3621; x_wconf 86' lang='lat' dir='ltr'><strong>qui</strong></span> 
     </span>
    </p>
   </div>
   <div class='ocr_carea' id='block_1_83' title="bbox 2054 3639 3637 3708">
    <p class='ocr_par' dir='ltr' id='par_1_83' title="bbox 2054 3639 3637 3708">
     <span class='ocr_line' id='line_1_83' title="bbox 2054 3639 3637 3708; baseline 0.003 -16"><span class='ocrx_word' id='word_1_625' title='bbox 2054 3653 2150 3708; x_wconf 89' lang='lat' dir='ltr'><strong>per</strong></span> <span class='ocrx_word' id='word_1_626' title='bbox 2182 3653 2246 3693; x_wconf 90' lang='lat' dir='ltr'><strong>ea</strong></span> <span class='ocrx_word' id='word_1_627' title='bbox 2275 3653 2398 3707; x_wconf 61' lang='lat' dir='ltr'><strong>quas</strong></span> <span class='ocrx_word' id='word_1_628' title='bbox 2443 3649 2572 3692; x_wconf 90' lang='lat' dir='ltr'><strong>sunt</strong></span> <span class='ocrx_word' id='word_1_629' title='bbox 2605 3648 2760 3693; x_wconf 77' lang='lat' dir='ltr'><strong>extra</strong></span> <span class='ocrx_word' id='word_1_630' title='bbox 2812 3645 3064 3693; x_wconf 90' lang='lat' dir='ltr'><strong>naturam</strong></span> <span class='ocrx_word' id='word_1_631' title='bbox 3112 3639 3482 3695; x_wconf 82' lang='lat' dir='ltr'><strong>manifestavit</strong></span> <span class='ocrx_word' id='word_1_632' title='bbox 3523 3655 3637 3696; x_wconf 63' lang='lat' dir='ltr'><strong>sua</strong></span> 
     </span>
    </p>
   </div>
   <div class='ocr_carea' id='block_1_84' title="bbox 2054 3728 3637 3801">
    <p class='ocr_par' dir='ltr' id='par_1_84' title="bbox 2054 3728 3637 3801">
     <span class='ocr_line' id='line_1_84' title="bbox 2054 3728 3637 3801; baseline 0.002 -17"><span class='ocrx_word' id='word_1_633' title='bbox 2054 3730 2313 3801; x_wconf 85' lang='lat' dir='ltr'><strong>potentiae</strong></span> <span class='ocrx_word' id='word_1_634' title='bbox 2331 3730 2796 3800; x_wconf 79' lang='lat' dir='ltr'><strong>exsuperantiam.</strong></span> <span class='ocrx_word' id='word_1_635' title='bbox 2817 3728 3206 3786; x_wconf 77' lang='lat' dir='ltr'><strong>Verumtamen</strong></span> <span class='ocrx_word' id='word_1_636' title='bbox 3227 3732 3353 3786; x_wconf 93' lang='lat' dir='ltr'><strong>licet</strong></span> <span class='ocrx_word' id='word_1_637' title='bbox 3374 3733 3484 3787; x_wconf 90' lang='lat' dir='ltr'><strong>illis</strong></span> <span class='ocrx_word' id='word_1_638' title='bbox 3504 3747 3637 3787; x_wconf 90' lang='lat' dir='ltr'><strong>con-</strong></span> 
     </span>
    </p>
   </div>
   <div class='ocr_carea' id='block_1_85' title="bbox 2055 3821 3635 3894">
    <p class='ocr_par' dir='ltr' id='par_1_85' title="bbox 2055 3821 3635 3894">
     <span class='ocr_line' id='line_1_85' title="bbox 2055 3821 3635 3894; baseline 0 -18"><span class='ocrx_word' id='word_1_639' title='bbox 2055 3822 2335 3877; x_wconf 87' lang='lat' dir='ltr'><strong>tumeliam</strong></span> <span class='ocrx_word' id='word_1_640' title='bbox 2363 3821 2547 3876; x_wconf 77' lang='lat' dir='ltr'><strong>facere</strong></span> <span class='ocrx_word' id='word_1_641' title='bbox 2576 3831 2797 3892; x_wconf 87' lang='lat' dir='ltr'><strong>propter</strong></span> <span class='ocrx_word' id='word_1_642' title='bbox 2814 3822 2930 3876; x_wconf 68' lang='lat' dir='ltr'><strong>haec</strong></span> <span class='ocrx_word' id='word_1_643' title='bbox 2962 3821 3230 3889; x_wconf 86' lang='lat' dir='ltr'><strong>videatur,</strong></span> <span class='ocrx_word' id='word_1_644' title='bbox 3263 3833 3317 3877; x_wconf 89' lang='lat' dir='ltr'><strong>et</strong></span> <span class='ocrx_word' id='word_1_645' title='bbox 3346 3824 3414 3877; x_wconf 90' lang='lat' dir='ltr'><strong>ab</strong></span> <span class='ocrx_word' id='word_1_646' title='bbox 3436 3823 3635 3894; x_wconf 74' lang='lat' dir='ltr'><strong>aequali</strong></span> 
     </span>
    </p>
   </div>
   <div class='ocr_carea' id='block_1_86' title="bbox 2055 3913 3633 3985">
    <p class='ocr_par' dir='ltr' id='par_1_86' title="bbox 2055 3913 3633 3985">
     <span class='ocr_line' id='line_1_86' title="bbox 2055 3913 3633 3985; baseline 0.001 -17"><span class='ocrx_word' id='word_1_647' title='bbox 2055 3915 2265 3970; x_wconf 88' lang='lat' dir='ltr'><strong>honore</strong></span> <span class='ocrx_word' id='word_1_648' title='bbox 2295 3930 2418 3969; x_wconf 91' lang='lat' dir='ltr'><strong>cum</strong></span> <span class='ocrx_word' id='word_1_649' title='bbox 2441 3913 2602 3968; x_wconf 89' lang='lat' dir='ltr'><strong>Patre</strong></span> <span class='ocrx_word' id='word_1_650' title='bbox 2627 3930 2722 3984; x_wconf 87' lang='lat' dir='ltr'><strong>per</strong></span> <span class='ocrx_word' id='word_1_651' title='bbox 2743 3915 2929 3969; x_wconf 91' lang='lat' dir='ltr'><strong>crucis</strong></span> <span class='ocrx_word' id='word_1_652' title='bbox 2943 3915 3403 3985; x_wconf 87' lang='lat' dir='ltr'><strong>dispensationem</strong></span> <span class='ocrx_word' id='word_1_653' title='bbox 3434 3915 3633 3970; x_wconf 88' lang='lat' dir='ltr'><strong>Filium</strong></span> 
     </span>
    </p>
   </div>
   <div class='ocr_carea' id='block_1_87' title="bbox 2056 4006 3632 4078">
    <p class='ocr_par' dir='ltr' id='par_1_87' title="bbox 2056 4006 3632 4078">
     <span class='ocr_line' id='line_1_87' title="bbox 2056 4006 3632 4078; baseline -0.001 -15"><span class='ocrx_word' id='word_1_654' title='bbox 2056 4018 2320 4078; x_wconf 87' lang='lat' dir='ltr'><strong>tanquam</strong></span> <span class='ocrx_word' id='word_1_655' title='bbox 2352 4006 2597 4061; x_wconf 78' lang='lat' dir='ltr'><strong>funiculo</strong></span> <span class='ocrx_word' id='word_1_656' title='bbox 2634 4006 2990 4077; x_wconf 72' lang='lat' dir='ltr'><strong>disiungant;</strong></span> <span class='ocrx_word' id='word_1_657' title='bbox 3028 4022 3128 4061; x_wconf 90' lang='lat' dir='ltr'><strong>nos</strong></span> <span class='ocrx_word' id='word_1_658' title='bbox 3156 4018 3336 4062; x_wconf 90' lang='lat' dir='ltr'><strong>autem</strong></span> <span class='ocrx_word' id='word_1_659' title='bbox 3358 4010 3500 4063; x_wconf 90' lang='lat' dir='ltr'><strong>sicut</strong></span> <span class='ocrx_word' id='word_1_660' title='bbox 3520 4017 3632 4077; x_wconf 84' lang='lat' dir='ltr'><strong>tra-</strong></span> 
     </span>
    </p>
   </div>
   <div class='ocr_carea' id='block_1_88' title="bbox 2057 4099 3631 4170">
    <p class='ocr_par' dir='ltr' id='par_1_88' title="bbox 2057 4099 3631 4170">
     <span class='ocr_line' id='line_1_88' title="bbox 2057 4099 3631 4170; baseline -0.001 -15"><span class='ocrx_word' id='word_1_661' title='bbox 2057 4101 2318 4155; x_wconf 80' lang='lat' dir='ltr'><strong>diderunt</strong></span> <span class='ocrx_word' id='word_1_662' title='bbox 2353 4100 2514 4154; x_wconf 88' lang='lat' dir='ltr'><strong>nobis</strong></span> <span class='ocrx_word' id='word_1_663' title='bbox 2553 4100 2645 4170; x_wconf 89' lang='lat' dir='ltr'><strong>qui</strong></span> <span class='ocrx_word' id='word_1_664' title='bbox 2680 4100 2747 4153; x_wconf 88' lang='lat' dir='ltr'><strong>ab</strong></span> <span class='ocrx_word' id='word_1_665' title='bbox 2784 4100 2939 4154; x_wconf 92' lang='lat' dir='ltr'><strong>initio</strong></span> <span class='ocrx_word' id='word_1_666' title='bbox 2972 4099 3172 4154; x_wconf 89' lang='lat' dir='ltr'><strong>oculati</strong></span> <span class='ocrx_word' id='word_1_667' title='bbox 3200 4107 3368 4154; x_wconf 90' lang='lat' dir='ltr'><strong>testes</strong></span> <span class='ocrx_word' id='word_1_668' title='bbox 3411 4108 3464 4153; x_wconf 91' lang='lat' dir='ltr'><strong>et</strong></span> <span class='ocrx_word' id='word_1_669' title='bbox 3514 4114 3631 4169; x_wconf 88' lang='lat' dir='ltr'><strong>spe-</strong></span> 
     </span>
    </p>
   </div>
   <div class='ocr_carea' id='block_1_89' title="bbox 2055 4190 3630 4260">
    <p class='ocr_par' dir='ltr' id='par_1_89' title="bbox 2055 4190 3630 4260">
     <span class='ocr_line' id='line_1_89' title="bbox 2055 4190 3630 4260; baseline -0.002 -12"><span class='ocrx_word' id='word_1_670' title='bbox 2055 4200 2319 4255; x_wconf 83' lang='lat' dir='ltr'><strong>ctatores,</strong></span> <span class='ocrx_word' id='word_1_671' title='bbox 2351 4199 2406 4246; x_wconf 90' lang='lat' dir='ltr'><strong>et</strong></span> <span class='ocrx_word' id='word_1_672' title='bbox 2422 4192 2898 4247; x_wconf 86' lang='lat' dir='ltr'><strong>administratores</strong></span> <span class='ocrx_word' id='word_1_673' title='bbox 2914 4191 3064 4246; x_wconf 92' lang='lat' dir='ltr'><strong>verbi</strong></span> <span class='ocrx_word' id='word_1_674' title='bbox 3096 4190 3339 4256; x_wconf 81' lang='lat' dir='ltr'><strong>fuerunt,</strong></span> <span class='ocrx_word' id='word_1_675' title='bbox 3375 4207 3470 4260; x_wconf 89' lang='lat' dir='ltr'><strong>per</strong></span> <span class='ocrx_word' id='word_1_676' title='bbox 3499 4205 3630 4245; x_wconf 88' lang='lat' dir='ltr'><strong>san-</strong></span> 
     </span>
    </p>
   </div>
   <div class='ocr_carea' id='block_1_90' title="bbox 2056 4283 3637 4353">
    <p class='ocr_par' dir='ltr' id='par_1_90' title="bbox 2056 4283 3637 4353">
     <span class='ocr_line' id='line_1_90' title="bbox 2056 4283 3637 4353; baseline -0.001 -14"><span class='ocrx_word' id='word_1_677' title='bbox 2056 4293 2179 4339; x_wconf 89' lang='lat' dir='ltr'><strong>ctas</strong></span> <span class='ocrx_word' id='word_1_678' title='bbox 2206 4283 2523 4353; x_wconf 89' lang='lat' dir='ltr'><strong>Seripturas</strong></span> <span class='ocrx_word' id='word_1_679' title='bbox 2552 4284 2911 4346; x_wconf 88' lang='lat' dir='ltr'><strong>credidimus,</strong></span> <span class='ocrx_word' id='word_1_680' title='bbox 2947 4283 3092 4352; x_wconf 90' lang='lat' dir='ltr'><strong>quod</strong></span> <span class='ocrx_word' id='word_1_681' title='bbox 3123 4283 3216 4352; x_wconf 91' lang='lat' dir='ltr'><strong>qui</strong></span> <span class='ocrx_word' id='word_1_682' title='bbox 3243 4293 3360 4337; x_wconf 92' lang='lat' dir='ltr'><strong>erat</strong></span> <span class='ocrx_word' id='word_1_683' title='bbox 3399 4283 3452 4336; x_wconf 78' lang='lat' dir='ltr'><strong>in</strong></span> <span class='ocrx_word' id='word_1_684' title='bbox 3484 4284 3637 4353; x_wconf 86' lang='lat' dir='ltr'><strong>prin-</strong></span> 
     </span>
    </p>
   </div>
   <div class='ocr_carea' id='block_1_91' title="bbox 2056 4374 3636 4446">
    <p class='ocr_par' dir='ltr' id='par_1_91' title="bbox 2056 4374 3636 4446">
     <span class='ocr_line' id='line_1_91' title="bbox 2056 4374 3636 4446; baseline -0.002 -15"><span class='ocrx_word' id='word_1_685' title='bbox 2056 4377 2201 4446; x_wconf 89' lang='lat' dir='ltr'><strong>cipio</strong></span> <span class='ocrx_word' id='word_1_686' title='bbox 2233 4375 2415 4439; x_wconf 86' lang='lat' dir='ltr'><strong>Deus,</strong></span> <span class='ocrx_word' id='word_1_687' title='bbox 2468 4376 2842 4445; x_wconf 84' lang='lat' dir='ltr'><strong>postea,sicut</strong></span> <span class='ocrx_word' id='word_1_688' title='bbox 2891 4376 3221 4428; x_wconf 87' lang='lat' dir='ltr'><strong>vaticinatur</strong></span> <span class='ocrx_word' id='word_1_689' title='bbox 3267 4374 3481 4429; x_wconf 86' lang='lat' dir='ltr'><strong>Baruch</strong></span> <span class='ocrx_word' id='word_1_690' title='bbox 3512 4415 3527 4439; x_wconf 87' lang='lat'><strong>,</strong></span> <span class='ocrx_word' id='word_1_691' title='bbox 3581 4376 3636 4428; x_wconf 83' lang='lat' dir='ltr'><strong>in</strong></span> 
     </span>
    </p>
   </div>
   <div class='ocr_carea' id='block_1_92' title="bbox 2061 4466 3631 4531">
    <p class='ocr_par' dir='ltr' id='par_1_92' title="bbox 2061 4466 3631 4531">
     <span class='ocr_line' id='line_1_92' title="bbox 2061 4466 3631 4531; baseline -0.001 -12"><span class='ocrx_word' id='word_1_692' title='bbox 2061 4479 2201 4521; x_wconf 85' lang='lat' dir='ltr'><strong>terra</strong></span> <span class='ocrx_word' id='word_1_693' title='bbox 2233 4468 2373 4519; x_wconf 81' lang='lat' dir='ltr'><strong>uisus</strong></span> <span class='ocrx_word' id='word_1_694' title='bbox 2403 4474 2504 4529; x_wconf 82' lang='lat' dir='ltr'><strong>est,</strong></span> <span class='ocrx_word' id='word_1_695' title='bbox 2530 4474 2587 4529; x_wconf 5' lang='lat' dir='ltr'><strong>pet</strong></span> <span class='ocrx_word' id='word_1_696' title='bbox 2615 4482 2731 4518; x_wconf 86' lang='lat' dir='ltr'><strong>cum</strong></span> <span class='ocrx_word' id='word_1_697' title='bbox 2757 4466 3055 4519; x_wconf 85' lang='lat' dir='ltr'><strong>hominibus</strong></span> <span class='ocrx_word' id='word_1_698' title='bbox 3099 4476 3433 4519; x_wconf 74' lang='lat' dir='ltr'><strong>conversatus</strong></span> <span class='ocrx_word' id='word_1_699' title='bbox 3468 4475 3546 4521; x_wconf 81' lang='lat' dir='ltr'><strong>est</strong></span> <span class='ocrx_word' id='word_1_700' title='bbox 3567 4466 3631 4531; x_wconf 84' lang='lat'><strong>“,</strong></span> 
     </span>
    </p>
   </div>
   <div class='ocr_carea' id='block_1_93' title="bbox 381 4542 1964 4631">
    <p class='ocr_par' dir='ltr' id='par_1_93' title="bbox 381 4557 1955 4631">
     <span class='ocr_line' id='line_1_93' title="bbox 381 4557 1955 4631; baseline -0.006 -13"><span class='ocrx_word' id='word_1_701' title='bbox 381 4563 539 4628; x_wconf 79' lang='grc' dir='ltr'>ἀξίαν</span> <span class='ocrx_word' id='word_1_702' title='bbox 588 4562 696 4615; x_wconf 81' lang='grc' dir='ltr'><strong>τῶν</strong></span> <span class='ocrx_word' id='word_1_703' title='bbox 734 4560 1103 4631; x_wconf 83' lang='grc' dir='ltr'>βεϐιωμένων,</span> <span class='ocrx_word' id='word_1_704' title='bbox 1154 4561 1210 4611; x_wconf 82' lang='grc' dir='ltr'><strong>ἐν</strong></span> <span class='ocrx_word' id='word_1_705' title='bbox 1243 4562 1310 4630; x_wconf 82' lang='grc' dir='ltr'>τῇ</span> <span class='ocrx_word' id='word_1_706' title='bbox 1359 4558 1543 4628; x_wconf 67' lang='grc' dir='ltr'>ἡμέρα</span> <span class='ocrx_word' id='word_1_707' title='bbox 1584 4559 1682 4628; x_wconf 85' lang='grc' dir='ltr'>τῆς</span> <span class='ocrx_word' id='word_1_708' title='bbox 1720 4557 1955 4628; x_wconf 82' lang='grc' dir='ltr'>κρίσεως</span> 
     </span>
    </p>
   </div>
   <div class='ocr_carea' id='block_1_94' title="bbox 2056 4542 3632 4631">
    <p class='ocr_par' dir='ltr' id='par_1_94' title="bbox 2062 4556 3632 4627">
     <span class='ocr_line' id='line_1_94' title="bbox 2062 4556 3632 4627; baseline 0 -13"><span class='ocrx_word' id='word_1_709' title='bbox 2062 4567 2262 4616; x_wconf 71' lang='lat' dir='ltr'><strong>nosme</strong></span> <span class='ocrx_word' id='word_1_710' title='bbox 2296 4559 2486 4613; x_wconf 90' lang='lat' dir='ltr'><strong>mortis</strong></span> <span class='ocrx_word' id='word_1_711' title='bbox 2536 4560 2865 4627; x_wconf 78' lang='lat' dir='ltr'><strong>permutatio</strong></span> <span class='ocrx_word' id='word_1_712' title='bbox 2909 4558 3024 4613; x_wconf 89' lang='lat' dir='ltr'><strong>sive</strong></span> <span class='ocrx_word' id='word_1_713' title='bbox 3068 4556 3369 4627; x_wconf 87' lang='lat' dir='ltr'><strong>redemptio</strong></span> <span class='ocrx_word' id='word_1_714' title='bbox 3420 4558 3632 4622; x_wconf 79' lang='lat' dir='ltr'><strong>lactus,</strong></span> 
     </span>
    </p>
   </div>
   <div class='ocr_carea' id='block_1_95' title="bbox 383 4651 1459 4725">
    <p class='ocr_par' dir='ltr' id='par_1_95' title="bbox 383 4651 1459 4725">
     <span class='ocr_line' id='line_1_95' title="bbox 383 4651 1459 4725; baseline -0.006 -15"><span class='ocrx_word' id='word_1_715' title='bbox 383 4657 597 4725; x_wconf 80' lang='grc' dir='ltr'>ποιήσει</span> <span class='ocrx_word' id='word_1_716' title='bbox 625 4653 720 4724; x_wconf 84' lang='grc' dir='ltr'>τὴν</span> <span class='ocrx_word' id='word_1_717' title='bbox 747 4652 927 4722; x_wconf 76' lang='grc' dir='ltr'>ψῆφον</span> <span class='ocrx_word' id='word_1_718' title='bbox 960 4655 1071 4714; x_wconf 89' lang='grc' dir='ltr'>τοῖς</span> <span class='ocrx_word' id='word_1_719' title='bbox 1100 4651 1459 4721; x_wconf 79' lang='grc' dir='ltr'>κρινομένοις.</span> 
     </span>
    </p>
   </div>
   <div class='ocr_carea' id='block_1_96' title="bbox 2062 4648 3633 4722">
    <p class='ocr_par' dir='ltr' id='par_1_96' title="bbox 2062 4648 3633 4722">
     <span class='ocr_line' id='line_1_96' title="bbox 2062 4648 3633 4722; baseline 0.001 -16"><span class='ocrx_word' id='word_1_720' title='bbox 2062 4666 2159 4722; x_wconf 86' lang='lat' dir='ltr'><strong>per</strong></span> <span class='ocrx_word' id='word_1_721' title='bbox 2204 4666 2358 4704; x_wconf 87' lang='lat' dir='ltr'><strong>suam</strong></span> <span class='ocrx_word' id='word_1_722' title='bbox 2412 4648 2872 4704; x_wconf 87' lang='lat' dir='ltr'><strong>resurrectionem</strong></span> <span class='ocrx_word' id='word_1_723' title='bbox 2924 4649 3119 4703; x_wconf 90' lang='lat' dir='ltr'><strong>mortis</strong></span> <span class='ocrx_word' id='word_1_724' title='bbox 3156 4649 3377 4704; x_wconf 89' lang='lat' dir='ltr'><strong>vincula</strong></span> <span class='ocrx_word' id='word_1_725' title='bbox 3435 4649 3633 4716; x_wconf 80' lang='lat' dir='ltr'><strong>solvit,</strong></span> 
     </span>
    </p>
   </div>
   <div class='ocr_carea' id='block_1_97' title="bbox 379 4740 3639 4820">
    <p class='ocr_par' dir='ltr' id='par_1_97' title="bbox 379 4740 3639 4820">
     <span class='ocr_line' id='line_1_97' title="bbox 379 4740 3639 4820; baseline -0.002 -16"><span class='ocrx_word' id='word_1_726' title='bbox 379 4749 634 4820; x_wconf 84' lang='lat' dir='ltr'><strong>viamque</strong></span> <span class='ocrx_word' id='word_1_727' title='bbox 671 4746 819 4803; x_wconf 88' lang='lat' dir='ltr'><strong>omni</strong></span> <span class='ocrx_word' id='word_1_728' title='bbox 848 4746 999 4801; x_wconf 88' lang='lat' dir='ltr'><strong>carni</strong></span> <span class='ocrx_word' id='word_1_729' title='bbox 1030 4746 1225 4799; x_wconf 89' lang='lat' dir='ltr'><strong>stravit</strong></span> <span class='ocrx_word' id='word_1_730' title='bbox 1266 4760 1359 4813; x_wconf 88' lang='lat' dir='ltr'><strong>per</strong></span> <span class='ocrx_word' id='word_1_731' title='bbox 1389 4760 1545 4798; x_wconf 90' lang='lat' dir='ltr'><strong>suam</strong></span> <span class='ocrx_word' id='word_1_732' title='bbox 1589 4745 2073 4808; x_wconf 89' lang='lat' dir='ltr'><strong>resurrectionem,</strong></span> <span class='ocrx_word' id='word_1_733' title='bbox 2102 4744 2158 4797; x_wconf 90' lang='lat' dir='ltr'><strong>in</strong></span> <span class='ocrx_word' id='word_1_734' title='bbox 2198 4744 2385 4798; x_wconf 89' lang='lat' dir='ltr'><strong>eodem</strong></span> <span class='ocrx_word' id='word_1_735' title='bbox 2423 4742 2582 4805; x_wconf 89' lang='lat' dir='ltr'><strong>solio,</strong></span> <span class='ocrx_word' id='word_1_736' title='bbox 2638 4740 2691 4794; x_wconf 90' lang='lat' dir='ltr'><strong>in</strong></span> <span class='ocrx_word' id='word_1_737' title='bbox 2756 4740 2944 4795; x_wconf 87' lang='lat' dir='ltr'><strong>eadem</strong></span> <span class='ocrx_word' id='word_1_738' title='bbox 3008 4740 3181 4810; x_wconf 82' lang='lat' dir='ltr'><strong>gloria</strong></span> <span class='ocrx_word' id='word_1_739' title='bbox 3254 4750 3309 4797; x_wconf 91' lang='lat' dir='ltr'><strong>et</strong></span> <span class='ocrx_word' id='word_1_740' title='bbox 3348 4743 3639 4812; x_wconf 80' lang='lat' dir='ltr'><strong>splendore</strong></span> 
     </span>
    </p>
   </div>
   <div class='ocr_carea' id='block_1_98' title="bbox 381 4829 3642 4905">
    <p class='ocr_par' dir='ltr' id='par_1_98' title="bbox 381 4829 3642 4905">
     <span class='ocr_line' id='line_1_98' title="bbox 381 4829 3642 4905; baseline -0.002 -10"><span class='ocrx_word' id='word_1_741' title='bbox 381 4853 506 4895; x_wconf 86' lang='lat' dir='ltr'><strong>cum</strong></span> <span class='ocrx_word' id='word_1_742' title='bbox 559 4852 662 4894; x_wconf 82' lang='lat' dir='ltr'><strong>suo</strong></span> <span class='ocrx_word' id='word_1_743' title='bbox 710 4834 872 4890; x_wconf 88' lang='lat' dir='ltr'><strong>Patre</strong></span> <span class='ocrx_word' id='word_1_744' title='bbox 922 4833 1139 4898; x_wconf 91' lang='lat' dir='ltr'><strong>sedens,</strong></span> <span class='ocrx_word' id='word_1_745' title='bbox 1192 4848 1290 4902; x_wconf 90' lang='lat' dir='ltr'><strong>pro</strong></span> <span class='ocrx_word' id='word_1_746' title='bbox 1332 4834 1530 4889; x_wconf 83' lang='lat' dir='ltr'><strong>merito</strong></span> <span class='ocrx_word' id='word_1_747' title='bbox 1580 4840 1637 4888; x_wconf 90' lang='lat' dir='ltr'><strong>et</strong></span> <span class='ocrx_word' id='word_1_748' title='bbox 1691 4832 1959 4905; x_wconf 88' lang='lat' dir='ltr'><strong>dignitate</strong></span> <span class='ocrx_word' id='word_1_749' title='bbox 1996 4848 2189 4889; x_wconf 88' lang='lat' dir='ltr'><strong>eorum</strong></span> <span class='ocrx_word' id='word_1_750' title='bbox 2223 4847 2345 4903; x_wconf 66' lang='lat' dir='ltr'><strong>quae</strong></span> <span class='ocrx_word' id='word_1_751' title='bbox 2379 4831 2436 4885; x_wconf 93' lang='lat' dir='ltr'><strong>in</strong></span> <span class='ocrx_word' id='word_1_752' title='bbox 2466 4831 2576 4887; x_wconf 90' lang='lat' dir='ltr'><strong>vita</strong></span> <span class='ocrx_word' id='word_1_753' title='bbox 2611 4840 2764 4902; x_wconf 87' lang='lat' dir='ltr'><strong>gesta</strong></span> <span class='ocrx_word' id='word_1_754' title='bbox 2793 4837 2943 4895; x_wconf 87' lang='lat' dir='ltr'><strong>sunt,</strong></span> <span class='ocrx_word' id='word_1_755' title='bbox 2976 4831 3032 4883; x_wconf 91' lang='lat' dir='ltr'><strong>in</strong></span> <span class='ocrx_word' id='word_1_756' title='bbox 3070 4829 3367 4901; x_wconf 84' lang='lat' dir='ltr'><strong>diejudicii</strong></span> <span class='ocrx_word' id='word_1_757' title='bbox 3428 4834 3492 4887; x_wconf 91' lang='lat' dir='ltr'><strong>iis</strong></span> <span class='ocrx_word' id='word_1_758' title='bbox 3545 4838 3642 4902; x_wconf 89' lang='lat' dir='ltr'><strong>qui</strong></span> 
     </span>
    </p>
   </div>
   <div class='ocr_carea' id='block_1_99' title="bbox 378 4925 1508 4999">
    <p class='ocr_par' dir='ltr' id='par_1_99' title="bbox 378 4925 1508 4999">
     <span class='ocr_line' id='line_1_99' title="bbox 378 4925 1508 4999; baseline -0.009 -12"><span class='ocrx_word' id='word_1_759' title='bbox 378 4929 771 4999; x_wconf 74' lang='lat' dir='ltr'><strong>iudicabuntur</strong></span> <span class='ocrx_word' id='word_1_760' title='bbox 799 4925 1123 4982; x_wconf 85' lang='lat' dir='ltr'><strong>sententiam</strong></span> <span class='ocrx_word' id='word_1_761' title='bbox 1160 4926 1370 4980; x_wconf 90' lang='lat' dir='ltr'><strong>laturus</strong></span> <span class='ocrx_word' id='word_1_762' title='bbox 1404 4935 1508 4980; x_wconf 92' lang='lat' dir='ltr'><strong>est.</strong></span> 
     </span>
    </p>
   </div>
   <div class='ocr_carea' id='block_1_100' title="bbox 451 5016 1949 5089">
    <p class='ocr_par' dir='ltr' id='par_1_100' title="bbox 451 5016 1949 5089">
     <span class='ocr_line' id='line_1_100' title="bbox 451 5016 1949 5089; baseline -0.001 -16"><span class='ocrx_word' id='word_1_763' title='bbox 451 5019 636 5074; x_wconf 85' lang='grc' dir='ltr'>Ταῦτα</span> <span class='ocrx_word' id='word_1_764' title='bbox 663 5019 792 5089; x_wconf 77' lang='grc' dir='ltr'>περὶ</span> <span class='ocrx_word' id='word_1_765' title='bbox 817 5016 909 5070; x_wconf 86' lang='grc' dir='ltr'><strong>τὸν</strong></span> <span class='ocrx_word' id='word_1_766' title='bbox 938 5017 1347 5087; x_wconf 77' lang='grc' dir='ltr'>ἐσταυρωμένον</span> <span class='ocrx_word' id='word_1_767' title='bbox 1391 5018 1551 5087; x_wconf 76' lang='grc' dir='ltr'>ἡμεῖς</span> <span class='ocrx_word' id='word_1_768' title='bbox 1579 5017 1949 5071; x_wconf 79' lang='grc' dir='ltr'>πεπιστεύκα-</span> 
     </span>
    </p>
   </div>
   <div class='ocr_carea' id='block_1_101' title="bbox 387 5106 1952 5183">
    <p class='ocr_par' dir='ltr' id='par_1_101' title="bbox 387 5106 1952 5183">
     <span class='ocr_line' id='line_1_101' title="bbox 387 5106 1952 5183; baseline -0.004 -17"><span class='ocrx_word' id='word_1_769' title='bbox 387 5130 484 5183; x_wconf 90' lang='grc' dir='ltr'><strong>μεν</strong></span> <span class='ocrx_word' id='word_1_770' title='bbox 505 5130 518 5141; x_wconf 88' lang='grc'><strong>·</strong></span> <span class='ocrx_word' id='word_1_771' title='bbox 551 5112 647 5165; x_wconf 72' lang='grc' dir='ltr'><strong>καὶ</strong></span> <span class='ocrx_word' id='word_1_772' title='bbox 671 5110 759 5163; x_wconf 82' lang='grc' dir='ltr'>διὰ</span> <span class='ocrx_word' id='word_1_773' title='bbox 779 5108 935 5163; x_wconf 81' lang='grc' dir='ltr'>τοῦτο</span> <span class='ocrx_word' id='word_1_774' title='bbox 961 5106 1364 5178; x_wconf 71' lang='grc' dir='ltr'>ὑπερυψοὺντες</span> <span class='ocrx_word' id='word_1_775' title='bbox 1409 5107 1549 5161; x_wconf 88' lang='grc' dir='ltr'><strong>κατά</strong></span> <span class='ocrx_word' id='word_1_776' title='bbox 1585 5107 1647 5159; x_wconf 92' lang='grc' dir='ltr'><strong>τὸ</strong></span> <span class='ocrx_word' id='word_1_777' title='bbox 1684 5107 1952 5180; x_wconf 82' lang='grc' dir='ltr'>ἡμέτερον</span> 
     </span>
    </p>
   </div>
   <div class='ocr_carea' id='block_1_102' title="bbox 384 5197 1955 5275">
    <p class='ocr_par' dir='ltr' id='par_1_102' title="bbox 384 5197 1955 5275">
     <span class='ocr_line' id='line_1_102' title="bbox 384 5197 1955 5275; baseline -0.005 -16"><span class='ocrx_word' id='word_1_778' title='bbox 384 5206 483 5275; x_wconf 81' lang='grc' dir='ltr'>τῆς</span> <span class='ocrx_word' id='word_1_779' title='bbox 514 5204 792 5273; x_wconf 87' lang='grc' dir='ltr'>δυνάμεως</span> <span class='ocrx_word' id='word_1_780' title='bbox 816 5200 1011 5271; x_wconf 85' lang='grc' dir='ltr'>μέτρον</span> <span class='ocrx_word' id='word_1_781' title='bbox 1039 5199 1147 5252; x_wconf 80' lang='grc' dir='ltr'><strong>οὐκ</strong></span> <span class='ocrx_word' id='word_1_782' title='bbox 1189 5199 1561 5268; x_wconf 85' lang='grc' dir='ltr'>ἀπολήγομεν·</span> <span class='ocrx_word' id='word_1_783' title='bbox 1597 5199 1679 5251; x_wconf 83' lang='grc' dir='ltr'>ὅτι</span> <span class='ocrx_word' id='word_1_784' title='bbox 1708 5199 1737 5249; x_wconf 88' lang='grc' dir='ltr'>ὁ</span> <span class='ocrx_word' id='word_1_785' title='bbox 1766 5197 1955 5268; x_wconf 79' lang='grc' dir='ltr'>μηδενὶ</span> 
     </span>
    </p>
   </div>
   <div class='ocr_carea' id='block_1_103' title="bbox 385 5289 1956 5368">
    <p class='ocr_par' dir='ltr' id='par_1_103' title="bbox 385 5289 1956 5368">
     <span class='ocr_line' id='line_1_103' title="bbox 385 5289 1956 5368; baseline -0.006 -19"><span class='ocrx_word' id='word_1_786' title='bbox 385 5295 630 5368; x_wconf 80' lang='grc' dir='ltr'>χωρητὸς</span> <span class='ocrx_word' id='word_1_787' title='bbox 664 5292 751 5347; x_wconf 81' lang='grc' dir='ltr'>διὰ</span> <span class='ocrx_word' id='word_1_788' title='bbox 782 5290 880 5362; x_wconf 84' lang='grc' dir='ltr'>τὴν</span> <span class='ocrx_word' id='word_1_789' title='bbox 901 5292 1177 5361; x_wconf 82' lang='grc' dir='ltr'>ἄφραστον</span> <span class='ocrx_word' id='word_1_790' title='bbox 1215 5289 1378 5343; x_wconf 79' lang='grc' dir='ltr'>αὑτοῦ</span> <span class='ocrx_word' id='word_1_791' title='bbox 1409 5290 1503 5343; x_wconf 77' lang='grc' dir='ltr'>καὶ</span> <span class='ocrx_word' id='word_1_792' title='bbox 1530 5290 1821 5360; x_wconf 87' lang='grc' dir='ltr'>ἀπρόσιτον</span> <span class='ocrx_word' id='word_1_793' title='bbox 1859 5306 1956 5359; x_wconf 90' lang='grc' dir='ltr'>με-</span> 
     </span>
    </p>
   </div>
   <div class='ocr_carea' id='block_1_104' title="bbox 386 5378 1956 5456">
    <p class='ocr_par' dir='ltr' id='par_1_104' title="bbox 386 5378 1956 5456">
     <span class='ocr_line' id='line_1_104' title="bbox 386 5378 1956 5456; baseline -0.005 -18"><span class='ocrx_word' id='word_1_794' title='bbox 386 5385 731 5456; x_wconf 85' lang='grc' dir='ltr'>γαλειότητα,</span> <span class='ocrx_word' id='word_1_795' title='bbox 762 5382 901 5452; x_wconf 79' lang='grc' dir='ltr'>πλὴν</span> <span class='ocrx_word' id='word_1_796' title='bbox 927 5380 1104 5451; x_wconf 82' lang='grc' dir='ltr'>ἑαυτῷ</span> <span class='ocrx_word' id='word_1_797' title='bbox 1136 5380 1229 5441; x_wconf 64' lang='grc' dir='ltr'><strong>καὶ</strong></span> <span class='ocrx_word' id='word_1_798' title='bbox 1253 5380 1331 5451; x_wconf 80' lang='grc' dir='ltr'><strong>τῷ</strong></span> <span class='ocrx_word' id='word_1_799' title='bbox 1357 5380 1531 5452; x_wconf 79' lang='grc' dir='ltr'>Πατρὶ</span> <span class='ocrx_word' id='word_1_800' title='bbox 1559 5381 1654 5433; x_wconf 75' lang='grc' dir='ltr'><strong>καὶ</strong></span> <span class='ocrx_word' id='word_1_801' title='bbox 1679 5378 1757 5450; x_wconf 85' lang='grc' dir='ltr'>τῷ</span> <span class='ocrx_word' id='word_1_802' title='bbox 1785 5378 1956 5433; x_wconf 87' lang='grc' dir='ltr'>Πνεύ-</span> 
     </span>
    </p>
   </div>
   <div class='ocr_carea' id='block_1_105' title="bbox 389 5466 1959 5549">
    <p class='ocr_par' dir='ltr' id='par_1_105' title="bbox 389 5466 1959 5549">
     <span class='ocr_line' id='line_1_105' title="bbox 389 5466 1959 5549; baseline -0.004 -17"><span class='ocrx_word' id='word_1_803' title='bbox 389 5495 519 5549; x_wconf 89' lang='grc' dir='ltr'>ματι</span> <span class='ocrx_word' id='word_1_804' title='bbox 572 5476 651 5549; x_wconf 85' lang='grc' dir='ltr'>τῷ</span> <span class='ocrx_word' id='word_1_805' title='bbox 718 5476 859 5545; x_wconf 81' lang='grc' dir='ltr'>ἁγίῳ</span> <span class='ocrx_word' id='word_1_806' title='bbox 882 5513 897 5538; x_wconf 93' lang='grc'><strong>,</strong></span> <span class='ocrx_word' id='word_1_807' title='bbox 965 5466 1119 5537; x_wconf 76' lang='grc' dir='ltr'>οὗτος</span> <span class='ocrx_word' id='word_1_808' title='bbox 1167 5473 1261 5527; x_wconf 77' lang='grc' dir='ltr'><strong>καὶ</strong></span> <span class='ocrx_word' id='word_1_809' title='bbox 1325 5472 1461 5543; x_wconf 88' lang='grc' dir='ltr'>πρὸς</span> <span class='ocrx_word' id='word_1_810' title='bbox 1515 5471 1799 5526; x_wconf 84' lang='grc' dir='ltr'>κοινωνίαν</span> <span class='ocrx_word' id='word_1_811' title='bbox 1861 5472 1959 5541; x_wconf 82' lang='grc' dir='ltr'>τῆς</span> 
     </span>
    </p>
   </div>
   <div class='ocr_carea' id='block_1_106' title="bbox 385 5563 1957 5639">
    <p class='ocr_par' dir='ltr' id='par_1_106' title="bbox 385 5563 1957 5639">
     <span class='ocr_line' id='line_1_106' title="bbox 385 5563 1957 5639; baseline -0.005 -16"><span class='ocrx_word' id='word_1_812' title='bbox 385 5570 667 5632; x_wconf 83' lang='grc' dir='ltr'>ἀσθενείας</span> <span class='ocrx_word' id='word_1_813' title='bbox 716 5566 873 5639; x_wconf 75' lang='grc' dir='ltr'>ἡμῶν</span> <span class='ocrx_word' id='word_1_814' title='bbox 908 5565 1188 5619; x_wconf 86' lang='grc' dir='ltr'>κατελθεῖν</span> <span class='ocrx_word' id='word_1_815' title='bbox 1232 5564 1490 5635; x_wconf 76' lang='grc' dir='ltr'>ἠδυνήθη.</span> <span class='ocrx_word' id='word_1_816' title='bbox 1524 5564 1587 5618; x_wconf 90' lang='grc' dir='ltr'><strong>Οἱ</strong></span> <span class='ocrx_word' id='word_1_817' title='bbox 1637 5564 1695 5618; x_wconf 85' lang='grc' dir='ltr'>δὲ</span> <span class='ocrx_word' id='word_1_818' title='bbox 1752 5563 1957 5634; x_wconf 87' lang='grc' dir='ltr'>ταύτην</span> 
     </span>
    </p>
   </div>
   <div class='ocr_carea' id='block_1_107' title="bbox 386 5653 1956 5731">
    <p class='ocr_par' dir='ltr' id='par_1_107' title="bbox 386 5653 1956 5731">
     <span class='ocr_line' id='line_1_107' title="bbox 386 5653 1956 5731; baseline -0.006 -15"><span class='ocrx_word' id='word_1_819' title='bbox 386 5661 659 5728; x_wconf 76' lang='grc' dir='ltr'>ἀπόδειξιν</span> <span class='ocrx_word' id='word_1_820' title='bbox 680 5661 777 5731; x_wconf 77' lang='grc' dir='ltr'>τῆς</span> <span class='ocrx_word' id='word_1_821' title='bbox 803 5658 945 5712; x_wconf 87' lang='grc' dir='ltr'><strong>κατά</strong></span> <span class='ocrx_word' id='word_1_822' title='bbox 970 5658 1067 5727; x_wconf 82' lang='grc' dir='ltr'><strong>τὴν</strong></span> <span class='ocrx_word' id='word_1_823' title='bbox 1094 5656 1255 5727; x_wconf 84' lang='grc' dir='ltr'>φύσιν</span> <span class='ocrx_word' id='word_1_824' title='bbox 1278 5656 1686 5728; x_wconf 85' lang='grc' dir='ltr'>ἀλλοτριότητος</span> <span class='ocrx_word' id='word_1_825' title='bbox 1707 5655 1801 5710; x_wconf 78' lang='grc' dir='ltr'>τοῦ</span> <span class='ocrx_word' id='word_1_826' title='bbox 1828 5653 1956 5708; x_wconf 84' lang='grc' dir='ltr'>Υἱοῦ</span> 
     </span>
    </p>
   </div>
   <div class='ocr_carea' id='block_1_108' title="bbox 498 5833 1621 5902">
    <p class='ocr_par' dir='ltr' id='par_1_108' title="bbox 498 5833 1621 5902">
     <span class='ocr_line' id='line_1_108' title="bbox 498 5833 1621 5902; baseline -0.005 -9"><span class='ocrx_word' id='word_1_827' title='bbox 498 5838 560 5893; x_wconf 82' lang='grc'><strong>⁸1</strong></span> <span class='ocrx_word' id='word_1_828' title='bbox 594 5836 829 5897; x_wconf 77' lang='lat' dir='ltr'><strong>Timotli.</strong></span> <span class='ocrx_word' id='word_1_829' title='bbox 862 5852 942 5901; x_wconf 84' lang='lat' dir='ltr'><strong>Ill,</strong></span> <span class='ocrx_word' id='word_1_830' title='bbox 980 5837 1062 5891; x_wconf 73' lang='grc'><strong>16.</strong></span> <span class='ocrx_word' id='word_1_831' title='bbox 1180 5836 1220 5866; x_wconf 81' lang='grc'><strong>¹⁰</strong></span> <span class='ocrx_word' id='word_1_832' title='bbox 1267 5833 1423 5890; x_wconf 86' lang='lat' dir='ltr'><strong>Joan.</strong></span> <span class='ocrx_word' id='word_1_833' title='bbox 1460 5848 1500 5902; x_wconf 83' lang='grc' dir='ltr'><strong>ι,</strong></span> <span class='ocrx_word' id='word_1_834' title='bbox 1540 5834 1621 5890; x_wconf 64' lang='lat' dir='ltr'><strong>ll.</strong></span> 
     </span>
    </p>
   </div>
   <div class='ocr_carea' id='block_1_109' title="bbox 2131 5008 3639 5079">
    <p class='ocr_par' dir='ltr' id='par_1_109' title="bbox 2131 5008 3639 5079">
     <span class='ocr_line' id='line_1_109' title="bbox 2131 5008 3639 5079; baseline 0 -15"><span class='ocrx_word' id='word_1_835' title='bbox 2131 5010 2255 5065; x_wconf 61' lang='lat' dir='ltr'><strong>Haec</strong></span> <span class='ocrx_word' id='word_1_836' title='bbox 2284 5024 2385 5064; x_wconf 87' lang='lat' dir='ltr'><strong>nos</strong></span> <span class='ocrx_word' id='word_1_837' title='bbox 2419 5009 2485 5063; x_wconf 90' lang='lat' dir='ltr'><strong>de</strong></span> <span class='ocrx_word' id='word_1_838' title='bbox 2515 5009 2781 5063; x_wconf 83' lang='lat' dir='ltr'><strong>cruciﬁxo</strong></span> <span class='ocrx_word' id='word_1_839' title='bbox 2816 5008 3125 5077; x_wconf 89' lang='lat' dir='ltr'><strong>credimus;</strong></span> <span class='ocrx_word' id='word_1_840' title='bbox 3170 5018 3225 5064; x_wconf 91' lang='lat' dir='ltr'><strong>et</strong></span> <span class='ocrx_word' id='word_1_841' title='bbox 3262 5016 3485 5079; x_wconf 79' lang='lat' dir='ltr'><strong>prapter</strong></span> <span class='ocrx_word' id='word_1_842' title='bbox 3535 5010 3639 5064; x_wconf 85' lang='lat' dir='ltr'><strong>hoc</strong></span> 
     </span>
    </p>
   </div>
   <div class='ocr_carea' id='block_1_110' title="bbox 2060 5099 3639 5174">
    <p class='ocr_par' dir='ltr' id='par_1_110' title="bbox 2060 5099 3639 5174">
     <span class='ocr_line' id='line_1_110' title="bbox 2060 5099 3639 5174; baseline 0.002 -21"><span class='ocrx_word' id='word_1_843' title='bbox 2060 5119 2161 5174; x_wconf 85' lang='lat' dir='ltr'><strong>pro</strong></span> <span class='ocrx_word' id='word_1_844' title='bbox 2179 5099 2342 5155; x_wconf 92' lang='lat' dir='ltr'><strong>modo</strong></span> <span class='ocrx_word' id='word_1_845' title='bbox 2370 5107 2571 5154; x_wconf 68' lang='lat' dir='ltr'><strong>nostrae</strong></span> <span class='ocrx_word' id='word_1_846' title='bbox 2602 5100 2880 5156; x_wconf 84' lang='lat' dir='ltr'><strong>facultatis</strong></span> <span class='ocrx_word' id='word_1_847' title='bbox 2913 5101 3342 5170; x_wconf 81' lang='lat' dir='ltr'><strong>superextollere</strong></span> <span class='ocrx_word' id='word_1_848' title='bbox 3369 5117 3476 5155; x_wconf 90' lang='lat' dir='ltr'><strong>non</strong></span> <span class='ocrx_word' id='word_1_849' title='bbox 3502 5102 3639 5159; x_wconf 85' lang='lat' dir='ltr'><strong>desi-</strong></span> 
     </span>
    </p>
   </div>
   <div class='ocr_carea' id='block_1_111' title="bbox 2060 5190 3641 5261">
    <p class='ocr_par' dir='ltr' id='par_1_111' title="bbox 2060 5190 3641 5261">
     <span class='ocr_line' id='line_1_111' title="bbox 2060 5190 3641 5261; baseline -0.002 -14"><span class='ocrx_word' id='word_1_850' title='bbox 2060 5194 2281 5257; x_wconf 88' lang='lat' dir='ltr'><strong>nimus;</strong></span> <span class='ocrx_word' id='word_1_851' title='bbox 2326 5190 2587 5261; x_wconf 90' lang='lat' dir='ltr'><strong>quoniam</strong></span> <span class='ocrx_word' id='word_1_852' title='bbox 2632 5192 2723 5260; x_wconf 92' lang='lat' dir='ltr'><strong>qui</strong></span> <span class='ocrx_word' id='word_1_853' title='bbox 2780 5206 2811 5244; x_wconf 90' lang='lat' dir='ltr'><strong>a</strong></span> <span class='ocrx_word' id='word_1_854' title='bbox 2853 5191 3006 5244; x_wconf 92' lang='lat' dir='ltr'><strong>nullo</strong></span> <span class='ocrx_word' id='word_1_855' title='bbox 3036 5191 3155 5260; x_wconf 91' lang='lat' dir='ltr'><strong>capi</strong></span> <span class='ocrx_word' id='word_1_856' title='bbox 3208 5198 3393 5260; x_wconf 89' lang='lat' dir='ltr'><strong>potest</strong></span> <span class='ocrx_word' id='word_1_857' title='bbox 3421 5201 3641 5261; x_wconf 90' lang='lat' dir='ltr'><strong>propter</strong></span> 
     </span>
    </p>
   </div>
   <div class='ocr_carea' id='block_1_112' title="bbox 2058 5282 3715 5350">
    <p class='ocr_par' dir='ltr' id='par_1_112' title="bbox 2058 5282 3715 5350">
     <span class='ocr_line' id='line_1_112' title="bbox 2058 5282 3715 5350; baseline -0.002 -11"><span class='ocrx_word' id='word_1_858' title='bbox 2058 5282 2387 5339; x_wconf 77' lang='lat' dir='ltr'><strong>inell‘abilem</strong></span> <span class='ocrx_word' id='word_1_859' title='bbox 2418 5285 2538 5350; x_wconf 88' lang='lat' dir='ltr'><strong>ejus</strong></span> <span class='ocrx_word' id='word_1_860' title='bbox 2568 5291 2621 5337; x_wconf 85' lang='lat' dir='ltr'><strong>et</strong></span> <span class='ocrx_word' id='word_1_861' title='bbox 2653 5282 3087 5337; x_wconf 87' lang='lat' dir='ltr'><strong>inaccessibilem</strong></span> <span class='ocrx_word' id='word_1_862' title='bbox 3129 5282 3492 5349; x_wconf 76' lang='lat' dir='ltr'><strong>maiestatem,</strong></span> <span class='ocrx_word' id='word_1_863' title='bbox 3534 5285 3639 5338; x_wconf 89' lang='lat' dir='ltr'><strong>nisi</strong></span> <span class='ocrx_word' id='word_1_864' title='bbox 3714 5288 3715 5291; x_wconf 68' lang='grc'><em>“</em></span> 
     </span>
    </p>
   </div>
   <div class='ocr_carea' id='block_1_113' title="bbox 2062 5373 3640 5445">
    <p class='ocr_par' dir='ltr' id='par_1_113' title="bbox 2062 5373 3640 5445">
     <span class='ocr_line' id='line_1_113' title="bbox 2062 5373 3640 5445; baseline -0.002 -13"><span class='ocrx_word' id='word_1_865' title='bbox 2062 5392 2093 5431; x_wconf 90' lang='lat' dir='ltr'><strong>a</strong></span> <span class='ocrx_word' id='word_1_866' title='bbox 2120 5377 2304 5445; x_wconf 88' lang='lat' dir='ltr'><strong>seipso</strong></span> <span class='ocrx_word' id='word_1_867' title='bbox 2344 5385 2398 5429; x_wconf 90' lang='lat' dir='ltr'><strong>et</strong></span> <span class='ocrx_word' id='word_1_868' title='bbox 2443 5373 2602 5428; x_wconf 90' lang='lat' dir='ltr'><strong>Patre</strong></span> <span class='ocrx_word' id='word_1_869' title='bbox 2633 5384 2687 5428; x_wconf 92' lang='lat' dir='ltr'><strong>et</strong></span> <span class='ocrx_word' id='word_1_870' title='bbox 2718 5374 2922 5445; x_wconf 90' lang='lat' dir='ltr'><strong>Spiritu</strong></span> <span class='ocrx_word' id='word_1_871' title='bbox 2956 5382 3147 5429; x_wconf 83' lang='lat' dir='ltr'><strong>sancto</strong></span> <span class='ocrx_word' id='word_1_872' title='bbox 3185 5394 3198 5430; x_wconf 90' lang='lat'><strong>:</strong></span> <span class='ocrx_word' id='word_1_873' title='bbox 3230 5375 3320 5429; x_wconf 88' lang='lat' dir='ltr'><strong>hic</strong></span> <span class='ocrx_word' id='word_1_874' title='bbox 3363 5375 3524 5429; x_wconf 91' lang='lat' dir='ltr'><strong>etiam</strong></span> <span class='ocrx_word' id='word_1_875' title='bbox 3571 5375 3640 5429; x_wconf 90' lang='lat' dir='ltr'><strong>ad</strong></span> 
     </span>
    </p>
   </div>
   <div class='ocr_carea' id='block_1_114' title="bbox 2062 5464 3636 5534">
    <p class='ocr_par' dir='ltr' id='par_1_114' title="bbox 2062 5464 3636 5534">
     <span class='ocr_line' id='line_1_114' title="bbox 2062 5464 3636 5534; baseline -0.003 -12"><span class='ocrx_word' id='word_1_876' title='bbox 2062 5467 2398 5523; x_wconf 82' lang='lat' dir='ltr'><strong>inﬁrmitatis</strong></span> <span class='ocrx_word' id='word_1_877' title='bbox 2419 5476 2624 5521; x_wconf 80' lang='lat' dir='ltr'><strong>nostrae</strong></span> <span class='ocrx_word' id='word_1_878' title='bbox 2637 5466 3078 5521; x_wconf 86' lang='lat' dir='ltr'><strong>communionem</strong></span> <span class='ocrx_word' id='word_1_879' title='bbox 3098 5465 3430 5521; x_wconf 89' lang='lat' dir='ltr'><strong>descendere</strong></span> <span class='ocrx_word' id='word_1_880' title='bbox 3442 5464 3636 5534; x_wconf 86' lang='lat' dir='ltr'><strong>potuit.</strong></span> 
     </span>
    </p>
   </div>
   <div class='ocr_carea' id='block_1_115' title="bbox 2060 5555 3641 5625">
    <p class='ocr_par' dir='ltr' id='par_1_115' title="bbox 2060 5555 3641 5625">
     <span class='ocr_line' id='line_1_115' title="bbox 2060 5555 3641 5625; baseline -0.004 -11"><span class='ocrx_word' id='word_1_881' title='bbox 2060 5561 2159 5615; x_wconf 90' lang='lat' dir='ltr'><strong>lsti</strong></span> <span class='ocrx_word' id='word_1_882' title='bbox 2196 5574 2326 5615; x_wconf 87' lang='lat' dir='ltr'><strong>vero</strong></span> <span class='ocrx_word' id='word_1_883' title='bbox 2368 5558 2471 5613; x_wconf 89' lang='lat' dir='ltr'><strong>hac</strong></span> <span class='ocrx_word' id='word_1_884' title='bbox 2512 5558 2979 5613; x_wconf 86' lang='lat' dir='ltr'><strong>demonstratione</strong></span> <span class='ocrx_word' id='word_1_885' title='bbox 3024 5565 3275 5623; x_wconf 90' lang='lat' dir='ltr'><strong>utuntur,</strong></span> <span class='ocrx_word' id='word_1_886' title='bbox 3313 5564 3375 5610; x_wconf 91' lang='lat' dir='ltr'><strong>ut</strong></span> <span class='ocrx_word' id='word_1_887' title='bbox 3407 5555 3641 5625; x_wconf 81' lang='lat' dir='ltr'><strong>probent</strong></span> 
     </span>
    </p>
   </div>
   <div class='ocr_carea' id='block_1_116' title="bbox 2066 5648 3641 5723">
    <p class='ocr_par' dir='ltr' id='par_1_116' title="bbox 2066 5648 3641 5723">
     <span class='ocr_line' id='line_1_116' title="bbox 2066 5648 3641 5723; baseline -0.001 -18"><span class='ocrx_word' id='word_1_888' title='bbox 2066 5651 2288 5707; x_wconf 87' lang='lat' dir='ltr'><strong>alterius</strong></span> <span class='ocrx_word' id='word_1_889' title='bbox 2310 5667 2433 5708; x_wconf 89' lang='lat' dir='ltr'><strong>esse</strong></span> <span class='ocrx_word' id='word_1_890' title='bbox 2456 5660 2664 5707; x_wconf 63' lang='lat' dir='ltr'><strong>natura:</strong></span> <span class='ocrx_word' id='word_1_891' title='bbox 2679 5650 2878 5707; x_wconf 89' lang='lat' dir='ltr'><strong>Filium</strong></span> <span class='ocrx_word' id='word_1_892' title='bbox 2910 5667 3033 5707; x_wconf 91' lang='lat' dir='ltr'><strong>cum</strong></span> <span class='ocrx_word' id='word_1_893' title='bbox 3062 5649 3247 5716; x_wconf 90' lang='lat' dir='ltr'><strong>Patre,</strong></span> <span class='ocrx_word' id='word_1_894' title='bbox 3271 5648 3418 5723; x_wconf 90' lang='lat' dir='ltr'><strong>quod</strong></span> <span class='ocrx_word' id='word_1_895' title='bbox 3446 5662 3641 5718; x_wconf 81' lang='lat' dir='ltr'><strong>nempe</strong></span> 
     </span>
    </p>
   </div>
   <div class='ocr_carea' id='block_1_117' title="bbox 1759 5829 2326 5899">
    <p class='ocr_par' dir='ltr' id='par_1_117' title="bbox 1759 5829 2326 5899">
     <span class='ocr_line' id='line_1_117' title="bbox 1759 5829 2326 5899; baseline 0.007 -12"><span class='ocrx_word' id='word_1_896' title='bbox 1759 5833 1799 5867; x_wconf 85' lang='grc'>¹¹</span> <span class='ocrx_word' id='word_1_897' title='bbox 1844 5831 2059 5888; x_wconf 84' lang='lat' dir='ltr'><strong>Baruch</strong></span> <span class='ocrx_word' id='word_1_898' title='bbox 2108 5846 2190 5899; x_wconf 83' lang='lat' dir='ltr'><strong>tu,</strong></span> <span class='ocrx_word' id='word_1_899' title='bbox 2231 5829 2326 5891; x_wconf 74' lang='grc'><strong>28.</strong></span> 
     </span>
    </p>
   </div>
  </div>
