4138 6364
483 433 589 487 ms

1695 431 1750 487 S.
1793 427 2124 488 GREGORII
2155 420 2452 482 NYSSENI

3647 400 3756 460 696

485 549 658 605 Filius
691 564 787 621 per
823 561 1046 604 carnem
1077 555 1130 603 et
1159 560 1378 602 crucem
1411 543 1679 601 Dominus
1713 554 1798 600 est
1841 543 2072 600 manife-

2201 541 2310 612 πρὸς
2343 540 2434 592 τὸν
2457 535 2676 607 Πατέρα
2707 532 3017 596 ποιοῦνται,
3049 527 3216 583 τδιδιά
3242 525 3446 599 σαρκὺς
3475 525 3569 580 καὶ
3593 541 3752 577 σταυ

487 653 706 709 status;
738 644 884 714 quod
917 642 1095 696 Patr-is
1129 640 1348 712 quidem
1381 647 1576 694 natura
1605 655 1740 709 pura
1774 641 1829 693 in
1861 639 2065 708 impas-

488 735 752 791 sibilitate
781 741 1098 803 permaneat
1124 750 1139 800 ;
1174 730 1348 785 Filius
1371 745 1500 785 vero
1525 731 1654 801 quia
1690 731 1757 784 ad
1785 729 2067 783 humilita-

490 835 600 880 tem
624 833 822 879 natura
844 830 1211 877 transmutata
1240 821 1364 884 fuit,
1391 829 1445 875 et
1467 821 1532 874 ad
1562 822 1745 892 carnis
1766 819 2070 888 mortisque

397 944 403 950 -
489 916 886 986 experientiam
914 914 1103 970 venire
1133 931 1240 967 non
1278 911 1692 982 impossibiliter
1725 928 1785 967 se
1819 911 2018 966 habeat
2053 920 2068 966 :

492 1009 654 1080 quasi
702 1025 812 1064 non
866 1023 1060 1078 magna
1119 1008 1259 1061 facta
1308 1007 1380 1061 sit
1439 1013 1615 1061 status
1665 1005 1929 1072 mutatio;
1978 1004 2072 1058 sed

493 1101 905 1172 quodammodo
928 1101 994 1154 ad
1037 1110 1327 1170 cognatum
1358 1105 1413 1152 et
1439 1097 1743 1152 contribule
1787 1113 1854 1152 ex
1907 1095 2072 1150 simili

495 1191 816 1254 transierit,
868 1207 936 1245 ex
987 1206 1054 1245 eo
1097 1189 1244 1259 quod
1292 1197 1529 1244 creatam
1571 1188 1790 1256 quidem
1823 1197 2073 1242 naturam

499 1285 820 1344 humanam,
851 1290 1089 1336 creatam
1124 1281 1287 1336 etiam
1324 1279 1597 1350 Unig—eniti
1645 1286 1895 1332 naturam
1946 1293 2077 1347 sup-

499 1385 688 1445 ponat.
723 1373 857 1428 Uter
888 1374 1054 1444 igitur
1083 1374 1208 1443 jure
1233 1382 1546 1438 accusatur,
1584 1372 1654 1424 ob
1694 1385 1909 1425 crucem
1953 1387 2078 1426 eru-

499 1468 763 1523 bescere?
792 1482 859 1520 an
895 1467 941 1522 is
970 1466 1063 1536 qui
1087 1466 1154 1520 de
1188 1467 1372 1534 seipso
1404 1465 1529 1518 vilia
1565 1470 1620 1518 et
1652 1461 1876 1515 humilia
1911 1460 2082 1515 dicit?

502 1574 573 1613 an
606 1559 694 1614 ille
725 1558 818 1629 qui
849 1559 916 1614 de
962 1557 1378 1613 sublimioribus
1419 1552 1740 1610 contendit?
1787 1552 1982 1606 Nescio
2034 1552 2079 1605 si

500 1651 594 1706 hic
622 1659 911 1706 accusator
933 1649 1085 1704 Pauli
1115 1665 1364 1721 magnam
1390 1663 1578 1703 vocem
1613 1645 1821 1701 audivit
1850 1665 1862 1700 :
1890 1645 1982 1714 qui
2005 1645 2083 1700 sic

501 1742 674 1799 Deum
693 1747 748 1798 in
776 1759 943 1799 cruce
976 1744 1256 1814 cognitum
1287 1742 1563 1813 deprimit,
1593 1741 1772 1810 qualia
1804 1749 1860 1796 et
1883 1748 2084 1812 quanta

504 1837 599 1892 ille
643 1851 738 1890 ore
771 1836 1124 1905 magniloquo
1168 1834 1236 1890 de
1275 1847 1440 1889 cruce
1481 1841 1727 1888 enarrat.
1788 1831 1890 1898 Qui
1938 1831 2082 1886 enim

503 1942 607 1998 per
639 1935 789 1981 tanta
827 1936 880 1980 et
915 1927 1040 1980 talia
1070 1927 1332 1980 miracula
1385 1926 1624 1994 seipsum
1667 1933 1857 1978 notum
1905 1923 2086 1978 facere

504 2027 689 2090 potest
720 2037 734 2073 :
763 2018 935 2080 Absit,
974 2020 1169 2088 inquit,
1207 2019 1260 2071 in
1297 2019 1406 2072 alio
1446 2019 1672 2088 gloriari
1714 2017 1818 2070 nisi
1847 2018 1903 2069 in
1936 2032 2090 2068 cruce

507 2112 638 2167 Iesu
674 2110 874 2165 Christi
894 2112 958 2172 η,
995 2117 1050 2165 et
1086 2109 1155 2164 ad
1193 2109 1514 2166 Corinthios
1548 2109 1681 2164 dicit
1714 2109 1938 2162 verbum
1971 2123 2091 2161 cru-

507 2201 614 2265 cis,
650 2201 908 2255 virtutem
942 2201 1031 2255 Dei
1065 2216 1208 2265 esse,
1244 2201 1328 2255 his
1351 2201 1446 2271 qui
1487 2201 1622 2256 salvi
1662 2200 1799 2254 ﬁunt
1822 2200 1884 2252 η.
1919 2197 2091 2268 Ephe-

507 2293 609 2349 siis
638 2302 820 2347 autem
867 2293 1123 2346 virtutem
1176 2291 1444 2362 quidquid
1491 2299 1574 2346 est
1635 2298 1982 2360 superantem
2038 2298 2092 2345 et

443 2446 446 2449 _
508 2385 879 2440 continentem
929 2384 1112 2438 crucis
1165 2383 1331 2454 figura
1389 2383 1651 2438 describit
1680 2385 1744 2446 “,
1792 2383 1844 2436 in
1893 2383 2091 2452 quibus

506 2476 628 2532 vult
674 2476 825 2546 ipsos
877 2476 1145 2530 exaltatns
1195 2490 1358 2530 nosse
1390 2486 1815 2545 exsuperantem
1861 2474 2089 2543 gloriam

507 2567 732 2623 virtutis
790 2566 956 2636 hujus
991 2583 1006 2620 :
1039 2565 1384 2620 altitudinem
1436 2572 1492 2620 et
1555 2562 1980 2636 profunditatem
2039 2571 2093 2617 et

509 2656 856 2713 latitudinem
887 2666 943 2713 et
978 2656 1374 2727 longitudinem
1407 2657 1695 2711 nominans
1727 2669 2090 2725 unumquem-

511 2765 623 2821 que
649 2749 861 2821 apicem
887 2765 1077 2804 eorum
1097 2764 1219 2818 qua:
1241 2749 1295 2802 in
1319 2749 1504 2805 crucis
1537 2748 1705 2819 figura
1741 2747 2094 2816 conspiciun-

514 2853 628 2909 tur,
659 2842 901 2914 propriis
932 2843 1216 2913 appellans
1270 2842 1585 2896 nominibus
1614 2881 1630 2904 ,
1665 2841 1738 2893 ita
1790 2849 1848 2892 ut
1886 2847 2093 2908 partem

515 2950 812 3006 supernam
847 2933 1192 2989 altitudinem
1235 2933 1424 2995 dicat,
1481 2931 1910 3003 profunditatem
1964 2943 2098 2983 vero

515 3023 666 3094 quod
688 3033 812 3096 post
833 3038 1153 3096 compagem
1178 3023 1495 3092 subjicitur,
1514 3031 1889 3075 transversum
1914 3028 2097 3073 autem

514 3132 617 3188 per
642 3123 940 3185 utrumque
964 3117 1174 3186 apicem
1208 3116 1322 3170 sive
1349 3125 1642 3168 antennam
1671 3111 2025 3183 longitudinis
2045 3119 2101 3166 et

515 3207 826 3263 latitudinis
872 3207 1092 3261 nomine
1127 3207 1446 3277 significans
1473 3203 1570 3276 (a).
1616 3205 1692 3259 lta
1743 3213 1803 3260 ut
1850 3219 1948 3275 per
1993 3202 2099 3257 hoc

519 3314 778 3368 magnum
799 3297 1118 3368 mysterium
1138 3296 1540 3360 manifestetur,
1559 3295 1686 3365 quia
1699 3297 1963 3362 cmlestia,
1980 3295 2104 3350 sub-

518 3397 773 3442 terranea
801 3395 854 3440 et
881 3386 1066 3440 omnia
1094 3401 1284 3441 eorum
1323 3401 1446 3456 quae
1475 3395 1604 3440 sunt
1629 3396 1875 3440 extrema
1916 3385 2101 3439 conti—

521 3487 726 3535 nentur
756 3487 810 3533 et
831 3486 1158 3532 coercentur
1213 3479 1283 3532 ab
1313 3493 1382 3532 eo
1421 3477 1514 3547 qui
1567 3477 1708 3530 hanc
1775 3475 2101 3532 ineffabilem

523 3581 580 3627 et
609 3586 863 3643 magnam
895 3569 1154 3624 virtutem
1190 3569 1246 3623 in
1281 3569 1384 3624 hac
1428 3570 1611 3623 crucis
1642 3568 1814 3639 ﬁgura
1843 3568 2104 3623 ostendit.

527 3659 637 3716 Sed
677 3661 735 3716 in
776 3659 863 3714 his
901 3658 1381 3713 criminationibus
1421 3673 1528 3711 non
1566 3659 1800 3727 amplius
1819 3657 2109 3714 decertan-

527 3749 658 3805 dum
712 3765 836 3805 esse
878 3750 1136 3812 arbitror,
1197 3762 1667 3817 supervacaneum
1715 3748 1976 3816 judicans
2005 3749 2107 3803 ad-

528 3857 727 3896 versus
753 3841 1085 3894 calumniam
1111 3838 1453 3908 argumentis
1491 3839 1693 3893 obnixe
1724 3847 1779 3894 et
1817 3841 2112 3895 vehemen-

529 3942 618 3988 ter
648 3933 1006 3998 contendere,
1040 3931 1344 4005 prazsertim
1380 3945 1507 3986 cum
1535 3931 1735 3986 veritas
1770 3932 1962 4002 paucis
2013 3932 2109 3990 de-

532 4033 839 4084 monstrata
871 4025 957 4081 sit.

607 4208 790 4276 Quare
815 4207 881 4262 ad
911 4208 1141 4263 alterum
1165 4207 1535 4262 accusationis
1557 4213 1723 4276 caput
1745 4213 2110 4263 transeamus.

536 4299 680 4356 Dicit
715 4301 900 4370 itaque
949 4308 1162 4352 sanctos
1208 4316 1241 4352 α
1288 4298 1438 4352 nobis
1484 4298 1540 4351 in
1589 4297 1843 4352 invidiam
1887 4299 2025 4366 rapi,
2066 4308 2116 4352 et

537 4410 631 4465 per
672 4393 999 4447 calumniam
1046 4394 1173 4462 peti.
1235 4389 1341 4446 Sed
1383 4391 1429 4446 si
1461 4391 1579 4460 ipse
1627 4390 1852 4457 audivit,
1910 4393 2110 4446 calum-

541 4487 812 4543 niantium
849 4487 1014 4541 verba
1063 4488 1299 4553 referat;
1336 4484 1481 4555 quod
1537 4485 1581 4539 si
1614 4500 1714 4540 nos
1748 4485 1870 4540 aliis
1913 4485 2120 4542 dixisse

2173 634 2265 705 ρού
2294 629 2674 702 φανερωθῆναι
2722 626 2814 679 τὸν
2846 623 3085 694 Κύριον*
3127 619 3202 684 ὡς
3245 619 3356 690 τῆς·
3393 619 3490 688 μὲν
3537 615 3754 684 φύσεως

2169 725 2263 779 τοῦ
2315 722 2527 793 Πατρὸς
2577 719 2825 790 καθαρᾶς
2860 719 2916 769 ἐν
2952 713 3194 783 ἀπαθείᾳ
3227 707 3582 781 διαμενούσης
3607 725 3620 739 ο
3654 705 3751 758 τοῦ

2170 820 2226 873 δὲ
2259 816 2388 870 Υίοῢ
2421 815 2510 869 διὰ
2541 813 2600 867 τὸ
2649 812 2785 883 πρὸς
2834 810 2894 862 τὸ
2945 805 3339 872 ταπεινότερον·
3374 797 3756 870 παρηλλάχθαι

2171 912 2269 982 τὴν
2299 909 2459 978 φύσιν
2478 948 2494 974 ,
2524 905 2660 978 προς
2705 901 2907 974 σαρκός
2957 916 3016 952 τε
3046 899 3140 952 καὶ
3171 894 3626 962 θανάτου-πεῖραν
3653 891 3757 942 οὐκ

2175 999 2559 1061 ἀδυνατοῦντος
2605 995 2780 1049 ἐλθεῖν
2804 1011 2818 1024 ο
2859 992 2935 1055 ὡς
2980 991 3041 1044 οὐ
3073 989 3274 1057 πολλῆς
3307 984 3610 1054 γενομένης
3653 982 3759 1050 τῆς

2179 1091 2562 1166 μεταστάσεως
2587 1129 2602 1153 ,
2642 1086 2779 1140 ἀλλά
2823 1084 3022 1154 τρόπον
3065 1080 3186 1133 τινά
3223 1079 3357 1148 πρὸς
3391 1077 3450 1130 τὸ
3499 1075 3760 1143 συγγενὲς

2177 1162 2270 1238 καὶ
2297 1181 2563 1252 ὁμόφυλον
2595 1181 2666 1231 ὲκ·
2689 1175 2782 1229 τοῦ
2815 1172 3004 1245 ὁμοίου
3038 1167 3462 1242 μεταχωρούσης
3486 1206 3500 1230 ,
3545 1165 3634 1218 διὰ
3662 1162 3759 1216 τοῦ

2179 1274 2401 1342 κτιστὴν
2438 1271 2534 1341 μὲν
2582 1270 2681 1339 τὴν
2731 1265 3076 1335 ἀνθρωπίνην
3102 1304 3117 1327 ,
3153 1259 3377 1330 κτιστὴν
3418 1257 3474 1310 δὲ
3521 1256 3616 1310 καὶ
3661 1254 3762 1324 τὴν

2178 1364 2272 1418 τοῦ
2307 1359 2646 1429 Μονογενοῦς
2677 1355 3026 1410 ὑποτίθεσθαι
3059 1353 3240 1422 φύσιν.
3270 1349 3366 1412 Τίς
3394 1347 3574 1400 τοίνυν
3614 1345 3762 1398 εἰκό-

2180 1475 2288 1519 τως
2321 1451 2742 1524 ἐπαισχύνεσθαι
2783 1449 2861 1519 τῷ
2904 1445 3119 1517 σταυρῷ
3166 1445 3587 1513 κατηγορεῖται;
3631 1441 3660 1492 ὁ
3691 1437 3763 1489 τά

2181 1545 2414 1600 ταπεινά
2443 1546 2572 1617 περὶ
2612 1539 2804 1595 ἑαυτοῦ
2850 1539 3042 1606 λέγων,
3073 1537 3156 1607 ἢὸ
3195 1536 3322 1605 περὶ
3359 1532 3468 1586 τῶν
3509 1529 3746 1600 ὑψηλοτέ-

2189 1656 2294 1707 ρων
2329 1635 2770 1705 ἀγωνιζόμενος;
2813 1631 2926 1683 Οὐκ
2965 1625 3081 1683 οἶδα
3129 1627 3178 1678 εἰ
3207 1627 3305 1694 τῆς
3335 1622 3548 1676 Παύλου
3593 1636 3737 1689 μεγα

2184 1729 2452 1800 λοερωνίας
2479 1729 2507 1780 ὁ
2536 1727 2836 1796 κατήγορος
2863 1722 3119 1790 ἤκουσεν,
3154 1718 3182 1769 6
3208 1716 3351 1769 οὕτω
3381 1710 3765 1782 κατασμικρύ-

2187 1839 2292 1876 νων
2319 1821 2409 1874 τὺν
2438 1821 2530 1872 ἐπὶ
2561 1818 2652 1871 τοῦ
2687 1814 2917 1886 σταυροῦ
2961 1809 3330 1882 γνωρισθέντα
3363 1805 3494 1859 Θεὸν
3514 1846 3528 1870 ,
3559 1799 3645 1858 οἷα
3671 1803 3771 1856 καὶ

2195 1915 2292 1966 ὅσα
2342 1913 2546 1970 ἐκεῖνος
2584 1907 2660 1977 τῷ
2704 1903 2892 1973 ὑψηλῷ
2942 1901 3170 1970 στόματι
3208 1898 3338 1968 περὶ
3381 1894 3475 1948 τοῦ
3533 1891 3768 1962 σταυροῦ

2195 2003 2563 2073 διεξέρχεται·
2593 2003 2621 2052 ὁ
2661 1999 2769 2068 γάρ
2807 1995 2893 2048 διὰ
2921 1993 3190 2046 τοσούτων
3228 1991 3323 2043 καὶ
3350 1986 3604 2040 τοιούτων
3633 1984 3770 2035 θαυ-

2201 2095 2381 2164 μάτων
2421 2091 2608 2145 ἑαυτὸν
2637 2089 2924 2159 γνωρίζειν
2959 2084 3119 2154 ἔχων,
3153 2080 3248 2146 Μὴ
3288 2078 3551 2147 γένοιτο,
3584 2074 3770 2144 φησὶν,

2196 2187 2296 2238 ἐπὶ
2326 2203 2442 2240 τινι
2469 2185 2636 2246 ἄλλῳ
2662 2177 3000 2249 καυχᾶσθαι
3025 2219 3038 2241 ,
3072 2177 3124 2229 εί
3156 2175 3238 2243 μὴ
3282 2172 3374 2224 ἐπὶ
3419 2168 3500 2234 τῷ
3529 2164 3774 2234 σταυρῷ

2197 2277 2303 2330 τοῦ
2352 2275 2641 2344 Χριστοῦο
2697 2273 2792 2326 καὶ
2830 2270 2966 2340 πρὶς
3014 2266 3332 2338 Κορινθίους
3363 2263 3510 2331 λέγει
3552 2261 3643 2313 τὸν
3683 2258 3776 2310 λό-

2199 2386 2292 2437 γον
2351 2368 2446 2420 τοῦ
2501 2364 2733 2437 σταυροῦ
2795 2363 3022 2432 δύναμιν
3078 2358 3213 2412 Θεοῦ
3271 2359 3384 2419 τοῖς
3445 2353 3776 2423 σωζομένοις

2200 2460 2336 2516 εἶναι
2359 2477 2374 2491 ·
2412 2460 2678 2529 Ἐφεσίοις
2708 2458 2762 2510 δὲ
2789 2457 2887 2526 τὴν
2926 2455 2986 2508 τὸ
3034 2454 3141 2506 πᾶν
3165 2449 3559 2521 διακρατοῦσάν
3591 2465 3652 2499 τε
3680 2447 3778 2498 καὶ

2203 2555 2527 2622 συνέχουσαν
2571 2550 2822 2620 δύναμιν,
2870 2546 2948 2617 τῷ
2977 2545 3216 2616 σχήματι
3251 2541 3345 2595 τοῦ
3398 2537 3634 2610 σταυροῦ
3677 2555 3775 2592 κα-

2199 2645 2490 2718 ταγράφει,
2524 2643 2584 2694 ὲν
2611 2636 2694 2704 οἷς
2729 2639 2978 2710 βούλεται
3005 2637 3202 2698 αὐτοὺς
3231 2632 3545 2703 ύψωθέντας
3571 2631 3778 2698 γνῶναι

2201 2739 2298 2810 τὴν
2360 2733 2802 2793 ὑπερϐάλλουσαν
2851 2729 3019 2796 δόξαν
3055 2731 3154 2800 τῆς
3205 2727 3482 2798 δυνάμεως
3536 2725 3777 2794 ταύτης,

2204 2832 2336 2902 ὕψος
2367 2830 2458 2883 καί
2485 2825 2644 2897 βάθος
2667 2867 2680 2889 ,
2725 2825 2822 2878 καὶ
2863 2823 3065 2886 πλάτος
3086 2861 3100 2884 ,
3131 2822 3223 2874 καὶ
3264 2821 3436 2892 μῆκος
3474 2817 3781 2886 κατονομά-

2205 2925 2332 2989 ζων,
2368 2922 2604 2991 ἑκάστην
2627 2917 2853 2988 κεραίαν
2877 2916 2985 2970 τῶν
3018 2913 3159 2969 κατὰ
3184 2914 3244 2967 τὸ
3277 2913 3462 2983 σχῆμα
3490 2910 3582 2963 τοῦ
3617 2925 3782 2961 σταυ-

2210 3017 2300 3088 ροῦ
2355 3014 2780 3087 θεωρουμένων,
2834 3010 2984 3072 ἰδίοις
3032 3005 3460 3078 προσαγορεύων
3499 3004 3780 3072 ὀνόμασινο

2206 3109 2282 3172 ὡς
2313 3108 2374 3160 τὸ
2420 3107 2516 3176 μὲν
2567 3105 2677 3160 ἄνω
2721 3104 2914 3174 μέρος,
2959 3100 3092 3170 ὕψος
3140 3101 3349 3152 εἰπεῖν·
3384 3096 3545 3166 βάθος
3591 3095 3668 3158 δὲ,
3719 3095 3782 3146 τὸ

2129 3239 2176 3300 C
2212 3198 2350 3270 μετά
2401 3198 2497 3266 τὴν
2538 3195 2816 3266 συμϐολὴν
2845 3193 3207 3262 ὑποκείμενον
3234 3206 3246 3218 ·
3275 3188 3374 3258 τὴν
3403 3188 3459 3241 δὲ
3487 3185 3783 3256 ὲγκάρσιον

2207 3290 2327 3345 καθ’
2351 3289 2607 3359 ἑκάτερον
2638 3285 2895 3357 κεραίαν,
2920 3283 2997 3354 τῷ
3040 3282 3132 3335 τοῦ
3175 3282 3380 3352 μήκους
3421 3295 3480 3332 τε
3520 3276 3614 3331 καὶ
3647 3276 3784 3329 πλά-

2205 3398 2331 3443 τους
2357 3381 2576 3450 ὀνόματι
2610 3374 3013 3446 διασημαίνων·
3050 3373 3124 3434 ὼς
3161 3371 3228 3424 ἂν
3271 3370 3358 3423 διά
3389 3368 3579 3423 τούτου
3619 3383 3786 3436 φανε-

2211 3470 2406 3542 ρωθείη
2438 3470 2504 3522 τδ
2531 3469 2672 3540 μέγα
2706 3467 3001 3537 μυστήριον
3027 3505 3040 3525 ,
3072 3465 3154 3516 ὅτι
3187 3463 3280 3515 καὶ
3331 3458 3656 3528 ’τὰ-οὐράνια
3691 3459 3786 3508 καὶ

2208 3563 2275 3617 τὰ
2302 3561 2649 3631 καταχθὸντα,
2681 3560 2777 3612 καὶ
2804 3559 2980 3610 πάντα
3005 3555 3112 3608 τῶν
3139 3555 3308 3608 ὄντων
3336 3551 3404 3605 τὰ
3437 3549 3786 3621 πέρατα-δια-

2209 3657 2488 3725 κρατεῖται
2540 3653 2635 3706 καὶ
2684 3650 2964 3720 συνέχεται
3009 3647 3159 3718 παρά
3190 3644 3285 3698 τοῦ
3324 3642 3424 3714 τὴν
3473 3641 3786 3711 ἀπόρρητον

2210 3747 2305 3799 καὶ
2332 3742 2573 3814 μεγάλην
2604 3740 2809 3809 ταύτην
2853 3737 3079 3807 δύναμιν
3113 3737 3168 3787 ἐν
3207 3734 3285 3806 τῷ
3314 3732 3470 3802 τύπῳ
3500 3730 3596 3782 τοῦ
3633 3747 3787 3782 σταυ-

2214 3835 2308 3908 ροῦ
2347 3833 2790 3906 παραδείξαντος.
2852 3829 2990 3883 Ἀλλ’
3037 3828 3187 3881 οὐδὲν
3245 3824 3401 3898 οἶμαι
3457 3825 3566 3879 δεῖν
3624 3824 3787 3877 πλέοι

2212 3932 2328 3992 ταῖς
2363 3927 2560 3989 αἰτίαις
2588 3924 2812 3987 ταύταις
2838 3920 3283 3991 ὲναγωνίζεσθαι,
3316 3918 3565 3990 περιττὸν
3586 3916 3789 3986 κρίνων

2215 4017 2683 4091 ὲμφιλοτιμεῖσθαι
2711 4019 2822 4080 τοῖς
2842 4015 2982 4069 κατά
3005 4015 3103 4084 τῆς
3129 4012 3492 4082 συκοφαντίας
3521 4009 3783 4078 ἐλέγχοις,

2215 4117 2308 4166 καὶ
2331 4112 2398 4164 δι’
2431 4110 2627 4180 ὀλίγων
2654 4110 2754 4180 τῆς
2789 4107 3046 4178 ἀληθείας
3075 4104 3400 4175 δειχθείσης.

2287 4201 2495 4255 υύκοῦν
2526 4201 2660 4272 πρὸς
2703 4200 2888 4269 ἕτερον
2926 4196 3175 4267 ἔγκλημα
3220 4194 3297 4265 τῷ
3327 4193 3472 4264 λόγῳ
3512 4192 3784 4264 μετέλθω-

2222 4312 2340 4366 μεν·
2381 4292 2812 4347 Διαϐἀλλεσθαι
2850 4289 2996 4358 λέγει
3039 4288 3174 4356 παρ’
3209 4285 3379 4355 ἡμῶν
3397 4284 3540 4352 τοὺς
3559 4286 3787 4355 ἁγίους.

2231 4387 2370 4440 Ἀλλ’
2402 4388 2450 4439 εἰ
2487 4385 2584 4455 μὲν
2617 4382 2779 4446 αὐτὸς
2821 4382 3047 4450 ἀκήκοε,
3091 4378 3295 4447 λεγέτω
3323 4378 3394 4430 τὰ
3439 4379 3659 4448 ῥήματα
3690 4376 3792 4446 τῆς

2223 4477 2554 4549 κατηγορίας
2581 4493 2595 4506 ’
2648 4477 2696 4528 εί
2741 4474 2798 4526 δὲ
2832 4473 2968 4545 πρὸς
3024 4471 3242 4541 ἑτέρους
3299 4469 3575 4540 εἰρηκέναι
3620 4468 3787 4537 λέγει,

542 4575 762 4640 asserit,
792 4589 888 4644 per
927 4583 1097 4631 testes
1125 4590 1312 4630 veram
1343 4575 1560 4644 culpam
1594 4575 1846 4630 ostendat
1873 4593 1888 4630 :
1921 4577 1965 4631 si
1990 4593 2097 4632 veri

2221 4573 2446 4639 δειξάτω
2490 4570 2580 4624 διὰ
2623 4570 2731 4622 τῶν
2775 4567 3194 4638 μαρτυρούντων
3227 4563 3400 4635 ἀληθῆ
3445 4563 3542 4631 τὴν
3587 4561 3788 4614 αἰτίαν.

541 4683 610 4724 ex
647 4669 714 4724 iis
749 4682 870 4737 quae
899 4668 1225 4736 scripsimus
1258 4666 1620 4729 demonstrat,
1670 4665 1863 4720 recitet
1889 4665 2120 4728 dicta,et

545 4759 766 4828 culpam
792 4758 1155 4828 recipiemus;
1191 4756 1341 4825 atqui
1367 4755 1503 4811 nihil
1529 4756 1636 4811 tale
1669 4755 1915 4826 proferre
1935 4766 2119 4824 queat.

543 4851 743 4907 Nostra
769 4847 913 4904 enim
937 4850 1139 4919 scripta
1171 4847 1347 4902 cuivis
1371 4846 1731 4902 examinanda
1757 4852 1809 4900 et
1842 4845 2124 4914 probanda

545 4952 948 5013 proponuntur.
977 4939 1033 4994 Si
1069 4941 1233 5009 igitur
1262 4954 1438 5009 neque
1470 4939 1518 4993 ei
1547 4938 1753 4993 dictum
1793 4948 1900 5003 est,
1945 4954 2124 5009 neque

548 5035 620 5091 ab
643 5035 764 5090 aliis
790 5033 1022 5096 audivit,
1056 5045 1233 5102 neque
1265 5046 1331 5086 ex
1365 5031 1586 5102 scriptis
1621 5031 1828 5086 nostris
1862 5038 2120 5102 tanquam

550 5127 859 5196 obsignatis
908 5124 1123 5179 tabellis
1168 5132 1347 5194 potest
1381 5125 1728 5187 convincere,
1764 5130 1945 5177 tacere
1994 5130 2126 5192 puto

551 5228 809 5288 oportere
865 5235 988 5273 eum
1042 5218 1135 5288 qui
1182 5216 1556 5271 defensionem
1614 5215 1933 5271 instituerit.
1986 5215 2122 5269 Nam

552 5310 823 5367 adversus
871 5311 1079 5363 crimen
1114 5308 1257 5378 quod
1292 5307 1441 5361 nulla
1483 5305 1804 5376 probatione
1850 5305 2120 5370 subsistit,

555 5403 819 5474 praeclara
849 5417 984 5456 sane
1031 5398 1277 5455 defensio
1291 5399 1633 5464 est,omnin0
1648 5396 1828 5451 silere.
1850 5395 2125 5452 Petrusiu-

551 5498 981 5572 quitapostolus,
1010 5490 1793 5550 DominumetChriuumD’eus
1825 5485 1946 5554 fecit
1989 5487 2126 5542 hunc

555 5595 728 5647 ipsum
773 5585 960 5640 Jesum
999 5599 1151 5654 quem
1193 5601 1281 5638 vos
1326 5584 1380 5636 in
1429 5599 1634 5636 crucem
1674 5583 1854 5653 egistis
1888 5582 1949 5634 ‘5'.
2001 5579 2126 5635 Hzec

2217 4667 2280 4720 Et
2311 4664 2368 4718 δὲ
2397 4663 2487 4731 ἀφ’
2518 4655 2591 4715 ὧν
2620 4660 3054 4731 γεγραφήκαμεν
3079 4655 3474 4716 ἀποδείκνυσιν,
3499 4651 3793 4720 ἀναγνώτω

2217 4754 2288 4809 τὰ
2320 4733 2606 4823 εἰρημένα,
2638 4751 2735 4803 καὶ
2764 4749 2870 4820 τὴν.
2893 4747 3076 4801 αἰτίαν
3103 4745 3366 4816 δεξόμεθα
3389 4760 3403 4774 ’
3455 4743 3568 4797 ἀλλ’
3595 4743 3696 4796 οὐκ
3726 4740 3792 4795 ἀν

2217 4864 2269 4900 τι
2301 4846 2539 4899 τοιοῦτον
2579 4844 2966 4913 προσενεγκεῖν
3009 4841 3141 4911 ἔχοι.
3172 4840 3465 4910 Πρόκειται
3497 4837 3604 4906 γὰρ
3633 4835 3792 4889 παντὶ

2219 4936 2297 5006 τῷ
2331 4934 2636 5006 βουλομένῳ
2660 4932 2728 4985 τὰ
2762 4932 2891 5002 παρ’
2917 4929 3074 5001 ἡμῶν
3105 4932 3184 4992 εἰς
3212 4927 3472 4992 ἐξέτασιν.
3520 4927 3581 4978 Ei
3603 4925 3658 4978 δὲ
3686 4924 3791 4993 μή-

2220 5045 2281 5080 τε
2313 5027 2450 5097 πρὸς
2478 5025 2640 5077 αὑτὸν
2669 5023 2907 5094 εἴρηται,
2948 5023 3084 5092 μήτε
3121 5020 3322 5089 ἑτέρων
3359 5018 3617 5085 ἀκήκοεν,
3656 5015 3791 5084 μήτε

2221 5119 2309 5174 διὰ
2335 5117 2444 5171 τῶν
2483 5116 2887 5187 γεγραμμένων
2917 5115 3029 5183 ἔχει
3055 5111 3145 5164 τὸν
3181 5111 3422 5179 ἔλεγχον,
3456 5108 3610 5177 σιγᾷν
3641 5102 3791 5174 οἶμαι
3830 5102 3836 5164 1

2221 5216 2424 5286 χρῆναι·
2445 5213 2536 5265 τὸν
2573 5213 2712 5281 ὑπὲρ
2745 5209 2950 5263 τούτων
2999 5204 3455 5275 ἀπολογούμενον.
3508 5199 3650 5270 Πρὸς
3687 5196 3794 5268 γὰρ

2221 5307 2283 5359 τὸ
2331 5304 2696 5358 ἀνυπόστατον
2750 5300 3020 5370 ἔγκλημα,
3062 5297 3346 5369 πρέπουσα
3393 5295 3607 5354 πάντως
3650 5291 3794 5344 ἐστὶν

2229 5395 2490 5464 ἀπολογία
2543 5396 2576 5465 ἡ
2632 5394 2833 5464 σιωπή.
2893 5393 3109 5464 Πέτρος·
3165 5390 3328 5461 φησὶν
3384 5388 3414 5440 6
3467 5383 3792 5444 ἀπόττολος,

2229 5490 2446 5558 Κύριον⁹
2475 5487 2574 5542 καὶ
2619 5487 2873 5552 Χοιστὸν
2912 5489 2944 5540 ὀ
2983 5484 3128 5549 Θεὸς
3161 5482 3410 5548 ἐποίησε
3445 5478 3660 5532 τοῦτον
3693 5473 3798 5526 τὸν

2243 5579 2485 5648 Ἰησοῦν
2506 5579 2580 5633 ὃν
2599 5577 2765 5648 ὑμεῖς
2787 5575 3223 5644 ἐσταῳώσατε.
3263 5572 3451 5643 Ἡμεῖς
3474 5565 3649 5623 ταῦτα
3671 5564 3797 5633 παρ’

666 5746 709 5777 ⁸¹
743 5744 926 5801 Galat.
965 5759 1039 5808 vr,
1083 5741 1169 5798 M.
1247 5739 1326 5792 ¹³Ι
1353 5739 1479 5795 Cor.
1509 5755 1547 5807 ι,
1584 5739 1672 5794 18.
1752 5738 1794 5769 ιι
1830 5736 2029 5805 Ephes.
2054 5755 2091 5793 ιι

2201 5740 2244 5795 Β.
2320 5739 2366 5772 ¹⁸
2397 5737 2515 5793 Act.
2543 5753 2606 5801 ιι,
2633 5736 2732 5789 513..

635 5899 712 5972 (ο)
749 5899 894 5956 Idem
929 5899 1104 5956 iusius
1136 5899 1292 5954 docet
1323 5895 1384 5954 D.
1420 5895 1578 5968 Greg.
1617 5894 1773 5967 Nyss.
1812 5893 1866 5950 in
1903 5893 2230 5952 Calcc/tclica
2264 5895 2502 5949 oratione
2541 5907 2589 5948 c.
2623 5892 2725 5948 ὅτι..
