4138 6364
420 329 522 392 697

1533 328 1818 391 CONTRA
1849 329 2241 402 EUNOMIUM,
2281 333 2411 391 LIB.
2456 336 2521 392 ν.

3567 333 3683 397 698'

415 451 580 506 αὑτοῦ
615 449 993 524 μεμαθηκότες
1035 452 1235 523 φαμὲν,
1275 453 1403 524 περὶ
1443 451 1503 505 ἓν
1545 455 1726 507 πᾶσαν
1773 451 1984 523 βλέπειν

2097 467 2198 506 nos
2228 453 2296 507 ab
2326 467 2391 506 eo
2424 451 2629 518 edocti,
2678 450 2914 508 dicimus
2961 449 3015 506 in
3051 465 3222 506 unum
3257 465 3474 508 omnem
3499 451 3673 508 dicto-

415 542 522 596 τῶν
547 544 850 615 εἰρημένων
875 546 972 614 τὴν
999 545 1332 616 σύμφρασιν,
1361 545 1522 598 αὐτόν
1541 563 1598 599 τε
1619 544 1710 598 τὸν
1738 543 1986 614 σταυρὸν,

417 635 511 687 καὶ
559 635 617 687 τὸ
665 634 1004 704 ἀνθρώπινον
1053 636 1260 706 ὄνομα,
1323 637 1416 688 καὶ⁹
1466 636 1526 689 τὸ
1571 635 1836 688 δεικτικὸν
1890 637 1989 704 τῆς

417 727 622 797 φωνῆς.
675 727 777 781 Δὺο
803 729 912 800 γὰρ
941 729 1242 799 πράγματα
1274 730 1401 800 περὶ
1423 727 1482 781 ἓν
1516 729 1805 799 πρόσωπον
1837 729 1865 778 6
1891 729 1990 796 τῆς

415 821 638 891 Γραφῆς
661 821 817 889 λόγος
841 822 1204 891 γεγεννῆσθαί
1228 839 1382 893 φησί’
1417 823 1570 893 παρά
1601 821 1699 890 μὲν
1723 819 1830 873 τῶν
1863 819 1990 874 Ἰουέ

413 911 575 964 δαίων
599 912 661 964 τὸ
706 913 898 976 πάθος,
929 913 1082 984 παρὰ
1103 913 1160 967 δὲ
1207 913 1298 967 τοῦ
1337 913 1471 966 Θεοῦ
1507 914 1606 983 τὴν
1635 914 1801 983 τιμήν
1828 927 1842 942 ·
1891 912 1989 981 οὐχ

413 1001 491 1064 ὠς
529 1001 690 1056 ἄλλου
747 1003 847 1073 μὲν
895 1004 1244 1068 πεπονθότος,
1294 1005 1480 1075 ἐτέρου
1524 1005 1582 1057 δὲ
1623 1004 1713 1058 διὰ
1758 1002 1857 1074 τῆς
1898 1003 1991 1056 ἀν-

415 1093 674 1163 υψώσεως
705 1097 1067 1166 τετιμημένου
1088 1110 1100 1122 ·
1141 1097 1235 1149 καὶ
1265 1097 1596 1167 σαφέστερον
1626 1095 1988 1167 ἐφερμηνεύει

413 1186 585 1254 λέγων
631 1188 718 1242 διὰ
762 1189 870 1242 τῶν
906 1188 1142 1259 ἐφεξῆς’
1183 1188 1264 1257 Τῇ
1300 1187 1467 1256 δεξιᾷ
1497 1192 1621 1259 γὰρ,
1658 1189 1844 1259 φησιν,
1882 1188 1987 1242 τοῦ

414 1279 562 1333 Θεοῦ
594 1282 876 1348 ὑψωθείς.
921 1281 1016 1344 Τίς
1039 1277 1134 1335 οὖν
1177 1281 1362 1351 ὑψώθη
1388 1298 1402 1345 ;
1469 1281 1526 1334 ὐ
1558 1280 1812 1344 ταπεινὸς
1842 1281 1917 1346 δὲ,
1951 1280 1984 1352 ἢ

410 1374 439 1425 ὁ
468 1371 690 1441 ὕψιστος
710 1392 724 1439 ;
751 1375 816 1428 Τί
843 1376 899 1428 δὲ
920 1375 1046 1428 ἄλλο
1072 1374 1222 1444 παρὰ
1238 1375 1299 1427 τὸ
1316 1374 1468 1427 Θεῖόν
1486 1375 1630 1427 ἐστιν
1647 1375 1676 1426 6
1689 1373 1949 1443 ’Ὕψιστος
1970 1392 1984 1440 ;

425 1462 588 1515 Ἀλλά
623 1465 729 1534 μὴν
757 1466 785 1517 6
813 1465 945 1528 Θεὸς
975 1465 1254 1536 ὑψωθῆναι
1298 1465 1357 1518 οὐ
1396 1464 1595 1529 δέεται,
1640 1464 1860 1534 ὕψιστος
1888 1463 1984 1517 ὢν.

416 1554 560 1623 ’Ἄρα
591 1556 650 1607 τὸ
697 1555 1036 1628 ἀνθρώπινον
1077 1560 1105 1610 6
1186 1557 1481 1620 ἀπόστολος
1528 1556 1778 1628 ὗψῶσθαι
1816 1556 1984 1624 λέγει.

425 1644 644 1714 ’Υψώθη
692 1645 749 1699 δὲ
782 1647 874 1700 διὰ·
905 1646 998 1700 τοῦ
1046 1646 1252 1718 Κύριος
1292 1649 1386 1702 καὶ
1432 1648 1666 1719 Χριστὸς
1712 1647 1982 1716 γενέσθαι.

410 1737 508 1791 Διά
533 1738 690 1790 τοῦτο
717 1739 774 1791 δὲ
807 1739 946 1809 μετά
973 1738 1035 1792 τὸ
1076 1739 1247 1802 πάθος
1272 1740 1508 1808 ἐγένετο.
1545 1739 1772 1803 Οὐκοῦν,
1801 1741 1859 1792 οὐ
1889 1740 1988 1810 τὴν

2099 558 2222 596 rum
2252 543 2494 613 phrasim
2518 543 2828 614 respicere;
2866 550 2920 598 et
2941 543 3114 613 ipsam
3146 558 3388 611 crucem,
3411 543 3673 600 ethuma-

2103 637 2233 688 nunt
2270 650 2492 701 nomen,
2541 643 2595 690 et
2628 635 2736 690 vim
2784 636 2936 690 vocis
2968 635 3481 692 demonstrativam.
3528 637 3673 692 Duas

2096 725 2242 779 enim
2278 741 2367 781 res
2417 727 2562 782 circa
2612 741 2774 779 unam
2813 740 3104 796 personam
3142 725 3440 797 Scriptura:
3492 742 3674 782 sermo

2097 817 2295 871 asserit
2325 817 2495 872 fuisse
2534 815 2731 880 factas,
2759 835 2786 870 ιι
2835 815 3039 872 Iudaeis
3081 816 3303 887 quidem
3338 817 3671 888 passionem,

2097 921 2126 959 a
2162 905 2285 960 Deo-
2327 916 2508 961 autem
2557 907 2860 962 honorem:
2922 925 3033 963 non
3066 909 3212 978 quod
3263 908 3404 964 alius
3453 910 3672 979 quidem

2096 997 2406 1066 passussit,
2440 997 2582 1064 alius
2600 1013 2729 1052 vero
2743 1013 2841 1066 per
2863 997 3245 1053 exaltationem
3265 1000 3335 1054 sit
3349 999 3670 1063 honoratus,

2095 1086 2242 1155 quod
2281 1087 2488 1141 clarius
2522 1089 2704 1143 verbis
2729 1089 3087 1158 sequentibus
3110 1090 3520 1158 interpretatur,
3543 1092 3672 1145 dum

2096 1174 2249 1241 dicit,
2288 1175 2490 1230 Dextra
2520 1177 2620 1231 Dei
2653 1177 2942 1233 exaltatus.
2991 1177 3127 1244 Quis
3184 1178 3350 1249 igitur
3403 1181 3677 1235 exaltatus

2095 1269 2218 1323 est?
2263 1269 2561 1325 humilisne
2609 1286 2676 1324 an
2744 1272 3092 1326 altissimus?
3124 1269 3263 1337 Quid
3300 1279 3478 1326 autem
3528 1272 3677 1326 aliud

2096 1374 2260 1427 quam
2289 1358 2432 1414 Deus
2461 1370 2546 1414 est
2583 1361 2672 1415 ille
2704 1361 2800 1430 qui
2838 1361 3294 1417 estAltissimus?
3320 1360 3485 1431 Atqui
3532 1359 3677 1415 Deus

2096 1453 2400 1508 altissimus
2423 1469 2545 1507 cum
2577 1454 2671 1516 sit,
2704 1468 2814 1508 non
2853 1452 3056 1524 indiget
3092 1461 3152 1506 ut
3182 1453 3506 1507 sublimetur
3533 1470 3546 1507 :
3575 1451 3678 1524 igi-

2096 1549 2191 1598 tur
2230 1546 2518 1613 apostolus
2547 1546 2692 1615 quod
2728 1546 3027 1600 humanum
3073 1553 3178 1612 est,
3205 1546 3502 1600 exaltatum
3556 1562 3677 1602 esse

2098 1635 2255 1689 dicit.
2297 1635 2586 1692 Exaltatus
2621 1646 2706 1692 est
2733 1646 2937 1703 autem,
2967 1638 3095 1708 quia
3131 1637 3395 1695 Dominus
3424 1646 3478 1694 et
3517 1638 3678 1695 Chri-

2097 1736 2218 1783 stus
2254 1729 2435 1784 l'actus
2465 1739 2568 1785 est.
2611 1728 2841 1800 Propter
2891 1730 2997 1785 hoc
3052 1739 3233 1786 autem
3279 1741 3405 1801 post
3457 1734 3676 1803 passio-

411 1829 736 1899 προαιὼνιον
771 1829 1000 1900 ὕπαρξιν
1024 1831 1115 1885 τοῦ
1147 1832 1353 1902 Κυρίου
1381 1831 1467 1885 διὰ
1494 1831 1597 1885 τοῦ·
1611 1832 1862 1901 ἐποίησε
1887 1833 1984 1901 ρή-

2092 1836 2215 1874 nem
2262 1819 2440 1877 factus
2491 1830 2593 1876 est.
2642 1822 3006 1888 Quamobrem
3065 1823 3348 1893 apostolus
3401 1840 3508 1879 non
3569 1824 3677 1878 Do-

414 1938 580 1990 ματος
619 1923 951 1994 παρίστησιν
981 1927 1008 1976 6
1064 1923 1388 1988 ἀπόστολος,
1437 1923 1574 1978 ἀλλὰ
1616 1924 1713 1996 τὴν
1752 1925 1848 1978 τοῦ
1891 1943 1986 1980 τα-

410 2014 596 2068 πεινοῦ
630 2016 765 2086 πρὸς
801 2016 860 2068 τὸ
891 2015 1091 2086 ὑψηλὸν
1141 2016 1516 2087 μεταποίησις),
1559 2016 1648 2071 διὰ
1676 2017 1776 2086 τῆς
1809 2016 1986 2081 δεξιᾶς

407 2103 502 2157 τοῦ
531 2104 664 2157 Θεοῦ
693 2106 1085 2176 γεγενημένην.
1103 2107 1473 2178 Σαφηνίζεται·
1496 2107 1605 2178 γὰρ
1630 2109 1723 2161 καὶ
1749 2107 1836 2161 διὰ
1865 2108 1987 2161 τού-

406 2212 502 2248 του
524 2195 615 2248 τοῦ
651 2199 890 2268 ῥήματος
916 2198 975 2250 τὸ
1004 2199 1098 2268 τῆς
1125 2199 1405 2263 εὐσεϐείας
1437 2201 1750 2271 μυστήριον.
1791 2201 1848 2252 Ὀ
1878 2199 1985 2272 γὰρ

409 2287 578 2340 εἰπὼν
621 2289 701 2341 ὃτι
743 2291 806 2359 τῇ
843 2288 994 2360 δεξιᾷ
1033 2288 1126 2342 τοῦ
1156 2289 1294 2343 Θεοῦ
1322 2290 1576 2359 ὑψωθεὶς,
1613 2293 1868 2362 φανερῶς
1895 2295 1987 2346 ἐκ·

408 2378 675 2433 καλύπτει
703 2379 801 2450 τὴν
830 2381 1140 2452 ἀπὸρῤητον
1174 2380 1268 2434 τοῦ
1320 2384 1620 2452 μυστηρίου
1650 2385 1983 2455 οἰκονομίαν.

411 2470 534 2522 Ὅτι
563 2471 595 2540 ἡ
625 2469 773 2535 δεξιά
804 2472 895 2524 τοῦ
919 2471 1050 2524 Θεοῦ
1078 2474 1110 2543 ἡ
1139 2473 1394 2543 ποιητικὴ
1427 2473 1644 2528 πάντων
1665 2475 1773 2527 τῶν
1792 2475 1982 2539 ὅντων,

407 2562 442 2632 ἥ
474 2562 618 2614 ἐστιν
658 2564 688 2615 6
734 2562 954 2634 Κύριος,
989 2563 1054 2617 δι’
1087 2559 1148 2619 οὗ
1187 2564 1256 2618 τά
1289 2568 1466 2618 πάντα
1499 2567 1747 2634 ἐγένετο,
1788 2568 1884 2621 καὶ
1925 2562 1985 2622 οὗ

408 2656 578 2726 χωρὶς
608 2655 814 2727 ὑπέστη
860 2656 969 2708 τῶν
1011 2656 1178 2710 ὄντων
1228 2658 1401 2720 οὐδὲν,
1432 2659 1568 2730 αὐτὴ
1595 2659 1689 2712 τὸν
1719 2658 1986 2714 ὲνωθέντα

408 2743 546 2815 πρὸς
576 2745 746 2814 αὐτὴν
786 2744 1068 2816 ἄνθρωπον
1100 2749 1177 2809 εἰς
1213 2747 1274 2799 τὺ
1302 2747 1429 2799 ίδιον
1473 2746 1604 2816 ὕψος
1636 2749 1877 2818 ἀνήγαγε
1899 2750 1986 2802 διὰ

407 2836 508 2905 τῆς
534 2836 909 2906 ἀνακράσεως,
962 2837 1100 2907 ὅπερ
1133 2837 1279 2890 ἐστὶν
1312 2838 1448 2910 αὑτὴ
1493 2838 1636 2893 κατὰ
1677 2839 1776 2910 τὴν
1801 2839 1982 2908 φύσιν,

408 2925 657 2978 κάκεῖνον
689 2926 984 2993 ποιήσασα.
1019 2926 1174 2978 Ἔστι
1202 2925 1258 2977 δὲ
1287 2927 1416 2979 αὐτὸ
1450 2927 1666 2994 Κύριος
1687 2925 1782 2980 καὶ
1808 2925 1988 2980 Βασι-

405 3017 839 3087 λεύςοΧριστὸς
888 3016 997 3088 γὰρ
1041 3018 1069 3069 6
1118 3018 1371 3088 βασιλεὺς
1422 3018 1784 3089 ὀνομάζεταιι
1811 3016 1985 3072 ταῦτα

408 3110 658 3162 κάκεῖνον
701 3110 973 3179 ἐποίησεν.
1017 3110 1229 3180 Ὠσπερ
1260 3111 1367 3182 γὰρ
1400 3112 1458 3162 ὲν
1487 3111 1563 3181 τῷ
1597 3111 1805 3182 ὑψίστῳ
1834 3111 1984 3180 γενό-

413 3219 570 3272 μενος
600 3203 700 3256 ὑπε
711 3202 954 3273 ρυψώθ-η,
988 3202 1131 3256 οὕτω
1159 3205 1253 3257 καὶ
1281 3204 1349 3258 τὰ
1373 3203 1508 3257 ἄλλα
1542 3203 1719 3257 πάντα
1747 3204 1982 3272 ἐγένετο,

409 3293 469 3344 ὲν
514 3293 592 3364 τῷ
639 3293 892 3364 ἀθανάτῳ
936 3294 1222 3358 ἀθάνατος,
1269 3295 1326 3346 ὲν
1363 3293 1442 3364 τῷ
1475 3294 1613 3363 φωτὶ
1658 3293 1793 3362 φῶς,
1824 3295 1881 3346 ἐν
1907 3294 1986 3364 τῷ

409 3386 672 3458 ἀφθάρτῳ
713 3385 1010 3458 ἄφθαρτος,
1055 3388 1113 3441 ὲν
1141 3387 1217 3456 τῷ
1256 3387 1471 3459 ἀοράτῳ
1513 3387 1762 3456 ἀόρατος,
1803 3389 1862 3440 ὲν
1910 3386 1986 3457 τῷ

409 3476 631 3548 Χριστῷ
656 3478 907 3550 Χριστὸς,
939 3480 998 3532 ὲν
1028 3479 1106 3550 τῷ
1139 3477 1325 3550 Κυρίῳ
1355 3477 1578 3550 Κύριος.
1620 3479 1838 3548 Πέφυκε
1878 3478 1987 3548 γὰρ

408 3570 502 3622 ἐπὶ
549 3569 656 3622 τῶν
705 3568 1036 3640 σωματικῶν
1083 3570 1466 3640 ἀνακράσεων,
1515 3569 1644 3622 ὅταν
1687 3568 1866 3638 πολλῷ
1907 3569 1987 3640 τῷ

414 3661 595 3733 μέτρῳ
620 3663 680 3714 τὸ
724 3661 910 3733 ἓτερον
942 3660 1227 3724 πλεονάζει
1273 3662 1458 3734 μέρος,
1505 3661 1644 3732 πρὸς
1667 3661 1728 3715 τὸ
1757 3664 1986 3734 ἐπικρα-

407 3753 535 3807 τοῦν
567 3755 786 3819 πάντως
822 3755 1229 3825 μεταποιεῖσθαι
1275 3753 1334 3806 τὸ
1371 3754 1784 3825 ἐλαττούμενον.
1817 3753 1989 3809 Τοῦτο

409 3847 503 3899 καὶ
531 3846 624 3900 ἐπὶ
650 3845 742 3898 τοῦ
776 3846 1036 3917 μυστικοῦ
1070 3847 1228 3916 λόγου
1263 3846 1446 3916 σαφῶς
1485 3846 1572 3899 διὰ
1597 3847 1696 3917 τῆς
1741 3847 1836 3900 τοῦ
1878 3848 1985 3901 Πέ-

408 3954 537 4008 τρου
591 3937 775 4008 φωνῆς
814 3937 1194 4007 διδασκόμεθα,
1251 3939 1333 3990 ὅτι
1379 3939 1440 3991 τὸ
1492 3939 1742 3992 ταπεινὸν
1784 3939 1878 3992 τοῦ
1925 3940 1985 4007 ἐξ

409 4027 690 4090 ἀσθενείας
742 4026 1164 4097 σταυρωθέντος.
1215 4029 1248 4098 ἡ
1293 4027 1350 4080 δὲ
1377 4027 1630 4082 ἀσθένεια
1672 4027 1772 4098 τὴν
1808 4028 1987 4098 σάρκα

406 4120 576 4191 δηλοῖ,
607 4119 791 4184 καθὼς
834 4121 962 4190 περὶ
994 4119 1088 4173 τοῦ
1123 4120 1329 4190 Κυρίου
1357 4119 1690 4191 ἠκούσαμεν.
1734 4120 1902 4174 Τοῦτο
1927 4121 1986 4174 δὲ

406 4213 492 4265 διὰ
525 4213 624 4282 τῆς
657 4213 794 4283 πρὸς
823 4213 883 4265 τὸ
904 4213 1128 4284 ἄπειρόν
1155 4230 1216 4266 τε
1250 4214 1344 4266 καὶ
1369 4213 1620 4284 ἀόριστον
1657 4212 1752 4266 τοῦ
1779 4212 1984 4283 ἀγαθοῦ

408 4306 782 4377 ἀνακράσεως,
833 4304 1015 4358 οὐκέτι
1061 4304 1274 4376 ἔμεινεν
1317 4306 1375 4359 ὲν
1423 4307 1534 4370 τοῖς
1572 4305 1721 4369 ίδίοις
1767 4307 1987 4378 μέτροις

407 4397 502 4451 καὶ
534 4395 818 4467 ίδιὼμασιν
844 4413 858 4428 ο
901 4396 1038 4450 ἀλλά
1073 4400 1140 4468 τῇ
1183 4397 1333 4467 δεξιᾷ
1359 4396 1453 4450 τοῦ
1484 4398 1618 4450 Θεοῦ
1645 4399 1985 4470 συνεπήρθη,

407 4489 501 4543 καὶ
529 4490 748 4559 ἐγένετο
788 4488 909 4542 ἀντὶ
945 4488 1256 4559 ὑποχειρίου
1298 4489 1532 4562 Χριστὸς
1560 4490 1830 4560 βασιλεὺς,
1864 4492 1985 4546 ἀντὶ

404 4581 661 4637 ταπεινοῦ
692 4582 933 4652 ὕψιστος,
967 4583 1089 4636 ἀντὶ
1131 4582 1420 4652 ἀνθρώπου
1452 4583 1603 4646 Θεός.
1641 4584 1774 4638 Τίνα
1805 4584 1982 4640 τοίνυν

404 4675 434 4727 6
475 4674 617 4746 ὑπὲρ
659 4674 768 4728 τῶν
825 4673 1138 4729 ἀποστόλων
1179 4675 1432 4745 πολεμεῖν
1483 4676 1614 4745 ἡμῖν
1655 4676 1987 4746 σχηματιζό-

409 4783 590 4837 μενος,
627 4760 785 4837 εὗρεν
816 4767 880 4818 ὲκ
919 4766 1024 4818 τῶν
1058 4766 1460 4837 γεγραμμένων
1493 4766 1634 4820 κατά
1666 4767 1774 4820 τῶν
1815 4768 1987 4836 ἁγίων

405 4859 609 4931 λαϐήν;
679 4859 841 4912 Ἀλλά
885 4859 1180 4913 σιωπάσθω
1243 4859 1338 4912 καὶ
1383 4858 1538 4912 τοῦτο
1587 4859 1649 4912 τὸ
1690 4859 1941 4931 ἔγκλημα
1968 4877 1982 4890 ·

409 4951 602 5022 μικρὸν
645 4951 754 5022 γὰρ
791 4947 943 5020 οἶμαι
976 4951 1070 5003 καὶ
1103 4951 1326 5018 ἀγεννὲς
1355 4946 1512 5014 εἶναι,
1551 4951 1687 5022 πρὸς
1715 4951 1782 5004 τά
1807 4950 1979 5021 ψευδῆ

403 5061 464 5096 τε
495 5047 589 5096 καὶ
621 5044 983 5098 ἀναπόδεικτα
1021 5042 1130 5095 τῶν
1168 5042 1475 5113 λεγομένων
1522 5043 1794 5096 ἵστασθαι.
1841 5043 1976 5096 Ἀλλ’

405 5132 497 5184 ἐπὶ
516 5132 577 5184 τὸ
609 5131 962 5203 σφοδρότερον
989 5132 1086 5202 τῆς
1121 5131 1456 5203 κατηγορίας
1485 5131 1852 5202 μετέλθωμεν.

471 5311 643 5380 Φησὶ,
678 5309 783 5363 τὸν
820 5309 1133 5378 ἄνθρωπον
1163 5307 1536 5379 κεκενῶσθαι
1563 5309 1768 5380 λέγειν
1792 5310 1979 5380 ἡμᾶς,

403 5401 502 5456 καί
522 5403 631 5455 τὸν
659 5401 727 5466 ἐξ
750 5400 1023 5469 ὑπακοῆς
1045 5399 1264 5455 ἑαυτὸν
1293 5398 1747 5454 ταπεινώσαντα
1767 5399 1843 5470 τῇ
1872 5400 1980 5455 τοῦ

401 5493 624 5548 δούλου
656 5491 879 5564 μορφῇ,
905 5493 1263 5562 σύμμορφον
1291 5487 1446 5546 εἶναι
1472 5491 1597 5558 τοῖς
1627 5491 1976 5561 ἀνθρώποις,

401 5585 502 5643 καὶ
543 5586 686 5655 πρὶν
727 5588 950 5656 ταύτην
987 5585 1312 5641 ἀναλαϐεῖν
1352 5585 1470 5653 τὴν
1505 5585 1766 5656 μορφήν.
1810 5586 1974 5640 Οὐδὲν

472 5789 546 5860 (α)
581 5787 638 5842 D.
680 5788 936 5845 Basilium
971 5789 1244 5861 intelligit,
1269 5789 1361 5860 qui
1389 5789 1455 5848 de
1485 5787 1674 5847 eodem
1708 5788 1933 5848 disserit
1957 5789 2052 5847 lib.
2081 5804 2142 5858 ιι,
2183 5799 2367 5847 contra
2401 5789 2741 5848 Eunomium.

2093 1915 2226 1968 mini
2243 1916 2620 1970 exsistentiam
2635 1931 2757 1985 quae
2769 1917 3066 1973 antecessit
3083 1917 3304 1983 saecula,
3321 1933 3420 1987 per
3443 1917 3672 1974 verbum

2093 2005 2237 2075 fecit,
2271 2015 2646 2077 repraesentat,
2689 2008 2784 2064 sed
2820 2010 3042 2065 humilis
3085 2010 3152 2064 ad
3178 2012 3454 2066 excelsum
3498 2023 3677 2064 muta-

2093 2097 2297 2151 tionem
2332 2112 2428 2167 per
2454 2097 2734 2153 dexteram
2768 2099 2861 2156 Dei
2912 2100 3131 2157 factam.
3187 2101 3329 2168 Quin
3354 2105 3518 2158 etiam
3579 2121 3676 2174 per

2092 2186 2197 2242 hoc
2255 2189 2482 2244 verbum
2518 2190 2741 2260 pietatis
2788 2193 3113 2263 mysterium
3179 2194 3513 2250 declaratur.
3568 2195 3675 2262 Qui

2093 2279 2238 2333 enim
2286 2281 2426 2336 dixit
2462 2283 2610 2352 quod
2646 2283 2837 2339 dextra
2893 2285 2989 2340 Dei
3033 2286 3328 2353 exaltatus,
3383 2287 3676 2343 manifeste

2095 2369 2423 2426 ineffabilem
2467 2375 2709 2445 mysterii
2753 2376 3224 2446 dispensationem
3255 2378 3472 2432 evolvit.
3518 2378 3676 2445 Quod

2096 2460 2324 2517 dextera
2365 2463 2457 2518 Dei
2489 2466 2732 2521 omnium
2771 2482 2895 2537 quae
2945 2478 3074 2522 sunt
3104 2475 3190 2524 est
3233 2469 3499 2535 ell‘ectrix,
3552 2487 3678 2542 quae

2093 2553 2314 2624 quidem
2379 2564 2464 2611 est
2517 2555 2808 2626 Dominus,
2859 2575 2956 2629 per
3008 2575 3172 2630 quem
3223 2562 3409 2616 omnia
3452 2562 3676 2617 condita

2094 2659 2243 2713 sunt,
2278 2657 2334 2704 et
2363 2649 2484 2706 sine
2533 2665 2643 2720 quo
2668 2651 2806 2705 nihil
2840 2667 3031 2707 eorum
3076 2667 3198 2722 quae
3229 2661 3358 2707 sunt
3393 2654 3673 2710 subsistit.

2094 2743 2222 2796 Haec
2250 2742 2468 2797 unitum
2500 2757 2686 2798 secum
2723 2743 2997 2799 hominem
3032 2745 3100 2799 ad
3149 2747 3422 2816 propriam
3451 2747 3678 2802 celsitu-

2094 2833 2274 2889 dinem
2306 2850 2402 2904 per
2427 2837 2881 2905 temperationem
2913 2837 3134 2901 extulit,
3169 2838 3318 2907 quod
3343 2839 3566 2908 quidem
3590 2847 3677 2896 est

2095 2926 2211 2996 ipsa
2245 2927 2548 2982 secundum
2585 2936 2868 2994 naturam,
2911 2929 3076 2984 etiam
3103 2929 3258 2984 illum
3314 2928 3542 2987 faciens.
3578 2935 3676 2988 Est

2094 3027 2274 3074 autem
2304 3019 2481 3089 ipsum
2515 3019 2776 3075 Dominus
2817 3031 2873 3076 et
2917 3019 3060 3085 Rem,
3098 3020 3350 3078 Christus
3389 3025 3534 3078 enim
3577 3039 3676 3080 rex

2095 3109 2432 3174 nominatur,
2462 3110 2579 3165 haec
2617 3114 2781 3166 etiam
2839 3113 2996 3167 illum
3049 3111 3263 3178 eliecit;
3325 3121 3383 3166 ut
3417 3115 3560 3168 enim
3617 3116 3676 3172 in

2093 3201 2366 3256 altissimo
2400 3202 2601 3265 factus,
2643 3204 3085 3273 superexaltatus
3117 3211 3221 3266 est,
3255 3205 3336 3258 sic
3367 3206 3534 3259 etiam
3566 3207 3676 3262 alia

2092 3294 2276 3348 omnia
2297 3280 2472 3350 factus
2490 3302 2595 3359 est,
2610 3296 2664 3350 in
2680 3297 2978 3350 immortali
2995 3297 3340 3359 immortalis,
3356 3298 3410 3352 in
3426 3299 3672 3367 lucelux,

2094 3385 2148 3438 in
2170 3385 2570 3456 incorruptibili
2587 3387 3021 3458 incorruptibilis
3041 3405 3056 3443 :
3078 3387 3134 3441 in
3152 3387 3417 3443 invisibili
3436 3389 3678 3446 invisibi-

2094 3475 2186 3542 lis;
2205 3475 2260 3529 in
2275 3475 2494 3533 Christo
2534 3477 2825 3546 Christus;
2845 3479 2901 3532 in
2919 3477 3150 3533 Domino
3164 3477 3448 3536 Dominus.
3464 3479 3598 3535 Nam
3619 3483 3676 3537 in

2094 3569 2470 3635 corporalibus
2483 3570 2994 3639 temperationibus,
3026 3587 3148 3627 cum
3170 3589 3297 3642 pars
3311 3573 3483 3628 altera
3500 3575 3674 3628 multa

2093 3670 2351 3710 mensura
2416 3654 2704 3724 exuberat,
2755 3674 2878 3728 quae
2928 3661 3110 3715 minor
3163 3669 3250 3718 est
3287 3661 3673 3718 transformari

2092 3747 2231 3800 solet
2264 3745 2320 3799 in
2356 3759 2476 3800 eam
2502 3755 2711 3816 partem
2757 3765 2879 3818 quae
2902 3753 3192 3820 praevalet:
3245 3753 3352 3809 hoc
3413 3754 3578 3809 etiam
3615 3755 3672 3810 in

2093 3838 2327 3907 mystico
2354 3854 2605 3894 sermone
2628 3840 2789 3910 plane
2828 3858 2924 3913 per
2954 3858 3144 3898 vocem
3187 3844 3331 3900 Petri
3384 3847 3671 3914 docemur,

2093 3931 2239 4000 quod
2278 3931 2562 3988 humilitas
2608 3932 2730 4002 ejus
2759 3937 2853 4004 qui
2885 3952 2951 3992 ex
3005 3937 3324 3995 inﬁrmitate
3375 3941 3673 3995 cruciﬁxus

2092 4033 2199 4091 est,
2243 4026 2362 4095 ipsa
2393 4034 2572 4081 autem
2621 4027 2914 4084 inﬁrmitas
2944 4043 3164 4084 carnem
3216 4029 3477 4097 declarat,
3529 4033 3672 4086 sicut

2093 4117 2160 4171 de
2217 4115 2448 4171 Domino
2487 4117 2832 4182 audivimus;
2889 4118 2994 4174 hoc
3037 4127 3218 4174 autem
3261 4137 3359 4191 per
3399 4130 3674 4192 tempera-

2093 4206 2300 4261 tionem
2337 4221 2463 4260 cum
2497 4207 2713 4260 inﬁnito
2742 4217 2795 4262 et
2827 4208 3178 4264 interminato
3230 4225 3340 4264 non
3377 4211 3580 4266 mansit
3614 4213 3670 4266 in

2092 4283 2328 4367 propriis
2349 4299 2622 4354 mensuris
2648 4309 2701 4353 et
2731 4302 3184 4371 proprietatibus,
3221 4302 3330 4358 sed'
3350 4303 3544 4358 dextra
3571 4305 3668 4361 Dei

2092 4389 2326 4445 sublime
2352 4390 2556 4445 elatum
2587 4399 2688 4453 est,
2722 4401 2886 4462 atque
2934 4393 3078 4448 servi
3118 4395 3239 4448 loco
3281 4394 3546 4452 Dominus
3591 4396 3670 4451 fa-

2092 4492 2214 4538 ctus
2244 4490 2349 4546 est,
2380 4490 2435 4537 et
2467 4499 2565 4553 pro
2593 4485 2812 4540 subdito
2837 4484 3092 4540 Christus
3124 4502 3218 4542 rex
3253 4505 3266 4542 :
3309 4503 3516 4557 proque
3563 4489 3667 4546 hu-

2088 4574 2203 4628 mili
2237 4574 2565 4639 altissimus,
2611 4585 2664 4631 et
2714 4593 2814 4647 pro
2869 4578 3092 4632 homine
3143 4577 3308 4636 Deus.
3362 4579 3668 4644 Quamnam

2085 4682 2217 4738 ergo
2244 4667 2336 4738 qui
2369 4683 2470 4739 pro
2514 4670 2784 4739 apostolis
2811 4670 3013 4725 bellum
3049 4671 3207 4726 nobis
3249 4671 3452 4727 inferre
3493 4674 3668 4729 simu-

2085 4759 2184 4823 lat,
2211 4775 2279 4816 ex
2318 4760 2540 4830 scriptis
2575 4774 2771 4816 contra
2799 4770 3021 4817 sanctos
3066 4777 3256 4817 ansam
3305 4772 3506 4820 nactus
3540 4767 3670 4822 est?

2088 4849 2195 4906 Sed
2247 4851 2352 4905 hoc
2382 4851 2591 4907 crimen
2630 4853 2852 4908 silentio
2886 4853 3229 4908 involvatur:
3269 4856 3487 4924 angusti
3519 4857 3665 4912 enim

2086 4952 2140 4996 et
2171 4943 2459 5013 degeneris
2487 4944 2656 4998 animi
2686 4959 2810 5000 esse
2839 4960 2985 5006 reor.
3027 4956 3220 5000 contra
3255 4946 3389 5001 falsa
3434 4955 3488 5003 et
3516 4950 3666 5005 nulla

2085 5033 2552 5090 demonstratione
2583 5035 2794 5091 ﬁrmata
2821 5037 3052 5092 crimina
3103 5046 3268 5093 stare.
3307 5038 3414 5094 Sed
3463 5041 3529 5094 ad
3569 5057 3665 5094 ae-

2084 5126 2389 5180 cusationis
2442 5127 2822 5182 vehementius
2867 5138 2922 5182 et
2972 5129 3208 5185 validius
3242 5131 3408 5184 telum
3471 5146 3665 5202 perga-

2079 5231 2226 5270 ntus.

2148 5309 2241 5363 Ait
2303 5322 2396 5361 nos
2480 5310 2556 5380 (a)
2601 5311 2860 5366 hominem
2915 5313 2970 5366 in
3025 5313 3288 5368 hominem
3334 5314 3663 5368 exinanitum

2075 5415 2188 5454 esse
2232 5401 2528 5470 aﬁ'irmare,
2583 5410 2738 5470 atque
2771 5420 2890 5456 eum
2933 5404 3023 5474 qui
3065 5405 3398 5474 semetipsum
3428 5420 3494 5459 ea:
3544 5407 3661 5459 obe-

2074 5492 2279 5547 dientia
2315 5494 2560 5549 submisit
2590 5497 2723 5548 servi
2749 5498 2925 5565 forma
2960 5509 3188 5565 sumpta,
3219 5498 3514 5552 hominibus
3534 5515 3664 5553 con-

2082 5588 2299 5655 [ormem
2327 5605 2458 5653 esse,
2489 5590 2650 5643 etiam
2691 5590 2998 5660 priusquam
3037 5591 3171 5646 hanc
3195 5590 3423 5661 formam
3458 5605 3666 5646 assum-

3193 5882 3268 5896 -υκ,
