4138 6364
450 326 559 382 699

1679 321 1758 379 ~S.
1800 320 2131 377 GllEGORll
2164 318 2468 376 NYSSENI.
2507 348 2510 351 π

3624 320 3730 379 700

454 448 663 515 psisset.
698 444 843 501 Nihil
864 443 931 500 de
948 444 1187 501 dictione
1207 445 1583 505 submutatum
1602 444 1626 499 l‘
1628 446 1725 509 uit,
1743 446 1836 500 sed
1853 444 2045 507 eadem

2150 443 2471 516 ὑπημείφθη
2514 445 2613 514 τῆς
2645 443 2843 511 λέξεως
2871 461 2884 474 ·
2933 444 3047 499 ἀλλ’
3079 445 3215 499 αὑτά
3243 446 3313 499 τὰ
3345 447 3567 517 ῥήματα
3598 445 3732 518 παρ’

457 538 622 594 verba
648 554 679 591 a
702 537 864 593 nobis
895 538 1161 601 translata
1221 544 1351 592 sunt
1405 553 1475 593 ex
1502 538 1652 592 illius
1683 552 1936 593 sermone
1982 537 2040 591 in

458 638 749 686 nostrum:
777 630 823 685 si
860 630 1008 684 enim
1042 630 1177 701 quid
1213 630 1270 685 in
1306 631 1517 686 nosuis
1545 630 1765 700 scriptis
1784 638 1870 684 est
1911 630 2040 696 tale,

455 726 671 793 (nostra
714 723 861 776 enim
894 722 1021 777 dico
1051 738 1172 792 qua:
1217 731 1348 778 sunt
1377 722 1623 777 doctoris
1645 718 1884 788 ,)nullus
1918 736 2055 786 orag

456 818 563 870 tori
593 815 925 870 calumniam
960 816 1213 884 imputet,
1264 830 1481 870 omnem
1528 817 1761 885 imploro
1796 815 2043 869 veritatis

459 923 688 974 curam;
734 915 789 961 et
831 921 932 961 nos
980 907 1326 962 testabimur.
1371 906 1528 973 Quod
1578 908 1625 961 si
1674 907 1869 961 horum
1906 907 2044 960 nihil

456 1005 543 1051 est
572 997 629 1050 in
659 996 867 1050 nostris
898 996 1143 1066 scriptis,
1190 999 1368 1052 oratio
1427 1014 1535 1052 non
1568 997 1763 1053 exilem
1825 998 2043 1067 culpam

457 1088 689 1144 inducit.
724 1087 829 1144 Sed
863 1096 1121 1159 tanquam
1152 1091 1363 1160 liquido
1410 1100 1465 1146 et
1499 1092 1660 1161 plane
1699 1090 2044 1145 demonstra-

458 1181 529 1235 tis
568 1187 862 1235 succenset
911 1190 965 1234 et
1023 1182 1365 1255 indignatur,
1404 1184 1753 1253 prodigiosas
1801 1184 2045 1253 loquaci-

457 1283 600 1327 tates
631 1272 791 1343 nugis
816 1280 868 1325 et
904 1274 1317 1342 perturbatione
1346 1277 1558 1345 plenas,
1593 1284 1648 1330 et
1696 1275 1959 1339 salebras,
1992 1281 2047 1328 et

458 1372 589 1425 talia
617 1386 846 1426 vocans.
883 1369 1025 1435 Quid
1046 1369 1317 1438 agendum
1346 1370 1417 1423 sit
1443 1384 1553 1422 non
1575 1368 1753 1422 video.
1774 1364 2048 1446 Quemad-

466 1463 690 1519 modum
727 1464 795 1517 ad
826 1462 1157 1531 improvisas
1195 1462 1308 1517 iras
1334 1460 1643 1532 pbrenitide
1678 1457 2047 1519 laborantium

421 1525 518 1613 let
556 1556 882 1618 furentium,
917 1555 1068 1608 anxii
1118 1562 1172 1609 et
1204 1555 1449 1624 perplexi
1504 1569 1612 1608 non
1658 1553 1862 1619 habent
1914 1549 2045 1621 quid

459 1649 676 1704 consilii
706 1655 963 1717 captent:
998 1646 1081 1699 sic
1111 1662 1212 1718 ego
1245 1647 1363 1717 ipse
1389 1646 1655 1700 adversus
1683 1645 1825 1699 hanc
1849 1643 2048 1712 despew

457 1742 731 1797 rationem
766 1738 905 1794 nihil
934 1739 1152 1793 consilii
1176 1747 1228 1795 et
1261 1738 1492 1793 remedii
1518 1738 1761 1791 invenio.
1799 1736 1890 1790 Ait
1930 1750 2050 1793 ma-

2153 538 2309 611 ήμῶν
2354 538 2739 608 μετενήνεκται
2785 535 2894 589 ἀπὸ
2927 535 3020 589 τοῦ
3051 536 3259 589 ἐκείνου
3288 536 3448 605 λόγου
3479 538 3613 609 πρὸς
3640 538 3733 591 τὸν

2148 631 2436 703 ἡμέτερον.
2470 630 2533 683 Εἰ
2559 629 2657 699 μέν
2689 629 2804 682 ἐστί
2832 647 2884 681 τι
2912 628 3152 682 τοιοῦτον
3194 629 3251 681 ὲν
3280 632 3390 693 τοῖς
3422 631 3550 701 παρ’
3577 632 3735 701 ἡμῶν

2149 723 2555 795 γεγραμμένοις
2576 722 2844 794 (ἡμέτερα
2866 722 2974 794 γάρ
2997 722 3065 776 τὰ
3083 723 3176 777 τοῦ
3200 723 3518 777 διδασκάλου
3544 743 3615 794 φη
3627 727 3735 793 μὶ),

2152 804 2338 887 μηδεὶς
2403 815 2701 885 ἐγκαλείτω
2744 814 3105 883 συκοφαντίαν
3156 814 3232 884 τῷ
3276 816 3501 887 ῥήτορι,
3554 819 3736 870 πᾶσαν

2151 908 2287 962 αἰτῶ
2323 909 2579 981 φροντίδα
2607 908 2708 977 τῆς
2737 906 2993 977 ἀληθείας
3016 922 3049 954 ’-
3074 907 3169 961 καί⁵
3195 909 3356 977 ἡμεῖς
3392 910 3739 980 μαρτυρήσο-

2153 1017 2272 1070 μεν.
2322 1001 2385 1052 Εἰ
2427 1000 2482 1052 δὲ
2527 997 2731 1052 τούτων
2769 998 2869 1069 μέν
2904 999 3051 1051 ἐστιν
3092 999 3151 1049 ὲν
3180 1000 3291 1066 τοῖς
3328 999 3739 1068 γεγραμμένοις

2148 1091 2321 1158 οὐδὲν,
2355 1093 2383 1144 ό
2418 1090 2575 1160 λόγος
2603 1089 2670 1162 δὲ.
2694 1090 2793 1143 οὐκ
2824 1089 3005 1143 αἰτίαν
3039 1088 3235 1158 ἐπάγει
3262 1089 3444 1160 ψιλήν.
3496 1090 3632 1142 Ἀλλ’
3658 1092 3739 1155 ὼς

2149 1184 2244 1238 ἐπὶ
2285 1183 2536 1256 φανερῶς
2576 1183 3052 1254 ἀποδεδειγμένοις
3092 1185 3392 1255 ἀγανακτεί
3441 1186 3536 1238 καὶ
3584 1184 3740 1254 όργί-

2151 1276 2324 1345 ζεται,
2378 1278 2683 1348 τερατείας,
2731 1279 2823 1347 καὶ
2857 1278 3045 1348 λήρου,
3076 1279 3171 1332 καὶ
3208 1277 3452 1348 ταραχῆς
3490 1276 3737 1347 πλήρεις,

2152 1370 2247 1421 καὶ
2269 1368 2602 1439 ἀνωμαλίας,
2639 1368 2732 1422 καὶ
2769 1369 2839 1427 τὶ
2870 1369 3095 1422 τοιαῦτα
3125 1368 3325 1422 καλῶν.
3354 1369 3417 1420 Τί
3444 1368 3548 1439 χρὴ
3572 1372 3743 1439 πράτ-

2148 1478 2260 1513 τειν
2309 1462 2369 1513 οὐ
2416 1461 2645 1533 συνορῶ.
2698 1461 2966 1530 Καθάπερ
3016 1463 3065 1513 οἱ
3102 1462 3237 1532 πρὸς
3280 1462 3379 1523 τὰς
3423 1462 3735 1533 ἀπροφασί-

2156 1569 2314 1616 στους
2365 1552 2536 1623 ὀργὰς
2582 1553 2694 1607 τῶν
2742 1553 3158 1624 φρενιτξιζόντων
3195 1551 3603 1624 ἀμηχανοῦντες
3638 1553 3737 1603 οὐκ

2150 1642 2362 1713 ἔχουσιν
2386 1644 2414 1696 ὅ
2435 1662 2487 1696 τι
2513 1643 2911 1713 βουλεύσονται,
2929 1644 3101 1708 οὕτως
3122 1645 3241 1697 οὐδὲ
3257 1645 3417 1711 αὐτὸς
3442 1643 3740 1715 ἐξευρίσκω

2150 1736 2271 1788 τινὰ
2299 1735 2435 1806 πρὸς
2463 1736 2562 1806 τὴν
2593 1736 2906 1806 ἀμηχανίαν
2937 1737 3140 1807 ταύτην
3175 1736 3445 1790 ἐπίνοιαν.
3499 1738 3665 1807 Φησὶν
3706 1740 3755 1805 ὁ,

457 1834 629 1904 gister
671 1834 887 1904 (rursus
921 1836 1066 1889 enim
1108 1831 1175 1885 ad
1210 1831 1433 1886 verbum
1465 1829 1585 1899 ejus
1616 1843 1926 1883 sermonem
1963 1844 2049 1882 re-

2153 1829 2470 1892 διδάσκαλος
2514 1830 2839 1902 (πάλινμγάρ
2884 1832 2976 1884 ἐπὶ
3022 1829 3216 1897 λέξεως
3249 1832 3413 1885 αὐτοῦ
3457 1833 3547 1885 τὸν
3579 1833 3739 1899 λόγον

458 1924 827 1997 petam)_quod
857 1944 967 1999 non
993 1926 1266 1996 theologia:
1296 1922 1512 1976 modum
1543 1922 1693 1975 nobis
1734 1920 1921 1984 tradit,
1958 1919 2048 1974 sed

458 2017 869 2087 dispensationis
900 2020 1157 2085 rationes.
1188 2019 1291 2073 lste
1324 2023 1507 2071 autem
1547 2021 1837 2068 accusator
1870 2029 1937 2069 ex
1964 2013 2052 2066 his

460 2108 730 2178 impulsus
756 2126 854 2163 nos
876 2118 1124 2165 astruere
1146 2110 1423 2163 hominem
1444 2108 1781 2162 exinanitum
1798 2106 1852 2160 in
1870 2106 2051 2159 horni-

459 2216 583 2255 nem
603 2203 906 2256 contendit.
932 2201 1061 2268 ρυλε
1092 2202 1284 2255 horum
1305 2209 1359 2254 et
1390 2201 1605 2253 illorum
1621 2199 2050 2253 communio?Si

459 2291 696 2348 dicimus
713 2293 1018 2362 apostolum
1037 2308 1147 2347 non
1168 2293 1326 2346 nobis
1341 2292 1560 2345 modum
1580 2290 1866 2360 theologia:
1884 2290 2054 2343 tradi-

460 2382 633 2446 disse,
672 2384 765 2436 sed
812 2397 914 2437 suo
943 2397 1198 2441 sermone
1231 2380 1701 2450 dispensationem
1748 2378 2049 2435 secundum

459 2474 775 2543 passionem
801 2472 1234 2535 subostendissc,
1260 2478 1481 2545 propter
1495 2469 1601 2525 hoc
1625 2470 1860 2524 hominis
1879 2469 1934 2523 in
1950 2468 2055 2523 ho-

462 2566 666 2620 minem
688 2566 1117 2620 exinanitionem
1137 2573 1191 2619 et
1208 2565 1350 2619 servi
1373 2563 1607 2617 formam
1628 2569 1753 2617 ante
1775 2562 1972 2617 saecula
1997 2570 2053 2616 et

462 2657 698 2713 adventu
730 2660 783 2711 in
801 2674 968 2713 carne
990 2657 1353 2727 antiquiorem
1382 2671 1457 2726 ex,
1476 2656 1641 2709 Maria
1662 2654 1936 2709 hominem
1970 2652 2053 2708 di-

463 2766 593 2806 cere
614 2751 964 2804 damnamur.
991 2750 1095 2805 Sed
1114 2737 1582 2819 snpcrvacaneum
1601 2762 1723 2803 esse
1738 2746 1978 2801 arbitror
1996 2746 2051 2799 in

463 2843 634 2898 certis
657 2851 710 2896 et
741 2841 1015 2897 confessis
1043 2840 1363 2906 immorari;
1408 2838 1712 2910 praesertim
1768 2853 1895 2893 cum
1933 2839 2051 2907 ipsa

462 2938 673 2991 veritas
718 2951 820 2993 nos
873 2936 941 2991 ab
972 2939 1119 2989 omni
1169 2934 1398 2988 crimine
1433 2934 1661 3006 liberet.
1702 2931 1857 2995 Tunc
1904 2935 2049 3005 enim

464 3026 858 3084 accusantibus
887 3025 1149 3081 resistere
1174 3026 1646 3095 Oportet,quando
1675 3026 1876 3094 quislin
1897 3042 1955 3080 se
1976 3026 2051 3094 ip-

464 3135 585 3180 sum
611 3119 995 3174 calumniatori
1024 3133 1215 3173 ansam
1240 3118 1576 3187 praebuerit:
1613 3119 1668 3172 in
1700 3119 1904 3188 quibus
1949 3133 2051 3171 au-
2078 3160 2122 3219 ο

462 3220 574 3268 tem
606 3213 818 3266 nullu-m
853 3219 936 3266 est
962 3210 1267 3281 periculum
1288 3209 1604 3279 suspicandi
1632 3209 1837 3279 aliquid
1856 3211 2052 3265 absur-

462 3302 542 3367 di,
568 3318 674 3357 non
707 3304 829 3357 l'alsi
854 3302 1101 3356 criminis
1122 3302 1241 3370 ejus
1265 3302 1358 3371 qui
1378 3303 1717 3357 calumniose
1735 3311 2049 3366 accusatur,

464 3392 564 3447 sed
625 3393 947 3446 accusantis
1008 3391 1212 3445 luroris
1279 3399 1334 3444 et
1388 3392 1617 3445 insaniae
1675 3392 2048 3460 reprehensio,

466 3484 753 3537 accusatio
789 3482 1167 3541 constituitur.
1196 3482 1302 3537 Sed
1339 3483 1801 3551 quemadmodum
1839 3485 1908 3537 ob
1924 3499 2052 3537 cru-

462 3592 583 3631 cem
616 3576 984 3633 erubescendi
1033 3574 1265 3632 crimine
1317 3575 1458 3629 falso
1501 3575 1769 3639 accusati,
1826 3592 1923 3645 per
1987 3592 2051 3630 ea

463 3684 588 3738 qua:
618 3678 745 3724 sunt
779 3668 1092 3732 examinata
1133 3668 1189 3721 in
1220 3667 1559 3721 contrarium
1595 3682 1924 3723 conversum
1962 3684 2050 3723 re-

464 3760 583 3830 geri
649 3761 963 3814 accusatori
1014 3758 1222 3813 crimen
1275 3758 1820 3818 demonstravimus:
1870 3760 1951 3814 sic
1998 3767 2052 3814 et

464 3852 609 3907 hanc
640 3851 856 3920 culpam
890 3850 945 3903 in
978 3860 1333 3905 accusatores
1352 3848 1640 3904 transferri
1666 3851 2047 3916 ostendemus,

464 3942 615 4013 quod
655 3942 734 3996 illi
764 3958 874 3995 non
906 3956 1008 3996 nos
1031 3956 1096 3996 ex
1127 3941 1293 3995 simili
1325 3941 1392 3995 ad
1424 3941 1606 3995 simile
1632 3939 1755 3997 Filii
1786 3942 2051 3995 mutatio-

464 4050 592 4089 nem
627 4032 685 4087 in
725 4033 1034 4090 (economia
1068 4030 1158 4100 (id
1190 4038 1275 4086 est
1304 4031 1749 4106 dispensatione)
1776 4032 2051 4101 passionis

465 4126 786 4181 doceamus.
838 4123 1290 4177 Examinabimus
1333 4124 1479 4177 enim
1522 4140 1644 4194 quae
1688 4125 1757 4179 ab
1797 4126 2048 4195 utrisque

464 4218 726 4275 dicuntur
754 4220 899 4271 inter
935 4232 994 4272 se
1041 4224 1361 4285 comparata
1401 4226 1455 4271 et
1494 4217 1805 4270 summatim
1845 4219 2046 4286 posita.

464 4308 579 4365 Nos
629 4308 864 4364 dicimus
909 4307 1250 4378 unigenitum
1301 4305 1470 4361 Deum
1521 4307 1613 4377 qui
1663 4323 1758 4378 per
1805 4309 2047 4379 seipsum

466 4402 931 4475 produxitomnia
961 4418 975 4454 :
1007 4415 1176 4454 unum
1214 4408 1395 4453 autem
1432 4415 1622 4454 eorum
1654 4415 1777 4470 quae
1810 4401 1880 4455 ab
1928 4401 2049 4473 ipso

2154 1922 2615 1994 ἐπαναλήψομαι),
2666 1926 2745 1977 ὅτι
2783 1924 2927 1992 οὐχι
2948 1926 3255 1993 θεολογίας
3293 1924 3439 1994 ἡμῖν
3484 1923 3735 1992 παραδί-

2152 2015 2297 2068 δωσι
2339 2018 2580 2082 τρόπον,
2623 2015 2785 2069 ἀλλὰ
2819 2015 2963 2082 τοὺς
2993 2015 3104 2084 τῆς
3132 2018 3471 2086 οἰκονομίας
3493 2017 3735 2086 λόγους.

2165 2105 2222 2158 '0
2248 2108 2304 2157 δὲ
2334 2106 2633 2176 κατήγορος
2665 2108 2727 2157 ὲκ
2756 2106 2960 2159 τούτων
2990 2107 3276 2178 ὁρμηθεὶς,
3321 2109 3606 2178 ἄνθρωπον
3654 2110 3737 2172 εἰς

2153 2196 2440 2266 ἄνθρωπον
2490 2197 2829 2251 κεκενῶσθαι
2881 2198 3030 2267 λέγει
3072 2201 3505 2265 κατασκευάζειν
3562 2202 3735 2270 ἡμᾶς.

2154 2288 2249 2351 Τίς
2267 2287 2518 2351 κοινωνία
2536 2288 2739 2345 τούτων
2759 2290 3059 2356 κάκείνων;
3087 2292 3149 2344 Εἰ
3172 2292 3351 2362 φαμὲν
3376 2292 3466 2345 τὸν
3514 2290 3767 2347 ἀπόστοο.

2153 2381 2243 2433 λον
2284 2381 2358 2452 μὴ
2389 2379 2667 2449 θεολογίας
2708 2383 2839 2452 ἡμῖν
2870 2382 3311 2455 παραδεδωκέναι
3358 2383 3576 2455 τρόπον,
3601 2381 3737 2435 ἀλλὰ

2152 2473 2251 2544 τὴν
2276 2473 2417 2526 κατὰ
2436 2474 2499 2527 τὸ
2518 2474 2691 2539 πάθος
2715 2476 3028 2547 οἰκονομίαν
3056 2476 3328 2540 ὑποδεῖξαι
3355 2475 3434 2547 τῷ
3464 2475 3627 2546 λόγῳ,
3650 2475 3735 2527 διὰ

2152 2564 2310 2617 τοῦτο
2360 2564 2648 2636 ἀνθρώπου
2703 2569 2784 2630 είς
2817 2566 3105 2637 ἄνθρωπον
3148 2567 3395 2633 κένωσιν,
3426 2568 3519 2621 καὶ
3549 2566 3734 2619 δούλοι-

2157 2657 2372 2727 μορφὴν
2425 2656 2770 2727 προαιώνιον,
2828 2660 2922 2712 καὶ
2973 2662 3073 2729 τῆς
3121 2662 3178 2713 ἐν
3223 2659 3388 2731 σαρκὶ
3434 2660 3761 2735 παρουσίαςΔ

2154 2748 2525 2819 πρεσϐύτερον
2558 2749 2647 2801 τὸν
2676 2751 2740 2801 ὲκ
2766 2751 2984 2821 Μαρίας
3008 2751 3289 2823 ἄνθρωπον
3318 2751 3494 2819 λέγειν
3522 2750 3741 2803 διαϐαλ-

2152 2838 2377 2909 λόμεθα.
2441 2840 2604 2894 Ἀλλὰ
2636 2841 2892 2912 περιττὸν
2925 2837 3079 2911 οἶμαι
3122 2845 3233 2907 τοῖς
3284 2841 3739 2913 ὁμολογουμένοις

2155 2931 2531 3001 ἐνδιατρίϐειν,
2564 2932 2734 2999 αὐτῆς
2770 2933 2871 3004 τῆς
2905 2932 3165 3003 ἀληθείας
3190 2933 3442 3004 ἀφιείσης
3467 2935 3612 3003 ἡμᾶς
3641 2933 3737 2986 τοῦ

2153 3023 2319 3093 ἑγκλή
2330 3041 2517 3094 ματος.
2570 3025 2706 3077 Τότε
2735 3025 2845 3095 γὰρ
2880 3024 2984 3096 χρὴ
3016 3028 3128 3088 τοῖς
3161 3025 3557 3096 κατηγοροῦσιν
3588 3027 3739 3079 ἀντι-

2154 3113 2548 3179 καθίστασθαι,
2612 3116 2739 3171 ὂταν
2789 3132 2876 3179 τις
2937 3117 3194 3188 παράσχῃ
3242 3116 3362 3181 καθ’
3410 3114 3605 3168 ἑαυτοῦ
3661 3114 3769 3186 τῷ,

2158 3206 2467 3279 συκοφάντῃ
2517 3205 2689 3277 λαϐήν
2715 3224 2728 3239 ⁸
2780 3205 2867 3276 ἐφ’
2902 3199 2979 3261 ὧν
3020 3207 3078 3260 δὲ
3116 3207 3358 3272 κίνδυνός
3390 3210 3535 3260 ἐστιν
3562 3207 3738 3270 οὐδεὶς

2154 3298 2520 3370 ὑπονοηθῆναί
2542 3317 2595 3352 τι
2624 3300 2733 3351 τῶν
2759 3300 2995 3365 ἀτόπων,
3028 3300 3088 3353 οὐ
3120 3301 3219 3370 τῆς
3246 3299 3341 3353 τοῦ
3376 3318 3737 3369 συκοφαντου-

2159 3390 2324 3459 μένου
2354 3390 2629 3461 διαϐολῆς,
2665 3391 2799 3444 ἀλλά
2826 3393 2926 3462 τῆς
2952 3392 3045 3445 τοῦ
3073 3392 3507 3462 κατηγοροῦντος
3541 3393 3752 3463 μανίας

2153 3481 2373 3553 ἐλεγχος
2419 3484 2455 3552 ἡ
2497 3483 2798 3554 κατηγορία
2850 3483 3195 3540 καθίσταται.
3237 3484 3375 3538 Ἀλλ’
3401 3485 3590 3555 ὥσπερ
3635 3487 3735 3543 ἐπε

2152 3573 2504 3645 αισχύνεσθαι
2532 3574 2611 3646 τῷ
2649 3574 2866 3646 σταυρῷ
2883 3575 2980 3645 τὴν
3000 3575 3176 3630 αἰτίαν
3208 3577 3421 3646 ἔχοντες
3458 3577 3749 3648 ἐδείξαμενΔ

2152 3666 2241 3739 διὰ
2266 3667 2376 3720 τῶν
2402 3668 2787 3738 ἐξητασμένων
2837 3671 2917 3732 εἰς
2937 3668 3244 3723 τούναντίον
3273 3670 3759 3741 περιτρεπόμενον,

2151 3758 2229 3830 τῷ
2252 3760 2544 3832 κατηγόρῳ
2566 3761 2626 3813 τὸ
2642 3761 2808 3833 ἕγκλη
2819 3780 2914 3832 μα’
2939 3761 3080 3816 οὕτω
3096 3764 3187 3815 καὶ
3209 3762 3304 3834 τὴν
3333 3764 3511 3817 αἰτίαν
3531 3763 3736 3834 ταύτην

2154 3856 2234 3917 εἰς
2263 3853 2388 3917 τοὺς
2410 3854 2745 3924 κατηγόρους
2774 3856 3290 3926 ὲπαναστρέφουσαν
3330 3856 3576 3927 δείξομεν
3597 3874 3608 3886 ·
3657 3859 3735 3918 ὡς

2152 3946 2373 4019 ἐκείνων
2406 3948 2504 4017 οὺχ
2537 3948 2692 4019 ήμῶν
2724 3950 2824 4019 τὴν
2846 3948 2905 4014 ἐξ
2926 3950 3114 4020 ὁμοίου
3157 3950 3295 4022 πρὸς
3326 3951 3388 4004 τὸ
3423 3953 3608 4021 ὅμοιον
3633 3952 3728 4005 τοῦ

2153 4039 2283 4093 Υἱοῦ
2306 4042 2637 4110 μετάστασιν
2655 4043 2712 4095 ἐν
2732 4045 2798 4114 τῇ
2819 4042 2960 4096 κατὰ
2977 4043 3227 4107 τὸπάθος
3244 4045 3523 4116 οἰκονομίᾳ
3537 4045 3733 4115 δογμαο

2151 4134 2432 4198 τιζόντων.
2468 4134 2822 4206 Ἐξετάσομεν
2839 4134 2945 4207 γὰρ
2975 4135 3294 4207 παράλληλα
3323 4136 3503 4201 θέντες
3518 4139 3609 4191 ἐπὶ
3637 4154 3731 4190 κε-

2150 4223 2382 4293 φαλαίου
2413 4224 2481 4277 τὰ
2519 4228 2649 4295 παρ’
2680 4227 2958 4298 ἑκατέρων
3000 4228 3288 4298 λεγόμενα.
3331 4230 3522 4299 Ἡμεῖς
3551 4247 3730 4300 φαμεν

2151 4316 2243 4369 τὸν
2281 4316 2546 4386 μονογενῆ
2564 4316 2695 4370 Θεὸν
2718 4317 2783 4372 δι’
2807 4318 3001 4371 ἑαυτοῦ
3028 4320 3418 4392 παραγαγόντα
3437 4322 3505 4373 τά
3532 4321 3726 4384 πάντα,

2150 4408 2207 4460 ἓν
2227 4408 2284 4462 δὲ
2303 4407 2410 4461 τῶν
2435 4410 2562 4480 παρ’
2592 4409 2755 4463 αὑτοῦ
2783 4411 3102 4480 γεγονότων,
3136 4413 3229 4465 καὶ
3254 4414 3354 4483 τὴν
3383 4408 3749 4485 ἀνθρωπίνην,

466 4496 613 4550 facta
648 4501 800 4556 sunt,
842 4501 896 4548 et
928 4493 1223 4547 humanam
1258 4500 1512 4546 naturam
1547 4508 1689 4557 esse,
1746 4508 1868 4563 quae
1912 4508 2039 4547 cum

2155 4500 2335 4569 φύσιν,
2386 4497 2454 4574 ἦς
2493 4501 2628 4573 πρὸς
2659 4502 2853 4555 κακίαν
2887 4503 3276 4576 ἀπορρυείσης,
3330 4506 3425 4559 καὶ
3461 4505 3547 4559 διά
3572 4505 3757 4567 τοῦτο,

468 4587 525 4642 in
561 4594 846 4657 peccatum
881 4586 1031 4656 lapsa
1055 4583 1271 4650 fuisset,
1308 4595 1361 4640 et
1385 4586 1506 4640 ideo
1548 4587 1603 4639 in
1630 4586 1830 4641 mortis
1865 4601 2051 4640 corru-

467 4679 708 4749 ptionem
730 4678 1037 4741 incidisset,
1057 4692 1251 4731 rursus
1274 4678 1447 4747 ipsam
1476 4692 1571 4746 per
1597 4678 1956 4746 semetipsum
1980 4677 2049 4732 ad

467 4771 840 4826 iuunortalem
875 4771 1041 4823 vitam
1086 4771 1323 4824 traxisse
1350 4785 1446 4840 per
1486 4769 1790 4834 hominem,
1834 4770 1909 4829 in,
1938 4785 2049 4840 quo

469 4869 731 4931 tanquam
781 4859 1134 4915 tabernaculo
1183 4861 1407 4924 mansit,
1437 4868 1552 4913 tota
1606 4860 1943 4915 humanitate
1992 4861 2047 4914 in

469 4952 654 5020 seipso
683 4959 988 5021 assumpta,
1049 4957 1214 5020 atque
1266 4965 1420 5005 suam
1468 4950 1736 5006 viviﬁcam
1788 4951 2046 5007 virtutem

467 5043 682 5098 mortali
726 5051 782 5097 et
829 5042 1175 5113 corruptibili
1226 5052 1436 5099 naturae
1485 5044 1886 5111 admiscuisse;
1946 5061 2049 5100 no-

466 5144 749 5204 stramque
794 5135 1267 5190 mortiﬁcationem
1300 5153 1394 5205 per
1425 5138 1935 5207 attemperationem
1976 5137 2045 5192 ad

466 5241 527 5281 se
558 5227 613 5279 in
639 5226 861 5280 vitalem
892 5228 1124 5298 gratiam
1154 5239 1207 5283 et
1235 5230 1488 5283 virtutem
1514 5237 1942 5286 transmutasse.
1974 5230 2046 5284 Et

466 5317 573 5374 hoc
603 5318 905 5374 asserimus
940 5336 1065 5376 esse
1107 5322 1409 5376 secundum
1451 5338 1670 5378 carnem
1708 5322 2047 5394 Dominimy-

461 5411 731 5467 sterium:
768 5413 898 5483 quia
936 5412 1027 5482 qui
1065 5422 1147 5469 est
1171 5415 1641 5471 incommutabilis
1696 5418 1749 5471 in
1795 5417 2043 5471 mutabili

464 5504 733 5574 gignitur,
792 5512 852 5558 ut
900 5504 969 5559 ab
1016 5521 1082 5560 eo
1131 5507 1276 5577 quod
1320 5506 1560 5563 deterius
1612 5515 1697 5564 est
1747 5509 1801 5564 in
1846 5509 2043 5565 melius

464 5593 808 5650 transferens
868 5606 921 5651 et
976 5597 1275 5653 immutans
1336 5600 1626 5655 admistam
1695 5600 2041 5671 dispositioni

462 5687 708 5740 mutabili
730 5688 1106 5755 vitiositatem,
1140 5691 1384 5747 aboleret
1410 5708 1439 5746 a
1477 5701 1673 5747 natura
1694 5694 2040 5763 absumptum

461 5774 518 5843 in
543 5776 725 5850 scipso
761 5787 1067 5851 peccatum.
1114 5781 1248 5839 Nam
1289 5783 1433 5841 Deus
1465 5794 1655 5842 uoster
1682 5856 1691 5858 ἓ
1716 5786 1859 5857 ignis
1907 5802 2039 5843 cou-

2150 4593 2449 4665 γενομένης
2474 4595 2531 4647 ὲν
2560 4598 2625 4665 τῇ
2656 4594 2750 4648 τοῦ
2774 4596 3004 4655 θανάτου
3034 4596 3229 4669 φθορᾷ,
3266 4597 3424 4651 πάλιν
3455 4597 3624 4670 αὐτὴν
3656 4599 3726 4651 δι’

2149 4684 2343 4740 ἑαυτοῦ
2370 4684 2507 4757 πρὸς
2554 4686 2652 4757 τὴν
2699 4687 2969 4742 ἀθάνατον
3020 4688 3164 4758 ζωὴν
3207 4690 3606 4758 ὲφελκύσασθαι
3638 4691 3726 4744 διὰ

2146 4778 2238 4831 τοῦ
2285 4778 2595 4848 ἀνθρώπου,
2641 4772 2686 4846 ᾧ
2736 4782 3174 4852 κατεσκήνωσεν,
3217 4783 3336 4836 ὅλον
3388 4785 3739 4855 ἀναλαϐόντα,

2148 4869 2285 4940 πρὸς
2318 4869 2506 4920 ἑαυτὸν
2534 4868 2599 4920 τὸ
2619 4869 2976 4939 ἀνθρώπινον,
3014 4873 3107 4927 καὶ
3143 4872 3239 4943 τὴν
3268 4872 3529 4936 ζωοποιὸν
3556 4876 3720 4929 αὑτοῦ

2144 4960 2374 5031 δύναμιν
2398 4963 2465 5032 τῇ
2499 4960 2663 5032 θνητῇ
2681 4963 2785 5043 Δκαὶ
2814 4964 3064 5037 ἐπικήρῳ
3087 4966 3379 5037 καταμίξαι
3402 4966 3560 5035 φύσει
3584 4988 3597 4999 ·
3628 4970 3745 5024 καὶΔ

2142 5055 2243 5125 τὴν
2263 5055 2538 5124 ἡμετέραν
2561 5054 2828 5126 νέκρωσιν
2853 5055 2939 5109 διά
2967 5060 3068 5128 τῆς
3099 5058 3231 5128 πρὸς
3259 5060 3449 5112 ἑαυτὸν
3479 5062 3722 5133 ἀνακρά-

2147 5162 2286 5207 σεως
2318 5147 2399 5210 είς
2443 5144 2680 5217 ζωτικὴν
2729 5149 3096 5219 μεταποιῆσαι
3142 5150 3301 5223 χάριν
3336 5152 3427 5205 καὶ
3470 5153 3719 5225 δύναμιν.

2144 5237 2256 5290 Καὶ
2283 5235 2440 5289 τοῦτό
2474 5253 2654 5306 φαμεν
2683 5233 2823 5292 εἶναι
2854 5240 2914 5292 τὸ
2947 5240 3088 5300 κατὰ
3137 5242 3235 5314 τὴν
3278 5244 3455 5315 σάρκα
3481 5246 3574 5299 τοῦ
3606 5248 3720 5300 Κυ-

2147 5328 2263 5401 ρίου
2299 5330 2599 5401 μυστήριον
2621 5347 2636 5361 ο
2690 5331 2772 5383 ὅτι
2805 5333 2834 5384 ό
2872 5333 3141 5405 ἄτρεπτος
3180 5335 3238 5388 ὲν
3286 5336 3363 5407 τῷ
3390 5339 3608 5410 τρεπτῷ
3638 5340 3721 5407 γί-

2142 5436 2313 5487 νεται,
2359 5422 2444 5476 ἵνα
2497 5421 2635 5494 πρὸς
2674 5422 2737 5476 τὸ
2780 5427 3027 5496 κρεῖττον
3059 5427 3387 5496 ἀλλοιώσας,
3437 5431 3530 5485 καὶ
3565 5450 3749 5503 μετα-.

2144 5512 2321 5566 ϐαλὼν
2368 5516 2432 5567 ὲκ
2477 5513 2572 5567 τοῦ
2618 5515 2860 5587 χείρονος
2885 5519 2985 5589 τὴν
3011 5520 3373 5590 ὲμμιχθεῖσαν
3402 5526 3465 5594 τῇ
3511 5529 3717 5596 τρεπτῇ

2141 5602 2377 5656 διαθέσει
2403 5604 2626 5673 κακίαν,
2659 5605 2962 5679 ἐξαφανίσῃ
3002 5611 3109 5663 ἀπὸ
3134 5614 3231 5681 τῆς
3258 5612 3471 5682 φύσεως
3500 5616 3557 5668 ἐν
3594 5617 3721 5669 ἑαυα

2140 5694 2220 5764 τῷ
2254 5694 2313 5747 τὸ
2340 5696 2509 5751 κακὸν
2533 5697 2871 5770 δαπανήσας.
2902 5700 2959 5755 Ὀ
2985 5701 3089 5773 γὰρ
3116 5702 3247 5767 Θεὸς
3272 5706 3427 5777 ἡμῶν
3457 5704 3564 5777 πῦρ
3592 5724 3722 5761 κατ-

2143 5786 2429 5844 αναλίσκον
2478 5791 2644 5861 ἐστιν,
2678 5785 2723 5861 ᾧ
2756 5794 3128 5864 ἐναφανίςεται
3168 5797 3313 5852 πᾶσα
3362 5799 3555 5864 κακίας
3596 5797 3699 5872 ὕλη
