4138 6364
357 384 456 441 ’101

1489 386 1770 443 CONTRA
1805 383 2197 451 EUNOMIUM,
2232 384 2359 441 LIB.
2394 385 2452 441 ν.

3523 385 3627 441 702

370 504 430 557 '0
459 499 726 572 ἡμέτερος
770 499 946 569 λόγος.
988 500 1046 554 Ὁ
1081 500 1139 553 δὲ
1172 501 1475 571 κατήγορος
1517 501 1571 553 τί
1613 519 1819 572 φησιν;
1857 501 1940 553 Οὐ

2053 514 2269 555 sumens
2297 508 2384 555 est
2414 500 2459 531 ¹⁶
2487 540 2501 565 ,
2551 515 2662 569 quo
2704 499 2911 570 peccati
2965 499 3194 554 materia
3246 501 3428 554 omnis
3492 515 3625 554 con-

357 590 465 648 τὸν
492 590 784 658 ἄτρεπτον
810 607 873 643 τε
898 589 995 644 καὶ
1024 589 1309 643 ἆκτιστον
1336 589 1416 654 τῷ
1442 589 1539 644 διὰ
1567 591 1820 656 κτίσεως
1847 607 1940 660 γε·

358 685 579 753 γονότι,
624 682 723 736 καί
761 682 859 736 διὰ
893 681 1069 736 τοῦτο
1103 682 1251 750 πρὸς
1288 684 1505 735 κακίαν
1532 680 1937 748 ἀλλοιωθέντι,

358 774 789 845 καταμιχθῆναι
803 792 815 803 ·
845 774 1007 828 ἀλλὰ
1028 774 1126 827 καὶ
1149 773 1337 828 αὐτὸν
1359 773 1605 827 κτιστὸν
1626 774 1770 827 ὄντα
1793 773 1941 841 πρὸς

358 865 426 921 τὸ
456 864 751 934 συγγενὲς
774 864 973 918 ἐλθεῖν
1005 863 1195 927 ἐαυτῷ
1231 864 1327 916 καὶ
1358 865 1688 933 ὁμόφυλον,
1730 864 1841 917 οὐκ
1872 862 1941 925 ἐξ

359 958 772 1026 ὑπερεχούσης
804 958 1047 1024 φύσεως
1073 955 1169 1009 διὰ
1208 956 1657 1023 φιλανθρωπίαν
1687 953 1803 1022 τὴν
1836 972 1939 1007 τα-

359 1049 709 1116 πεινοτέραν
734 1049 1042 1103 ὑποδύντα
1067 1048 1276 1117 φύσιν,
1299 1047 1437 1102 ἀλλ’
1460 1046 1608 1115 ὅπερ
1638 1047 1740 1114 ἦν,
1764 1048 1942 1101 τοῦτο

359 1124 704 1210 γενόμενον.
759 1139 848 1209 Τῷ
898 1138 1005 1209 γὰρ
1054 1138 1255 1208 γενικῷ
1298 1139 1397 1207 τῆς
1436 1138 1841 1208 προσηγορίας,
1884 1137 1943 1189 ἒν

360 1232 502 1286 κατὰ
529 1233 748 1285 πάντων
778 1230 894 1283 ἐστὶ
923 1229 1031 1299 τῷν
1064 1232 1128 1282 ὲκ
1154 1230 1249 1281 τοῦ
1286 1228 1359 1300 μὴ
1388 1228 1539 1292 ὄντος
1569 1229 1937 1291 ὑποστάντων,

357 1324 417 1377 τὸ
446 1324 543 1394 τῆς
570 1324 798 1386 κτίσεως
823 1322 993 1392 ὄνομα
1010 1338 1024 1352 ’
1058 1322 1113 1374 αἱ
1145 1321 1201 1373 δὲ
1232 1321 1455 1391 μερικαὶ
1474 1320 1580 1373 τῶν
1603 1322 1658 1373 ὲν
1678 1322 1744 1389 τῇ
1767 1319 1942 1372 κτίσει

359 1414 749 1484 θεωρουμένων
791 1412 1067 1484 διαφοραὶ,
1097 1414 1217 1474 ταῖς
1241 1412 1350 1464 τῶν
1385 1412 1693 1481 ἰδιωμάτων
1730 1410 1942 1480 παραλ-

357 1504 583 1573 λαγαῖς,
632 1503 794 1573 ἑτέρα
848 1502 949 1571 τῆς
998 1503 1192 1573 ἑτέρας
1235 1501 1625 1572 διενηνόχασιν,
1681 1502 1842 1552 Ὥστε
1894 1502 1943 1554 εί

358 1595 575 1657 κτιστὸς
611 1596 708 1665 μὲν
742 1596 970 1657 ἐκεῖνος,
1003 1593 1219 1655 κτιστὸς
1248 1594 1305 1645 δὲ
1334 1593 1638 1663 ἄνθρωπος,
1672 1592 1835 1654 αὐτὸς
1864 1593 1944 1655 είς

359 1687 550 1742 ἑαυτὸν
579 1688 820 1759 ἐκενώθη
851 1687 992 1741 κατὰ
1037 1686 1133 1758 τὴν
1173 1686 1439 1756 Εὐνομίου
1472 1686 1656 1756 φωνήν
1682 1702 1696 1716 ο
1745 1686 1838 1737 καὶ
1880 1684 1942 1739 οὐ

358 1778 496 1851 πρὸς
538 1780 597 1832 τὸ
642 1780 898 1833 ταπεινὸν
945 1781 1010 1832 ἐκ
1052 1779 1147 1833 τοῦ
1184 1780 1563 1851 ὑπερέχοντος,
1606 1778 1721 1832 ἀλλ’
1758 1780 1821 1831 ἐκ
1849 1778 1941 1830 τοῦ

2042 601 2259 661 sumpta
2291 598 2592 646 evanescut.
2630 590 2729 645 Hic
2758 599 2947 645 noster
2981 599 3064 644 est
3123 605 3322 645 sermo.
3378 591 3625 645 Accusa-

2042 692 2130 738 tor
2159 692 2340 738 autem
2366 683 2499 754 quid
2530 684 2645 737 ait?
2694 681 2819 737 Non
2880 684 3270 737 immutabilem
3327 692 3377 737 et
3418 683 3626 737 increa-

2043 780 2155 824 tum
2208 772 2255 826 ei
2290 773 2381 842 qui
2405 787 2497 840 per
2526 774 2844 825 creationem
2880 773 3053 841 factus
3108 782 3205 839 est,
3258 782 3306 826 et
3368 770 3430 827 ob
3471 775 3524 825 id
3572 773 3627 827 in

2042 866 2232 918 vitium
2269 874 2499 926 mutato,
2545 866 2838 918 admistum
2865 881 2979 918 esse
3002 882 3019 919 :
3045 865 3133 919 sed
3161 874 3209 919 et
3261 867 3431 932 ipsum
3478 882 3627 919 crea-

2045 961 2503 1013 tumexsistentem
2521 960 2589 1013 ad
2603 960 2703 1012 sibi
2727 970 3007 1027 cognatum
3030 970 3076 1013 et
3100 959 3391 1014 contribule
3407 962 3623 1023 venisse,

2044 1069 2149 1104 non
2180 1066 2245 1105 ea:
2276 1051 2685 1119 supereminenti
2718 1061 2915 1103 natura
2954 1061 3167 1119 propter
3218 1052 3626 1104 benevolentiam

2045 1145 2097 1197 in
2129 1162 2289 1215 genus
2319 1145 2609 1197 humanum
2645 1143 3007 1211 humiliorem,
3034 1143 3229 1215 inquit,
3258 1143 3483 1197 subiisse
3526 1161 3629 1196 na-

2048 1246 2245 1301 turam,
2279 1235 2369 1290 sed
2396 1236 2536 1304 quod
2560 1245 2698 1299 erat,
2754 1240 2851 1288 hoc
2911 1234 3138 1304 factum.
3194 1233 3330 1287 Nam
3390 1234 3629 1304 generali

2046 1331 2432 1400 appellatione,
2467 1346 2636 1384 unum
2682 1329 2749 1383 de
2776 1328 3035 1383 omnibus
3069 1335 3153 1382 est
3186 1344 3375 1381 eorum
3407 1344 3530 1397 quae
3563 1344 3631 1382 ex

2046 1424 2221 1476 nihilo
2267 1423 2656 1486 substiterunt,
2698 1430 2967 1475 creaturae
2997 1435 3220 1483 nomen,
3267 1420 3360 1475 sed
3391 1420 3631 1489 particu-

2046 1513 2189 1567 lares
2212 1527 2399 1565 eorum
2422 1527 2541 1580 quae
2569 1514 2622 1564 in
2653 1519 2907 1565 creatura
2922 1510 3347 1565 considerantur
3371 1494 3633 1564 dili‘eren-

2047 1603 2154 1666 tire,
2202 1604 2599 1673 proprietatum
2632 1602 3050 1657 discriminibus
3086 1602 3208 1656 alite
3244 1603 3311 1655 ab
3343 1602 3473 1655 aliis
3515 1584 3652 1655 dis?

2045 1702 2296 1763 crepant.
2327 1693 2507 1759 Quare
2537 1695 2581 1747 si
2615 1702 2832 1747 creatus
2862 1694 3080 1762 quidem
3113 1690 3469 1757 ille,'creatns
3502 1680 3633 1746 vero

2046 1788 2225 1848 homo.
2278 1788 2397 1856 ipse
2446 1786 2500 1840 in
2533 1788 2777 1855 seipsum
2837 1798 3140 1840 evacuatus
3180 1774 3282 1838 est
3328 1776 3633 1839 secundum

359 1846 543 1939 ὁμοίου
573 1872 710 1942 πρὸς
736 1871 799 1924 τὸ
818 1870 1076 1941 ὁμότιμον
1106 1846 1472 1941 μετεχώρησε,
1503 1870 1637 1941 πλὴν
1667 1871 1769 1939 si;
1800 1869 1943 1924 κατὰ

2053 1881 2304 1936 Eunomii
2331 1896 2519 1935 vocem
2545 1898 2558 1945 ;
2590 1894 2689 1933 nec
2714 1878 2780 1932 ad
2802 1878 3009 1933 humile
3031 1895 3099 1933 ex
3140 1862 3630 1961 superexccllente,

357 1963 421 2023 τὸ
448 1963 605 2035 σῶμα
626 1963 719 2016 καὶ
745 1963 806 2016 τὸ
830 1963 1117 2032 ἀσώματον
1142 1964 1420 2031 ἰδιότητος.
1456 1963 1599 2033 Πρὸς
1622 1962 1742 2015 τίνα
1760 1964 1940 2016 τοίνυν

358 2056 392 2124 ή
418 2053 600 2107 δικαία
632 2053 739 2107 τῶν
766 2053 1095 2118 δικαζόντων
1125 2052 1473 2124 ἐνεχθήσεται
1521 2053 1735 2123 ψῆφοςς
1781 2053 1813 2123 ἢ
1858 2054 1941 2117 τίς

358 2146 471 2207 τοῖς
499 2144 838 2215 ἐγκλήμασιν
883 2146 1108 2208 ἐκείνοις
1149 2144 1448 2209 ὑπεύθυνος
1490 2146 1938 2215 ἀναφανήσεται;

373 2238 430 2291 ’0
460 2239 741 2308 scapi/mf)
773 2238 910 2291 Θεοῦ
944 2238 1046 2292 τοῦ
1084 2238 1338 2292 ἀκτίστου
1386 2238 1477 2293 τὸν
1508 2240 1722 2292 κτιστδν
1772 2240 1942 2292 σεσῶ-

362 2332 485 2393 σθαι
532 2332 727 2397 λέγων,
784 2332 816 2403 ἢ
864 2332 893 2383 6
923 2332 1001 2402 τῷ
1030 2334 1289 2403 κτίσματι
1320 2332 1421 2402 τῆς
1468 2332 1740 2403 σωτηρίας
1784 2333 1941 2402 ήμῶν

360 2425 634 2489 ἀνατιθεὶς
662 2424 761 2495 τὴν
786 2425 966 2478 αἰτίαν
988 2442 1001 2490 ;

443 2603 581 2657 Ἀλλ’
623 2604 721 2657 οὐκ
753 2603 946 2671 ἄδηλος
992 2603 1100 2656 τῶν
1144 2603 1514 2658 εὐσεϐούντων
1554 2607 1587 2673 ή
1632 2604 1830 2676 κρίσις.
1886 2605 1944 2658 ὐ

361 2696 470 2765 γὰρ
501 2695 748 2765 ἀκριϐῶς
783 2694 1145 2764 ἐπιστάμενος
1177 2695 1273 2766 τήν
1308 2695 1568 2767 διαφορὰν
1597 2696 1691 2749 τοῦ
1724 2696 1943 2754 κτιστοῦ

364 2786 499 2857 πρὸς
546 2787 606 2839 τὸ
658 2786 947 2843 ἄκτιστον·
997 2779 1075 2845 ὧν
1114 2788 1147 2855 ή
1177 2786 1500 2858 παραλλαγή
1527 2788 1811 2860 κυριότητι
1851 2790 1946 2842 καὶ

362 2878 575 2949 δουλείᾳ
605 2875 1104 2949 χαρακτηρίζεταιο
1148 2877 1242 2931 τοῦ
1272 2878 1370 2949 μὲν
1399 2880 1659 2932 ἁκτίστου
1688 2880 1823 2933 Θεοῦ
1857 2881 1947 2934 δε-

364 2956 654 3033 σπόζοντος
688 2972 745 3021 ἐν
775 2972 843 3039 τῇ
875 2968 1163 3042 δυναστείᾳ
1196 2969 1359 3029 αὐτοῦ
1394 2968 1488 3022 τοῦ
1518 2970 1732 3035 αἰῶνος,
1764 2969 1947 3037 καθώς

364 3044 527 3133 φησιν
555 3065 583 3115 6
609 3059 900 3133 Προφήτης
922 3078 936 3092 °
978 3061 1197 3116 πάντων
1221 3062 1276 3115 δὲ
1303 3061 1409 3115 τῶν
1442 3064 1498 3115 ὲν
1628 3062 1801 3117 κτίσει
1827 3063 1948 3125 δου-

2052 1975 2148 2030 sed
2184 1989 2250 2028 ex
2283 1974 2451 2029 simili
2508 1973 2573 2025 ad
2602 1972 2652 2025 id
2714 1971 2858 2042 quod
2894 1970 2948 2024 in
3004 1970 3213 2024 honore
3258 1970 3466 2039 arquale
3527 1976 3630 2033 est,

2053 2066 2294 2132 transiit,
2328 2074 2556 2136 excepta
2584 2064 2916 2134 proprietate
2952 2078 3074 2132 quae
3099 2071 3183 2117 est
3206 2052 3461 2131 icorporis
3491 2061 3557 2114 ad
3580 2059 3634 2114 id

2052 2154 2198 2226 quod
2232 2157 2483 2226 corporis
2522 2164 2606 2209 est
2644 2170 2862 2224 expers.
2891 2153 2951 2207 in
2981 2140 3157 2223 quem
3180 2153 3345 2223 igitur
3370 2154 3518 2222 justa
3541 2136 3634 2219 jub-

2051 2250 2354 2303 dicantium
2405 2244 2680 2303 sententia
2721 2242 2969 2325 feretur,‘
3010 2236 3095 2319 vel
3130 2246 3256 2316 quis
3303 2246 3634 2325 criminibus

2049 2343 2160 2397 illis
2194 2342 2469 2396 obnoxius
2510 2322 3002 2410 pronuntiabitur?
3032 2340 3115 2392 An
3168 2339 3259 2394 ille
3308 2339 3402 2409 qui
3450 2354 3480 2392 a
3523 2322 3636 2393 Deo

2051 2434 2300 2489 increato
2322 2440 2566 2487 creatum
2601 2433 2813 2486 salvum
2851 2420 3054 2485 factum
3098 2447 3220 2485 esse
3248 2430 3404 2496 dicit,
3439 2446 3508 2484 an
3539 2430 3634 2500 qui

2045 2528 2241 2583 salutis
2270 2536 2473 2581 nostra:
2510 2540 2737 2579 causam
2784 2533 3049 2579 creaturae
3099 2526 3387 2595 assignat?

2114 2619 2221 2676 Sed
2274 2633 2383 2672 non
2417 2618 2714 2672 obscurum
2743 2624 2827 2672 est
2854 2616 2941 2687 pie
2962 2619 3316 2672 sentientium
3341 2617 3633 2687 judicium,

2043 2713 2146 2781 Qui
2185 2713 2329 2768 enim
2361 2719 2551 2766 exacte
2576 2710 2681 2765 scit
2712 2710 2882 2766 creati
2922 2726 3047 2765 cum
3093 2710 3339 2766 increato
3381 2711 3639 2767 diﬂ‘eren-

2046 2806 2201 2868 tiam,
2239 2819 2473 2873 quorum
2518 2803 2892 2872 discrepantia
2920 2803 3296 2858 dominatione
3350 2815 3401 2859 et
3463 2804 3637 2859 servi-

2054 2904 2170 2950 tute
2193 2902 2447 2960 notatur;
2493 2910 2619 2948 cum
2662 2894 2939 2949 increatus
2963 2895 3103 2949 Deus
3126 2894 3441 2949 dominetur
3468 2896 3522 2949 in
3550 2912 3641 2965 po-

2054 2999 2253 3046 testate
2281 3005 2380 3045 sua
2423 2992 2475 3044 in
2510 2990 2772 3045 szeculnm
2804 2991 3010 3053 saeculi,
3046 2992 3189 3043 sicut
3223 2990 3298 3042 ait
3331 2987 3635 3058 Propheta:

2055 3100 2247 3139 omnes
2276 3098 2406 3137 vero
2434 3093 2702 3138 creaturae
2746 3082 3009 3147 serviant,
3053 3082 3353 3137 secundum
3390 3081 3639 3149 ejusdem

362 3154 625 3231 λευόντων
667 3154 813 3209 κατὰ
859 3152 958 3225 τὴν
991 3152 1087 3207 τοῦ
1128 3154 1295 3212 αὐτοῦ
1342 3158 1623 3227 προφήτου
1674 3156 1874 3227 φωνὴν,
1909 3157 1943 3228 ἦ

2053 3177 2332 3247 prophetae
2350 3190 2558 3237 vocem,
2581 3190 2702 3245 quae
2730 3174 2833 3227 ait:
2861 3174 3053 3228 Omnia
3077 3175 3308 3228 serviunt
3338 3173 3433 3225 tibi
3453 3173 3494 3205 ¹⁷
3512 3190 3525 3238 ;
3544 3173 3638 3243 qui

364 3267 548 3321 φησιν,
593 3251 675 3303 ὅτι
720 3252 797 3304 Τὰ
830 3250 1154 3319 σύμπαντα
1197 3249 1391 3304 δοῦλα
1433 3250 1516 3315 σά
1539 3268 1550 3279 ·
1585 3254 1613 3305 6
1638 3251 1809 3304 ταῦτα
1838 3251 1947 3304 τοί-

363 3361 456 3401 νυν
481 3344 546 3397 δι’
574 3342 890 3413 ἐπιμελείας
914 3345 1252 3413 κατανοήσας
1280 3344 1379 3396 οὐκ
1406 3346 1591 3412 ἀγνοεῖ
1614 3345 1834 3409 πάντως
1856 3346 1946 3400 τὸν

365 3420 429 3491 ἐκ
460 3434 700 3498 δουλείας
736 3436 817 3499 εἰς
845 3434 1086 3489 δουλείαν
1119 3434 1207 3487 τὸν
1234 3436 1514 3505 Μονογενῆ
1547 3437 1942 3506 μετοικίζοντα.

364 3529 427 3582 El
456 3527 564 3599 γὰρ
588 3527 823 3581 δουλεύει
864 3529 962 3597 μὲν
987 3529 1019 3598 ἡ
1049 3527 1227 3591 κτίσις
1256 3531 1406 3582 πᾶσα
1439 3530 1578 3582 κατὰ
1599 3532 1688 3582 τὸν
1715 3530 1944 3593 Παῦλον,

365 3622 556 3699 κτιστὴ
584 3622 639 3675 δὲ
667 3622 787 3675 κατ’
825 3622 1083 3691 Εὐνόμιον
1117 3620 1211 3673 τοῦ
1244 3622 1581 3689 Μονογενοῦς
1607 3625 1639 3692 ή
1679 3625 1855 3684 οὐσία,
1884 3624 1945 3676 οὐ

366 3714 641 3785 Δεσπότην
670 3713 1074 3783 καταμιχθῆναι
1096 3713 1324 3779 δούλοις,
1364 3715 1501 3767 ἀλλὰ
1524 3714 1709 3767 δοῦλον
1736 3717 1793 3767 ἐν
1828 3715 1949 3768 δού-

365 3805 477 3869 λοις
510 3805 759 3874 γενέσθαι
800 3804 887 3858 διὰ
916 3804 1022 3857 τῶν
1055 3806 1340 3875 δογμάτων
1375 3808 1424 3859 οἱ
1456 3806 1684 3859 ἐναντίοι
1731 3807 1948 3869 πάντως

367 3898 883 3962 κατασκευάζουσιν.
946 3899 1105 3951 Ἀλλὰ
1148 3898 1253 3969 μὴν
1288 3898 1346 3950 τὸ
1392 3898 1498 3968 πρὸ
1534 3898 1634 3967 τῆς
1683 3900 1740 3950 ἐν
1785 3901 1949 3971 σαρκὶ

370 3989 674 4060 παρουσίας
704 3992 761 4043 ὲν
788 3989 972 4041 δούλου
1004 3992 1184 4060 μορφῇ
1220 3989 1399 4056 λέγειν
1437 3984 1575 4047 εἶναι
1600 3990 1691 4043 τὸν
1724 3990 1945 4061 Κύριον,

370 4075 487 4138 ἶσόν
545 4082 662 4133 ἐστι
721 4081 798 4151 τῷ
856 4080 1157 4134 διαϐάλλειν
1205 4082 1351 4150 ἡμᾶς
1406 4080 1482 4142 ὡς
1536 4079 1772 4149 μέλανας
1825 4082 1950 4145 τοὺς

372 4170 627 4241 ἀστέρας,
655 4172 748 4224 καὶ
780 4170 989 4241 ζοφώδη
1019 4170 1109 4223 τὸν
1135 4170 1305 4239 ἥλιον,
1332 4169 1426 4222 καὶ
1459 4168 1551 4222 τὸν
1567 4169 1793 4240 οὐρανὸν
1822 4170 1951 4239 χθα-

376 4263 564 4332 μαλὸν,
600 4262 693 4315 καὶ
733 4262 793 4315 τὸ
840 4260 981 4331 ὕδωρ
1015 4260 1198 4330 ξηρὸν,
1248 4259 1342 4313 καὶ
1389 4260 1566 4313 πάντα
1599 4259 1854 4328 λέγοντας
1883 4262 1951 4323 τὰ

371 4354 614 4409 τοιαῦτα.
678 4355 734 4407 '0
780 4354 889 4422 γάρ
924 4354 1024 4405 οὐκ
1074 4350 1133 4418 ἐξ
1166 4345 1238 4404 ὧν
1272 4352 1477 4421 ἁκήκοέ
1520 4368 1571 4404 τι
1610 4354 1953 4405 κατασκευά-

374 4447 505 4509 ζων,
542 4443 675 4495 ἀλλά
716 4443 835 4495 κατ’
870 4442 1003 4494 ἰδίαν
1033 4440 1207 4513 ὁρμὴν
1234 4445 1295 4494 τὸ
1335 4441 1524 4494 δοκοῦν
1570 4442 1949 4505 ἁναπλάσσων,

2057 3270 2173 3323 haec
2222 3268 2392 3338 igitur
2445 3266 2739 3335 diligenter
2795 3265 3202 3329 animadvertit,
3267 3281 3374 3319 non
3426 3265 3642 3335 ignorat

2056 3362 2282 3417 omnino
2307 3377 2432 3415 eum
2468 3359 2561 3429 qui
2593 3357 2939 3427 Unigenitum
2966 3375 3029 3413 ex
3069 3359 3330 3413 servitute
3375 3358 3428 3411 in
3469 3357 3642 3412 servi-

2056 3460 2226 3507 tutem
2260 3453 2497 3522 migrare
2537 3450 2686 3505 facit.
2717 3450 2773 3504 Si
2798 3450 2943 3504 enim
2969 3450 3147 3504 omnis
3169 3457 3420 3504 creatura
3446 3450 3638 3513 servit,

2061 3556 2119 3598 ut
2145 3544 2220 3597 ait
2259 3542 2467 3597 Paulus
2490 3585 2502 3607 ,
2536 3550 2724 3596 creata
2758 3548 2842 3595 est
2865 3551 3046 3595 autem
3080 3539 3640 3611 Unigenitiessenlia,

2058 3644 2117 3689 ut
2145 3631 2672 3697 censet-Eunomius
2710 3650 2721 3683 :
2758 3647 2864 3683 non
2907 3630 3195 3683 Dominum
3234 3630 3406 3685 servis
3444 3634 3644 3700 permi-

2058 3734 2227 3789 stum,
2266 3723 2361 3778 sed
2415 3738 2631 3777 servum
2692 3722 2834 3775 inter
2859 3737 3048 3775 servos
3110 3720 3313 3775 factum
3370 3737 3492 3777 esse
3526 3725 3644 3779 suis

2056 3818 2296 3874 decretis
2336 3816 2564 3871 omnino
2603 3815 2907 3869 adversarii
2942 3822 3221 3869 astruunt.
3251 3813 3643 3870 Verumtamen

2058 3920 2186 3965 ante
2214 3910 2511 3963 adventum
2550 3908 2605 3960 in
2642 3923 2805 3963 carne
2830 3907 2884 3961 in
2919 3907 3063 3962 servi
3095 3906 3269 3975 forma
3301 3922 3425 3962 esse
3456 3906 3643 3973 Domi;-

2060 4018 2189 4056 num
2213 4000 2501 4063 alIirmare,
2536 3999 2760 4068 perinde
2775 4006 2859 4054 est
2886 4014 2950 4053 ac
2963 4000 3008 4053 si
3030 3999 3501 4067 calumniarentur
3536 4016 3637 4056 nos

2059 4097 2244 4151 dicere
2277 4095 2463 4163 nigras
2506 4093 2692 4149 stellas
2724 4100 2779 4148 et
2820 4093 3181 4163 caliginosum
3218 4093 3387 4148 solem
3423 4102 3478 4150 et
3530 4110 3644 4151 ρω-

2059 4193 2171 4245 lum
2205 4189 2269 4244 ad
2298 4197 2498 4242 terram
2521 4188 2866 4257 depressum,
2898 4198 3167 4257 ctaquam
3196 4189 3424 4252 siccam,
3453 4197 3645 4242 etom-

2061 4288 2147 4340 nia
2182 4298 2303 4353 qua:
2338 4290 2472 4337 sunt
2517 4281 2789 4350 ejusmodi
2821 4300 2834 4337 ι
2867 4282 2960 4351 qui
2991 4281 3139 4335 enim
3178 4297 3284 4335 non
3332 4298 3398 4335 ex
3439 4281 3644 4337 auditis

2061 4372 2190 4443 quid
2222 4370 2441 4432 astruit,
2496 4370 2589 4425 sed
2626 4385 2723 4439 pro
2747 4386 2849 4424 suo
2890 4370 3129 4440 impulsu
3164 4371 3311 4441 quod
3340 4372 3445 4425 sibi
3493 4373 3643 4427 vide-

2062 4471 2152 4515 tur
2183 4459 2359 4529 lingit,
2393 4473 2569 4527 neque
2602 4466 2789 4527 parcat
2827 4467 3017 4513 contra
3055 4475 3155 4514 nos
3205 4460 3475 4528 ejusmodi
3531 4462 3641 4514 cri-

376 4538 510 4608 μηδὲ
533 4537 640 4590 τῶν
668 4535 921 4589 τοιούτων
946 4536 1208 4605 φειδέσθω
1236 4535 1355 4589 καθ’
1386 4536 1542 4607 ἡμῶν
1569 4536 1947 4606 ἐγκλημάτων.

2063 4550 2210 4605 mina
2239 4548 2546 4603 intendere.
2584 4545 2729 4601 Nihil
2762 4548 2907 4603 enim
2940 4549 3171 4605 interest
3201 4560 3384 4604 utrum
3420 4567 3519 4621 pro
3559 4551 3643 4606 his

372 4626 521 4683 Ἷσον
571 4629 680 4697 γάρ
724 4630 871 4680 ἐστιν
927 4626 1067 4697 ὐπέρ
1114 4643 1179 4694 γε
1234 4626 1438 4680 τούτων
1490 4628 1635 4697 ἡμᾶς
1681 4626 1775 4679 καὶ
1816 4627 1956 4698 ὑπὲρ

377 4720 599 4774 ἐκείνων
633 4718 979 4783 εὐθύνεσθαι,
1001 4718 1078 4789 τῷ
1112 4719 1276 4788 μηδὲν
1307 4718 1509 4771 τούτων
1553 4720 1649 4781 τὰς
1688 4718 1858 4789 ἀρχάς
1895 4723 1959 4771 ὲκ

375 4812 484 4867 τῶν
516 4812 799 4881 ἡμετέρων
833 4810 996 4880 ἔχειν.
1049 4811 1106 4862 'O
1148 4809 1255 4877 γὰρ
1282 4812 1339 4862 ὲν
1369 4813 1436 4880 τῇ
1464 4809 1557 4862 τοῦ
1590 4810 1803 4880 Πατρὸς
1832 4810 1959 4881 δόξῃ

376 4905 469 4958 τὸν
517 4903 766 4974 ἀληθινὸν
810 4903 936 4955 Υἰὸν
981 4897 1121 4955 εἷναι
1174 4902 1560 4974 διοριζόμενος,
1610 4904 1729 4963 πῶς
1786 4903 1850 4955 ἂν
1902 4905 1959 4955 ὲν

383 5001 561 5069 μορφῇ
615 4997 802 5050 δούλου
849 4997 949 5067 τὴν
991 4995 1208 5049 αἰώνιον
1255 4995 1349 5049 τοῦ
1397 4995 1736 5065 Μονογενοῦς
1801 4996 1959 5063 δόξαν

380 5092 627 5163 ὐ6ρίζοι;
684 5090 901 5160 Ἐπειδὴ
934 5090 1111 5143 τοίνυν
1143 5090 1290 5143 δοκεῖ
1319 5089 1399 5159 τῷ
1425 5090 1751 5159 λογογράφῳ
1778 5090 1957 5157 λέγειν

381 5183 590 5249 κακῶς,
630 5181 902 5253 φροντίζει
947 5181 1002 5234 δὲ
1055 5180 1146 5233 τοῦ
1199 5181 1375 5234 δοκεῖν
1427 5179 1814 5251 εὐπροσώπους
1862 5181 1959 5244 τὰς

381 5274 560 5337 αἰτίας
609 5272 1068 5336 κατασκευάζειν,
1121 5272 1274 5324 οὐδὲν
1324 5272 1574 5341 περιττὸν
1622 5270 1688 5324 ἂν
1730 5274 1811 5343 είή
1866 5274 1960 5325 καὶ

382 5365 655 5435 ἄχρηστον
682 5366 793 5428 τοῖς
823 5364 1143 5427 άσυστάτοις
1173 5362 1280 5417 τῶν
1314 5363 1674 5434 ἐγκλημάτων
1704 5364 1961 5433 ἐναγωνί-

384 5454 594 5518 ζεσθαι.

457 5546 565 5600 Καὶ
614 5547 725 5619 γὰρ
776 5548 810 5616 ή
864 5546 1062 5616 ἐφεξῆς
1121 5547 1425 5616 κατηγορία
1477 5548 1853 5618 παραπλήσιον
1901 5550 1961 5603 τὸ

387 5639 697 5713 παράλογον
729 5638 841 5709 ἔχει
862 5655 875 5669 ν
909 5638 1001 5691 δύο
1031 5638 1138 5709 γὰρ
1178 5640 1443 5708 Χριστοὺς
1486 5641 1578 5693 καὶ
1604 5640 1697 5692 δύο
1724 5642 1963 5712 Κυρίους

499 5821 545 5853 ⁸⁸
585 5819 752 5878 ilebr.
794 5836 894 5888 xu,
931 5821 1020 5878 29.
1102 5824 1140 5854 "
1188 5819 1334 5877 Psal.
1386 5838 1575 5891 cxvni,
1618 5822 1707 5879 91.

2057 4658 2123 4695 an
2156 4656 2255 4711 pro
2292 4640 2688 4708 illisjudicium
2718 4641 3033 4706 subeamus,
3093 4646 3221 4711 quia
3255 4644 3392 4697 nihil
3446 4644 3641 4699 horum

2055 4750 2121 4788 ex
2175 4733 2243 4788 iis
2272 4749 2393 4803 quze
2425 4735 2728 4789 asserimns
2794 4736 3122 4805 principium
3185 4736 3383 4791 habere
3443 4745 3639 4807 potest.

2057 4822 2158 4888 Qui
2188 4825 2333 4878 enim
2370 4825 2423 4877 in
2454 4823 2631 4877 Patris
2671 4826 2843 4893 gloria
2871 4842 3059 4880 verum
3092 4826 3287 4880 Filium
3321 4844 3441 4883 esse
3474 4828 3646 4883 deter-

2059 4917 2252 4981 minat,
2284 4912 2562 4986 quomodo
2595 4919 2646 4971 in
2678 4919 2821 4972 servi
2859 4917 3030 4996 forma
3062 4929 3323 4975 zelernam
3367 4919 3643 4992 Unigeniti

2059 5008 2293 5077 gloriam
2330 5008 2666 5062 contumelia
2716 5007 2994 5062 alliceret?
3026 5007 3294 5101 Quoniarn
3339 5024 3470 5063 vero
3516 5010 3645 5064 huic

2057 5100 2418 5168 scriptitatori
2480 5101 2659 5170 placet
2702 5100 3009 5155 maledictis
3060 5100 3373 5158 incessere:
3427 5102 3646 5173 ipsique

2057 5200 2141 5247 est
2174 5207 2321 5246 cura:
2351 5200 2410 5245 ut
2442 5191 2693 5247 videatur
2722 5193 3042 5263 plausibiles
3072 5202 3125 5248 et
3159 5194 3439 5263 speciosas
3481 5209 3647 5249 accu-

2060 5285 2302 5340 sationes
2359 5283 2670 5340 instruere:
2741 5298 2850 5340 non
2918 5300 3382 5356 supervacaneum
3451 5293 3506 5341 et
3562 5287 3647 5340 in-

2064 5376 2197 5429 utile
2230 5375 2416 5440 fuerit,
2468 5376 2794 5433 criminibus
2840 5378 3190 5434 instabilibus
3228 5387 3281 5433 et
3316 5378 3471 5435 falsis
3509 5379 3647 5435 resi-

2070 5476 2234 5525 atere.

2142 5558 2355 5614 Etenim
2396 5574 2633 5631 sequens
2674 5564 2949 5619 accusatio
2991 5564 3168 5619 simile
3212 5564 3509 5619 absurdum
3557 5565 3649 5620 ha-

2073 5650 2198 5719 bet;
2227 5651 2366 5710 duos
2381 5655 2525 5711 enim
2545 5655 2795 5712 Christos
2816 5666 2867 5712 et
2894 5658 3032 5713 duos
3062 5656 3319 5714 Dominos
3342 5657 3523 5715 dicere
3545 5672 3648 5713 nos
