  <div class='ocr_page' id='page_1' title='image "/cluster/home/n/w/nwhite01/storage/ocr_20150623/45/nnc1.0046978445/363.png"; bbox 0 0 4138 6364; ppageno 0'>
   <div class='ocr_carea' id='block_1_1' title="bbox 502 362 609 418">
    <p class='ocr_par' dir='ltr' id='par_1_1' title="bbox 502 362 609 418">
     <span class='ocr_line' id='line_1_1' title="bbox 502 362 609 418; baseline 0 -1"><span class='ocrx_word' id='word_1_1' title='bbox 502 362 609 418; x_wconf 70' lang='lat'><strong>703</strong></span> 
     </span>
    </p>
   </div>
   <div class='ocr_carea' id='block_1_2' title="bbox 1699 355 2487 415">
    <p class='ocr_par' dir='ltr' id='par_1_2' title="bbox 1699 355 2487 415">
     <span class='ocr_line' id='line_1_2' title="bbox 1699 355 2487 415; baseline -0.008 0"><span class='ocrx_word' id='word_1_2' title='bbox 1699 359 1776 415; x_wconf 88' lang='lat' dir='ltr'><strong>S..</strong></span> <span class='ocrx_word' id='word_1_3' title='bbox 1801 357 2126 415; x_wconf 80' lang='lat' dir='ltr'><strong>GREGORII</strong></span> <span class='ocrx_word' id='word_1_4' title='bbox 2167 355 2487 414; x_wconf 69' lang='lat' dir='ltr'><strong>NYSSENI.</strong></span> 
     </span>
    </p>
   </div>
   <div class='ocr_carea' id='block_1_3' title="bbox 3631 355 3756 413">
    <p class='ocr_par' dir='ltr' id='par_1_3' title="bbox 3631 355 3756 413">
     <span class='ocr_line' id='line_1_3' title="bbox 3631 355 3756 413; baseline 0 0"><span class='ocrx_word' id='word_1_5' title='bbox 3631 355 3756 413; x_wconf 73' lang='grc'><strong>’704</strong></span> 
     </span>
    </p>
   </div>
   <div class='ocr_carea' id='block_1_4' title="bbox 502 475 2080 549">
    <p class='ocr_par' dir='ltr' id='par_1_4' title="bbox 502 475 2070 547">
     <span class='ocr_line' id='line_1_4' title="bbox 502 475 2070 547; baseline -0.004 -13"><span class='ocrx_word' id='word_1_6' title='bbox 502 475 865 542; x_wconf 77' lang='lat' dir='ltr'><strong>insimulavit,</strong></span> <span class='ocrx_word' id='word_1_7' title='bbox 923 491 1029 531; x_wconf 92' lang='lat' dir='ltr'><strong>non</strong></span> <span class='ocrx_word' id='word_1_8' title='bbox 1063 492 1130 531; x_wconf 79' lang='lat' dir='ltr'><strong>ex</strong></span> <span class='ocrx_word' id='word_1_9' title='bbox 1161 477 1365 534; x_wconf 89' lang='lat' dir='ltr'><strong>nostris</strong></span> <span class='ocrx_word' id='word_1_10' title='bbox 1408 477 1646 547; x_wconf 72' lang='lat' dir='ltr'><strong>scriptis</strong></span> <span class='ocrx_word' id='word_1_11' title='bbox 1666 478 2070 534; x_wconf 86' lang='lat' dir='ltr'><strong>accusationem</strong></span> 
     </span>
    </p>
   </div>
   <div class='ocr_carea' id='block_1_5' title="bbox 2181 475 3756 549">
    <p class='ocr_par' dir='ltr' id='par_1_5' title="bbox 2181 475 3756 549">
     <span class='ocr_line' id='line_1_5' title="bbox 2181 475 3756 549; baseline 0.001 -22"><span class='ocrx_word' id='word_1_12' title='bbox 2181 475 2354 545; x_wconf 76' lang='grc' dir='ltr'>λέγειν</span> <span class='ocrx_word' id='word_1_13' title='bbox 2383 478 2529 547; x_wconf 79' lang='grc' dir='ltr'>ἡμᾶς</span> <span class='ocrx_word' id='word_1_14' title='bbox 2554 477 2836 549; x_wconf 76' lang='grc' dir='ltr'>ᾐτιάσατο,</span> <span class='ocrx_word' id='word_1_15' title='bbox 2860 478 2973 532; x_wconf 76' lang='grc' dir='ltr'>οὐκ·</span> <span class='ocrx_word' id='word_1_16' title='bbox 2989 479 3053 532; x_wconf 78' lang='grc' dir='ltr'><strong>ἐκ</strong></span> <span class='ocrx_word' id='word_1_17' title='bbox 3077 478 3184 532; x_wconf 87' lang='grc' dir='ltr'><strong>τῶν</strong></span> <span class='ocrx_word' id='word_1_18' title='bbox 3208 477 3488 548; x_wconf 78' lang='grc' dir='ltr'><strong>ἡμετέρων</strong></span> <span class='ocrx_word' id='word_1_19' title='bbox 3512 477 3756 548; x_wconf 66' lang='grc' dir='ltr'>ἐλέγχειν</span> 
     </span>
    </p>
   </div>
   <div class='ocr_carea' id='block_1_6' title="bbox 499 573 2074 644">
    <p class='ocr_par' dir='ltr' id='par_1_6' title="bbox 499 573 2074 644">
     <span class='ocr_line' id='line_1_6' title="bbox 499 573 2074 644; baseline -0.002 -17"><span class='ocrx_word' id='word_1_20' title='bbox 499 573 814 635; x_wconf 83' lang='lat' dir='ltr'><strong>instituens,</strong></span> <span class='ocrx_word' id='word_1_21' title='bbox 871 573 963 628; x_wconf 88' lang='lat' dir='ltr'><strong>sed</strong></span> <span class='ocrx_word' id='word_1_22' title='bbox 1011 573 1079 627; x_wconf 86' lang='lat' dir='ltr'><strong>ad</strong></span> <span class='ocrx_word' id='word_1_23' title='bbox 1129 573 1416 628; x_wconf 75' lang='lat' dir='ltr'><strong>arbitrium</strong></span> <span class='ocrx_word' id='word_1_24' title='bbox 1458 590 1556 644; x_wconf 90' lang='lat' dir='ltr'><strong>pro</strong></span> <span class='ocrx_word' id='word_1_25' title='bbox 1607 589 1708 628; x_wconf 90' lang='lat' dir='ltr'><strong>suo</strong></span> <span class='ocrx_word' id='word_1_26' title='bbox 1757 574 1882 643; x_wconf 85' lang='lat' dir='ltr'><strong>jure</strong></span> <span class='ocrx_word' id='word_1_27' title='bbox 1920 588 2074 626; x_wconf 85' lang='lat' dir='ltr'><strong>ruen-</strong></span> 
     </span>
    </p>
   </div>
   <div class='ocr_carea' id='block_1_7' title="bbox 501 662 2075 736">
    <p class='ocr_par' dir='ltr' id='par_1_7' title="bbox 501 662 2075 736">
     <span class='ocr_line' id='line_1_7' title="bbox 501 662 2075 736; baseline -0.001 -18"><span class='ocrx_word' id='word_1_28' title='bbox 501 663 662 718; x_wconf 84' lang='lat' dir='ltr'><strong>dacio</strong></span> <span class='ocrx_word' id='word_1_29' title='bbox 717 672 893 717; x_wconf 88' lang='lat' dir='ltr'><strong>utens.</strong></span> <span class='ocrx_word' id='word_1_30' title='bbox 944 662 1214 730; x_wconf 85' lang='lat' dir='ltr'><strong>Quoniam</strong></span> <span class='ocrx_word' id='word_1_31' title='bbox 1255 665 1422 733; x_wconf 82' lang='lat' dir='ltr'><strong>igitur</strong></span> <span class='ocrx_word' id='word_1_32' title='bbox 1456 665 1511 718; x_wconf 92' lang='lat' dir='ltr'><strong>in</strong></span> <span class='ocrx_word' id='word_1_33' title='bbox 1541 667 1660 735; x_wconf 83' lang='lat' dir='ltr'><strong>ejus</strong></span> <span class='ocrx_word' id='word_1_34' title='bbox 1693 673 1961 736; x_wconf 88' lang='lat' dir='ltr'><strong>potestate</strong></span> <span class='ocrx_word' id='word_1_35' title='bbox 1991 670 2075 719; x_wconf 86' lang='lat' dir='ltr'><strong>est</strong></span> 
     </span>
    </p>
   </div>
   <div class='ocr_carea' id='block_1_8' title="bbox 502 754 2074 826">
    <p class='ocr_par' dir='ltr' id='par_1_8' title="bbox 502 754 2074 826">
     <span class='ocr_line' id='line_1_8' title="bbox 502 754 2074 826; baseline 0.003 -18"><span class='ocrx_word' id='word_1_36' title='bbox 502 754 768 825; x_wconf 86' lang='lat' dir='ltr'><strong>quidquid</strong></span> <span class='ocrx_word' id='word_1_37' title='bbox 796 755 944 810; x_wconf 88' lang='lat' dir='ltr'><strong>iubet</strong></span> <span class='ocrx_word' id='word_1_38' title='bbox 996 754 1202 818; x_wconf 89' lang='lat' dir='ltr'><strong>dicere,</strong></span> <span class='ocrx_word' id='word_1_39' title='bbox 1261 771 1360 810; x_wconf 90' lang='lat' dir='ltr'><strong>cur</strong></span> <span class='ocrx_word' id='word_1_40' title='bbox 1406 771 1569 826; x_wconf 90' lang='lat' dir='ltr'><strong>parce</strong></span> <span class='ocrx_word' id='word_1_41' title='bbox 1603 764 1658 811; x_wconf 90' lang='lat' dir='ltr'><strong>et</strong></span> <span class='ocrx_word' id='word_1_42' title='bbox 1700 757 1890 812; x_wconf 82' lang='lat' dir='ltr'><strong>stricte</strong></span> <span class='ocrx_word' id='word_1_43' title='bbox 1919 773 2074 812; x_wconf 90' lang='lat' dir='ltr'><strong>men-</strong></span> 
     </span>
    </p>
   </div>
   <div class='ocr_carea' id='block_1_9' title="bbox 499 846 2078 909">
    <p class='ocr_par' dir='ltr' id='par_1_9' title="bbox 499 846 2078 909">
     <span class='ocr_line' id='line_1_9' title="bbox 499 846 2078 909; baseline 0.002 -9"><span class='ocrx_word' id='word_1_44' title='bbox 499 847 655 909; x_wconf 80' lang='lat' dir='ltr'><strong>titur,</strong></span> <span class='ocrx_word' id='word_1_45' title='bbox 689 847 828 901; x_wconf 89' lang='lat' dir='ltr'><strong>duos</strong></span> <span class='ocrx_word' id='word_1_46' title='bbox 858 846 1004 902; x_wconf 92' lang='lat' dir='ltr'><strong>solos</strong></span> <span class='ocrx_word' id='word_1_47' title='bbox 1036 846 1287 902; x_wconf 87' lang='lat' dir='ltr'><strong>Christos</strong></span> <span class='ocrx_word' id='word_1_48' title='bbox 1323 862 1352 900; x_wconf 92' lang='lat' dir='ltr'><strong>a</strong></span> <span class='ocrx_word' id='word_1_49' title='bbox 1378 847 1537 902; x_wconf 89' lang='lat' dir='ltr'><strong>nobis</strong></span> <span class='ocrx_word' id='word_1_50' title='bbox 1567 849 1749 903; x_wconf 85' lang='lat' dir='ltr'><strong>induci</strong></span> <span class='ocrx_word' id='word_1_51' title='bbox 1779 848 2078 905; x_wconf 84' lang='lat' dir='ltr'><strong>allirmans?</strong></span> 
     </span>
    </p>
   </div>
   <div class='ocr_carea' id='block_1_10' title="bbox 500 935 2076 1006">
    <p class='ocr_par' dir='ltr' id='par_1_10' title="bbox 500 935 2076 1006">
     <span class='ocr_line' id='line_1_10' title="bbox 500 935 2076 1006; baseline 0.001 -15"><span class='ocrx_word' id='word_1_52' title='bbox 500 935 649 991; x_wconf 86' lang='lat' dir='ltr'><strong>dicat</strong></span> <span class='ocrx_word' id='word_1_53' title='bbox 672 951 772 1006; x_wconf 87' lang='lat' dir='ltr'><strong>pro</strong></span> <span class='ocrx_word' id='word_1_54' title='bbox 793 953 894 992; x_wconf 94' lang='lat' dir='ltr'><strong>suo</strong></span> <span class='ocrx_word' id='word_1_55' title='bbox 920 935 1063 1006; x_wconf 87' lang='lat' dir='ltr'><strong>jure,</strong></span> <span class='ocrx_word' id='word_1_56' title='bbox 1094 936 1139 992; x_wconf 93' lang='lat' dir='ltr'><strong>si</strong></span> <span class='ocrx_word' id='word_1_57' title='bbox 1171 939 1219 991; x_wconf 88' lang='lat' dir='ltr'><strong>ei</strong></span> <span class='ocrx_word' id='word_1_58' title='bbox 1242 936 1478 998; x_wconf 86' lang='lat' dir='ltr'><strong>videtur,</strong></span> <span class='ocrx_word' id='word_1_59' title='bbox 1505 952 1605 990; x_wconf 91' lang='lat' dir='ltr'><strong>nos</strong></span> <span class='ocrx_word' id='word_1_60' title='bbox 1625 937 2076 1006; x_wconf 72' lang='lat' dir='ltr'><strong>decemChristos</strong></span> 
     </span>
    </p>
   </div>
   <div class='ocr_carea' id='block_1_11' title="bbox 503 1026 2074 1091">
    <p class='ocr_par' dir='ltr' id='par_1_11' title="bbox 503 1026 2074 1091">
     <span class='ocr_line' id='line_1_11' title="bbox 503 1026 2074 1091; baseline -0.001 -9"><span class='ocrx_word' id='word_1_61' title='bbox 503 1043 772 1091; x_wconf 88' lang='lat' dir='ltr'><strong>asserere,</strong></span> <span class='ocrx_word' id='word_1_62' title='bbox 818 1035 874 1082; x_wconf 89' lang='lat' dir='ltr'><strong>et</strong></span> <span class='ocrx_word' id='word_1_63' title='bbox 912 1026 1095 1082; x_wconf 92' lang='lat' dir='ltr'><strong>decies</strong></span> <span class='ocrx_word' id='word_1_64' title='bbox 1126 1027 1371 1090; x_wconf 88' lang='lat' dir='ltr'><strong>totidem,</strong></span> <span class='ocrx_word' id='word_1_65' title='bbox 1413 1036 1468 1083; x_wconf 92' lang='lat' dir='ltr'><strong>et</strong></span> <span class='ocrx_word' id='word_1_66' title='bbox 1507 1028 1571 1082; x_wconf 91' lang='lat' dir='ltr'><strong>ad</strong></span> <span class='ocrx_word' id='word_1_67' title='bbox 1609 1029 1755 1082; x_wconf 91' lang='lat' dir='ltr'><strong>mille</strong></span> <span class='ocrx_word' id='word_1_68' title='bbox 1788 1044 2074 1084; x_wconf 86' lang='lat' dir='ltr'><strong>numerum</strong></span> 
     </span>
    </p>
   </div>
   <div class='ocr_carea' id='block_1_12' title="bbox 499 1111 2077 1189">
    <p class='ocr_par' dir='ltr' id='par_1_12' title="bbox 499 1111 2077 1189">
     <span class='ocr_line' id='line_1_12' title="bbox 499 1111 2077 1189; baseline 0.001 -18"><span class='ocrx_word' id='word_1_69' title='bbox 499 1118 786 1189; x_wconf 87' lang='lat' dir='ltr'><strong>producat,</strong></span> <span class='ocrx_word' id='word_1_70' title='bbox 845 1118 1330 1186; x_wconf 76' lang='lat' dir='ltr'><strong>utiuveniiiuset</strong></span> <span class='ocrx_word' id='word_1_71' title='bbox 1377 1111 1840 1174; x_wconf 70' lang='lat' dir='ltr'><strong>inconsideratius</strong></span> <span class='ocrx_word' id='word_1_72' title='bbox 1869 1120 2077 1173; x_wconf 84' lang='lat' dir='ltr'><strong>calum-</strong></span> 
     </span>
    </p>
   </div>
   <div class='ocr_carea' id='block_1_13' title="bbox 499 1207 2078 1278">
    <p class='ocr_par' dir='ltr' id='par_1_13' title="bbox 499 1207 2078 1278">
     <span class='ocr_line' id='line_1_13' title="bbox 499 1207 2078 1278; baseline 0.001 -16"><span class='ocrx_word' id='word_1_73' title='bbox 499 1208 646 1262; x_wconf 85' lang='lat' dir='ltr'><strong>niam</strong></span> <span class='ocrx_word' id='word_1_74' title='bbox 711 1208 1106 1278; x_wconf 89' lang='lat' dir='ltr'><strong>apprehendat.</strong></span> <span class='ocrx_word' id='word_1_75' title='bbox 1132 1207 1266 1262; x_wconf 82' lang='lat' dir='ltr'><strong>Nam</strong></span> <span class='ocrx_word' id='word_1_76' title='bbox 1299 1210 1636 1278; x_wconf 80' lang='lat' dir='ltr'><strong>blasphemia</strong></span> <span class='ocrx_word' id='word_1_77' title='bbox 1676 1211 1732 1263; x_wconf 90' lang='lat' dir='ltr'><strong>in</strong></span> <span class='ocrx_word' id='word_1_78' title='bbox 1785 1210 2000 1264; x_wconf 91' lang='lat' dir='ltr'><strong>duobus</strong></span> <span class='ocrx_word' id='word_1_79' title='bbox 2021 1219 2078 1264; x_wconf 86' lang='lat' dir='ltr'><strong>et</strong></span> 
     </span>
    </p>
   </div>
   <div class='ocr_carea' id='block_1_14' title="bbox 499 1298 2076 1371">
    <p class='ocr_par' dir='ltr' id='par_1_14' title="bbox 499 1298 2076 1371">
     <span class='ocr_line' id='line_1_14' title="bbox 499 1298 2076 1371; baseline 0.001 -19"><span class='ocrx_word' id='word_1_80' title='bbox 499 1298 555 1353; x_wconf 89' lang='lat' dir='ltr'><strong>in</strong></span> <span class='ocrx_word' id='word_1_81' title='bbox 593 1300 842 1368; x_wconf 88' lang='lat' dir='ltr'><strong>pluribus</strong></span> <span class='ocrx_word' id='word_1_82' title='bbox 867 1298 1105 1356; x_wconf 89' lang='lat' dir='ltr'><strong>Christis</strong></span> <span class='ocrx_word' id='word_1_83' title='bbox 1140 1301 1348 1369; x_wconf 65' lang='lat' dir='ltr'><strong>aequale</strong></span> <span class='ocrx_word' id='word_1_84' title='bbox 1381 1301 1563 1365; x_wconf 86' lang='lat' dir='ltr'><strong>habet,</strong></span> <span class='ocrx_word' id='word_1_85' title='bbox 1593 1302 1933 1371; x_wconf 85' lang='lat' dir='ltr'><strong>criminaque</strong></span> <span class='ocrx_word' id='word_1_86' title='bbox 1966 1316 2076 1355; x_wconf 91' lang='lat' dir='ltr'><strong>non</strong></span> 
     </span>
    </p>
   </div>
   <div class='ocr_carea' id='block_1_15' title="bbox 497 1392 2075 1462">
    <p class='ocr_par' dir='ltr' id='par_1_15' title="bbox 497 1392 2075 1462">
     <span class='ocr_line' id='line_1_15' title="bbox 497 1392 2075 1462; baseline 0.002 -17"><span class='ocrx_word' id='word_1_87' title='bbox 497 1393 748 1462; x_wconf 88' lang='lat' dir='ltr'><strong>probata,</strong></span> <span class='ocrx_word' id='word_1_88' title='bbox 785 1407 886 1446; x_wconf 85' lang='lat' dir='ltr'><strong>nec</strong></span> <span class='ocrx_word' id='word_1_89' title='bbox 925 1392 1300 1446; x_wconf 86' lang='lat' dir='ltr'><strong>demonstrata</strong></span> <span class='ocrx_word' id='word_1_90' title='bbox 1352 1394 1609 1447; x_wconf 87' lang='lat' dir='ltr'><strong>similiter</strong></span> <span class='ocrx_word' id='word_1_91' title='bbox 1650 1394 1881 1462; x_wconf 67' lang='lat' dir='ltr'><strong>aequalia</strong></span> <span class='ocrx_word' id='word_1_92' title='bbox 1925 1403 2075 1448; x_wconf 85' lang='lat' dir='ltr'><strong>sunt.</strong></span> 
     </span>
    </p>
   </div>
   <div class='ocr_carea' id='block_1_16' title="bbox 499 1479 2079 1552">
    <p class='ocr_par' dir='ltr' id='par_1_16' title="bbox 499 1479 2079 1552">
     <span class='ocr_line' id='line_1_16' title="bbox 499 1479 2079 1552; baseline 0.003 -17"><span class='ocrx_word' id='word_1_93' title='bbox 499 1479 764 1537; x_wconf 86' lang='lat' dir='ltr'><strong>Ostendat</strong></span> <span class='ocrx_word' id='word_1_94' title='bbox 813 1484 979 1552; x_wconf 84' lang='lat' dir='ltr'><strong>igitur</strong></span> <span class='ocrx_word' id='word_1_95' title='bbox 1026 1500 1128 1537; x_wconf 88' lang='lat' dir='ltr'><strong>nos</strong></span> <span class='ocrx_word' id='word_1_96' title='bbox 1180 1499 1498 1539; x_wconf 84' lang='lat' dir='ltr'><strong>asseverare</strong></span> <span class='ocrx_word' id='word_1_97' title='bbox 1547 1486 1687 1542; x_wconf 89' lang='lat' dir='ltr'><strong>duos</strong></span> <span class='ocrx_word' id='word_1_98' title='bbox 1729 1485 1990 1540; x_wconf 90' lang='lat' dir='ltr'><strong>Dominos</strong></span> <span class='ocrx_word' id='word_1_99' title='bbox 2023 1493 2079 1540; x_wconf 92' lang='lat' dir='ltr'><strong>et</strong></span> 
     </span>
    </p>
   </div>
   <div class='ocr_carea' id='block_1_17' title="bbox 454 1573 2075 1648">
    <p class='ocr_par' dir='ltr' id='par_1_17' title="bbox 454 1573 2075 1648">
     <span class='ocr_line' id='line_1_17' title="bbox 454 1573 2075 1648; baseline 0.004 -21"><span class='ocrx_word' id='word_1_100' title='bbox 454 1595 459 1600; x_wconf 56' lang='grc'><em>“</em></span> <span class='ocrx_word' id='word_1_101' title='bbox 498 1574 639 1628; x_wconf 90' lang='lat' dir='ltr'><strong>duos</strong></span> <span class='ocrx_word' id='word_1_102' title='bbox 677 1573 949 1638; x_wconf 86' lang='lat' dir='ltr'><strong>Christos,</strong></span> <span class='ocrx_word' id='word_1_103' title='bbox 1002 1585 1057 1628; x_wconf 90' lang='lat' dir='ltr'><strong>ut</strong></span> <span class='ocrx_word' id='word_1_104' title='bbox 1103 1577 1170 1630; x_wconf 90' lang='lat' dir='ltr'><strong>de</strong></span> <span class='ocrx_word' id='word_1_105' title='bbox 1217 1577 1400 1632; x_wconf 90' lang='lat' dir='ltr'><strong>decies</strong></span> <span class='ocrx_word' id='word_1_106' title='bbox 1448 1578 1597 1632; x_wconf 89' lang='lat' dir='ltr'><strong>mille</strong></span> <span class='ocrx_word' id='word_1_107' title='bbox 1643 1579 2075 1648; x_wconf 86' lang='lat' dir='ltr'><strong>reprehensione</strong></span> 
     </span>
    </p>
   </div>
   <div class='ocr_carea' id='block_1_18' title="bbox 497 1663 2075 1725">
    <p class='ocr_par' dir='ltr' id='par_1_18' title="bbox 497 1663 2075 1725">
     <span class='ocr_line' id='line_1_18' title="bbox 497 1663 2075 1725; baseline 0.004 -7"><span class='ocrx_word' id='word_1_108' title='bbox 497 1663 644 1719; x_wconf 82' lang='lat' dir='ltr'><strong>facta</strong></span> <span class='ocrx_word' id='word_1_109' title='bbox 685 1676 877 1720; x_wconf 86' lang='lat' dir='ltr'><strong>contra</strong></span> <span class='ocrx_word' id='word_1_110' title='bbox 929 1683 1028 1721; x_wconf 89' lang='lat' dir='ltr'><strong>nos</strong></span> <span class='ocrx_word' id='word_1_111' title='bbox 1066 1668 1392 1722; x_wconf 87' lang='lat' dir='ltr'><strong>sententiam</strong></span> <span class='ocrx_word' id='word_1_112' title='bbox 1439 1667 1597 1724; x_wconf 79' lang='lat' dir='ltr'><strong>ferat.</strong></span> <span class='ocrx_word' id='word_1_113' title='bbox 1639 1668 1746 1724; x_wconf 91' lang='lat' dir='ltr'><strong>Sed</strong></span> <span class='ocrx_word' id='word_1_114' title='bbox 1777 1687 1847 1725; x_wconf 79' lang='lat' dir='ltr'><strong>ex</strong></span> <span class='ocrx_word' id='word_1_115' title='bbox 1871 1671 2075 1725; x_wconf 91' lang='lat' dir='ltr'><strong>nostris</strong></span> 
     </span>
    </p>
   </div>
   <div class='ocr_carea' id='block_1_19' title="bbox 499 1756 2081 1828">
    <p class='ocr_par' dir='ltr' id='par_1_19' title="bbox 499 1756 2081 1828">
     <span class='ocr_line' id='line_1_19' title="bbox 499 1756 2081 1828; baseline 0 -17"><span class='ocrx_word' id='word_1_116' title='bbox 499 1756 722 1825; x_wconf 88' lang='lat' dir='ltr'><strong>scriptis</strong></span> <span class='ocrx_word' id='word_1_117' title='bbox 767 1771 868 1811; x_wconf 89' lang='lat' dir='ltr'><strong>nos</strong></span> <span class='ocrx_word' id='word_1_118' title='bbox 916 1757 1241 1810; x_wconf 89' lang='lat' dir='ltr'><strong>convincere</strong></span> <span class='ocrx_word' id='word_1_119' title='bbox 1279 1757 1579 1811; x_wconf 84' lang='lat' dir='ltr'><strong>contendit.</strong></span> <span class='ocrx_word' id='word_1_120' title='bbox 1639 1757 1850 1813; x_wconf 81' lang='lat' dir='ltr'><strong>Rursus</strong></span> <span class='ocrx_word' id='word_1_121' title='bbox 1890 1774 2012 1828; x_wconf 67' lang='lat' dir='ltr'><strong>quae</strong></span> <span class='ocrx_word' id='word_1_122' title='bbox 2045 1774 2081 1811; x_wconf 88' lang='lat' dir='ltr'><strong>a-</strong></span> 
     </span>
    </p>
   </div>
   <div class='ocr_carea' id='block_1_20' title="bbox 498 1825 2150 1919">
    <p class='ocr_par' dir='ltr' id='par_1_20' title="bbox 498 1825 2150 1919">
     <span class='ocr_line' id='line_1_20' title="bbox 498 1825 2150 1919; baseline 0.002 -19"><span class='ocrx_word' id='word_1_123' title='bbox 498 1847 768 1917; x_wconf 82' lang='lat' dir='ltr'><strong>magistro</strong></span> <span class='ocrx_word' id='word_1_124' title='bbox 795 1847 944 1901; x_wconf 90' lang='lat' dir='ltr'><strong>dicta</strong></span> <span class='ocrx_word' id='word_1_125' title='bbox 973 1857 1102 1902; x_wconf 91' lang='lat' dir='ltr'><strong>sunt</strong></span> <span class='ocrx_word' id='word_1_126' title='bbox 1124 1848 1501 1918; x_wconf 89' lang='lat' dir='ltr'><strong>dispiciamus,</strong></span> <span class='ocrx_word' id='word_1_127' title='bbox 1533 1864 1629 1918; x_wconf 88' lang='lat' dir='ltr'><strong>per</strong></span> <span class='ocrx_word' id='word_1_128' title='bbox 1658 1865 1779 1919; x_wconf 72' lang='lat' dir='ltr'><strong>quze</strong></span> <span class='ocrx_word' id='word_1_129' title='bbox 1809 1825 1923 1904; x_wconf 23' lang='lat' dir='ltr'><strong>ister</strong></span> <span class='ocrx_word' id='word_1_130' title='bbox 1943 1865 2077 1903; x_wconf 90' lang='lat' dir='ltr'><strong>con-</strong></span> <span class='ocrx_word' id='word_1_131' title='bbox 2109 1825 2150 1879; x_wconf 75' lang='grc' dir='ltr'>Β</span> 
     </span>
    </p>
   </div>
   <div class='ocr_carea' id='block_1_21' title="bbox 495 1939 2076 2011">
    <p class='ocr_par' dir='ltr' id='par_1_21' title="bbox 495 1939 2076 2011">
     <span class='ocr_line' id='line_1_21' title="bbox 495 1939 2076 2011; baseline 0.003 -22"><span class='ocrx_word' id='word_1_132' title='bbox 495 1944 581 1990; x_wconf 83' lang='lat' dir='ltr'><strong>tra</strong></span> <span class='ocrx_word' id='word_1_133' title='bbox 634 1953 733 1992; x_wconf 91' lang='lat' dir='ltr'><strong>nos</strong></span> <span class='ocrx_word' id='word_1_134' title='bbox 780 1946 934 2007; x_wconf 89' lang='lat' dir='ltr'><strong>putat</strong></span> <span class='ocrx_word' id='word_1_135' title='bbox 981 1939 1213 1993; x_wconf 87' lang='lat' dir='ltr'><strong>crimina</strong></span> <span class='ocrx_word' id='word_1_136' title='bbox 1269 1941 1565 1994; x_wconf 87' lang='lat' dir='ltr'><strong>intentare.</strong></span> <span class='ocrx_word' id='word_1_137' title='bbox 1633 1940 1755 1994; x_wconf 90' lang='lat' dir='ltr'><strong>Non</strong></span> <span class='ocrx_word' id='word_1_138' title='bbox 1805 1942 2076 2011; x_wconf 75' lang='lat' dir='ltr'><strong>theologia:</strong></span> 
     </span>
    </p>
   </div>
   <div class='ocr_carea' id='block_1_22' title="bbox 496 2029 2076 2102">
    <p class='ocr_par' dir='ltr' id='par_1_22' title="bbox 496 2029 2076 2102">
     <span class='ocr_line' id='line_1_22' title="bbox 496 2029 2076 2102; baseline 0.006 -21"><span class='ocrx_word' id='word_1_139' title='bbox 496 2029 711 2082; x_wconf 86' lang='lat' dir='ltr'><strong>modum</strong></span> <span class='ocrx_word' id='word_1_140' title='bbox 760 2030 910 2085; x_wconf 82' lang='lat' dir='ltr'><strong>nobis</strong></span> <span class='ocrx_word' id='word_1_141' title='bbox 961 2033 1146 2094; x_wconf 82' lang='lat' dir='ltr'><strong>tradit,</strong></span> <span class='ocrx_word' id='word_1_142' title='bbox 1196 2033 1396 2102; x_wconf 79' lang='lat' dir='ltr'><strong>inquit,</strong></span> <span class='ocrx_word' id='word_1_143' title='bbox 1458 2032 1549 2086; x_wconf 85' lang='lat' dir='ltr'><strong>sed</strong></span> <span class='ocrx_word' id='word_1_144' title='bbox 1610 2037 1910 2088; x_wconf 71' lang='lat' dir='ltr'><strong>oeconomia:</strong></span> <span class='ocrx_word' id='word_1_145' title='bbox 1970 2038 2076 2090; x_wconf 82' lang='lat' dir='ltr'><strong>sive</strong></span> 
     </span>
    </p>
   </div>
   <div class='ocr_carea' id='block_1_23' title="bbox 495 2120 2075 2196">
    <p class='ocr_par' dir='ltr' id='par_1_23' title="bbox 495 2120 2075 2196">
     <span class='ocr_line' id='line_1_23' title="bbox 495 2120 2075 2196; baseline 0.006 -24"><span class='ocrx_word' id='word_1_146' title='bbox 495 2120 902 2188; x_wconf 75' lang='lat' dir='ltr'><strong>dispensationis</strong></span> <span class='ocrx_word' id='word_1_147' title='bbox 946 2125 1212 2187; x_wconf 79' lang='lat' dir='ltr'><strong>rationes,</strong></span> <span class='ocrx_word' id='word_1_148' title='bbox 1258 2127 1347 2190; x_wconf 87' lang='lat' dir='ltr'><strong>qui</strong></span> <span class='ocrx_word' id='word_1_149' title='bbox 1400 2125 1554 2191; x_wconf 83' lang='lat' dir='ltr'><strong>dicit,</strong></span> <span class='ocrx_word' id='word_1_150' title='bbox 1607 2127 1744 2196; x_wconf 85' lang='lat' dir='ltr'><strong>quod</strong></span> <span class='ocrx_word' id='word_1_151' title='bbox 1792 2128 2075 2182; x_wconf 83' lang='lat' dir='ltr'><strong>Dominum</strong></span> 
     </span>
    </p>
   </div>
   <div class='ocr_carea' id='block_1_24' title="bbox 496 2213 2074 2288">
    <p class='ocr_par' dir='ltr' id='par_1_24' title="bbox 496 2213 2074 2288">
     <span class='ocr_line' id='line_1_24' title="bbox 496 2213 2074 2288; baseline 0.004 -23"><span class='ocrx_word' id='word_1_152' title='bbox 496 2213 669 2280; x_wconf 85' lang='lat' dir='ltr'><strong>ipsum</strong></span> <span class='ocrx_word' id='word_1_153' title='bbox 712 2223 762 2267; x_wconf 92' lang='lat' dir='ltr'><strong>et</strong></span> <span class='ocrx_word' id='word_1_154' title='bbox 816 2213 1086 2268; x_wconf 80' lang='lat' dir='ltr'><strong>Christum</strong></span> <span class='ocrx_word' id='word_1_155' title='bbox 1137 2215 1261 2283; x_wconf 78' lang='lat' dir='ltr'><strong>fecit</strong></span> <span class='ocrx_word' id='word_1_156' title='bbox 1319 2215 1454 2270; x_wconf 86' lang='lat' dir='ltr'><strong>Deus</strong></span> <span class='ocrx_word' id='word_1_157' title='bbox 1517 2217 1653 2271; x_wconf 85' lang='lat' dir='ltr'><strong>hunc</strong></span> <span class='ocrx_word' id='word_1_158' title='bbox 1696 2217 1897 2271; x_wconf 83' lang='lat' dir='ltr'><strong>Filium</strong></span> <span class='ocrx_word' id='word_1_159' title='bbox 1923 2235 2074 2288; x_wconf 86' lang='lat' dir='ltr'><strong>quem</strong></span> 
     </span>
    </p>
   </div>
   <div class='ocr_carea' id='block_1_25' title="bbox 498 2308 2076 2381">
    <p class='ocr_par' dir='ltr' id='par_1_25' title="bbox 498 2308 2076 2381">
     <span class='ocr_line' id='line_1_25' title="bbox 498 2308 2076 2381; baseline 0.003 -21"><span class='ocrx_word' id='word_1_160' title='bbox 498 2323 587 2361; x_wconf 81' lang='lat' dir='ltr'><strong>vos</strong></span> <span class='ocrx_word' id='word_1_161' title='bbox 631 2308 978 2376; x_wconf 73' lang='lat' dir='ltr'><strong>cruciﬁxistis</strong></span> <span class='ocrx_word' id='word_1_162' title='bbox 1019 2325 1038 2362; x_wconf 89' lang='lat'><strong><em>:</em></strong></span> <span class='ocrx_word' id='word_1_163' title='bbox 1078 2325 1196 2363; x_wconf 85' lang='lat' dir='ltr'><strong>uoce</strong></span> <span class='ocrx_word' id='word_1_164' title='bbox 1253 2309 1670 2364; x_wconf 86' lang='lat' dir='ltr'><strong>demonstrativa</strong></span> <span class='ocrx_word' id='word_1_165' title='bbox 1722 2311 1790 2363; x_wconf 89' lang='lat' dir='ltr'><strong>ad</strong></span> <span class='ocrx_word' id='word_1_166' title='bbox 1835 2311 1888 2364; x_wconf 88' lang='lat' dir='ltr'><strong>id</strong></span> <span class='ocrx_word' id='word_1_167' title='bbox 1936 2311 2076 2381; x_wconf 82' lang='lat' dir='ltr'><strong>quod</strong></span> 
     </span>
    </p>
   </div>
   <div class='ocr_carea' id='block_1_26' title="bbox 499 2397 2072 2467">
    <p class='ocr_par' dir='ltr' id='par_1_26' title="bbox 499 2397 2072 2467">
     <span class='ocr_line' id='line_1_26' title="bbox 499 2397 2072 2467; baseline 0.004 -19"><span class='ocrx_word' id='word_1_168' title='bbox 499 2397 788 2449; x_wconf 75' lang='lat' dir='ltr'><strong>humanum</strong></span> <span class='ocrx_word' id='word_1_169' title='bbox 834 2406 983 2451; x_wconf 86' lang='lat' dir='ltr'><strong>estet</strong></span> <span class='ocrx_word' id='word_1_170' title='bbox 1020 2398 1157 2467; x_wconf 88' lang='lat' dir='ltr'><strong>quod</strong></span> <span class='ocrx_word' id='word_1_171' title='bbox 1196 2401 1428 2453; x_wconf 83' lang='lat' dir='ltr'><strong>cernitur</strong></span> <span class='ocrx_word' id='word_1_172' title='bbox 1463 2399 1702 2453; x_wconf 82' lang='lat' dir='ltr'><strong>omnibus</strong></span> <span class='ocrx_word' id='word_1_173' title='bbox 1748 2401 2072 2454; x_wconf 80' lang='lat' dir='ltr'><strong>incumbens.</strong></span> 
     </span>
    </p>
   </div>
   <div class='ocr_carea' id='block_1_27' title="bbox 499 2486 2075 2557">
    <p class='ocr_par' dir='ltr' id='par_1_27' title="bbox 499 2486 2075 2557">
     <span class='ocr_line' id='line_1_27' title="bbox 499 2486 2075 2557; baseline 0.001 -17"><span class='ocrx_word' id='word_1_174' title='bbox 499 2486 626 2541; x_wconf 66' lang='lat' dir='ltr'><strong>Haec</strong></span> <span class='ocrx_word' id='word_1_175' title='bbox 660 2489 826 2557; x_wconf 80' lang='lat' dir='ltr'><strong>igitur</strong></span> <span class='ocrx_word' id='word_1_176' title='bbox 848 2494 976 2541; x_wconf 92' lang='lat' dir='ltr'><strong>sunt</strong></span> <span class='ocrx_word' id='word_1_177' title='bbox 1005 2489 1231 2556; x_wconf 88' lang='lat' dir='ltr'><strong>scripta.</strong></span> <span class='ocrx_word' id='word_1_178' title='bbox 1264 2486 1329 2540; x_wconf 89' lang='lat' dir='ltr'><strong>Hi</strong></span> <span class='ocrx_word' id='word_1_179' title='bbox 1365 2503 1495 2542; x_wconf 88' lang='lat' dir='ltr'><strong>vero</strong></span> <span class='ocrx_word' id='word_1_180' title='bbox 1533 2489 1642 2541; x_wconf 92' lang='lat' dir='ltr'><strong>duo</strong></span> <span class='ocrx_word' id='word_1_181' title='bbox 1671 2488 1899 2550; x_wconf 75' lang='lat' dir='ltr'><strong>Christi,</strong></span> <span class='ocrx_word' id='word_1_182' title='bbox 1931 2489 2075 2542; x_wconf 88' lang='lat' dir='ltr'><strong>unde</strong></span> 
     </span>
    </p>
   </div>
   <div class='ocr_carea' id='block_1_28' title="bbox 497 2575 2076 2645">
    <p class='ocr_par' dir='ltr' id='par_1_28' title="bbox 497 2575 2076 2645">
     <span class='ocr_line' id='line_1_28' title="bbox 497 2575 2076 2645; baseline 0.001 -17"><span class='ocrx_word' id='word_1_183' title='bbox 497 2578 566 2631; x_wconf 86' lang='lat' dir='ltr'><strong>ab</strong></span> <span class='ocrx_word' id='word_1_184' title='bbox 612 2575 879 2631; x_wconf 84' lang='lat' dir='ltr'><strong>Eunomio</strong></span> <span class='ocrx_word' id='word_1_185' title='bbox 930 2591 1027 2645; x_wconf 89' lang='lat' dir='ltr'><strong>per</strong></span> <span class='ocrx_word' id='word_1_186' title='bbox 1058 2577 1112 2630; x_wconf 91' lang='lat' dir='ltr'><strong>id</strong></span> <span class='ocrx_word' id='word_1_187' title='bbox 1147 2577 1292 2645; x_wconf 90' lang='lat' dir='ltr'><strong>quod</strong></span> <span class='ocrx_word' id='word_1_188' title='bbox 1323 2577 1530 2630; x_wconf 89' lang='lat' dir='ltr'><strong>dictum</strong></span> <span class='ocrx_word' id='word_1_189' title='bbox 1563 2588 1647 2632; x_wconf 85' lang='lat' dir='ltr'><strong>est</strong></span> <span class='ocrx_word' id='word_1_190' title='bbox 1681 2577 1875 2632; x_wconf 87' lang='lat' dir='ltr'><strong>intrusi</strong></span> <span class='ocrx_word' id='word_1_191' title='bbox 1909 2578 2076 2631; x_wconf 91' lang='lat' dir='ltr'><strong>sunt?</strong></span> 
     </span>
    </p>
   </div>
   <div class='ocr_carea' id='block_1_29' title="bbox 495 2667 2074 2742">
    <p class='ocr_par' dir='ltr' id='par_1_29' title="bbox 495 2667 2074 2742">
     <span class='ocr_line' id='line_1_29' title="bbox 495 2667 2074 2742; baseline 0.003 -22"><span class='ocrx_word' id='word_1_192' title='bbox 495 2676 683 2722; x_wconf 89' lang='lat' dir='ltr'><strong>utrum</strong></span> <span class='ocrx_word' id='word_1_193' title='bbox 724 2667 912 2722; x_wconf 87' lang='lat' dir='ltr'><strong>dicere</strong></span> <span class='ocrx_word' id='word_1_194' title='bbox 941 2668 1431 2723; x_wconf 84' lang='lat' dir='ltr'><strong>demonstrativam</strong></span> <span class='ocrx_word' id='word_1_195' title='bbox 1459 2685 1680 2732; x_wconf 83' lang='lat' dir='ltr'><strong>vocem,</strong></span> <span class='ocrx_word' id='word_1_196' title='bbox 1729 2670 1794 2723; x_wconf 89' lang='lat' dir='ltr'><strong>ad</strong></span> <span class='ocrx_word' id='word_1_197' title='bbox 1846 2670 1902 2723; x_wconf 22' lang='lat' dir='ltr'><strong>id.</strong></span> <span class='ocrx_word' id='word_1_198' title='bbox 1929 2669 2074 2742; x_wconf 81' lang='lat' dir='ltr'><strong>quod</strong></span> 
     </span>
    </p>
   </div>
   <div class='ocr_carea' id='block_1_30' title="bbox 497 2759 2076 2828">
    <p class='ocr_par' dir='ltr' id='par_1_30' title="bbox 497 2759 2076 2828">
     <span class='ocr_line' id='line_1_30' title="bbox 497 2759 2076 2828; baseline 0.003 -17"><span class='ocrx_word' id='word_1_199' title='bbox 497 2767 722 2828; x_wconf 87' lang='lat' dir='ltr'><strong>apparet</strong></span> <span class='ocrx_word' id='word_1_200' title='bbox 750 2759 1067 2814; x_wconf 89' lang='lat' dir='ltr'><strong>incumbere</strong></span> <span class='ocrx_word' id='word_1_201' title='bbox 1087 2799 1101 2821; x_wconf 93' lang='lat'><strong>,</strong></span> <span class='ocrx_word' id='word_1_202' title='bbox 1159 2760 1262 2814; x_wconf 88' lang='lat' dir='ltr'><strong>hoc</strong></span> <span class='ocrx_word' id='word_1_203' title='bbox 1289 2760 1523 2814; x_wconf 88' lang='lat' dir='ltr'><strong>duorum</strong></span> <span class='ocrx_word' id='word_1_204' title='bbox 1565 2759 1909 2815; x_wconf 87' lang='lat' dir='ltr'><strong>Chrislorum</strong></span> <span class='ocrx_word' id='word_1_205' title='bbox 1944 2777 2076 2815; x_wconf 90' lang='lat' dir='ltr'><strong>eon-</strong></span> 
     </span>
    </p>
   </div>
   <div class='ocr_carea' id='block_1_31' title="bbox 499 2848 2077 2920">
    <p class='ocr_par' dir='ltr' id='par_1_31' title="bbox 499 2848 2077 2920">
     <span class='ocr_line' id='line_1_31' title="bbox 499 2848 2077 2920; baseline 0.002 -18"><span class='ocrx_word' id='word_1_206' title='bbox 499 2848 802 2903; x_wconf 89' lang='lat' dir='ltr'><strong>stitutionis</strong></span> <span class='ocrx_word' id='word_1_207' title='bbox 826 2857 1030 2903; x_wconf 87' lang='lat' dir='ltr'><strong>certam</strong></span> <span class='ocrx_word' id='word_1_208' title='bbox 1055 2848 1218 2902; x_wconf 88' lang='lat' dir='ltr'><strong>habet</strong></span> <span class='ocrx_word' id='word_1_209' title='bbox 1243 2849 1659 2916; x_wconf 82' lang='lat' dir='ltr'><strong>probationem?</strong></span> <span class='ocrx_word' id='word_1_210' title='bbox 1680 2851 1851 2920; x_wconf 82' lang='lat' dir='ltr'><strong>Igitur</strong></span> <span class='ocrx_word' id='word_1_211' title='bbox 1877 2865 2077 2920; x_wconf 78' lang='lat' dir='ltr'><strong>negare</strong></span> 
     </span>
    </p>
   </div>
   <div class='ocr_carea' id='block_1_32' title="bbox 497 2940 2076 3010">
    <p class='ocr_par' dir='ltr' id='par_1_32' title="bbox 497 2940 2076 3010">
     <span class='ocr_line' id='line_1_32' title="bbox 497 2940 2076 3010; baseline 0.001 -16"><span class='ocrx_word' id='word_1_212' title='bbox 497 2940 653 2994; x_wconf 91' lang='lat' dir='ltr'><strong>decet</strong></span> <span class='ocrx_word' id='word_1_213' title='bbox 681 2949 734 2995; x_wconf 90' lang='lat' dir='ltr'><strong>et</strong></span> <span class='ocrx_word' id='word_1_214' title='bbox 767 2940 890 3003; x_wconf 91' lang='lat' dir='ltr'><strong>hoc,</strong></span> <span class='ocrx_word' id='word_1_215' title='bbox 940 2955 1135 3009; x_wconf 88' lang='lat' dir='ltr'><strong>nempe</strong></span> <span class='ocrx_word' id='word_1_216' title='bbox 1181 2941 1650 3010; x_wconf 86' lang='lat' dir='ltr'><strong>superexaltatum</strong></span> <span class='ocrx_word' id='word_1_217' title='bbox 1679 2956 1802 2996; x_wconf 82' lang='lat' dir='ltr'><strong>esse</strong></span> <span class='ocrx_word' id='word_1_218' title='bbox 1845 2942 1913 2995; x_wconf 91' lang='lat' dir='ltr'><strong>ab</strong></span> <span class='ocrx_word' id='word_1_219' title='bbox 1956 2941 2076 3010; x_wconf 91' lang='lat' dir='ltr'><strong>ipso</strong></span> 
     </span>
    </p>
   </div>
   <div class='ocr_carea' id='block_1_33' title="bbox 495 3030 2076 3101">
    <p class='ocr_par' dir='ltr' id='par_1_33' title="bbox 495 3030 2076 3101">
     <span class='ocr_line' id='line_1_33' title="bbox 495 3030 2076 3101; baseline 0.002 -17"><span class='ocrx_word' id='word_1_220' title='bbox 495 3042 620 3101; x_wconf 88' lang='lat' dir='ltr'><strong>post</strong></span> <span class='ocrx_word' id='word_1_221' title='bbox 675 3032 984 3101; x_wconf 89' lang='lat' dir='ltr'><strong>passionem</strong></span> <span class='ocrx_word' id='word_1_222' title='bbox 1017 3030 1327 3094; x_wconf 90' lang='lat' dir='ltr'><strong>Dominum,</strong></span> <span class='ocrx_word' id='word_1_223' title='bbox 1366 3049 1433 3086; x_wconf 91' lang='lat' dir='ltr'><strong>ne</strong></span> <span class='ocrx_word' id='word_1_224' title='bbox 1474 3032 1614 3086; x_wconf 87' lang='lat' dir='ltr'><strong>duos</strong></span> <span class='ocrx_word' id='word_1_225' title='bbox 1657 3030 1966 3087; x_wconf 77' lang='lat' dir='ltr'><strong>Altissimos</strong></span> <span class='ocrx_word' id='word_1_226' title='bbox 1992 3033 2076 3087; x_wconf 92' lang='lat' dir='ltr'><strong>di-</strong></span> 
     </span>
    </p>
   </div>
   <div class='ocr_carea' id='block_1_34' title="bbox 2176 567 3756 642">
    <p class='ocr_par' dir='ltr' id='par_1_34' title="bbox 2176 567 3756 642">
     <span class='ocr_line' id='line_1_34' title="bbox 2176 567 3756 642; baseline 0.001 -22"><span class='ocrx_word' id='word_1_227' title='bbox 2176 569 2274 638; x_wconf 82' lang='grc' dir='ltr'>τὴν</span> <span class='ocrx_word' id='word_1_228' title='bbox 2302 568 2478 621; x_wconf 74' lang='grc' dir='ltr'>αἰτίαν</span> <span class='ocrx_word' id='word_1_229' title='bbox 2503 569 2661 639; x_wconf 76' lang='grc' dir='ltr'>ἔχων,</span> <span class='ocrx_word' id='word_1_230' title='bbox 2695 569 2830 623; x_wconf 82' lang='grc' dir='ltr'>ἀλλὰ</span> <span class='ocrx_word' id='word_1_231' title='bbox 2858 569 2994 642; x_wconf 83' lang='grc' dir='ltr'>πρὸς</span> <span class='ocrx_word' id='word_1_232' title='bbox 3028 569 3090 622; x_wconf 88' lang='grc' dir='ltr'>τὸ</span> <span class='ocrx_word' id='word_1_233' title='bbox 3121 568 3310 623; x_wconf 83' lang='grc' dir='ltr'><strong>δοκοῦν</strong></span> <span class='ocrx_word' id='word_1_234' title='bbox 3348 569 3468 622; x_wconf 62' lang='grc' dir='ltr'>κατ’</span> <span class='ocrx_word' id='word_1_235' title='bbox 3509 567 3756 633; x_wconf 79' lang='grc' dir='ltr'><strong>ἐξουσίαν</strong></span> 
     </span>
    </p>
   </div>
   <div class='ocr_carea' id='block_1_35' title="bbox 2177 657 3756 734">
    <p class='ocr_par' dir='ltr' id='par_1_35' title="bbox 2177 657 3756 734">
     <span class='ocr_line' id='line_1_35' title="bbox 2177 657 3756 734; baseline 0.001 -20"><span class='ocrx_word' id='word_1_236' title='bbox 2177 661 2254 731; x_wconf 82' lang='grc' dir='ltr'>τῷ</span> <span class='ocrx_word' id='word_1_237' title='bbox 2287 661 2470 731; x_wconf 75' lang='grc' dir='ltr'>ψεύδει</span> <span class='ocrx_word' id='word_1_238' title='bbox 2500 661 2796 734; x_wconf 84' lang='grc' dir='ltr'>χρώμενος.</span> <span class='ocrx_word' id='word_1_239' title='bbox 2844 663 2996 715; x_wconf 63' lang='grc' dir='ltr'><strong>Ἐπεὶ¹</strong></span> <span class='ocrx_word' id='word_1_240' title='bbox 3029 657 3121 716; x_wconf 77' lang='grc' dir='ltr'>οὖν</span> <span class='ocrx_word' id='word_1_241' title='bbox 3147 663 3232 716; x_wconf 80' lang='grc' dir='ltr'><strong>ἐπ’</strong></span> <span class='ocrx_word' id='word_1_242' title='bbox 3262 662 3408 734; x_wconf 80' lang='grc' dir='ltr'><strong>αὑτῴ</strong></span> <span class='ocrx_word' id='word_1_243' title='bbox 3431 665 3662 716; x_wconf 81' lang='grc' dir='ltr'>ποιεῖται</span> <span class='ocrx_word' id='word_1_244' title='bbox 3691 660 3756 715; x_wconf 82' lang='grc' dir='ltr'>τὸ</span> 
     </span>
    </p>
   </div>
   <div class='ocr_carea' id='block_1_36' title="bbox 2175 751 3753 824">
    <p class='ocr_par' dir='ltr' id='par_1_36' title="bbox 2175 751 3753 824">
     <span class='ocr_line' id='line_1_36' title="bbox 2175 751 3753 824; baseline -0.001 -18"><span class='ocrx_word' id='word_1_245' title='bbox 2175 753 2354 822; x_wconf 82' lang='grc' dir='ltr'>λέγειν</span> <span class='ocrx_word' id='word_1_246' title='bbox 2385 753 2422 808; x_wconf 81' lang='grc' dir='ltr'><strong>ἃ,</strong></span> <span class='ocrx_word' id='word_1_247' title='bbox 2456 753 2734 824; x_wconf 85' lang='grc' dir='ltr'>βούλεται,</span> <span class='ocrx_word' id='word_1_248' title='bbox 2769 753 2823 806; x_wconf 86' lang='grc' dir='ltr'><strong>τί</strong></span> <span class='ocrx_word' id='word_1_249' title='bbox 2867 753 3203 824; x_wconf 75' lang='grc' dir='ltr'><strong>μικρολόγως</strong></span> <span class='ocrx_word' id='word_1_250' title='bbox 3241 753 3395 824; x_wconf 80' lang='grc' dir='ltr'>φέρει</span> <span class='ocrx_word' id='word_1_251' title='bbox 3441 753 3500 806; x_wconf 83' lang='grc' dir='ltr'>τὸ</span> <span class='ocrx_word' id='word_1_252' title='bbox 3536 751 3753 823; x_wconf 76' lang='grc' dir='ltr'>ψεῦδος,</span> 
     </span>
    </p>
   </div>
   <div class='ocr_carea' id='block_1_37' title="bbox 2175 844 3755 916">
    <p class='ocr_par' dir='ltr' id='par_1_37' title="bbox 2175 844 3755 916">
     <span class='ocr_line' id='line_1_37' title="bbox 2175 844 3755 916; baseline -0.001 -18"><span class='ocrx_word' id='word_1_253' title='bbox 2175 846 2268 898; x_wconf 89' lang='grc' dir='ltr'><strong>δύο</strong></span> <span class='ocrx_word' id='word_1_254' title='bbox 2291 845 2482 916; x_wconf 85' lang='grc' dir='ltr'><strong>μόνους</strong></span> <span class='ocrx_word' id='word_1_255' title='bbox 2506 847 2774 916; x_wconf 85' lang='grc' dir='ltr'>Χριστοὺς</span> <span class='ocrx_word' id='word_1_256' title='bbox 2797 844 3048 913; x_wconf 89' lang='grc' dir='ltr'>λέγεσθαι</span> <span class='ocrx_word' id='word_1_257' title='bbox 3075 846 3202 915; x_wconf 84' lang='grc' dir='ltr'>παρ’</span> <span class='ocrx_word' id='word_1_258' title='bbox 3230 845 3755 915; x_wconf 83' lang='grc' dir='ltr'>ήμῶν-κατασκευά-</span> 
     </span>
    </p>
   </div>
   <div class='ocr_carea' id='block_1_38' title="bbox 2178 934 3755 1008">
    <p class='ocr_par' dir='ltr' id='par_1_38' title="bbox 2178 934 3755 1008">
     <span class='ocr_line' id='line_1_38' title="bbox 2178 934 3755 1008; baseline 0.001 -21"><span class='ocrx_word' id='word_1_259' title='bbox 2178 935 2536 1004; x_wconf 83' lang='grc' dir='ltr'>ζων;λεγέτω</span> <span class='ocrx_word' id='word_1_260' title='bbox 2577 938 2696 989; x_wconf 86' lang='grc' dir='ltr'>κατ’</span> <span class='ocrx_word' id='word_1_261' title='bbox 2736 936 3003 1000; x_wconf 75' lang='grc' dir='ltr'>ἐξουσίαν,</span> <span class='ocrx_word' id='word_1_262' title='bbox 3036 939 3084 989; x_wconf 83' lang='grc' dir='ltr'><strong>εί</strong></span> <span class='ocrx_word' id='word_1_263' title='bbox 3109 936 3286 999; x_wconf 87' lang='grc' dir='ltr'>δοκεῖ,</span> <span class='ocrx_word' id='word_1_264' title='bbox 3319 937 3412 989; x_wconf 70' lang='grc' dir='ltr'>καὶ</span> <span class='ocrx_word' id='word_1_265' title='bbox 3452 934 3584 989; x_wconf 87' lang='grc' dir='ltr'>δέκα</span> <span class='ocrx_word' id='word_1_266' title='bbox 3615 936 3755 1008; x_wconf 87' lang='grc' dir='ltr'>Χρι-</span> 
     </span>
    </p>
   </div>
   <div class='ocr_carea' id='block_1_39' title="bbox 2180 1028 3758 1100">
    <p class='ocr_par' dir='ltr' id='par_1_39' title="bbox 2180 1028 3758 1100">
     <span class='ocr_line' id='line_1_39' title="bbox 2180 1028 3758 1100; baseline 0.002 -20"><span class='ocrx_word' id='word_1_267' title='bbox 2180 1029 2338 1092; x_wconf 78' lang='grc' dir='ltr'>στοὺς</span> <span class='ocrx_word' id='word_1_268' title='bbox 2362 1029 2684 1100; x_wconf 78' lang='grc' dir='ltr'>πρεσϐεύειν</span> <span class='ocrx_word' id='word_1_269' title='bbox 2731 1031 2900 1099; x_wconf 77' lang='grc' dir='ltr'>ἡμᾶς,</span> <span class='ocrx_word' id='word_1_270' title='bbox 2931 1028 3026 1083; x_wconf 73' lang='grc' dir='ltr'><strong>καὶ</strong></span> <span class='ocrx_word' id='word_1_271' title='bbox 3053 1028 3273 1092; x_wconf 80' lang='grc' dir='ltr'><strong>δεκάκις</strong></span> <span class='ocrx_word' id='word_1_272' title='bbox 3295 1029 3576 1092; x_wconf 82' lang='grc' dir='ltr'><strong>τοσούτους</strong></span> <span class='ocrx_word' id='word_1_273' title='bbox 3599 1069 3613 1094; x_wconf 95' lang='grc'><strong>,</strong></span> <span class='ocrx_word' id='word_1_274' title='bbox 3661 1031 3758 1083; x_wconf 79' lang='grc' dir='ltr'>καὶ</span> 
     </span>
    </p>
   </div>
   <div class='ocr_carea' id='block_1_40' title="bbox 2177 1120 3758 1192">
    <p class='ocr_par' dir='ltr' id='par_1_40' title="bbox 2177 1120 3758 1192">
     <span class='ocr_line' id='line_1_40' title="bbox 2177 1120 3758 1192; baseline 0.001 -19"><span class='ocrx_word' id='word_1_275' title='bbox 2177 1123 2257 1184; x_wconf 87' lang='grc' dir='ltr'><strong>είς</strong></span> <span class='ocrx_word' id='word_1_276' title='bbox 2282 1121 2484 1192; x_wconf 82' lang='grc' dir='ltr'>χιλίους</span> <span class='ocrx_word' id='word_1_277' title='bbox 2526 1121 2616 1174; x_wconf 86' lang='grc' dir='ltr'>τὸν</span> <span class='ocrx_word' id='word_1_278' title='bbox 2636 1121 2884 1192; x_wconf 85' lang='grc' dir='ltr'>-άριθμὸν</span> <span class='ocrx_word' id='word_1_279' title='bbox 2903 1120 3217 1186; x_wconf 68' lang='grc' dir='ltr'>ἐκτεινέτω,</span> <span class='ocrx_word' id='word_1_280' title='bbox 3239 1121 3315 1185; x_wconf 83' lang='grc' dir='ltr'>ὡς</span> <span class='ocrx_word' id='word_1_281' title='bbox 3343 1121 3407 1175; x_wconf 87' lang='grc' dir='ltr'>ἂν</span> <span class='ocrx_word' id='word_1_282' title='bbox 3435 1122 3758 1177; x_wconf 82' lang='grc' dir='ltr'>νεανικώτε-</span> 
     </span>
    </p>
   </div>
   <div class='ocr_carea' id='block_1_41' title="bbox 2182 1213 3757 1289">
    <p class='ocr_par' dir='ltr' id='par_1_41' title="bbox 2182 1213 3757 1289">
     <span class='ocr_line' id='line_1_41' title="bbox 2182 1213 3757 1289; baseline 0.002 -23"><span class='ocrx_word' id='word_1_283' title='bbox 2182 1231 2272 1284; x_wconf 89' lang='grc' dir='ltr'><strong>ρον</strong></span> <span class='ocrx_word' id='word_1_284' title='bbox 2332 1215 2450 1284; x_wconf 85' lang='grc' dir='ltr'>τῆς·</span> <span class='ocrx_word' id='word_1_285' title='bbox 2501 1214 2864 1281; x_wconf 78' lang='grc' dir='ltr'>συκοφαντίας</span> <span class='ocrx_word' id='word_1_286' title='bbox 2915 1213 3380 1284; x_wconf 80' lang='grc' dir='ltr'>άντιλαμϐάνοιτο.</span> <span class='ocrx_word' id='word_1_287' title='bbox 3427 1216 3500 1268; x_wconf 83' lang='grc' dir='ltr'><em>’Ἡ</em></span> <span class='ocrx_word' id='word_1_288' title='bbox 3545 1233 3603 1268; x_wconf 90' lang='grc' dir='ltr'><strong>τε</strong></span> <span class='ocrx_word' id='word_1_289' title='bbox 3645 1216 3757 1289; x_wconf 86' lang='grc' dir='ltr'>γὰρ</span> 
     </span>
    </p>
   </div>
   <div class='ocr_carea' id='block_1_42' title="bbox 2181 1304 3756 1377">
    <p class='ocr_par' dir='ltr' id='par_1_42' title="bbox 2181 1304 3756 1377">
     <span class='ocr_line' id='line_1_42' title="bbox 2181 1304 3756 1377; baseline 0 -19"><span class='ocrx_word' id='word_1_290' title='bbox 2181 1305 2497 1376; x_wconf 76' lang='grc' dir='ltr'>βλασφημία</span> <span class='ocrx_word' id='word_1_291' title='bbox 2517 1346 2533 1371; x_wconf 91' lang='grc'><strong>,</strong></span> <span class='ocrx_word' id='word_1_292' title='bbox 2567 1305 2662 1358; x_wconf 64' lang='grc' dir='ltr'><strong>καὶ¹</strong></span> <span class='ocrx_word' id='word_1_293' title='bbox 2701 1304 2792 1358; x_wconf 71' lang='grc' dir='ltr'><strong>ἐπὶ</strong></span> <span class='ocrx_word' id='word_1_294' title='bbox 2821 1305 2914 1357; x_wconf 85' lang='grc' dir='ltr'><strong>δύο</strong></span> <span class='ocrx_word' id='word_1_295' title='bbox 2947 1305 3041 1358; x_wconf 75' lang='grc' dir='ltr'>καὶ</span> <span class='ocrx_word' id='word_1_296' title='bbox 3080 1305 3171 1357; x_wconf 70' lang='grc' dir='ltr'>ἐπὶ</span> <span class='ocrx_word' id='word_1_297' title='bbox 3203 1305 3460 1359; x_wconf 88' lang='grc' dir='ltr'>πλειόνων</span> <span class='ocrx_word' id='word_1_298' title='bbox 3506 1305 3756 1377; x_wconf 86' lang='grc' dir='ltr'>Χριστῶν</span> 
     </span>
    </p>
   </div>
   <div class='ocr_carea' id='block_1_43' title="bbox 2177 1391 3760 1468">
    <p class='ocr_par' dir='ltr' id='par_1_43' title="bbox 2177 1391 3760 1468">
     <span class='ocr_line' id='line_1_43' title="bbox 2177 1391 3760 1468; baseline 0.002 -20"><span class='ocrx_word' id='word_1_299' title='bbox 2177 1396 2238 1449; x_wconf 80' lang='grc' dir='ltr'><strong>τὸ</strong></span> <span class='ocrx_word' id='word_1_300' title='bbox 2265 1391 2382 1449; x_wconf 82' lang='grc' dir='ltr'>ῐσον</span> <span class='ocrx_word' id='word_1_301' title='bbox 2412 1396 2546 1465; x_wconf 78' lang='grc' dir='ltr'>ἔχει,</span> <span class='ocrx_word' id='word_1_302' title='bbox 2583 1396 2676 1448; x_wconf 75' lang='grc' dir='ltr'>καὶ</span> <span class='ocrx_word' id='word_1_303' title='bbox 2711 1395 2772 1447; x_wconf 83' lang='grc' dir='ltr'><strong>τὸ</strong></span> <span class='ocrx_word' id='word_1_304' title='bbox 2817 1396 3201 1450; x_wconf 84' lang='grc' dir='ltr'>ἀναπόδεικτον</span> <span class='ocrx_word' id='word_1_305' title='bbox 3233 1397 3344 1449; x_wconf 89' lang='grc' dir='ltr'><strong>τῶν</strong></span> <span class='ocrx_word' id='word_1_306' title='bbox 3395 1397 3760 1468; x_wconf 78' lang='grc' dir='ltr'><strong>ἐγκλημάτων</strong></span> 
     </span>
    </p>
   </div>
   <div class='ocr_carea' id='block_1_44' title="bbox 2179 1483 3760 1558">
    <p class='ocr_par' dir='ltr' id='par_1_44' title="bbox 2179 1483 3760 1558">
     <span class='ocr_line' id='line_1_44' title="bbox 2179 1483 3760 1558; baseline 0.003 -20"><span class='ocrx_word' id='word_1_307' title='bbox 2179 1486 2438 1550; x_wconf 82' lang='grc' dir='ltr'><strong>ὡσαύτως</strong></span> <span class='ocrx_word' id='word_1_308' title='bbox 2460 1483 2578 1539; x_wconf 80' lang='grc' dir='ltr'>ἶσόν</span> <span class='ocrx_word' id='word_1_309' title='bbox 2607 1488 2742 1540; x_wconf 81' lang='grc' dir='ltr'>ἐστι.</span> <span class='ocrx_word' id='word_1_310' title='bbox 2777 1487 2966 1552; x_wconf 79' lang='grc' dir='ltr'>Δείξας</span> <span class='ocrx_word' id='word_1_311' title='bbox 2989 1487 3169 1540; x_wconf 80' lang='grc' dir='ltr'>τοίνυν</span> <span class='ocrx_word' id='word_1_312' title='bbox 3204 1488 3265 1540; x_wconf 83' lang='grc' dir='ltr'>τὸ</span> <span class='ocrx_word' id='word_1_313' title='bbox 3293 1487 3386 1540; x_wconf 88' lang='grc' dir='ltr'><strong>δύο</strong></span> <span class='ocrx_word' id='word_1_314' title='bbox 3410 1488 3586 1555; x_wconf 87' lang='grc' dir='ltr'>λέγειν</span> <span class='ocrx_word' id='word_1_315' title='bbox 3609 1489 3760 1558; x_wconf 78' lang='grc' dir='ltr'>ἡμᾶς</span> 
     </span>
    </p>
   </div>
   <div class='ocr_carea' id='block_1_45' title="bbox 2179 1579 3759 1653">
    <p class='ocr_par' dir='ltr' id='par_1_45' title="bbox 2179 1579 3759 1653">
     <span class='ocr_line' id='line_1_45' title="bbox 2179 1579 3759 1653; baseline -0.001 -21"><span class='ocrx_word' id='word_1_316' title='bbox 2179 1579 2416 1649; x_wconf 84' lang='grc' dir='ltr'>Κυρίους</span> <span class='ocrx_word' id='word_1_317' title='bbox 2471 1579 2566 1632; x_wconf 57' lang='grc' dir='ltr'><strong>καὶ⁹</strong></span> <span class='ocrx_word' id='word_1_318' title='bbox 2623 1579 2715 1632; x_wconf 89' lang='grc' dir='ltr'><strong>δύο</strong></span> <span class='ocrx_word' id='word_1_319' title='bbox 2771 1580 3060 1651; x_wconf 80' lang='grc' dir='ltr'>Χριστοὺς,</span> <span class='ocrx_word' id='word_1_320' title='bbox 3094 1580 3169 1643; x_wconf 87' lang='grc' dir='ltr'>ὼς</span> <span class='ocrx_word' id='word_1_321' title='bbox 3215 1581 3344 1651; x_wconf 85' lang='grc' dir='ltr'>περὶ</span> <span class='ocrx_word' id='word_1_322' title='bbox 3403 1581 3607 1653; x_wconf 87' lang='grc' dir='ltr'>μυρίων</span> <span class='ocrx_word' id='word_1_323' title='bbox 3665 1579 3759 1632; x_wconf 79' lang='grc' dir='ltr'><strong>τὸν</strong></span> 
     </span>
    </p>
   </div>
   <div class='ocr_carea' id='block_1_46' title="bbox 2178 1670 3753 1742">
    <p class='ocr_par' dir='ltr' id='par_1_46' title="bbox 2178 1670 3753 1742">
     <span class='ocr_line' id='line_1_46' title="bbox 2178 1670 3753 1742; baseline 0 -19"><span class='ocrx_word' id='word_1_324' title='bbox 2178 1671 2393 1740; x_wconf 78' lang='grc' dir='ltr'>ἔλεγχον</span> <span class='ocrx_word' id='word_1_325' title='bbox 2432 1671 2828 1741; x_wconf 82' lang='grc' dir='ltr'>ποιησάμενος,</span> <span class='ocrx_word' id='word_1_326' title='bbox 2854 1671 2952 1741; x_wconf 82' lang='grc' dir='ltr'>τὴν</span> <span class='ocrx_word' id='word_1_327' title='bbox 2986 1670 3107 1724; x_wconf 88' lang='grc' dir='ltr'>καθ’</span> <span class='ocrx_word' id='word_1_328' title='bbox 3150 1671 3305 1742; x_wconf 80' lang='grc' dir='ltr'>ἡμῶν</span> <span class='ocrx_word' id='word_1_329' title='bbox 3334 1671 3510 1742; x_wconf 76' lang='grc' dir='ltr'>ψῆφον</span> <span class='ocrx_word' id='word_1_330' title='bbox 3562 1672 3753 1740; x_wconf 73' lang='grc' dir='ltr'>ἐχέτω.</span> 
     </span>
    </p>
   </div>
   <div class='ocr_carea' id='block_1_47' title="bbox 2191 1760 3756 1833">
    <p class='ocr_par' dir='ltr' id='par_1_47' title="bbox 2191 1760 3756 1833">
     <span class='ocr_line' id='line_1_47' title="bbox 2191 1760 3756 1833; baseline 0 -20"><span class='ocrx_word' id='word_1_331' title='bbox 2191 1761 2329 1814; x_wconf 88' lang='grc' dir='ltr'>Ἀλλ’</span> <span class='ocrx_word' id='word_1_332' title='bbox 2360 1763 2422 1814; x_wconf 81' lang='grc' dir='ltr'>ἐκ</span> <span class='ocrx_word' id='word_1_333' title='bbox 2446 1761 2553 1814; x_wconf 86' lang='grc' dir='ltr'><strong>τῶν</strong></span> <span class='ocrx_word' id='word_1_334' title='bbox 2575 1760 2856 1832; x_wconf 81' lang='grc' dir='ltr'>ἡμετέρων</span> <span class='ocrx_word' id='word_1_335' title='bbox 2888 1761 3035 1830; x_wconf 81' lang='grc' dir='ltr'>ἡμᾶς</span> <span class='ocrx_word' id='word_1_336' title='bbox 3063 1761 3359 1832; x_wconf 77' lang='grc' dir='ltr'>διελέγχειν</span> <span class='ocrx_word' id='word_1_337' title='bbox 3399 1763 3550 1833; x_wconf 81' lang='grc' dir='ltr'>φησί.</span> <span class='ocrx_word' id='word_1_338' title='bbox 3588 1761 3756 1815; x_wconf 88' lang='grc' dir='ltr'>Πάλιν</span> 
     </span>
    </p>
   </div>
   <div class='ocr_carea' id='block_1_48' title="bbox 2178 1851 3756 1924">
    <p class='ocr_par' dir='ltr' id='par_1_48' title="bbox 2178 1851 3756 1924">
     <span class='ocr_line' id='line_1_48' title="bbox 2178 1851 3756 1924; baseline 0.001 -20"><span class='ocrx_word' id='word_1_339' title='bbox 2178 1853 2284 1921; x_wconf 84' lang='grc' dir='ltr'>γὰρ</span> <span class='ocrx_word' id='word_1_340' title='bbox 2323 1851 2392 1904; x_wconf 85' lang='grc' dir='ltr'>τὰ</span> <span class='ocrx_word' id='word_1_341' title='bbox 2438 1852 2698 1922; x_wconf 74' lang='grc' dir='ltr'>εἰρημένα</span> <span class='ocrx_word' id='word_1_342' title='bbox 2736 1851 2812 1921; x_wconf 79' lang='grc' dir='ltr'>τῷ</span> <span class='ocrx_word' id='word_1_343' title='bbox 2850 1851 3152 1922; x_wconf 83' lang='grc' dir='ltr'>διδασκάλῳ</span> <span class='ocrx_word' id='word_1_344' title='bbox 3185 1852 3756 1924; x_wconf 47' lang='grc' dir='ltr'>διασκεψώμεθανδΰ</span> 
     </span>
    </p>
   </div>
   <div class='ocr_carea' id='block_1_49' title="bbox 2177 1937 3757 2015">
    <p class='ocr_par' dir='ltr' id='par_1_49' title="bbox 2177 1937 3757 2015">
     <span class='ocr_line' id='line_1_49' title="bbox 2177 1937 3757 2015; baseline 0.001 -17"><span class='ocrx_word' id='word_1_345' title='bbox 2177 1939 2251 1998; x_wconf 78' lang='grc' dir='ltr'>ὧν</span> <span class='ocrx_word' id='word_1_346' title='bbox 2273 1937 2425 2007; x_wconf 74' lang='grc' dir='ltr'>οὗτος</span> <span class='ocrx_word' id='word_1_347' title='bbox 2450 1945 2619 1997; x_wconf 75' lang='grc' dir='ltr'>οἴεται</span> <span class='ocrx_word' id='word_1_348' title='bbox 2655 1946 2822 1996; x_wconf 86' lang='grc' dir='ltr'>κινεῖν</span> <span class='ocrx_word' id='word_1_349' title='bbox 2851 1943 2972 1996; x_wconf 82' lang='grc' dir='ltr'>καθ’</span> <span class='ocrx_word' id='word_1_350' title='bbox 3007 1943 3162 2013; x_wconf 86' lang='grc' dir='ltr'>ἡμῶν</span> <span class='ocrx_word' id='word_1_351' title='bbox 3194 1942 3263 1996; x_wconf 86' lang='grc' dir='ltr'>τὰ</span> <span class='ocrx_word' id='word_1_352' title='bbox 3297 1944 3757 2015; x_wconf 79' lang='grc' dir='ltr'>ἐγκλήματα..οὐ</span> 
     </span>
    </p>
   </div>
   <div class='ocr_carea' id='block_1_50' title="bbox 2179 2033 3758 2106">
    <p class='ocr_par' dir='ltr' id='par_1_50' title="bbox 2179 2033 3758 2106">
     <span class='ocr_line' id='line_1_50' title="bbox 2179 2033 3758 2106; baseline -0.002 -15"><span class='ocrx_word' id='word_1_353' title='bbox 2179 2038 2488 2104; x_wconf 75' lang='grc' dir='ltr'>θεολογίας</span> <span class='ocrx_word' id='word_1_354' title='bbox 2524 2034 2668 2104; x_wconf 72' lang='grc' dir='ltr'>ἡμῖν</span> <span class='ocrx_word' id='word_1_355' title='bbox 2696 2033 3064 2102; x_wconf 82' lang='grc' dir='ltr'>παραδίδωσι</span> <span class='ocrx_word' id='word_1_356' title='bbox 3091 2035 3558 2106; x_wconf 71' lang='grc' dir='ltr'>τρόπον,.φησὶν,</span> <span class='ocrx_word' id='word_1_357' title='bbox 3581 2035 3758 2089; x_wconf 76' lang='grc' dir='ltr'><strong>..ἀλλὰ</strong></span> 
     </span>
    </p>
   </div>
   <div class='ocr_carea' id='block_1_51' title="bbox 2177 2128 3760 2199">
    <p class='ocr_par' dir='ltr' id='par_1_51' title="bbox 2177 2128 3760 2199">
     <span class='ocr_line' id='line_1_51' title="bbox 2177 2128 3760 2199; baseline 0.001 -17"><span class='ocrx_word' id='word_1_358' title='bbox 2177 2129 2320 2194; x_wconf 87' lang='grc' dir='ltr'>τοὺς</span> <span class='ocrx_word' id='word_1_359' title='bbox 2346 2129 2454 2197; x_wconf 79' lang='grc' dir='ltr'>τῆς</span> <span class='ocrx_word' id='word_1_360' title='bbox 2485 2128 2828 2196; x_wconf 64' lang='grc' dir='ltr'>οἰκονομίας</span> <span class='ocrx_word' id='word_1_361' title='bbox 2861 2129 3102 2197; x_wconf 71' lang='grc' dir='ltr'>λόγους,</span> <span class='ocrx_word' id='word_1_362' title='bbox 3133 2128 3388 2199; x_wconf 70' lang='grc' dir='ltr'>ἀλέτων</span> <span class='ocrx_word' id='word_1_363' title='bbox 3415 2129 3504 2183; x_wconf 84' lang='grc' dir='ltr'>ὅτι</span> <span class='ocrx_word' id='word_1_364' title='bbox 3539 2130 3760 2198; x_wconf 78' lang='grc' dir='ltr'>Κύριον</span> 
     </span>
    </p>
   </div>
   <div class='ocr_carea' id='block_1_52' title="bbox 2177 2216 3761 2290">
    <p class='ocr_par' dir='ltr' id='par_1_52' title="bbox 2177 2216 3761 2290">
     <span class='ocr_line' id='line_1_52' title="bbox 2177 2216 3761 2290; baseline 0.001 -19"><span class='ocrx_word' id='word_1_365' title='bbox 2177 2217 2364 2272; x_wconf 83' lang='grc' dir='ltr'>αὐτὸν</span> <span class='ocrx_word' id='word_1_366' title='bbox 2397 2218 2505 2271; x_wconf 78' lang='grc' dir='ltr'>καὶ.</span> <span class='ocrx_word' id='word_1_367' title='bbox 2529 2217 2784 2285; x_wconf 77' lang='grc' dir='ltr'>Χριστὸν</span> <span class='ocrx_word' id='word_1_368' title='bbox 2812 2216 3107 2284; x_wconf 81' lang='grc' dir='ltr'>ἐποίησεν</span> <span class='ocrx_word' id='word_1_369' title='bbox 3132 2221 3165 2272; x_wconf 87' lang='grc' dir='ltr'><strong>ό</strong></span> <span class='ocrx_word' id='word_1_370' title='bbox 3205 2219 3378 2284; x_wconf 84' lang='grc' dir='ltr'>Θεὸς,</span> <span class='ocrx_word' id='word_1_371' title='bbox 3402 2218 3618 2290; x_wconf 65' lang='grc' dir='ltr'>τοῦτον</span> <span class='ocrx_word' id='word_1_372' title='bbox 3649 2219 3761 2272; x_wconf 79' lang='grc' dir='ltr'>τὸν</span> 
     </span>
    </p>
   </div>
   <div class='ocr_carea' id='block_1_53' title="bbox 2177 2308 3759 2380">
    <p class='ocr_par' dir='ltr' id='par_1_53' title="bbox 2177 2308 3759 2380">
     <span class='ocr_line' id='line_1_53' title="bbox 2177 2308 3759 2380; baseline -0.001 -15"><span class='ocrx_word' id='word_1_373' title='bbox 2177 2311 2314 2365; x_wconf 80' lang='grc' dir='ltr'>Υίόν</span> <span class='ocrx_word' id='word_1_374' title='bbox 2352 2311 2424 2364; x_wconf 84' lang='grc' dir='ltr'>ὃν</span> <span class='ocrx_word' id='word_1_375' title='bbox 2468 2309 2636 2380; x_wconf 79' lang='grc' dir='ltr'>ὑμεῖς</span> <span class='ocrx_word' id='word_1_376' title='bbox 2672 2311 3125 2378; x_wconf 82' lang='grc' dir='ltr'>ἐσταυρώσατε,</span> <span class='ocrx_word' id='word_1_377' title='bbox 3177 2308 3253 2378; x_wconf 80' lang='grc' dir='ltr'>τῇ</span> <span class='ocrx_word' id='word_1_378' title='bbox 3283 2309 3551 2379; x_wconf 82' lang='grc' dir='ltr'>δεικτικῇ</span> <span class='ocrx_word' id='word_1_379' title='bbox 3584 2309 3759 2380; x_wconf 72' lang='grc' dir='ltr'>φωνῇ’</span> 
     </span>
    </p>
   </div>
   <div class='ocr_carea' id='block_1_54' title="bbox 2177 2402 3760 2473">
    <p class='ocr_par' dir='ltr' id='par_1_54' title="bbox 2177 2402 3760 2473">
     <span class='ocr_line' id='line_1_54' title="bbox 2177 2402 3760 2473; baseline 0 -16"><span class='ocrx_word' id='word_1_380' title='bbox 2177 2405 2328 2472; x_wconf 83' lang='grc' dir='ltr'>πρὸς</span> <span class='ocrx_word' id='word_1_381' title='bbox 2346 2404 2412 2458; x_wconf 82' lang='grc' dir='ltr'>τὸ</span> <span class='ocrx_word' id='word_1_382' title='bbox 2430 2404 2804 2473; x_wconf 78' lang='grc' dir='ltr'>ἀνθρώπινον</span> <span class='ocrx_word' id='word_1_383' title='bbox 2829 2403 3015 2459; x_wconf 86' lang='grc' dir='ltr'>αὐτοῦ</span> <span class='ocrx_word' id='word_1_384' title='bbox 3037 2403 3135 2457; x_wconf 78' lang='grc' dir='ltr'>καὶ</span> <span class='ocrx_word' id='word_1_385' title='bbox 3157 2404 3543 2472; x_wconf 73' lang='grc' dir='ltr'>βλεπόμενον</span> <span class='ocrx_word' id='word_1_386' title='bbox 3565 2402 3760 2460; x_wconf 80' lang='grc' dir='ltr'>πᾶσιν</span> 
     </span>
    </p>
   </div>
   <div class='ocr_carea' id='block_1_55' title="bbox 2176 2494 3760 2569">
    <p class='ocr_par' dir='ltr' id='par_1_55' title="bbox 2176 2494 3760 2569">
     <span class='ocr_line' id='line_1_55' title="bbox 2176 2494 3760 2569; baseline 0 -19"><span class='ocrx_word' id='word_1_387' title='bbox 2176 2498 2646 2568; x_wconf 80' lang='grc' dir='ltr'>ἐπερειδόμενος.</span> <span class='ocrx_word' id='word_1_388' title='bbox 2685 2499 2768 2552; x_wconf 86' lang='grc' dir='ltr'><strong>Τὰ</strong></span> <span class='ocrx_word' id='word_1_389' title='bbox 2805 2499 2904 2569; x_wconf 86' lang='grc' dir='ltr'><strong>μὲν</strong></span> <span class='ocrx_word' id='word_1_390' title='bbox 2934 2494 3026 2552; x_wconf 80' lang='grc' dir='ltr'><strong>οὖν</strong></span> <span class='ocrx_word' id='word_1_391' title='bbox 3064 2497 3421 2568; x_wconf 85' lang='grc' dir='ltr'>γεγραμμένα</span> <span class='ocrx_word' id='word_1_392' title='bbox 3456 2496 3630 2552; x_wconf 79' lang='grc' dir='ltr'>ταῦτα</span> <span class='ocrx_word' id='word_1_393' title='bbox 3653 2513 3667 2528; x_wconf 82' lang='lat'>&#39;</span> <span class='ocrx_word' id='word_1_394' title='bbox 3705 2498 3760 2550; x_wconf 72' lang='grc' dir='ltr'>οξ</span> 
     </span>
    </p>
   </div>
   <div class='ocr_carea' id='block_1_56' title="bbox 2177 2588 3760 2662">
    <p class='ocr_par' dir='ltr' id='par_1_56' title="bbox 2177 2588 3760 2662">
     <span class='ocr_line' id='line_1_56' title="bbox 2177 2588 3760 2662; baseline -0.001 -18"><span class='ocrx_word' id='word_1_395' title='bbox 2177 2591 2232 2644; x_wconf 81' lang='grc' dir='ltr'>δὲ</span> <span class='ocrx_word' id='word_1_396' title='bbox 2266 2591 2357 2644; x_wconf 87' lang='grc' dir='ltr'><strong>δύο</strong></span> <span class='ocrx_word' id='word_1_397' title='bbox 2377 2591 2602 2662; x_wconf 69' lang='grc' dir='ltr'>Χριστοὶ</span> <span class='ocrx_word' id='word_1_398' title='bbox 2641 2591 2804 2645; x_wconf 85' lang='grc' dir='ltr'>πόθεν</span> <span class='ocrx_word' id='word_1_399' title='bbox 2835 2591 2986 2660; x_wconf 83' lang='grc' dir='ltr'>παρὰ</span> <span class='ocrx_word' id='word_1_400' title='bbox 3018 2589 3110 2644; x_wconf 79' lang='grc' dir='ltr'>τοῦ</span> <span class='ocrx_word' id='word_1_401' title='bbox 3138 2589 3404 2660; x_wconf 85' lang='grc' dir='ltr'>Εύνομίου</span> <span class='ocrx_word' id='word_1_402' title='bbox 3432 2588 3520 2642; x_wconf 81' lang='grc' dir='ltr'>διὰ</span> <span class='ocrx_word' id='word_1_403' title='bbox 3559 2589 3654 2642; x_wconf 82' lang='grc' dir='ltr'>τοῦ</span> <span class='ocrx_word' id='word_1_404' title='bbox 3681 2591 3760 2642; x_wconf 80' lang='grc' dir='ltr'>ει-</span> 
     </span>
    </p>
   </div>
   <div class='ocr_carea' id='block_1_57' title="bbox 2179 2677 3761 2754">
    <p class='ocr_par' dir='ltr' id='par_1_57' title="bbox 2179 2677 3761 2754">
     <span class='ocr_line' id='line_1_57' title="bbox 2179 2677 3761 2754; baseline 0.001 -20"><span class='ocrx_word' id='word_1_405' title='bbox 2179 2681 2416 2752; x_wconf 85' lang='grc' dir='ltr'>ρημένου</span> <span class='ocrx_word' id='word_1_406' title='bbox 2473 2682 2964 2754; x_wconf 84' lang='grc' dir='ltr'>είσεκυκλήθησαν;</span> <span class='ocrx_word' id='word_1_407' title='bbox 3021 2677 3168 2752; x_wconf 68' lang='grc' dir='ltr'>*Αρα</span> <span class='ocrx_word' id='word_1_408' title='bbox 3221 2681 3282 2734; x_wconf 83' lang='grc' dir='ltr'><strong>τὸ</strong></span> <span class='ocrx_word' id='word_1_409' title='bbox 3326 2681 3424 2752; x_wconf 83' lang='grc' dir='ltr'>τὴν</span> <span class='ocrx_word' id='word_1_410' title='bbox 3482 2681 3761 2753; x_wconf 65' lang='grc' dir='ltr'>δεικτικὶμι</span> 
     </span>
    </p>
   </div>
   <div class='ocr_carea' id='block_1_58' title="bbox 2179 2771 3763 2845">
    <p class='ocr_par' dir='ltr' id='par_1_58' title="bbox 2179 2771 3763 2845">
     <span class='ocr_line' id='line_1_58' title="bbox 2179 2771 3763 2845; baseline 0.002 -21"><span class='ocrx_word' id='word_1_411' title='bbox 2179 2771 2363 2844; x_wconf 84' lang='grc' dir='ltr'>φωνὴν</span> <span class='ocrx_word' id='word_1_412' title='bbox 2388 2773 2523 2845; x_wconf 84' lang='grc' dir='ltr'>πρὸς</span> <span class='ocrx_word' id='word_1_413' title='bbox 2550 2773 2611 2826; x_wconf 79' lang='grc' dir='ltr'><strong>τὸ</strong></span> <span class='ocrx_word' id='word_1_414' title='bbox 2632 2774 2955 2845; x_wconf 86' lang='grc' dir='ltr'>φαινόμενον</span> <span class='ocrx_word' id='word_1_415' title='bbox 2978 2775 3152 2827; x_wconf 74' lang='grc' dir='ltr'>εἰπεῖν</span> <span class='ocrx_word' id='word_1_416' title='bbox 3175 2773 3550 2844; x_wconf 81' lang='grc' dir='ltr'>ὲπερείδεσθαι</span> <span class='ocrx_word' id='word_1_417' title='bbox 3565 2813 3578 2838; x_wconf 91' lang='grc'><strong>,</strong></span> <span class='ocrx_word' id='word_1_418' title='bbox 3599 2773 3763 2828; x_wconf 75' lang='grc' dir='ltr'>τοῦτο</span> 
     </span>
    </p>
   </div>
   <div class='ocr_carea' id='block_1_59' title="bbox 2177 2863 3759 2936">
    <p class='ocr_par' dir='ltr' id='par_1_59' title="bbox 2177 2863 3759 2936">
     <span class='ocr_line' id='line_1_59' title="bbox 2177 2863 3759 2936; baseline 0.002 -21"><span class='ocrx_word' id='word_1_419' title='bbox 2177 2865 2278 2933; x_wconf 79' lang='grc' dir='ltr'>τῆς</span> <span class='ocrx_word' id='word_1_420' title='bbox 2298 2863 2405 2916; x_wconf 85' lang='grc' dir='ltr'><strong>τῶν</strong></span> <span class='ocrx_word' id='word_1_421' title='bbox 2436 2864 2527 2917; x_wconf 88' lang='grc' dir='ltr'><strong>δύο</strong></span> <span class='ocrx_word' id='word_1_422' title='bbox 2546 2863 2589 2917; x_wconf 79' lang='grc' dir='ltr'>Χ</span> <span class='ocrx_word' id='word_1_423' title='bbox 2603 2865 2796 2934; x_wconf 87' lang='grc' dir='ltr'>ριστῶν</span> <span class='ocrx_word' id='word_1_424' title='bbox 2826 2865 3172 2936; x_wconf 85' lang='grc' dir='ltr'>κατασκευῆς</span> <span class='ocrx_word' id='word_1_425' title='bbox 3193 2865 3291 2936; x_wconf 83' lang='grc' dir='ltr'>τὴν</span> <span class='ocrx_word' id='word_1_426' title='bbox 3310 2865 3584 2930; x_wconf 78' lang='grc' dir='ltr'>ἀπόδειξιν</span> <span class='ocrx_word' id='word_1_427' title='bbox 3611 2863 3759 2936; x_wconf 71' lang='grc' dir='ltr'>ἔχεις</span> 
     </span>
    </p>
   </div>
   <div class='ocr_carea' id='block_1_60' title="bbox 2180 2955 3762 3028">
    <p class='ocr_par' dir='ltr' id='par_1_60' title="bbox 2180 2955 3762 3028">
     <span class='ocr_line' id='line_1_60' title="bbox 2180 2955 3762 3028; baseline 0.003 -22"><span class='ocrx_word' id='word_1_428' title='bbox 2180 2955 2388 3008; x_wconf 78' lang='grc' dir='ltr'>Οὐκοῦν</span> <span class='ocrx_word' id='word_1_429' title='bbox 2428 2955 2706 3024; x_wconf 79' lang='grc' dir='ltr'>ἀρνεῖσθαι</span> <span class='ocrx_word' id='word_1_430' title='bbox 2757 2957 3059 3027; x_wconf 84' lang='grc' dir='ltr'>προσήκει,</span> <span class='ocrx_word' id='word_1_431' title='bbox 3105 2956 3298 3010; x_wconf 57' lang='grc' dir='ltr'>καὶιτὺ</span> <span class='ocrx_word' id='word_1_432' title='bbox 3337 2956 3762 3028; x_wconf 75' lang='grc' dir='ltr'>ὑπερυψωθῆναι</span> 
     </span>
    </p>
   </div>
   <div class='ocr_carea' id='block_1_61' title="bbox 2179 3045 3764 3118">
    <p class='ocr_par' dir='ltr' id='par_1_61' title="bbox 2179 3045 3764 3118">
     <span class='ocr_line' id='line_1_61' title="bbox 2179 3045 3764 3118; baseline 0 -20"><span class='ocrx_word' id='word_1_433' title='bbox 2179 3047 2312 3117; x_wconf 88' lang='grc' dir='ltr'>παρ’</span> <span class='ocrx_word' id='word_1_434' title='bbox 2342 3045 2506 3100; x_wconf 81' lang='grc' dir='ltr'>αὐτοῦ</span> <span class='ocrx_word' id='word_1_435' title='bbox 2537 3047 2674 3116; x_wconf 82' lang='grc' dir='ltr'>μετὰ</span> <span class='ocrx_word' id='word_1_436' title='bbox 2702 3047 2761 3100; x_wconf 83' lang='grc' dir='ltr'><strong>τὸ</strong></span> <span class='ocrx_word' id='word_1_437' title='bbox 2788 3046 2959 3110; x_wconf 84' lang='grc' dir='ltr'>πάθος</span> <span class='ocrx_word' id='word_1_438' title='bbox 2985 3047 3078 3100; x_wconf 83' lang='grc' dir='ltr'><strong>τὸν</strong></span> <span class='ocrx_word' id='word_1_439' title='bbox 3120 3045 3340 3118; x_wconf 85' lang='grc' dir='ltr'>Κύριον,</span> <span class='ocrx_word' id='word_1_440' title='bbox 3363 3046 3437 3110; x_wconf 84' lang='grc' dir='ltr'>ὡς</span> <span class='ocrx_word' id='word_1_441' title='bbox 3463 3046 3531 3100; x_wconf 75' lang='grc' dir='ltr'><strong>ἂν</strong></span> <span class='ocrx_word' id='word_1_442' title='bbox 3551 3047 3633 3117; x_wconf 82' lang='grc' dir='ltr'>μὴ</span> <span class='ocrx_word' id='word_1_443' title='bbox 3663 3045 3764 3100; x_wconf 71' lang='grc' dir='ltr'><strong>καὶ</strong></span> 
     </span>
    </p>
   </div>
   <div class='ocr_carea' id='block_1_62' title="bbox 499 3121 2080 3210">
    <p class='ocr_par' dir='ltr' id='par_1_62' title="bbox 499 3121 2074 3196">
     <span class='ocr_line' id='line_1_62' title="bbox 499 3121 2074 3196; baseline 0.003 -20"><span class='ocrx_word' id='word_1_444' title='bbox 499 3137 626 3176; x_wconf 83' lang='lat' dir='ltr'><strong>cere</strong></span> <span class='ocrx_word' id='word_1_445' title='bbox 678 3137 1022 3177; x_wconf 85' lang='lat' dir='ltr'><strong>accusemur.</strong></span> <span class='ocrx_word' id='word_1_446' title='bbox 1084 3121 1362 3191; x_wconf 88' lang='lat' dir='ltr'><strong>Siquidem</strong></span> <span class='ocrx_word' id='word_1_447' title='bbox 1389 3123 1702 3179; x_wconf 74' lang='lat' dir='ltr'><strong>Altissimus</strong></span> <span class='ocrx_word' id='word_1_448' title='bbox 1731 3125 1947 3194; x_wconf 90' lang='lat' dir='ltr'><strong>quidem</strong></span> <span class='ocrx_word' id='word_1_449' title='bbox 1981 3126 2074 3196; x_wconf 92' lang='lat' dir='ltr'><strong>qui</strong></span> 
     </span>
    </p>
   </div>
   <div class='ocr_carea' id='block_1_63' title="bbox 2181 3121 3762 3210">
    <p class='ocr_par' dir='ltr' id='par_1_63' title="bbox 2181 3133 3762 3206">
     <span class='ocr_line' id='line_1_63' title="bbox 2181 3133 3762 3206; baseline -0.002 -16"><span class='ocrx_word' id='word_1_450' title='bbox 2181 3136 2272 3190; x_wconf 81' lang='grc' dir='ltr'><strong>δύο</strong></span> <span class='ocrx_word' id='word_1_451' title='bbox 2297 3133 2773 3202; x_wconf 68' lang='grc' dir='ltr'>’Υψίστουςλέγειν</span> <span class='ocrx_word' id='word_1_452' title='bbox 2791 3135 3057 3206; x_wconf 73' lang='grc' dir='ltr'>αἱτιαθείη</span> <span class='ocrx_word' id='word_1_453' title='bbox 3067 3151 3188 3204; x_wconf 76' lang='grc' dir='ltr'>μενο</span> <span class='ocrx_word' id='word_1_454' title='bbox 3203 3134 3637 3206; x_wconf 73' lang='grc' dir='ltr'>εῖπερ“Υψιστος</span> <span class='ocrx_word' id='word_1_455' title='bbox 3661 3135 3762 3204; x_wconf 81' lang='grc' dir='ltr'>μὲν</span> 
     </span>
    </p>
   </div>
   <div class='ocr_carea' id='block_1_64' title="bbox 499 3212 2076 3285">
    <p class='ocr_par' dir='ltr' id='par_1_64' title="bbox 499 3212 2076 3285">
     <span class='ocr_line' id='line_1_64' title="bbox 499 3212 2076 3285; baseline 0.003 -19"><span class='ocrx_word' id='word_1_456' title='bbox 499 3213 557 3266; x_wconf 88' lang='lat' dir='ltr'><strong>in</strong></span> <span class='ocrx_word' id='word_1_457' title='bbox 602 3215 872 3283; x_wconf 90' lang='lat' dir='ltr'><strong>principio</strong></span> <span class='ocrx_word' id='word_1_458' title='bbox 902 3223 986 3268; x_wconf 91' lang='lat' dir='ltr'><strong>est</strong></span> <span class='ocrx_word' id='word_1_459' title='bbox 1034 3212 1271 3268; x_wconf 84' lang='lat' dir='ltr'><strong>Verbum</strong></span> <span class='ocrx_word' id='word_1_460' title='bbox 1308 3214 1468 3279; x_wconf 85' lang='lat' dir='ltr'><strong>Deus,</strong></span> <span class='ocrx_word' id='word_1_461' title='bbox 1506 3218 1944 3285; x_wconf 81' lang='lat' dir='ltr'><strong>superexaltatus</strong></span> <span class='ocrx_word' id='word_1_462' title='bbox 1973 3231 2076 3271; x_wconf 90' lang='lat' dir='ltr'><strong>au-</strong></span> 
     </span>
    </p>
   </div>
   <div class='ocr_carea' id='block_1_65' title="bbox 497 3304 2075 3373">
    <p class='ocr_par' dir='ltr' id='par_1_65' title="bbox 497 3304 2075 3373">
     <span class='ocr_line' id='line_1_65' title="bbox 497 3304 2075 3373; baseline 0.003 -17"><span class='ocrx_word' id='word_1_463' title='bbox 497 3311 608 3357; x_wconf 92' lang='lat' dir='ltr'><strong>tem</strong></span> <span class='ocrx_word' id='word_1_464' title='bbox 660 3311 782 3372; x_wconf 84' lang='lat' dir='ltr'><strong>post</strong></span> <span class='ocrx_word' id='word_1_465' title='bbox 828 3304 1140 3372; x_wconf 89' lang='lat' dir='ltr'><strong>passionem</strong></span> <span class='ocrx_word' id='word_1_466' title='bbox 1192 3306 1286 3373; x_wconf 93' lang='lat' dir='ltr'><strong>qui</strong></span> <span class='ocrx_word' id='word_1_467' title='bbox 1338 3320 1402 3358; x_wconf 83' lang='lat' dir='ltr'><strong>ex</strong></span> <span class='ocrx_word' id='word_1_468' title='bbox 1460 3307 1692 3360; x_wconf 89' lang='lat' dir='ltr'><strong>mortuis</strong></span> <span class='ocrx_word' id='word_1_469' title='bbox 1755 3307 2075 3373; x_wconf 82' lang='lat' dir='ltr'><strong>resurrexit,</strong></span> 
     </span>
    </p>
   </div>
   <div class='ocr_carea' id='block_1_66' title="bbox 501 3394 2078 3463">
    <p class='ocr_par' dir='ltr' id='par_1_66' title="bbox 501 3394 2078 3463">
     <span class='ocr_line' id='line_1_66' title="bbox 501 3394 2078 3463; baseline 0.003 -15"><span class='ocrx_word' id='word_1_470' title='bbox 501 3394 645 3448; x_wconf 91' lang='lat' dir='ltr'><strong>sicut</strong></span> <span class='ocrx_word' id='word_1_471' title='bbox 697 3397 774 3448; x_wconf 89' lang='lat' dir='ltr'><strong>ait</strong></span> <span class='ocrx_word' id='word_1_472' title='bbox 823 3396 1144 3463; x_wconf 87' lang='lat' dir='ltr'><strong>Apostolus.</strong></span> <span class='ocrx_word' id='word_1_473' title='bbox 1203 3396 1244 3448; x_wconf 91' lang='lat' dir='ltr'><strong>E</strong></span> <span class='ocrx_word' id='word_1_474' title='bbox 1301 3397 1520 3450; x_wconf 89' lang='lat' dir='ltr'><strong>duobus</strong></span> <span class='ocrx_word' id='word_1_475' title='bbox 1569 3399 1713 3452; x_wconf 89' lang='lat' dir='ltr'><strong>enim</strong></span> <span class='ocrx_word' id='word_1_476' title='bbox 1769 3400 2078 3453; x_wconf 88' lang='lat' dir='ltr'><strong>necessario</strong></span> 
     </span>
    </p>
   </div>
   <div class='ocr_carea' id='block_1_67' title="bbox 500 3486 2077 3559">
    <p class='ocr_par' dir='ltr' id='par_1_67' title="bbox 500 3486 2077 3559">
     <span class='ocr_line' id='line_1_67' title="bbox 500 3486 2077 3559; baseline 0.004 -21"><span class='ocrx_word' id='word_1_477' title='bbox 500 3486 731 3540; x_wconf 88' lang='lat' dir='ltr'><strong>alterum</strong></span> <span class='ocrx_word' id='word_1_478' title='bbox 765 3487 1072 3558; x_wconf 83' lang='lat' dir='ltr'><strong>eligendum</strong></span> <span class='ocrx_word' id='word_1_479' title='bbox 1104 3499 1207 3552; x_wconf 90' lang='lat' dir='ltr'><strong>est,</strong></span> <span class='ocrx_word' id='word_1_480' title='bbox 1239 3490 1323 3542; x_wconf 87' lang='lat' dir='ltr'><strong>vel</strong></span> <span class='ocrx_word' id='word_1_481' title='bbox 1352 3490 1584 3543; x_wconf 91' lang='lat' dir='ltr'><strong>dicendo</strong></span> <span class='ocrx_word' id='word_1_482' title='bbox 1616 3491 2077 3559; x_wconf 76' lang='lat' dir='ltr'><strong>superexaltatum</strong></span> 
     </span>
    </p>
   </div>
   <div class='ocr_carea' id='block_1_68' title="bbox 500 3580 2080 3650">
    <p class='ocr_par' dir='ltr' id='par_1_68' title="bbox 500 3580 2080 3650">
     <span class='ocr_line' id='line_1_68' title="bbox 500 3580 2080 3650; baseline 0.003 -20"><span class='ocrx_word' id='word_1_483' title='bbox 500 3591 625 3632; x_wconf 87' lang='lat' dir='ltr'><strong>esse</strong></span> <span class='ocrx_word' id='word_1_484' title='bbox 660 3588 779 3647; x_wconf 92' lang='lat' dir='ltr'><strong>post</strong></span> <span class='ocrx_word' id='word_1_485' title='bbox 808 3580 1145 3648; x_wconf 87' lang='lat' dir='ltr'><strong>passionem,</strong></span> <span class='ocrx_word' id='word_1_486' title='bbox 1177 3581 1322 3649; x_wconf 92' lang='lat' dir='ltr'><strong>quod</strong></span> <span class='ocrx_word' id='word_1_487' title='bbox 1348 3582 1568 3650; x_wconf 88' lang='lat' dir='ltr'><strong>quidem</strong></span> <span class='ocrx_word' id='word_1_488' title='bbox 1602 3581 1811 3650; x_wconf 67' lang='lat' dir='ltr'><strong>aequale</strong></span> <span class='ocrx_word' id='word_1_489' title='bbox 1839 3589 1922 3636; x_wconf 91' lang='lat' dir='ltr'><strong>est</strong></span> <span class='ocrx_word' id='word_1_490' title='bbox 1953 3581 2080 3635; x_wconf 90' lang='lat' dir='ltr'><strong>huic</strong></span> 
     </span>
    </p>
   </div>
   <div class='ocr_carea' id='block_1_69' title="bbox 504 3669 2081 3737">
    <p class='ocr_par' dir='ltr' id='par_1_69' title="bbox 504 3669 2081 3737">
     <span class='ocr_line' id='line_1_69' title="bbox 504 3669 2081 3737; baseline 0.004 -16"><span class='ocrx_word' id='word_1_491' title='bbox 504 3669 824 3735; x_wconf 86' lang='lat' dir='ltr'><strong>assertioni,</strong></span> <span class='ocrx_word' id='word_1_492' title='bbox 857 3669 1157 3725; x_wconf 78' lang='lat' dir='ltr'><strong>‘Dominum</strong></span> <span class='ocrx_word' id='word_1_493' title='bbox 1198 3671 1547 3727; x_wconf 82' lang='lat' dir='ltr'><strong>factumesse</strong></span> <span class='ocrx_word' id='word_1_494' title='bbox 1576 3681 1630 3728; x_wconf 92' lang='lat' dir='ltr'><strong>et</strong></span> <span class='ocrx_word' id='word_1_495' title='bbox 1651 3674 2081 3737; x_wconf 66' lang='lat' dir='ltr'><strong>(.1hristum,,im-</strong></span> 
     </span>
    </p>
   </div>
   <div class='ocr_carea' id='block_1_70' title="bbox 500 3761 2080 3833">
    <p class='ocr_par' dir='ltr' id='par_1_70' title="bbox 500 3761 2080 3833">
     <span class='ocr_line' id='line_1_70' title="bbox 500 3761 2080 3833; baseline 0.003 -19"><span class='ocrx_word' id='word_1_496' title='bbox 500 3761 722 3832; x_wconf 89' lang='lat' dir='ltr'><strong>pietatis</strong></span> <span class='ocrx_word' id='word_1_497' title='bbox 772 3763 915 3833; x_wconf 89' lang='lat' dir='ltr'><strong>apud</strong></span> <span class='ocrx_word' id='word_1_498' title='bbox 976 3762 1304 3818; x_wconf 88' lang='lat' dir='ltr'><strong>Eunomium</strong></span> <span class='ocrx_word' id='word_1_499' title='bbox 1358 3780 1508 3819; x_wconf 89' lang='lat' dir='ltr'><strong>reum</strong></span> <span class='ocrx_word' id='word_1_500' title='bbox 1555 3765 1761 3826; x_wconf 90' lang='lat' dir='ltr'><strong>vocari,</strong></span> <span class='ocrx_word' id='word_1_501' title='bbox 1793 3765 1878 3819; x_wconf 90' lang='lat' dir='ltr'><strong>vel</strong></span> <span class='ocrx_word' id='word_1_502' title='bbox 1910 3779 2080 3819; x_wconf 87' lang='lat' dir='ltr'><strong>accu-</strong></span> 
     </span>
    </p>
   </div>
   <div class='ocr_carea' id='block_1_71' title="bbox 501 3852 2081 3927">
    <p class='ocr_par' dir='ltr' id='par_1_71' title="bbox 501 3852 2081 3927">
     <span class='ocr_line' id='line_1_71' title="bbox 501 3852 2081 3927; baseline 0.002 -19"><span class='ocrx_word' id='word_1_503' title='bbox 501 3852 770 3909; x_wconf 83' lang='lat' dir='ltr'><strong>sationem</strong></span> <span class='ocrx_word' id='word_1_504' title='bbox 808 3853 1132 3910; x_wconf 91' lang='lat' dir='ltr'><strong>declinando</strong></span> <span class='ocrx_word' id='word_1_505' title='bbox 1158 3855 1388 3910; x_wconf 82' lang='lat' dir='ltr'><strong>inliciari</strong></span> <span class='ocrx_word' id='word_1_506' title='bbox 1435 3854 1847 3911; x_wconf 84' lang='lat' dir='ltr'><strong>confessionem</strong></span> <span class='ocrx_word' id='word_1_507' title='bbox 1884 3871 2081 3927; x_wconf 89' lang='lat' dir='ltr'><strong>super-</strong></span> 
     </span>
    </p>
   </div>
   <div class='ocr_carea' id='block_1_72' title="bbox 503 3945 1552 4018">
    <p class='ocr_par' dir='ltr' id='par_1_72' title="bbox 503 3945 1552 4018">
     <span class='ocr_line' id='line_1_72' title="bbox 503 3945 1552 4018; baseline -0.001 -17"><span class='ocrx_word' id='word_1_508' title='bbox 503 3945 856 4001; x_wconf 81' lang='lat' dir='ltr'><strong>exaltationis</strong></span> <span class='ocrx_word' id='word_1_509' title='bbox 893 3946 1014 4016; x_wconf 89' lang='lat' dir='ltr'><strong>ejus</strong></span> <span class='ocrx_word' id='word_1_510' title='bbox 1063 3949 1157 4018; x_wconf 85' lang='lat' dir='ltr'><strong>qui</strong></span> <span class='ocrx_word' id='word_1_511' title='bbox 1216 3963 1414 4017; x_wconf 86' lang='lat' dir='ltr'><strong>passus</strong></span> <span class='ocrx_word' id='word_1_512' title='bbox 1450 3961 1552 4003; x_wconf 90' lang='lat' dir='ltr'><strong>est.</strong></span> 
     </span>
    </p>
   </div>
   <div class='ocr_carea' id='block_1_73' title="bbox 583 4038 2082 4109">
    <p class='ocr_par' dir='ltr' id='par_1_73' title="bbox 583 4038 2082 4109">
     <span class='ocr_line' id='line_1_73' title="bbox 583 4038 2082 4109; baseline 0.002 -14"><span class='ocrx_word' id='word_1_513' title='bbox 583 4038 692 4095; x_wconf 83' lang='lat' dir='ltr'><strong>Sed</strong></span> <span class='ocrx_word' id='word_1_514' title='bbox 725 4039 793 4094; x_wconf 89' lang='lat' dir='ltr'><strong>ad</strong></span> <span class='ocrx_word' id='word_1_515' title='bbox 814 4039 930 4094; x_wconf 66' lang='lat' dir='ltr'><strong>haec</strong></span> <span class='ocrx_word' id='word_1_516' title='bbox 967 4055 1162 4095; x_wconf 89' lang='lat' dir='ltr'><strong>rursus</strong></span> <span class='ocrx_word' id='word_1_517' title='bbox 1179 4048 1391 4109; x_wconf 85' lang='lat' dir='ltr'><strong>Oportet</strong></span> <span class='ocrx_word' id='word_1_518' title='bbox 1407 4042 1748 4096; x_wconf 84' lang='lat' dir='ltr'><strong>accusatoris</strong></span> <span class='ocrx_word' id='word_1_519' title='bbox 1775 4057 2082 4098; x_wconf 89' lang='lat' dir='ltr'><strong>sermonem</strong></span> 
     </span>
    </p>
   </div>
   <div class='ocr_carea' id='block_1_74' title="bbox 509 4133 2080 4206">
    <p class='ocr_par' dir='ltr' id='par_1_74' title="bbox 509 4133 2080 4206">
     <span class='ocr_line' id='line_1_74' title="bbox 509 4133 2080 4206; baseline 0.003 -20"><span class='ocrx_word' id='word_1_520' title='bbox 509 4140 715 4188; x_wconf 59' lang='lat' dir='ltr'><strong>nostra;</strong></span> <span class='ocrx_word' id='word_1_521' title='bbox 765 4148 944 4188; x_wconf 78' lang='lat' dir='ltr'><strong>causae</strong></span> <span class='ocrx_word' id='word_1_522' title='bbox 992 4133 1250 4188; x_wconf 90' lang='lat' dir='ltr'><strong>dictionis</strong></span> <span class='ocrx_word' id='word_1_523' title='bbox 1310 4135 1671 4201; x_wconf 87' lang='lat' dir='ltr'><strong>patrocinium</strong></span> <span class='ocrx_word' id='word_1_524' title='bbox 1723 4138 2080 4206; x_wconf 72' lang='lat' dir='ltr'><strong>prazstituere.</strong></span> 
     </span>
    </p>
   </div>
   <div class='ocr_carea' id='block_1_75' title="bbox 510 4224 2081 4294">
    <p class='ocr_par' dir='ltr' id='par_1_75' title="bbox 510 4224 2081 4294">
     <span class='ocr_line' id='line_1_75' title="bbox 510 4224 2081 4294; baseline 0.003 -16"><span class='ocrx_word' id='word_1_525' title='bbox 510 4225 643 4290; x_wconf 67' lang='lat' dir='ltr'><strong>Quae</strong></span> <span class='ocrx_word' id='word_1_526' title='bbox 685 4225 872 4294; x_wconf 88' lang='lat' dir='ltr'><strong>itaque</strong></span> <span class='ocrx_word' id='word_1_527' title='bbox 927 4234 1057 4279; x_wconf 91' lang='lat' dir='ltr'><strong>sunt</strong></span> <span class='ocrx_word' id='word_1_528' title='bbox 1107 4224 1176 4278; x_wconf 87' lang='lat' dir='ltr'><strong>ab</strong></span> <span class='ocrx_word' id='word_1_529' title='bbox 1227 4226 1319 4278; x_wconf 89' lang='lat' dir='ltr'><strong>illo</strong></span> <span class='ocrx_word' id='word_1_530' title='bbox 1370 4227 1543 4294; x_wconf 90' lang='lat' dir='ltr'><strong>posita</strong></span> <span class='ocrx_word' id='word_1_531' title='bbox 1590 4228 1656 4280; x_wconf 88' lang='lat' dir='ltr'><strong>ad</strong></span> <span class='ocrx_word' id='word_1_532' title='bbox 1704 4230 1929 4282; x_wconf 86' lang='lat' dir='ltr'><strong>verbum</strong></span> <span class='ocrx_word' id='word_1_533' title='bbox 1994 4245 2081 4283; x_wconf 87' lang='lat' dir='ltr'><strong>re-</strong></span> 
     </span>
    </p>
   </div>
   <div class='ocr_carea' id='block_1_76' title="bbox 510 4315 2084 4386">
    <p class='ocr_par' dir='ltr' id='par_1_76' title="bbox 510 4315 2084 4386">
     <span class='ocr_line' id='line_1_76' title="bbox 510 4315 2084 4386; baseline 0.003 -16"><span class='ocrx_word' id='word_1_534' title='bbox 510 4315 826 4378; x_wconf 86' lang='lat' dir='ltr'><strong>eitabimus,</strong></span> <span class='ocrx_word' id='word_1_535' title='bbox 877 4332 975 4386; x_wconf 89' lang='lat' dir='ltr'><strong>per</strong></span> <span class='ocrx_word' id='word_1_536' title='bbox 1022 4333 1144 4386; x_wconf 74' lang='lat' dir='ltr'><strong>quae</strong></span> <span class='ocrx_word' id='word_1_537' title='bbox 1173 4327 1361 4372; x_wconf 87' lang='lat' dir='ltr'><strong>noster</strong></span> <span class='ocrx_word' id='word_1_538' title='bbox 1394 4334 1574 4373; x_wconf 91' lang='lat' dir='ltr'><strong>sermo</strong></span> <span class='ocrx_word' id='word_1_539' title='bbox 1614 4322 1989 4382; x_wconf 87' lang='lat' dir='ltr'><strong>constituitur,</strong></span> <span class='ocrx_word' id='word_1_540' title='bbox 2018 4321 2084 4376; x_wconf 86' lang='lat' dir='ltr'><strong>ad</strong></span> 
     </span>
    </p>
   </div>
   <div class='ocr_carea' id='block_1_77' title="bbox 508 4409 2086 4481">
    <p class='ocr_par' dir='ltr' id='par_1_77' title="bbox 508 4409 2086 4481">
     <span class='ocr_line' id='line_1_77' title="bbox 508 4409 2086 4481; baseline 0.001 -17"><span class='ocrx_word' id='word_1_541' title='bbox 508 4409 659 4464; x_wconf 80' lang='lat' dir='ltr'><strong>hunc</strong></span> <span class='ocrx_word' id='word_1_542' title='bbox 702 4409 1180 4463; x_wconf 76' lang='lat' dir='ltr'><strong>Irioduszeatu-s</strong></span> <span class='ocrx_word' id='word_1_543' title='bbox 1225 4410 1483 4477; x_wconf 86' lang='lat' dir='ltr'><strong>Joannes,</strong></span> <span class='ocrx_word' id='word_1_544' title='bbox 1517 4412 1713 4481; x_wconf 88' lang='lat' dir='ltr'><strong>inquit,</strong></span> <span class='ocrx_word' id='word_1_545' title='bbox 1751 4413 1915 4466; x_wconf 86' lang='lat' dir='ltr'><strong>Deum</strong></span> <span class='ocrx_word' id='word_1_546' title='bbox 1963 4414 2086 4467; x_wconf 76' lang='lat' dir='ltr'><strong>Ver-</strong></span> 
     </span>
    </p>
   </div>
   <div class='ocr_carea' id='block_1_78' title="bbox 2179 3226 3764 3298">
    <p class='ocr_par' dir='ltr' id='par_1_78' title="bbox 2179 3226 3764 3298">
     <span class='ocr_line' id='line_1_78' title="bbox 2179 3226 3764 3298; baseline -0.001 -16"><span class='ocrx_word' id='word_1_547' title='bbox 2179 3231 2208 3282; x_wconf 79' lang='grc' dir='ltr'><strong>ό</strong></span> <span class='ocrx_word' id='word_1_548' title='bbox 2233 3230 2290 3282; x_wconf 82' lang='grc' dir='ltr'>ἐν</span> <span class='ocrx_word' id='word_1_549' title='bbox 2319 3231 2460 3298; x_wconf 81' lang='grc' dir='ltr'>ἀρχῇ</span> <span class='ocrx_word' id='word_1_550' title='bbox 2502 3226 2577 3280; x_wconf 84' lang='grc' dir='ltr'><strong>ῶν</strong></span> <span class='ocrx_word' id='word_1_551' title='bbox 2611 3227 2782 3296; x_wconf 82' lang='grc' dir='ltr'>Λόγος</span> <span class='ocrx_word' id='word_1_552' title='bbox 2807 3228 2958 3292; x_wconf 81' lang='grc' dir='ltr'>Θεὸς,</span> <span class='ocrx_word' id='word_1_553' title='bbox 2989 3226 3412 3298; x_wconf 80' lang='grc' dir='ltr'>ύπερυψωθῆναι</span> <span class='ocrx_word' id='word_1_554' title='bbox 3452 3226 3508 3278; x_wconf 88' lang='grc' dir='ltr'>δὲ</span> <span class='ocrx_word' id='word_1_555' title='bbox 3541 3227 3678 3296; x_wconf 80' lang='grc' dir='ltr'>μετὰ</span> <span class='ocrx_word' id='word_1_556' title='bbox 3699 3228 3764 3281; x_wconf 82' lang='grc' dir='ltr'><strong>τὸ</strong></span> 
     </span>
    </p>
   </div>
   <div class='ocr_carea' id='block_1_79' title="bbox 2181 3318 3764 3390">
    <p class='ocr_par' dir='ltr' id='par_1_79' title="bbox 2181 3318 3764 3390">
     <span class='ocr_line' id='line_1_79' title="bbox 2181 3318 3764 3390; baseline 0 -18"><span class='ocrx_word' id='word_1_557' title='bbox 2181 3318 2353 3382; x_wconf 84' lang='grc' dir='ltr'>πάθος</span> <span class='ocrx_word' id='word_1_558' title='bbox 2380 3320 2409 3372; x_wconf 79' lang='grc' dir='ltr'><strong>ό</strong></span> <span class='ocrx_word' id='word_1_559' title='bbox 2438 3321 2501 3371; x_wconf 79' lang='grc' dir='ltr'>ἐκ</span> <span class='ocrx_word' id='word_1_560' title='bbox 2526 3319 2736 3390; x_wconf 84' lang='grc' dir='ltr'>νεκρῶν</span> <span class='ocrx_word' id='word_1_561' title='bbox 2761 3320 3019 3383; x_wconf 84' lang='grc' dir='ltr'>ἀναστὰς,</span> <span class='ocrx_word' id='word_1_562' title='bbox 3045 3319 3228 3384; x_wconf 84' lang='grc' dir='ltr'>καθώς</span> <span class='ocrx_word' id='word_1_563' title='bbox 3249 3337 3411 3390; x_wconf 84' lang='grc' dir='ltr'>φησιν</span> <span class='ocrx_word' id='word_1_564' title='bbox 3438 3321 3467 3372; x_wconf 88' lang='grc' dir='ltr'><strong>ό</strong></span> <span class='ocrx_word' id='word_1_565' title='bbox 3499 3320 3764 3372; x_wconf 82' lang='grc' dir='ltr'>Ἀπόστο-</span> 
     </span>
    </p>
   </div>
   <div class='ocr_carea' id='block_1_80' title="bbox 2178 3410 3762 3482">
    <p class='ocr_par' dir='ltr' id='par_1_80' title="bbox 2178 3410 3762 3482">
     <span class='ocr_line' id='line_1_80' title="bbox 2178 3410 3762 3482; baseline 0.001 -19"><span class='ocrx_word' id='word_1_566' title='bbox 2178 3410 2288 3474; x_wconf 91' lang='grc' dir='ltr'>λος.</span> <span class='ocrx_word' id='word_1_567' title='bbox 2322 3411 2442 3463; x_wconf 85' lang='grc' dir='ltr'><strong>Τῶν</strong></span> <span class='ocrx_word' id='word_1_568' title='bbox 2483 3410 2577 3464; x_wconf 92' lang='grc' dir='ltr'><strong>δύο</strong></span> <span class='ocrx_word' id='word_1_569' title='bbox 2615 3411 2722 3482; x_wconf 84' lang='grc' dir='ltr'>γὰρ</span> <span class='ocrx_word' id='word_1_570' title='bbox 2752 3410 2900 3464; x_wconf 78' lang='grc' dir='ltr'>ἐστιν</span> <span class='ocrx_word' id='word_1_571' title='bbox 2937 3411 2996 3476; x_wconf 77' lang='grc' dir='ltr'>ἐξ</span> <span class='ocrx_word' id='word_1_572' title='bbox 3033 3412 3277 3481; x_wconf 85' lang='grc' dir='ltr'>ἀνάγκης</span> <span class='ocrx_word' id='word_1_573' title='bbox 3307 3411 3520 3465; x_wconf 77' lang='grc' dir='ltr'>ἑλέσθαι</span> <span class='ocrx_word' id='word_1_574' title='bbox 3551 3410 3613 3464; x_wconf 86' lang='grc' dir='ltr'>τὸ</span> <span class='ocrx_word' id='word_1_575' title='bbox 3640 3412 3762 3466; x_wconf 83' lang='grc' dir='ltr'>’ἐτε-</span> 
     </span>
    </p>
   </div>
   <div class='ocr_carea' id='block_1_81' title="bbox 2183 3503 3763 3576">
    <p class='ocr_par' dir='ltr' id='par_1_81' title="bbox 2183 3503 3763 3576">
     <span class='ocr_line' id='line_1_81' title="bbox 2183 3503 3763 3576; baseline 0.001 -22"><span class='ocrx_word' id='word_1_576' title='bbox 2183 3520 2294 3574; x_wconf 85' lang='grc' dir='ltr'>ρον,</span> <span class='ocrx_word' id='word_1_577' title='bbox 2336 3503 2369 3572; x_wconf 86' lang='grc' dir='ltr'><strong>ἢ</strong></span> <span class='ocrx_word' id='word_1_578' title='bbox 2417 3503 2670 3570; x_wconf 84' lang='grc' dir='ltr'>λέγοντας</span> <span class='ocrx_word' id='word_1_579' title='bbox 2702 3503 3088 3576; x_wconf 78' lang='grc' dir='ltr'>ὑπερυψῶσθαι</span> <span class='ocrx_word' id='word_1_580' title='bbox 3130 3504 3266 3574; x_wconf 86' lang='grc' dir='ltr'>μετὰ</span> <span class='ocrx_word' id='word_1_581' title='bbox 3292 3503 3354 3556; x_wconf 86' lang='grc' dir='ltr'><strong>τὸ</strong></span> <span class='ocrx_word' id='word_1_582' title='bbox 3388 3503 3586 3566; x_wconf 86' lang='grc' dir='ltr'>πάθος,</span> <span class='ocrx_word' id='word_1_583' title='bbox 3621 3504 3763 3574; x_wconf 85' lang='grc' dir='ltr'>ὅπερ</span> 
     </span>
    </p>
   </div>
   <div class='ocr_carea' id='block_1_82' title="bbox 2179 3588 3771 3665">
    <p class='ocr_par' dir='ltr' id='par_1_82' title="bbox 2179 3588 3771 3665">
     <span class='ocr_line' id='line_1_82' title="bbox 2179 3588 3771 3665; baseline 0.003 -21"><span class='ocrx_word' id='word_1_584' title='bbox 2179 3588 2298 3646; x_wconf 85' lang='grc' dir='ltr'>ἴσον</span> <span class='ocrx_word' id='word_1_585' title='bbox 2323 3592 2399 3663; x_wconf 81' lang='grc' dir='ltr'><strong>τῷ</strong></span> <span class='ocrx_word' id='word_1_586' title='bbox 2431 3595 2634 3664; x_wconf 86' lang='grc' dir='ltr'>Κύριον</span> <span class='ocrx_word' id='word_1_587' title='bbox 2653 3593 2939 3664; x_wconf 87' lang='grc' dir='ltr'>γενόμενον</span> <span class='ocrx_word' id='word_1_588' title='bbox 2959 3595 3050 3648; x_wconf 77' lang='grc' dir='ltr'>καὶ</span> <span class='ocrx_word' id='word_1_589' title='bbox 3066 3593 3320 3665; x_wconf 84' lang='grc' dir='ltr'>Χριστὸν,</span> <span class='ocrx_word' id='word_1_590' title='bbox 3336 3593 3587 3657; x_wconf 76' lang='grc' dir='ltr'>ἀσεϐείας</span> <span class='ocrx_word' id='word_1_591' title='bbox 3610 3594 3771 3665; x_wconf 69' lang='grc' dir='ltr'>παρὰ</span> 
     </span>
    </p>
   </div>
   <div class='ocr_carea' id='block_1_83' title="bbox 2182 3683 3764 3756">
    <p class='ocr_par' dir='ltr' id='par_1_83' title="bbox 2182 3683 3764 3756">
     <span class='ocr_line' id='line_1_83' title="bbox 2182 3683 3764 3756; baseline -0.001 -18"><span class='ocrx_word' id='word_1_592' title='bbox 2182 3684 2259 3754; x_wconf 80' lang='grc' dir='ltr'>τῷ</span> <span class='ocrx_word' id='word_1_593' title='bbox 2287 3685 2536 3754; x_wconf 82' lang='grc' dir='ltr'>Εὐνομίῳ</span> <span class='ocrx_word' id='word_1_594' title='bbox 2579 3685 2763 3756; x_wconf 85' lang='grc' dir='ltr'>φέρειν</span> <span class='ocrx_word' id='word_1_595' title='bbox 2808 3684 3046 3756; x_wconf 82' lang='grc' dir='ltr'>γραφὴν,</span> <span class='ocrx_word' id='word_1_596' title='bbox 3079 3684 3112 3754; x_wconf 81' lang='grc' dir='ltr'>ἦ</span> <span class='ocrx_word' id='word_1_597' title='bbox 3153 3685 3252 3753; x_wconf 82' lang='grc' dir='ltr'>τὴν</span> <span class='ocrx_word' id='word_1_598' title='bbox 3297 3683 3628 3755; x_wconf 89' lang='grc' dir='ltr'>κατηγορίαν</span> <span class='ocrx_word' id='word_1_599' title='bbox 3668 3684 3764 3736; x_wconf 84' lang='grc' dir='ltr'><strong>ὲκ-</strong></span> 
     </span>
    </p>
   </div>
   <div class='ocr_carea' id='block_1_84' title="bbox 2184 3772 3780 3848">
    <p class='ocr_par' dir='ltr' id='par_1_84' title="bbox 2184 3772 3780 3848">
     <span class='ocr_line' id='line_1_84' title="bbox 2184 3772 3780 3848; baseline -0.001 -20"><span class='ocrx_word' id='word_1_600' title='bbox 2184 3776 2484 3838; x_wconf 85' lang='grc' dir='ltr'>κλίνοντας,</span> <span class='ocrx_word' id='word_1_601' title='bbox 2515 3775 2793 3846; x_wconf 84' lang='grc' dir='ltr'>ἀρνεῖσθαι</span> <span class='ocrx_word' id='word_1_602' title='bbox 2820 3776 2918 3848; x_wconf 80' lang='grc' dir='ltr'>τὴν</span> <span class='ocrx_word' id='word_1_603' title='bbox 2941 3774 3228 3846; x_wconf 87' lang='grc' dir='ltr'>ὁμολογίαν</span> <span class='ocrx_word' id='word_1_604' title='bbox 3253 3774 3352 3844; x_wconf 81' lang='grc' dir='ltr'>τῆς</span> <span class='ocrx_word' id='word_1_605' title='bbox 3379 3773 3472 3826; x_wconf 78' lang='grc' dir='ltr'>τοῦ</span> <span class='ocrx_word' id='word_1_606' title='bbox 3497 3772 3780 3837; x_wconf 64' lang='grc' dir='ltr'>παθόντος</span> 
     </span>
    </p>
   </div>
   <div class='ocr_carea' id='block_1_85' title="bbox 2185 3867 2608 3938">
    <p class='ocr_par' dir='ltr' id='par_1_85' title="bbox 2185 3867 2608 3938">
     <span class='ocr_line' id='line_1_85' title="bbox 2185 3867 2608 3938; baseline 0.002 -18"><span class='ocrx_word' id='word_1_607' title='bbox 2185 3867 2608 3938; x_wconf 73' lang='grc' dir='ltr'>ὑπερυψώσεως.</span> 
     </span>
    </p>
   </div>
   <div class='ocr_carea' id='block_1_86' title="bbox 2269 4039 3776 4114">
    <p class='ocr_par' dir='ltr' id='par_1_86' title="bbox 2269 4039 3776 4114">
     <span class='ocr_line' id='line_1_86' title="bbox 2269 4039 3776 4114; baseline -0.004 -17"><span class='ocrx_word' id='word_1_608' title='bbox 2269 4043 2428 4097; x_wconf 85' lang='grc' dir='ltr'>Ἀλλά</span> <span class='ocrx_word' id='word_1_609' title='bbox 2459 4042 2564 4114; x_wconf 79' lang='grc' dir='ltr'>χρὴ</span> <span class='ocrx_word' id='word_1_610' title='bbox 2604 4042 2738 4114; x_wconf 82' lang='grc' dir='ltr'>πρὸς</span> <span class='ocrx_word' id='word_1_611' title='bbox 2783 4041 2955 4094; x_wconf 83' lang='grc' dir='ltr'>ταῦτα</span> <span class='ocrx_word' id='word_1_612' title='bbox 2988 4041 3148 4094; x_wconf 87' lang='grc' dir='ltr'>πάλιν</span> <span class='ocrx_word' id='word_1_613' title='bbox 3185 4039 3275 4092; x_wconf 82' lang='grc' dir='ltr'><strong>τὸν</strong></span> <span class='ocrx_word' id='word_1_614' title='bbox 3317 4039 3412 4093; x_wconf 82' lang='grc' dir='ltr'>τοῦ</span> <span class='ocrx_word' id='word_1_615' title='bbox 3452 4039 3776 4110; x_wconf 62' lang='grc' dir='ltr'>κατηγόρου</span> 
     </span>
    </p>
   </div>
   <div class='ocr_carea' id='block_1_87' title="bbox 2185 4131 3770 4207">
    <p class='ocr_par' dir='ltr' id='par_1_87' title="bbox 2185 4131 3770 4207">
     <span class='ocr_line' id='line_1_87' title="bbox 2185 4131 3770 4207; baseline -0.004 -17"><span class='ocrx_word' id='word_1_616' title='bbox 2185 4137 2341 4205; x_wconf 86' lang='grc' dir='ltr'>λόγον</span> <span class='ocrx_word' id='word_1_617' title='bbox 2388 4138 2683 4207; x_wconf 85' lang='grc' dir='ltr'>συνήγορον</span> <span class='ocrx_word' id='word_1_618' title='bbox 2731 4135 2829 4205; x_wconf 79' lang='grc' dir='ltr'>τῆς</span> <span class='ocrx_word' id='word_1_619' title='bbox 2877 4134 3151 4205; x_wconf 79' lang='grc' dir='ltr'>ἡμετέρας</span> <span class='ocrx_word' id='word_1_620' title='bbox 3192 4131 3484 4200; x_wconf 84' lang='grc' dir='ltr'>ἀπολογίας</span> <span class='ocrx_word' id='word_1_621' title='bbox 3526 4133 3770 4202; x_wconf 43' lang='grc' dir='ltr'>προστήο,</span> 
     </span>
    </p>
   </div>
   <div class='ocr_carea' id='block_1_88' title="bbox 2189 4223 3766 4295">
    <p class='ocr_par' dir='ltr' id='par_1_88' title="bbox 2189 4223 3766 4295">
     <span class='ocr_line' id='line_1_88' title="bbox 2189 4223 3766 4295; baseline -0.002 -17"><span class='ocrx_word' id='word_1_622' title='bbox 2189 4225 2405 4279; x_wconf 80' lang='grc' dir='ltr'>σασθαι.</span> <span class='ocrx_word' id='word_1_623' title='bbox 2441 4225 2647 4279; x_wconf 79' lang='grc' dir='ltr'>Οὐκοῦν</span> <span class='ocrx_word' id='word_1_624' title='bbox 2678 4223 2910 4295; x_wconf 75' lang='grc' dir='ltr'>ἐροῦμεν</span> <span class='ocrx_word' id='word_1_625' title='bbox 2951 4224 3042 4276; x_wconf 71' lang='grc' dir='ltr'><strong>ἐπὶ</strong></span> <span class='ocrx_word' id='word_1_626' title='bbox 3073 4223 3267 4288; x_wconf 78' lang='grc' dir='ltr'>λέξεως</span> <span class='ocrx_word' id='word_1_627' title='bbox 3295 4223 3364 4276; x_wconf 79' lang='grc' dir='ltr'>τὰ</span> <span class='ocrx_word' id='word_1_628' title='bbox 3392 4225 3519 4294; x_wconf 86' lang='grc' dir='ltr'>παρ’</span> <span class='ocrx_word' id='word_1_629' title='bbox 3551 4224 3766 4277; x_wconf 79' lang='grc' dir='ltr'>ἐκείνου</span> 
     </span>
    </p>
   </div>
   <div class='ocr_carea' id='block_1_89' title="bbox 2185 4310 3764 4386">
    <p class='ocr_par' dir='ltr' id='par_1_89' title="bbox 2185 4310 3764 4386">
     <span class='ocr_line' id='line_1_89' title="bbox 2185 4310 3764 4386; baseline -0.003 -16"><span class='ocrx_word' id='word_1_630' title='bbox 2185 4317 2428 4381; x_wconf 83' lang='grc' dir='ltr'>τεθέντα,</span> <span class='ocrx_word' id='word_1_631' title='bbox 2470 4317 2536 4371; x_wconf 74' lang='grc' dir='ltr'>δι’</span> <span class='ocrx_word' id='word_1_632' title='bbox 2582 4310 2656 4370; x_wconf 86' lang='grc' dir='ltr'><strong>ὧν</strong></span> <span class='ocrx_word' id='word_1_633' title='bbox 2703 4316 2968 4386; x_wconf 80' lang='grc' dir='ltr'>ἡμέτερος</span> <span class='ocrx_word' id='word_1_634' title='bbox 3009 4315 3320 4370; x_wconf 87' lang='grc' dir='ltr'>συνίσταται</span> <span class='ocrx_word' id='word_1_635' title='bbox 3354 4315 3530 4382; x_wconf 84' lang='grc' dir='ltr'>λόγος,</span> <span class='ocrx_word' id='word_1_636' title='bbox 3576 4315 3764 4368; x_wconf 75' lang='grc' dir='ltr'>τοῦτον</span> 
     </span>
    </p>
   </div>
   <div class='ocr_carea' id='block_1_90' title="bbox 2187 4406 3777 4479">
    <p class='ocr_par' dir='ltr' id='par_1_90' title="bbox 2187 4406 3777 4479">
     <span class='ocr_line' id='line_1_90' title="bbox 2187 4406 3777 4479; baseline -0.003 -17"><span class='ocrx_word' id='word_1_637' title='bbox 2187 4410 2278 4462; x_wconf 86' lang='grc' dir='ltr'>τὸν</span> <span class='ocrx_word' id='word_1_638' title='bbox 2296 4410 2494 4479; x_wconf 87' lang='grc' dir='ltr'>τρόπον</span> <span class='ocrx_word' id='word_1_639' title='bbox 2517 4423 2532 4438; x_wconf 85' lang='lat'>&#39;</span> <span class='ocrx_word' id='word_1_640' title='bbox 2554 4408 2606 4460; x_wconf 84' lang='lat'><strong>&#39;0</strong></span> <span class='ocrx_word' id='word_1_641' title='bbox 2623 4407 2934 4478; x_wconf 80' lang='grc' dir='ltr'>μακάριος,</span> <span class='ocrx_word' id='word_1_642' title='bbox 2961 4407 3144 4477; x_wconf 72' lang='grc' dir='ltr'>φησὶν,</span> <span class='ocrx_word' id='word_1_643' title='bbox 3175 4408 3460 4475; x_wconf 81' lang='grc' dir='ltr'>Ἰωάννης</span> <span class='ocrx_word' id='word_1_644' title='bbox 3485 4406 3590 4458; x_wconf 81' lang='grc' dir='ltr'>τὸν</span> <span class='ocrx_word' id='word_1_645' title='bbox 3616 4406 3777 4459; x_wconf 67' lang='grc' dir='ltr'>Θεὸν,</span> 
     </span>
    </p>
   </div>
   <div class='ocr_carea' id='block_1_91' title="bbox 512 4493 2080 4572">
    <p class='ocr_par' dir='ltr' id='par_1_91' title="bbox 512 4501 2080 4571">
     <span class='ocr_line' id='line_1_91' title="bbox 512 4501 2080 4571; baseline 0 -16"><span class='ocrx_word' id='word_1_646' title='bbox 512 4502 634 4555; x_wconf 85' lang='lat' dir='ltr'><strong>bum</strong></span> <span class='ocrx_word' id='word_1_647' title='bbox 671 4517 763 4566; x_wconf 85' lang='lat' dir='ltr'><strong>per</strong></span> <span class='ocrx_word' id='word_1_648' title='bbox 805 4517 954 4571; x_wconf 88' lang='lat' dir='ltr'><strong>quem</strong></span> <span class='ocrx_word' id='word_1_649' title='bbox 998 4502 1175 4555; x_wconf 85' lang='lat' dir='ltr'><strong>omnia</strong></span> <span class='ocrx_word' id='word_1_650' title='bbox 1213 4501 1356 4570; x_wconf 80' lang='lat' dir='ltr'><strong>facta</strong></span> <span class='ocrx_word' id='word_1_651' title='bbox 1403 4512 1548 4568; x_wconf 85' lang='lat' dir='ltr'><strong>sunt,</strong></span> <span class='ocrx_word' id='word_1_652' title='bbox 1591 4503 1645 4554; x_wconf 84' lang='lat' dir='ltr'><strong>in</strong></span> <span class='ocrx_word' id='word_1_653' title='bbox 1690 4519 1849 4556; x_wconf 88' lang='lat' dir='ltr'><strong>carne</strong></span> <span class='ocrx_word' id='word_1_654' title='bbox 1884 4504 2080 4570; x_wconf 77' lang='lat' dir='ltr'><strong>factum</strong></span> 
     </span>
    </p>
   </div>
   <div class='ocr_carea' id='block_1_92' title="bbox 2181 4493 3765 4572">
    <p class='ocr_par' dir='ltr' id='par_1_92' title="bbox 2189 4497 3765 4572">
     <span class='ocr_line' id='line_1_92' title="bbox 2189 4497 3765 4572; baseline -0.004 -14"><span class='ocrx_word' id='word_1_655' title='bbox 2189 4504 2402 4572; x_wconf 79' lang='grc' dir='ltr'>Λόγον,</span> <span class='ocrx_word' id='word_1_656' title='bbox 2433 4501 2508 4555; x_wconf 89' lang='grc' dir='ltr'>δι’</span> <span class='ocrx_word' id='word_1_657' title='bbox 2542 4497 2614 4558; x_wconf 84' lang='grc' dir='ltr'>οὗ</span> <span class='ocrx_word' id='word_1_658' title='bbox 2645 4501 2718 4554; x_wconf 86' lang='grc' dir='ltr'>τὰ</span> <span class='ocrx_word' id='word_1_659' title='bbox 2750 4501 2944 4554; x_wconf 82' lang='grc' dir='ltr'>πάντα</span> <span class='ocrx_word' id='word_1_660' title='bbox 2977 4502 3242 4571; x_wconf 78' lang='grc' dir='ltr'>γέγονεν,</span> <span class='ocrx_word' id='word_1_661' title='bbox 3278 4501 3349 4553; x_wconf 80' lang='grc' dir='ltr'>ἐν</span> <span class='ocrx_word' id='word_1_662' title='bbox 3386 4498 3567 4568; x_wconf 78' lang='grc' dir='ltr'>σαρκὶ</span> <span class='ocrx_word' id='word_1_663' title='bbox 3599 4516 3765 4570; x_wconf 76' lang='grc' dir='ltr'>γεγε-</span> 
     </span>
    </p>
   </div>
   <div class='ocr_carea' id='block_1_93' title="bbox 511 4592 2083 4663">
    <p class='ocr_par' dir='ltr' id='par_1_93' title="bbox 511 4592 2083 4663">
     <span class='ocr_line' id='line_1_93' title="bbox 511 4592 2083 4663; baseline -0.002 -13"><span class='ocrx_word' id='word_1_664' title='bbox 511 4612 624 4650; x_wconf 87' lang='lat' dir='ltr'><strong>esse</strong></span> <span class='ocrx_word' id='word_1_665' title='bbox 660 4595 829 4655; x_wconf 85' lang='lat' dir='ltr'><strong>docet,</strong></span> <span class='ocrx_word' id='word_1_666' title='bbox 865 4594 989 4646; x_wconf 84' lang='lat' dir='ltr'><strong>dum</strong></span> <span class='ocrx_word' id='word_1_667' title='bbox 1043 4594 1171 4646; x_wconf 80' lang='lat' dir='ltr'><strong>dicit</strong></span> <span class='ocrx_word' id='word_1_668' title='bbox 1217 4609 1281 4647; x_wconf 68' lang='grc' dir='ltr'>τι</span> <span class='ocrx_word' id='word_1_669' title='bbox 1334 4592 1402 4645; x_wconf 86' lang='lat' dir='ltr'><strong>Et</strong></span> <span class='ocrx_word' id='word_1_670' title='bbox 1449 4593 1674 4646; x_wconf 83' lang='lat' dir='ltr'><strong>Verbum</strong></span> <span class='ocrx_word' id='word_1_671' title='bbox 1723 4611 1848 4648; x_wconf 87' lang='lat' dir='ltr'><strong>caro</strong></span> <span class='ocrx_word' id='word_1_672' title='bbox 1883 4596 2083 4663; x_wconf 84' lang='lat' dir='ltr'><strong>[actum</strong></span> 
     </span>
    </p>
   </div>
   <div class='ocr_carea' id='block_1_94' title="bbox 514 4684 2090 4754">
    <p class='ocr_par' dir='ltr' id='par_1_94' title="bbox 514 4684 2090 4754">
     <span class='ocr_line' id='line_1_94' title="bbox 514 4684 2090 4754; baseline -0.001 -12"><span class='ocrx_word' id='word_1_673' title='bbox 514 4697 592 4742; x_wconf 83' lang='lat' dir='ltr'><strong>est</strong></span> <span class='ocrx_word' id='word_1_674' title='bbox 612 4688 675 4738; x_wconf 75' lang='grc' dir='ltr'><strong>η.</strong></span> <span class='ocrx_word' id='word_1_675' title='bbox 703 4706 721 4738; x_wconf 75' lang='grc' dir='ltr'><strong>ι</strong></span> <span class='ocrx_word' id='word_1_676' title='bbox 747 4687 829 4739; x_wconf 85' lang='lat' dir='ltr'><strong>An</strong></span> <span class='ocrx_word' id='word_1_677' title='bbox 855 4686 1158 4754; x_wconf 81' lang='lat' dir='ltr'><strong>intelligens</strong></span> <span class='ocrx_word' id='word_1_678' title='bbox 1185 4700 1304 4754; x_wconf 68' lang='lat' dir='ltr'><strong>quae</strong></span> <span class='ocrx_word' id='word_1_679' title='bbox 1333 4685 1542 4747; x_wconf 87' lang='lat' dir='ltr'><strong>scribit,</strong></span> <span class='ocrx_word' id='word_1_680' title='bbox 1576 4684 1690 4739; x_wconf 59' lang='lat' dir='ltr'><strong>haec</strong></span> <span class='ocrx_word' id='word_1_681' title='bbox 1719 4686 1953 4740; x_wconf 89' lang='lat' dir='ltr'><strong>orationi</strong></span> <span class='ocrx_word' id='word_1_682' title='bbox 1978 4702 2090 4741; x_wconf 72' lang='lat' dir='ltr'><strong>sure</strong></span> 
     </span>
    </p>
   </div>
   <div class='ocr_carea' id='block_1_95' title="bbox 515 4777 2086 4850">
    <p class='ocr_par' dir='ltr' id='par_1_95' title="bbox 515 4777 2086 4850">
     <span class='ocr_line' id='line_1_95' title="bbox 515 4777 2086 4850; baseline -0.001 -16"><span class='ocrx_word' id='word_1_683' title='bbox 515 4778 738 4850; x_wconf 87' lang='lat' dir='ltr'><strong>adjicit?</strong></span> <span class='ocrx_word' id='word_1_684' title='bbox 782 4777 1045 4848; x_wconf 83' lang='lat' dir='ltr'><strong>Equidem</strong></span> <span class='ocrx_word' id='word_1_685' title='bbox 1079 4794 1186 4830; x_wconf 90' lang='lat' dir='ltr'><strong>non</strong></span> <span class='ocrx_word' id='word_1_686' title='bbox 1216 4777 1459 4830; x_wconf 83' lang='lat' dir='ltr'><strong>arbitror</strong></span> <span class='ocrx_word' id='word_1_687' title='bbox 1489 4777 1668 4847; x_wconf 85' lang='lat' dir='ltr'><strong>ipsum</strong></span> <span class='ocrx_word' id='word_1_688' title='bbox 1719 4778 1864 4832; x_wconf 88' lang='lat' dir='ltr'><strong>scire</strong></span> <span class='ocrx_word' id='word_1_689' title='bbox 1891 4779 2086 4832; x_wconf 89' lang='lat' dir='ltr'><strong>horum</strong></span> 
     </span>
    </p>
   </div>
   <div class='ocr_carea' id='block_1_96' title="bbox 515 4867 2092 4940">
    <p class='ocr_par' dir='ltr' id='par_1_96' title="bbox 515 4867 2092 4940">
     <span class='ocr_line' id='line_1_96' title="bbox 515 4867 2092 4940; baseline 0.001 -17"><span class='ocrx_word' id='word_1_690' title='bbox 515 4871 805 4926; x_wconf 88' lang='lat' dir='ltr'><strong>verborum</strong></span> <span class='ocrx_word' id='word_1_691' title='bbox 842 4870 1188 4924; x_wconf 85' lang='lat' dir='ltr'><strong>sententiam.</strong></span> <span class='ocrx_word' id='word_1_692' title='bbox 1236 4867 1368 4921; x_wconf 80' lang='lat' dir='ltr'><strong>Nam</strong></span> <span class='ocrx_word' id='word_1_693' title='bbox 1421 4869 1470 4923; x_wconf 89' lang='lat' dir='ltr'><strong>si</strong></span> <span class='ocrx_word' id='word_1_694' title='bbox 1504 4869 1628 4938; x_wconf 91' lang='lat' dir='ltr'><strong>quis</strong></span> <span class='ocrx_word' id='word_1_695' title='bbox 1672 4878 1928 4924; x_wconf 86' lang='lat' dir='ltr'><strong>accurate</strong></span> <span class='ocrx_word' id='word_1_696' title='bbox 1971 4887 2092 4940; x_wconf 76' lang='lat' dir='ltr'><strong>qua:</strong></span> 
     </span>
    </p>
   </div>
   <div class='ocr_carea' id='block_1_97' title="bbox 515 4958 2087 5031">
    <p class='ocr_par' dir='ltr' id='par_1_97' title="bbox 515 4958 2087 5031">
     <span class='ocr_line' id='line_1_97' title="bbox 515 4958 2087 5031; baseline -0.001 -16"><span class='ocrx_word' id='word_1_697' title='bbox 515 4962 777 5016; x_wconf 89' lang='lat' dir='ltr'><strong>dicuntur</strong></span> <span class='ocrx_word' id='word_1_698' title='bbox 831 4959 1227 5022; x_wconf 89' lang='lat' dir='ltr'><strong>consideraret,</strong></span> <span class='ocrx_word' id='word_1_699' title='bbox 1284 4959 1489 5012; x_wconf 90' lang='lat' dir='ltr'><strong>nullam</strong></span> <span class='ocrx_word' id='word_1_700' title='bbox 1539 4958 1593 5012; x_wconf 92' lang='lat' dir='ltr'><strong>in</strong></span> <span class='ocrx_word' id='word_1_701' title='bbox 1650 4959 1736 5014; x_wconf 91' lang='lat' dir='ltr'><strong>his</strong></span> <span class='ocrx_word' id='word_1_702' title='bbox 1785 4967 1838 5015; x_wconf 92' lang='lat' dir='ltr'><strong>et</strong></span> <span class='ocrx_word' id='word_1_703' title='bbox 1883 4977 2005 5031; x_wconf 68' lang='lat' dir='ltr'><strong>quae</strong></span> <span class='ocrx_word' id='word_1_704' title='bbox 2055 4975 2087 5014; x_wconf 91' lang='lat' dir='ltr'><strong>a</strong></span> 
     </span>
    </p>
   </div>
   <div class='ocr_carea' id='block_1_98' title="bbox 518 5047 2082 5122">
    <p class='ocr_par' dir='ltr' id='par_1_98' title="bbox 518 5047 2082 5122">
     <span class='ocr_line' id='line_1_98' title="bbox 518 5047 2082 5122; baseline 0.001 -18"><span class='ocrx_word' id='word_1_705' title='bbox 518 5051 698 5112; x_wconf 88' lang='lat' dir='ltr'><strong>nobis,</strong></span> <span class='ocrx_word' id='word_1_706' title='bbox 738 5060 792 5104; x_wconf 90' lang='lat' dir='ltr'><strong>et</strong></span> <span class='ocrx_word' id='word_1_707' title='bbox 826 5065 946 5119; x_wconf 75' lang='lat' dir='ltr'><strong>quae</strong></span> <span class='ocrx_word' id='word_1_708' title='bbox 974 5051 1043 5103; x_wconf 90' lang='lat' dir='ltr'><strong>ab</strong></span> <span class='ocrx_word' id='word_1_709' title='bbox 1072 5050 1165 5104; x_wconf 90' lang='lat' dir='ltr'><strong>illo</strong></span> <span class='ocrx_word' id='word_1_710' title='bbox 1190 5047 1474 5112; x_wconf 87' lang='lat' dir='ltr'><strong>dicuntur,</strong></span> <span class='ocrx_word' id='word_1_711' title='bbox 1510 5049 1652 5105; x_wconf 90' lang='lat' dir='ltr'><strong>inter</strong></span> <span class='ocrx_word' id='word_1_712' title='bbox 1685 5065 1746 5104; x_wconf 91' lang='lat' dir='ltr'><strong>se</strong></span> <span class='ocrx_word' id='word_1_713' title='bbox 1771 5065 2082 5122; x_wconf 84' lang='lat' dir='ltr'><strong>repugnan-</strong></span> 
     </span>
    </p>
   </div>
   <div class='ocr_carea' id='block_1_99' title="bbox 516 5139 2084 5213">
    <p class='ocr_par' dir='ltr' id='par_1_99' title="bbox 516 5139 2084 5213">
     <span class='ocr_line' id='line_1_99' title="bbox 516 5139 2084 5213; baseline 0.002 -17"><span class='ocrx_word' id='word_1_714' title='bbox 516 5143 648 5197; x_wconf 85' lang='lat' dir='ltr'><strong>tiam</strong></span> <span class='ocrx_word' id='word_1_715' title='bbox 674 5142 962 5197; x_wconf 87' lang='lat' dir='ltr'><strong>inveniret.</strong></span> <span class='ocrx_word' id='word_1_716' title='bbox 991 5139 1104 5197; x_wconf 87' lang='lat' dir='ltr'><strong>Nos</strong></span> <span class='ocrx_word' id='word_1_717' title='bbox 1127 5142 1272 5197; x_wconf 90' lang='lat' dir='ltr'><strong>enim</strong></span> <span class='ocrx_word' id='word_1_718' title='bbox 1298 5157 1361 5196; x_wconf 89' lang='lat' dir='ltr'><strong>ea</strong></span> <span class='ocrx_word' id='word_1_719' title='bbox 1391 5143 1554 5197; x_wconf 92' lang='lat' dir='ltr'><strong>etiam</strong></span> <span class='ocrx_word' id='word_1_720' title='bbox 1579 5159 1700 5213; x_wconf 84' lang='lat' dir='ltr'><strong>quae</strong></span> <span class='ocrx_word' id='word_1_721' title='bbox 1733 5159 1832 5213; x_wconf 89' lang='lat' dir='ltr'><strong>per</strong></span> <span class='ocrx_word' id='word_1_722' title='bbox 1863 5159 2084 5199; x_wconf 89' lang='lat' dir='ltr'><strong>carnem</strong></span> 
     </span>
    </p>
   </div>
   <div class='ocr_carea' id='block_1_100' title="bbox 516 5232 2082 5301">
    <p class='ocr_par' dir='ltr' id='par_1_100' title="bbox 516 5232 2082 5301">
     <span class='ocr_line' id='line_1_100' title="bbox 516 5232 2082 5301; baseline 0.001 -15"><span class='ocrx_word' id='word_1_723' title='bbox 516 5232 832 5300; x_wconf 87' lang='lat' dir='ltr'><strong>dispensata</strong></span> <span class='ocrx_word' id='word_1_724' title='bbox 875 5238 1004 5286; x_wconf 91' lang='lat' dir='ltr'><strong>sunt</strong></span> <span class='ocrx_word' id='word_1_725' title='bbox 1056 5232 1283 5287; x_wconf 89' lang='lat' dir='ltr'><strong>seorsim</strong></span> <span class='ocrx_word' id='word_1_726' title='bbox 1337 5239 1673 5301; x_wconf 89' lang='lat' dir='ltr'><strong>spectamus,</strong></span> <span class='ocrx_word' id='word_1_727' title='bbox 1729 5243 1784 5288; x_wconf 90' lang='lat' dir='ltr'><strong>et</strong></span> <span class='ocrx_word' id='word_1_728' title='bbox 1841 5234 2082 5289; x_wconf 88' lang='lat' dir='ltr'><strong>divinam</strong></span> 
     </span>
    </p>
   </div>
   <div class='ocr_carea' id='block_1_101' title="bbox 516 5323 2085 5394">
    <p class='ocr_par' dir='ltr' id='par_1_101' title="bbox 516 5323 2085 5394">
     <span class='ocr_line' id='line_1_101' title="bbox 516 5323 2085 5394; baseline 0.002 -16"><span class='ocrx_word' id='word_1_729' title='bbox 516 5324 774 5379; x_wconf 85' lang='lat' dir='ltr'><strong>virtutem</strong></span> <span class='ocrx_word' id='word_1_730' title='bbox 833 5323 889 5377; x_wconf 90' lang='lat' dir='ltr'><strong>in</strong></span> <span class='ocrx_word' id='word_1_731' title='bbox 932 5323 1109 5392; x_wconf 90' lang='lat' dir='ltr'><strong>seipsa</strong></span> <span class='ocrx_word' id='word_1_732' title='bbox 1151 5323 1528 5394; x_wconf 84' lang='lat' dir='ltr'><strong>intelligimus.</strong></span> <span class='ocrx_word' id='word_1_733' title='bbox 1571 5323 1628 5378; x_wconf 91' lang='lat' dir='ltr'><strong>ll&#39;</strong></span> <span class='ocrx_word' id='word_1_734' title='bbox 1713 5325 1987 5394; x_wconf 86' lang='lat' dir='ltr'><strong>similiter,</strong></span> <span class='ocrx_word' id='word_1_735' title='bbox 2024 5333 2085 5382; x_wconf 93' lang='lat' dir='ltr'><strong>ut</strong></span> 
     </span>
    </p>
   </div>
   <div class='ocr_carea' id='block_1_102' title="bbox 521 5413 2084 5485">
    <p class='ocr_par' dir='ltr' id='par_1_102' title="bbox 521 5413 2084 5485">
     <span class='ocr_line' id='line_1_102' title="bbox 521 5413 2084 5485; baseline 0.002 -14"><span class='ocrx_word' id='word_1_736' title='bbox 521 5430 642 5480; x_wconf 90' lang='lat' dir='ltr'><strong>nos,</strong></span> <span class='ocrx_word' id='word_1_737' title='bbox 679 5429 805 5470; x_wconf 91' lang='lat' dir='ltr'><strong>eum</strong></span> <span class='ocrx_word' id='word_1_738' title='bbox 849 5415 944 5485; x_wconf 92' lang='lat' dir='ltr'><strong>qui</strong></span> <span class='ocrx_word' id='word_1_739' title='bbox 991 5415 1044 5468; x_wconf 90' lang='lat' dir='ltr'><strong>in</strong></span> <span class='ocrx_word' id='word_1_740' title='bbox 1076 5413 1348 5484; x_wconf 88' lang='lat' dir='ltr'><strong>principio</strong></span> <span class='ocrx_word' id='word_1_741' title='bbox 1391 5425 1511 5470; x_wconf 89' lang='lat' dir='ltr'><strong>erat</strong></span> <span class='ocrx_word' id='word_1_742' title='bbox 1548 5415 1788 5472; x_wconf 83' lang='lat' dir='ltr'><strong>Verbum</strong></span> <span class='ocrx_word' id='word_1_743' title='bbox 1823 5418 1877 5472; x_wconf 92' lang='lat' dir='ltr'><strong>in</strong></span> <span class='ocrx_word' id='word_1_744' title='bbox 1917 5433 2084 5474; x_wconf 90' lang='lat' dir='ltr'><strong>carne</strong></span> 
     </span>
    </p>
   </div>
   <div class='ocr_carea' id='block_1_103' title="bbox 516 5506 2083 5581">
    <p class='ocr_par' dir='ltr' id='par_1_103' title="bbox 516 5506 2083 5581">
     <span class='ocr_line' id='line_1_103' title="bbox 516 5506 2083 5581; baseline 0.002 -20"><span class='ocrx_word' id='word_1_745' title='bbox 516 5507 921 5564; x_wconf 76' lang='lat' dir='ltr'><strong>manifestatum</strong></span> <span class='ocrx_word' id='word_1_746' title='bbox 975 5522 1098 5562; x_wconf 90' lang='lat' dir='ltr'><strong>esse</strong></span> <span class='ocrx_word' id='word_1_747' title='bbox 1145 5506 1299 5573; x_wconf 89' lang='lat' dir='ltr'><strong>dicit,</strong></span> <span class='ocrx_word' id='word_1_748' title='bbox 1354 5524 1529 5578; x_wconf 90' lang='lat' dir='ltr'><strong>neque</strong></span> <span class='ocrx_word' id='word_1_749' title='bbox 1585 5510 1727 5565; x_wconf 91' lang='lat' dir='ltr'><strong>alius</strong></span> <span class='ocrx_word' id='word_1_750' title='bbox 1788 5511 2083 5581; x_wconf 88' lang='lat' dir='ltr'><strong>quisquam</strong></span> 
     </span>
    </p>
   </div>
   <div class='ocr_carea' id='block_1_104' title="bbox 518 5597 2086 5671">
    <p class='ocr_par' dir='ltr' id='par_1_104' title="bbox 518 5597 2086 5671">
     <span class='ocr_line' id='line_1_104' title="bbox 518 5597 2086 5671; baseline 0 -15"><span class='ocrx_word' id='word_1_751' title='bbox 518 5600 720 5670; x_wconf 82' lang='lat' dir='ltr'><strong>ipsum,</strong></span> <span class='ocrx_word' id='word_1_752' title='bbox 770 5613 948 5669; x_wconf 88' lang='lat' dir='ltr'><strong>neque</strong></span> <span class='ocrx_word' id='word_1_753' title='bbox 985 5598 1104 5669; x_wconf 85' lang='lat' dir='ltr'><strong>ipse</strong></span> <span class='ocrx_word' id='word_1_754' title='bbox 1141 5597 1380 5670; x_wconf 90' lang='lat' dir='ltr'><strong>seipsum</strong></span> <span class='ocrx_word' id='word_1_755' title='bbox 1419 5614 1658 5671; x_wconf 89' lang='lat' dir='ltr'><strong>unquam</strong></span> <span class='ocrx_word' id='word_1_756' title='bbox 1691 5601 1996 5665; x_wconf 88' lang='lat' dir='ltr'><strong>accusavit,</strong></span> <span class='ocrx_word' id='word_1_757' title='bbox 2025 5611 2086 5656; x_wconf 89' lang='lat' dir='ltr'><strong>ut</strong></span> 
     </span>
    </p>
   </div>
   <div class='ocr_carea' id='block_1_105' title="bbox 633 5775 1079 5842">
    <p class='ocr_par' dir='ltr' id='par_1_105' title="bbox 633 5775 1079 5842">
     <span class='ocr_line' id='line_1_105' title="bbox 633 5775 1079 5842; baseline -0.004 -10"><span class='ocrx_word' id='word_1_758' title='bbox 633 5777 674 5806; x_wconf 80' lang='lat'>&quot;</span> <span class='ocrx_word' id='word_1_759' title='bbox 707 5775 866 5832; x_wconf 80' lang='lat' dir='ltr'><strong>Joan.</strong></span> <span class='ocrx_word' id='word_1_760' title='bbox 913 5791 950 5842; x_wconf 84' lang='lat' dir='ltr'><strong>l,</strong></span> <span class='ocrx_word' id='word_1_761' title='bbox 995 5775 1079 5831; x_wconf 75' lang='grc' dir='ltr'><strong>Μ.</strong></span> 
     </span>
    </p>
   </div>
   <div class='ocr_carea' id='block_1_106' title="bbox 2183 4590 3768 4664">
    <p class='ocr_par' dir='ltr' id='par_1_106' title="bbox 2183 4590 3768 4664">
     <span class='ocr_line' id='line_1_106' title="bbox 2183 4590 3768 4664; baseline -0.004 -16"><span class='ocrx_word' id='word_1_762' title='bbox 2183 4594 2402 4663; x_wconf 81' lang='grc' dir='ltr'>νῆσθαι</span> <span class='ocrx_word' id='word_1_763' title='bbox 2428 4593 2697 4648; x_wconf 81' lang='grc' dir='ltr'>διδάσκει</span> <span class='ocrx_word' id='word_1_764' title='bbox 2719 4593 2913 4664; x_wconf 76' lang='grc' dir='ltr'>λέγων</span> <span class='ocrx_word' id='word_1_765' title='bbox 2931 4606 2944 4620; x_wconf 88' lang='grc'><strong>·</strong></span> <span class='ocrx_word' id='word_1_766' title='bbox 2975 4611 2996 4642; x_wconf 78' lang='grc' dir='ltr'><strong>ι</strong></span> <span class='ocrx_word' id='word_1_767' title='bbox 3023 4592 3133 4647; x_wconf 77' lang='grc' dir='ltr'><strong>Καὶ</strong></span> <span class='ocrx_word' id='word_1_768' title='bbox 3171 4595 3204 4646; x_wconf 88' lang='grc' dir='ltr'><strong>ό</strong></span> <span class='ocrx_word' id='word_1_769' title='bbox 3244 4595 3433 4660; x_wconf 77' lang='grc' dir='ltr'>Λόγος</span> <span class='ocrx_word' id='word_1_770' title='bbox 3461 4590 3614 4660; x_wconf 76' lang='grc' dir='ltr'>σὰρξ</span> <span class='ocrx_word' id='word_1_771' title='bbox 3635 4590 3768 4660; x_wconf 60' lang='grc' dir='ltr'><strong>¹ἐπιθέ-</strong></span> 
     </span>
    </p>
   </div>
   <div class='ocr_carea' id='block_1_107' title="bbox 2183 4681 3768 4757">
    <p class='ocr_par' dir='ltr' id='par_1_107' title="bbox 2183 4681 3768 4757">
     <span class='ocr_line' id='line_1_107' title="bbox 2183 4681 3768 4757; baseline -0.004 -17"><span class='ocrx_word' id='word_1_772' title='bbox 2183 4703 2340 4740; x_wconf 86' lang='grc' dir='ltr'>νετο.</span> <span class='ocrx_word' id='word_1_773' title='bbox 2369 4705 2388 4737; x_wconf 85' lang='grc'><strong>›</strong></span> <span class='ocrx_word' id='word_1_774' title='bbox 2424 4681 2569 4757; x_wconf 68' lang='grc' dir='ltr'><strong>τΑρα</strong></span> <span class='ocrx_word' id='word_1_775' title='bbox 2609 4685 2809 4749; x_wconf 75' lang='grc' dir='ltr'>συνιεὶς</span> <span class='ocrx_word' id='word_1_776' title='bbox 2851 4683 2887 4738; x_wconf 77' lang='grc' dir='ltr'><strong>ἃ</strong></span> <span class='ocrx_word' id='word_1_777' title='bbox 2914 4685 3137 4754; x_wconf 83' lang='grc' dir='ltr'>γράφει,</span> <span class='ocrx_word' id='word_1_778' title='bbox 3171 4682 3346 4737; x_wconf 85' lang='grc' dir='ltr'>ταῦτα</span> <span class='ocrx_word' id='word_1_779' title='bbox 3370 4683 3447 4753; x_wconf 83' lang='grc' dir='ltr'><strong>τῷ</strong></span> <span class='ocrx_word' id='word_1_780' title='bbox 3474 4683 3588 4753; x_wconf 82' lang='grc' dir='ltr'>ἰδίῳ</span> <span class='ocrx_word' id='word_1_781' title='bbox 3621 4681 3768 4751; x_wconf 85' lang='grc' dir='ltr'>λόγῳ</span> 
     </span>
    </p>
   </div>
   <div class='ocr_carea' id='block_1_108' title="bbox 2188 4773 3773 4850">
    <p class='ocr_par' dir='ltr' id='par_1_108' title="bbox 2188 4773 3773 4850">
     <span class='ocr_line' id='line_1_108' title="bbox 2188 4773 3773 4850; baseline -0.002 -19"><span class='ocrx_word' id='word_1_782' title='bbox 2188 4779 2569 4850; x_wconf 84' lang='grc' dir='ltr'>προστίθησιν;</span> <span class='ocrx_word' id='word_1_783' title='bbox 2611 4777 2751 4845; x_wconf 87' lang='grc' dir='ltr'>Ἐγὼ</span> <span class='ocrx_word' id='word_1_784' title='bbox 2789 4779 2886 4847; x_wconf 84' lang='grc' dir='ltr'><strong>μὲν</strong></span> <span class='ocrx_word' id='word_1_785' title='bbox 2914 4778 3014 4836; x_wconf 84' lang='grc' dir='ltr'><strong>οὐκ</strong></span> <span class='ocrx_word' id='word_1_786' title='bbox 3045 4773 3198 4847; x_wconf 81' lang='grc' dir='ltr'>οἶμαι</span> <span class='ocrx_word' id='word_1_787' title='bbox 3223 4776 3314 4829; x_wconf 83' lang='grc' dir='ltr'><strong>τὸν</strong></span> <span class='ocrx_word' id='word_1_788' title='bbox 3347 4776 3508 4829; x_wconf 78' lang='grc' dir='ltr'>αὑτὸν</span> <span class='ocrx_word' id='word_1_789' title='bbox 3537 4775 3631 4829; x_wconf 72' lang='grc' dir='ltr'>καὶ</span> <span class='ocrx_word' id='word_1_790' title='bbox 3667 4775 3773 4846; x_wconf 81' lang='grc' dir='ltr'><strong>τὴν</strong></span> 
     </span>
    </p>
   </div>
   <div class='ocr_carea' id='block_1_109' title="bbox 2188 4864 3768 4937">
    <p class='ocr_par' dir='ltr' id='par_1_109' title="bbox 2188 4864 3768 4937">
     <span class='ocr_line' id='line_1_109' title="bbox 2188 4864 3768 4937; baseline -0.002 -18"><span class='ocrx_word' id='word_1_791' title='bbox 2188 4867 2391 4920; x_wconf 84' lang='grc' dir='ltr'>τούτων</span> <span class='ocrx_word' id='word_1_792' title='bbox 2427 4867 2626 4921; x_wconf 84' lang='grc' dir='ltr'>εἰδέναι</span> <span class='ocrx_word' id='word_1_793' title='bbox 2653 4867 2906 4927; x_wconf 86' lang='grc' dir='ltr'>διάνοιαν,</span> <span class='ocrx_word' id='word_1_794' title='bbox 2948 4867 3039 4919; x_wconf 76' lang='grc' dir='ltr'>καὶ</span> <span class='ocrx_word' id='word_1_795' title='bbox 3070 4866 3205 4937; x_wconf 80' lang='grc' dir='ltr'>πρὸς</span> <span class='ocrx_word' id='word_1_796' title='bbox 3237 4865 3328 4919; x_wconf 76' lang='grc' dir='ltr'>τὸν</span> <span class='ocrx_word' id='word_1_797' title='bbox 3360 4865 3626 4936; x_wconf 82' lang='grc' dir='ltr'>ἡμέτερον</span> <span class='ocrx_word' id='word_1_798' title='bbox 3653 4864 3768 4917; x_wconf 88' lang='grc' dir='ltr'>δια-</span> 
     </span>
    </p>
   </div>
   <div class='ocr_carea' id='block_1_110' title="bbox 2194 4947 3767 5027">
    <p class='ocr_par' dir='ltr' id='par_1_110' title="bbox 2194 4947 3767 5027">
     <span class='ocr_line' id='line_1_110' title="bbox 2194 4947 3767 5027; baseline -0.005 -17"><span class='ocrx_word' id='word_1_799' title='bbox 2194 4957 2462 5027; x_wconf 85' lang='grc' dir='ltr'>μάχεσθαι</span> <span class='ocrx_word' id='word_1_800' title='bbox 2489 4957 2665 5025; x_wconf 80' lang='grc' dir='ltr'>λόγον.</span> <span class='ocrx_word' id='word_1_801' title='bbox 2689 4956 2752 5007; x_wconf 88' lang='grc' dir='ltr'>Εἰ</span> <span class='ocrx_word' id='word_1_802' title='bbox 2786 4954 2895 5025; x_wconf 89' lang='grc' dir='ltr'><strong>γάρ</strong></span> <span class='ocrx_word' id='word_1_803' title='bbox 2920 4971 3001 5016; x_wconf 88' lang='grc' dir='ltr'><strong>τις</strong></span> <span class='ocrx_word' id='word_1_804' title='bbox 3030 4952 3273 5024; x_wconf 79' lang='grc' dir='ltr'>ἀκριϐῶς</span> <span class='ocrx_word' id='word_1_805' title='bbox 3309 4947 3660 5020; x_wconf 75' lang='grc' dir='ltr'>ἐπισκέψαιτο</span> <span class='ocrx_word' id='word_1_806' title='bbox 3696 4951 3767 5002; x_wconf 73' lang='grc' dir='ltr'>τὰ</span> 
     </span>
    </p>
   </div>
   <div class='ocr_carea' id='block_1_111' title="bbox 2189 5038 3768 5118">
    <p class='ocr_par' dir='ltr' id='par_1_111' title="bbox 2189 5038 3768 5118">
     <span class='ocr_line' id='line_1_111' title="bbox 2189 5038 3768 5118; baseline -0.006 -17"><span class='ocrx_word' id='word_1_807' title='bbox 2189 5048 2488 5118; x_wconf 85' lang='grc' dir='ltr'>λεγόμενα,</span> <span class='ocrx_word' id='word_1_808' title='bbox 2522 5045 2776 5115; x_wconf 82' lang='grc' dir='ltr'>οὐδεμίαν</span> <span class='ocrx_word' id='word_1_809' title='bbox 2810 5045 2869 5098; x_wconf 80' lang='grc' dir='ltr'>ὲν</span> <span class='ocrx_word' id='word_1_810' title='bbox 2900 5043 3109 5105; x_wconf 76' lang='grc' dir='ltr'>τούτοις</span> <span class='ocrx_word' id='word_1_811' title='bbox 3138 5043 3360 5113; x_wconf 84' lang='grc' dir='ltr'>εὑρήσει</span> <span class='ocrx_word' id='word_1_812' title='bbox 3394 5041 3530 5113; x_wconf 84' lang='grc' dir='ltr'>πρὸς</span> <span class='ocrx_word' id='word_1_813' title='bbox 3564 5038 3768 5109; x_wconf 75' lang='grc' dir='ltr'>ἄλληλα</span> 
     </span>
    </p>
   </div>
   <div class='ocr_carea' id='block_1_112' title="bbox 2189 5131 3768 5210">
    <p class='ocr_par' dir='ltr' id='par_1_112' title="bbox 2189 5131 3768 5210">
     <span class='ocr_line' id='line_1_112' title="bbox 2189 5131 3768 5210; baseline -0.007 -16"><span class='ocrx_word' id='word_1_814' title='bbox 2189 5141 2298 5194; x_wconf 84' lang='grc' dir='ltr'><strong>τῶν</strong></span> <span class='ocrx_word' id='word_1_815' title='bbox 2331 5157 2391 5193; x_wconf 87' lang='grc' dir='ltr'><strong>τε</strong></span> <span class='ocrx_word' id='word_1_816' title='bbox 2424 5141 2552 5210; x_wconf 85' lang='grc' dir='ltr'>παρ’</span> <span class='ocrx_word' id='word_1_817' title='bbox 2581 5138 2735 5208; x_wconf 84' lang='grc' dir='ltr'>ἡμῶν</span> <span class='ocrx_word' id='word_1_818' title='bbox 2765 5138 2858 5190; x_wconf 74' lang='grc' dir='ltr'><strong>καὶ</strong></span> <span class='ocrx_word' id='word_1_819' title='bbox 2889 5137 2998 5189; x_wconf 89' lang='grc' dir='ltr'><strong>τῶν</strong></span> <span class='ocrx_word' id='word_1_820' title='bbox 3031 5135 3162 5207; x_wconf 87' lang='grc' dir='ltr'>παρ’</span> <span class='ocrx_word' id='word_1_821' title='bbox 3193 5134 3400 5188; x_wconf 77' lang='grc' dir='ltr'>ἐκείνου</span> <span class='ocrx_word' id='word_1_822' title='bbox 3461 5131 3768 5203; x_wconf 85' lang='grc' dir='ltr'>λεγομένων</span> 
     </span>
    </p>
   </div>
   <div class='ocr_carea' id='block_1_113' title="bbox 2188 5223 3768 5302">
    <p class='ocr_par' dir='ltr' id='par_1_113' title="bbox 2188 5223 3768 5302">
     <span class='ocr_line' id='line_1_113' title="bbox 2188 5223 3768 5302; baseline -0.006 -17"><span class='ocrx_word' id='word_1_823' title='bbox 2188 5233 2287 5299; x_wconf 86' lang='grc' dir='ltr'><strong>τὴν</strong></span> <span class='ocrx_word' id='word_1_824' title='bbox 2320 5231 2519 5302; x_wconf 83' lang='grc' dir='ltr'>μάχην.</span> <span class='ocrx_word' id='word_1_825' title='bbox 2555 5231 2744 5300; x_wconf 84' lang='grc' dir='ltr'>Ἡμεῖς</span> <span class='ocrx_word' id='word_1_826' title='bbox 2769 5247 2830 5282; x_wconf 88' lang='grc' dir='ltr'><strong>τε</strong></span> <span class='ocrx_word' id='word_1_827' title='bbox 2858 5228 2966 5298; x_wconf 88' lang='grc' dir='ltr'>γὰρ</span> <span class='ocrx_word' id='word_1_828' title='bbox 3004 5228 3098 5281; x_wconf 62' lang='grc' dir='ltr'><strong>καλ⁸</strong></span> <span class='ocrx_word' id='word_1_829' title='bbox 3121 5227 3190 5280; x_wconf 81' lang='grc' dir='ltr'>τὰ</span> <span class='ocrx_word' id='word_1_830' title='bbox 3215 5225 3305 5279; x_wconf 82' lang='grc' dir='ltr'>διὰ</span> <span class='ocrx_word' id='word_1_831' title='bbox 3343 5223 3543 5295; x_wconf 83' lang='grc' dir='ltr'>σαρκὸς</span> <span class='ocrx_word' id='word_1_832' title='bbox 3571 5226 3768 5276; x_wconf 68' lang='grc' dir='ltr'>οἰκονορ</span> 
     </span>
    </p>
   </div>
   <div class='ocr_carea' id='block_1_114' title="bbox 2195 5315 3768 5395">
    <p class='ocr_par' dir='ltr' id='par_1_114' title="bbox 2195 5315 3768 5395">
     <span class='ocr_line' id='line_1_114' title="bbox 2195 5315 3768 5395; baseline -0.006 -19"><span class='ocrx_word' id='word_1_833' title='bbox 2195 5323 2433 5395; x_wconf 84' lang='grc' dir='ltr'>μηθέντα</span> <span class='ocrx_word' id='word_1_834' title='bbox 2477 5323 2596 5374; x_wconf 78' lang='grc' dir='ltr'>κατ’</span> <span class='ocrx_word' id='word_1_835' title='bbox 2632 5321 2766 5374; x_wconf 80' lang='grc' dir='ltr'>ἰδίαν</span> <span class='ocrx_word' id='word_1_836' title='bbox 2806 5321 3041 5392; x_wconf 84' lang='grc' dir='ltr'>ὁρῶμεν,</span> <span class='ocrx_word' id='word_1_837' title='bbox 3085 5319 3180 5372; x_wconf 69' lang='grc' dir='ltr'>καὶ</span> <span class='ocrx_word' id='word_1_838' title='bbox 3205 5318 3303 5387; x_wconf 85' lang='grc' dir='ltr'>τὴν</span> <span class='ocrx_word' id='word_1_839' title='bbox 3348 5317 3496 5370; x_wconf 89' lang='grc' dir='ltr'>θείαν</span> <span class='ocrx_word' id='word_1_840' title='bbox 3539 5315 3768 5385; x_wconf 85' lang='grc' dir='ltr'>δύναμιν</span> 
     </span>
    </p>
   </div>
   <div class='ocr_carea' id='block_1_115' title="bbox 2192 5408 3767 5485">
    <p class='ocr_par' dir='ltr' id='par_1_115' title="bbox 2192 5408 3767 5485">
     <span class='ocr_line' id='line_1_115' title="bbox 2192 5408 3767 5485; baseline 0.017 -23"><span class='ocrx_word' id='word_1_841' title='bbox 2192 5417 2276 5482; x_wconf 66' lang='grc' dir='ltr'><strong>ἐφ’</strong></span> <span class='ocrx_word' id='word_1_842' title='bbox 2317 5414 2514 5485; x_wconf 78' lang='grc' dir='ltr'>ἑαυτῆς</span> <span class='ocrx_word' id='word_1_843' title='bbox 2553 5412 2812 5482; x_wconf 78' lang='grc' dir='ltr'>νοοῦμεν·</span> <span class='ocrx_word' id='word_1_844' title='bbox 2852 5412 3057 5474; x_wconf 75' lang='grc' dir='ltr'>ἐκεῖνός</span> <span class='ocrx_word' id='word_1_845' title='bbox 3096 5429 3155 5464; x_wconf 87' lang='grc' dir='ltr'>τε</span> <span class='ocrx_word' id='word_1_846' title='bbox 3201 5408 3591 5481; x_wconf 73' lang='grc' dir='ltr'>παραπλησίως</span> <span class='ocrx_word' id='word_1_847' title='bbox 3635 5409 3767 5476; x_wconf 66' lang='grc' dir='ltr'><strong>ἡμῖν</strong></span> 
     </span>
    </p>
   </div>
   <div class='ocr_carea' id='block_1_116' title="bbox 2194 5500 3766 5577">
    <p class='ocr_par' dir='ltr' id='par_1_116' title="bbox 2194 5500 3766 5577">
     <span class='ocr_line' id='line_1_116' title="bbox 2194 5500 3766 5577; baseline -0.006 -16"><span class='ocrx_word' id='word_1_848' title='bbox 2194 5508 2282 5561; x_wconf 69' lang='grc' dir='ltr'>τὸν</span> <span class='ocrx_word' id='word_1_849' title='bbox 2315 5508 2371 5559; x_wconf 84' lang='grc' dir='ltr'><strong>ὲν</strong></span> <span class='ocrx_word' id='word_1_850' title='bbox 2395 5507 2535 5577; x_wconf 83' lang='grc' dir='ltr'>ἀρχῇ</span> <span class='ocrx_word' id='word_1_851' title='bbox 2560 5507 2728 5574; x_wconf 87' lang='grc' dir='ltr'>Λόγον</span> <span class='ocrx_word' id='word_1_852' title='bbox 2757 5507 2814 5557; x_wconf 84' lang='grc' dir='ltr'>ὲν</span> <span class='ocrx_word' id='word_1_853' title='bbox 2840 5505 3003 5576; x_wconf 75' lang='grc' dir='ltr'>σαρκὶ</span> <span class='ocrx_word' id='word_1_854' title='bbox 3032 5501 3446 5575; x_wconf 79' lang='grc' dir='ltr'>πεφανερῶσθαι</span> <span class='ocrx_word' id='word_1_855' title='bbox 3470 5500 3638 5569; x_wconf 87' lang='grc' dir='ltr'>λέγει,</span> <span class='ocrx_word' id='word_1_856' title='bbox 3670 5500 3766 5553; x_wconf 69' lang='grc' dir='ltr'><strong>καὶ</strong></span> 
     </span>
    </p>
   </div>
   <div class='ocr_carea' id='block_1_117' title="bbox 2192 5593 3772 5666">
    <p class='ocr_par' dir='ltr' id='par_1_117' title="bbox 2192 5593 3772 5666">
     <span class='ocr_line' id='line_1_117' title="bbox 2192 5593 3772 5666; baseline -0.004 -12"><span class='ocrx_word' id='word_1_857' title='bbox 2192 5601 2316 5655; x_wconf 72' lang='grc' dir='ltr'>οὔτε</span> <span class='ocrx_word' id='word_1_858' title='bbox 2359 5600 2513 5664; x_wconf 77' lang='grc' dir='ltr'>ἄλλος</span> <span class='ocrx_word' id='word_1_859' title='bbox 2559 5617 2644 5664; x_wconf 82' lang='grc' dir='ltr'><strong>τις</strong></span> <span class='ocrx_word' id='word_1_860' title='bbox 2693 5598 2875 5666; x_wconf 81' lang='grc' dir='ltr'>αὐτὸν,</span> <span class='ocrx_word' id='word_1_861' title='bbox 2918 5598 3044 5652; x_wconf 73' lang='grc' dir='ltr'>οὔτε</span> <span class='ocrx_word' id='word_1_862' title='bbox 3089 5596 3250 5661; x_wconf 75' lang='grc' dir='ltr'>αὐτὸς</span> <span class='ocrx_word' id='word_1_863' title='bbox 3287 5595 3477 5650; x_wconf 76' lang='grc' dir='ltr'>ἑαυτὸν</span> <span class='ocrx_word' id='word_1_864' title='bbox 3505 5593 3772 5666; x_wconf 74' lang='grc' dir='ltr'>ᾐτιάσατο</span> 
     </span>
    </p>
   </div>
  </div>
