4138 6364
312 383 412 436 703

1445 381 1727 437 CONTRA
1751 380 2145 448 EUNOMIUM,
2188 381 2314 435 LIB.
2363 380 2424 436 γ.

3461 382 3563 438 706

310 498 552 561 πώποτε,
588 497 664 561 ὡς
692 496 784 551 δύο
816 497 1019 567 Λόγους
1046 498 1411 570 κηρύσσοντα,
1446 503 1535 555 τόν
1563 521 1623 555 τε
1657 505 1714 556 ἐν
1746 504 1885 574 ἀρχῇ

2001 503 2101 556 duo
2127 501 2298 556 Verba
2329 501 2733 571 praedicantem,
2770 507 2825 554 et
2854 498 3001 569 quod
3036 500 3088 552 in
3122 499 3394 571 principio
3422 512 3564 570 erat,

311 590 464 652 ὅντα,
490 589 584 643 καὶ
614 587 705 642 τὸν
741 588 917 659 σάρκα
940 590 1247 660 γενόμενον.
1272 587 1392 643 Οἵδε
1424 592 1531 664 γάρ
1559 593 1775 656 πάντως
1807 595 1887 646 ὅτι

308 683 338 734 6
362 681 458 751 μὲν
486 680 654 748 Λόγος
680 683 707 733 6
735 681 895 744 αὑτός
926 683 1039 733 ἐστι
1064 681 1141 751 τῷ
1172 683 1348 751 Λόγῳ,
1372 686 1400 736 6
1431 686 1488 735 ὲν
1517 685 1679 754 σαρκὶ
1702 685 1888 752 φανεὶς

309 772 388 843 τῷ
420 772 555 843 πρὸς
575 772 707 826 Θεὸν
725 772 859 827 ὄντι.
892 774 954 827 Ἦ
974 774 1030 826 δὲ
1061 774 1196 850 σὰρξ
1215 776 1313 845 οὐχ
1334 777 1366 846 ὴ
1390 778 1527 846 αὑτὴ
1549 780 1613 847 τῇ
1641 777 1850 847 θεότητι
1873 795 1886 808 ·

312 866 443 936 πρὶν
477 865 901 936 μεταποιηθῆναι
944 867 1039 919 καὶ
1076 866 1280 938 ταύτην
1317 868 1453 936 πρὸς
1491 869 1588 939 τὴν
1637 869 1886 939 θεότητα,

311 957 387 1018 ὼς
420 955 477 1022 ἐξ
508 955 752 1026 ἀνάγκης
793 956 925 1010 ἄλλα
968 957 1066 1026 μὲν
1093 958 1424 1028 ἐφαρμόζειν
1450 958 1528 1029 τῷ
1558 959 1676 1031 Θεῷ
1706 961 1885 1031 Λόγῳ,

312 1047 474 1118 ἕτερα
501 1048 558 1100 δὲ
601 1050 666 1118 τῇ
703 1047 797 1100 τοῦ
841 1047 1028 1100 δούλου
1070 1051 1274 1119 μορφῇ.
1308 1050 1370 1101 Ei
1411 1045 1504 1103 οὖν
1544 1052 1750 1115 ἐκεῖνος
1788 1052 1890 1103 οὐκ

315 1138 535 1207 ἐγκαλεῖ
559 1137 703 1207 αὐτῷ
732 1137 821 1190 διὰ
848 1139 947 1209 τῆς
974 1138 1228 1209 τοιαύτης
1264 1140 1552 1210 ὁμολογίας
1579 1141 1687 1195 τῶν
1703 1142 1890 1209 Λόγων

312 1230 500 1296 δυάδα,
550 1231 665 1294 πῶς
709 1232 869 1301 ἡμεῖς
922 1230 1056 1301 πρὸς
1101 1231 1193 1285 δύο
1245 1233 1513 1303 Χριστοὺς
1558 1233 1889 1303 διαμερίζειν

313 1321 411 1393 τὴν
454 1321 634 1375 πίστιν
685 1319 1111 1390 διαϐαλλόμεθα;
1179 1322 1229 1372 σί
1277 1321 1368 1373 τὸν
1424 1324 1490 1375 ἐκ
1535 1322 1628 1374 τού
1684 1323 1888 1387 πάθους

317 1412 759 1483 ὑπερυψωθὲντα,
787 1412 973 1465 τοῦτον
1007 1411 1208 1481 Κύριόν
1234 1429 1291 1464 τε
1332 1415 1424 1465 καὶ
1464 1414 1695 1483 Χριστὸν
1728 1431 1889 1481 γεγε-

316 1502 505 1572 νῆσθαι
538 1501 805 1569 λέγοντες,
840 1501 927 1555 διὰ
953 1502 1051 1571 τῆς
1070 1502 1217 1572 πρὸς
1248 1502 1338 1553 τὸν
1368 1501 1535 1565 ὅντως
1560 1502 1762 1572 Κύριον
1794 1504 1890 1556 καὶ

315 1595 548 1665 Χριστὸν
577 1593 841 1659 ἐνώσεως,
864 1593 1065 1658 εἰδότες
1093 1594 1159 1647 δι’
1187 1587 1261 1647 ὧν
1294 1594 1716 1665 μεμαθήκαμεν,
1748 1596 1827 1649 ὅτι
1855 1599 1887 1667 ἡ

320 1685 418 1757 μὲν
462 1685 581 1739 θεία
630 1685 789 1755 φύσις
832 1686 917 1738 ἀεὶ
956 1685 1053 1755 μία
1104 1686 1198 1738 καὶ
1243 1688 1276 1755 ἡ
1315 1686 1452 1755 αὑτὴ
1492 1686 1584 1739 καὶ
1630 1685 1889 1751 ὡσαύτως

316 1773 513 1845 ἔχουσα
532 1793 544 1806 ·
586 1776 620 1846 ἡ
648 1774 705 1828 δὲ
745 1774 879 1844 σὰρξ
906 1774 1027 1827 καθ’
1056 1775 1253 1844 ἑαυτὴν
1286 1774 1383 1844 μέν
1416 1776 1531 1827 ἐστι
1560 1776 1734 1837 τοῦτο,
1755 1778 1890 1848 ὅπερ

1995 603 2048 649 et
2098 594 2241 663 quod
2296 595 2350 647 in
2403 608 2568 647 carne
2608 592 2810 646 factum
2852 601 2959 646 est.
3018 590 3177 646 Novit
3224 595 3370 648 enim
3408 611 3568 664 pron-

1996 699 2091 737 sus
2136 684 2275 737 idem
2316 682 2553 735 Verbum
2600 698 2746 744 esse,
2801 684 2945 751 quod
2988 684 3041 736 in
3098 698 3265 738 carne
3315 688 3567 755 apparuit

1995 790 2119 830 cum
2161 790 2228 829 eo
2272 774 2419 845 quod
2471 782 2587 827 erat
2623 772 2766 842 apud
2801 775 2991 827 Deum.
3039 773 3181 827 Caro
3226 783 3410 829 autem
3453 792 3563 831 non

1994 865 2181 919 eadem
2251 877 2335 919 est
2381 880 2503 919 cum
2566 864 2905 918 divinitate:
2958 864 3279 934 priusquam
3336 867 3450 921 hac
3497 869 3565 922 ad

1995 956 2330 1010 divinitatem
2365 957 2649 1019 transiret,
2698 963 2760 1009 ιιι
2781 956 3097 1011 necessario
3136 957 3317 1024 aliqua
3346 959 3563 1026 quidem

1997 1045 2105 1101 Deo
2135 1044 2315 1101 Verbo
2356 1054 2742 1117 congruerent,
2784 1048 2889 1102 alia
2926 1063 3056 1102 vero
3084 1047 3270 1102 forma:
3302 1051 3467 1104 servi.
3509 1048 3565 1104 Si

1996 1139 2160 1207 igitur
2209 1139 2298 1193 ille
2347 1154 2453 1194 non
2494 1140 2673 1208 ipsum
2721 1147 2947 1194 accusat
2996 1156 3091 1208 per
3137 1142 3299 1194 talem
3350 1142 3568 1197 confes-

1997 1229 2204 1281 sionem
2239 1226 2543 1283 Verborum
2587 1230 2907 1284 dualitatem
2964 1230 3241 1293 inducere,
3290 1235 3566 1301 quomodo

1997 1331 2096 1370 nos
2142 1318 2208 1371 ad
2262 1318 2399 1370 duos
2437 1316 2683 1373 Christos
2720 1318 2877 1373 fidem
2905 1320 3181 1389 dispertiri
3212 1338 3307 1389 per
3347 1325 3556 1378 calum-

1995 1408 2141 1461 niam
2178 1408 2448 1464 dicimur?
2489 1409 2581 1477 qtti
2643 1411 3105 1479 superexaItatum
3155 1428 3220 1467 ex
3278 1416 3557 1482 passione,

1994 1515 2118 1554 eum
2153 1500 2436 1554 Dominum
2474 1514 2526 1555 et
2544 1501 2833 1555 Christum
2864 1502 3063 1555 factum
3093 1520 3215 1558 esse
3246 1509 3562 1573 asserimus,

1994 1606 2093 1659 per
2127 1592 2388 1646 unionem
2416 1606 2537 1645 cum
2590 1607 2719 1646 vero
2751 1591 2982 1647 Domino
3015 1604 3069 1647 et
3116 1594 3354 1660 Christo,
3386 1599 3566 1653 scien-

1998 1690 2079 1738 tes
2117 1698 2183 1737 ex
2219 1684 2285 1738 iis
2313 1698 2435 1752 quas
2467 1682 2785 1746 didicimus,
2821 1687 2965 1753 quod
2994 1687 3176 1740 divina
3218 1690 3433 1757 quidem
3467 1706 3566 1744 na-

1996 1780 2119 1825 tura
2173 1789 2387 1843 semper
2444 1788 2550 1827 una
2606 1775 2907 1844 eademque
2955 1786 3008 1829 et
3049 1777 3237 1832 eodem
3288 1780 3448 1834 modo
3506 1797 3567 1838 se

316 1865 723 1936 καταλαμϐάνει
756 1866 885 1936 περὶ
914 1865 1082 1935 αὐτῆς
1105 1866 1132 1917 6
1161 1864 1317 1934 λόγος
1342 1883 1401 1917 τε
1435 1866 1527 1918 καὶ
1556 1868 1588 1936 ἡ
1620 1866 1891 1935 αἴσθησις·

2001 1863 2195 1929 habet;
2228 1880 2360 1917 caro
2398 1880 2529 1919 vero
2562 1880 2660 1935 per
2684 1867 3036 1937 semetipsam
3072 1872 3172 1923 hoc
3207 1872 3425 1939 quidem
3457 1882 3563 1937 est,

316 1956 681 2026 ἀνακραθεῖσα
720 1955 776 2008 δὲ
814 1956 950 2025 πρὸς
977 1955 1035 2007 τὸ
1056 1955 1228 2018 Θεῖον,
1264 1956 1445 2007 οὐκέτι
1475 1958 1533 2009 ἐν
1561 1959 1673 2020 τοῖς
1696 1957 1893 2027 ἑαυτῆς

315 2048 463 2119 ὅροις
490 2066 550 2100 τε
577 2049 669 2101 καὶ
693 2048 944 2118 ίδιώμασι
974 2047 1144 2117 μένει,
1174 2046 1308 2099 ἀλλά
1328 2047 1463 2118 πρὸς
1484 2048 1544 2099 τὸ
1566 2048 1893 2117 ἐπικρατοῦν

316 2155 378 2193 τε
408 2140 499 2193 καὶ
531 2141 797 2212 ὑπερέχον
820 2139 1273 2211 ἀναλαμϐάνεται.
1296 2142 1548 2210 Διαμένει
1577 2141 1632 2192 δὲ
1658 2141 1895 2210 ἀσύγχυ-

318 2247 410 2294 τος
435 2231 543 2284 τῶν
572 2248 630 2283 τε
654 2232 753 2302 τῆς
779 2232 981 2302 σαρκὸς
1009 2234 1103 2285 καὶ
1125 2233 1232 2286 τῶν
1254 2231 1352 2301 τῆς
1389 2230 1637 2303 θεότητος
1676 2232 1896 2301 ἰδιωμά-

320 2338 429 2374 των
455 2325 488 2393 ἡ
523 2322 741 2393 Θεωρία,
773 2323 877 2385 ἓως
910 2324 976 2376 ἂν
1018 2326 1100 2392 ἐφ’
1134 2324 1339 2377 ἑαυτῶν
1380 2323 1661 2393 θεωρεῖται
1694 2323 1894 2375 τούτων

323 2412 597 2481 ἑκάτερον·
621 2407 730 2464 οἷόν
758 2430 808 2464 τι
832 2412 1025 2481 λέγων·
1060 2412 1118 2466 Ὀ
1139 2413 1309 2481 Λόγος
1329 2413 1436 2483 πρὸ
1455 2414 1561 2466 τῶν
1578 2412 1784 2467 αἰώνων
1804 2409 1891 2484 ἦν·

321 2504 354 2571 ή
381 2502 516 2571 σὰρξ
539 2502 595 2554 δὲ
627 2504 719 2555 ἐπὶ
746 2501 853 2555 τῶν
882 2504 1125 2573 ἐσχάτων
1148 2504 1362 2572 ἐγένετο
1394 2504 1619 2575 χρόνων.
1649 2504 1757 2557 Καὶ
1798 2505 1895 2557 οὐκ

323 2594 387 2645 ἄν
415 2609 497 2654 τις
523 2593 866 2663 ἀναστρέψας
904 2593 1067 2660 εἴποι,
1095 2595 1127 2665 ἢ
1158 2595 1360 2663 ταύτην
1387 2593 1707 2665 προαιώνιον
1734 2589 1893 2658 εἶναι,

322 2682 357 2754 ἢ
387 2685 445 2736 ὲν
485 2686 600 2747 τοῖς
637 2684 883 2755 ἐσχάτοις
929 2686 1258 2757 γεγενῆσθαι
1286 2688 1376 2739 τὸν
1404 2688 1595 2755 Λόγον.
1650 2687 1715 2739 Ἠ
1761 2685 1896 2757 σὰρξ

323 2778 635 2847 παθητικῆς
665 2779 783 2831 ἐστι
810 2779 1048 2847 φύσεως·
1075 2779 1432 2851 ὲνεργητικῆς
1454 2780 1509 2832 δὲ
1532 2781 1558 2832 6
1579 2779 1768 2847 Λόγος.
1788 2780 1898 2832 Καὶ

323 2868 449 2923 οὔτε
476 2870 612 2940 αὑτὴ
636 2870 1002 2942 δημιουργικὴ
1022 2872 1128 2925 τῶν
1148 2871 1336 2935 όντων,
1368 2870 1492 2923 οὕτε
1525 2873 1557 2940 ἡ
1595 2870 1781 2940 θεότης
1802 2888 1900 2922 πα-

325 2961 551 3033 θητικὴν
575 2962 688 3032 ἔχει
711 2964 808 3035 τὴν
845 2962 1089 3034 δύναμιν.
1135 2963 1232 3015 Ἐν
1257 2962 1415 3032 ἀρχῇ
1442 2963 1592 3031 πρὸς
1618 2962 1723 3016 τὸν
1752 2963 1900 3015 Θεὸν

326 3053 360 3106 c‘
387 3052 594 3121 Λόγος⁹
625 3053 683 3104 ὲν
716 3055 781 3122 τῇ
815 3051 907 3105 τοῦ
939 3051 1165 3106 θανάτου
1199 3052 1363 3123 πείρᾳ
1413 3054 1440 3104 6
1466 3052 1766 3123 ἄνθρωπος’
1806 3052 1900 3104 καὶ

325 3141 450 3197 οὔτε
483 3143 541 3207 ἐξ
570 3144 735 3197 ἀϊδίου
758 3143 819 3196 τό
849 3142 1225 3215 ἀνθρώπινον,
1258 3143 1381 3197 οὔτε
1412 3144 1604 3214 θνητὸν
1636 3144 1697 3196 τὸ
1725 3144 1896 3197 Θεῖον.

1993 1955 2138 2022 quod
2173 1954 2239 2008 de
2267 1956 2381 2023 ipsa
2419 1957 2671 2025 ratioque
2698 1965 2751 2011 et
2782 1972 2976 2013 sensus
3007 1963 3269 2026 assumit;
3304 1964 3397 2019 sed
3438 1981 3562 2020 cum

1994 2045 2277 2101 divinitate
2318 2054 2625 2117 temperata
2661 2065 2770 2103 non
2801 2052 3033 2119 amplius
3065 2054 3115 2106 in
3167 2055 3282 2110 suis
3318 2058 3563 2114 terminis

1993 2146 2047 2189 et
2075 2138 2498 2205 proprietatibus
2526 2148 2728 2201 manet,
2760 2143 2853 2196 sed
2884 2144 2951 2196 ad
2988 2144 3039 2197 id
3068 2146 3211 2213 quod
3236 2151 3491 2215 praevalet
3512 2160 3568 2205 et

1995 2227 2370 2294 supereminet
2392 2230 2716 2285 assumitur.
2736 2230 2930 2286 Carnis
2967 2242 3147 2289 tamen
3177 2245 3230 2290 et
3264 2238 3567 2297 divinitatis

1995 2317 2387 2386 proprietatum
2447 2320 2734 2375 inconfusa
2798 2335 3078 2391 permanet
3133 2331 3564 2399 contemplatio,

1996 2409 2235 2476 quandiu
2294 2410 2352 2463 in
2398 2427 2456 2466 se
2512 2413 2649 2482 ipsis
2703 2413 2896 2467 horum
2946 2422 3236 2486 utrumque
3267 2428 3567 2488 spectatur:

1996 2501 2101 2555 tale
2133 2502 2260 2570 quid
2292 2502 2483 2559 dicens
2525 2521 2538 2556 :
2576 2503 2815 2559 Verbum
2848 2516 2972 2561 aute
3003 2510 3202 2563 saecula
3244 2519 3394 2575 erat,
3435 2528 3567 2575 caro

1995 2604 2129 2645 vero
2171 2590 2230 2644 in
2276 2594 2542 2649 extremis
2591 2596 2930 2664 temporibus
2978 2599 3116 2651 facta
3161 2608 3263 2654 est.
3305 2600 3415 2655 Nec
3435 2605 3567 2671 quis

2003 2690 2371 2739 retrovertens
2405 2684 2625 2750 dixerit,
2666 2688 2749 2741 vel
2805 2688 2945 2742 hanc
2977 2697 3103 2743 ante
3141 2694 3338 2745 szecula
3372 2692 3564 2761 fuisse,

2000 2774 2081 2828 vel
2122 2773 2174 2827 in
2204 2776 2515 2831 novissimis
2554 2779 2889 2846 temporibus
2918 2778 3155 2835 Verbum
3189 2784 3387 2838 factum
3419 2802 3564 2843 esse.

1998 2864 2139 2917 Caro
2179 2866 2423 2932 patibilis
2452 2875 2536 2921 est
2562 2875 2800 2934 naturae;
2832 2872 3054 2923 verbum
3081 2882 3259 2927 autem
3295 2884 3378 2930 est
3399 2893 3568 2947 agen-

2001 2954 2091 3009 tis.
2138 2954 2323 3025 Neque
2370 2958 2487 3025 ipsa
2533 2967 2615 3013 est
2657 2975 2844 3013 eorum
2886 2977 3008 3030 qure
3057 2973 3184 3017 sunt
3231 2966 3409 3034 opifex
3452 2969 3567 3023 sive

2001 3048 2297 3111 conditrix,
2336 3064 2513 3118 neque
2582 3050 2839 3105 divinitas
2882 3053 2987 3106 vim
3049 3056 3324 3123 patibilem
3379 3060 3565 3116 habet.

2004 3135 2068 3191 In
2107 3140 2362 3207 principio
2406 3138 2543 3206 apud
2599 3140 2761 3195 Deum
2812 3153 2929 3197 erat
2986 3142 3238 3199 Verbum:
3269 3149 3321 3202 in
3378 3154 3570 3209 mortis

328 3235 435 3287 Καὶ
460 3234 527 3288 τὰ
558 3235 691 3289 ἄλλα
729 3237 904 3290 πάντα
937 3236 1077 3289 κατά
1118 3237 1209 3289 τὸν
1248 3238 1409 3290 αὐτὸν
1455 3236 1737 3308 θεωρεῖται
1774 3236 1897 3307 τρό-

2001 3229 2372 3297 experimento
2424 3238 2506 3283 est
2555 3230 2755 3286 homo:
2794 3246 2969 3301 neque
3017 3235 3084 3288 ab
3128 3245 3331 3293 aeterno
3379 3240 3569 3297 huma~

329 3342 431 3379 πον
450 3343 462 3357 ·
490 3326 611 3379 οὕτε
637 3328 888 3390 ζωοποιεῖ
913 3327 1003 3380 τὸν
1025 3327 1275 3399 Λάζαρον
1305 3330 1339 3399 ἡ
1369 3327 1684 3398 ἀνθρωπίνη
1715 3326 1897 3396 φύσις,

327 3418 452 3472 οὔτε
491 3419 713 3491 δακρύει
744 3420 833 3472 τὸν
866 3420 1115 3488 κείμενον
1164 3422 1198 3491 ὴ
1246 3420 1462 3489 ἀπαθὴς
1497 3420 1743 3485 ἐξουσία,
1787 3419 1900 3472 ἀλλ’

333 3508 458 3562 ἴδιον
489 3510 582 3563 τοῦ
615 3512 713 3581 μὲν
766 3510 1052 3580 ἀνθρώπου
1099 3512 1160 3564 τὸ
1200 3512 1475 3580 δάκρυονέ
1500 3514 1533 3582 ἡ
1572 3512 1628 3564 δὲ
1662 3512 1773 3583 ζωὴ
1804 3514 1902 3582 τῆς

329 3605 496 3665 ὄντως
542 3603 716 3674 ζωῆς·
761 3604 821 3655 ού
860 3605 1047 3674 τρέφει
1080 3602 1176 3666 τάς
1214 3604 1456 3673 χιλιάδας
1502 3606 1534 3672 ἡ
1589 3602 1901 3673 ἀνθρωπίνη

332 3694 594 3764 πτωχεία,
635 3693 757 3747 οὔτε
785 3693 966 3763 τρέχει
994 3693 1087 3747 ἐπὶ
1113 3692 1210 3763 τὴν
1238 3694 1406 3763 συκῆν
1436 3696 1470 3763 ἡ
1502 3693 1906 3764 παντοδύναμος

333 3785 570 3850 ἐξουσία.
609 3785 703 3847 Τίς
732 3788 759 3838 6
790 3785 996 3838 κοπιῶν
1023 3788 1087 3838 ὲκ
1119 3785 1217 3854 τῆς
1242 3783 1545 3855 ὁδοιπορίας
1565 3825 1578 3847 ,
1623 3784 1715 3837 καὶ
1757 3784 1840 3847 τίς
1878 3786 1906 3836 6

335 3871 551 3935 ἀπόνως
588 3871 706 3925 ὅλον
737 3871 827 3925 τὸν
858 3872 1060 3942 κόσμον
1099 3873 1409 3939 ὑποστήσας
1438 3872 1515 3942 τῷ
1542 3872 1719 3943 λόγῳ;
1753 3874 1817 3925 Τί
1849 3875 1909 3927 τὸ

335 3960 437 4031 τῆς
484 3961 640 4030 δόξης
688 3962 1060 4032 ἀπαύγασμα;
1111 3962 1176 4014 Τί
1237 3962 1299 4014 τὸ
1350 3965 1461 4023 τοῖς
1505 3961 1653 4031 ἣλοις
1702 3962 1911 4015 διαπει-

337 4052 605 4122 ρόμενον;
646 4053 781 4105 Ποία
833 4052 1014 4123 μορφὴ
1054 4053 1145 4104 ἐπὶ¹
1191 4050 1284 4104 τοῦ
1340 4050 1543 4114 πάθους
1591 4052 1906 4122 ραπίζεται,

338 4142 432 4195 καὶ
486 4141 613 4195 ποία
658 4141 718 4207 ἐξ
756 4143 928 4196 ἀϊδίου
972 4142 1284 4208 δοξάζεταις
1335 4143 1543 4214 φανερά
1587 4142 1694 4211 γὰρ
1740 4144 1911 4197 ταῦτα

340 4230 443 4285 κί’-ν
507 4233 580 4303 μή
635 4249 717 4294 τις
777 4233 1157 4304 ὲφερμηνεύσῃ
1210 4231 1289 4301 τῷ
1351 4232 1526 4301 λόγῳ,
1559 4232 1638 4284 ὅτι
1704 4234 1758 4285 αἱ
1814 4233 1912 4303 μὲν

340 4323 548 4395 πληγαὶ
593 4324 687 4377 τοῦ
720 4324 905 4377 δούλου
926 4364 940 4385 ,
978 4326 1034 4377 ὲν
1063 4317 1107 4392 ᾧ
1142 4327 1171 4377 6
1206 4325 1481 4394 Δεσπότης
1502 4339 1517 4354 ο
1553 4326 1608 4377 αἱ
1658 4324 1714 4377 δὲ
1759 4326 1914 4394 τιμαὶ

338 4415 434 4468 τοῦ
485 4415 754 4467 Δεσπότου
802 4415 931 4485 περὶ
974 4416 1032 4467 ὂν
1068 4418 1096 4467 6
1136 4414 1351 4478 δοῦλος·
1393 4414 1467 4477 ώς
1511 4413 1597 4466 διὰ
1647 4414 1740 4484 τὴν
1790 4432 1912 4467 συν-

2003 3319 2146 3373 nitas
2196 3326 2301 3384 est,
2358 3334 2533 3382 neque
2585 3319 2843 3375 divinitas
2895 3330 2979 3375 est
3027 3328 3294 3382 mortalis.
3352 3329 3414 3382 Et
3461 3332 3569 3387 alia

2003 3413 2184 3465 omnia
2214 3411 2401 3465 eodem
2434 3412 2595 3465 modo
2623 3419 2972 3480 spectantur;
3006 3430 3181 3484 neque
3211 3417 3442 3473 humana
3474 3438 3571 3475 na-

2004 3511 2125 3553 tura
2187 3500 2424 3553 vivificat
2478 3499 2765 3561 Lazarum,
2832 3518 3008 3570 neque
3066 3503 3338 3573 jacentem
3395 3511 3572 3579 plorat

2006 3593 2324 3661 impatibilis
2367 3600 2631 3661 potestas.
2680 3592 2786 3647 Sed
2832 3593 3070 3648 hominis
3120 3599 3337 3667 propria
3375 3609 3459 3653 est
3489 3602 3572 3654 la-

2006 3699 2225 3754 cryma;
2280 3684 2389 3738 vita
2436 3699 2564 3737 vero
2603 3691 2688 3737 est
2736 3684 2861 3738 vitae
2904 3700 3025 3753 quae
3071 3702 3257 3741 revera
3301 3698 3404 3744 est.
3452 3690 3572 3747 Non

2009 3775 2246 3831 humana
2284 3773 2607 3826 mendicitas
2639 3773 2817 3842 pascit
2848 3774 3019 3826 multa
3048 3774 3328 3830 hominum
3368 3780 3573 3847 millia;

2010 3881 2120 3919 non
2172 3865 2241 3918 ad
2297 3864 2456 3918 licutn
2516 3866 2690 3917 currit
2742 3866 3089 3934 omnipotens
3136 3876 3399 3936 potestas.
3438 3870 3574 3938 Quis

2013 3956 2270 4028 fatigatur
2298 3972 2365 4010 ex
2410 3956 2627 4018 itinere,
2664 3963 2717 4009 et
2746 3956 2870 4025 quis
2902 3958 3108 4028 absque
3147 3960 3333 4017 labore
3360 3965 3578 4021 univer-

2010 4064 2129 4102 sum
2201 4047 2465 4100 mundum
2503 4047 2670 4100 verbo
2698 4049 2998 4105 subsistere
3029 4050 3196 4105 facit?
3224 4052 3359 4118 Quis
3392 4058 3579 4125 gloriae

2011 4139 2305 4210 splendor?
2347 4138 2487 4205 Quid
2532 4141 2677 4209 quod
2727 4141 2894 4197 clavis
2920 4150 3004 4197 est
3036 4145 3410 4202 transﬁxum?
3445 4149 3577 4216 Quae

2012 4230 2181 4287 facies
2226 4232 2280 4285 in
2331 4232 2584 4302 passione
2633 4233 2879 4302 colaphis
2924 4234 3223 4303 infligitur?
3277 4247 3331 4292 et
3360 4256 3481 4310 qua:
3510 4245 3579 4296 ab

2012 4332 2215 4376 aeterno
2257 4322 2626 4393 glorificatur?
2674 4321 2800 4377 H2ec
2830 4325 2976 4377 enim
3011 4332 3140 4377 sunt
3165 4326 3333 4391 clara,
3364 4330 3579 4386 etiamsi

2013 4415 2139 4483 quis
2185 4427 2437 4467 sermone
2494 4428 2599 4466 non
2650 4413 2926 4483 explicet,
2976 4413 3121 4482 quod
3159 4417 3329 4487 plaga:
3375 4430 3427 4474 et
3458 4437 3583 4476 ver-

342 4509 536 4578 ἀφειάν
571 4525 627 4560 τε
663 4509 755 4559 καὶ
792 4508 1065 4577 συμφυΐαν
1094 4505 1253 4559 κοινά
1296 4504 1538 4574 γίνεσθαι
1563 4505 1827 4575 ἑκατέρας
1848 4507 1897 4560 τὲ

2016 4506 2144 4558 hera
2187 4512 2315 4558 sunt
2348 4504 2511 4569 servi,
2567 4505 2620 4557 in
2653 4521 2761 4574 quo
2805 4505 3102 4573 Dominus;
3135 4509 3369 4565 honores
3402 4520 3580 4567 autem

341 4598 647 4669 ἀμφότερα,
669 4594 763 4649 τοῦ
790 4597 1059 4648 Δεσπότου
1085 4596 1208 4659 τοὺς
1234 4596 1509 4658 δουλικοὺς
1535 4594 1805 4666 μώλωπας
1831 4599 1897 4659 εὶς

2017 4596 2250 4657 Domini,
2303 4595 2451 4649 circa
2511 4610 2671 4664 quem
2722 4610 2962 4650 servus:
3026 4597 3097 4650 ita
3150 4605 3208 4650 ut
3271 4615 3368 4668 per
3429 4615 3584 4655 com-

342 4690 530 4743 ἑαυτὸν
563 4687 1046 4759 ἀναλαμϐάνοντος,
1074 4687 1171 4740 καὶ
1195 4686 1289 4739 τοῦ
1312 4687 1495 4740 δούλου
1521 4690 1586 4759 τῇ
1614 4690 1897 4759 Δεσποτικξ

2015 4703 2202 4757 pagem
2229 4693 2281 4741 et
2304 4702 2499 4740 nexum
2537 4686 2836 4740 naturalem
2868 4688 3176 4741 communia
3211 4688 3341 4742 ﬁant
3376 4691 3583 4745 utrius-

341 4780 691 4850 δοξαζομένου
716 4782 849 4850 τιμῇ
870 4796 884 4811 ο
914 4778 1000 4831 διά
1033 4779 1187 4831 τοῦτο
1213 4780 1319 4849 γὰρ
1339 4779 1433 4831 καὶ
1461 4778 1552 4832 τοῦ
1584 4780 1787 4850 Κυρίου
1816 4780 1897 4850 τῆς

2013 4793 2119 4846 que
2153 4784 2405 4846 utraque,
2426 4775 2657 4829 Domino
2693 4776 2918 4829 serviles
2943 4775 3153 4830 vibices
3180 4787 3511 4843 assumente,
3532 4788 3586 4834 et

342 4870 499 4941 δόξης
527 4874 554 4924 6
586 4872 815 4942 σταυρὸς
844 4871 1078 4938 λέγεται,
1110 4872 1204 4922 καὶ
1233 4873 1380 4924 πᾶσα
1417 4870 1635 4940 γλῶσσα
1672 4871 1897 4942 ὲξομολο

2014 4881 2171 4921 servo
2196 4865 2480 4920 Dominico
2519 4866 2725 4919 honore
2745 4865 3047 4934 glorificato
3071 4884 3085 4920 :
3119 4867 3188 4921 ob
3214 4882 3331 4921 eam
3364 4884 3584 4923 causam

344 4965 541 5028 γεῖται,
586 4964 665 5015 ὅτι
699 4961 895 5032 Κύριος
936 4960 1141 5031 Ἰησοῦς
1186 4960 1421 5030 Χριστὸς
1468 4961 1547 5024 είς
1589 4960 1744 5025 δόξαν
1780 4960 1897 5014 Θεοί

2013 4959 2158 5014 enim
2191 4967 2244 5012 et
2268 4956 2482 5012 Domini
2502 4955 2685 5026 gloria:
2715 4971 2848 5010 crux
2866 4955 3089 5020 dicitur,
3115 4963 3166 5009 et
3196 4959 3373 5012 omnis
3404 4959 3585 5029 lingua

345 5056 580 5126 Πατρός.
1624 5124 1627 5125 ν
2017 5050 2325 5111 confitetur,
2374 5050 2500 5119 quia
2538 5047 2800 5103 Dominus
2840 5046 3001 5103 Jesus
3053 5048 3302 5104 Christus
3331 5050 3385 5105 in
3415 5052 3587 5122 gloria

2018 5150 2102 5196 est
2145 5141 2237 5196 Dei
2278 5141 2457 5195 Patris
2509 5143 2574 5197 ‘9.
3422 5158 3423 5161 ‘

417 5232 480 5284 Εἰ
509 5232 563 5284 δὲ
591 5230 695 5304 χρὴ
724 5233 817 5285 καὶ
843 5230 910 5285 τὰ
930 5231 1092 5287 λοιπά
1123 5232 1263 5287 κατά
1285 5234 1375 5287 τὸν
1396 5232 1557 5287 αὐτὸν
1577 5232 1767 5285 διελεῖν
1795 5233 1897 5304 τρόι

2092 5232 2250 5298 Quod
2300 5232 2346 5287 si
2375 5241 2588 5302 Oportet
2626 5234 2832 5300 reliqua
2866 5234 3026 5288 etiam
3062 5234 3250 5289 eodem
3284 5235 3446 5289 modo
3476 5234 3591 5290 dis-

348 5341 465 5389 πον,
507 5323 854 5393 σκεψώμεθα,
886 5324 936 5377 τί
966 5324 1026 5376 τὸ
1057 5325 1396 5395 ἀποθνῆσκον
1418 5365 1433 5389 ,
1465 5325 1557 5378 καὶ
1582 5325 1635 5377 τί
1666 5325 1726 5376 τὸ
1756 5342 1895 5378 κατα

2021 5325 2289 5393 tinguere,
2322 5323 2735 5379 consideremus
2766 5324 2894 5393 quid
2923 5325 3068 5393 quod
3095 5325 3347 5389 moritur,
3377 5334 3431 5380 et
3460 5328 3589 5396 quid

348 5414 475 5469 λύον
500 5416 588 5469 τὸν
618 5417 877 5471 θάνατον·
920 5416 972 5469 τί
1006 5416 1067 5469 τὸ
1106 5416 1592 5488 ἀνακαινούμενον⁹
1634 5418 1729 5471 καὶ
1769 5418 1821 5470 τί
1860 5420 1897 5469 τέ

2024 5414 2170 5485 quod
2223 5424 2450 5469 mortem
2504 5415 2799 5469 dissolvit:
2846 5417 2977 5486 quid
3018 5417 3179 5471 etiam
3217 5416 3271 5471 id
3323 5419 3466 5487 quod
3501 5436 3590 5474 re-

352 5505 692 5577 κενούμενον.
720 5505 982 5561 Κενοῦται
1019 5507 1114 5577 μὲν
1147 5508 1255 5579 γὰρ
1281 5510 1314 5581 ἡ
1345 5506 1553 5577 θεότης,
1587 5509 1672 5561 ἵνα
1701 5507 1920 5578 χωρητὴ

349 5598 416 5668 τῇ
445 5596 758 5668 ἀνθρωπίνῃ
788 5595 943 5665 φύσει
977 5596 1215 5667 γένηται·
1248 5597 1627 5651 ἀνακαινοῦται
1652 5597 1707 5651 δὲ
1738 5597 1799 5651 τὸ
1828 5598 1921 5651 ἀν-

428 5801 467 5830 ¹⁹
498 5798 733 5868 Philipp.
755 5810 815 5866 tt,
840 5796 924 5853 li.

2024 5513 2281 5570 novatur,
2320 5513 2373 5561 et
2395 5505 2525 5574 quid
2554 5507 2701 5576 quod
2730 5508 3066 5562 exinanitur.
3101 5507 3425 5562 Exinanitur
3445 5511 3589 5565 enim

2025 5596 2302 5661 divinitas,
2342 5605 2402 5649 ut
2443 5595 2564 5666 capi
2604 5598 2777 5665 possit
2819 5597 2873 5651 in
2930 5597 3170 5654 humana
3215 5607 3456 5656 natura:
3505 5614 3591 5658 re-
