4138 6364
540 374 545 379 ι
561 341 662 403 707

1806 325 1865 399 ‘s.
1908 314 2237 398 carebat!
2270 313 2567 394 διεξειλίὶ

3710 320 3821 377 708

560 476 792 523 novatur
830 460 958 520 vero
1002 439 1147 534 quod
1179 452 1478 517 humanum
1505 446 1611 525 est,
1644 476 1765 514 cum
1802 460 1861 515 ﬁt
1895 461 2138 514 divinum

2247 456 2539 529 θρώπινον,
2580 453 2668 508 διὰ
2699 453 2795 523 τῆς
2828 425 2962 523 πρδς
2994 448 3054 504 rb
3079 445 3234 502 Θεῖον
3277 420 3633 516 ἀνακράσεως
3679 443 3831 496 θεῖον

561 577 658 632 per
682 557 1134 628 temperationem
1163 571 1287 611 cum
1316 555 1628 612 Divinitate.
1664 554 2133 620 Quemadmodum

561 653 711 708 enim
756 665 852 706 aer
906 650 1021 705 sive
1068 644 1301 718 spiritus
1344 646 1399 701 in
1450 660 1592 715 aqua
1647 661 1756 699 non
1801 647 2136 707 continetur,

565 760 692 799 cum
738 743 925 811 aliquo
967 740 1204 811 graviori
1234 744 1466 807 ‘corpore
1500 738 1795 792 conclusus
1832 746 1886 792 et
1915 746 2136 811 contra7

563 846 688 891 ctus
740 835 794 889 in
848 848 1006 902 aqua:
1049 804 1422 899 profunditate
1459 828 1685 884 relictus
1723 828 1908 892 fuerit,
1940 829 2032 884 sed
2070 804 2137 882 ad

564 934 857 999 cognatum
906 925 1011 980 sibi
1054 916 1291 977 recurrit
1340 922 1693 992 principium.
1750 921 1908 991 Aqua
1957 920 2137 974 autem

565 1036 708 1091 saepe
760 1034 882 1075 cum
940 1031 1169 1071 recursu
1216 1010 1446 1085 spiritus
1501 1014 1791 1075 attollitur,
1847 1014 1902 1067 in
1953 1005 2139 1067 subtili

563 1111 798 1182 quadam
843 1116 898 1163 et
939 1111 993 1162 in
1035 1108 1255 1161 modum
1295 1105 1625 1160 membrana:
1670 1104 1817 1159 tenui
1852 1103 2142 1173 superﬁcie

565 1203 714 1258 aerio
760 1198 970 1254 circulo
1015 1199 1298 1252 incurvata
1338 1192 1351 1250 ξ
1401 1196 1481 1250 sic
1530 1196 1695 1250 etiam
1746 1188 1879 1249 vera
1923 1195 2033 1249 vita
2084 1195 2139 1248 in

564 1308 730 1349 carne
779 1291 888 1347 sita
936 1289 1003 1345 ad
1057 1290 1292 1358 seipsam
1338 1295 1462 1358 post
1509 1288 1821 1356 passionem
1879 1302 2003 1341 cum
2051 1298 2140 1341 re-

565 1384 739 1440 currit
776 1402 789 1438 :
822 1382 987 1438 etiam
1030 1396 1162 1435 caro
1213 1395 1335 1448 qua:
1386 1378 1593 1432 circum
1654 1378 1827 1447 ipsam
1876 1392 1906 1431 a
1956 1376 2140 1430 divina

566 1474 980 1531 immortalitate
1013 1473 1067 1526 in
1098 1471 1264 1524 altqu
1312 1470 1523 1524 sublata
1557 1474 1662 1534 est,
1711 1483 1741 1521 a
1788 1466 2141 1536 corruptione

566 1566 632 1621 ad
663 1566 717 1621 id
746 1565 892 1636 quod
923 1571 1007 1619 est
1041 1561 1456 1630 iucorruptibile
1480 1574 1703 1615 sursum
1734 1559 2043 1629 compulsa.
2078 1557 2143 1611 Et

566 1656 1027 1728 quemadmodum
1081 1654 1135 1709 in
1192 1653 1338 1723 ligno
1394 1651 1539 1723 ignis
1595 1652 1738 1705 intra
1796 1649 2140 1719 superﬁciem

567 1751 823 1808 conditus
841 1757 895 1804 et
927 1749 1163 1817 sopitus,
1187 1740 1489 1800 videntium
1518 1745 1603 1799 vel
1630 1740 1967 1814 [augentium
2004 1740 2140 1795 fallit

2238 548 2540 618 γινόμενον.
2600 546 2686 609 Ὠς
2714 544 2824 613 γὰρ
2864 542 2922 596 οὐ
2954 541 3234 612 κρατεῖται
3274 537 3490 605 πνεῦμα
3536 536 3591 587 ἐν
3644 531 3827 594 ὕδατι,

2237 639 2367 693 ὅταν
2413 638 2523 692 τινὶ
2558 638 2666 691 τῶν
2721 634 3037 707 βαρυτέρων
3091 626 3578 699 συγκατασπασθέν
3625 627 3831 678 ἐναπο-

2238 729 2429 800 λειφθῇ
2468 729 2545 801 τῷ
2594 728 2748 799 βάθει
2794 726 2889 780 τοῦ
2939 724 3151 786 ὕδατος,
3188 721 3302 775 ἀλλ’
3336 719 3433 797 ἐπὶ
3467 716 3528 769 rb
3563 713 3831 783 συγγενὲς

2240 824 2546 895 ἀνατρέχει·
2594 820 2655 875 τὸ
2701 820 2759 874 δὲ
2797 820 2938 889 ὕδωρ
2988 816 3247 877 πολλάκις
3291 810 3357 882 τῇ
3404 809 3681 880 ἀναδρομῇ
3728 806 3829 859 τοῦ

2241 910 2990 985 πνεύματος-συνεπαίρεται,
3019 910 3075 961 ἐν
3104 906 3272 974 λεπτῇ
3303 920 3406 955 τινι
3440 901 3533 959 καὶ
3560 896 3832 969 ύμενὼδει

2238 1010 2305 1078 τῇ
2340 996 2629 1075 ἐπιφανείᾳ
2662 1003 2887 1075 ἀερώδει
2913 1000 3098 1069 κύκλῳ
3125 992 3454 1067 περικυρτού
3466 990 3623 1061 μενον
3641 1006 3652 1018 ·
3683 988 3832 1040 οὕτω

2243 1101 2337 1172 καὶ
2363 1098 2463 1167 τῆς
2490 1095 2751 1167 ἀληθινῆς
2774 1094 2917 1162 ζωῆς
2938 1093 3035 1163 τῆς
3063 1086 3386 1159 ἐγκειμένης
3407 1087 3472 1153 τῇ
3502 1082 3661 1153 σαρκὶ
3688 1077 3833 1150 πρὸς

2242 1171 2439 1259 ἑαυτὴν
2486 1188 2624 1258 μετὰ
2664 1187 2727 1240 τὸ
2758 1185 2929 1249 πάθος
2972 1177 3428 1252 ἀναδραμούσης·
3480 1174 3575 1227 καὶ
3612 1175 3646 1243 ἡ
3696 1171 3833 1250 περὶ

2244 1285 2412 1355 αὐτὴν
2458 1280 2594 1354 σὰρξ
2635 1277 2947 1351 συνεπῄρθη
2996 1275 3100 1330 ὑπὸ
3134 1268 3232 1342 τῆς
3275 1269 3461 1339 θεῖκῆς
3508 1263 3831 1326 ἀθανασίας,

2244 1376 2350 1429 ἀπὸ
2372 1378 2469 1446 τῆς
2495 1374 2701 1444 φθορᾶς
2732 1368 3134 1424 συνανωσθεῖσα
3167 1366 3258 1417 ἐπὶ
3296 1362 3357 1416 τὸ
3390 1359 3683 1431 ἄφθαρτον.
3717 1356 3833 1408 Καὶ

2243 1468 2432 1537 ὥσπερ
2461 1466 2522 1520 rb
2557 1467 2614 1518 ἐν
2646 1462 2726 1536 τῷ
2765 1462 2907 1534 ξύλῳ
2946 1460 3059 1530 πῦρ
3094 1458 3245 1520 ἐντὸς
3278 1454 3538 1516 πολλάκις
3569 1452 3667 1522 τῆς
3710 1451 3832 1502 ἐπι-

2245 1558 2469 1637 φανείας
2495 1554 2867 1625 κρυπτόμενον
2886 1594 2902 1618 ,
2941 1549 3192 1623 λανθάνει
3221 1546 3330 1600 τῶν
3376 1544 3625 1615 ὁρώντων
3656 1542 3688 1612 ἦ
3719 1540 3833 1593 τῶν

2242 1636 2565 1721 ἁπτομένων
2590 1647 2688 1720 τὴν
2717 1646 2963 1715 αἴσθησιν
2986 1659 3000 1673 ⁸
3026 1639 3552 1709 ἀναζωπυρούμενον
3581 1636 3637 1688 δὲ
3665 1651 3831 1703 φανε-

2246 1743 2432 1815 ροῦται
2453 1758 2466 1771 °
2497 1739 2671 1802 οὕτως
2703 1737 2797 1791 καὶ
2839 1738 2897 1789 ἐν
2926 1734 3005 1805 τῷ
3048 1733 3263 1801 Θανάτῳ
3293 1730 3351 1784 ὃν
3382 1722 3675 1805 πεποίηται
3706 1725 3831 1780 κατ’

568 1856 713 1908 saepe
757 1854 1013 1904 sensum;
1059 1834 1358 1892 suscitatus
1407 1842 1589 1890 autem
1647 1840 1912 1903 apparet:
1959 1831 2041 1886 sic
2086 1830 2141 1885 in

2247 1835 2487 1901 ἐξουσίαν
2512 1836 2539 1887 ὁ
2565 1830 2848 1908 διαζεύξας
2880 1829 2977 1898 τὴν
3005 1825 3182 1897 ψυχὴν
3214 1818 3323 1877 ἀπὸ
3360 1819 3453 1875 τοῦ
3495 1817 3765 1889 σώματος,
3802 1817 3832 1869 ὁ

567 1941 764 1997 morte,
814 1946 980 2002 quam
1012 1929 1142 1985 fecit
1174 1944 1275 1999 pro
1302 1942 1401 1982 sua
1445 1934 1740 2003 potestate,
1775 1925 1867 1994 qui
1905 1923 2141 1977 animam

568 2040 724 2080 suam
764 2037 795 2077 a
843 2037 1073 2091 corpore
1120 2018 1411 2090 disjunxit.
1442 2034 1566 2073 cum
1601 2017 1668 2072 ad
1700 2016 1919 2071 Patrem
1962 2014 2140 2068 dixit:

567 2114 756 2179 Pater,
799 2113 892 2166 tibi
940 2113 995 2165 in
1032 2112 1222 2165 mahus
1256 2108 1559 2163 commendo
1590 2108 1835 2176 spiritum
1868 2121 2037 2159 meum
2061 2098 2141 2170 ‘°;

567 2207 683 2279 qui,
734 2205 876 2261 sicut
914 2202 1073 2268 dixit,
1128 2200 1453 2271 potestatem
1503 2200 1667 2254 habet
1727 2199 1925 2252 iterum
1970 2196 2144 2265 ipsam

568 2297 817 2354 sumendi
854 2313 869 2347 :
912 2294 1005 2349 hic
1056 2292 1385 2348 confusione
1428 2304 1553 2362 qua:
1587 2292 1656 2346 ab
1698 2287 2015 2345 horninibus
2061 2292 2147 2341 est

566 2396 903 2460 contempta,
944 2386 1073 2457 quia
1124 2387 1195 2441 sit
1242 2385 1508 2439 Dominus
1561 2382 1771 2453 gloriae,
1817 2379 1981 2436 veluti
2021 2379 2147 2432 vita:

567 2484 625 2540 in
662 2490 858 2537 natura
880 2478 1129 2548 corporis
1159 2482 1415 2531 contecto
1442 2474 1786 2530 suscitabulo
1806 2513 1821 2537 ,
1859 2473 1974 2526 sive
2003 2469 2145 2540 igni-

568 2573 727 2640 culo,
776 2572 833 2626 in
885 2568 1298 2639 dispensatione
1327 2565 1632 2621 secundum
1670 2572 1904 2617 mortem
1946 2576 2146 2615 rursus

570 2667 841 2730 accendit,
878 2675 932 2720 et
966 2662 1254 2719 suscitavit
1282 2660 1525 2731 potentia
1565 2672 1679 2713 sua:
1719 2655 1965 2719 deitatis,
2000 2655 2145 2725 quod

572 2758 955 2813 mortiﬁcatum
1004 2761 1125 2810 erat
1165 2753 1442 2816 refovens,
1492 2760 1545 2806 et
1588 2752 1669 2805 sic
1704 2750 1760 2804 in
1814 2748 2013 2804 divinae
2050 2755 2147 2817 po-

572 2850 753 2905 tentiae
801 2846 1154 2912 inﬁnitatem,
1197 2846 1364 2900 breve
1418 2843 1551 2899 illud
1595 2848 1805 2897 naturae
1851 2850 2055 2895 nostrae
2084 2840 2149 2893 li—

570 2942 885 2997 bamentum
928 2954 1055 2993 cum
1104 2937 1325 3000 infudit,
1378 2936 1523 3007 quod
1570 2936 1790 3007 quidem
1840 2936 1956 3006 ipse
2006 2941 2144 3000 erat,

571 3034 677 3089 hoc
723 3044 777 3089 et
829 3031 963 3087 illud
1020 3030 1171 3096 iecit,
1214 3032 1464 3086 serVilem
1516 3028 1769 3091 formam,
1810 3010 2144 3081 Dominum:

568 3136 624 3183 et
662 3126 938 3181 hominem
984 3140 1050 3179 ex
1095 3123 1263 3176 Maria
1304 3130 1514 3185 natum,
1558 3120 1869 3185 Christum;
1918 3127 1972 3173 et
2019 3134 2147 3173 cru-

574 3218 796 3272 ciﬁxum
827 3232 892 3271 ex
921 3214 1318 3280 imbecillitate,
1350 3214 1515 3266 vitam
1543 3220 1597 3267 et
1626 3211 1922 3280 potentiam
1947 3228 1959 3261 :
1982 3218 2148 3279 atque

568 3310 751 3363 munia
781 3321 1121 3378 quaecunque
1146 3307 1201 3360 in
1231 3305 1343 3360 Deo
1376 3304 1555 3359 Verbo
1586 3305 1672 3375 pie
1707 3302 2146 3366 considerantur,

568 3402 731 3456 etiam
760 3402 813 3454 in
844 3407 1127 3469 assumpto
1158 3413 1188 3451 a
1222 3395 1404 3452 Verbo
1434 3395 1661 3451 faciens.
1707 3393 1785 3448 lta
1824 3404 1884 3449 ut
1914 3409 2022 3447 non
2056 3404 2150 3462 per

568 3489 894 3544 divisionem
941 3487 1296 3557 peculiariter
1343 3486 1397 3539 in
1434 3492 1663 3553 utroque
1704 3483 1819 3536 haec
1862 3482 2151 3537 videantur

569 3595 713 3642 esse,
762 3579 855 3633 sed
911 3592 1035 3631 cum
1075 3576 1361 3631 divinitate
1399 3573 1815 3643 temperatione,
1847 3571 2148 3625 secundum

571 3669 626 3725 id
663 3669 809 3739 quod
867 3667 1267 3738 prarpotentius
1315 3672 1401 3721 est
1471 3671 1715 3719 recreata
1770 3660 2149 3730 corruptibilis

572 3771 789 3823 natura.
832 3760 1089 3830 potentiae
1140 3757 1364 3813 deitatis
1409 3756 1683 3827 particeps
1729 3754 1872 3809 facta
1923 3754 2016 3816 sit,
2083 3757 2143 3805 ut

572 3857 619 3910 si
652 3856 788 3925 quis
823 3854 992 3915 dicat,
1043 3852 1180 3906 aceti
1216 3858 1420 3919 guttam
1459 3858 1612 3903 vasto
1653 3847 1790 3902 mari
1832 3847 2146 3910 immistam,

571 3956 670 4018 per
694 3946 1008 4017 huiusmodi
1040 3944 1352 4001 mistionem
1386 3944 1551 3998 maris
1569 3941 2146 4012 qualitatesinduisse,

573 4041 700 4111 quia
736 4056 842 4094 non
883 4038 1120 4108 amplius
1156 4036 1457 4092 secundum
1488 4040 1740 4087 naturam
1775 4031 1939 4101 hujus
1971 4030 2149 4100 liquo-

573 4133 652 4187 ris
687 4132 926 4203 qualitas
955 4131 1007 4184 iu
1052 4128 1422 4183 tmmensitate
1446 4122 1799 4196 praepotentis
1828 4122 2146 4176 immaueat.

575 4223 669 4278 Sic
718 4232 905 4277 noster
953 4233 1137 4274 sermo
1182 4232 1291 4272 non
1341 4229 1628 4270 numerum
1673 4212 2039 4274 Christorum,
2090 4221 2150 4263 ut

573 4314 898 4368 criminatur
944 4310 1266 4370 Eunomius,
1320 4306 1415 4362 sed
1453 4306 1709 4360 unionem
1749 4304 1988 4359 hominis
2024 4319 2149 4357 cum

574 4405 686 4460 Deo
728 4403 1024 4464 afﬁrmans,
1068 4400 1316 4455 mortalis
1344 4412 1467 4452 cum
1498 4396 1816 4459 immortali,
1850 4396 1993 4451 servi
2024 4410 2148 4449 cum

2244 1926 2412 1983 εἰπὼν
2449 1927 2584 1999 πρὸς
2612 1925 2703 1977 rbv
2738 1922 2866 1975 ἴδιον
2913 1919 3160 1990 Πατέρα,
3218 1918 3300 1971 ὅτι
3346 1915 3442 1968 Ἐν
3479 1915 3608 1978 ταῖς
3658 1910 3835 1980 χερσί

2244 2024 2360 2075 σου
2384 2017 2739 2087 παρατίθημι
2773 2014 2836 2068 τὸ
2871 2011 3103 2081 πνεῦμά
3131 2027 3251 2080 μου
3277 2024 3290 2038 ο
3330 2008 3379 2074 ὀ,
3421 2004 3601 2067 καθώς
3645 2012 3831 2071 φησιν,

2243 2097 2489 2180 ἐξουσίαν
2534 2110 2671 2180 έχων
2720 2107 2881 2162 πάλιν
2910 2105 3097 2159 λαϐεῖν
3128 2090 3301 2171 αὐτὴν
3335 2139 3351 2165 ,
3381 2090 3535 2172 οὗτος
3572 2098 3600 2149 ὁ
3635 2094 3736 2165 τῆς
3774 2093 3835 2173 ἐν

2243 2202 2548 2276 ἀνθρώποις
2578 2200 2837 2272 αἰσχύνης
2869 2194 3293 2268 καταφρονήσας
3312 2231 3327 2256 ,
3347 2190 3446 2271 ,διὰ
3472 2182 3532 2242 rb
3562 2182 3697 2241 εἶναι
3731 2183 3836 2254 τῆς

2242 2298 2400 2368 δόξης
2434 2295 2632 2367 Κύριος
2658 2333 2672 2358 ,
2715 2291 2877 2345 οἱονεὶ
2923 2287 3274 2359 συγκαλύψας
3308 2282 3369 2338 rb
3408 2282 3509 2351 τῆς
3540 2279 3684 2350 ζωῆς
3731 2280 3832 2347 ἐμ-

2245 2389 2501 2459 πύρευμα
2542 2389 2608 2458 τῇ
2663 2383 2822 2454 φύσει
2859 2380 2952 2435 τοῦ
3008 2377 3297 2449 σώματος,
3350 2376 3407 2428 ἐν
3454 2376 3519 2443 τῇ
3556 2369 3696 2451 κατά
3744 2368 3837 2421 τὸν

2245 2484 2475 2537 θάνατον
2508 2476 2809 2547 οἰκονομίᾳ,
2843 2473 3003 2528 πάλιν
3032 2469 3205 2542 ἀνῆψέ
3232 2485 3292 2522 τε
3323 2466 3419 2545 καὶ
3442 2461 3835 2533 ἀνεξωπύρησε

2243 2575 2312 2644 τῇ
2363 2570 2589 2641 δυνάμει
2640 2568 2740 2637 τῆς
2797 2565 2931 2627 ἰδίας
2984 2560 3257 2632 θεότητος.
3294 2552 3353 2613 rb
3394 2554 3666 2625 νεκρωθὲν
3703 2554 3838 2605 ἀνα-

2247 2665 2472 2735 θάλψας,
2508 2663 2601 2715 καὶ
2637 2660 2806 2721 οῦτως
2841 2656 2919 2728 τῷ
2960 2654 3174 2725 ἀπείρῳ
3203 2652 3302 2722 τῆς
3335 2649 3517 2718 θεῖκῆς
3552 2645 3836 2716 δυνάμεως

2246 2759 2344 2829 τὴν
2389 2757 2646 2827 βραχεῖαν
2696 2742 2911 2819 ἐκείνην
2963 2743 3064 2817 τῆς
3116 2738 3329 2812 φύσεως
3381 2740 3539 2811 ἡμῶν
3580 2737 3837 2807 ἀπαρχὴν

2247 2826 2481 2920 ἀναχέας
2500 2850 2514 2879 δ
2544 2848 2679 2916 ὅπερ
2720 2842 2881 2905 αὐτὸς
2912 2835 3001 2911 ἦν,
3034 2836 3189 2891 τοῦτο
3219 2836 3438 2888 κάκεῖνο
3466 2830 3709 2900 ἐποίησε,
3734 2826 3836 2897 τὴν

2247 2919 2501 3009 δουλικὴν
2538 2934 2752 3008 μορφὴν
2792 2933 3027 3002 Κύριον·
3069 2929 3164 2983 καὶ
3198 2928 3287 2980 τὸν
3318 2922 3606 3009 ἀνθρωπον
3640 2919 3732 2972 τὸν
3770 2919 3837 2970 ἐκ

2248 3002 2470 3103 Μαρίας
2504 3002 2768 3100 Χριστόνο
2806 3026 2901 3077 καὶ
2929 3022 3019 3075 τὸν
3049 3002 3430 3089 σταυρωθέντα
3464 3012 3524 3077 ἐξ
3551 3010 3837 3072 ἀσθενείας

2252 3124 2395 3195 ζωὴν
2421 3123 2513 3177 καὶ
2552 3120 2813 3191 δύναμιν·
2847 3117 2941 3170 καὶ
2977 3115 3153 3168 πάντα
3187 3113 3286 3165 ὅσα
3326 3111 3383 3161 ἐν
3418 3106 3495 3177 τῷ
3528 3105 3646 3175 Θεῷ
3676 3105 3839 3173 Λόγῳ

2252 3217 2394 3272 κατά
2419 3215 2479 3269 τὸ
2508 3213 2725 3275 εὐσεϐὲς
2774 3211 3094 3281 θεωρεῖται,
3143 3197 3237 3259 καὶ
3274 3205 3330 3256 ἐν
3367 3200 3445 3272 τῷ
3476 3198 3839 3269 ὰναληφθέντι

2249 3307 2401 3380 παρὰ
2442 3305 2536 3359 τοῦ
2588 3288 2764 3370 Λόγου
2799 3301 3048 3369 ποιήσας.
3107 3297 3194 3359 Ὠς
3242 3293 3315 3364 μὴ
3378 3290 3520 3344 κατά
3568 3288 3837 3357 διαίρεσιν

2253 3401 2557 3464 ἰδιαζόντως
2584 3398 2666 3465 ἐφ’
2698 3384 2956 3464 ἐκατέρου
2991 3389 3163 3443 ταῦτα
3200 3382 3379 3439 δοκεῖν
3418 3380 3574 3447 εἶναι,
3608 3380 3743 3435 ἀλλὰ

2248 3492 2384 3562 πρὸς
2416 3489 2477 3542 τὸ
2511 3489 2663 3541 Θείον
2706 3483 3004 3555 ἀνακράσει
3057 3479 3197 3533 κατά
3234 3477 3295 3530 rb
3338 3472 3665 3546 ἐπικρατοῦν
3701 3473 3837 3525 ἀνα-

2250 3581 2563 3651 ποιηθεῖσαν
2592 3578 2688 3647 τὴν
2723 3576 2986 3644 ἐπίκηρον
3015 3568 3176 3641 φύσιν
3197 3609 3212 3633 ,
3253 3564 3575 3638 μεταλαϐεῖν
3610 3562 3708 3634 τὴν
3735 3563 3837 3632 τῆς

2250 3662 2498 3740 θεότητος
2528 3665 2756 3736 δύναμιν
2780 3703 2796 3726 ,
2830 3660 2906 3725 ὼς
2945 3663 2998 3715 εἴ
3020 3678 3103 3724 τις
3134 3660 3313 3727 λέγοι,
3348 3658 3430 3710 ὅτι
3471 3656 3569 3725 τὴν
3602 3653 3838 3721 σταγόνα

2248 3761 2344 3815 τοῦ
2371 3760 2525 3825 ὄξους
2553 3757 2916 3829 ἐμμιχθείσαν
2945 3752 3023 3821 τῷ
3049 3751 3293 3818 πελάγει,
3325 3747 3598 3803 θάλασσαν
3623 3747 3655 3816 ὴ
3690 3742 3838 3815 μίξις

2250 3850 2504 3915 ἐποίωσε,
2536 3848 2615 3918 τῷ
2668 3846 2864 3918 μηκέτι
2901 3845 3000 3911 τὴν
3054 3841 3195 3895 κατά
3234 3839 3394 3910 φύσιν
3437 3837 3696 3907 ποιότητα
3739 3833 3837 3887 τοῦ

2251 3942 2419 4013 ὑγρου
2450 3938 2639 3992 τούτου
2668 3939 2725 3990 ἐν
2758 3937 2822 4007 τῇ
2859 3934 3084 4005 ἀπειρίᾳ
3112 3930 3206 3985 τοῦ
3241 3928 3662 4001 ἐπικρατοῦντος
3697 3943 3837 3995 συμ-

2253 4033 2470 4103 μένειν
2513 4029 2688 4092 οὓτως
2728 4028 2756 4081 ὁ
2786 4027 3054 4097 ἡμέτερος
3090 4024 3246 4092 λόγος
3285 4022 3384 4074 οὐκ
3426 4017 3657 4090 ἀριθμὸν
3698 4018 3837 4086 Χρι-

2252 4124 2413 4187 στῶν,
2435 4116 2616 4185 καθὼς
2642 4120 2940 4189 κατηγορεῖ
2974 4118 3001 4169 ὁ
3033 4115 3321 4186 Εύνόμιος,
3357 4112 3492 4166 ἀλλὰ
3526 4111 3717 4163 ἕνωσιν
3739 4108 3837 4160 τοῦ

2251 4212 2539 4289 ἀνθρώπου
2570 4212 2705 4285 πρὸς
2735 4212 2796 4263 τὸ
2830 4210 2982 4264 Θεῖον
3016 4207 3353 4280 πρεσϐεύων,
3379 4204 3478 4275 τὴν
3515 4202 3608 4256 τοῦ
3639 4201 3837 4271 θνητοῦ

2250 4311 2385 4381 πρὸς
2416 4309 2475 4361 τὸ
2502 4307 2789 4368 ἀθάνατον,
2824 4304 2916 4356 καὶ
2949 4302 3046 4371 τὴν
3072 4300 3166 4353 τοῦ
3206 4298 3392 4351 δούλου
3430 4296 3566 4367 πρὸς
3602 4294 3693 4347 τὸν
3719 4292 3835 4346 Κύ-

2256 4416 2389 4471 ριον,
2415 4400 2509 4451 καὶ
2534 4397 2631 4469 τὴν
2653 4397 2750 4466 τῆς
2774 4393 3046 4466 ἁμαρτίας
3075 4390 3212 4463 πρὸς
3230 4391 3327 4459 τὴν
3349 4386 3717 4456 δικαιοσύνην,
3740 4386 3836 4437 καὶ

574 4494 828 4557 Domino,
886 4491 1093 4560 peccati
1146 4504 1269 4543 cum
1302 4488 1554 4559 justitia;
1594 4485 1995 4561 exsecrationis
2024 4500 2145 4540 cum

2252 4488 2350 4563 τὴν
2416 4493 2515 4559 τῆς
2580 4489 2823 4559 κατάρας
2875 4485 3011 4558 πρὸς
3048 4485 3180 4555 ’τὴν
3239 4480 3525 4550 εὐλογίαν,
3578 4479 3673 4532 καὶ
3736 4478 3837 4547 τὴν

573 4586 986 4652 benedictione;
1042 4583 1282 4638 hominis
1327 4595 1452 4635 cum
1486 4579 1708 4634 Christo
1737 4579 2151 4634 transmutatio-

574 4694 723 4743 nem,
777 4679 1047 4730 facturam
1102 4674 1386 4728 nominat.
1417 4672 1553 4738 Quis
1598 4670 1763 4740 igitur
1800 4670 2153 4741 schphantis

576 4771 905 4841 relinquitur
930 4769 1146 4824 sermo?
1163 4765 1317 4833 Quod
1346 4779 1448 4820 nos
1469 4765 1607 4820 duos
1630 4762 1879 4818 Chi-istos
1900 4762 2154 4832 dogmate

574 4868 767 4916 nostro
812 4859 1172 4929 praedicemus
1218 4875 1230 4910 :
1285 4856 1333 4910 si
1386 4871 1508 4910 eum
1550 4854 1645 4925 qui
1695 4870 1725 4908 a
1774 4854 2041 4924 principio
2079 4854 2155 4906 in-

575 4952 887 5007 creabiliter
942 4958 1025 5005 est
1074 4950 1127 5002 in
1182 4947 1362 5013 Patre,
1407 4945 1699 5000 Dominum
1743 4953 1798 5001 et
1847 4943 2149 5007 Christum,

574 5052 631 5100 et
677 5042 915 5097 Verbum
965 5041 1132 5095 Deum
1185 5039 1388 5093 factum
1435 5052 1557 5093 esse
1595 5051 1877 5107 negamus.
1926 5035 2149 5091 Beatum

575 5148 707 5191 vero
734 5133 952 5190 Petrum
982 5133 1223 5187 breviter
1251 5129 1553 5185 secundum
1584 5144 1803 5183 carnem
1832 5128 2147 5199 mysterium

578 5227 754 5282 obiter
786 5225 1252 5280 demonstrantem
1304 5212 1508 5285 dicere,
1562 5220 1859 5275 secundum
1893 5229 2017 5276 ante
2053 5218 2149 5274 de-

474 5310 479 5317 ’
578 5326 933 5374 monstratam
971 5314 1406 5384 intelligentiam,
1438 5312 1804 5366 detinivimus.
1837 5310 1974 5377 Quia
2006 5310 2151 5376 quod

576 5426 645 5466 ex
683 5408 1059 5463 imbecillitate
1105 5403 1429 5460 cruciﬁxum
1478 5413 1583 5465 est,
1631 5412 1685 5456 et
1715 5403 1891 5473 ipsum
1934 5412 2152 5473 propter

577 5501 960 5573 prmvalentem
1012 5496 1372 5552 inhabitantis
1422 5495 1718 5564 potentiam
1774 5494 1907 5550 illud
1946 5493 2147 5549 factum

578 5602 684 5659 est,
733 5593 878 5663 quod
928 5592 1019 5646 ille
1066 5591 1158 5661 qui
1218 5589 1541 5643 iuliabitavit
1572 5596 1656 5641 cst
1710 5594 1762 5641 et
1815 5589 2145 5652 nominatur,

576 5688 835 5746 Christus
875 5693 931 5740 et
974 5683 1257 5744 Dominus,
1309 5681 1450 5735 sicut
1500 5678 1758 5734 diximus.

653 5802 696 5833 ²⁰
724 5801 856 5858 Luc.
902 5816 1059 5868 χχιιι,
1117 5800 1220 5866 46;
1268 5795 1411 5854 Psal.
1449 5811 1578 5861 xxx,
1613 5796 1667 5849 6.

2253 4582 2349 4636 τοῦ
2388 4576 2674 4653 ἀνθρώπου
2728 4579 2862 4652 πρὸς
2908 4577 2999 4631 τὸν
3049 4575 3282 4646 Χριστὸν
3329 4572 3835 4643 μεταστοιχείωσιν,

2256 4673 2476 4743 ποίησιν
2540 4670 2840 4744 ὀνομάζων.
2900 4671 2998 4733 Τίς
3057 4665 3152 4722 οῦν
3199 4667 3279 4721 ἔτι
3316 4669 3427 4731 τοῖς
3476 4666 3837 4734 συκοφάνταις

2253 4765 2605 4819 ὑπολείπεται
2642 4763 2833 4831 λόγος;
2878 4763 2966 4825 Ὠς
3009 4758 3102 4814 δύο
3148 4758 3417 4830 Χριστοὺς
3458 4756 3616 4827 ἡμῶν
3660 4758 3718 4809 ἐν
3759 4756 3837 4825 τῷ

2254 4857 2483 4926 δόγματι
2517 4854 2917 4927 κηρυσσόντων,
2949 4854 2997 4904 εί
3031 4850 3120 4904 τὸν
3149 4850 3209 4915 ἐξ
3247 4850 3419 4922 ἀρχῆς
3461 4848 3731 4910 ἀκτίστως
3771 4848 3839 4901 ἐκ

2256 4945 2350 5000 τοῦ
2378 4945 2587 5016 [ἰατρὸς
2611 4945 2757 5007 ὄντα,
2784 4944 2988 5014 Κύριον
3017 4944 3111 4996 καὶ
3140 4938 3388 5013 Χριστὸν.
3426 4939 3519 4993 καὶ
3545 4932 3716 5005 Λόγον
3744 4936 3839 4989 καὶ

2257 5038 2389 5091 Θεὸν
2410 5039 2471 5090 ού
2503 5036 2732 5106 λέγομεν
2755 5033 3100 5104 πεποιῆσθαι.
3130 5033 3232 5085 Τὸν
3254 5032 3310 5084 δὲ
3341 5031 3609 5101 μακάριον
3634 5028 3837 5097 Πέτρον

2256 5133 2314 5183 ἐν
2349 5129 2540 5201 βραχεῖ
2571 5127 2630 5180 τὸ
2669 5124 2809 5179 κατὰ
2844 5125 2943 5194 τὴν
2982 5124 3160 5195 σάρκα
3197 5123 3494 5193 μυστήριον
3528 5117 3837 5190 παρώικῶς

2257 5217 2661 5285 ἐνδεικνύμενον
2689 5216 2869 5283 λέγειν
2906 5212 3271 5283 διοριζόμεθα,
3298 5211 3439 5265 κατά
3465 5210 3564 5282 τὴν
3596 5226 3837 5281 προαπο-

2249 5308 2593 5380 δεδειγμένην
2645 5307 2899 5361 διάνοιαν.
2949 5307 3072 5360 ’Ότι
3109 5306 3169 5359 τὸ
3210 5303 3522 5376 σταυρωθὲν
3569 5302 3628 5369 ἐξ
3678 5300 3837 5355 ἀσθεο

2249 5401 2416 5465 νείας,
2469 5402 2561 5452 καὶ
2599 5400 2727 5451 αὐτὸ
2771 5398 2859 5451 διὰ
2918 5397 3015 5468 τὴν
3071 5397 3515 5466 ἐπικρατήσασαν
3560 5391 3654 5444 τοῦ
3706 5392 3837 5443 ἐνοιο

2248 5493 2516 5561 κὴσαντος
2547 5487 2804 5559 δύναμιν,
2842 5491 3016 5542 ἐκεῖνο
3043 5486 3263 5557 γέγονεν
3288 5487 3424 5557 ὅπερ
3461 5487 3490 5539 ὁ
3534 5483 3820 5553 ἐνοικήσας

2247 5582 2361 5636 ἐστί
2387 5598 2447 5633 τε
2472 5581 2569 5634 καὶ
2599 5578 2956 5651 ὀνομάζεται,
2996 5578 3230 5651 Χριστὸς
3254 5578 3347 5633 καὶ
3386 5576 3607 5648 Κύριος,
3638 5571 3824 5638 καθὼς

2257 5674 2581 5747 εἰρήκαμεν.
