4138 6364
519 355 611 408 7“

1703 345 1776 402 'S.
1807 339 2146 400 'GREGORIl
2185 333 2479 396 NYSSENI

3677 319 3784 373 719..

517 469 710 536 legem,
742 465 1030 522 anathema
1069 463 1152 534 (id
1181 470 1267 520 est
1307 478 1545 527 sacrum,
1577 459 1842 526 devotum,
1873 459 2102 512 detesta-

2218 453 2510 524 πτίσθημεν
2535 447 2722 518 ὄνομα.
2754 444 2828 498 Οὑ
2860 443 2966 515 μὴν
2988 438 3176 510 ἐπειδὴ
3195 436 3428 509 κρείττω
3451 435 3551 505 τῆς
3571 433 3788 506 ἀνθρω-

516 526 727 623 bileml.
747 556 933 626 Neque
983 526 1127 610 enim
1179 551 1390 608 Paulus
1451 567 1550 622 pro
1598 551 1756 606 nobis
1805 547 2104 604 cruciﬁxus

2218 548 2367 616 πίνης
2391 544 2607 613 φύσεως
2626 535 2882 608 εἶναιτὴν
2903 534 3168 605 σωτήριον
3184 531 3278 584 τοῦ
3301 527 3537 601 Χριστοῦ
3558 526 3788 598 δύναμιν

514 657 599 704 est
621 666 637 716 ;
662 663 838 718 neque
866 647 1239 700 inhumanum
1270 660 1467 698 nomen
1508 658 1666 698 sacro
1700 643 1919 694 lavacro
1941 639 2096 693 tincti

518 755 731 796 sumus.
784 737 936 792 Haud
973 747 1158 792 tamen
1196 737 1459 808 quoniam
1487 734 1596 788 vim
1625 731 1831 786 Christi
1869 731 2102 784 salutem

519 834 755 888 humana
777 841 973 886 natura
998 830 1437 902 praestantiorem
1471 843 1593 883 esse
1620 823 1963 884 confitemur,
1990 820 2102 890 jam

520 925 959 982 adversariorum
1006 923 1202 993 dogma
1245 930 1434 978 contra
1478 920 1760 974 veritatem
1795 913 2096 987 praevalet:

518 1018 602 1074 his
646 1020 788 1072 enim
830 1016 1142 1088 propositus
1195 1024 1279 1070 est
1349 1028 1572 1081 scopus,
1623 1016 1956 1078 praestruere
2002 1019 2101 1075 per

497 1113 722 1184 :0mnia,
775 1109 899 1163 Filii
955 1109 1249 1165 essentiam
1292 1121 1321 1159 a
1370 1105 1550 1158 Patris
1585 1101 1825 1158 essentia
1867 1098 2100 1152 alienam

493 1189 643 1256 'csse
690 1212 744 1254 et
797 1201 1072 1253 diversam
1123 1213 1137 1249 :
1193 1211 1294 1252 nec
1343 1196 1519 1250 solum
1557 1191 1725 1262 geniti
1769 1204 1895 1244 cum
1946 1188 2102 1257 iuge-

523 1295 640 1348 nito
698 1291 1028 1355 differentia,
1079 1305 1266 1346 verum
1295 1289 1456 1342 etiam
1495 1284 1736 1355 patibilis
1777 1296 1901 1336 cum
1930 1280 2106 1348 impa-

527 1384 668 1438 tibili
728 1383 1089 1454 oppositione,
1130 1380 1273 1451 quod
1326 1378 1625 1434 secundum
1671 1373 1966 1429 essentiam
2019 1378 2105 1423 est

2203 635 2591 708 ὁμολογοῦμεν,
2623 633 2722 703 ἤδη
2743 631 2818 706 Δτὸ
2842 629 3018 698 δόγμα
3039 626 3148 678 τῶν
3179 621 3519 677 ὑπεναντίων
3550 621 3612 672 τὸ
3643 618 3790 672 κατὰ

2206 729 2306 798 τῆς
2339 726 2596 796 ἀληθείας
2628 721 2972 794 κρατύνεται.
3010 718 3136 780 Τοῖς
3168 716 3266 786 μὲν
3299 712 3408 784 γὰρ
3437 711 3638 775 σκοπός
3669 713 3788 764 ἐστι

2206 820 2292 874 διὰ
2330 819 2547 872 πάντων
2576 812 2984 868 κατασκευάσαι
3018 809 3117 881 τὴν
3161 810 3261 878 τῆς
3302 805 3490 867 ούσίας
3531 803 3626 856 τοῦ
3656 800 3788 854 Υἱοῦ

2207 909 2343 978 πρὸς
2373 907 2470 977 τὴν
2502 904 2597 957 τοῦ
2635 900 2850 972 Πατρὸς
2895 898 3272 969 ἀλλοτρίωσιν,
3311 894 3403 946 καὶ
3433 894 3491 946 ού
3531 893 3688 962 μόνον
3719 894 3788 962 τῇ

2204 999 2298 1052 τοῦ
2329 994 2593 1068 γεννητοῦ
2625 995 2761 1066 πρὸς
2795 991 2856 1045 τὸ
2886 991 3182 1060 ἀγέννητον
3220 985 3502 1055 διαστολῇ,
3534 983 3668 1037 ἀλλά
3695 984 3792 1036 καὶ

2205 1094 2270 1162 τῇ
2303 1091 2394 1143 τοῦ
2441 1086 2684 1158 παθητοῦ
2720 1087 2857 1156 πρὸς
2899 1084 2960 1138 τὸ
2988 1081 3196 1143 ἀπαθὲς
3225 1077 3498 1132 ἀντιθέσει
3520 1116 3536 1140 ,
3570 1074 3632 1128 τὸ
3667 1075 3788 1127 κατ’

2205 1182 2392 1235 ούσίαν
2422 1181 2669 1250 ἀνόμοιον
2695 1174 3067 1231 ἀποδεικνύειν
3089 1169 3466 1232 σπουδάζουσι.
3499 1167 3609 1219 Καὶ
3632 1165 3793 1217 τοῦτο

2215 1276 2553 1346 γυμνότερον
2585 1273 2684 1344 μὲν
2717 1273 2774 1324 ἐν
2799 1272 2912 1333 τοῖς
2938 1265 3270 1327 τελευταίοις
3292 1261 3384 1316 τοῦ
3428 1260 3588 1329 λόγου
3619 1275 3793 1310 κατα-

2214 1367 2556 1430 σκευάζεται.

520 1443 818 1541 dissimile,
871 1443 1252 1528 demonstrare
1284 1471 1485 1524 obnixe
1517 1464 1874 1520 contendunt.
1959 1460 2136 1528 Atque
2215 1457 2409 1510 hocin
2457 1452 2752 1525 postremis
2789 1447 3062 1505 sermonis
3109 1445 3358 1516 partibus
3412 1443 3614 1498 nudius
3655 1453 3794 1495 con'

523 1568 780 1624 struitur.

594 1660 712 1715 Non
751 1658 934 1712 minus
960 1665 1123 1710 etiam
1153 1668 1252 1724 per
1279 1667 1342 1709 ea
1377 1666 1499 1723 qua:
1527 1665 1674 1706 nunc
1704 1647 1961 1702 dicuntur
2006 1657 2124 1698 ma-

522 1750 785 1806 nifestum
817 1754 920 1803 est.
943 1743 1079 1799 Nam
1111 1744 1160 1799 si
1182 1759 1276 1799 eos
1319 1743 1414 1812 qui
1446 1747 1656 1796 natura:
1689 1740 1940 1793 humanae
1977 1749 2108 1806 pas—

525 1845 736 1900 sionem
755 1841 1061 1895 attribuunt
1078 1848 1330 1892 accusat:
1352 1835 1522 1906 ipsam
1538 1833 1763 1888 omnino
1773 1830 2112 1886 divinitatem

526 1935 773 2008 passioui
799 1933 911 1987 vult
933 1931 1228 2000 subjicere.
1255 1929 1394 1982 Cum
1415 1928 1560 1983 enim
1588 1926 1660 1982 sit
1700 1924 1901 1994 duplex
1930 1930 1983 1978 et
2007 1936 2115 1976 am-

526 2023 689 2092 bigua
709 2019 913 2090 opinio,
933 2027 1116 2072 utrum
1149 2016 1407 2071 divinitas
1436 2031 1504 2069 an
1530 2014 1839 2068 humanitas
1856 2025 2114 2081 perpessa

529 2113 698 2168 fuerit
717 2131 731 2166 :
753 2113 945 2165 horum
969 2109 1134 2164 unius
1157 2107 1458 2171 accusatio,
1484 2106 1605 2176 ejus
1625 2105 1771 2176 quod
1792 2103 2116 2173 relinquitur

529 2205 691 2277 plane
733 2203 790 2257 (it
825 2201 1188 2273 prmstructio.
1248 2199 1304 2254 Si
1349 2199 1515 2269 igitur
1545 2213 1640 2253 eos
1674 2197 1768 2268 qui
1799 2197 2115 2267 passionem

531 2299 587 2353 in
620 2296 840 2352 homine
866 2296 1148 2349 intuentur
1178 2298 1464 2358 accusant,
1493 2291 1614 2344 illos
1641 2303 1868 2359 prorsus
1881 2282 1975 2354 qui
1991 2284 2116 2339 Filii

533 2387 877 2442 divinitatem
933 2385 1246 2454 passibilem
1301 2382 1528 2445 dicunt,
1582 2379 1900 2434 laudabunt.
1960 2375 2116 2447 Quod

532 2485 713 2532 autem
745 2483 1027 2540 astruitur,
1057 2473 1418 2546 patrocinium
1450 2471 1803 2527 absurditatis
1843 2468 2116 2540 dogmatis

531 2571 778 2642 ipsorum
807 2568 1057 2624 edicitur.
1097 2567 1155 2622 Si
1195 2568 1338 2620 enim
1370 2566 1528 2635 juxta
1567 2565 1787 2618 illorum
1847 2563 2117 2616 rationem

533 2663 743 2732 patitur
762 2659 888 2716 Filii
915 2659 1206 2726 divinitas;
1250 2657 1433 2711 Patris
1468 2670 1598 2710 vero
1642 2655 1696 2708 in
1727 2654 1878 2709 omni
1911 2654 2118 2724 impas-

533 2755 827 2832 sibilitate‘
849 2752 1157 2809 secundum
1194 2750 1489 2806 essentiam
1527 2745 1834 2803 custoditur
1864 2764 1878 2803 :
1917 2745 2121 2816 impas-

537 2847 714 2904 sibilis
785 2845 956 2917 igitur
1043 2851 1241 2899 natura
1310 2842 1378 2896 ab
1456 2855 1521 2896 ea
1586 2855 1707 2910 qua:
1777 2837 2118 2908 perpessioni

537 2939 776 2995 obnoxia
829 2944 926 2994 est.
976 2937 1267 2992 alienatur.
1315 2932 1774 3003 Quandoquidem
1818 2931 1924 2986 hoc
1971 2929 2121 3000 quod

537 3031 762 3094 dicitur,
815 3037 1082 3100 quantum
1147 3024 1328 3079 verbis
1385 3022 1884 3083 circuu'tscribitur,
1954 3020 2121 3075 breve

541 3123 762 3194 quidem
792 3129 900 3188 est,
934 3119 1028 3175 sed
1063 3121 1242 3173 omnis
1273 3118 1325 3172 in
1363 3119 1618 3187 dogmate
1654 3113 1944 3185 pravitatis
1972 3113 2122 3184 prin-
2149 3123 2191 3181 (ι

539 3216 684 3286 cipia
709 3225 764 3272 et
790 3213 1124 3286 hypotheses
1157 3210 1402 3282 przebet:
1438 3211 1648 3279 justum
1685 3207 1850 3262 fuerit
1882 3207 2116 3262 lectores

540 3323 650 3362 non
683 3320 1007 3375 responsum
1037 3303 1319 3357 concisum
1357 3308 1412 3354 et
1462 3300 1649 3363 breve,
1681 3299 1776 3354 sed
1807 3297 1952 3368 quod
1990 3298 2119 3350 vali-

541 3396 672 3450 dum
721 3402 805 3449 est
855 3401 909 3448 et
956 3401 1133 3447 tutum
1189 3391 1492 3462 postulare.
1546 3388 1658 3444 Nos
1729 3389 1893 3460 igitur
1939 3403 2118 3458 neque

541 3481 751 3538 homini
789 3482 1023 3536 salutem
1084 3490 1331 3533 nostram
1379 3477 1763 3537 attribuimus,
1808 3491 1987 3546 neque
2034 3477 2117 3530 in-

540 3573 954 3644 corruptibilem
1011 3580 1066 3627 et
1130 3571 1371 3625 divinam
1436 3579 1691 3624 naturam
1754 3568 2032 3638 patibilem
2063 3575 2118 3621 et

540 3662 950 3733 corruptibilem
979 3677 1102 3718 esse
1124 3660 1484 3723 admittimus,
1511 3658 1605 3713 sed
1626 3658 1881 3727 quoniam
1915 3657 2116 3711 divinis

541 3754 769 3810 vocibus
839 3753 1064 3808 omnino
1135 3761 1189 3805 et
1253 3749 1628 3804 indubitanter
1679 3756 1894 3818 oportet
1958 3747 2116 3801 ﬁdem

542 3847 764 3909 habere,
829 3859 950 3915 qua:
1002 3844 1169 3899 Deum
1251 3841 1491 3897 Verbum
1553 3843 1608 3896 in
1670 3840 1939 3911 principio
1997 3855 2119 3895 esse

541 3939 862 4004 pradicant,
917 3946 1040 4008 post
1089 3950 1219 3990 vero
1247 3933 1485 3988 Verbum
1533 3948 1753 3987 carnem
1810 3930 2009 3987 factum
2062 3932 2118 3985 in

542 4037 690 4083 terra
719 4028 897 4083 visum
930 4041 1054 4083 esse
1092 4033 1146 4080 et
1183 4040 1308 4079 cum
1340 4021 1655 4078 hominibus
1708 4029 2115 4085 conversatum,

543 4121 931 4178 convenientes
963 4118 1080 4172 voci
1104 4116 1302 4171 divinae
1321 4116 1572 4170 notiones
1594 4117 1646 4168 in
1669 4114 1771 4168 (ide
1794 4113 2114 4184 accipimus.

541 4214 679 4267 Cum
726 4212 871 4266 enim
920 4208 1195 4271 audimus,
1238 4207 1381 4277 quod
1431 4207 1523 4260 lux
1554 4215 1658 4268 est,
1711 4214 1765 4258 et
1814 4203 2011 4268 virtus,
2066 4211 2120 4258 et

537 4302 773 4374 justitia,
807 4308 862 4356 et
886 4301 1015 4364 vita,
1046 4307 1099 4354 et
1123 4299 1346 4362 veritas,
1387 4297 1641 4367 quodque
1691 4294 1872 4349 omnia
1904 4311 2000 4364 per
2034 4295 2116 4364 ip-

543 4411 666 4450 sum
729 4394 870 4447 facta
937 4399 1084 4455 sunt,
1144 4390 1259 4444 haec
1318 4389 1502 4443 omnia
1566 4395 1622 4442 et
1687 4387 1956 4456 ejusmodi
2015 4385 2120 4441 lide

2297 1633 2535 1704 Φανερὸν
2565 1632 2622 1685 δὲ
2655 1630 2750 1683 καὶ
2781 1629 2868 1683 διὰ
2898 1627 3006 1681 τῶν
3037 1626 3132 1680 νῦν
3170 1625 3478 1694 λεγομένων
3506 1626 3604 1695 οὐχ
3631 1619 3795 1697 ἧττόν

2216 1729 2391 1781 ἐστιν.
2420 1726 2483 1778 Εἰ
2511 1722 2620 1794 γὰρ
2653 1723 2891 1775 αἰτιᾶται
2933 1719 3059 1783 τοὺς
3083 1719 3144 1772 τὸ
3182 1717 3353 1781 πάθος
3381 1720 3448 1789 τῇ
3481 1717 3795 1788 ἀνθρωπίνῃ

2215 1817 2374 1886 φύσει
2400 1813 2751 1875 ἀνατιθέντας
2771 1854 2783 1876 ,
2815 1811 3060 1882 βούλεται
3093 1810 3309 1871 πάντως
3332 1810 3500 1879 αὐτὴν
3523 1807 3602 1879 τῷ
3636 1808 3797 1862 πάθει

2215 1909 2520 1976 ὑπαγαγεῖν
2541 1907 2640 1978 τὴν
2665 1905 2926 1975 Θεότητα.
2958 1903 3162 1973 Διπλῆς
3185 1903 3294 1972 γὰρ
3321 1901 3486 1972 οὔσης
3513 1901 3606 1954 καὶ
3629 1903 3802 1972 ἀμφι-

2215 1999 2370 2052 ϐόλου
2393 1998 2494 2067 τῆς
2526 1996 2867 2068 ὑπολήψεως,
2897 1993 3007 2048 εἴτε
3037 1994 3269 2048 τδτΘεῖον
3293 1995 3402 2047 εἴτε
3431 1994 3492 2047 τὸ
3519 1992 3799 2065 ἀνθρώπι-

2219 2105 2308 2142 νον
2339 2090 2400 2142 ἐν
2445 2087 2606 2141 πάθει
2635 2086 2877 2155 γέγονεν,
2907 2088 2941 2156 ἡ
2982 2083 3076 2137 τοῦ
3111 2083 3227 2148 ἑνὸς
3257 2084 3580 2154 κατηγορία,
3626 2100 3799 2138 κατα-

2219 2179 2387 2252 σκευὴ
2414 2182 2634 2243 πάντως
2658 2177 2753 2232 τοῦ
2787 2176 3110 2248 λειπομένου
3139 2175 3367 2245 γίνεται.
3400 2176 3464 2227 El
3494 2175 3674 2228 τοίνυν
3707 2176 3792 2227 αἰ-

2215 2272 2437 2326 τιῶνται
2468 2271 2592 2335 τοὺς
2612 2270 2674 2323 τὸ
2698 2268 2866 2332 πάθος
2896 2269 3025 2340 περὶ
3047 2268 3136 2321 τὸν
3167 2267 3453 2335 ἄνθρωπον
3481 2266 3797 2335 βλέποντας,

2218 2364 2566 2418 ἐπαινέσουσι
2597 2363 2814 2424 πάντως
2837 2362 2962 2422 τοὺς
2996 2360 3213 2431 ἐμπαθῆ
3250 2358 3511 2427 λέγοντας
3539 2358 3631 2412 τοῦ
3665 2358 3800 2411 Υίοῦ

2217 2456 2316 2527 τὴν
2357 2455 2607 2525 θεότητα.
2655 2453 2727 2505 Τὸ
2769 2451 2828 2505 δὲ
2873 2450 3446 2521 κατασκευαζόμενον,
3505 2450 3804 2521 συνηγορία

2217 2547 2318 2617 τῆς
2365 2545 2458 2600 τοῦ
2499 2546 2767 2615 δόγματος
2819 2542 2998 2595 αὐτῶν
3041 2542 3267 2604 ἀτοπίας
3311 2542 3542 2608 γίνεται.
3597 2543 3659 2595 Ei
3693 2547 3804 2614 γὰρ

2221 2638 2423 2709 πάσχει
2464 2637 2561 2706 μὲν
2597 2634 2738 2688 κατὰ
2764 2633 2856 2686 τὸν
2890 2633 3047 2701 λόγον
3093 2631 3274 2685 αὑτῶν
3308 2631 3399 2684 τοῦ
3435 2631 3563 2684 Υἱοῦ
3597 2633 3631 2701 ἡ
3687 2632 3807 2685 θεό-

2220 2747 2318 2800 της
2343 2745 2356 2758 ·
2388 2731 2422 2800 ἡ
2454 2728 2509 2780 δὲ
2537 2726 2632 2779 τοῦ
2667 2724 2880 2795 Πατρὸς
2922 2725 2979 2776 ὲν
3012 2721 3251 2793 ἀπαθείᾳ
3291 2723 3441 2794 πάσῃ
3471 2722 3805 2791 φυλάσσεται

2221 2819 2364 2876 κατὰ
2419 2819 2516 2890 τὴν
2566 2817 2755 2871 οὐσίαν
2783 2833 2797 2847 ο
2855 2817 2888 2887 ἡ
2925 2813 3145 2884 ἀπαθὴς
3178 2815 3285 2884 ἄρα
3325 2814 3485 2883 φύσις
3533 2814 3669 2884 πρὸς
3705 2814 3807 2882 τὴν

2222 2910 2671 2985 παραδεχομὲνην
2706 2910 2768 2962 τὸ
2812 2908 2983 2972 πάθος
3031 2908 3325 2978 ἀλλοτρίως
3380 2909 3515 2978 ἔχει.
3585 2907 3806 2978 Ἐπειδὴ

2221 3006 2402 3059 τοίνυν
2431 3003 2602 3075 βραχὺ
2637 3001 2734 3073 μὲν
2773 3001 2897 3054 ὅσον
2937 3002 2994 3052 ὲν
3027 3002 3092 3072 τῇ
3125 3003 3442 3071 περιγραφῇ
3475 2999 3586 3052 τῶν
3617 3000 3808 3071 ῥημά-

2222 3115 2330 3152 των
2361 3097 2477 3148 ἐστὶ
2505 3094 2565 3148 τὸ
2591 3093 2900 3164 λεγόμενον,
2933 3091 3113 3161 πάσης
3139 3091 3194 3143 δὲ
3223 3091 3323 3161 τῆς
3370 3091 3499 3161 περὶ
3541 3089 3599 3142 τὸ
3628 3090 3808 3160 δόγμα

2224 3189 2424 3250 κακίας
2447 3185 2548 3249 τὰς
2588 3183 2760 3255 ἀρχὰς
2789 3183 2885 3236 καὶ
2925 3182 3025 3246 τὰς
3051 3181 3333 3244 ὑποθέσεις
3364 3183 3695 3254 παρέχεται,
3729 3184 3810 3236 δί-

2225 3296 2379 3333 καιον
2411 3278 2475 3330 ἂν
2501 3276 2585 3346 εἴη
2619 3276 2744 3338 τοὺς
2775 3273 3199 3343 ἐντυγχάνοντας
3232 3273 3307 3344 μὴ
3337 3272 3396 3326 τὸ
3417 3272 3681 3344 σύντομον
3712 3276 3810 3345 τῆς

2225 3368 2585 3440 ἀποκρίσεως,
2625 3360 2762 3418 ἀλλά
2789 3364 2848 3417 τὸ
2885 3363 3126 3432 ἀσφαλὲς
3153 3366 3426 3416 ἀπαιτεῖν.
3468 3364 3659 3435 Ἡμεῖς
3694 3366 3811 3418 τοία

2224 3477 2318 3513 νυν
2345 3457 2467 3512 οὑτε
2498 3454 2770 3528 ἀνθρώπῳ
2795 3454 2894 3525 τὴν
2926 3454 3196 3526 σωτηρίαν
3223 3455 3430 3509 ἑαυτῶν
3456 3455 3675 3508 ἀνατίθε
3685 3473 3808 3526 μεν,

2225 3548 2347 3602 οὒτε
2381 3548 2476 3618 τὴν
2509 3549 2788 3618 ἀκήρατον
2822 3545 2914 3598 καὶ
2947 3544 3099 3597 θείαν
3125 3546 3287 3614 φύσιν
3317 3547 3540 3617 ἐμπαθῆ
3567 3547 3662 3600 καὶ
3689 3547 3811 3599 ἐπί-

2182 3655 2190 3664 ·
2225 3657 2392 3712 κηρον
2433 3635 2570 3692 εἶναι
2598 3635 3032 3708 καταδεχόμεθω
3067 3637 3181 3690 ἀλλ’
3228 3637 3417 3708 ἐπειδὴ
3449 3638 3555 3710 χρὴ
3591 3639 3811 3702 πάντως

2226 3733 2499 3787 πιστεύειν
2527 3734 2645 3794 ταῖς
2676 3730 2848 3793 θείαις
2893 3733 3097 3799 φωναῖς
3121 3769 3136 3794 ,
3173 3729 3230 3783 αἳ
3273 3730 3404 3783 Θεὸν
3435 3732 3526 3784 τὸν
3570 3733 3628 3785 ἐν
3660 3732 3806 3802 ἀρχῇ

2225 3828 2357 3881 ὄντα
2387 3826 2557 3895 Λόγον
2591 3823 2989 3896 κηρύσσουσιν·
3028 3822 3165 3893 μετά
3205 3822 3377 3876 ταῦτα
3419 3825 3476 3876 δὲ
3515 3823 3603 3877 τὸν
3632 3827 3808 3894 Λόγον

2229 3921 2408 3990 σάρκα
2436 3917 2725 3988 γενόμενον
2755 3915 2848 3968 ἐπὶ
2887 3914 2990 3984 τῆς
3015 3916 3118 3985 γῆς
3145 3913 3378 3984 ὀφθῆναι
3406 3956 3418 3977 ,
3454 3916 3546 3968 καὶ
3571 3919 3686 3979 τοῖς
3710 3917 3808 3969 ἀν-

2182 4039 2197 4056 ι
2227 4009 2466 4081 θρώποις
2497 4003 3030 4076 συναναστραφῆναι,
3077 4002 3147 4055 τὰ
3191 4003 3477 4073 πρόσφορα
3510 4004 3607 4075 τῆς
3655 4004 3807 4068 θείας

2227 4103 2409 4173 φωνῆς
2434 4101 2680 4172 νοήματα
2711 4099 2777 4166 τῇ
2806 4096 2986 4148 πίστει
3025 4093 3320 4165 δεχόμεθα.
3367 4095 3537 4149 Ὅταν
3567 4096 3665 4166 μὲν
3694 4097 3806 4167 γὰρ

2226 4194 2512 4264 ἀκούωμεν
2537 4193 2618 4245 ὅτι
2648 4189 2926 4259 φῶςὲστι,
2953 4188 3048 4241 καὶ
3070 4187 3318 4258 δύναμις,
3345 4188 3436 4240 καὶ¹
3465 4188 3802 4260 δικαιοσύνη,

2227 4289 2319 4342 καὶ
2337 4286 2471 4357 ζωὴ,
2494 4284 2587 4338 καὶ
2608 4281 2852 4354 ἀλήθεια,
2874 4281 2969 4334 καὶ
2990 4281 3072 4333 ὅτι
3096 4279 3273 4333 πάντα
3288 4279 3354 4332 δι’
3373 4278 3536 4332 αὑτοῦ
3563 4279 3802 4347 ἐγένετο·

2228 4381 2404 4434 πάντα
2431 4378 2602 4432 ταῦτα
2639 4377 2731 4430 καὶ
2755 4376 2830 4429 ’τά
2873 4372 3099 4428 τοιαῦτα
3131 4372 3296 4426 πιστά
3349 4372 3649 4442 ποιούμεθα
3674 4414 3689 4438 ,
3722 4375 3807 4438 είς

541 4487 706 4555 digna
728 4494 780 4538 et
808 4492 961 4538 certa
994 4481 1226 4536 facimus
1249 4481 1317 4535 ad
1343 4479 1578 4534 Verbum
1600 4479 1766 4533 Deum
1793 4478 2113 4534 referentes.

2223 4473 2311 4526 τὸν
2345 4471 2514 4538 Λόγον
2545 4467 2636 4522 τὸν
2677 4468 2809 4522 Θεὸν
2854 4465 3237 4538 ἀναφέροντες.
3279 4465 3448 4518 Ὅταν
3493 4464 3549 4518 δὲ
3597 4465 3799 4536 λύπην,

541 4576 678 4630 Cum
707 4590 836 4629 vero
857 4574 1120 4636 dolorem,
1147 4580 1201 4627 et
1227 4585 1501 4637 somnum,
1525 4577 1578 4623 et
1606 4576 1921 4639 egestatem,
1955 4569 2118 4622 etiam

544 4665 935 4729 turbationem,
963 4671 1018 4718 et
1070 4661 1293 4716 vincula
1319 4703 1334 4727 ,
1389 4668 1444 4715 et
1505 4661 1712 4722 clavos,
1751 4671 1806 4714 et
1849 4659 2117 4721 lanceam,

542 4767 598 4813 et
633 4758 976 4828 sanguinem,
1034 4761 1088 4810 et
1116 4754 1364 4818 vulnera,
1399 4760 1452 4807 et
1501 4753 1861 4822 sepulturam,
1897 4757 1952 4804 et
2001 4765 2120 4803 mo-

543 4854 900 4910 numentum,
957 4852 1013 4899 et
1083 4858 1423 4914 quaecunque
1484 4843 1590 4895 alia
1656 4839 1957 4910 ejusmodi,
2017 4840 2119 4893 etsi

543 4941 697 5009 prius
736 4935 1147 5000 demonstratis,
1181 4936 1344 4990 modo
1379 4933 1766 4989 subcontrario
1810 4931 2014 4986 habere
2061 4947 2122 4986 se

544 5030 859 5084 videantur:
885 5027 1243 5082 nihilominus
1275 5032 1330 5081 et
1359 5025 1461 5079 [ide
1480 5025 1642 5094 digna
1673 5032 1846 5088 certa,
1878 5038 2122 5093 veraque

544 5120 895 5184 allirmamus,
917 5120 984 5174 ad
1015 5134 1235 5173 carnem
1261 5126 1592 5187 spectantes,
1623 5130 1786 5185 quam
1809 5130 1904 5184 per
1936 5113 2118 5177 ﬁdem,

544 5227 670 5267 cum
719 5211 883 5266 verbo
934 5211 1270 5280 accepimus.
1323 5206 1793 5276 Quemadmodum
1840 5222 1949 5260 non
1995 5207 2122 5261 licet

543 5302 729 5357 carnis
762 5301 1126 5371 proprietates
1158 5302 1212 5355 in
1246 5299 1427 5356 Verbo
1457 5299 1603 5370 quod
1629 5298 1819 5353 eratin
1852 5297 2121 5368 principio

545 5393 938 5464 contemplari:
978 5395 1058 5448 sic
1085 5400 1298 5457 contra,
1335 5407 1513 5462 neque
1541 5406 1602 5446 ea
1638 5406 1760 5462 quae
1813 5399 1944 5444 sunt
1984 5390 2122 5444 divi-

551 5485 736 5537 mtatis
763 5482 1002 5552 propria,
1031 5483 1084 5536 in
1127 5490 1324 5535 natura
1356 5481 1540 5535 carnis
1566 5479 1647 5535 l'as
1679 5489 1764 5534 est
1792 5478 2118 5549 intelligere.

544 5579 910 5645 Quamobrem
960 5593 1086 5632 cum
1125 5577 1194 5632 de
1246 5576 1476 5631 Domino
1523 5575 1772 5630 doctrina
1806 5572 2122 5643 evangelica

543 5670 618 5723 sit
639 5670 822 5736 mista,
855 5677 910 5726 et
938 5685 1019 5724 ex
1052 5667 1402 5730 sublimibus,
1443 5666 1662 5736 Deoquc
1697 5663 2118 5736 quadrantibus,

542 5770 710 5832 atque
739 5778 803 5818 ex
843 5761 1142 5820 humilibus
1171 5771 1462 5842 utrumque
1504 5758 1869 5824 intellectum,
1902 5756 2121 5827 utrique

2223 4564 2318 4618 καὶ
2346 4562 2534 4624 ὕπνον,
2568 4559 2664 4613 καὶ
2693 4559 2918 4623 ἔνδειαν,
2945 4559 3039 4611 καὶ
3061 4556 3327 4628 ταραχὴν,
3359 4557 3454 4610 καὶ
3477 4556 3671 4627 δεσμὰ,
3705 4559 3802 4611 καὶ

2221 4655 2404 4726 ἥλους,
2441 4653 2532 4706 καὶ
2556 4651 2776 4720 λόγχην,
2809 4651 2906 4704 καὶ
2939 4643 3099 4718 αἷμα,
3129 4649 3224 4701 καὶ
3248 4646 3557 4717 τραύματα,
3585 4647 3678 4701 καὶ
3700 4665 3800 4702 τα-

2224 4748 2349 4817 φὴν,
2380 4745 2471 4798 καὶ
2493 4746 2776 4815 μνημεῖον,
2799 4741 2891 4796 καὶ
2907 4742 3007 4794 ὅσα
3033 4740 3167 4795 ἄλλα
3193 4739 3435 4806 τοιαῦτα,
3457 4739 3560 4792 κᾶν
3581 4740 3804 4794 ὑπενανο

2222 4838 2350 4901 τίως
2395 4835 2496 4908 ἔχῃ
2525 4838 2632 4898 τοῖς
2676 4832 3195 4905 προαποδεδομένοις
3216 4873 3230 4896 ,
3258 4832 3412 4886 οὐδὲν
3443 4827 3604 4904 ἦττον
3635 4834 3802 4887 πιστά

2222 4947 2281 4982 τε
2327 4930 2420 4994 καὶ
2448 4928 2622 5000 ἀληθῆ
2661 4925 2798 4981 εἶναι
2840 4925 3108 4997 δεχόμεθα
3131 4965 3145 4989 ,
3188 4926 3324 4994 πρὸς
3351 4926 3450 4998 τὴν
3480 4925 3656 4997 σάρκα
3682 4925 3800 4996 βλέ-
3827 4943 3832 5000 έ

2224 5039 2435 5085 ποντες,
2467 5022 2532 5091 ἣν
2561 5022 2628 5091 τῇ
2662 5020 2841 5072 πίστει
2874 5018 3012 5089 μετὰ
3042 5016 3135 5070 τοῦ
3165 5017 3324 5086 λόγου
3361 5015 3796 5087 παρεδεξάμεθα.
3827 4983 3842 5100 l

2237 5114 2324 5176 Ὠς
2344 5113 2445 5164 οὐκ
2468 5111 2583 5164 ἔστι
2609 5111 2677 5164 τὰ
2700 5110 2800 5178 τῆς
2827 5109 3025 5180 σαρκὸς
3058 5107 3322 5179 ἰδιώματα
3339 5107 3417 5180 τῷ
3433 5111 3490 5162 ἐν
3515 5109 3656 5179 ἀρχῇ
3683 5107 3800 5161 ὄντι

2225 5202 2664 5273 ὲπιθεωρηθῆναι
2707 5201 2864 5271 Λόγῳ
2887 5217 2900 5230 ·
2932 5200 3102 5262 οὕτως
3139 5196 3204 5253 αὖ
3236 5200 3401 5254 πάλιν
3425 5198 3549 5253 οὑδὲ
3593 5199 3660 5252 τά
3703 5200 3800 5270 τῆς

2225 5295 2476 5365 θεότητος
2512 5291 2616 5347 ἴδια
2654 5294 2712 5348 ὲν
2762 5295 2828 5364 τῇ
2859 5292 2960 5360 τῆς
2993 5291 3193 5362 σαρκὸς
3237 5291 3400 5360 φύσει
3447 5290 3798 5360 κατανοῆσαι.

2223 5385 2314 5439 Διὸ
2357 5383 2708 5456 μεμιγμένης
2743 5384 2844 5452 τῆς
2889 5383 3246 5454 εὑαγγελικῆς
3282 5383 3410 5451 περὶ
3449 5381 3543 5435 τοῦ
3593 5383 3799 5453 Κυρίου

2224 5473 2568 5536 διδασκαλίας
2606 5473 2694 5526 διά
2724 5490 2782 5526 τε
2833 5473 2941 5526 τῶν
2985 5471 3205 5544 ὑψηλῶν
3243 5489 3302 5525 τε
3348 5472 3441 5524 καὶ
3484 5472 3800 5543 θεοπρεπῶν

2225 5567 2318 5620 καὶ
2348 5566 2434 5619 διά
2457 5566 2565 5619 τῶν
2604 5565 2892 5629 ταπεινῶν,
2932 5566 3190 5636 ἑκάτερον
3216 5564 3326 5618 τῶν
3353 5565 3640 5634 νοημάτων
3675 5566 3802 5618 ἐκα-

2223 5660 2366 5731 τέρῳ
2404 5659 2511 5712 τῶν
2562 5660 2627 5713 ἐν
2663 5659 2741 5730 τῷ
2786 5658 3071 5730 μυστηρίῳ
3115 5659 3416 5729 νοουμένων
3452 5658 3800 5728 καταλλήλως
3871 5695 3878 5700 ς

2227 5752 2556 5825 ἀρμόζομεν,
2592 5751 2653 5805 τὸ
2677 5751 2776 5823 μὲν
2802 5751 3141 5823 ἀνθρώπινον
3170 5750 3248 5823 τῷ
3276 5751 3603 5823 ἀνθρωπίνῳ
3620 5792 3634 5818 ,
3660 5751 3722 5804 τὸ
3743 5751 3800 5805 δὲ
