4138 6364
371 385 472 443 713
560 446 566 456 ,

1503 395 1785 451 CONTRA
1829 395 2220 462 EUNOMIUM,
2263 397 2389 453 LIB.
2435 399 2520 454 VI.

3547 406 3652 467 7H

367 499 575 570 ὑψηλὸν
603 503 668 572 τῇ
701 501 940 574 θεότητι,
978 505 1070 559 καί
1096 524 1278 578 φαμεν
1309 508 1390 562 ὄτι
1425 511 1560 565 καθὸ
1591 514 1722 578 Θεὸς
1753 516 1782 568 ὁ
1815 516 1960 578 Υἱὸς,

2073 530 2257 570 eorum
2313 532 2432 586 quae
2494 518 2547 571 in
2613 519 2873 588 mysterio
2932 519 3349 591 intelliguntur,
3404 521 3542 576 inter
3590 542 3653 582 se

371 591 590 663 ἀπαθὴς
630 593 847 658 πάντως
893 597 1009 650 ἐστὶ
1042 599 1137 652 καὶ
1163 599 1460 672 ἀκήρατος.
1509 603 1574 656 Ei
1618 604 1676 657 δέ
1706 623 1759 657 τι
1794 606 1966 669 πάθος

373 686 431 738 ἐν
451 684 528 756 τῷ
553 685 868 759 Εύαγγελίῳ
902 691 1029 762 περὶ
1059 691 1226 746 αὑτοῦ
1248 693 1480 762 λέγοιτο,
1517 688 1605 750 δίὰ
1632 698 1724 750 τοῦ
1760 698 1966 770 ἀνθρω·

376 773 534 827 πίνου
584 773 802 839 πάντως
833 777 926 830 τοῦ
961 778 1254 850 δεχομένου
1299 782 1360 835 τὸ
1407 783 1580 849 πάθος
1629 787 1692 840 τὸ
1720 788 1964 842 τοιοῦτον

371 865 692 936 ἐνήργησεν.
743 869 986 940 Ἐνεργεῖ
1029 874 1138 944 γάρ
1187 873 1264 936 ὡς
1301 875 1520 946 ἀληθῶς
1565 881 1596 950 ἡ
1652 881 1843 950 θεότης
1876 882 1962 936 διά

372 957 469 1010 τοῦ
505 961 634 1031 περὶ
680 963 850 1034 αὐτὴν
886 964 1140 1034 σώματος
1190 971 1502 1040 σωτηρίαν,
1552 968 1696 1027 εἶναι
1726 975 1828 1044 τῆς
1864 977 1965 1046 μέν

374 1052 575 1123 σαρκὸς
604 1053 662 1106 τὸ
693 1054 887 1120 πάθος,
915 1055 1008 1110 τοῦ
1041 1057 1097 1112 δὲ
1120 1058 1256 1113 Θεοῦ
1276 1061 1374 1132 τὴν
1402 1063 1706 1134 ἐνέργειαν,
1740 1067 1845 1120 κᾶν
1872 1067 1964 1120 τὸν

386 1144 706 1200 Ἀπὸστολον
732 1148 811 1211 είς
835 1151 1164 1223 συνηγορίαν
1195 1154 1341 1217 τινὲς
1374 1155 1467 1208 τοῦ
1496 1158 1741 1210 ἐναντίου
1766 1160 1964 1214 καθέλ-

374 1255 512 1290 κωσι
537 1238 828 1308 δόγματος,
873 1241 1101 1312 λέγοντα
1133 1283 1148 1306 ,
1184 1244 1267 1298 ὅτι
1311 1247 1421 1302 Τοῦ
1464 1249 1617 1303 ἰδίου
1672 1251 1810 1305 Υἱοῦ
1848 1256 1963 1308 οὐκ

371 1329 653 1398 ἐρείσατο
673 1349 686 1362 ο
717 1333 830 1395 καὶ,
872 1334 926 1385 '0
953 1335 1096 1401 Θεὸς
1125 1337 1230 1389 τὸν
1258 1339 1475 1393 ἑαυτοῦ
1506 1341 1641 1394 Υἱὸν
1670 1341 1961 1413 ἔπεμψεν,

373 1422 466 1473 καὶ
495 1421 595 1473 ὅσα
628 1421 855 1476 τοιαῦτα
889 1424 1023 1494 πρὸς
1050 1425 1148 1493 τὴν
1178 1426 1330 1480 θείαν
1358 1428 1520 1497 φύσιν
1550 1431 1608 1484 ἐν
1638 1434 1704 1503 τῇ
1730 1433 1824 1486 τοῦ
1858 1434 1963 1487 πά-

377 1512 502 1575 θους
527 1515 825 1585 οἰκονομίᾳ,
855 1516 949 1568 καὶ
975 1516 1097 1586 οὐχὶ
1129 1521 1266 1588 πρὸς
1294 1520 1354 1572 τὸ
1378 1520 1716 1592 ἀνθρώπινον
1743 1524 1964 1594 βλέπειν

375 1605 540 1657 δοκεῖ’
565 1606 716 1659 οὐδὲν
751 1603 914 1679 ἦττον
944 1608 1053 1661 τῶν
1101 1611 1271 1678 ὑγιῶν
1297 1613 1584 1683 δογμάτων
1616 1616 1718 1670 οὐκ
1765 1616 1963 1685 ἀφεξό-

380 1698 538 1768 μεθα,
570 1700 732 1752 αὐτοῦ
772 1700 866 1754 τοῦ
894 1703 1109 1755 Παύλου
1143 1705 1478 1773 γυμνότερον
1510 1707 1570 1760 τὸ
1608 1709 1735 1779 περὶ
1759 1709 1952 1764 τούτου

379 1791 769 1862 σαφηνίσαντος
819 1797 954 1866 ἡμῖν
1001 1797 1319 1866 μυστήριον.
1375 1799 1657 1870 Πανταχοῦ
1720 1803 1828 1875 γάρ
1884 1803 1964 1874 τῷ

377 1882 701 1955 ἀνθρωπίνῳ
735 1886 889 1958 μέρει
921 1885 1014 1939 τοῦ
1050 1888 1286 1958 Χριστοῦ
1315 1890 1413 1960 τὴν
1448 1890 1540 1943 τοῦ
1573 1894 1776 1957 πάθους
1814 1896 1961 1947 οἱκοο

377 1975 571 2044 νομίαν
619 1981 1063 2050 προσμαρτυρεῖ,
1098 1978 1302 2046 λέγων·
1349 1981 1581 2050 Ἐπειδὴ
1616 1983 1725 2052 γὰρ
1753 1985 1826 2037 δι’
1860 1978 1966 2040 ἀν-

379 2066 614 2134 θρώπου
645 2071 676 2122 ὀ
707 2067 962 2134 θάνατος
982 2110 996 2130 ,
1027 2071 1124 2123 καὶ
1158 2071 1231 2123 δι’
1282 2072 1596 2140 ἀνθρώπου
1625 2076 1965 2145 ἀνάστασις

378 2159 641 2225 νεκρῶν·
679 2161 804 2225 καὶ,
860 2160 924 2213 Ὃ
972 2161 1113 2227 Θεὸς
1147 2161 1364 2216 ἑαυτοῦ
1417 2166 1552 2218 Υίὸν
1580 2166 1822 2236 πέμψας
1845 2209 1860 2232 ,
1896 2170 1966 2222 ἐν

379 2249 695 2320 ὁμοιώματι
724 2252 952 2320 σαρκὸς
972 2253 1280 2321 ἁμαρτίας,
1302 2256 1611 2324 κατέκρινε
1641 2257 1756 2326 τὴν
1777 2259 1934 2327 ἁμαρ
1948 2293 1963 2302 -

379 2342 516 2394 τίαν
545 2341 614 2394 ἐν
638 2341 711 2410 τῇ
741 2344 957 2410 σαρκί·
992 2344 1060 2396 ὲν
1086 2342 1160 2412 τῇ
1183 2345 1364 2412 σαρκὶ
1392 2347 1501 2418 γάρ
1527 2365 1711 2419 φησιν,
1743 2352 1843 2403 οὐκ
1895 2355 1963 2406 ἐν

381 2434 446 2504 τῇ
481 2432 721 2501 θεότητι·
763 2436 876 2496 καὶ,
927 2435 1304 2505 Ἐστανρώθη
1338 2438 1408 2502 ἐξ
1461 2439 1796 2507 ἀσθενείας·
1855 2445 1954 2513 τὴν

385 2525 563 2595 σάρκα
600 2526 687 2578 διὰ
727 2527 826 2596 τῆς
854 2526 1138 2590 ἀσθενείας
1183 2528 1484 2597 σημαίνων·
1525 2521 1589 2595 ζῇ
1610 2529 1677 2582 δὲ
1696 2532 1764 2584 ἐκ
1785 2530 1968 2586 δυνά-

380 2631 554 2682 μεως,
585 2617 638 2666 τὲ
655 2613 809 2668 Θείον
838 2617 924 2669 διὰ
954 2618 1048 2687 τῆς
1080 2618 1363 2687 δυνάμεως
1393 2617 1820 2690 ἐνδεικνύμενος·
1849 2624 1960 2685 καὶ,

397 2707 670 2761 Ἀπέθανε
698 2706 771 2776 τῇ
799 2708 1074 2777 ἁμαρτίᾳ,
1108 2709 1253 2762 τοῦτ’
1288 2709 1434 2762 ἔστιν
1479 2711 1560 2781 τῷ
1602 2710 1815 2781 σώματι
1837 2753 1850 2772 ,
1895 2709 1970 2781 ζῙ

385 2795 452 2849 δὲ
484 2794 562 2860 τῷ
584 2795 704 2859 Θεῷ
729 2839 742 2861 ,
769 2797 913 2850 τοῦτ’
947 2797 1060 2850 ἐστι
1085 2801 1151 2871 τῇ
1186 2798 1421 2864 θεότητι.
1451 2799 1615 2852 Ὥστε
1642 2799 1732 2853 διὰ
1759 2800 1964 2854 τούτων

386 2888 909 2952 κατασκευάζεσθαι,
952 2891 1034 2943 ὅτι
1075 2893 1103 2942 ὁ
1154 2890 1252 2958 μὲν
1293 2890 1580 2961 ἄνθρωπος
1608 2892 1701 2944 τοῦ
1734 2892 1964 2949 θανάτου

386 2980 646 3047 ἐγεύσατο
665 2996 677 3008 ·
721 2982 753 3050 ή
781 2981 837 3033 δὲ
879 2980 1146 3044 ἀθάνατος
1173 2983 1332 3050 φύσις
1371 2983 1431 3035 τὸ
1460 2982 1602 3036 κατὰ
1647 2984 1877 3039 θάνατον
1903 2988 1964 3040 οὐ

387 3070 719 3140 παρεδέξατο
763 3071 932 3134 πάθος
956 3081 976 3097 ⁶
1004 3073 1235 3129 καὶνΐὸν
1266 3073 1352 3141 μὴ
1400 3074 1622 3142 γνόντα
1649 3075 1962 3146 ἁμαρτίαν,

384 3163 539 3228 ὑπὲρ
577 3160 744 3231 ἡμῶν
801 3162 1092 3230 ἁμαρτίαν
1140 3162 1425 3230 ἐποίησε·
1481 3163 1643 3218 πάλιν
1690 3169 1967 3238 ἁμαρτίαν

385 3253 668 3321 ὀνομάζων
685 3253 783 3324 τὴν
812 3254 1010 3325 σάρκα.

460 3346 631 3399 Τοῦτο
668 3347 723 3399 δὲ
775 3347 878 3400 κᾶν
925 3349 989 3401 ἐκ
1027 3347 1258 3416 παρόδου
1313 3349 1580 3421 λέγωμεν,
1629 3355 1730 3406 οὐκ
1787 3354 1961 3426 ἀχρη-

391 3437 640 3506 στότερον
671 3438 799 3502 ἴσως
828 3439 975 3492 δοκεί
1011 3439 1102 3492 τοῦ
1147 3442 1506 3512 προκειμένου
1547 3444 1608 3496 τὸ
1638 3445 1961 3499 ἐπεισόδιον.

401 3522 622 3600 Ἐπειδὴ
652 3531 759 3601 γάρ
786 3533 1032 3595 εἰπόντος
1061 3532 1152 3586 τοῦ
1177 3534 1334 3601 ἁγίου
1360 3536 1590 3603 Πέτρου,
1619 3539 1838 3606 Κύριον
1865 3541 1970 3594 αὺ-

390 3621 498 3674 τὸν
522 3623 620 3675 καὶ
648 3624 907 3690 Χριστὸν
941 3625 1192 3692 ἐποίησε
1212 3643 1236 3656 ··
1263 3627 1358 3679 καὶ
1387 3626 1548 3680 πάλιν
1577 3627 1670 3681 τοῦ
1739 3631 1972 3685 ἀποστό-

393 3710 483 3764 λου
531 3714 743 3766 Παύλου
802 3714 938 3786 πρὸς
996 3714 1317 3786 Ἐϐραίους,
1351 3717 1433 3769 ὅτι
1483 3717 1655 3785 Ἱερέα
1691 3719 1969 3788 ἐποίησε·

396 3803 631 3874 ἁρπάζει
666 3804 762 3874 τὴν
814 3806 1101 3872 Ἐποίησε
1135 3805 1318 3878 φωνὴν
1365 3810 1394 3862 ὁ
1435 3809 1727 3880 Εὐνόμιος,
1767 3812 1844 3875 ὡς
1888 3814 1975 3864 ἐν-

393 3895 670 3967 δεικτικὴν
699 3897 799 3968 τῆς
827 3898 1154 3967 προαιωνίου
1195 3899 1500 3970 ὑπάρξεως.
1530 3903 1638 3955 Καὶ
1663 3903 1752 3956 διά
1783 3903 1972 3958 τούτου

396 3989 606 4057 ποίημα
639 3985 778 4044 εἶναι
811 3989 900 4042 τὸν
933 3990 1136 4061 Κύριον
1164 3991 1597 4057 κατασκευάζειν
1629 3995 1801 4050 οἴεται
1840 3997 1971 4051 δεῖν.

409 4079 719 4134 Ἀκουσάτω
741 4082 920 4135 τοίνυν
951 4082 1044 4134 τοῦ
1078 4081 1289 4136 Παύλου
1317 4083 1566 4151 λέγοντος
1590 4127 1604 4149 ,
1649 4085 1730 4138 ὅτι
1763 4086 1872 4139 Τὸν
1886 4085 1974 4155 μὴ

397 4176 616 4244 γνόντα
636 4177 928 4244 ἁμαρτίαν
968 4175 1122 4244 ὑπὲρ
1168 4175 1337 4244 ἡμῶν
1366 4177 1658 4246 ἁμαρτίαν
1705 4179 1973 4246 ἐποίησε.

397 4266 460 4319 Et
500 4267 560 4320 τὸ
609 4269 930 4335 Ἐποίησεν
971 4269 1064 4320 ἐπὶ
1093 4269 1187 4320 τοῦ
1231 4268 1436 4338 Κυρίου
1461 4310 1473 4330 ,
1520 4269 1582 4322 ἐκ
1610 4288 1667 4323 τε
1702 4270 1803 4338 τῆς
1841 4273 1978 4342 πρὸς

408 4359 690 4432 Ἐϐραίους
711 4361 1018 4430 ἐπιστολῆς,
1046 4362 1139 4413 καὶ
1168 4361 1233 4413 ἐκ
1256 4361 1354 4431 τῆς
1375 4362 1580 4431 Πέτρου
1603 4363 1786 4433 φωνῆς
1811 4367 1889 4426 εἰς
1918 4365 1979 4418 τὸ

397 4454 720 4526 προαιὼνιον
747 4456 1057 4525 ἀναπέμπει
1085 4455 1281 4524 νόημα,
1306 4454 1484 4517 καλῶς
1513 4455 1578 4508 ἂν
1604 4456 1737 4526 ἔχει,
1763 4459 1856 4510 καὶ
1883 4458 1980 4528 τὴν

2067 608 2567 671 accommodamus,
2627 619 2678 663 et
2731 610 2876 680 quod
2933 612 3236 680 humanum
3294 612 3648 680 humanitati,

2066 699 2322 768 quodque
2375 701 2653 754 excelsum
2709 709 2793 758 est
2847 701 3154 768 divinitati;
3211 711 3266 758 et
3321 705 3647 769 asserimns,

2065 790 2212 859 quod
2238 798 2510 859 quatenus
2549 793 2687 846 Deus
2709 800 2792 846 est
2827 791 3023 855 Filius,
3060 794 3386 863 impatibilis
3415 810 3649 862 prorsus

2065 889 2150 936 est
2181 890 2235 935 et
2267 882 2724 952 incorruptibilis.
2755 883 2911 950 Quod
2969 886 3014 940 si
3067 887 3120 939 in
3178 885 3477 956 Evangelia
3526 902 3650 955 ρει·-

2067 974 2250 1044 pessio
2277 984 2332 1029 et
2361 975 2576 1030 aﬂ‘ectio
2605 976 2788 1046 aliqua
2816 977 3062 1043 dicatur,
3095 993 3192 1047 per
3222 979 3645 1038 humanitatem.

2065 1083 2187 1136 qua:
2216 1068 2380 1122 talem
2416 1068 2669 1122 aliectum
2720 1071 2984 1139 suscepit,
3025 1080 3284 1140 Operatus
3337 1080 3442 1128 est.
3498 1070 3652 1125 Divi-

2066 1159 2211 1214 nitas
2258 1159 2404 1213 enim
2453 1175 2549 1230 per
2593 1176 2795 1231 corpus
2836 1170 3203 1230 assumptum,
3247 1163 3482 1216 salutem
3525 1177 3656 1218 vero

2066 1260 2345 1319 operatur,
2380 1254 2564 1308 carnis
2597 1253 2819 1322 quidem
2851 1255 3162 1322 passionem
3206 1269 3348 1319 esse,
3395 1253 3488 1308 Dei
3522 1269 3654 1308 vero

2065 1345 2474 1413 operationem,
2516 1346 2732 1401 tametsi
2773 1347 2994 1416 quidam
3030 1347 3353 1415 Apostolum
3387 1349 3654 1403 contrarii

2065 1438 2336 1507 dogmatis
2392 1446 2682 1507 patronum
2729 1455 2792 1492 ac
2845 1439 3194 1493 defensorem
3235 1440 3522 1494 attrahunt
3571 1441 3654 1494 di-

2065 1537 2312 1592 cantem,
2369 1530 2513 1599 quod
2563 1532 2774 1599 proprio
2832 1530 2977 1586 Filio
3033 1549 3138 1586 non
3191 1535 3506 1600 pepercit‘,
3560 1544 3653 1599 et,

2065 1616 2205 1672 Deus
2235 1636 2390 1672 suum
2423 1619 2622 1672 Filium
2654 1622 2796 1674 misit
2820 1622 2862 1684 ',
2899 1639 3129 1692 quaeque
3162 1632 3292 1677 sunt
3316 1623 3653 1693 huiusmodi,

2065 1724 2187 1776 quae
2231 1707 2474 1762 divinam
2531 1719 2783 1763 naturam
2811 1712 2864 1764 in
2903 1713 3180 1781 passionis
3219 1713 3652 1784 dispensatione,

2066 1816 2174 1853 non
2203 1815 2332 1854 vero
2372 1800 2764 1856 humanitatem
2819 1813 3068 1872 spectare
3105 1804 3402 1859 videntur:
3446 1807 3654 1860 nihilo-

2065 1891 2248 1946 minus
2278 1907 2308 1944 a
2332 1893 2507 1946 sacris
2545 1894 2782 1948 decretis
2825 1909 2930 1947 non
2955 1895 3295 1960 recedemus,
3338 1895 3458 1964 ipso
3484 1895 3658 1950 Paulo

2065 1979 2270 2034 nudius
2318 1979 2385 2033 de
2421 1979 2524 2033 hoc
2565 1982 2886 2050 mysterium
2942 1983 3101 2036 nobis
3133 1983 3479 2050 cxplanantc.
3519 1982 3654 2038 Ubi-

2065 2084 2173 2138 que
2201 2069 2345 2123 enim
2371 2068 2579 2122 Christi
2607 2069 2748 2138 parti
2782 2070 3041 2125 humana:
3074 2073 3349 2140 passionis
3377 2073 3658 2142 dispensa-

2066 2157 2265 2212 tionem
2307 2159 2573 2226 assignat,
2607 2174 2732 2211 cum
2760 2157 2929 2212 dicit:
2961 2159 3229 2225 Quoniam
3260 2177 3350 2219 per
3387 2161 3655 2215 hominem

2067 2262 2240 2306 mors,
2289 2255 2336 2298 et
2387 2261 2478 2314 per
2536 2244 2798 2298 hominem
2860 2249 3173 2300 resurrectio
3239 2259 3570 2302 mortuorum
3610 2250 3650 2304 ³.

2065 2333 2133 2388 Ει
2163 2354 2176 2388 :
2211 2334 2351 2389 Deus
2405 2353 2558 2388 suum
2591 2334 2795 2389 Filium
2848 2353 2967 2389 cum
3023 2338 3187 2402 misit,
3218 2339 3273 2390 in
3307 2329 3657 2393 similitudine

2066 2428 2242 2480 carnis
2256 2430 2476 2497 peccati,
2491 2429 2545 2480 in
2563 2444 2720 2482 carne
2739 2439 3007 2498 peccatum
3025 2429 3383 2486 condemnavit
3399 2442 3414 2481 :
3430 2432 3484 2484 in
3499 2448 3657 2488 carne

2066 2519 2296 2590 inquit‘,
2325 2535 2433 2574 non
2452 2521 2506 2572 in
2531 2519 3236 2589 divinitate;et:Cruci/ixus
3250 2533 3326 2576 est
3347 2523 3657 2592 exinﬁrmi-

2068 2621 2194 2678 tale,
2211 2628 2430 2666 carnem
2447 2628 2542 2680 per
2558 2611 2927 2666 infirmitatem
2947 2605 3264 2682 signiﬁcans
3298 2627 3312 2666 :
3342 2615 3462 2670 vivit
3479 2627 3658 2670 autem

2065 2719 2130 2756 ea:
2158 2703 2400 2768 virtute”,
2441 2702 2779 2757 divinitatem
2816 2719 2911 2773 per
2943 2704 3198 2760 virtutem
3228 2705 3615 2762 demonstrans
3641 2724 3655 2771 ;

2065 2804 2156 2848 et:
2189 2792 2431 2847 Mortuus
2461 2803 2537 2847 est
2569 2805 2800 2863 peccato,
2843 2794 2893 2847 id
2915 2803 2999 2849 est
3031 2795 3246 2865 corpori
3282 2810 3294 2848 :
3333 2797 3455 2850 vivit
3482 2807 3659 2852 autem

2067 2885 2299 2950 Deo°,id
2326 2885 2717 2952 estdivinitati.
2741 2885 2922 2951 Quare
2951 2902 3047 2956 per
3079 2887 3194 2941 hanc
3219 2889 3483 2942 a’struitur
3511 2888 3658 2958 quod

2069 2977 2230 3033 homo
2253 2989 2480 3033 mortem
2501 2978 2741 3048 gustavit
2764 2996 2778 3032 :
2803 2979 3127 3034 immortalis
3148 2994 3276 3034 vero
3298 2987 3490 3036 natura
3512 2995 3660 3036 mor-

2067 3070 2138 3124 tis
2167 3070 2474 3139 passionem
2493 3085 2601 3123 non
2623 3068 2853 3138 accepit.
2886 3067 3118 3124 EttEum
3146 3072 3236 3140 qui
3254 3083 3525 3138 peccatum
3556 3089 3663 3129 non

2074 3163 2237 3224 novit,
2273 3179 2368 3230 pro
2407 3161 2554 3218 nobis
2584 3169 2855 3231 peccatum
2885 3160 3006 3230 fecit
3039 3163 3055 3191 ⁷
3091 3179 3104 3214 :
3136 3178 3326 3218 rursus
3377 3174 3662 3233 peccatum

2081 3269 2302 3308 carnem
2337 3254 2652 3310 nominans.

2152 3345 2264 3400 Hoc
2313 3357 2493 3400 autem
2525 3346 2689 3399 etiam
2723 3346 2901 3402 obiter
2929 3346 3200 3410 dicamus,
3252 3362 3360 3402 non
3411 3348 3662 3404 inutilius

2082 3437 2223 3492 forte
2246 3437 2535 3508 principali
2561 3438 2842 3506 proposito
2869 3437 3141 3492 videbitur
3170 3437 3530 3492 adventitium
3557 3439 3661 3492 hoc

2080 3544 2353 3582 acroan‘ia.
2407 3526 2688 3597 Siquidem
2727 3538 2918 3582 sancto
2965 3526 3127 3582 Petro
3167 3529 3406 3594 dicente,
3457 3530 3661 3586 Domi-

2080 3636 2205 3673 num
2237 3620 2410 3689 ipsum
2449 3629 2498 3672 et
2541 3618 2812 3673 Christum
2848 3619 2972 3687 fecit
3004 3621 3055 3686 3;
3099 3629 3154 3675 et
3183 3637 3378 3676 rursus
3415 3621 3664 3692 apostolo

2080 3709 2250 3764 Paulo
2277 3711 2344 3764 ad
2379 3710 2635 3766 Hebraeos
2661 3729 2673 3765 :
2703 3711 2849 3781 quod
2870 3713 3197 3766 sacerdotem
3239 3713 3435 3781 fecit’:
3467 3715 3666 3784 abripit

2081 3805 2384 3858 Eunomius
2414 3805 2642 3859 verbum
2671 3804 2794 3873 fecit
2821 3813 2880 3859 ut
2926 3806 3261 3860 exsistentia:
3289 3814 3416 3861 ante
3462 3810 3666 3863 saecula

2081 3897 2598 3951 demonstrativum.
2651 3897 2730 3952 Ac
2763 3912 2862 3967 per
2907 3898 3009 3951 hoc
3043 3905 3197 3968 putat
3237 3908 3495 3969 oportere
3528 3916 3666 3970 pra:-

2084 3993 2296 4045 s'lruere
2330 3987 2620 4042 Dominum
2661 3988 2794 4059 quid
2849 3988 3120 4044 factitium
3169 4005 3320 4045 esse.
3362 3990 3567 4046 Audiat
3617 3993 3668 4050 is

2082 4082 2308 4136 Paulum
2328 4082 2620 4144 dicentem,
2641 4081 2785 4152 quod
2813 4098 2931 4136 eum
2952 4084 3042 4151 qui
3071 4100 3172 4137 non
3203 4086 3343 4139 novit
3370 4096 3664 4152 peccatum,

2084 4191 2177 4244 pro
2218 4174 2366 4228 nobis
2396 4183 2667 4242 peccatum
2701 4173 2822 4243 fecit
2847 4175 2912 4228 ¹⁰.
2941 4174 2998 4228 Si
3027 4177 3253 4230 verbum
3307 4176 3429 4244 fecit
3465 4178 3532 4232 de
3566 4177 3670 4230 Uo-

2087 4272 2259 4333 mino,
2308 4276 2473 4338 atque
2502 4284 2565 4322 ex
2606 4268 2841 4337 epistola
2887 4268 2954 4322 ad
2998 4266 3277 4332 Hebraeos,
3320 4279 3373 4322 et
3413 4286 3477 4324 ex
3521 4268 3671 4325 Petri

2085 4377 2224 4416 voce
2250 4360 2317 4414 ad
2350 4367 2610 4414 aeternam
2643 4361 2919 4414 notionem
2953 4361 3204 4426 remittit,
3258 4362 3523 4430 praeclare
3563 4361 3667 4414 ba—

2087 4453 2231 4517 beat,
2271 4459 2325 4505 et
2365 4451 2506 4505 hanc
2539 4450 2612 4503 ibi
2647 4465 2832 4506 vocem
2865 4466 2986 4520 qua:
3043 4450 3137 4516 ait,
3182 4452 3328 4521 quod
3382 4461 3672 4523 peccatum

398 4546 632 4599 ἐνταῦθα
651 4545 857 4617 φωνὴν,
883 4547 918 4616 ἥ
938 4563 1121 4616 φησιν,
1142 4548 1224 4600 ὅτι
1239 4547 1551 4616 Ἀμαρτίαν
1571 4549 1758 4600 αὐτὸν
1780 4551 1813 4601 ὁ
1837 4551 1969 4616 Θεέ-ς

2089 4547 2264 4614 ipsum
2300 4542 2426 4597 fecit
2450 4541 2614 4604 Deus,
2637 4542 2702 4594 ad
2725 4544 2955 4613 primam
2981 4546 3235 4598 essentia)
3254 4545 3668 4600 subsistentiam

398 4639 706 4707 ἐποίησεν,
736 4642 816 4701 εἰς
841 4641 937 4709 τὴν
963 4641 1186 4712 πρώτην
1228 4641 1329 4709 τῆς
1371 4639 1563 4701 οὐσίας
1601 4639 1828 4707 ἀνάγειν
1856 4642 1986 4694 ὑπό-

403 4750 612 4792 στασιν,
653 4734 746 4786 καὶ
777 4732 867 4785 διά
895 4731 1055 4786 τοῦτο
1101 4732 1431 4802 πεποιῆσθαι
1462 4731 1624 4786 αὐτὸν
1655 4732 1776 4786 καθ’
1803 4733 1985 4802 ὁμοιό-

399 4843 538 4896 τητα
563 4827 671 4880 τῶν
695 4825 869 4881 ἄλλων
901 4825 1236 4898 μαρτυριῶν,
1267 4825 1644 4880 ἀποδεικνύειν
1668 4826 1979 4895 πειρᾶσθαι.

405 4920 519 4972 Ἵνα
539 4919 638 4990 τὴν
686 4921 1008 4986 Ἐποίησεν
1050 4918 1195 4984 λέξιν
1234 4921 1316 4983 εἰς
1342 4919 1442 4989 τὴν
1467 4918 1658 4972 οὐσίαν
1678 4918 1979 4986 ἀνενέγκοι,

404 5011 710 5075 ἀκολούθως
742 5013 921 5084 ἐαυτῷ
947 5012 1136 5073 ποιῶν.
1168 5013 1263 5066 καὶ
1294 5012 1393 5082 τὴν
1424 5010 1700 5082 ἁμαρτίαν
1725 5013 1784 5065 ἐν
1803 5013 1870 5082 τῇ
1899 5013 1982 5066 ού-

406 5104 497 5176 σίᾳ
521 5104 712 5176 βλέπῃ.
742 5106 805 5158 El
834 5105 890 5158 δὲ
912 5104 1070 5159 τοῦτο
1101 5104 1188 5158 διὰ
1218 5104 1276 5157 τὸ
1307 5104 1606 5176 περιφανὲς
1626 5103 1728 5174 τῆς
1751 5105 1984 5168 ἀτοπίας

403 5196 732 5266 αἰσχύνοιτο,
762 5198 858 5251 καὶ
895 5198 994 5268 τὴν
1027 5198 1113 5248 ἐπ’
1144 5196 1390 5266 ἐσχάτων
1433 5197 1747 5268 οἰκονομίαν
1780 5196 1870 5251 διά
1889 5195 1984 5250 τοῦ

405 5291 920 5360 εἰπεῖν,⁸Αμιιρτίαν
950 5291 1265 5360 ἐποίησεν,
1303 5290 1671 5347 ἐνδείκνυσθαι
1700 5293 1792 5346 τὸν
1828 5293 1986 5347 Ἀπό-

407 5377 590 5430 στολον
618 5377 764 5446 λέγοι
785 5418 799 5440 ,
829 5379 1073 5433 πεισάτω
1100 5379 1291 5433 ἑαυτὸν
1313 5379 1401 5433 διὰ
1427 5381 1524 5451 τῆς
1562 5381 1732 5451 αὐτῆς
1762 5382 1985 5435 ἀκολου-

408 5463 529 5530 θίας
550 5508 563 5530 ,
591 5470 750 5522 κάκεῖ
776 5469 837 5520 τὸ
888 5469 1165 5537 Ἐποίησε
1211 5469 1346 5541 πρὸς
1388 5471 1485 5544 τὴν
1519 5471 1831 5542 οίκονομίαν
1865 5472 1984 5542 βλέ-

411 5575 553 5611 πειν.

484 5765 501 5795 ¹
539 5763 697 5818 Rom.
739 5778 860 5825 vul,
907 5762 996 5816 3?.
1094 5762 1113 5792 ³
1157 5761 1291 5814 ibid.
1329 5761 1393 5822 ὃς
1440 5759 1616 5814 Gnlat.
1659 5777 1730 5820 tv,
1775 5760 1826 5812 4.

414 5836 436 5866 ⁸
465 5836 622 5890 liciti.
659 5851 735 5898 νι,
772 5836 856 5887 id.
933 5835 951 5862 ⁷
986 5831 1023 5885 ll
1056 5831 1182 5887 Cor.
1216 5849 1268 5890 ν,
1301 5835 1390 5884 21.

737 5930 1015 5990 Ριτιιοι..
1056 5924 1172 5990 Gn.
1208 5926 1385 5988 XLV.

1931 5761 1949 5791 ³
1993 5757 2168 5830 I7Cor.
2224 5773 2313 5830 xv,
2367 5754 2453 5830 2i.

1471 5834 1491 5863 ⁸
1522 5835 1641 5886 Act.
1677 5847 1740 5898 ιι,
1769 5829 1858 5889 '56.
1936 5835 1956 5864 ν
1989 5829 2152 5887 Hebr.
2187 5845 2237 5893 ν,
2275 5828 2327 5882 6.

2087 4652 2375 4701 revocare,
2431 4645 2485 4690 et
2525 4651 2589 4690 ex
2639 4636 2744 4690 hoc
2796 4637 3127 4698 testimonio,
3176 4645 3235 4689 ut
3276 4636 3346 4690 de
3395 4635 3518 4690 aliis
3554 4635 3671 4704 jam

2085 4724 2234 4790 fecit,
2270 4728 2654 4780 demonstrare
2693 4726 2904 4789 conari,
2963 4726 3142 4794 ipsum
3176 4725 3383 4778 factum
3410 4740 3560 4780 esse.
3592 4725 3670 4778 lla

2083 4827 2144 4872 ut
2173 4816 2468 4871 dictionem
2531 4815 2652 4884 fecit
2715 4815 2782 4869 ad
2820 4817 3118 4871 essentiam
3153 4814 3383 4880 referat,
3423 4816 3527 4871 sibi
3567 4815 3671 4884 ipsi

2081 4906 2419 4960 cohaerenter
2453 4905 2682 4968 faciens,
2729 4913 2784 4959 et
2843 4913 3134 4974 peccaturo
3181 4904 3236 4957 in
3287 4904 3528 4958 essentia
3579 4919 3671 4958 re-

2083 4995 2299 5065 spiciat.
2349 4996 2502 5062 Quod
2553 4997 2600 5050 si
2646 4996 2751 5049 hoc
2780 5005 3003 5064 propter
3057 4995 3417 5050 absurditatis
3460 4997 3673 5065 perspi-

2083 5089 2342 5142 cuitatem
2375 5087 2558 5141 dicere
2577 5086 2890 5152 erubescat,
2916 5086 3150 5155 atquein
3171 5086 3436 5140 extremis
3462 5095 3672 5154 tempo-

2084 5180 2238 5235 ribus
2255 5181 2450 5234 factam
2465 5179 2913 5242 oeconomiade
2926 5187 3011 5233 est
3024 5177 3674 5246 dispensationem,dient

2084 5271 2405 5342 Apostolum
2447 5269 2736 5326 ostendere
2785 5286 2851 5325 ex
2889 5286 2956 5326 eo
3000 5271 3144 5341 quod
3199 5267 3674 5339 dixit,Peccatum

2083 5367 2249 5442 fecit;
2313 5364 2416 5420 sibi
2473 5365 2578 5441 ipsi
2614 5362 2943 5433 persuadeat
2998 5377 3096 5433 per
3158 5363 3409 5418 eamdem
3471 5380 3671 5418 conse-

2091 5459 2394 5530 quentiam,
2435 5467 2489 5511 et
2548 5456 2662 5510 illic
2716 5454 2943 5511 verbum
3001 5454 3126 5525 fecit
3187 5455 3255 5511 ad
3309 5455 3671 5510 mccnomiam

2092 5553 2384 5622 reSpicere.‘

2537 5753 2557 5782 ‘
2613 5752 2770 5806 Rom.
2813 5767 2933 5816 vin,
2983 5753 3037 5806 5.
3151 5750 3175 5781 ⁸
3214 5748 3259 5803 11
3296 5748 3425 5804 Cor.
3458 5765 3579 5817 xm,
3617 5748 3676 5810 4.

2407 5825 2450 5857 ¹⁰
2488 5823 2650 5879 Rom.
2687 5841 2762 5892 γι,
2798 5823 2886 5878 10.

3297 5909 3374 5974 23
