4138 6364
506 373 612 429 715

511 602 731 652 sumus;
771 594 1028 641 sexcenta
1088 587 1233 642 enim
1288 589 1392 643 alia
1444 601 1640 659 praeter
1684 590 1798 646 haec
1844 606 1911 647 ex
1966 592 2084 662 ipsa

515 678 799 749 Scriptura
859 693 1154 749 possumus
1207 680 1482 749 colligere.
1550 678 1663 735 Nec
1725 690 1878 751 putet
1932 683 2088 751 quis-

512 784 675 839 quam
709 769 952 825 divinnm
987 769 1307 841 Apostolum
1339 771 1392 824 in
1428 771 1666 841 seipsum
1697 770 1934 827 divisum
1983 772 2088 827 sibi

515 862 621 931 ipsi
646 863 923 917 contraria
943 863 1187 929 sentire;
1218 878 1280 917 ac
1295 879 1394 934 pro
1419 865 1835 920 conﬁrmatione
1861 879 2088 920 suorum

516 955 831 1025 dogmatum
891 957 1261 1026 pugnantibus
1324 955 1393 1010 ad
1468 957 1965 1028 argumentandum
2035 956 2091 1009 in

472 1097 474 1101 ,
516 1054 806 1118 utramque
857 1056 1063 1115 partem
1112 1064 1179 1102 ex
1228 1063 1385 1117 atquo
1434 1064 1532 1118 per
1584 1065 1683 1103 sua
1734 1049 1936 1116 scripta
1976 1064 2093 1101 ma-

516 1141 686 1197 terias
718 1141 999 1211 praebere:
1037 1139 1306 1207 siquidem
1338 1140 1608 1194 invenerit
1640 1142 1765 1210 quis
1802 1140 2093 1209 diligenter

517 1236 836 1305 exquirens,
868 1234 1012 1302 quod
1064 1234 1131 1286 ad
1165 1250 1332 1287 unum
1369 1242 1560 1288 exacte
1612 1233 1732 1303 ejus
1770 1248 1955 1287 sermo
1989 1249 2075 1286 rc-

470 1356 471 1359 η
519 1325 703 1395 spicit.
737 1323 924 1393 Neque
951 1325 1004 1377 in
1034 1325 1536 1393 sententiis,neque
1566 1324 1622 1377 in
1671 1322 1986 1377 notionibus
2009 1322 2094 1375 iu-

521 1427 731 1472 certat:
767 1418 971 1487 ubique
1014 1419 1158 1472 enim
1212 1417 1435 1470 humani
1483 1432 1607 1469 cum
1656 1416 1843 1470 divino
1893 1425 2098 1484 tempe-

522 1510 790 1565 rationem
828 1509 1155 1578 praedicans,
1192 1509 1549 1563 nihilominus
1599 1509 1655 1562 in
1686 1516 1920 1577 utroque
1951 1506 2099 1577 quod

525 1601 725 1670 cuique
768 1604 1050 1670 pr0prinm
1080 1609 1163 1655 est
1211 1601 1494 1663 intuetur,
1554 1610 1612 1653 ut
1656 1601 1823 1654 etiam
1861 1600 2098 1652 humana

527 1691 843 1746 inﬁrmitate
888 1707 984 1761 per
1017 1694 1458 1746 communionem
1510 1708 1633 1744 cum
1685 1690 2100 1761 incorruptibili

529 1784 586 1837 in
616 1784 670 1838 id
710 1782 858 1852 quod
909 1784 1102 1838 melius
1137 1792 1220 1838 est
1250 1792 1651 1839 transmutata:
1685 1791 1739 1837 et
1780 1783 1965 1836 divina
2001 1798 2098 1852 po-

531 1875 723 1939 tentia,
758 1891 866 1929 non
898 1891 927 1928 a
962 1877 1183 1945 pr0pria
1207 1874 1475 1945 dignitate
1512 1874 1825 1940 excidentc,
1859 1891 1954 1943 per
1982 1889 2101 1928 eam

532 1984 693 2037 quam
729 1968 890 2023 habet
920 1970 1315 2023 conuexionem
1346 1984 1469 2024 cum
1493 1984 1558 2023 eo
1588 1970 1732 2038 quod
1771 1977 1854 2022 cst
1880 1968 2104 2022 humile.

530 2062 665 2115 Cum
709 2062 874 2132 igitur
903 2062 1037 2116 dicit
1067 2063 1211 2132 quod
1238 2058 1382 2117 Filio
1405 2076 1507 2117 non
1534 2059 1763 2129 pepercit
1808 2061 1875 2123 η,
1910 2077 2099 2116 verum

532 2150 735 2205 Filium
790 2151 1054 2206 discernit
1088 2167 1117 2206 a
1150 2151 1423 2222 generatis
1455 2160 1507 2203 et
1538 2151 1615 2220 (α)
1650 2149 1927 2218 adoptatis
1956 2164 1970 2204 :
2025 2150 2109 2205 his

534 2243 679 2304 dico,
713 2243 804 2312 qui
842 2258 937 2313 per
975 2244 1097 2311 ejus
1142 2243 1429 2311 imperium
1464 2240 1714 2310 producti
1761 2248 1888 2295 sunt
1919 2241 1984 2294 ad
2016 2255 2111 2311 ge-

535 2333 872 2388 nerationem
902 2352 914 2385 :
951 2332 1151 2402 proprii
1184 2332 1463 2387 additione
1493 2332 1639 2401 quod
1674 2331 1976 2386 secundum
2013 2347 2112 2384 na-

536 2435 713 2481 turam
760 2436 846 2483 est
901 2426 1169 2480 familiare
1203 2425 1539 2495 signiﬁcans.
1590 2427 1669 2479 Ac
1734 2441 1799 2479 ne
1850 2425 1975 2495 quis
2011 2424 2111 2479 im—

538 2519 755 2573 mortali
785 2529 992 2573 naturae
1030 2518 1339 2588 passionem
1373 2518 1556 2571 crucis
1608 2514 1839 2581 aﬂ'ricet,
1878 2534 1976 2588 per
2006 2517 2112 2570 alia

544 2610 923 2667 manifestiora
951 2612 1115 2665 talem
1156 2610 1413 2664 emendat
1444 2625 1712 2674 errorem,
1754 2611 2112 2665 mediatorem

542 2704 720 2775 ipsum
750 2703 845 2759 Dei
878 2712 930 2758 et
959 2702 1263 2764 hominum,
1305 2710 1360 2756 et
1402 2702 1677 2758 hominem
1706 2712 1760 2758 et
1807 2702 1976 2757 Deum
2015 2718 2115 2757 no-

543 2798 784 2863 minans,
816 2804 876 2850 ut
906 2810 1029 2851 cum
1065 2795 1174 2849 duo
1208 2794 1276 2849 de
1317 2810 1429 2850 uno
1471 2795 1752 2859 dicuntur,
1811 2778 2116 2866 con'gruum

541 2889 880 2959 intelligatur
932 2889 986 2942 in
1031 2895 1300 2956 utroque:
1351 2888 1405 2940 in
1457 2902 1523 2940 eo
1566 2887 1715 2957 quod
1749 2886 1993 2941 divinum
2035 2893 2120 2941 est

544 2980 983 3050 impassibilitas,
1019 2979 1073 3031 in
1105 2992 1170 3033 eo
1213 2977 1361 3048 quod
1414 2987 1497 3032 est
1544 2978 1866 3040 humanum,
1903 2977 1957 3031 in
1990 2992 2119 3046 pas-

545 3067 703 3121 sione
750 3065 1114 3135 dispensatio,
1183 3080 1308 3119 cum
1357 3065 1672 3121 intellectus
1719 3066 2026 3136 distinguat
2068 3076 2123 3123 et

1772 376 1831 433 S.
1872 373 2199 430 CRECORH
2230 374 2521 431 NYSSENI

579 494 687 550 Sed
751 506 1110 559 revertamur.
1143 510 1337 553 rursus
1392 499 1458 552 ad
1524 498 1577 552 id
1627 501 1771 555 unde
1848 501 2157 571 digressiA

3659 374 3762 431 7M

2267 503 2405 555 Ἀλλ’
2450 501 2831 572 ἐπανέλθωμεν
2885 500 3047 554 πάλιν
3087 500 3210 554 ὅθεν
3254 498 3543 568 ἐξέϐημεν.
3578 498 3770 569 Μυρία

2187 598 2295 670 γάρ
2334 597 2469 667 πρὸς
2514 596 2721 659 τούτοις
2766 595 2900 650 ἄλλα
2946 594 3169 647 δυνατόν
3204 595 3350 645 ὲστιν
3373 594 3436 645 ἐκ
3468 594 3567 662 τῆς
3590 593 3753 661 αὐτῆς

2189 691 2411 761 Γραφῆς
2442 688 2578 758 πρὸς
2622 688 2713 740 τὸν
2763 687 2961 740 σκοπὸν
3007 685 3386 749 ἀναδέξασθαι.
3440 685 3550 737 Καὶ
3582 684 3765 754 μηδεὶς

2189 781 2384 833 οἰέσθω
2402 779 2490 832 τὸν
2512 778 2654 831 θεῖον
2669 778 2990 831 Ἀπόστολον
3013 777 3135 831 καθ’
3156 774 3352 829 ἑαυτοῦ
3376 775 3513 842 πρὸς
3532 775 3600 829 τὰ
3619 776 3773 827 ὲνανο

2190 871 2280 925 τία
2326 871 2677 942 μερίζεσθαι,
2726 872 2836 932 τοῖς
2883 868 3210 939 μαχομένοις
3244 866 3382 920 κατά
3430 867 3496 919 τὰ
3526 866 3772 935 δόγματα

2195 963 2330 1038 πρὸς
2359 964 2457 1035 τὴν
2489 964 2566 1026 εἰς
2609 961 2867 1031 ἑκάτερον
2895 960 3235 1029 ἐπιχείρησιν
3267 958 3331 1010 ὲκ
3360 956 3453 1010 τοῦ
3490 956 3604 1009 ἴσον
3634 973 3777 1027 παρ-

2196 1059 2337 1129 έχειν
2370 1057 2456 1110 διά
2470 1057 2577 1108 τῶν
2608 1055 2749 1108 ἰδίων
2771 1054 2868 1117 τὰς
2898 1052 3029 1114 ῦλας
3050 1062 3065 1075 ⁸
3101 1050 3249 1122 εὖροι
3278 1048 3386 1116 γὰρ
3415 1048 3481 1101 ἄν
3506 1065 3590 1111 τις
3613 1047 3776 1119 ἀκρι-

2197 1151 2308 1215 ϐῶς
2338 1149 2625 1217 ἐξετάζων,
2659 1149 2739 1201 ὅτι
2770 1146 2907 1217 πρὸς
2936 1145 2991 1195 ἓν
3012 1142 3161 1213 αύτῷ
3192 1142 3375 1211 βλέπει
3403 1140 3468 1192 δι’
3493 1139 3777 1210 ἀκριϐείας

2197 1242 2226 1294 ὀ
2260 1242 2436 1309 λόγος.
2464 1239 2567 1293 Καὶ
2590 1239 2689 1291 οὐκ
2717 1234 3046 1299 ἐπιδιστάζει
3073 1236 3190 1295 ταῖς
3219 1230 3485 1292 ἐπινοίαις
3508 1246 3521 1257 ·
3570 1247 3777 1283 παντα-

2200 1334 2295 1406 χοῦ
2320 1333 2427 1403 γὰρ
2458 1332 2555 1402 τὴν
2576 1330 2667 1383 τοῦ
2688 1327 3029 1398 ἀνθρωπίνου
3056 1325 3191 1397 πρὸς
3221 1324 3281 1375 τὸ
3307 1322 3447 1375 θεῖον
3476 1321 3779 1391 ἀνάκρασιν

2200 1423 2511 1497 κηρύσσων,
2545 1423 2695 1475 οὐδὲν
2722 1416 2891 1492 ἦττον
2914 1421 2971 1471 ἐν
3008 1417 3250 1486 ἑκατέρῳ
3294 1414 3353 1466 τὸ
3388 1413 3517 1465 ἴδιον
3548 1412 3779 1481 καθορᾷ,

2200 1517 2277 1580 ὡς
2303 1517 2394 1569 καὶ
2431 1515 2527 1583 τῆς
2559 1512 2904 1580 ἀνθρωπίνης
2952 1506 3236 1567 ἀσθενείας
3284 1504 3371 1556 διὰ
3408 1507 3506 1573 τῆς
3557 1502 3690 1572 πρδς
3719 1501 3783 1552 τὸ

2201 1609 2476 1678 ἀκήρατον
2506 1602 2789 1665 κοινωνίας
2823 1601 2960 1673 πρὸς
2989 1600 3051 1652 τὸ
3094 1600 3342 1669 κρεῖττον
3371 1593 3779 1663 ἀλλοιωθείσης,

2204 1702 2297 1754 καὶ
2335 1701 2433 1768 τῆς
2481 1697 2629 1760 Θείας
2679 1696 2959 1764 δυνάμεως
3001 1693 3060 1745 ού
3124 1687 3675 1759 συγκαταπιπτούσης
3712 1687 3781 1754 τῇ

2206 1793 2342 1863 πρὸς
2376 1792 2438 1845 τὸ
2472 1789 2726 1844 ταπεινὸν
2769 1787 3032 1857 συναφεία
3069 1785 3167 1855 τῆς
3199 1784 3413 1853 φύσεως
3493 1781 3659 1832 Ὅταν
3690 1774 3786 1830 οὖν

2211 1886 2365 1956 λέγῃ,
2388 1884 2469 1937 ὅτι
2505 1884 2612 1935 Τοῦ
2640 1878 2774 1934 Υίοῦ
2804 1880 2913 1932 οὐκ
2939 1876 3240 1945 ἐφείσατο,
3266 1874 3353 1927 τὸν
3383 1870 3631 1941 ἀληθινὸν
3659 1869 3788 1920 Υἱδν

2209 1973 2628 2032 ἀντιδιαστέλλει
2658 1973 2768 2032 τοῖς
2795 1966 3098 2037 γεννηθείσι
3135 1983 3226 2019 και
3251 1963 3510 2033 ὑψωθεῖσι
3539 1960 3633 2012 καὶ
3664 1958 3791 2012 ἀθε-

2210 2070 2408 2140 τήσασι
2436 2083 2449 2096 ·
2473 2063 2683 2126 τούτοις
2710 2060 2872 2129 λέγω,
2904 2061 3015 2121 τοῖς
3041 2056 3128 2109 διὰ
3166 2055 3582 2126 προστάγματος
3644 2065 3789 2140 παρ,-

2209 2163 2449 2236 αχθεῖσιν
2466 2160 2543 2221 εἰς
2565 2155 2774 2224 γένεσιν
2793 2170 2807 2183 ·
2839 2154 2905 2221 τῇ
2936 2150 3027 2203 τοῦ
3066 2148 3218 2201 ἰδίου
3247 2144 3533 2217 προσθήκῃ
3558 2141 3618 2236 τὸ
3651 2139 3794 2192 κατὰ

2213 2234 2311 2321 την
2351 2249 2508 2319 φύσιν
2537 2248 2734 2301 οἰκεῖον
2756 2242 3155 2313 ὲπισημαίνων.
3192 2238 3301 2291 Καὶ
3329 2237 3403 2299 ὡς
3426 2236 3490 2289 ἀν
3517 2235 3589 2305 μή
3620 2249 3701 2295 τις
3722 2234 3793 2302 τῇ

2214 2341 2477 2413 ἀκηράτῳ
2509 2338 2666 2408 φύσει
2695 2338 2755 2390 τὸ
2789 2335 2931 2389 κατά
2953 2334 3043 2387 τὸν
3072 2331 3302 2401 σταυρὸν
3333 2329 3500 2390 πάθος
3536 2323 3796 2396 προστρί-

2217 2437 2394 2498 ϐοιτο,
2443 2434 2508 2487 δι’
2553 2432 2752 2503 ἐτέρων
2787 2426 3122 2499 τρανοτέρων
3156 2424 3253 2494 τὴν
3274 2418 3528 2489 τοιαύτην
3561 2418 3797 2482 ἐπανορ-

2218 2523 2404 2579 θοῦται
2435 2523 2663 2592 πλάνην,
2709 2520 2932 2590 μεσίτην
2977 2515 3137 2569 αὑτὸν
3182 2511 3316 2566 Θεοῦ
3347 2511 3441 2563 καὶ
3471 2505 3797 2577 ἀνθρώπων,

2218 2618 2312 2671 καὶ
2335 2615 2616 2686 ἄνθρωπον
2646 2614 2738 2664 καὶ
2757 2608 2889 2662 Θεὸν
2928 2604 3231 2677 ὀνομάζων,
3269 2603 3335 2655 ἵν’
3390 2599 3575 2653 ὲκ-τοῦ
3606 2597 3673 2649 τὰ
3703 2594 3802 2648 δύο

2220 2707 2349 2777 περὶ
2379 2685 2445 2758 τὸν
2467 2703 2525 2757 ἓν
2568 2699 2839 2770 λέγεσθαι,
2875 2698 2934 2750 τὸ
2980 2695 3287 2767 πρόσφορον
3319 2692 3488 2743 νοοῖτο
3518 2688 3646 2757 περὶ
3673 2685 3801 2738 ἐκά-

2219 2814 2409 2870 τερον·
2471 2796 2599 2867 περὶ
2648 2794 2744 2863 μὲν
2785 2791 2846 2843 τὸ
2892 2790 3080 2852 Θεῖον,
3123 2789 3157 2854 ἡ
3190 2784 3457 2843 ἀπάθεια,
3508 2779 3635 2850 περὶ
3663 2778 3717 2831 δὲ
3738 2777 3802 2870 τὸ

2222 2890 2558 2961 ἀνθρώπινον
2585 2888 2617 2956 ἡ
2646 2883 2786 2938 κατὰ
2812 2881 2872 2934 τὸ
2924 2879 3092 2942 πάθος
3136 2875 3411 2944 οἰκονομία
3436 2914 3451 2935 ,
3492 2873 3658 2941 αὐτῆς
3705 2865 3803 2922 οὖν

2224 2982 2462 3043 ἐπινοίας
2522 2975 2832 3048 διαιρούσης
2891 2972 2949 3025 τὸ
3003 2969 3144 3024 κατά
3219 2963 3629 3036 φιλανθρωπίαν
3700 2961 3803 3031 μὲν

2224 3073 2536 3145 ἡνωμένον,
2589 3068 2667 3139 τῷ
2706 3068 2761 3120 δὲ
2799 3064 2941 3133 λόγῳ
2987 3059 3407 3131 διακρινόμενον.
3461 3055 3626 3107 Ὅταν
3658 3052 3715 3104 δὲ
3740 3049 3805 3103 τὸ

546 3158 776 3224 dividat,
828 3158 972 3227 quod
1026 3166 1252 3229 propter
1300 3158 1695 3230 benignitatem
1752 3162 1805 3215 in
1870 3162 2121 3222 homines

2227 3141 2620 3232 ύπερκείμενόν
2662 3174 2720 3210 τε
2776 3156 2869 3207 καὶ
2904 3152 3165 3223 ὑπερέχον
3212 3147 3389 3201 πάντα
3428 3144 3551 3199 νοῦν
3593 3141 3801 3213 κηρύσ-

547 3248 767 3316 quidem
817 3248 1031 3301 unitum
1079 3255 1185 3311 est,
1234 3248 1450 3304 ratione
1486 3258 1669 3304 autem
1702 3251 2024 3309 distinctum
2076 3266 2131 3312 et

550 3340 872 3395 discretum.
891 3339 1028 3393 Cum
1054 3347 1238 3393 autem
1258 3339 1403 3408 quod
1426 3342 1796 3410 supereminet
1824 3355 1878 3400 et
1908 3356 2132 3416 superat

551 3445 767 3483 omnem
781 3429 1114 3483 intellectum
1130 3428 1699 3497 prmdicat,altioribus
1716 3447 1848 3488 usus
1860 3442 1945 3488 est
1961 3436 2134 3490 nomi-

553 3521 738 3583 nibus,
760 3521 812 3573 in
839 3520 1093 3574 omnibus
1122 3518 1287 3573 Deum
1314 3529 1367 3574 et
1388 3535 1640 3589 magnum
1671 3520 1933 3586 Deum,et
1957 3526 2131 3580 virtu-

558 3622 665 3667 tem
701 3609 818 3675 Dei,
847 3617 901 3665 et
934 3609 1283 3680 sapientiam,
1311 3616 1365 3663 et
1412 3610 1541 3663 talia
1590 3611 1944 3667 nominando.
1996 3613 2133 3669 Cum

557 3720 685 3759 vero
707 3718 869 3758 omne
900 3702 1214 3757 necessario
1239 3711 1463 3772 prOpter
1489 3710 1734 3757 nostram
1762 3704 2133 3761 inﬁrmitatem

557 3802 896 3864 assumptum
966 3794 1373 3862 perpessionum
1413 3793 1841 3861 experimentum
1886 3811 2138 3852 sermone

557 3888 853 3946 describit:
894 3902 959 3942 ex
987 3895 1176 3943 nostro
1208 3886 1369 3942 simul
1406 3894 1695 3957 utrumque
1742 3890 2007 3954 nominat,
2035 3891 2137 3946 ho.

560 3982 759 4035 minem
817 3981 995 4049 ipsum
1039 3979 1341 4048 appellans,
1375 3995 1482 4033 non
1532 3992 1874 4035 communem
1932 3982 2139 4039 faciens

560 4087 686 4125 cum
715 4071 924 4140 reliqua
961 4077 1158 4124 natura
1182 4085 1277 4139 per
1305 4086 1494 4126 vocem
1523 4088 1647 4126 eum
1682 4072 1772 4142 qui
1803 4074 2141 4143 significatur

563 4166 639 4234 (ὁ)
653 4173 713 4221 ut
727 4164 782 4219 in
798 4174 1029 4232 utraque
1064 4162 1210 4230 quod
1232 4161 1381 4231 pium
1401 4170 1484 4216 est
1502 4172 1861 4218 conservetur
1875 4173 1929 4219 et
1954 4165 2142 4220 Imma-

564 4257 729 4309 nitate
759 4269 854 4323 per
874 4252 1301 4322 assumptionem
1316 4251 1636 4322 gloriﬁcata,
1660 4261 1713 4308 et
1741 4254 2027 4310 divinitate
2044 4272 2142 4326 per

564 4344 1124 4399 accommodationem
1183 4342 1484 4399 exinanita.
1521 4343 1629 4399 Sed
1662 4346 1753 4415 qui
1786 4346 1876 4401 det
1920 4347 2140 4417 quidem

567 4436 1015 4511 perpessionibus
1063 4436 1361 4490 humanam
1413 4444 1648 4506 partem,
1703 4447 1962 4508 operetur
2008 4456 2140 4496 vero

2235 3273 2324 3329 σῃ,
2385 3258 2495 3317 τοῖς
2542 3248 2891 3320 ὑψηλοτέροις
2928 3246 3189 3314 κέχρηται
3234 3239 3341 3293 τῶν
3380 3236 3675 3307 ὀνομάτων,
3712 3232 3807 3329 ἐπὶ

2234 3324 2449 3405 πάντων
2477 3345 2640 3406 Θεὸν,
2686 3340 2779 3394 καὶ
2810 3338 2981 3408 μέγαν
3026 3336 3190 3396 Θεὸν,
3235 3333 3331 3385 κα)⁸
3378 3330 3601 3398 δύναμιν
3642 3324 3806 3389 Θεοῦ,

2232 3444 2328 3497 καὶ
2381 3439 2592 3507 σοφίαν,
2647 3435 2739 3489 καὶ
2784 3433 2851 3486 τὰ
2886 3428 3108 3483 τοιαῦτα
3150 3425 3351 3480 καλῶν.
3402 3423 3590 3475 Πᾶσαν
3624 3419 3679 3471 δὲ
3707 3416 3808 3487 τὴν

2232 3531 2541 3602 ἀναγκαίως
2571 3528 2659 3581 διὰ
2686 3526 2746 3579 τὸ
2779 3524 3043 3596 ἡμέτερον
3073 3518 3291 3581 ἀσθενὲς
3325 3509 3811 3585 συμπαραληφθεῖ-

2235 3646 2335 3682 σαν
2374 3626 2482 3679 τῶν
2525 3619 2862 3690 παθημάτων
2911 3616 3103 3684 πεῖραν
3152 3609 3482 3681 ὑπογράφων
3519 3604 3598 3674 τῷ
3639 3603 3804 3671 λόγῳ,

2235 3721 2299 3772 ὲκ
2354 3716 2453 3770 τοῦ
2499 3712 2772 3785 ἡμετέρου
2828 3704 3184 3774 κατονομάζει
3240 3699 3301 3753 τὸ
3358 3695 3762 3778 συναμφότερον
3788 3707 3805 3722 ³

2235 3811 2519 3880 ἄνθρωπον
2560 3804 2717 3857 αὑτὸν
2750 3796 3185 3872 προσαγορεύων,
3219 3794 3277 3846 οὐ
3305 3788 3619 3844 κοινοποιῶν
3668 3785 3809 3857 πρὸς

2236 3903 2337 3973 τὴν
2379 3897 2569 3968 λοιπὴν
2606 3895 2764 3965 φύσιν
2809 3891 2896 3944 διὰ
2936 3889 3035 3959 τῆς
3072 3886 3255 3957 φωνῆς
3296 3884 3387 3936 τὸν
3439 3882 3467 3935 δ
3490 3921 3504 3936 .
3530 3921 3543 3933 .
3575 3880 3812 3973 τέραν

2238 3970 2303 4047 τό
2323 3989 2601 4044 εὐσέϐειαν
2636 3981 2992 4055 φυλαχθῆναι,
3023 3977 3116 4031 τοῦ
3145 3994 3203 4030 τε
3235 3973 3573 4045 ἀνθρωπίνου
3602 3970 3687 4022 διὰ
3710 3970 3813 4037 τῆς

2239 4080 2559 4150 ἀναλήψεως
2586 4070 2964 4141 δοξαζομένου,
2992 4068 3086 4121 κα)⁸
3125 4066 3219 4120 τοῦ
3240 4064 3395 4117 Geloi.)
3423 4063 3511 4115 διὰ
3554 4062 3652 4129 τῆς
3682 4074 3815 4125 συγ-

2240 4171 2591 4231 καταὸάσεως
2620 4160 2945 4232 κενουμένου
2973 4156 3439 4232 (α)ἁλ>,ὰδιδόντος
3460 4154 3554 4227 μὲν
3568 4155 3679 4217 τοῖς
3707 4166 3814 4201 παι.

2242 4267 2448 4337 θήμασι
2489 4262 2549 4313 τὴ
2597 4256 2934 4327 ἀνθρώπινον
2990 4249 3151 4321 μέρος
3176 4265 3191 4279 ·
3242 4243 3588 4337 ἐνεργοῦντος
3619 4240 3682 4337 μδὲ
3715 4240 3816 4310 τὴν

2242 4332 2336 4411 τοῦ
2372 4350 2698 4412 πεπονθότος
2736 4346 3032 4400 ἀνάστασιν
3068 4340 3157 4393 διὰ
3188 4338 3286 4408 τῆς
3316 4336 3463 4397 θείας
3506 4332 3813 4402 δυνάμεως.

2243 4448 2354 4502 Καὶ
2382 4443 2554 4506 οὕτως
2585 4443 2620 4512 ἦ
2647 4457 2705 4493 τε
2733 4437 2827 4491 τοῦ
2863 4435 3088 4490 θανάτου
3119 4432 3282 4502 πεῖρα
3312 4427 3405 4481 ἐπὶ
3433 4426 3524 4481 τὸν
3554 4440 3816 4476 κεκοινω-

565 4534 687 4600 ejus
716 4530 808 4600 qui
838 4544 1133 4601 perpessus
1166 4540 1251 4584 est
1269 4507 1750 4584 resurrectionem
1767 4546 1866 4602 per
1895 4532 2121 4587 divinan

2244 4536 2444 4608 νηκότα
2471 4536 2569 4604 τῆς
2593 4507 2869 4601 έμπαθοῦς
2891 4524 3103 4594 φύσεως
3131 4520 3457 4589 ἀναφέρεται
3480 4516 3568 4569 διά
3595 4515 3693 4584 τὴν
3720 4511 3817 4566 τοῦ

566 4623 846 4675 virtutem.
881 4619 942 4673 Et
978 4620 1057 4675 sic
1093 4620 1285 4675 mortis
1318 4621 1755 4690 experimentum
1791 4622 1858 4677 ad
1891 4639 2014 4679 eum
2044 4626 2139 4696 qui

567 4713 843 4782 particeps
879 4710 1059 4767 factus
1081 4719 1166 4767 est
1195 4720 1407 4766 natura:
1434 4714 1676 4783 patibilis
1717 4713 1976 4782 refertur,
2012 4733 2143 4787 pro-

567 4813 689 4875 pter
730 4802 968 4858 bominis
999 4818 1185 4858 secum
1233 4804 1513 4859 unionem.
1562 4807 1739 4875 Atque
1787 4806 1877 4861 illa
1918 4810 2133 4865 excelsa

568 4905 625 4953 et
653 4894 766 4950 Deo
814 4895 1012 4949 decora
1057 4896 1278 4950 nomina
1330 4896 1385 4950 in
1442 4896 1717 4951 hominem
1772 4899 2138 4956 descendunt.

569 4988 651 5044 Ita
691 4999 752 5044 ut
801 4987 1067 5043 Dominus
1099 4988 1284 5058 gloriae
1337 4988 1384 5042 is
1414 4990 1508 5057 qui
1537 4990 1591 5042 in
1641 5004 1807 5045 cruce
1853 4992 2006 5049 visus
2037 5004 2144 5061 est,

573 5082 907 5145 nominetur,
958 5086 1181 5147 propter
1225 5078 1678 5147 temperationem
1725 5089 1936 5135 natura;
1971 5082 2147 5150 ipsius

572 5187 695 5228 cum
735 5184 802 5225 eo
831 5168 976 5241 quod
1006 5176 1090 5223 est
1117 5168 1342 5233 humile,
1398 5176 1451 5221 et
1476 5169 1623 5237 quod
1655 5170 1829 5239 gratia
1862 5173 2146 5227 nominum

573 5282 641 5321 ex
684 5264 869 5318 divino
902 5262 969 5316 ad
1020 5261 1319 5314 humanum
1354 5267 1617 5319 transeat.
1655 5260 1736 5317 Ob
1764 5278 1882 5319 eam
1924 5280 2147 5319 causam

576 5357 724 5412 varie
786 5355 1211 5421 diﬁ‘erenterque
1246 5352 1424 5421 ipsum
1477 5351 1675 5417 tradit,
1726 5355 1887 5409 modo
1928 5358 2146 5427 quidem

575 5463 700 5503 eum
739 5446 833 5516 qui
876 5444 943 5499 de
974 5443 1130 5498 caelis
1161 5442 1464 5507 descendit,
1518 5446 1679 5499 modo
1711 5462 1742 5502 e
1789 5448 2019 5504 muliere
2059 5465 2152 5520 ge-

676 5545 716 5575 “
761 5543 919 5597 ltum.
965 5557 1087 5606 vni,
1127 5540 1216 5596 δί.

639 5622 691 5683 (a
730 5620 835 5671 Hoc
858 5618 1109 5669 invenitur
1129 5633 1179 5668 in
1196 5617 1645 5669 Justinianied.De
1667 5618 1763 5667 ﬁde
1786 5618 1893 5667 adv.
1914 5617 2145 5665 haereses.

639 5622 712 5745 (1)}
743 5684 935 5733 Textus
969 5683 1167 5733 Graecus
1194 5688 1470 5745 corruptus.
1498 5708 1556 5718 —
1578 5678 1868 5745 Medicinam
1903 5677 2015 5730 facit
2038 5678 2144 5745 cod.

639 5677 708 5743 ib)
743 5684 935 5733 Textus
969 5683 1167 5733 Graecus
1194 5688 1470 5743 corruptus.
1498 5708 1556 5718 —
1578 5678 1868 5743 Medicinam
1903 5677 2015 5730 facit
2038 5678 2144 5725 cod.

580 5742 770 5803 navat,
795 5747 848 5794 ού
880 5748 1163 5795 κοινοποιῶν
1195 5743 1309 5807 πρὸς
1339 5742 1424 5799 τὴν
1448 5745 1615 5807 λοιπὴν
1636 5742 1771 5807 φύσιν
1795 5742 1872 5807 dicit
1895 5747 1978 5807 τῇς
1996 5744 2151 5807 φωνῆς

576 5810 657 5857 τὸν
688 5802 1000 5865 διελούμενον,
1028 5809 1130 5859 ἀλλ’
1163 5802 1289 5855 ὥστε
1319 5806 1424 5863 περὶ
1452 5802 1672 5854 ἑκάτερον
1698 5802 1753 5853 τό
1783 5804 1970 5857 εὐσεϐὲς
2007 5802 2152 5852 φυλα-

2241 4603 2527 4701 ἀνθρώπου
2580 4622 2717 4694 πρὸς
2749 4618 2911 4672 αὐτὸν
2944 4616 3173 4669 ενωσιν·
3222 4608 3410 4701 καὶτὰ
3438 4604 3617 4676 ὑψηλά
3634 4603 3817 4701 senm}

2243 4692 2523 4789 θεοπρεπῆ
2555 4692 2663 4766 τῶν
2692 4706 2969 4779 ὀνομάτων
3011 4703 3102 4758 ἐπὶ
3126 4702 3216 4756 τὸν
3246 4698 3528 4771 ἄνθρωπον
3559 4692 3819 4789 καταϐαίῐ

2241 4828 2340 4864 νει.
2382 4782 2492 4870 ’Ὦς
2513 4782 2612 4858 καὶ
2637 4801 2839 4872 Κύριον
2872 4800 2971 4867 τῆς
3003 4795 3159 4863 δόξης
3191 4792 3280 4845 τὸν
3322 4791 3413 4842 ἐπὶ
3447 4786 3541 4841 τοῦ
3583 4782 3818 4855 σταυροῦ

2246 4900 2480 4970 φανέντα
2514 4886 2999 4961 κατονομάζεσθαι,
3026 4888 3093 4955 τῇ
3119 4882 3216 4944 τῆς
3247 4877 3460 4949 φύσεως
3494 4874 3659 4970 αὑτοῦ
3682 4873 3820 4943 πρὸς

2242 4961 2304 5040 τὸ
2318 4981 2569 5039 ταπεινὸν
2591 4976 2910 5047 ἀνακράσει,
2940 4972 3032 5025 καὶ
3057 4970 3153 5040 τῆς
3174 4966 3279 5020 τῶν
3303 4964 3580 5033 ὀνομάτων
3600 4961 3821 5031 χάριτος

2245 5082 2309 5134 ἐκ
2340 5075 2434 5129 τοῦ
2463 5072 2625 5125 Θείον
2662 5068 2799 5137 πρὸς
2839 5066 2902 5118 τὸ
2940 5060 3282 5134 ἀνθρώπινον
3317 5052 3818 5127 συμμετελθούσης.

2245 5169 2345 5223 Διά
2369 5166 2527 5222 τοῦτο
2559 5162 2816 5222 ποικίλως
2842 5158 2937 5211 καὶ
2969 5154 3236 5223 διαφόρως
3269 5150 3428 5203 αὐτὸν
3464 5145 3819 5214 παραδίδωσι,

2246 5264 2341 5318 νῦν
2384 5262 2479 5332 μὲν
2504 5259 2594 5311 τὸν
2634 5256 2693 5320 ἐξ
2730 5249 2973 5324 οὐρανῶν
3005 5245 3331 5300 κατελθόντα
3352 5285 3365 5308 ,
3416 5239 3511 5292 νῦν
3542 5237 3598 5289 δὲ
3636 5236 3727 5287 τὸν
3756 5236 3823 5332 ἐκ

2245 5355 2500 5427 γυναικὸς
2542 5347 2897 5419 γεννηθέντα,
2927 5343 3022 5396 καὶ
3052 5340 3184 5394 Θεδν
3209 5334 3561 5407 προαιὼνιον,
3598 5330 3693 5383 καὶ
3735 5327 3823 5380 ἐπ’

2249 5420 2489 5520 έσχάτων
2534 5440 2757 5515 ἡμερῶν
2799 5436 3118 5506 ἄνθρωπον,
3187 5427 3358 5491 οὕτως
3391 5427 3485 5481 καὶ
3530 5420 3746 5489 ἀπαθὴς
3794 5420 3825 5473 ὀ

3134 5542 3135 5545 “
3625 5536 3650 5567 ο

2255 5615 2421 5678 χθῇναι
2438 5611 2525 5678 τοῦ
2544 5612 2903 5678 τεέἆνθρωπίνου
2923 5610 3001 5660 διὰ
3010 5595 3103 5678 Δτξῖἱς
3124 5605 3746 5678 ἀναλήψεωςιδοξαζρμένον,
3758 5601 3837 5678 agat

2256 5666 2343 5724 τ’οῦ
2382 5676 2506 5725 θείου
2550 5676 2627 5725 διὰ
2661 5666 2744 5733 τῆς
2782 5666 3185 5735 συγκαταϐᾴσεως
3228 5666 3296 5735 μὴ’
3332 5669 3668 5731 μολυνομένον.
3712 5666 3837 5715 Infra

2257 5735 2389 5788 idem
2414 5739 2542 5800 cod.,
2568 5738 2648 5786 καὶ
2672 5732 2821 5793 οὕτως
2845 5732 2955 5785 οὔτε
2973 5732 3059 5784 τοῦ
3083 5735 3181 5782 θαν.
3217 5733 3319 5780 κτλ.
