4138 6364
331 365 436 421 717

1468 361 1750 422 CONTRA
1786 363 2174 435 EUNOMIL'M,
2204 364 2336 425 LIB.
2377 370 2464 425 Vl.

3488 364 3597 427 ns

336 481 629 551 μονογενὴς
649 481 799 545 Θεὸς,
825 476 917 535 καὶ
940 473 1180 554 παθητὸς
1201 482 1230 535 6
1245 479 1477 552 Χριστὸς
1501 477 1640 535 εἶναι
1666 481 1914 535 πιστεύε-
1940 526 1947 543 γ

2053 484 2209 548 itum,
2242 494 2297 540 et
2332 484 2498 540 Deum
2531 492 2657 540 ante
2688 482 2914 549 saecula,
2948 488 3003 542 et
3033 484 3089 539 in
3119 484 3380 540 extremis
3403 483 3598 539 diebus

327 590 438 636 ται,
472 574 564 626 καὶ
599 576 628 627 6
666 574 839 643 Λόγος
878 574 967 628 διά
996 574 1105 628 τῶν
1143 574 1405 628 ἐναντίων
1440 574 1500 627 ού
1538 573 1816 643 ψεύδεται,
1849 573 1913 627 τὸ

330 666 637 737 πρόσφορον
665 666 910 738 ἐκατέρῳ
951 666 1057 719 τῶν
1083 666 1360 737 ὀνομάτων
1406 668 1464 719 ἐν
1502 669 1615 730 τοῖς
1647 668 1913 737 νοήμασιν

331 757 677 828 ἐφαρμόζων.
709 758 771 810 Εἰ
792 753 885 811 οὖν
908 757 1082 811 ταῦτα
1109 758 1324 829 φρονεῖν
1338 760 1402 811 ὲκ
1428 758 1527 830 τῆς
1553 758 1912 813 θεοπνεύστου

332 847 679 913 διδασκαλίας
709 849 987 920 ἐμάθομεν
1008 867 1021 879 °
1056 850 1174 908 πῶς
1206 849 1478 922 ἀνθρώπῳ
1505 850 1671 921 κοινῷ
1701 851 1799 923 τὴν
1826 854 1930 928 αἰχ

332 937 454 991 τίαν
483 940 582 1008 τῆς
629 940 898 1010 σωτηρίας
921 939 1076 1009 ήμῶν
1106 940 1434 1010 ἁνατίθεμεν
1464 960 1479 1007 ;
1510 942 1573 995 Εἰ
1596 942 1654 994 δὲ
1682 941 1780 1013 τὴν
1818 942 1913 995 τοῦ

338 1030 610 1102 μακαρίου
636 1030 843 1103 Πέτρου
883 1032 1204 1100 Ἐποίησεν
1227 1032 1433 1105 φωνὴν,
1463 1033 1562 1085 οὑκ
1590 1034 1670 1095 είς
1696 1032 1757 1087 τὸ
1784 1050 1918 1103 προ-

335 1121 552 1177 αιώνιον
576 1124 675 1195 τῆς
713 1125 1092 1189 ὑποστάσεως,
1135 1125 1250 1177 ἀλλ’
1281 1126 1361 1188 εἰς
1393 1124 1454 1177 τὸ
1483 1125 1794 1196 πρόσφατον
1819 1124 1918 1196 τῆς

333 1214 643 1284 οἰκονομίας
689 1214 906 1284 βλέπειν
954 1214 1333 1286 διοριζόμεθα,
1383 1214 1437 1267 τί
1469 1214 1628 1268 τοῦτο
1672 1217 1919 1269 κοινωνεί

335 1306 415 1378 τῷ
450 1307 789 1377 ἐγκλήματι;
849 1307 906 1360 Ὀ
956 1306 1064 1377 γὰρ
1105 1307 1279 1378 μέγας
1317 1301 1468 1371 οὗτος
1492 1306 1832 1370 Ἀπόστολος,
1861 1307 1921 1360 τὸ

336 1401 466 1470 περὶ
490 1400 587 1469 τὴν
616 1400 709 1452 τοῦ
731 1398 916 1453 δούλου
946 1399 1159 1471 μορφὴν
1188 1398 1487 1472 ὁρώμενον,
1507 1401 1683 1453 ἐκεῖνο
1716 1400 1804 1453 διὰ
1823 1404 1921 1471 τῆς

337 1490 658 1561 ἀναλήψεως
685 1490 1013 1561 πεποιῆσθαί
1048 1507 1230 1561 φησιν,
1256 1490 1392 1562 ὅπερ
1417 1491 1445 1543 ὁ
1477 1489 1759 1544 ἀναλαϐὼν
1782 1492 1921 1546 κατὰ

337 1582 436 1653 τὴν
464 1581 656 1635 ἐαυτοῦ
690 1582 852 1651 φύσιν
876 1578 964 1654 ἦν.
1006 1583 1115 1635 Καὶ
1145 1582 1256 1653 γὰρ
1281 1586 1339 1635 έν
1368 1584 1434 1653 τῇ
1468 1581 1602 1652 πρὸς
1636 1581 1920 1653 Ἐϐραίους

339 1672 617 1745 ἐπιστολῇ,
644 1673 705 1726 τὸ
728 1671 846 1728 ἴσον
880 1674 994 1727 ἐστι
1038 1675 1189 1744 παρὰ
1239 1673 1333 1727 τοῦ
1366 1673 1579 1727 Παύλου
1614 1674 1808 1745 μαθεῖν
1836 1675 1923 1728 λέ-

340 1777 549 1831 γοντος,
617 1763 915 1819 ἀπόστολον
958 1764 1053 1818 καὶ
1099 1764 1356 1835 ἀρχιερέα
1393 1764 1483 1817 τὸν
1527 1762 1733 1834 Ἰησοῦν
1774 1766 1925 1837 παρᾶ

341 1854 437 1908 τοῦ
465 1853 599 1907 Θεοὺ
630 1854 977 1925 γεγενῆσθαι,
1014 1855 1203 1907 πιστὸν
1241 1855 1371 1908 ὅντα
1428 1855 1507 1926 τῷ
1539 1856 1934 1926 ποιήσαντιαύ-

343 1947 456 1999 τόν.
487 1947 665 2000 Κάκεῖ
697 1947 805 2018 γάρ
842 1947 933 2000 τὸν
960 1947 1037 2018 τῷ
1078 1948 1193 2019 ἰδίῳ
1245 1948 1437 2018 αἵματι
1482 1949 1609 2019 περὶ
1647 1949 1933 2020 ἁμαρτιῶν

345 2038 505 2109 ήμῶν
536 2039 822 2110 ἱερατικῶς
850 2039 1230 2110 ἱλεωσάμενον,
1250 2041 1508 2112 ἀρχιερέα
1531 2042 1931 2112 κατονομάσας·

347 2129 410 2183 οὑ
440 2129 538 2200 τὴν
568 2128 790 2202 πρώτην
838 2129 931 2183 τοῦ
959 2128 1298 2199 Μονογενοῦς
1347 2133 1643 2185 ὑπόστασιν
1691 2132 1779 2187 διὰ
1834 2132 1936 2203 τῆς

349 2222 641 2290 ἐποίησεν
695 2222 891 2288 λέξεως
949 2223 1314 2292 ἀπαγγέλλει,
1362 2221 1499 2277 ἀλλά
1544 2224 1643 2293 τὴν
1692 2221 1938 2292 συνήθως

352 2315 447 2368 ἐπὶ
479 2316 576 2385 τῆς
623 2313 731 2368 τῶν
764 2316 951 2383 ἱερέων
983 2314 1306 2380 ἀναδείξεως
1336 2314 1747 2387 ὀνομαζομένην
1777 2315 1937 2386 χάριν

353 2407 704 2480 παραστῆσαι
737 2407 925 2473 θέλων,
962 2410 1096 2479 φησὶ
1115 2409 1175 2461 τὸ
1206 2410 1514 2477 ἐποίησεν.
1560 2408 1767 2479 Ἰησοῦς
1806 2408 1937 2480 γὰρ,

356 2499 540 2564 καθώς
562 2516 695 2570 φησι
712 2494 1007 2571 Ζαχαρίας,
1022 2502 1049 2552 6
1064 2502 1374 2573 ἀρχιερεὺς,
1389 2504 1415 2555 ὁ
1441 2501 1632 2572 μέγας,
1650 2501 1679 2553 6
1698 2500 1790 2554 τὸν
1808 2501 1941 2554 ίδιον

358 2591 551 2661 ἀμνὸν,
586 2591 730 2644 τοῦτ’
762 2592 876 2644 ἐστι
908 2592 967 2644 τὸ
1004 2591 1134 2644 ἴδιον
1167 2592 1345 2663 σῶμα,
1372 2593 1513 2664 ὑπὲρ
1543 2594 1640 2663 τῆς
1670 2591 1942 2663 κοσμικῆς

360 2681 635 2752 ἁμαρτίας
667 2682 1048 2752 ἱερουργήσας,
1073 2684 1101 2734 ὁ
1118 2681 1205 2734 διὰ
1221 2682 1288 2735 τὰ
1314 2682 1500 2736 παιδία
1528 2682 1597 2735 τὰ
1629 2698 1961 2752 κεκοινωνηον

361 2773 496 2827 κότα
526 2773 726 2843 σαρκός
758 2790 818 2825 τε
853 2773 948 2825 καὶ
970 2774 1200 2843 αἵματος
1234 2774 1328 2826 καὶ
1359 2772 1521 2835 αὐτὸς
1548 2773 1944 2852 παραπλησίως

363 2863 765 2937 συμμετασχὼν
786 2865 877 2918 τοῦ
904 2866 1152 2933 αἵματος,
1175 2866 1234 2917 οὑ
1260 2863 1395 2919 καθὸ
1422 2867 1476 2919 ἐν
1497 2865 1638 2937 ἀρχῇ
1660 2861 1748 2936 ἦν,
1773 2866 1947 2934 Λόγος

362 2956 440 3010 ὢν
462 2958 557 3010 καὶ
584 2956 735 3022 Θεὸς,
764 2958 857 3010 καὶ
883 2958 941 3009 ὲν
968 2961 1149 3029 μορφῇ
1173 2956 1309 3010 Θεοῦ
1332 2958 1615 3028 ὑπάρχων,
1639 2959 1735 3011 καὶ
1752 2952 1826 3010 ὣν
1854 2955 1947 3012 ἴσα

364 3049 484 3120 Θεῷ
503 3067 517 3080 ·
562 3050 698 3104 ἀλλά
742 3051 878 3105 καθὸ
930 3051 1194 3105 ἐκένωσεν
1223 3050 1417 3104 ἑαυτὸν
1456 3052 1513 3103 ἐν
1543 3053 1607 3121 τῇ
1636 3050 1730 3104 τοῦ
1758 3049 1946 3103 δούλου

2016 577 2315 642 hominem,
2350 580 2430 633 sic
2472 578 2637 632 etiam
2688 578 3007 649 impatibilis
3053 576 3377 649 unigenitus
3423 574 3594 640 Deus,

2014 681 2067 726 et
2102 672 2345 741 patibilis
2371 671 2628 726 Christus
2658 686 2783 727 esse
2816 671 3091 734 creditur,
3135 686 3236 725 nec
3270 678 3456 723 sermo
3498 683 3599 739 per

2016 763 2295 817 contraria
2327 763 2610 828 mentitur,
2633 763 2916 833 applicans
2937 772 2991 817 et
3015 760 3441 817 accommodans
3465 760 3600 813 utri-

2015 865 2122 923 que
2152 853 2434 909 nominum
2452 852 2595 923 quod
2614 866 2915 924 congruum
2933 860 3017 908 est
3035 852 3335 908 secundum
3353 865 3597 906 sensum.

2018 944 2078 998 Si
2115 945 2280 1015 igitur
2324 946 2439 1000 haec
2480 960 2696 1016 sapere,
2759 961 2824 1000 ex
2870 944 3137 999 divinitus
3170 944 3439 1013 inspirata
3471 941 3605 996 docu

2018 1036 2160 1089 trina
2188 1035 2516 1091 didicimus:
2552 1037 2830 1107 quomodo
2849 1036 3055 1090 homini
3106 1034 3385 1089 communi
3410 1032 3605 1089 salutis

2019 1134 2223 1181 nostra:
2254 1142 2479 1183 causam
2531 1127 2929 1181 attribuimus?
2968 1126 3124 1192 Quod
3176 1126 3222 1181 si
3264 1126 3407 1180 beati
3457 1123 3604 1179 Petri

2020 1232 2213 1273 vocem
2267 1219 2389 1288 fecit
2446 1234 2556 1273 non
2604 1219 2674 1274 ad
2710 1219 3127 1274 subsistentiam
3173 1226 3460 1281 aeternam,
3511 1215 3607 1272 sed

2022 1311 2091 1366 ad
2132 1322 2407 1367 recentem
2460 1312 2826 1367 mconomiam
2855 1311 2939 1384 (id
2992 1318 3078 1368 est
3106 1305 3614 1381 dispensationem)

2023 1405 2301 1475 respicere
2354 1406 2807 1469 determinamus,
2854 1405 2987 1475 quid
3031 1405 3134 1459 hoc
3162 1403 3483 1459 commercii
3511 1402 3611 1455 ha-

2024 1497 2115 1553 bet
2172 1512 2297 1551 cum
2359 1498 2626 1552 crimine?
2674 1497 2905 1568 Magnus
2957 1498 3103 1554 enim
3158 1495 3249 1551 hic
3295 1492 3611 1565 Apostolus,

2024 1587 2168 1657 quod
2196 1589 2252 1642 in
2280 1589 2421 1643 servi
2442 1587 2615 1643 forma
2637 1589 2871 1653 videtur,
2901 1589 3033 1644 illud
3058 1604 3154 1659 per
3178 1587 3615 1656 assumptionem

2027 1677 2233 1732 factum
2274 1694 2398 1735 esse
2433 1679 2509 1732 ait
2538 1680 2605 1745 ",
2635 1679 2780 1748 quod
2813 1679 3033 1750 quidem
3070 1680 3159 1733 ille
3193 1677 3285 1748 qui
3317 1676 3616 1745 assumpsit

2034 1765 2335 1821 secundum
2367 1781 2523 1822 suam
2569 1776 2821 1821 naturam
2871 1778 3011 1821 erat.
3042 1767 3260 1821 Etenim
3298 1767 3353 1820 in
3383 1760 3615 1836 epistola

2036 1857 2102 1911 ad
2146 1856 2399 1912 Hebraeos
2443 1860 2655 1929 aequale
2706 1874 2773 1914 ex
2824 1858 2993 1913 Paulo
3023 1859 3239 1914 discere
3288 1858 3435 1920 licet,
3485 1858 3615 1911 dum

2035 1946 2187 2011 dicit,
2231 1949 2540 2017 apostolum
2563 1958 2616 2004 et
2649 1951 2957 2019 pontilicem
2983 1950 3351 2005 confessionis
3396 1959 3616 2010 nostrae,

2035 2037 2221 2094 Jesum
2256 2055 2287 2093 a
2318 2038 2428 2095 Deo
2461 2042 2822 2095 constitutum
2858 2057 3002 2105 esse,
3041 2042 3252 2096 lideiem
3272 2041 3321 2096 ei
3346 2040 3440 2110 qui
3493 2038 3623 2093 fecit

2038 2131 2191 2185 illum
2250 2131 2314 2185 ¹³.
2374 2132 2490 2188 Illic
2549 2134 2697 2188 enim
2746 2149 2870 2189 eum
2931 2134 3023 2203 qui
3082 2134 3302 2204 proprio
3355 2133 3622 2203 sanguine

2037 2234 2138 2289 pro
2189 2222 2430 2290 peccatis
2471 2222 2680 2278 nostris
2733 2221 2985 2278 sacriﬁce
3031 2220 3149 2277 sive
3206 2219 3624 2279 sacerdotaliter

2043 2310 2298 2379 placavit,
2350 2313 2661 2381 pontiﬁcem
2707 2328 2831 2369 cum
2860 2315 3192 2380 nominarit;
3243 2330 3351 2367 non
3389 2313 3621 2382 primam

2045 2401 2317 2473 Unigeniti
2346 2406 2767 2461 subsistentiam
2802 2419 2897 2477 per
2925 2407 3226 2462 dictionem
3260 2406 3383 2474 fecit
3416 2415 3625 2459 renum-

2043 2496 2164 2562 tiat,
2194 2497 2288 2552 sed
2325 2501 2529 2553 usitato
2572 2512 2727 2553 more
2784 2499 2839 2553 in
2894 2500 3246 2554 sacerdotum
3291 2497 3628 2551 indicatione

2043 2592 2380 2645 nominatam
2414 2594 2642 2663 gratiam
2679 2603 3075 2663 reprresentare
3107 2592 3319 2654 volens,
3347 2592 3445 2654 ait,
3479 2589 3624 2658 fecit.

2042 2680 2198 2736 Iesus
2229 2682 2399 2746 ettim,
2430 2684 2573 2737 sicut
2606 2683 2787 2754 inquit
2816 2683 3141 2747 Zacharias,
3185 2694 3408 2752 magnus
3447 2695 3630 2735 sacer-

2046 2773 2226 2829 dotum
2244 2775 2485 2843 princeps
2509 2775 2573 2841 ‘3,
2596 2777 2691 2845 qui
2713 2776 2990 2845 proprium
3015 2790 3238 2844 agnum,
3267 2776 3369 2828 hoc
3398 2783 3479 2827 est
3499 2785 3629 2843 pro-

2051 2865 2228 2933 prium
2272 2876 2476 2934 corpus
2531 2881 2631 2936 pro
2677 2866 2867 2921 mundi
2904 2874 3132 2936 peccato
3177 2864 3503 2930 immolavit,
3531 2862 3627 2932 qui

2052 2966 2272 3027 propter
2303 2957 2505 3012 ﬁliolos
2539 2959 2633 3028 qui
2678 2958 2977 3029 participes
3010 2966 3141 3014 sunt
3178 2959 3365 3013 carnis
3402 2964 3456 3012 et
3503 2972 3633 3011 sano

2052 3050 2260 3118 guinis,
2306 3051 2563 3105 Similiter
2612 3051 2728 3121 ipse
2780 3052 3063 3121 sanguinis
3112 3052 3389 3121 particeps
3429 3049 3632 3115 factus,

371 3146 573 3214 μορφῇ,
601 3143 696 3196 καὶ
738 3146 1053 3214 προσήγαγε
1099 3143 1415 3214 προσφοράν
1449 3143 1541 3196 καὶ
1583 3143 1773 3196 θυσίαν
1806 3143 1945 3215 ὑπὲρ

2056 3156 2164 3194 non
2194 3150 2464 3209 quatenus
2490 3142 2543 3194 in
2573 3143 2842 3211 principio
2880 3149 3001 3197 erat
3054 3141 3294 3197 Verbum
3348 3150 3403 3195 et
3450 3138 3627 3205 Dens,

367 3234 543 3305 ήμῶν·
579 3228 731 3299 οὗτος
752 3234 967 3303 ἐγένετο
999 3235 1201 3305 ἱερεὺς,
1225 3235 1448 3297 πολλαῖς
1470 3234 1693 3306 ὕστερον
1716 3237 1949 3303 γενεαῖς,

371 3325 512 3379 κατά
543 3326 641 3395 τὴν
662 3326 815 3391 τάξιν
844 3327 1198 3397 Μελχισεδέκ.
1246 3325 1366 3380 Οἷδε
1398 3328 1455 3379 δὲ
1484 3329 1703 3391 πάντως
1735 3328 1797 3381 τὸ
1825 3333 1956 3400 περὶ

370 3418 559 3471 τούτου
598 3420 911 3490 μυστήριον,
931 3422 959 3472 6
990 3419 1063 3491 μὴ
1086 3421 1375 3491 παρέργως
1410 3420 1488 3492 τῷ
1518 3421 1957 3492 πρὸςἘϐραίους

373 3510 742 3581 καθομιλήσας
770 3510 933 3582 λόγῳ.
973 3506 1206 3582 Ὁμοίως
1253 3510 1346 3566 οὖν
1389 3512 1624 3566 ἐνταῦθά
1666 3529 1727 3565 τε
1778 3512 1957 3582 ἱερεὺς

375 3603 471 3656 καὶ
494 3602 822 3667 ἀπόστολος,
857 3606 1019 3656 κάκεῖ
1046 3604 1247 3674 Κύριος
1260 3605 1353 3657 καὶ
1372 3604 1606 3676 Χριστὸς
1631 3602 1960 3674 πεποιῆσθαι

375 3695 613 3762 λέγεταιο
642 3694 703 3746 τὸ
735 3693 833 3764 μὲν
852 3735 866 3758 ,
893 3694 968 3757 ὡς
995 3693 1130 3766 πρὸς
1156 3694 1253 3765 τὴν
1283 3694 1422 3765 ὑπὲρ
1444 3693 1599 3765 ήμῶν
1625 3692 1957 3764 οἰκονομίαν*

378 3788 439 3841 τὸ
472 3788 528 3842 δέ
560 3788 648 3843 διὰ
669 3789 768 3861 τὴν
794 3788 931 3861 πρὸς
953 3788 1013 3841 τὸ
1044 3789 1200 3842 Θεῖον
1229 3789 1324 3842 τοῦ
1356 3786 1697 3859 ἀνθρωπίνου
1735 3785 1962 3857 μεταϐο-

383 3880 563 3952 λήντε
594 3882 688 3935 καὶ
728 3881 1103 3953 μεταποίησιν*
1163 3882 1381 3953 ποίησιν
1419 3881 1528 3952 γάρ
1570 3880 1601 3932 6
1642 3876 1963 3942 Ἀπόστολος

379 3972 526 4041 λέγει
557 3972 655 4045 τὴν
688 3972 1064 4045 μεταποίησιν.
1105 3973 1315 4027 Οὐκοῦν
1343 3973 1606 4044 πρόδηλος
1633 3975 1666 4042 ή
1695 3985 1965 4040 συκοφαν-

379 4065 472 4118 τία
494 4064 601 4118 τῶν
627 4064 905 4129 ἐναντίων,
940 4064 1008 4119 τὰ
1035 4066 1134 4136 τῆς
1164 4065 1473 4136 οἰκονομίας
1508 4068 1727 4138 ῥήματα
1759 4066 1838 4128 εἰς
1866 4064 1965 4134 τὴν

384 4156 708 4227 προαιώνιον
765 4155 1060 4210 ὑπόστασιν
1125 4155 1538 4228 ἐπηρεαστικῶς
1587 4155 1962 4228 ἁρπαζόντων.

384 4246 519 4301 Ούδέ
567 4247 677 4318 γάρ
723 4247 925 4318 ὁμοίως
970 4246 1248 4317 ἐμάθομεν
1298 4246 1452 4318 παρά
1502 4246 1598 4299 τοῦ
1642 4245 1966 4300 Ἀποστόλου

384 4338 673 4408 γινώσκειν
701 4338 935 4410 Χριστὸν
964 4334 1060 4391 νῦν
1102 4355 1161 4391 τε
1204 4340 1297 4392 καὶ
1337 4338 1635 4410 πρότερον,
1674 4337 1847 4401 οὑτως
1889 4339 1970 4390 εί-

386 4429 580 4494 πόντος
601 4428 696 4483 τοῦ
720 4427 955 4492 Παύλου,
979 4428 1059 4480 ὅτι
1084 4428 1268 4482 Εὶκαὶ
1288 4427 1629 4497 ἐγνώκαμέτ·
1652 4444 1796 4481 ποτε
1819 4426 1970 4481 κατὰ

2058 3233 2220 3297 ctiam
2252 3234 2303 3286 in
2336 3232 2507 3288 forma
2548 3232 2640 3287 Dei
2684 3234 2985 3297 cxsistens,
3043 3242 3097 3290 et
3130 3250 3255 3288 cum
3310 3234 3422 3290 Deo
3453 3247 3638 3303 aequa-

2060 3325 2181 3379 liter
2216 3340 2276 3378 se
2320 3324 2553 3389 habens,
2609 3325 2703 3379 sed
2768 3342 2876 3394 qua
2940 3326 3181 3395 seipsum
3240 3324 3545 3380 exinanivit
3582 3324 3639 3377 in

2070 3414 2240 3467 forma
2277 3415 2442 3472 servi,
2475 3423 2529 3469 ct
2562 3432 2622 3469 se
2646 3416 2975 3470 oblationem
3006 3424 3060 3469 et
3094 3416 3427 3471 sacrificium
3457 3417 3625 3470 obtu-

2062 3506 2119 3558 lit
2156 3521 2252 3575 pro
2284 3506 2467 3571 nobis,
2502 3506 2591 3560 hic
2620 3514 2738 3560 erat
2785 3506 3045 3562 sacerdos
3086 3507 3279 3562 multis
3314 3512 3435 3575 post
3476 3520 3644 3577 gene-

2063 3599 2364 3653 rationibus
2391 3599 2692 3653 secundum
2721 3599 2974 3654 ordinem
3018 3599 3444 3655 Melchisedech.
3478 3597 3645 3653 Novit

2064 3691 2225 3761 plane
2258 3690 2326 3745 de
2360 3691 2464 3745 hoc
2499 3693 2845 3762 mysterium,
2878 3693 2972 3761 qui
3022 3708 3133 3746 non
3165 3690 3369 3761 frigide
3431 3702 3485 3747 et
3522 3691 3642 3745 lan-

2064 3782 2224 3850 guide
2248 3782 2300 3835 in
2331 3797 2584 3837 sermone
2614 3782 2683 3837 ad
2713 3781 2973 3838 Hebraeos
3003 3784 3337 3840 collocutus.
3371 3781 3647 3839 Similiter

2066 3875 2250 3943 igitur,
2271 3875 2454 3943 ibique
2488 3874 2748 3931 sacerdos
2777 3885 2830 3930 et
2861 3876 3176 3944 apostolus,
3204 3886 3259 3930 et
3292 3875 3405 3930 illic
3452 3873 3647 3930 Domi-

2066 3979 2171 4020 nus
2201 3977 2255 4021 et
2283 3966 2539 4022 Christus
2568 3968 2745 4023 factus
2768 3983 2891 4023 esse
2920 3969 3149 4032 dicitur,
3185 3969 3381 4039 partim
3418 3968 3647 4040 quidem

2070 4068 2128 4113 ut
2157 4060 2223 4114 ad
2259 4060 2627 4114 uaconomiam
2660 4059 2738 4128 (id
2768 4072 2853 4117 est
2885 4064 3384 4136 dispensationem)
3416 4080 3514 4133 pro
3543 4080 3650 4118 no-

2071 4153 2187 4219 bis;
2226 4152 2421 4221 partim
2447 4168 2575 4207 vero
2606 4163 2828 4222 propter
2861 4153 3222 4209 humanitatis
3282 4155 3336 4208 in
3383 4155 3651 4209 divinita-

2070 4252 2179 4300 tem
2203 4244 2741 4300 transformationem
2764 4256 2817 4299 et
2834 4246 3323 4302 instaurationem.
3351 4246 3485 4301 Nam
3507 4250 3653 4317 Apo-

2073 4339 2248 4393 stolus
2291 4338 2362 4391 ibi
2430 4338 2644 4409 ποίησιν
2699 4337 2970 4407 facturam
3041 4338 3296 4408 intelligit
3350 4340 3654 4411 μεταποίη-

2075 4444 2159 4480 σιν
2240 4428 2579 4497 refectionem
2637 4429 2752 4483 sive
2816 4431 3283 4484 instaurationem.
3360 4431 3656 4486 Manifesta

387 4521 585 4591 σάρκα
618 4521 907 4592 Χριστὸν,
955 4521 1116 4576 ἀλλὰ
1162 4520 1279 4575 νῦν
1326 4520 1531 4575 οὐκέτι
1570 4520 1946 4589 γινώσκομεν

2074 4520 2241 4589 igitur
2294 4519 2565 4574 calumnia
2624 4518 3099 4583 adversariorum,
3153 4522 3456 4576 cecmmmia:
3503 4522 3656 4589 (dis-

387 4613 464 4677 ὡς
500 4613 716 4684 ἐκείνης
746 4613 848 4682 τῆς
874 4611 1125 4680 γνώσεως
1161 4613 1261 4681 τὴν
1295 4612 1627 4683 πρόσκαιρον
1656 4612 1970 4682 οἰκονομίαν

389 4705 675 4776 δηλούσης,
688 4705 844 4759 τοῦτο
857 4705 912 4758 δὲ
927 4706 1023 4776 τὴν
1039 4705 1209 4759 ἀΐδιον
1228 4704 1481 4776 ὓπαρξιν.
1506 4703 1722 4790 Οὑκοῠνδ
1734 4703 1971 4773 μετρίως

392 4800 523 4868 ἡμῖν
547 4800 576 4851 6
598 4797 755 4866 λόγος
787 4797 927 4868 ὑπὲρ
954 4798 1063 4850 τῶν
1087 4797 1450 4869 ἐγκλημάτων
1473 4795 1889 4866 ἀπολελόγηται,
1910 4794 1974 4846 τὸ

396 4890 533 4961 μήτε
561 4888 655 4942 δύο
674 4888 910 4959 νομίζειν
930 4889 1196 4960 Χριστοὺς
1225 4888 1534 4959 ἢΚυρίους,
1564 4889 1698 4958 μήτε
1724 4885 1975 4958 ἐναισχύ-

394 4982 581 5036 νεσθαι
613 4982 693 5053 τῷ
728 4981 966 5055 σταυρῷ,
997 4984 1132 5053 μήτε
1160 4982 1335 5035 κοινὸν
1382 4981 1665 5053 ἄνθρωπον
1698 4975 1841 5051 ὑπὲρ
1877 4978 1973 5033 τοῦ

395 5071 598 5145 κόσμου
627 5074 952 5128 πεπονθέναι
984 5074 1244 5139 δοξάζειν,
1278 5074 1554 5146 μήτε’μὴν
1585 5073 1647 5126 τὸ
1677 5072 1973 5140 ἐποίησεν

397 5167 478 5230 εἰς
541 5166 641 5238 τὴν
691 5168 791 5238 τῆς
858 5168 1043 5231 οὑσίας
1104 5165 1448 5236 κατασκευὴν
1499 5164 1707 5219 οἴεσθαι
1766 5163 1973 5236 φέρειν.

408 5256 509 5326 Γῆς
557 5255 612 5309 δὲ
668 5255 917 5327 τοιαύτης
952 5255 1108 5326 ήμῶν
1162 5254 1501 5325 ὑπολήψεως,
1529 5254 1591 5306 ού
1634 5253 1834 5325 μικρὰν
1866 5253 1977 5323 ἔχει

406 5349 529 5417 παρ’
560 5347 725 5400 αὑτοῦ
763 5346 858 5400 τοῦ
887 5348 1193 5418 κατηγόρου
1240 5347 1339 5417 τὴν
1382 5344 1697 5418 συμμαχίαν
1730 5350 1760 5401 ό
1796 5347 1974 5416 λόγος,

403 5438 457 5488 ἐν
485 5431 566 5497 οἷς
592 5434 793 5505 μεταξὺ
817 5436 1194 5507 καταφορικῶς
1209 5436 1342 5505 ἡμῖν
1356 5434 1667 5489 ἐπελαύνων
1680 5435 1779 5508 τήν
1796 5435 1974 5504 γλῶσ-

404 5545 521 5592 σαν,
551 5526 824 5581 καὶτοῦτο
854 5528 1153 5599 προφέρει,
1189 5528 1271 5581 ὅτι
1293 5528 1522 5595 Ταύτην
1544 5529 1750 5597 μέντοι
1771 5528 1977 5597 μάχην

407 5622 584 5686 αὐτὸς
607 5621 754 5689 πρὸς
783 5620 1000 5673 ἑαυτὸν
1039 5618 1317 5688 ἀναφέρει
1349 5620 1687 5685 Βασίλειος,
1728 5620 1824 5672 καὶ
1868 5619 1979 5673 δεί-

479 5798 523 5827 ¹⁹
564 5796 796 5872 Philipp.
833 5816 904 5869 ιι,
937 5802 970 5856 6
1002 5818 1120 5873 sqq.
1202 5802 1244 5834 ¹³
1271 5800 1431 5857 ilebr.
1468 5818 1549 5872 ιιι,
1590 5804 1633 5861 ι.

1716 5806 1753 5837 ’δ
1796 5804 1961 5861 Zach.
1996 5808 2153 5867 “1,1.

2069 4611 2685 4682 pensationiﬂrocabula
2726 4611 2791 4665 ad
2826 4621 3085 4666 aeternam
3124 4619 3254 4666 ante
3292 4613 3493 4666 saecula
3516 4616 3655 4668 sul)-

2072 4704 2377 4759 sistentiam
2424 4703 2765 4757 calutnniose
2829 4704 3182 4771 rapientium.
3240 4702 3428 4774 Neque
3503 4705 3656 4759 enim

2075 4798 2332 4852 similiter
2362 4804 2415 4851 et
2462 4812 2611 4850 nunc
2655 4804 2711 4852 et
2760 4797 2915 4865 prius
2952 4796 3021 4851 ab
3059 4796 3324 4866 Apostolo
3365 4796 3657 4851 Christum

2075 4904 2406 4959 cognoscere
2431 4888 2745 4952 didicimus,
2776 4888 2857 4942 sic
2883 4888 3101 4943 dicente
3123 4886 3292 4943 Paulo
3327 4908 3340 4944 :
3377 4887 3445 4943 Et
3477 4893 3523 4941 si
3552 4889 3657 4942 ali-

2074 4980 2286 5051 quando
2362 4981 2695 5050 cognovimus
2740 4979 3028 5033 secundum
3089 4997 3302 5035 carnem
3361 4982 3658 5043 Christum.

2075 5073 2163 5127 sed
2197 5087 2334 5125 nunc
2356 5071 2474 5139 jam
2513 5086 2614 5124 non
2650 5070 2887 5124 novimus
2907 5070 2991 5137 ¹⁸;
3020 5071 3180 5140 quasi
3204 5072 3293 5125 illa
3319 5072 3542 5141 quidem
3564 5085 3660 5126 co-

2076 5165 2252 5233 gnitio
2299 5162 2691 5231 temporariam
2725 5159 3197 5231 dispensationem
3230 5162 3493 5228 declaret,
3540 5162 3660 5217 haec

2075 5269 2206 5309 vero
2254 5261 2513 5308 aaternam
2578 5251 2964 5307 exsistentiam
3029 5254 3255 5308 indicet.
3296 5253 3413 5309 Non
3482 5254 3658 5326 igitur

2079 5344 2429 5399 mediocriter
2485 5343 2812 5398 criminibus
2843 5344 3156 5400 refellendis
3191 5348 3328 5401 ratio
3360 5347 3518 5401 nobis
3550 5346 3650 5403 de-

2082 5438 2389 5493 fensionem
2420 5437 2625 5503 attulit,
2660 5438 2808 5507 quod
2848 5452 3029 5508 neque
3071 5439 3209 5496 duos
3247 5439 3520 5504 Christos,
3566 5441 3651 5498 ve!

2082 5528 2342 5583 Dominus
2366 5528 2766 5594 existimemus,
2796 5542 2972 5599 neque
2988 5544 3205 5585 crucem
3240 5531 3656 5597 erubescamus.

2087 5637 2262 5691 neque
2308 5635 2653 5675 communem
2711 5621 2983 5675 hominem
3040 5637 3136 5693 pro
3188 5623 3392 5677 mundo
3435 5640 3661 5693 passum

2238 5806 2276 5836 "
2320 5804 2359 5857 ll
2382 5803 2508 5860 Cor.
2542 5819 2593 5865 γ,
2628 5802 2711 5857 i6.
