4138 6364
517 350 620 408 719

516 474 838 543 opinemur:
877 459 1054 541 neque
1101 469 1329 526 verbum
1376 469 1522 539 fecit,
1555 469 1623 522 ad
1669 471 1921 524 essentia:
1961 485 2101 540 prae-
2129 477 2177 534 Α

519 565 881 619 structionem
925 557 1268 628 referendum
1299 578 1427 619 esse
1453 568 1731 638 putemus.
1767 560 1892 616 Haec
1919 571 2103 617 autem

519 664 708 712 nostra
749 671 875 712 cum
905 657 1032 713 talis
1069 657 1141 713 sit
1193 656 1402 728 opinio,
1431 671 1540 710 non
1567 670 1794 726 parvum
1838 655 2000 710 habet
2031 657 2102 709 ab

518 750 638 819 ipso
691 761 1016 804 accusatore
1055 749 1320 803 auxilium
1367 748 1565 802 oratio.
1609 747 1670 801 In
1723 747 1925 816 quibus
1973 747 2104 801 dum

517 842 872 897 vehementer
909 852 963 896 et
1001 843 1305 911 impetuosc
1349 839 1407 893 in
1464 855 1565 894 nos
1615 840 1856 910 linguam
1905 838 2104 904 vibrat,

517 944 572 990 et
606 936 710 989 hoc
754 935 971 1005 objicit,
1005 935 1153 1003 quod
1202 935 1338 987 hanc
1369 935 1477 1002 ipse
1498 949 1673 986 secum
1699 933 2104 1003 repugnantiam

518 1028 677 1096 refert
705 1027 965 1090 Basilius,
1004 1037 1161 1096 atque
1195 1035 1373 1094 aperte
1404 1024 1654 1086 ostendit,
1693 1041 1856 1093 neque
1895 1034 2105 1078 senten—

519 1123 607 1174 tiw
650 1124 1012 1188 apostolorum
1057 1128 1281 1171 mentem
1341 1116 1604 1180 adhibere,
1661 1131 1822 1185 neque
1887 1131 2106 1168 suorum

517 1229 817 1266 sermonum
850 1213 1272 1266 consecutionem
1308 1226 1541 1270 servare,
1575 1225 1639 1263 ex
1663 1208 1850 1278 quibus
1879 1209 1956 1263 vel
1984 1211 2109 1262 ina:-

517 1301 796 1371 qualitatis
847 1302 1086 1376 conscius
1143 1300 1386 1354 concedet
1455 1298 1677 1353 Verbum
1722 1299 1860 1368 quod
1891 1308 2006 1352 erat
2052 1301 2107 1351 in

517 1393 805 1460 principio,
854 1401 902 1445 et
948 1389 1088 1446 Deus
1117 1402 1255 1450 erat.
1292 1391 1636 1460 factumesse
1673 1389 1980 1454 Dominum,
2031 1389 2108 1442 vel

517 1483 876 1554 pugnantibus
908 1483 1205 1553 pugnantia
1242 1483 1546 1552 compingit'.
1603 1481 1703 1536 Hic
1756 1481 1904 1536 enim
1942 1483 2106 1534 etiam

519 1583 712 1629 noster
763 1582 849 1629 est
901 1590 1086 1629 sermo
1115 1577 1277 1644 quem
1314 1572 1525 1644 profert
1557 1572 1880 1636 Eunomius,
1916 1571 2107 1627 dicens

517 1681 646 1719 eum
687 1665 781 1734 qui
827 1664 880 1718 in
931 1665 1203 1734 principio
1249 1671 1371 1718 erat
1415 1663 1651 1718 Verbum
1696 1670 1749 1716 et
1784 1662 1928 1718 Deus
1967 1671 2105 1725 erat,

523 1756 732 1811 factum
753 1771 874 1810 esse
906 1755 1216 1809 Dominhm.
1243 1754 1353 1810 Ens
1375 1755 1521 1809 enim
1547 1755 1693 1823 quod
1721 1765 1836 1809 erat
1858 1763 1912 1809 et
1943 1753 2106 1816 Deus,

1758 346 1816 402 S.
1858 343 2188 402 GREGORII
2227 343 2520 401 NYSSENI

3686 337 3793 396 79.0

2203 484 2416 523 κνυται
2443 464 2650 534 σαφῶς
2674 460 2818 516 οὐδὲ
2833 460 2913 527 τῷ
2929 457 3271 528 βουλήματι
3301 453 3414 509 τῶν
3433 453 3796 506 ἀποστόλων

2205 560 2422 615 ἑαυτὸν
2437 555 2794 624 ἐπιστήσας,
2812 553 2950 607 οὔτε
2970 550 3090 605 τῶν
3105 549 3340 605 οἰκείων
3358 546 3558 616 λόγων
3567 541 3798 613 φυλὰτη

2206 670 2324 707 των
2351 649 2466 717 τὴν
2486 647 2854 704 ἀκολουθίαν
2873 662 2887 676 ο
2910 644 2979 709 ἐξ
2995 636 3083 697 ὧν
3110 641 3150 711 ἢ
3181 640 3664 706 συναισθόμενος
3681 633 3796 702 τῆς

2204 743 2552 813 ἀνωμαλίας
2576 736 2960 810 συγχωρήσει
2986 736 3096 788 τὸν
3121 735 3193 788 ἐν
3223 730 3380 802 ἀρχῇ
3409 730 3553 784 ὄντα
3575 730 3792 798 Λόγον,

2206 837 2303 890 καὶ
2324 835 2472 888 Θεὸν
2488 834 2651 895 ὄντα,
2675 830 2983 900 γεγονέναι
3003 831 3053 882 Κ
3056 828 3240 894 ίνριον,
3257 823 3294 892 ἢ
3309 819 3674 892 μαχομένοις
3688 834 3798 887 μα-

2206 930 2432 998 χόμενα
2463 922 2776 979 συνάπτει.
2835 912 3002 983 Οὗτος
3032 919 3139 990 γὰρ
3171 917 3265 970 καὶ
3285 917 3314 968 6
3345 914 3612 986 ἡμέτερος
3636 911 3795 980 λόγος

2205 1021 2265 1074 ὃν
2295 1035 2425 1089 φησι
2453 1017 2546 1069 xai.
2573 1018 2601 1068 6
2629 1012 2911 1083 Εὑνόμιος,
2935 1013 2964 1063 6
2993 1010 3081 1062 τὸν
3105 1010 3162 1060 ἐν
3189 1009 3330 1079 ἀρχῇ
3364 1005 3493 1058 ὄντα
3510 1005 3679 1072 Λόγον
3699 1002 3796 1055 καὶ

2207 1111 2338 1166 Θεὸν
2367 1111 2496 1163 ὄντα
2519 1107 2798 1177 γεγονέναι
2827 1102 3030 1173 Κύριον
3064 1101 3256 1169 λέγων.
3288 1099 3383 1151 Ὧν
3415 1097 3526 1166 γὰρ
3554 1096 3690 1166 ὅπερ
3723 1089 3795 1165 ἦν

2206 1205 2302 1256 καὶ
2327 1201 2457 1263 Θεὸς
2485 1199 2578 1252 καὶ
2605 1197 2796 1264 Λόγος,
2824 1193 2919 1247 καὶ
2958 1191 3071 1262 ζωὴ
3111 1192 3204 1243 καὶ
3234 1188 3369 1258 φῶς,
3407 1187 3566 1257 χάρις
3610 1201 3670 1236 τε
3696 1181 3796 1236 καὶ

2207 1295 2452 1366 ἀλήθεια,
2480 1293 2572 1346 καὶ
2592 1292 2812 1361 Κύριος.
2844 1287 2935 1340 καὶ
2962 1284 3217 1356 Χριστὸς,
3248 1282 3342 1335 καὶ
3363 1281 3472 1333 πᾶν
3499 1277 3700 1348 ὑψηλόν
3733 1292 3794 1328 τε

2209 1388 2303 1441 καὶ
2325 1385 2465 1440 θεῖον
2482 1384 2652 1454 ὄνομα
2672 1385 2727 1435 ἐν
2748 1379 2824 1449 τῷ
2844 1376 3241 1449 προσληφθέντι
3261 1371 3550 1443 ἀνθρώπῳ,
3564 1369 3621 1432 ὃς
3640 1367 3795 1421 οὐδὲν

2210 1480 2413 1534 τούτων
2432 1475 2521 1549 ἦν,
2543 1478 2614 1530 τά
2643 1493 2702 1528 τε
2721 1473 2858 1529 ἄλλα
2883 1472 3097 1539 ἐγένετο
3120 1471 3218 1522 ὅσα
3243 1470 3271 1521 6
3289 1467 3459 1534 Λόγος
3473 1459 3564 1536 ἦν,
3586 1462 3678 1516 καὶ
3703 1477 3795 1530 με·

2209 1572 2279 1626 τὰ
2308 1571 2416 1625 τῶν
2446 1569 2621 1623 ἄλλων
2652 1569 2746 1620 καὶ
2774 1565 3008 1637 Χριστὸς
3040 1562 3134 1615 καὶ
3165 1559 3385 1631 Κύριος,
3437 1555 3577 1609 κατὰ
3603 1570 3663 1605 τε
3692 1553 3793 1622 τὴν

2209 1660 2553 1717 διδασκαλίαν
2571 1659 2801 1727 Πέτρου,
2817 1656 2909 1709 καὶ
2932 1656 3072 1707 κατὰ
3087 1653 3184 1722 τὴν
3202 1647 3488 1720 ὁμολογίαν
3503 1644 3792 1715 Εὑνομίον,

2210 1757 2331 1826 οόχὶ
2357 1755 2458 1822 τῆς
2494 1752 2745 1821 θεότητος
2783 1747 2926 1802 κατὰ
2953 1744 3236 1818 προκοπήν
3259 1759 3312 1793 τι
3346 1733 3794 1810 προσλαμϐανού-

526 1843 794 1910 Verbum,
837 1855 892 1900 et
925 1848 1059 1908 vita,
1096 1856 1150 1901 et
1199 1847 1315 1912 lux,
1357 1846 1642 1916 gratiaque
1689 1855 1743 1900 et
1789 1847 2012 1908 veritas,
2061 1853 2114 1898 et

2219 1866 2316 1917 σης
2341 1890 2355 1911 ,
2388 1846 2522 1899 ἀλλὰ
2550 1847 2614 1915 τῇ
2643 1842 2800 1914 φύσει
2830 1843 2895 1910 τῇ
2924 1838 3044 1909 θεία
3074 1837 3254 1905 πάσης
3282 1831 3494 1902 ὑψηλῆς
3525 1827 3680 1893 ἀξίας
3709 1829 3794 1878 ὲν-

523 1933 810 2000 Dominus,
843 1947 897 1992 et
925 1936 1206 2002 Christus,
1238 1947 1293 1991 et
1320 1953 1484 1992 omne
1519 1938 1803 1993 excelsum
1841 1938 2108 1991 divinum-

521 2043 629 2096 que
669 2043 869 2083 nomen
907 2029 962 2083 in
1007 2039 1296 2098 assumpto
1344 2031 1591 2093 homine,
1621 2029 1712 2100 qui
1745 2028 1877 2083 nihil
1914 2029 2107 2082 horum

521 2126 662 2183 erat,
693 2119 911 2189 aliaque
961 2121 1149 2174 omnia
1179 2120 1362 2176 factus
1389 2129 1473 2176 est
1501 2135 1842 2191 (“utracunque
1870 2119 2109 2176 Verbum

522 2219 642 2263 erat
691 2229 704 2264 :
759 2220 813 2264 et
859 2226 985 2265 cum
1039 2212 1162 2266 aliis
1213 2214 1376 2268 etiam
1427 2213 1686 2268 Christus
1727 2221 1782 2268 et
1844 2211 2110 2267 Dominus

523 2303 827 2355 secundum
869 2302 1015 2357 Petri
1049 2304 1385 2367 doctrinam,
1420 2315 1475 2360 et
1504 2306 1805 2361 secundum
1849 2303 2103 2358 Eunomii

521 2393 953 2459 confessionem,
995 2412 1103 2451 non
1146 2396 1436 2453 divinitate
1462 2413 1557 2468 per
1587 2413 1940 2468 progressum
1972 2395 2102 2465 quid

2205 1938 2603 2010 θεωρουμένης,
2647 1933 3024 2002 οῢτωγίνεται
3058 1931 3152 1984 καὶ
3189 1926 3391 1998 Κύριος
3418 1923 3513 1977 καὶ
3537 1918 3795 1991 Χριστὸς,

2207 2032 2268 2083 οὑ
2284 2033 2351 2101 τῇ
2383 2029 2595 2097 θεότητι
2621 2027 2714 2080 ἐπὶ
2738 2026 2835 2096 τὴν
2860 2025 2958 2095 τῆς
2983 2023 3202 2094 χάριτος
3233 2017 3549 2091 προσθήκην
3574 2016 3800 2085 ἐρχόμε-

2209 2139 2319 2186 νος
2371 2117 2714 2184 ἀνελλιπὴς
2743 2117 2853 2187 γὰρ
2884 2115 3108 2186 ἀγαθοῦ
3141 2117 3368 2178 παντὸς
3391 2110 3430 2178 ἡ
3459 2107 3567 2175 τῆς
3593 2105 3798 2168 θεότη-

2211 2231 2312 2277 τος
2342 2213 2709 2280 ὡμολόγηται
2731 2209 2915 2278 φύσις
2938 2223 2951 2236 °
2981 2206 3117 2260 ἀλλὰ
3142 2206 3203 2258 τὸ
3227 2201 3565 2273 ἀνθρώπινον
3593 2199 3672 2260 είς
3696 2194 3799 2265 τὴν

2209 2305 2306 2374 τῆς
2333 2304 2582 2372 θεότητος
2631 2301 2918 2373 μετουσίαν
2951 2300 3121 2368 ἄγων,
3168 2300 3202 2369 ἢ
3231 2296 3322 2351 διὰ
3349 2294 3442 2348 τοῦ
3471 2287 3709 2364 Χριστοῦ
3734 2302 3798 2339 τε

2212 2395 2306 2448 καὶ
2337 2392 2430 2447 τοῦ
2461 2393 2666 2460 Κυρίου
2693 2392 3038 2465 σημαίνεται.

522 2483 887 2556 adipiscente,
918 2491 1013 2546 sed
1048 2492 1102 2545 in
1148 2504 1343 2546 natura
1363 2492 1548 2546 divina
1579 2492 1729 2546 omni
1751 2492 1968 2546 excelsa
2006 2489 2270 2559 dignitate
2307 2488 2673 2552 elucescente,
2708 2486 2789 2542 sic
2820 2487 2878 2538 fit
2899 2493 2953 2539 et
2987 2482 3250 2536 Dominus
3286 2486 3340 2534 et
3377 2476 3646 2537 Christus,
3684 2483 3802 2524 non

525 2579 836 2634 secundum
880 2579 1224 2634 divinitatem
1274 2581 1340 2634 ad
1385 2581 1575 2650 gratim
1609 2583 1983 2636 accessionem
2025 2580 2273 2642 veniens,
2323 2578 2471 2632 nullo
2515 2577 2655 2630 enim
2723 2575 2978 2630 destituta
3046 2574 3175 2627 bono
3243 2570 3538 2625 divinitatis
3600 2574 3798 2620 natura

519 2686 616 2741 pro
644 2672 884 2738 confesso
911 2672 1153 2736 habetur,
1189 2671 1282 2724 sed
1319 2673 1467 2742 quod
1494 2672 1793 2726 humanum
1823 2679 1908 2728 est
1926 2669 1994 2725 ad
2023 2670 2326 2726 divinitatis
2350 2668 2826 2738 participationem
2867 2667 3165 2728 adducens,
3223 2679 3344 2735 qiue
3385 2666 3481 2732 per
3514 2659 3798 2714 Christum

523 2769 576 2817 et
617 2761 906 2817 Dominum
955 2762 1318 2832 significatur.

593 2860 671 2910 Ac
712 2857 895 2914 dehis
941 2857 1163 2928 quidem
1199 2855 1416 2909 sufﬁcit.
1468 2855 1626 2923 Quod
1680 2868 1858 2911 autem
1907 2855 1961 2909 in
2013 2871 2107 2908 ca-

525 2948 789 3003 lunmiam
817 2951 988 3004 nostri
1013 2949 1284 3017 dogmatis
1314 2948 1382 3002 ab
1408 2947 1674 3002 Eunomio
1696 2941 1918 3011 dicitur,
1952 2947 2098 3017 quod

528 3041 584 3094 in
631 3041 873 3110 seipsum
926 3041 1237 3095 exinanitus
1279 3040 1350 3094 sit
1390 3039 1662 3104 Christus,
1705 3041 1816 3108 jam
1869 3038 2090 3094 abunde
2135 3069 2181 3130 ο

526 3147 622 3201 per
662 3148 725 3187 ea
780 3149 900 3203 qure
956 3145 1084 3189 sunt
1133 3135 1278 3187 dicta
1332 3134 1667 3203 exquisitum
1707 3142 1811 3196 est,
1854 3148 1952 3202 per
1989 3147 2112 3200 quae

526 3223 965 3279 demunstratum
997 3236 1102 3288 est,
1129 3226 1307 3294 ipsum
1334 3240 1488 3279 suam
1510 3225 1902 3293 blasphemiam
1922 3231 2112 3278 nOstro

527 3317 766 3388 dogmati
808 3317 1078 3372 aﬂ'ricare.
1115 3319 1235 3373 Non
1267 3319 1413 3373 enim
1445 3317 1540 3387 qui
1571 3325 1822 3370 naturam
1857 3316 2113 3369 immuta-

528 3409 693 3464 bilem
740 3408 982 3464 subiisse
1033 3419 1272 3464 creatam
1317 3419 1371 3465 et
1415 3408 1695 3462 mortalem
1733 3406 2046 3471 confitetur,
2081 3422 2113 3460 a

529 3501 696 3557 simili
747 3501 815 3556 ad
861 3501 1042 3556 simile
1095 3501 1388 3556 transitum
1431 3500 1584 3564 dicit,
1623 3499 1717 3553 sed
1763 3498 1856 3569 qui
1906 3499 2112 3552 nullam

531 3595 758 3647 omnino
811 3593 1194 3664 migrationem
1229 3610 1256 3648 a
1314 3592 1721 3664 magniﬁcentia
1785 3600 1992 3646 natura:
2044 3591 2112 3645 ad

531 3685 584 3739 id
625 3686 770 3756 quod
803 3685 1066 3740 humilius
1098 3694 1182 3741 est
1212 3687 1437 3754 cogitat.
1483 3684 1539 3739 Si
1581 3686 1725 3739 enim
1771 3692 1989 3740 creatus
2029 3691 2115 3738 est

533 3765 624 3834 ille
672 3781 975 3833 secundum
1015 3779 1258 3849 ipsorum
1292 3793 1641 3834 sermonem:
1683 3785 1903 3831 creatus
1931 3783 2112 3829 autem

530 3878 585 3925 et
624 3871 823 3936 homo;
870 3870 1122 3925 funditus
1166 3870 1490 3924 miraculum
1528 3867 1935 3939 prmdicationis
1961 3866 2114 3920 verbi

533 3965 859 4036 subreptum
905 3974 1010 4032 est,
1063 3974 1117 4021 et
1167 3967 1219 4019 in
1271 3966 1358 4020 his
1393 3980 1517 4035 qua:
1558 3965 1822 4020 dicuntur
1859 3961 1993 4015 nihil
2031 3967 2116 4016 est

531 4058 933 4113 admirabile’et
960 4058 1323 4127 inopinatum,
1347 4058 1392 4111 si
1417 4065 1671 4112 creatura
1704 4056 1821 4124 ipsa
1852 4054 1905 4108 in
1936 4054 2114 4123 seipsa

533 4150 678 4204 facta
709 4149 802 4203 sit.
833 4147 938 4203 Sed
966 4165 1068 4203 nos
1097 4150 1189 4217 qui
1218 4166 1280 4203 ex
1318 4149 1577 4201 valieinio
1596 4147 1890 4201 didicimus
1915 4144 2116 4198 dextrae

532 4239 747 4294 Excelsi
794 4239 1270 4302 immutationem;
1325 4240 1603 4292 dexteram
1646 4236 1827 4291 Patris
1884 4235 1974 4289 Dei
2020 4249 2116 4304 po-

535 4331 761 4384 tentiam
805 4330 920 4384 sive
963 4331 1220 4383 virtutem
1267 4329 1504 4384 dicimus
1557 4330 1796 4383 universi
1846 4327 2114 4381 conditri-

2285 2845 2396 2898 Καὶ
2439 2845 2568 2916 περὶ
2611 2845 2710 2914 μὲν
2737 2844 2942 2900 τούτων
2980 2842 3216 2912 ἀπόχρη.
3254 2839 3328 2891 Τὸ
3365 2837 3422 2891 δὲ
3453 2839 3545 2890 ἐπὶ
3569 2837 3790 2909 διαϐολῇ

2211 2936 2306 2990 τοῦ
2343 2935 2467 2990 καθ’
2503 2937 2654 3007 ἡμᾶς
2687 2935 2954 3005 δόγματος
2986 2934 3134 3004 παρὰ
3152 2930 3244 2984 τοῦ
3277 2929 3542 3000 Εὐνομίου
3565 2928 3796 2999 λεγόμε-

2212 3045 2320 3090 νον,
2359 3027 2436 3088 ὡς
2460 3027 2539 3090 είς
2565 3025 2754 3080 ἑαυτὸν
2785 3025 2877 3078 τοῦ
2903 3023 3141 3096 Χριστοῦ
3171 3021 3515 3084 κενωθέντος,
3559 3020 3661 3090 ἤδη
3690 3019 3796 3090 μὲν

2213 3119 2413 3182 ἱκανῶς
2445 3118 2532 3172 διὰ
2565 3118 2671 3171 τῶν
2701 3117 3003 3190 εἰρημένων
3037 3116 3325 3187 ἐξήτασται
3347 3131 3361 3144 ·
3397 3113 3465 3165 δι’
3493 3105 3568 3166 ὧν
3598 3109 3797 3164 ἀποδέ-

2213 3213 2422 3265 δεικται
2452 3212 2550 3282 τὴν
2571 3210 2764 3264 ἑαυτοῦ
2795 3209 3142 3281 βλασφημίαν
3175 3206 3254 3277 τῷ
3283 3205 3536 3278 ἡμετέρῳ
3565 3203 3799 3273 δόγματι

2215 3302 2695 3375 προστριϐόμενος.
2738 3303 2812 3355 Οὐ
2846 3301 2953 3372 γὰρ
2985 3302 3014 3353 6
3042 3299 3140 3370 τὴν
3179 3299 3446 3369 ἄτρεπτον
3476 3294 3636 3364 φύσιν
3663 3296 3800 3365 ὁμο-

2212 3396 2386 3464 λογῶν
2421 3395 2702 3458 ὑποδύναι,
2747 3393 2846 3465 τὴν
2875 3392 3098 3463 κτιστὴν
3135 3392 3229 3445 καὶ
3269 3390 3552 3460 ἐπίκηρον,
3588 3387 3686 3459 τὴν
3731 3388 3801 3440 ὲκ

2211 3488 2306 3540 τοῦ
2325 3486 2516 3557 ὁμοίου
2544 3485 2924 3557 μεταχώρησιν
2946 3483 3123 3551 λέγει,
3147 3482 3260 3536 ἀλλ’
3280 3483 3308 3534 ὁ
3336 3480 3605 3552 μηδεμίαν
3631 3480 3800 3550 μετά-

2216 3595 2404 3632 στασιν
2439 3578 2548 3631 ἀπὸ
2584 3576 2678 3630 τοῦ
2711 3576 2947 3648 μεγάλου
2987 3575 3084 3646 τῆς
3107 3573 3321 3642 φύσεως
3339 3574 3434 3625 ἐπὶ
3458 3572 3520 3625 τὸ
3549 3570 3802 3624 ταπεινό-

2168 3715 2174 3720 .
2215 3689 2379 3743 τερον
2409 3669 2623 3724 ὲννοῶν.
2679 3670 2742 3723 Εἰ
2768 3669 2877 3740 γὰρ
2903 3667 3118 3731 κτιστὸς
3151 3666 3250 3737 μὲν
3289 3667 3494 3727 ἐκεῖνος
3538 3661 3680 3716 κατὰ
3706 3661 3801 3714 τὸν

2214 3764 2370 3832 λόγον
2391 3759 2592 3826 αὐτῶν,
2624 3760 2840 3824 κτιστὸς
2867 3761 2925 3812 δὲ
2961 3762 2989 3812 6
3019 3758 3303 3828 ἄνθρωπος
3326 3774 3340 3787 ·
3371 3755 3634 3823 διεκλάπη
3664 3752 3804 3804 πάν-

2215 3875 2320 3916 τως
2346 3855 2404 3908 τὸ
2434 3854 2622 3926 θαῦμα
2642 3852 2735 3906 τοῦ
2766 3851 2946 3918 λόγου,
2972 3851 3067 3904 καὶ
3092 3848 3390 3920 παράδοξον
3422 3849 3479 3899 ὲν
3508 3847 3619 3907 τοῖς
3651 3843 3805 3911 λεγο-

2221 3948 2403 4020 μένοις
2437 3946 2584 3999 ὲστὶν
2606 3945 2778 4008 οὐδὲν,
2808 3943 2908 4012 τῆς
2934 3942 3164 4004 κτίσεως
3184 3939 3353 4008 αὐτῆς
3377 3940 3434 3990 ὲν
3462 3938 3628 4006 ἑαυτῇ
3645 3952 3804 4004 γενο-

2219 4041 2410 4113 μένης.
2454 4039 2596 4092 Ἀλλ’
2629 4039 2790 4109 ἡμεῖς
2837 4034 3216 4107 μεμαθηκότες
3263 4031 3414 4101 παρὰ
3445 4030 3544 4099 τῆς
3583 4045 3800 4098 προφη-

2215 4131 2365 4193 τείας
2383 4129 2482 4200 τὴν
2513 4128 2796 4181 ἀλλοίωσιν
2822 4125 2916 4195 τῆς
2945 4123 3124 4190 δεξιᾶς
3149 4121 3242 4174 τοῦ
3288 4119 3542 4189 Ὑψίστου
3567 4133 3577 4144 ·
3619 4116 3803 4180 δεξιὰν

2215 4222 2308 4276 τοῦ
2329 4221 2543 4292 Πατρὸς
2569 4221 2668 4290 τὴν
2696 4217 2790 4271 τοῦ
2813 4215 2949 4270 Θεοῦ
2978 4215 3208 4285 λέγομεν
3233 4211 3481 4283 δύναμιν,
3507 4211 3604 4281 τὴν
3635 4226 3800 4277 ποιηο

2214 4317 2373 4386 τικὴν
2400 4313 2492 4368 τοῦ
2534 4311 2754 4375 παντὸς,
2789 4311 2910 4381 ἥτις
2943 4309 3090 4361 ἐστὶν
3122 4310 3149 4361 6
3182 4305 3404 4376 Κύριος,
3443 4304 3542 4372 οὐχ
3587 4301 3663 4364 ὡς
3699 4300 3802 4370 μέ,⁴

534 4436 678 4485 cem,
723 4438 844 4491 quae
873 4422 1096 4491 quidem
1133 4432 1219 4477 est
1251 4423 1367 4490 ipse
1417 4421 1702 4486 Dominus,
1747 4437 1858 4474 non
1896 4427 1956 4473 ut
1985 4434 2112 4488 pars

2216 4425 2308 4480 ρος
2361 4405 2705 4477 ἐξηρτημένη
2751 4404 2845 4456 τοῦ
2877 4401 3029 4461 ὅλου,
3082 4399 3196 4453 ἀλλ’
3226 4399 3301 4460 ὡς
3340 4397 3399 4460 ὲξ
3444 4394 3654 4448 ἐκείνου
3700 4392 3802 4462 μὲν

534 4526 600 4565 ex
645 4519 763 4565 toto
804 4512 1072 4582 pendens,
1121 4511 1220 4567 sed
1252 4527 1315 4566 ex
1346 4512 1438 4565 illo
1472 4513 1690 4582 quidem
1725 4512 1943 4581 (nempe
1983 4509 2114 4578 Deo)

535 4617 660 4656 com
705 4603 796 4667 sit,
843 4602 898 4654 in
931 4603 1112 4672 seipsa
1155 4601 1457 4656 secundum
1489 4603 1764 4672 propriam
1809 4601 2116 4656 subsisten-

537 4695 670 4746 tiam
702 4693 1062 4763 conspicitur.
1103 4693 1215 4749 lloc
1249 4693 1511 4757 dicimus,
1540 4695 1687 4764 quod
1715 4710 1893 4765 neque
1925 4693 2118 4748 dextra

538 4782 843 4837 secundum
895 4782 1165 4838 rationem
1203 4790 1414 4837 naturae
1457 4784 1648 4838 abillo
1694 4784 1974 4839 demutata
2009 4793 2115 4842 est.

538 4872 698 4940 cujus
731 4879 814 4928 est
844 4872 1037 4927 dextra
1070 4891 1083 4927 :
1114 4889 1290 4942 neque
1329 4874 1563 4928 mutatio
1592 4874 1711 4944 ejus
1736 4875 1842 4927 alia
1867 4874 2115 4944 quaedam

539 4974 737 5034 praeter
783 4979 904 5019 eam
955 4981 1075 5034 quae
1116 4965 1301 5020 carnis
1355 4977 1440 5020 est
1497 4965 1573 5036 (a)
1627 4981 1658 5020 a
1702 4964 2118 5034 perspicacihus

539 5057 716 5119 visus,
748 5071 856 5127 qua
901 5056 1121 5126 quidem
1170 5057 1403 5110 faciebat
1435 5070 1602 5126 opera
1637 5071 1666 5109 a
1716 5054 1898 5119 Patre,
1926 5054 2118 5109 dextra

545 5145 663 5210 Dei,
710 5153 766 5202 et
813 5153 899 5200 cst
947 5154 1002 5201 et
1049 5147 1413 5218 intelligitur;
1454 5163 1561 5217 qua
1606 5161 1736 5200 vero
1761 5145 1949 5199 carnis
1979 5146 2120 5200 vela-

547 5246 732 5291 mento
755 5237 1136 5292 obducebatur
1161 5237 1461 5293 secundum
1491 5237 1544 5292 id
1576 5237 1718 5306 quod
1742 5237 1918 5292 oculis
1940 5253 2120 5291 cerne-

547 5329 730 5390 batur,
762 5329 904 5382 alius
939 5329 1052 5382 sive
1095 5327 1348 5383 diversus
1389 5331 1458 5383 ab
1495 5347 1559 5383 eo
1593 5328 1737 5398 quod
1779 5335 1898 5383 erat
1923 5338 2118 5382 natura

545 5417 1015 5488 conspiciebatur.
1076 5419 1203 5475 Ideo
1251 5421 1319 5474 ad
1369 5420 1676 5489 Philippum
1728 5417 1884 5482 dicit,
1942 5419 2121 5473 solum

543 5509 693 5580 quod
751 5514 1026 5562 mutatum
1081 5516 1201 5563 erat
1251 5509 1470 5563 carneis
1522 5509 1701 5562 oculis
1754 5508 2058 5561 intuentem
2105 5525 2119 5561 :

549 5600 892 5670 llespiceper
941 5607 1211 5654 mutatum
1257 5601 1308 5654 id
1357 5601 1502 5669 quod
1547 5608 1630 5654 est
1679 5599 2022 5655 immutabile
2069 5606 2124 5654 et

605 5709 675 5773 (a)
704 5712 885 5760 Locum
909 5724 971 5760 ex
996 5712 1103 5761 cod.
1132 5712 1363 5760 Bavarico
1386 5707 1457 5773 sic
1498 5710 1691 5770 supple.
1709 5707 2117 5773 οὔτε-ἀλλοίωσις

545 5769 686 5830 αὐτῆς
705 5774 825 5831 ἄλλη
847 5790 916 5828 τις
933 5775 1063 5834 παρὰ
1085 5775 1169 5832 τὴν
1189 5780 1273 5831 τῆς
1298 5772 1473 5834 σαρκὸς
1494 5769 1776 5834 οἰκονομίαν
1797 5771 2013 5827 λέγεσθαι

551 5848 702 5886 ιαται·
728 5836 785 5892 ἠν
805 5837 893 5897 γὰρ
913 5838 976 5892 ὡς
996 5833 1179 5893 ἀληθῶς
1201 5839 1230 5893 ἡ
1257 5833 1382 5897 δεξιᾷ
1399 5833 1536 5890 αὐτὸς
1562 5835 1597 5897 6»
1611 5833 1657 5879 ἐν
1676 5834 1818 5897 σαρκὶ
1845 5833 2119 5897 φανερωθεὶς

549 5903 663 5949 θεὸς
678 5897 736 5944 δι’
753 5892 897 5953 αὐτῆς
915 5903 998 5954 τῆς
1016 5892 1191 5954 σαρκὸς
1216 5892 1312 5953 τοῖς
1340 5895 1621 5950 διορατικοῖς
1641 5892 1980 5957 καθορώμενος.
1995 5908 2011 5940 ι
2024 5892 2122 5943 ΝΘ-

2214 4498 2371 4560 οὖσα,
2399 4501 2482 4568 ἐφ’
2499 4497 2703 4566 ἑαυτῆς
2727 4496 2782 4549 δὲ
2811 4494 2929 4549 κατ’
2957 4493 3090 4546 ἰδίαν
3114 4491 3410 4544 ὑπόστασιν
3426 4485 3797 4557 θεωρουμένη.

2215 4593 2385 4646 Τοῦτό
2409 4608 2606 4661 φαμεν,
2634 4591 2715 4642 ὅτι
2741 4587 2863 4640 οὔτε
2884 4589 2916 4657 ἡ
2943 4585 3086 4649 δεξιὰ
3107 4584 3247 4636 κατὰ
3278 4582 3366 4636 τὸν
3396 4580 3552 4648 λόγον
3574 4579 3671 4647 τῆς
3693 4577 3800 4646 φύ-

2219 4701 2353 4748 σεως
2369 4684 2578 4738 ἐκείνου
2601 4680 2999 4752 παρήλλακται,
3019 4672 3082 4730 οὗ
3105 4679 3218 4730 ἐστι
3239 4674 3414 4739 δεξιά·
3437 4672 3557 4726 οὔτε
3577 4671 3801 4725 ἀλλοίω-

2223 4792 2309 4837 σις
2338 4772 2507 4843 αὐτῆς
2537 4771 2672 4842 ἄλλη
2696 4789 2779 4834 τις
2808 4770 2959 4841 παρὰ
2988 4768 3084 4839 τὴν
3112 4768 3208 4837 τῆς
3240 4764 3462 4835 σαρκὸς,
3481 4766 3591 4827 τοῖς
3613 4763 3798 4832 διορα-

2215 4868 2389 4930 τικοῖς
2433 4864 2832 4937 καθορώμενος·
2893 4860 3026 4915 καθὸ
3064 4859 3161 4930 μὲν
3185 4859 3354 4912 ἐποίει
3384 4856 3452 4910 τὰ
3482 4857 3619 4927 ἔργα
3642 4853 3796 4926 παρὰ
3860 4859 3866 4873 ‘

2215 4959 2308 5011 τοῦ
2343 4957 2576 5028 Πατρὸς,
2611 4955 2763 5020 δεξιὰ
2797 4954 2891 5007 τοῦ
2919 4952 3053 5005 Θεοῦ
3090 4953 3182 5004 καὶ
3223 4951 3297 5004 ὢν
3337 4947 3754 5028 καὶι-νοούμενος
3777 4963 3791 4976 ο
3855 4954 3858 4962 ’

2217 5055 2274 5104 ὲν
2295 5045 2339 5118 ᾧ
2362 5050 2416 5104 δὲ
2440 5017 2742 5120 τίεριείχετο
2770 5045 2847 5116 τῷ
2865 5045 2964 5114 τῆς
2981 5045 3179 5114 σαρκὸς
3207 5017 3628 5114 προκαλδίμματι
3655 5037 3796 5092 κατὰ

2216 5143 2276 5196 τὸ
2305 5142 2664 5213 βλεπόμενον,
2712 5140 2918 5201 ἀλλοῖος
2961 5138 3088 5207 παρ’
3121 5136 3149 5188 ὃ
3175 5137 3242 5207 τῇ
3276 5134 3435 5203 φύσει
3455 5129 3523 5204 ἦν
3557 5131 3794 5202 θεωρού-

2223 5253 2399 5306 μενος.
2426 5233 2524 5287 Διὰ
2552 5232 2708 5286 τοῦτο
2737 5234 2870 5302 πρὸς
2892 5231 3156 5284 Φίλιππον
3187 5229 3334 5296 λέγει
3362 5229 3452 5280 τὸν
3476 5226 3610 5296 πρὸς
3638 5226 3796 5296 μόνον

2217 5325 2277 5378 τὸ
2301 5323 2586 5379 ἀλλοιωθὲν
2618 5324 2946 5389 ἀτενίζοντα,
2961 5325 3041 5376 ὄτι
3060 5319 3227 5372 Βλέπε
3245 5320 3331 5374 διὰ
3366 5319 3460 5373 τοῦ
3484 5317 3796 5373 ἀλλοιωθὲν-

2217 5434 2307 5480 τος
2329 5417 2389 5470 τὸ
2417 5415 2792 5478 ἀναλλοίωτον,
2810 5414 2915 5467 κᾶν
2934 5413 3091 5467 τοῦτο
3119 5414 3252 5485 ἴδῃς,
3277 5411 3438 5465 αὐτὸν
3467 5412 3554 5463 τὸν
3577 5411 3795 5482 Πατέρα

2219 5509 2278 5561 ὃν
2311 5508 2492 5579 ζητεῖς
2530 5509 2672 5567 ἰδεῖν,
2714 5505 2973 5578 ἑωρακὼς
3009 5503 3076 5559 εἴ.
3128 5506 3182 5556 '0
3217 5503 3326 5573 γὰρ
3367 5503 3640 5570 ἑωρακὼς
3667 5502 3792 5571 ἐμὲ,

2221 5599 2280 5651 οὺ
2318 5599 2408 5650 τὸν
2446 5601 2505 5652 ὲν
2521 5601 2586 5670 τῇ
2628 5597 2908 5651 ἀλλοιώσει
2931 5596 3272 5667 φαινόμενον,
3294 5593 3430 5647 ἀλλὰ
3453 5594 3543 5646 τὸν
3580 5592 3795 5662 ἀληθῶς

2224 5725 2323 5772 que.
2343 5712 2437 5761 alia
2474 5711 2620 5774 hujus
2649 5712 2876 5760 dexterae
2891 5710 3148 5774 diversitas
3183 5719 3366 5773 praeter
3397 5723 3522 5774 eam.
3547 5725 3692 5772 quam
3732 5723 3793 5759 ex

2225 5771 2370 5834 carne
2389 5771 2632 5834 assumpta
2657 5774 2819 5827 habet,
2841 5771 3021 5834 adferri
3049 5771 3241 5834 potest:
3267 5778 3375 5822 erat
3392 5771 3522 5821 enim
3539 5771 3654 5821 vere
3673 5774 3784 5834 dex-

2229 5840 2331 5897 tera
2361 5833 2465 5895 ipse
2485 5832 2674 5897 De‘usin
2688 5847 2835 5897 carne
2849 5832 3200 5897 manifestatum
3217 5844 3266 5884 et
3279 5849 3368 5897 per
3386 5835 3654 5882 carnemab
3676 5832 3793 5888 illis,

2226 5894 2406 5957 quibus
2443 5894 2772 5958 perspicacior
2794 5894 3111 5958 intelligendi
3137 5894 3340 5946 facultas
3361 5903 3485 5957 erat,
3517 5900 3790 5960 cognitus.»
