4138 6364
332 422 431 480 ’121

1450 425 1736 511 CONTRA
1781 425 2174 490 EUNOMIUM,
2218 419 2347 482 LlB'.
2392 429 2479 484 Vl.

3505 425 3614 481 7’11

335 538 437 610 ἐμὲ
459 535 554 590 τὸν
601 540 656 591 έν
703 538 779 609 τῷ
813 539 985 608 Πατρὶ
1017 538 1164 600 ὄντα,
1203 538 1364 592 αὐτὸν
1402 539 1612 594 ἐκεῖνον
1655 541 1916 612 ἑωρακὼς

2021 521 2236 614 semper
2285 545 2452 598 idem.
2504 542 2572 595 Et
2620 542 2666 598 si
2721 519 2823 597 hoc
2878 541 3106 609 videris,
3153 543 3332 612 ipsum
3389 539 3608 596 Patrem

335 632 485 686 ἔσται
508 646 599 684 τον
629 626 745 701 ὲνῷ
765 635 896 704 είμι,
922 632 1000 704 τῷ
1023 634 1114 686 τὸν
1134 632 1296 686 αὐτὸν
1315 634 1640 706 χαρακτῆρα
1674 635 1775 704 τῆς
1799 634 1918 686 θεό-

334 737 495 792 τητος
521 721 608 774 ἐπ’
636 722 841 793 ἀμφοῖν
861 725 1216 796 καθορᾶσθαι.
1267 726 1379 796 Τὴν
1405 721 1498 779 οὖν
1524 727 1798 798 ἀκήρατον
1827 727 1920 780 καὶ

335 814 523 884 ἀπαθῆ
551 815 645 869 καὶ
676 815 930 870 άκτιστον
971 817 1152 885 φύσιν,
1197 820 1256 873 ὲν
1295 818 1374 890 τῷ
1409 818 1640 890 παθητῷ
1675 819 1774 891 τῆς
1801 819 1920 872 κτί-

338 921 477 970 σεως
513 907 844 976 γεγενῆσθαι
882 909 1246 974 πιστεύοντες,
1295 911 1388 965 καὶ
1417 913 1480 963 ὲκ
1506 909 1710 964 τούτων
1739 911 1920 965 νοοῦν-

333 1015 426 1061 τες
475 998 572 1070 τὴν
628 999 910 1053 ἀλλοίωσιν
936 1017 950 1030 ·
1000 1000 1118 1066 πῶς
1167 1001 1328 1056 αὐτὸν
1381 1003 1460 1066 εἰς
1513 1003 1702 1057 ἑαυτὸν
1757 1020 1918 1057 κεκε-

334 1089 540 1143 νῶσθαι
577 1090 756 1159 λέγειν
805 1092 1257 1164 κατηγορούμεθα
1329 1095 1480 1165 παρά
1508 1094 1616 1148 τῶν
1665 1094 1758 1147 τὸν
1789 1094 1919 1147 ἴδιον

333 1177 490 1247 λόγον
518 1182 629 1243 τοῖς
663 1181 952 1252 ἡμετέροις
989 1183 1254 1253 δόγμασιν
1283 1183 1783 1255 ὲπιθρυλλούντων;
1811 1183 1917 1237 Τοῦ

333 1269 444 1340 γὰρ
481 1271 699 1324 κτιστοῦ
731 1273 865 1342 πρὸς
907 1272 999 1326 τὸν
1037 1273 1256 1328 κτιστὸν
1303 1276 1336 1345 ἡ
1372 1274 1643 1338 κοινωνία,
1692 1275 1918 1345 οὐδεμία

331 1361 514 1427 δεξιᾶς
567 1365 715 1416 ἐστιν
754 1363 1056 1430 ἀλλοίωσις.
1141 1366 1380 1438 Κτιστὴν
1434 1366 1542 1438 γὰρ
1593 1366 1774 1434 δεξιὰν
1820 1368 1920 1436 τῆς

332 1453 586 1508 ἀκτίστου
617 1455 830 1524 φύσεως
853 1456 1052 1526 λέγειν,
1079 1459 1343 1529 Εὐνομίου
1372 1459 1555 1530 μόνου,
1587 1461 1683 1513 καὶ
1713 1459 1821 1512 τῶν
1850 1458 1917 1512 τὰ

331 1547 494 1616 ὅμοια
537 1547 714 1617 τούτῳ
762 1550 1100 1620 φρονούντων
1141 1551 1308 1605 ἐστίν.
1377 1551 1438 1604 '0
1486 1552 1595 1622 γὰρ
1634 1551 1911 1622 ὀφθαλμὸν

333 1637 470 1710 ἔχων
498 1639 633 1710 πρὸς
665 1640 765 1710 τὴν
793 1641 1050 1712 ἀλήθειαν
1080 1641 1360 1711 βλέποντα,
1383 1641 1495 1696 οἷον
1528 1643 1620 1695 τὸν
1657 1643 1918 1712 ’Ὕψιστον

333 1732 454 1802 δρᾷ,
479 1730 734 1802 τοιαύτην
765 1732 857 1784 καὶ
882 1733 982 1804 τὴν
1000 1722 1191 1799 ’δεξιὰν
1211 1733 1304 1786 τοῦ
1320 1734 1573 1803 Ὑψίστου
1602 1732 1916 1802 κατόψεται,

332 1822 588 1877 ἄκτιστον
607 1821 883 1886 ἀκτίστου,
910 1824 1117 1893 ἀγαθοῦ
1143 1824 1374 1896 ἀγαθὴν,
1401 1825 1572 1878 ἀϊδίου
1601 1826 1789 1890 ἀΐδιον,
1821 1841 1917 1895 μη-

330 1913 420 1968 δὲν
457 1914 555 1986 τὴν
589 1918 868 1989 ἀῖδιότητα
912 1915 1005 1970 τοῦ
1049 1916 1323 1987 γεννητῶς
1375 1913 1513 1970 εἶναι
1545 1917 1714 1986 αὐτὴν
1748 1916 1806 1968 ὲν
1843 1915 1920 1985 τῷ

334 2007 509 2079 Πατρὶ
543 2009 1036 2072 καταδλάπτοντος.
1073 2009 1234 2061 Ὥστε
1256 2007 1478 2080 λέληθεν
1513 2009 1704 2062 ἑαυτὸν
1733 2009 1761 2060 ὁ
1788 2025 1920 2061 κατ-

331 2099 529 2170 ήγορος
545 2103 657 2165 τοῖς
676 2101 823 2164 ἰδίοις
835 2101 1061 2155 ὀνείδεσι
1085 2099 1204 2154 καθ’
1223 2101 1377 2172 ήμῶν
1395 2098 1697 2172 χρώμενος,
1712 2098 1846 2169 πρὸς
1863 2097 1920 2151 δὲ

329 2192 455 2254 τοὺς
479 2191 556 2262 τῷ
585 2191 748 2247 πάθει
774 2193 1232 2265 προσπταίοντας,
1273 2194 1367 2247 καὶ
1393 2194 1480 2246 διά
1510 2192 1701 2246 τούτου
1745 2209 1918 2246 κατα-

334 2281 697 2346 σκευάζοντας
738 2283 838 2355 τὴν
880 2283 990 2337 τῶν
1042 2283 1242 2337 οὐσιῶν
1293 2284 1630 2355 ἑτερότητα·
1689 2284 1765 2347 ὡς
1824 2282 1918 2336 τοῦ

331 2372 547 2444 [ἰατρὸς
579 2375 676 2445 μὲν
705 2375 794 2428 διὰ
837 2377 896 2429 τὸ
928 2377 1197 2447 ὑπερέχον
1250 2377 1352 2446 τῆς
1384 2376 1598 2446 φύσεως
1644 2377 1704 2429 οὐ
1747 2393 1916 2446 παρα-

330 2464 620 2536 δεχομένου
661 2467 724 2520 τὺ
771 2469 962 2532 πάθος,
1000 2468 1091 2521 τοῦ
1134 2468 1265 2522 Υίοῦ
1315 2468 1371 2521 δὲ
1410 2468 1498 2521 διὰ
1547 2468 1609 2520 τὸ
1650 2467 1916 2530 καταδεὲς

332 2560 426 2614 καὶ
453 2559 906 2632 παρηλλαγμένον
937 2562 1072 2633 πρὸς
1099 2561 1195 2632 τὴν
1220 2561 1329 2614 τῶν
1361 2561 1700 2632 παθημάτων
1725 2577 1914 2612 κοινω-

331 2652 451 2706 νίαν
484 2654 889 2721 συγκατιόντος.
1673 2633 1684 2646 ’

2022 648 2184 702 quem
2235 634 2439 704 quaeris
2469 633 2679 697 videre,
2721 633 2956 687 intuitus
2999 649 3081 688 es.
3131 633 3238 700 Qui
3281 633 3426 687 enim
3472 633 3610 688 videt

2022 741 2103 779 me
2133 724 2219 792 ¹⁶,
2276 740 2386 779 non
2427 741 2551 780 eum
2603 726 2700 796 qui
2751 734 2975 796 apparet
3025 727 3082 781 in
3139 728 3466 789 mutatione,
3513 729 3607 782 sed

2020 830 2148 870 vere
2182 831 2288 881 me,
2324 818 2414 886 qui
2457 832 2578 872 sum
2628 818 2682 870 in
2730 816 2914 879 Patre,
2971 815 3146 888 ipsum
3202 818 3356 873 illum
3403 819 3610 875 videbit

2021 907 2076 960 in
2126 921 2235 977 quo
2281 924 2425 971 sum,
2468 909 2597 978 quia
2654 907 2798 964 idem
2863 909 3152 966 character
3196 909 3502 968 divinitatis
3552 913 3606 966 in

2021 1000 2284 1054 ambobus
2313 1002 2677 1071 conspicitur.
2725 1002 3094 1057 Immortalem
3127 990 3295 1075 igitur
3336 1011 3392 1059 et
3430 1004 3607 1074 impa—

2020 1090 2233 1145 tibilem
2275 1100 2329 1148 et
2377 1094 2679 1148 increatam
2724 1101 2979 1148 naturam
3013 1082 3069 1148 in
3098 1094 3310 1164 patibili
3352 1105 3606 1150 creatura

2020 1183 2418 1252 credentes,_et
2455 1185 2508 1238 in
2551 1185 2638 1240 his
2675 1185 3032 1250 mutationem
3063 1186 3605 1258 intelligentes,quo-

2022 1275 2184 1328 modo
2234 1276 2410 1344 ipsum
2462 1277 2518 1330 in
2568 1278 2813 1348 seipsum
2868 1278 3210 1334 exinanitum
3247 1294 3373 1335 esse
3420 1279 3606 1334 dicere

2022 1364 2406 1420 insimulamur
2487 1367 2556 1436 ab
2595 1368 2662 1422 iis
2712 1369 2805 1438 qui
2846 1385 3002 1425 suam
3045 1368 3317 1425 rationem
3368 1385 3478 1440 prae
3508 1385 3607 1424 no-

2021 1459 2152 1512 stris
2204 1459 2447 1513 decretis
2498 1461 2820 1516 vendilant?
2856 1463 3038 1519 Creati
3070 1463 3216 1518 enim
3262 1461 3330 1517 ad
3360 1471 3604 1518 creatum

2021 1549 2360 1612 cormmmio,
2399 1549 2550 1602 nulla
2576 1561 2660 1604 est
2694 1551 2902 1608 dextrae
2928 1553 3179 1608 mutatio.
3205 1551 3343 1608 Nam
3365 1563 3604 1607 creatam

2019 1637 2266 1692 dextram
2321 1640 2576 1695 increatae
2637 1651 2850 1699 naturae
2916 1653 3226 1711 autumare,
3293 1645 3470 1700 solius
3520 1655 3604 1696 est

2020 1729 2300 1796 Eunomii,
2341 1744 2395 1789 et
2444 1751 2636 1790 eorum
2679 1738 2774 1805 qui
2809 1737 3008 1792 similia
3043 1752 3169 1792 cum
3214 1753 3282 1792 eo
3332 1737 3602 1793 sentiunt.

2021 1821 2122 1889 Qui
2163 1825 2309 1878 enim
2348 1827 2569 1880 oculum
2607 1828 2771 1882 habet
2797 1828 2866 1883 ad
2895 1828 3181 1883 veritatem
3219 1837 3598 1889 contuentem.

1951 1892 1993 1948 Β
2023 1916 2240 1983 qualem
2260 1912 2607 1973 Altissimum
2643 1920 2808 1983 videt,
2838 1919 3002 1975 talem
3041 1928 3096 1975 et
3134 1919 3414 1976 dexteram
3440 1917 3605 1974 Altis-

2020 2008 2146 2062 simi
2185 2011 2647 2078 contemplabitur
2677 2023 2689 2059 :
2720 2009 3018 2066 increatam
3055 2011 3306 2075 increati,
3349 2012 3475 2066 boni
3509 2013 3605 2067 bo-

2019 2111 2168 2163 nam,
2218 2107 2479 2153 aeternam
2515 2103 2726 2164 a-terni,
2763 2115 2888 2155 cum
2925 2102 3064 2155 nihil
3093 2102 3453 2159 aeternitatem
3483 2103 3604 2172 ejus

2018 2187 2286 2254 oll'endat,
2330 2190 2477 2261 quod
2513 2206 2612 2260 per
2649 2191 2872 2246 modum
2905 2193 3277 2263 generationis
3314 2193 3386 2250 sit
3415 2194 3474 2249 in
3501 2193 3607 2248 Pa-

2020 2292 2125 2337 tre.
2161 2280 2344 2349 Quare
2367 2282 2562 2338 fefellit
2587 2284 2830 2354 seipsum
2850 2292 3165 2348 accusator,
3201 2285 3334 2340 dum
3367 2285 3606 2356 propriis

2020 2374 2289 2430 conviciis
2321 2382 2376 2428 et
2411 2375 2630 2446 probris
2668 2385 2861 2430 contra
2894 2392 2994 2431 nos
3028 2378 3223 2443 utitur,
3255 2377 3512 2433 nesciens
3544 2392 3611 2433 se-

2019 2466 2126 2521 boc
2173 2464 2425 2536 proferre
2460 2466 2730 2522 adversus
2771 2483 2868 2522 eos
2913 2469 3007 2538 qui
3044 2471 3101 2522 in
3141 2468 3455 2539 passionem
3499 2468 3605 2522 im-

2019 2562 2270 2629 pingunt,
2303 2570 2355 2613 et
2380 2574 2474 2628 per
2503 2559 2607 2612 hoc
2633 2561 2998 2614 essentiarum
3029 2561 3410 2617 diversitatem
3443 2560 3605 2632 (alte—

2028 2652 2267 2719 ritatem)
2324 2657 2660 2719 praestruunt
2687 2670 2699 2704 :
2751 2652 2910 2721 quasi
2943 2651 3102 2707 Pater
3130 2652 3351 2723 quidem
3382 2659 3604 2724 propter

329 2752 542 2799 naturae
613 2743 992 2800 excellentiam
1046 2744 1160 2800 sive
1211 2746 1558 2800 eminentiam
1643 2747 1954 2818 passionem
2029 2761 2140 2799 non
2194 2742 2470 2807 admittat,
2531 2742 2704 2798 Filius
2757 2759 2885 2799 vero
2943 2751 3168 2815 propter
3216 2743 3492 2800 defectum
3551 2754 3607 2801 et

334 2833 685 2890 immutatum
714 2842 919 2890 statum
966 2835 1035 2890 ad
1085 2839 1501 2907 perpessionum
1542 2843 1985 2893 communionem
2021 2834 2342 2892 descendat.

403 2927 591 2980 Ταῦτα
619 2928 932 2998 προσθεῖναι
973 2927 1234 2999 βούλομαι
1277 2933 1388 2994 τοῖς
1435 2933 1780 3002 εἰρημένοις,
1830 2932 1910 2984 ὅτι

330 3019 483 3073 οὐδὲν
513 3020 652 3072 κατὰ
695 3019 952 3091 ἀλήθειαν
979 3020 1147 3084 πάθος
1179 3022 1325 3074 ἐστὶν
1353 3022 1380 3074 ὃ
1414 3023 1487 3093 μὴ
1526 3025 1606 3087 είς
1640 3025 1913 3094 ἁμαρτίαν

333 3111 509 3183 φέρει.
545 3111 679 3165 Οὐδὲ
724 3112 930 3183 κυρίως
961 3111 1024 3166 ἄν
1079 3130 1160 3176 τις
1204 3114 1292 3166 τὸν
1337 3114 1636 3182 ἀναγκαῖον
1670 3119 1769 3186 τῆς
1813 3115 1914 3184 φύ-

2087 2928 2213 2982 Haec
2249 2927 2413 2982 dictis
2459 2926 2701 2995 adjicere
2739 2927 2858 2982 volo
2899 2946 2912 2982 :
2967 2927 3114 2999 quod
3172 2931 3482 2987 secundum
3509 2949 3605 2990 ve-

2012 3023 2230 3076 ritatem
2277 3021 2429 3075 nulla
2481 3027 2567 3075 est
2618 3021 2828 3090 passio,
2884 3037 3007 3090 quae
3057 3037 3169 3077 non
3208 3024 3277 3079 ad
3313 3033 3609 3096 peccatum

2014 3113 2174 3166 ferat.
2235 3110 2426 3180 Neque
2476 3110 2702 3180 proprie
2766 3111 2894 3181 quis
2959 3113 3334 3168 necessariam
3394 3123 3615 3173 naturae

333 3220 471 3268 σεως
509 3203 698 3273 εἱρμὸν
733 3202 904 3266 πάθος
936 3203 1104 3272 λέγοι,
1139 3205 1349 3274 βλέπων
1394 3205 1498 3276 ὀδῷ
1534 3205 1832 3277 προϊοῦσαν
1857 3207 1914 3258 ἐν

2021 3203 2236 3292 seriem,
2262 3202 2456 3267 πάθος,
2489 3201 2544 3256 id
2567 3209 2652 3257 est
2678 3204 3016 3272 passionem,
3041 3218 3139 3259 seu
3172 3204 3430 3260 allectum
3455 3207 3608 3263 dixe-

331 3295 483 3360 τάξει
513 3296 618 3348 τινὶ
650 3296 741 3348 καὶ
766 3295 1055 3366 ἀκολουθίᾳ
1089 3295 1189 3368 τὴν
1216 3296 1464 3350 σύνθετον
1495 3297 1675 3366 φύσιν.
1713 3298 1777 3350 Ἥ
1803 3298 1914 3368 γάρ

330 3385 441 3440 τῶν
483 3386 788 3457 ἑτεροφυῶν
844 3388 1120 3458 στοιχείων
1174 3389 1307 3460 πρὸς
1356 3390 1560 3460 ἄλληλα
1615 3390 1910 3462 συνδρομὴ,

333 3477 475 3530 κατά
519 3477 616 3548 τὴν
661 3475 755 3529 τοῦ
792 3476 1041 3548 σώματος
1079 3479 1234 3549 ἡμῶν
1269 3482 1630 3551 κατασκευὴν,
1665 3481 1912 3545 σύνθεσίς

332 3567 415 3632 ⁴είς
450 3570 564 3622 ἐστι
593 3570 679 3623 διὰ
711 3571 974 3623 πλειόνων
1010 3572 1276 3641 ἀνομοίων
1307 3573 1671 3646 ἁρμοζομένη.
1723 3576 1910 3627 Ἐκλυ-

335 3659 518 3732 θείσης
557 3662 610 3714 δὲ
654 3661 733 3732 τῷ
778 3662 1070 3732 καθήκοντι
1104 3663 1279 3734 καιρῷ
1322 3666 1419 3735 τῆς
1448 3665 1770 3736 συνδεούσης
1816 3667 1914 3738 τὴν

334 3751 442 3805 τῶν
492 3753 767 3822 στοιχείων
803 3754 1108 3824 συνδρομὴν
1152 3756 1435 3826 ἁρμονίας,
1490 3757 1758 3811 πάλιν.ντὸ
1793 3758 1914 3811 σύν-

335 3842 489 3895 θετον
527 3844 606 3906 είς
649 3843 718 3896 τὰ
761 3844 821 3909 ἐξ
872 3839 948 3898 ὧν
995 3846 1320 3916 συνέστηκεν
1353 3847 1662 3904 ἀναλύεται.
1713 3849 1914 3919 Ἔργον

335 3928 428 3987 οὖν
466 3933 579 3985 ἐστι
609 3934 768 3988 τοῦτο
802 3934 1020 4002 μᾶλλον,
1053 3936 1146 3989 καὶ
1178 3936 1296 4005 οὐχὶ
1330 3937 1499 3999 πάθος
1533 3937 1630 4006 τῆς
1676 3937 1910 4005 φύσεως.

339 4021 516 4073 Μόνον
555 4021 663 4092 γὰρ
703 4023 762 4075 τὸ
788 4022 848 4087 ἐξ
875 4024 1117 4077 ἐναντίου
1146 4028 1212 4095 τῇ
1247 4025 1385 4078 κατά
1413 4027 1512 4096 τὴν
1542 4026 1742 4097 ἀρετὴν
1772 4029 1914 4080 ἀπα-

340 4115 460 4188 θείᾳ
509 4114 816 4185 νοούμενον,
849 4117 1054 4188 κυρίως
1086 4118 1565 4188 προσαγορεύομεν
1611 4119 1810 4180 πάθος·
1855 4112 1914 4172 οὗ

338 4205 433 4257 καὶ
463 4206 520 4256 ὲν
548 4208 613 4276 τῇ
651 4206 899 4278 κοινωνίᾳ
935 4207 1036 4276 τῆς
1081 4208 1355 4278 ἡμετέρας
1399 4209 1613 4278 φύσεως
1651 4211 1915 4281 ἀμέτοχον

337 4297 606 4367 διαμεῖναι
653 4298 743 4350 τὸν
782 4299 881 4368 τὴν
921 4299 1193 4369 σωτηρίαν
1238 4301 1367 4370 ἡμῖν
1402 4300 1758 4370 χαριζόμενον
1816 4318 1914 4353 πε-

340 4389 731 4459 πιστεύκαμεν,
768 4389 859 4443 τὸν
915 4393 1350 4462 πεπειρασμένον
1388 4392 1528 4444 κατά
1566 4393 1741 4446 πάντα
1795 4393 1914 4446 καθ’

333 4481 629 4550 ὁμοιότητα
662 4484 830 4551 χωρὶς
868 4484 1162 4554 ἁμαρτίας.
1195 4483 1300 4535 Τοῦ
1348 4484 1446 4554 μὲν
1479 4480 1570 4538 οὖν
1606 4484 1744 4537 κατά
1784 4485 1918 4556 ἀλή-

2021 3293 2112 3358 rit,
2153 3301 2413 3363 spectans
2440 3292 2528 3346 via
2559 3293 3002 3363 progredientem
3045 3295 3102 3348 in
3136 3295 3334 3352 ordine
3368 3297 3608 3367 quodam

2019 3391 2073 3436 et
2106 3382 2500 3437 eonsccutione
2523 3383 2887 3451 compositam
2914 3393 3188 3438 naturam.
3208 3383 3346 3440 Nam
3371 3387 3608 3443 elemen-

2021 3483 2203 3528 torum
2249 3474 2448 3530 diversi
2498 3475 2718 3542 generis
2768 3474 2913 3528 inter
2953 3489 3014 3528 se
3059 3477 3360 3532 concursio
3385 3475 3454 3530 ad
3483 3491 3612 3533 cor-

2020 3568 2173 3638 poris
2211 3567 2389 3622 nostri
2440 3567 2931 3626 constructionem,
2989 3567 3322 3636 compositio
3360 3567 3613 3638 quaedam

2020 3669 2106 3714 est
2146 3676 2213 3714 ex
2241 3659 2495 3729 pluribus
2538 3658 2908 3714 dissimilibus
2937 3667 3305 3729 congruenter
3350 3661 3608 3715 conﬂata.

2021 3748 2280 3806 Resoluta
2318 3754 2498 3802 autem
2529 3747 2879 3803 convenienti
2913 3756 3182 3818 tempore,
3224 3765 3349 3818 quae
3369 3749 3610 3804 elemen-

2022 3849 2205 3893 torum
2263 3853 2602 3893 concursum
2666 3835 2963 3906 colligabat
3027 3836 3354 3903 harmonia;
3414 3851 3622 3891 rursus.

2021 3931 2389 4000 compositum
2422 3929 2478 3981 in
2509 3943 2570 3982 ea
2603 3943 2669 3982 ex
2710 3927 2914 3997 quibus
2947 3927 3237 3982 constabat
3265 3926 3606 3982 dissolvitur.

2023 4018 2137 4073 Hoc
2181 4019 2348 4089 igitur
2385 4026 2598 4072 natura:
2648 4018 2835 4087 potius
2871 4033 3012 4087 opus
3061 4026 3146 4072 est
3196 4033 3360 4088 quam
3413 4017 3586 4080 πάθος

2024 4113 2078 4168 id
2121 4124 2207 4168 cst
2261 4114 2469 4182 passio,
2522 4113 2638 4167 sive
2684 4111 2925 4165 alIectio.
2963 4111 3153 4164 Solum
3183 4114 3328 4165 enim
3354 4112 3500 4180 quod
3541 4127 3610 4166 ex

2022 4207 2303 4260 contrario
2325 4207 2374 4258 ei
2398 4219 2521 4274 qua;
2544 4202 2844 4258 secundum
2867 4203 3121 4255 virtutem
3147 4209 3253 4265 est,
3276 4205 3342 4272 τῇ
3359 4202 3609 4274 ἀληθείᾳ,

2023 4297 2448 4368 impassibilitati
2497 4296 2840 4365 intelligitur,
2895 4295 3119 4364 proprie
3171 4293 3607 4364 xé60;,passio-

2024 4407 2148 4446 nem
2182 4404 2464 4454 vocamus,
2493 4389 2654 4458 cujus
2693 4387 2858 4442 etiam
2901 4389 2958 4441 in
2985 4385 3374 4442 communione
3407 4392 3612 4440 nostra:

2025 4491 2238 4535 natura:
2277 4487 2557 4549 expertem
2597 4479 2969 4549 permansisse
2999 4493 3124 4532 eum
3149 4478 3240 4548 qui
3267 4478 3425 4534 nobis
3459 4478 3610 4532 salu-

341 4573 492 4627 θείαν
517 4575 740 4636 πάθους,
770 4574 798 4626 ὃ
833 4575 1202 4647 προαιρέσεώς
1236 4579 1350 4628 ἐστι
1400 4577 1573 4640 νόσος,
1621 4579 1719 4630 οὐκ
1776 4579 1917 4632 ὲκοι-

2024 4581 2134 4628 tem
2166 4573 2528 4642 gratiﬁcatur,
2558 4571 2919 4633 credidimus,
2954 4570 3049 4640 qui
3080 4586 3179 4639 per
3206 4570 3388 4624 omnia
3414 4586 3611 4625 secun-

341 4666 613 4735 νώνησεν·
677 4668 981 4735 Ἀμαρτίαν
1030 4670 1159 4737 γὰρ,
1220 4669 1402 4738 φησὶν,
1451 4673 1564 4724 οὐκ
1611 4671 1917 4738 ἐποίησεν,

341 4757 484 4812 οὐδὲ
518 4757 731 4827 εὑρέθη
786 4759 967 4824 δόλος
1003 4761 1072 4812 ὲν
1119 4760 1197 4825 τῷ
1249 4763 1500 4830 στόματι
1544 4763 1730 4816 αὑτοῦ
1757 4781 1770 4792 ·
1813 4761 1922 4815 τῶν

340 4853 396 4905 δὲ
429 4853 526 4922 τῆς
575 4853 786 4921 φύσεως
830 4853 986 4924 ἡμῶν
1039 4855 1364 4924 ἰδιωμάτων,
1409 4856 1444 4910 ἃ
1475 4855 1561 4909 διά
1599 4873 1745 4918 τινος
1796 4873 1923 4909 συν-

341 4945 530 5016 ηθείας
567 4947 660 4999 καὶ
709 4948 1096 5016 καταχρήσεως
1127 4948 1430 5019 ὁμωνύμως
1468 4948 1684 5017 λέγεται
1731 4948 1874 5018 πάθη
1903 4987 1920 5011 ,

339 5036 544 5089 τούτων
585 5041 873 5108 μετασχεῖν
914 5037 1282 5109 ὁμολογοῦμεν
1333 5039 1424 5092 τὸν
1464 5039 1686 5112 Κύριον,
1731 5041 1922 5112 γεννή-

347 5144 501 5191 σεως,
551 5128 646 5180 καὶ
686 5130 914 5200 τροφῆς,
948 5130 1042 5183 καὶ
1075 5131 1379 5202 αὐξήσεως,
1414 5131 1583 5184 ὕπνου
1623 5149 1683 5184 τε
1715 5132 1805 5184 καὶ
1839 5131 1930 5183 κό-

345 5236 466 5281 που,
501 5221 594 5272 καὶ
623 5220 720 5272 ὅσα
757 5219 890 5289 πρὸς
919 5221 1016 5284 τὰς
1046 5222 1362 5292 σωματικάς
1395 5223 1690 5293 ἁχθηδόνας
1719 5224 1751 5292 ἡ
1780 5221 1928 5292 ψυχὴ

347 5307 591 5378 φυσικῶς
634 5309 1065 5363 συνδιατίθεσθαι
1114 5311 1346 5380 πέφυκε,
1397 5311 1496 5382 τὴν
1529 5312 1620 5365 τοῦ
1659 5313 1930 5372 ἐνδέοντος

347 5399 532 5468 ἔφεσιν
577 5401 642 5454 ὲκ
677 5400 770 5453 τοῦ
806 5401 1054 5471 σώματος
1104 5402 1194 5454 ἐπὶ
1226 5403 1324 5474 τὴν
1366 5402 1541 5473 ψυχὴν
1567 5403 1664 5473 τῆς
1693 5403 1925 5469 ὀρέξεως

347 5493 735 5563 διατεινούσης,
770 5495 864 5546 καὶ
900 5494 1078 5565 λύπης
1114 5495 1386 5566 αἴσθησιν,
1418 5495 1512 5550 καὶ
1541 5495 1741 5548 δειλίαν
1787 5495 1924 5566 πρὸς

350 5584 597 5651 θάνατον,
629 5585 724 5638 καὶ
753 5585 851 5639 ὅσα
873 5585 1115 5651 τοιαῦτα,
1138 5586 1274 5659 πλὴν
1302 5590 1350 5640 εί
1383 5589 1458 5658 μή
1490 5605 1543 5639 τι
1580 5585 1711 5659 πρὸς
1740 5588 1923 5659 ἀμαρ-

348 5675 469 5740 τίοις
499 5677 817 5731 ἀκολουθίαν
837 5677 1011 5748 φέρει.
1039 5678 1248 5748 ’Ὠσπερ
1274 5679 1450 5732 τοίνυν
1470 5677 1567 5742 τὴν
1597 5678 1684 5732 διὰ
1709 5678 1922 5732 πάντων

424 5860 475 5895 “
509 5859 662 5916 Joan.
703 5877 813 5922 \uv.
847 5863 899 5917 9.

2026 4666 2155 4718 dum
2181 4662 2601 4718 similitudinem
2627 4670 2872 4715 tentatus
2907 4669 3014 4725 est,
3050 4662 3259 4730 absque
3290 4669 3514 4730 peccato
3541 4663 3632 4722 "._

2025 4755 2161 4825 Ejus
2203 4756 2373 4826 igitur
2402 4757 2496 4824 qui
2526 4770 2652 4809 vere
2691 4763 2777 4808 est
2808 4753 3058 4811 allectus.
3091 4754 3181 4823 qui
3214 4753 3433 4822 quidem
3465 4769 3605 4807 morr

2028 4846 2134 4902 bus
2163 4855 2248 4901 est
2277 4846 2567 4900 electionis
2595 4848 2711 4900 sive
2735 4844 2979 4906 consilii,
3014 4860 3120 4896 non
3160 4845 3435 4912 particeps
3469 4843 3568 4898 fuit
3595 4862 3609 4898 :

2033 4938 2315 4995 Peccatum
2347 4939 2488 4991 enim
2537 4937 2759 5007 (inquit)
2803 4953 2904 4989 non
2938 4936 3079 5002 lecit,
3142 4951 3230 4989 nec
3270 4936 3325 4987 in
3373 4951 3462 4988 ore
3494 4935 3610 5003 ejus

2028 5031 2182 5084 dolus
2217 5031 2458 5083 iuventus
2492 5039 2570 5081 est
2601 5028 2644 5059 ’⁸
2673 5047 2685 5082 :
2729 5032 3125 5096 proprietatum
3160 5033 3344 5080 autem
3373 5033 3608 5093 naturae,

2027 5138 2152 5193 quae
2218 5138 2316 5191 per
2369 5122 2608 5190 aliquam
2668 5119 3122 5174 consuetudinem
3184 5127 3236 5173 et
3290 5120 3611 5176 abusionem

2027 5217 2306 5285 aequivoce
2341 5214 2602 5267 dicuntur
2635 5213 2806 5282 πάθη,
2841 5213 2893 5265 id
2926 5219 3032 5276 est,
3072 5213 3381 5280 passiones:
3413 5212 3610 5266 harum

2031 5307 2352 5379 participem
2399 5304 2574 5359 fuisse
2623 5303 2912 5358 Dominum
2959 5304 3307 5366 conﬁtemur,
3353 5311 3411 5356 ut
3449 5321 3615 5374 gene-

2031 5401 2287 5461 rationis,
2328 5397 2669 5461 nutritionis,
2698 5397 3052 5459 accretionis,
3085 5397 3379 5466 somnique
3411 5407 3466 5452 et
3505 5398 3616 5452 las-

2031 5490 2317 5553 situdinis,
2356 5498 2412 5544 et
2444 5488 2679 5543 aliorum
2719 5489 2920 5560 quibus
2953 5489 3281 5543 naturaliter
3318 5489 3503 5542 anima
3544 5490 3614 5544 ad

2030 5599 2328 5655 corporeas
2381 5583 2670 5639 molestias
2719 5590 2774 5639 et
2825 5582 3046 5638 dolores
3096 5583 3237 5638 solet
3283 5579 3446 5646 attici,
3490 5581 3612 5649 ejus

2031 5677 2174 5749 quod
2224 5692 2363 5746 opus
2392 5685 2478 5732 est
2510 5674 2865 5744 desiderium,
2891 5690 2968 5730 ex.
2988 5688 3218 5745 corpore
3259 5674 3326 5729 ad
3367 5675 3610 5728 animam

1015 5865 1057 5895 ¹⁷
1102 5863 1262 5918 llebr.
1302 5880 1372 5928 iv,
1423 5863 1504 5917 15.
1584 5861 1626 5892 ⁸⁸
1663 5835 1854 5917 ΙΡριτ.
1886 5876 1946 5928 ιι,
1970 5860 2074 5926 22;
2110 5861 2216 5920 lsa.
2245 5877 2362 5928 Lm,
2387 5860 2440 5917 9.
