4138 6364
520 366 625 421 725

1792 369 1847 425 8.
1890 368 2216 426 GHEGORII
2248 367 2541 425 NYSSENI

3667 368 3764 423 7‘24

516 474 758 547 appetitu
801 475 1151 540 extendente.
1188 484 1243 533 et
1286 476 1492 535 doloris
1524 494 1747 539 sensum
1796 488 1851 536 et
1881 481 2085 535 timidi-

2217 480 2352 535 ιύτοῦ
2399 481 2690 551 διήκουσαν
2729 477 2957 548 δύναμιν
3001 475 3409 540 κατανοοῦντες,
3451 478 3509 529 ἐν
3555 476 3770 550 οὖρα-,ᾦ

516 571 684 621 tatem
720 565 786 620 ad
822 575 1080 630 mortem.
1112 577 1167 623 et
1202 584 1545 640 qna-cunque
1569 570 1862 635 ejusmodi,
1895 581 2091 640 prater

520 658 572 711 id
622 657 769 726 quod
824 658 891 713 ad
946 659 1154 728 peccati
1215 661 1662 715 consecutionem
1726 662 1849 715 fert.
1896 665 2093 728 Quem-

520 745 813 800 admodum
847 746 1013 817 igitur
1043 747 1215 817 ipsius
1264 750 1516 805 virtutem
1566 767 1661 821 per
1711 754 1891 806 omnia
1933 768 2095 822 pene-

520 845 752 892 trantem
800 841 984 895 animo
1053 843 1602 911 comprehendentes,
1652 844 1706 898 in
1762 846 1903 901 caelo
1942 853 1996 901 et
2037 846 2094 902 in

521 943 668 991 aere,
708 939 763 983 et
809 936 978 994 terra,
1021 942 1074 988 et
1115 933 1275 997 mari,
1316 942 1371 988 et
1426 934 1471 989 si
1525 935 1658 1005 quid
1704 936 2097 1005 supercoeleste

522 1029 577 1075 et
615 1022 1055 1086 subterraneum,
1084 1024 1311 1095 ubique,
1348 1035 1398 1083 et
1429 1043 1526 1097 per
1554 1029 1736 1081 omnia
1767 1029 1943 1099 ipsum
1975 1044 2099 1084 esse

521 1113 824 1177 credimus,
868 1115 1005 1168 nihil
1056 1123 1237 1170 autem
1278 1132 1468 1172 eorum
1502 1120 1553 1171 in
1591 1120 1791 1189 quibus
1821 1127 1905 1174 est
1944 1120 2096 1173 illum

521 1219 645 1259 esse
690 1204 947 1261 dicimus.
999 1205 1117 1260 Non
1157 1210 1301 1261 enim
1340 1210 1540 1264 malum
1588 1219 1673 1265 est
1706 1211 1753 1266 is
1791 1211 1883 1281 qui
1920 1211 2097 1282 ipsum

524 1297 704 1366 palmo
732 1298 1053 1356 continente
1087 1299 1401 1356 universum
1431 1302 1754 1372 complexus
1777 1311 1897 1369 est;
1924 1318 2101 1373 neque

523 1395 691 1452 terra,
740 1388 831 1457 qui
880 1392 1127 1445 continet
1176 1406 1391 1462 g-yrum,
1441 1392 1556 1449 sive
1605 1394 1869 1448 ambitum
1918 1403 2099 1460 teme,

523 1495 701 1549 neque
731 1496 926 1536 rursus
959 1497 1122 1552 aqua,
1153 1484 1247 1552 qui
1276 1484 1556 1538 humidam
1586 1487 1973 1556 complectitur
2005 1502 2103 1540 na-

524 1580 736 1638 turam;
801 1573 880 1627 sic
933 1588 1108 1642 neque
1157 1590 1252 1643 per
1314 1574 1489 1629 dictas
1544 1578 1728 1631 carnis
1780 1576 2103 1632 aﬂectiones

521 1662 829 1717 venientem
850 1664 1026 1734 ipsum
1049 1665 1334 1721 aﬁ‘ectibus
1357 1666 1653 1722 obnoxium
1678 1683 1803 1724 esse
1823 1669 2062 1724 dicimus
2087 1688 2100 1722 :

524 1754 619 1810 sed
649 1764 707 1809 ut
736 1772 924 1811 eorum
960 1773 1082 1827 quae
1107 1767 1234 1813 sunt
1269 1769 1547 1815 auctorem
1589 1768 1643 1815 et
1682 1762 1924 1816 universi
1954 1776 2105 1815 com—

526 1848 941 1917 prehensorem,
968 1858 1132 1917 atque
1164 1849 1424 1905 ineffabili
1452 1854 1693 1920 potentia
1722 1853 1958 1923 propriae
1989 1869 2104 1907 ina-

527 1939 854 2008 gniﬁcentite
873 1939 1139 2009 quidquid
1168 1949 1417 1995 movetur
1439 1942 1855 2013 gubernantem,
1883 1956 1937 2000 et
1958 1945 2105 2015 quod

528 2038 637 2087 stat
682 2030 734 2085 in
790 2031 893 2085 ﬁxa
945 2033 1239 2102 stabilique
1286 2034 1402 2089 basi
1455 2046 1894 2093 conservantem.
1930 2038 2107 2108 Atque

527 2122 584 2179 in
627 2122 785 2177 nobis
835 2131 1022 2183 natum
1071 2139 1197 2179 esse
1255 2124 1494 2179 dicimus
1524 2126 1592 2181 ad
1624 2127 1931 2181 sanandum
1977 2144 2105 2199 pee-

528 2214 635 2269 cati
664 2215 940 2279 morbum,
965 2216 1235 2271 concinne
1257 2225 1728 2288 congruenterque
1748 2219 1962 2274 aﬂectui
1995 2221 2109 2276 sive

528 2305 771 2377 passioni
818 2307 1105 2362 medicina:
1146 2309 1442 2366 ellicaciatu
1479 2310 2018 2376 accommodantem;
2049 2320 2109 2367 ut

530 2404 755 2451 noverat
775 2394 1027 2450 conferre
1055 2398 1192 2465 parti
1225 2407 1489 2452 creatura:
1516 2400 1827 2468 aegrotanti,
1853 2401 1933 2456 sic
1957 2418 2111 2456 sana-

531 2484 731 2537 tionem
755 2483 1122 2540 inducentem.
1148 2487 1501 2544 Conducehat
1522 2499 1702 2545 autem
1736 2492 1815 2547 sic
1843 2499 1989 2549 tactu
2023 2511 2114 2549 cuo

532 2576 643 2636 rari
677 2573 929 2628 allectum
961 2577 1100 2646 ejus.
1134 2580 1221 2633 cui
1249 2596 1384 2634 cura
1432 2590 1483 2636 et
1518 2582 1788 2636 medicina
1819 2585 2115 2641 adhibeba-

529 2673 640 2721 tur.
672 2662 788 2717 Non
811 2673 989 2721 tamen
1020 2670 1279 2737 quoniam
1309 2670 1677 2725 inﬁrmitatem
1703 2682 1878 2736 curat,
1904 2675 2112 2730 idcirco

530 2756 647 2821 ipse
680 2755 872 2807 morbo
917 2765 971 2810 et
1009 2760 1251 2828 passioni
1295 2761 1564 2817 obnoxius
1618 2764 1787 2820 fuisse
1836 2767 2113 2835 putandus

530 2856 635 2900 est.
664 2845 848 2915 Neque
879 2848 1023 2905 enim
1052 2850 1119 2905 de
1142 2851 1454 2908 hominibus
1481 2855 1590 2909 tale
1629 2856 1754 2924 quid
1786 2857 1967 2912 dicere
1986 2874 2116 2913 con-

533 2938 763 2997 suetudo
816 2941 1100 3009 permittit.
1159 2944 1263 3012 Qui
1312 2948 1455 2999 enim
1485 2956 1745 3014 aegrotum
1807 2952 2000 3018 tangit,
2058 2961 2117 3004 ut

532 3042 708 3095 curet,
741 3046 849 3085 non
878 3047 1000 3087 eum
1032 3034 1206 3087 morbi
1240 3036 1556 3103 participem
1581 3052 1703 3091 esse
1731 3038 1986 3105 dicnnus,
2021 3042 2115 3096 sed

2193 593 2249 628 τε
2280 576 2376 628 καὶ
2408 573 2549 642 ἀέρι.
2585 574 2676 625 καὶ
2716 574 2810 643 γῇ,
2856 572 2950 625 καὶ
2992 570 3255 643 θαλάσσῃ,
3289 571 3383 623 καὶ
3416 571 3469 623 εἰ
3504 588 3556 623 τι
3601 572 3765 624 ἐπουο

2195 668 2397 739 ράνιον,
2429 670 2524 721 καί
2552 666 2606 718 εἰ
2630 683 2681 718 τι
2711 664 3085 735 καταχθόνιον,
3127 662 3401 732 πανταχοῦ
3433 664 3531 734 μέν
3558 663 3652 717 καὶ
3681 663 3769 716 διὰ

2195 760 2412 812 πάντων
2440 758 2602 811 αὑτὸν
2628 753 2765 809 εἶναι
2792 754 3141 825 πιστεύομεν,
3172 754 3323 809 οὐδὲν
3349 755 3406 807 δέ
3433 756 3638 808 τούτων
3662 754 3771 805 τῶν

2196 853 2253 909 ἐν
2295 844 2339 918 ᾧ
2385 852 2551 914 ἐστιν,
2591 849 2798 901 ἐκεῖνον
2843 842 2981 899 εἷναί
3028 862 3226 916 φαμεν.
3279 846 3354 898 Οὐ
3391 844 3499 916 γὰρ
3547 845 3769 916 οὐρανός

2197 938 2334 1001 ἐστι,
2365 935 2651 1007 διειληφὼς
2686 936 2846 990 αὐτὸν
2884 938 2950 1006 τῇ
2981 938 3411 1006 περικρατητικῇ
3442 934 3534 987 τοῦ
3574 935 3773 999 παντὸς

2198 1030 2467 1103 σπιθαμῇ,
2504 1030 2625 1084 οὐδὲ
2657 1029 2752 1099 γῆ,
2804 1030 2832 1082 ό
2882 1029 3133 1093 κατέχων
3166 1027 3257 1080 τὸν
3285 1027 3451 1095 γύοον
3494 1027 3592 1097 τῆς
3632 1027 3770 1097 γῆς·

2198 1121 2319 1174 ούδέ
2349 1121 2491 1192 ὕδωρ
2513 1120 2735 1185 πάλιν,ό
2769 1117 2865 1189 τὴν
2894 1118 3067 1189 ὑγράν
3096 1118 3361 1188 περιέχων
3387 1116 3548 1186 φύσιν
3568 1134 3583 1149 ο
3606 1116 3777 1179 οὕτως

2198 1212 2320 1269 οὐδὲ
2376 1211 2463 1267 διὰ
2516 1210 2624 1264 τῶν
2670 1208 2980 1279 λεγομένων
3039 1208 3139 1277 τῆς
3190 1208 3392 1279 σαρκὸς
3439 1206 3778 1277 παθημάτων

2200 1302 2441 1365 ἐλθόντα,
2474 1301 2691 1372 ἐμπαθῆ
2724 1301 2884 1357 αὑτὸν
2919 1294 3057 1355 εἷναί
3105 1316 3307 1370 φαμεν.
3370 1299 3507 1351 Ἀλλ’
3550 1298 3625 1361 ὡς
3673 1297 3781 1350 τῶν

2201 1394 2368 1447 ὄντων
2409 1392 2601 1459 αἴτιον,
2650 1392 2744 1445 καὶ
2783 1390 2876 1448 τοῦ
2912 1390 3111 1454 παντὸς
3142 1389 3658 1461 περιδεδραγμένον,
3689 1391 3782 1443 καὶ

2201 1488 2267 1556 τῇ
2314 1486 2575 1555 ἀφράστῳ
2610 1483 2836 1553 δυνάμει
2882 1481 2985 1551 τῆς
3021 1482 3157 1546 ἰδίας
3209 1481 3642 1552 μεγαλειότητος,
3674 1481 3783 1534 πᾶν

2202 1578 2264 1633 τό
2293 1593 2352 1630 τε
2388 1574 2701 1645 κινούμενον
2726 1573 3055 1638 οἰακίξοντα,
3091 1575 3187 1627 καὶ
3210 1574 3270 1627 τὸ
3310 1573 3482 1637 ἐστὼς
3511 1576 3567 1627 ἐν
3603 1574 3785 1644 παγίῳ

2209 1668 2572 1741 συντηροῦντα
2598 1669 2664 1740 τῇ
2716 1666 2890 1736 βάσει,
2924 1666 3018 1720 καὶ
3065 1668 3124 1720 ἐν
3162 1667 3293 1736 ἡμῖν
3323 1665 3652 1736 γεγενῆσθαί
3682 1683 3783 1733 φα-

2210 1781 2308 1834 μεν
2351 1763 2442 1815 ἐπὶ
2470 1748 2762 1832 θεραπείᾳ
2803 1759 2902 1830 τῆς
2945 1758 3085 1812 κατὰ
3131 1759 3231 1830 τὴν
3284 1758 3555 1829 ἁμαρτίαν
3608 1758 3786 1822 νόσου,

2206 1854 2555 1926 καταλλήλως
2598 1852 2676 1924 τῷ
2725 1853 2884 1907 πάθει
2929 1853 3029 1924 τὴν
3064 1850 3344 1922 ἐνέργειαν
3399 1850 3497 1919 τῆς
3541 1851 3787 1921 ἰατρικῆς

2205 1943 2607 2015 ἁρμοσάμενον,
2657 1944 2733 2007 ὡς
2783 1943 2897 2014 ᾔδει
2947 1942 3244 2013 συμφέρειν
3292 1940 3370 2011 τῷ
3415 1940 3789 2012 ἀρῤωστοῦντι

2209 2036 2365 2107 μέρει
2410 2036 2512 2105 τῆς
2562 2034 2812 2096 κτίσεως,
2853 2031 3025 2095 οὕτως
3073 2029 3423 2099 ἐπαγαγόντα
3472 2031 3571 2101 τὴν
3612 2030 3788 2083 ἰασιν·

2210 2126 2467 2197 συνέφερε
2509 2126 2565 2179 δὲ
2612 2127 2678 2196 τῇ
2719 2125 2901 2194 ἐπαφῇ
2940 2123 3001 2175 τὸ
3030 2121 3200 2185 πάθος
3231 2120 3482 2175 ἰάσασθαι
3522 2119 3666 2173 οὕτω
3696 2121 3794 2173 καὶ⁵

2213 2221 2519 2289 ἰασάμενον.
2560 2218 2634 2271 Οὐ
2668 2215 2775 2287 μὴν
2803 2215 2989 2287 ἐπειδὴ
3039 2213 3275 2286 ἰατρεύει
3311 2214 3411 2284 τὴν
3456 2212 3792 2285 ἀρρωστίαν,

2208 2310 2296 2364 διὰ
2327 2308 2482 2364 τοῦτο
2508 2309 2600 2361 καὶ
2630 2308 2791 2370 αὐτὸς
2839 2305 3092 2377 ἐμπαθὴς
3132 2303 3457 2375 γεγενῆσθαι
3489 2304 3791 2374 νομίζεται.

2211 2400 2344 2453 Οὐδὲ
2379 2399 2485 2469 γὰρ
2529 2399 2621 2451 ἐπὶ
2664 2397 2773 2451 τῶν
2817 2396 3120 2468 ἀνθρώπων
3148 2396 3209 2451 τὸ
3237 2394 3480 2451 τοιοῦτον
3535 2395 3713 2464 λέγειν
3760 2395 3795 2464 ἠ

2215 2490 2468 2561 συνήθεια
2499 2478 2707 2544 δίδωσιξ
2756 2488 2859 2541 Τὸν
2902 2487 3008 2559 γὰρ
3057 2485 3461 2563 θεραπευτικῶς
3493 2486 3797 2555 ἀπτόμενον

2211 2583 2305 2637 τοῦ
2348 2582 2717 2652 νενοσηκότος,
2752 2582 2850 2634 οὐκ
2878 2580 3037 2634 αὐτὸν
3066 2579 3310 2649 μετέχειν
3344 2578 3442 2649 τῆς
3477 2579 3791 2650 ἀρρωστίας

2214 2676 2414 2745 φαμὲν,
2464 2673 2601 2727 ἀλλά
2650 2673 2745 2726 καὶ
2794 2672 2873 2742 τῷ
2924 2671 3164 2729 νοσοῦντι
3210 2669 3521 2741 χαρίζεσθαι
3571 2670 3667 2741 τὴν
3717 2673 3800 2734 εἰς

2216 2766 2425 2834 ὑγίειαν
2456 2763 2732 2827 ἐπάνοδον,
2774 2764 2866 2817 καὶ
2922 2763 2997 2833 μὴ
3052 2763 3298 2833 μετέχειν
3345 2761 3446 2831 τῆς
3489 2761 3799 2832 ἀρρωστίας

2217 2856 2415 2924 φαμέν·
2452 2854 2572 2907 οὐδὲ
2602 2852 2713 2923 γὰρ
2758 2853 2967 2914 ἐκείνου
3012 2853 3071 2905 τὸ
3100 2852 3290 2917 πάθος,
3318 2849 3451 2904 ἀλλά
3476 2850 3535 2903 τὸ
3564 2850 3801 2919 ἐμπαλιν

2216 2949 2421 3010 ἐκεῖνος
2446 2946 2540 3000 τοῦ
2569 2947 2997 3017 ἀρῤωστήματος
3031 2945 3283 2998 ἅπτεται.
3319 2944 3383 2997 Εἰ
3412 2939 3503 2997 οὖν
3531 2945 3560 2997 ὁ
3587 2944 3673 2997 διὰ
3700 2943 3802 3013 τῆς

2217 3039 2411 3107 τέχνης
2458 3036 2660 3105 ἀγαθόν
2703 3053 2753 3088 τι
2796 3038 2909 3098 τοῖς
2961 3033 3208 3104 σώμασιν
3242 3033 3498 3105 ἐνεργῶν,
3533 3034 3652 3103 οὐχὶ
3695 3050 3801 3085 νω-

532 3123 816 3191 egrotanti
865 3124 1158 3194 gratiﬁcari
1198 3134 1251 3180 et
1287 3127 1581 3183 liberaliter
1611 3129 1676 3183 ad
1717 3132 2005 3188 sanitatem
2032 3149 2115 3189 re-

2222 3127 2349 3200 θρός
2390 3145 2448 3181 τε
2502 3128 2594 3181 καὶ
2644 3128 2943 3205 ἄρρωστος,
2980 3125 3117 3180 ἀλλά
3161 3125 3540 3198 φιλάνθρωπός
3586 3142 3647 3178 τε
3700 3126 3797 3178 καὶ

535 3213 706 3271 ditum
735 3215 995 3281 praebere,
1034 3232 1145 3270 non
1193 3225 1371 3272 autem
1418 3221 1593 3275 morbi
1640 3224 1956 3297 participem
2002 3240 2127 3281 esse

535 3305 791 3369 dicimus,
828 3323 1003 3376 neque
1035 3309 1180 3363 enim
1208 3310 1359 3363 illum
1387 3312 1637 3378 aﬂ‘ectus,
1676 3316 1769 3369 sed
1810 3323 1996 3375 contra
2037 3318 2126 3373 ille

536 3396 787 3455 morbum
816 3398 1021 3465 tangit;
1064 3400 1109 3452 si
1141 3400 1308 3470 igitur
1334 3405 1425 3473 qui
1470 3420 1564 3473 per
1593 3418 1765 3461 artem
1797 3411 2126 3479 corporibus

536 3487 740 3541 bonum
772 3490 992 3565 aliquod
1023 3502 1304 3560 operatur,
1334 3510 1444 3549 non
1470 3496 1757 3565 languidus
1782 3507 1836 3553 et
1859 3508 2121 3569 mgrotus,

537 3577 635 3633 sed
666 3579 960 3646 humanus,
994 3593 1048 3637 et
1075 3583 1412 3648 benefactor,
1446 3594 1500 3641 et
1527 3588 1579 3640 id
1612 3604 1784 3658 genus
1812 3591 2128 3646 nominibus

539 3671 875 3740 appellatur:
909 3689 1008 3727 cur
1048 3683 1105 3737 ut
1134 3675 1413 3741 humilem,
1450 3677 1714 3748 abjectam
1755 3692 1805 3735 et
1836 3681 2127 3750 ignobilem

539 3761 687 3821 circa
728 3779 826 3817 nos
869 3754 1333 3835 dispensationem
1386 3770 1800 3833 calumniantes,
1850 3788 1947 3842 per
1987 3772 2129 3827 hanc

540 3864 790 3928 prompte
819 3855 937 3908 Filii
977 3859 1271 3911 essentiam
1304 3859 1646 3915 imminutam
1680 3878 1803 3918 esse
1851 3871 2129 3934 astruunt,

540 3948 683 4017 quod
737 3947 916 4003 Patris
954 3952 1176 4021 quidam
1223 3962 1416 4009 natura
1461 3956 1533 4009 sit
1578 3957 2023 4026 perpessionibus
2074 3968 2131 4015 et

540 4036 921 4095 alim-tionibus
972 4044 1245 4112 superior,
1291 4043 1565 4116 Unigeniti
1617 4063 1748 4103 vero
1793 4063 1822 4101 a
1874 4050 2130 4119 passione

542 4145 652 4184 non
688 4132 858 4189 libera
885 4141 940 4186 et
971 4136 1225 4205 pura?Si
1254 4138 1399 4189 enim
1450 4152 1651 4207 scopus
1703 4139 2130 4209 dispensationis

542 4237 640 4292 per
671 4238 917 4287 carnem,
964 4240 1072 4281 non
1104 4233 1162 4281 ut
1195 4226 1457 4282 Dominus
1490 4229 1936 4299 perpessionibus
1977 4232 2131 4288 ﬁeret

543 4314 837 4377 obnoxius,
875 4316 970 4371 sed
1006 4324 1063 4370 ut
1097 4317 1317 4374 humani
1357 4322 1575 4388 generis
1619 4332 1831 4376 amator
1871 4330 1925 4378 et
1963 4324 2131 4383 benc-

543 4404 701 4457 volus
731 4392 1152 4473 ostenderetur;
1201 4408 1468 4479 benignus
1500 4418 1681 4464 autem
1730 4419 1785 4465 et
1834 4414 2130 4473 benevolus

2226 3220 2539 3291 εὐεργέτης,
2592 3219 2685 3272 καὶ
2737 3219 2837 3275 ὅσα
2866 3217 3091 3275 τοιαῦτα
3124 3218 3581 3288 κατονομάζεται·
3627 3217 3679 3270 τί
3722 3217 3803 3280 ὡς

2226 3310 2479 3364 ταπεινόν
2505 3326 2564 3362 τε
2610 3310 2702 3363 καὶ
2751 3308 2935 3372 ἄδοξον
2979 3308 3078 3378 τὴν
3130 3309 3259 3379 περὶ
3305 3310 3450 3378 ἡμᾶς
3494 3308 3803 3377 οἰκονομίαν

2226 3400 2620 3461 διαϐάλλοντες,
2667 3398 2753 3452 6:5:
2782 3397 2984 3469 ταύτης
3012 3396 3073 3450 τὸ
3106 3398 3393 3468 πρόχειρον
3425 3396 3806 3469 παρηλλάχθαι

2226 3492 2318 3544 τοῦ
2356 3492 2484 3545 Υἱοῦ
2532 3490 2629 3563 τὴν
2668 3490 2853 3543 οὐσίαν
2904 3490 3417 3554 κατασκευάζουσιν,
3464 3490 3540 3553 ὠς
3568 3490 3666 3562 τῆς
3704 3489 3804 3548 τοῦ

2229 3582 2442 3655 Πατρὺς
2490 3582 2586 3654 μὲν
2618 3582 2830 3651 φύσεως
2866 3581 3142 3651 ἀνωτέρας
3189 3580 3298 3633 τῶν
3339 3580 3677 3651 παθημάτων
3712 3580 3806 3633 οῦ-

2231 3694 2350 3748 σης,
2384 3678 2483 3747 τῆς
2524 3676 2581 3728 δέ
2628 3675 2723 3728 τοῦ
2766 3673 3103 3742 Μονογενοῦς
3145 3674 3206 3726 ού
3248 3673 3660 3745 καθαρευούσης
3706 3673 3805 3731 τοῦ

2230 3769 2454 3832 πάθους;
2481 3768 2543 3821 Εἰ
2573 3767 2680 3838 γὰρ
2711 3768 2738 3819 ό
2771 3765 2969 3829 σκοπὸς
2996 3766 3093 3836 τῆς
3121 3764 3210 3818 διὰ
3240 3765 3441 3837 σαρκὸς
3471 3764 3804 3830 οἰκονομίας,

2229 3858 2290 3911 ού
2335 3857 2395 3910 τὸ
2426 3855 2646 3926 ἐμπαθῆ
2683 3853 2933 3922 γενέσθαι
2960 3852 3050 3905 τὸν
3091 3851 3313 3924 Κύριον,
3348 3851 3482 3904 ἀλλά
3526 3850 3588 3903 τὸ
3616 3849 3807 3918 φιλάν-

2232 3949 2446 4021 θρωπον
2484 3945 2883 4015 ἐπιδειχθῆναι·
2915 3944 3294 4015 φιλάνθρωπος
3331 3944 3387 3996 δὲ
3431 3942 3525 3997 καὶ
3555 3945 3583 3997 ὁ
3614 3943 3806 4013 Πατὴρ

2231 4039 2370 4096 εἶναι
2398 4041 2496 4094 οὐκ
2526 4038 2943 4109 ἀμφιϐάλλεται·
2970 4038 3029 4089 ἐν
3055 4038 3166 4098 τοῖς
3202 4035 3384 4096 αὐτοῖς
3414 4034 3559 4086 ἐστιν
3590 4032 3699 4103 ἄρα
3725 4032 3808 4103 τῷ

2231 4134 2346 4213 Υἰῷ
2372 4135 2399 4186 ὀ
2429 4132 2637 4203 Πατὴρ,
2666 4130 2713 4183 εἰ
2744 4128 2879 4198 πρὸς
2908 4127 2998 4180 τὸν
3031 4125 3230 4188 σκοπόν
3254 4143 3337 4187 τις
3363 4124 3536 4178 ἐθέλοι
3564 4123 3803 4194 βλέπειν.

2232 4229 2294 4280 Εἰ
2318 4226 2375 4280 δὲ
2399 4225 2496 4294 οὐχ
2538 4225 2563 4275 ό
2597 4218 2780 4291 Πατὴρ
2822 4220 3091 4289 ἐνήργησε
3120 4216 3215 4287 τὴν
3246 4215 3338 4269 τοῦ
3381 4214 3609 4269 θανάτου
3639 4215 3808 4267 κατά-

2231 4321 2403 4382 λυσιν,
2434 4315 2719 4387 θαυμάσῃς
2759 4311 2943 4384 μηδέν.
2978 4311 3086 4365 Καὶ
3125 4310 3232 4382 γὰρ
3257 4309 3349 4361 καὶ
3372 4309 3470 4382 τὴν
3501 4306 3678 4380 κρίσιν
3703 4309 3814 4363 πᾶ-

2236 4427 2334 4463 σαν
2361 4409 2527 4461 ἐδωκε
2546 4405 2623 4478 τῷ
2655 4402 2785 4472 Υἰῴ,
2814 4401 2975 4464 αὐτὸς
3014 4400 3211 4471 κρίνων
3248 4398 3457 4461 οὐδένα,
3500 4399 3559 4451 οῦ
3602 4398 3679 4467 τῷ
3730 4398 3810 4470 μὴ

542 4510 673 4564 erga
717 4496 1016 4549 humanum
1047 4514 1218 4568 genus
1268 4500 1427 4559 Pater
1467 4516 1591 4556 esse
1640 4518 1750 4556 non
1795 4505 2115 4576 ambigitur:

2233 4498 2492 4554 δύνασθαι
2541 4494 2573 4564 ἢ
2632 4492 2800 4547 σῶσαι
2849 4490 2941 4543 τὸν
2990 4488 3354 4560 ἀπολόμενον,
3405 4491 3438 4559 ἦ
3484 4492 3663 4560 κρῖναι
3715 4489 3809 4540 τὸν

544 4582 602 4641 in
648 4584 838 4639 iisdem
874 4585 1042 4657 igitur
1083 4596 1166 4642 est
1216 4586 1376 4642 Pater
1417 4605 1541 4643 cum
1590 4590 1761 4645 Filio:
1801 4595 1845 4647 si
1886 4597 2009 4664 quis
2062 4598 2127 4651 ad

544 4664 769 4742 seupum
803 4676 931 4729 velit
973 4686 1246 4744 spectare.
1301 4680 1457 4743 Quod
1506 4680 1549 4735 si
1584 4680 1746 4740 Pater
1789 4688 1978 4741 mortis
2018 4687 2125 4743 dis-

546 4767 874 4821 solutionem
906 4784 1015 4823 non
1047 4780 1302 4839 operatus
1328 4781 1432 4836 est,
1464 4774 1600 4827 nihil
1634 4776 1875 4832 mireris.
1908 4777 2122 4837 Etenim

544 4858 709 4911 etiam
759 4874 920 4913 omne
960 4860 1229 4929 judicium
1279 4863 1429 4919 dedit
1479 4861 1639 4929 Filio,
1690 4868 1805 4941 ipse
1853 4870 2123 4924 neminem

543 4948 799 5025 judicans
831 4952 895 5015 ",
925 4967 1033 5005 non
1056 4952 1201 5026 quod
1234 4969 1342 5007 non
1388 4956 1561 5031 possit
1595 4958 1678 5011 vel
1728 4974 1949 5015 servare
1985 4962 2130 5030 quod

546 5041 817 5115 perierat,
870 5043 954 5096 vel
1004 5043 1251 5113 judicare
1303 5062 1426 5099 eum
1491 5049 1586 5117 qui
1638 5062 1982 5117 peccaverat,
2040 5069 2133 5123 per

546 5130 742 5185 Filium
778 5132 889 5188 haec
932 5134 1161 5204 faciens,
1192 5138 1287 5191 sed
1327 5144 1455 5206 quia
1501 5155 1595 5209 per
1631 5157 1783 5193 suam
1831 5144 2130 5210 potentiam

546 5239 644 5299 per
682 5240 847 5292 quam
893 5228 1077 5280 omnia
1119 5237 1397 5297 operatur,
1429 5230 1543 5284 haec
1590 5232 1752 5286 etiam
1786 5232 1985 5298 faciat;
2037 5250 2132 5303 po-

546 5318 718 5374 tentia
744 5327 921 5371 autem
953 5317 1132 5373 Patris
1155 5331 1238 5375 est
1262 5320 1457 5378 Filius.
1482 5324 1660 5390 Quare
1688 5325 1777 5391 qui
1805 5341 1901 5395 per
1930 5324 2125 5379 Filium

549 5410 686 5469 salvi
725 5408 849 5462 tacti
896 5419 1044 5472 sunt.
1098 5414 1336 5481 potentia
1386 5412 1568 5470 Patris
1615 5417 1814 5469 servati
1860 5428 2008 5472 sunt.
2061 5417 2129 5471 Et

549 5501 641 5569 qui
689 5501 756 5553 ab
798 5503 899 5555 huc
946 5502 1282 5570 judicautur,
1328 5503 1421 5559 Dei
1464 5505 1677 5574 justitia
1706 5507 1968 5578 judicium
1994 5510 2127 5564 sub-

550 5601 702 5654 eunt.
752 5591 1006 5647 Christus
1060 5595 1205 5651 enim
1254 5606 1339 5654 est
1394 5596 1488 5653 Dei
1553 5599 1788 5669 justitia,
1834 5617 1956 5672 qua:
2032 5617 2127 5673 per

626 5772 672 5817 ι’
710 5772 866 5837 Joan.
904 5792 953 5843 v,
977 5775 1066 5839 ‘22,

2232 4592 2643 4666 ἀμαρτήσαντα.
2691 4585 2781 4638 διὰ
2825 4583 2919 4636 τοῦ
2960 4582 3087 4635 Υἰοῦ
3118 4581 3290 4635 ταῦτα
3331 4582 3532 4646 ποιῶν,
3568 4581 3700 4635 ἀλλὰ
3730 4581 3810 4652 τῷ

2229 4685 2318 4737 διὰ
2341 4682 2439 4752 τῆς
2472 4680 2607 4741 ἰδίας
2634 4676 2937 4746 δυνάμεως,
2982 4674 3050 4727 δι’
3082 4670 3150 4749 ἦς
3180 4673 3247 4726 τὰ
3288 4675 3463 4728 πάντα
3496 4675 3807 4742 ἐργάζεται.

2232 4772 2522 4828 καὶταῦτα
2569 4771 2771 4825 ποιεῖν·
2820 4766 3045 4836 δύναμις
3091 4765 3147 4817 δὲ
3197 4766 3289 4821 τοῦ
3343 4766 3552 4835 Πατρός
3588 4768 3733 4818 ἐστιν
3781 4769 3811 4820 ὁ

2233 4866 2379 4927 Υἱός,
2420 4861 2629 4916 Οὐκοῦν
2654 4862 2703 4913 οἰ
2743 4858 2830 4911 διὰ
2874 4856 2967 4910 τοῦ
2999 4856 3129 4916 Υίοῦ
3160 4856 3442 4920 σωθέντες,
3473 4861 3538 4928 τῇ
3582 4858 3809 4928 δυνάμει

2230 4958 2322 5015 τοῦ
2356 4955 2566 5028 Πατρδς
2596 4951 2895 5023 ἐσώθησαν.
2924 4949 3031 5004 Καὶ
3074 4950 3124 5002 οἱ
3155 4950 3305 5019 παρὰ
3333 4947 3519 5001 τούτου
3554 4950 3809 5020 κρινόμε-

2230 5065 2329 5108 νοι,
2374 5049 2438 5116 τῇ
2483 5042 2793 5114 δικαιοσύνῃ
2844 5040 2938 5094 τοῦ
2974 5041 3108 5093 Θεοῦ
3156 5041 3252 5112 τὴν
3300 5041 3476 5112 κρίσιν
3526 5044 3807 5111 ὑπέχουσι.

2229 5139 2462 5212 Χριστὸς
2486 5137 2593 5206 γάρ
2626 5139 2772 5188 ἐστιν
2799 5135 2832 5203 ἡ
2862 5133 2955 5186 τοῦ
2984 5133 3118 5186 Θεοῦ
3160 5134 3493 5205 δικαιοσύνη,
3529 5136 3559 5205 ἡ
3587 5136 3674 5187 διὰ
3710 5136 3810 5204 τῆς

2229 5230 2586 5299 εύαγγελικῆς
2618 5225 3131 5296 ἁποκαλυπτομένη,
3167 5226 3346 5288 καθώς
3376 5243 3537 5295 φησιν
3568 5227 3598 5277 ὁ
3651 5227 3810 5279 Ἀπό-

2236 5324 2442 5385 στολος,
2482 5320 2583 5374 κᾶν
2624 5320 2702 5380 εἰς
2752 5317 2842 5369 τὸν
2876 5317 3077 5385 κόσμον
3128 5316 3243 5387 ἴδῃς
3291 5318 3429 5381 ὅλον,
3480 5317 3580 5371 κᾶν
3620 5320 3699 5381 εἰς
3740 5319 3815 5372 τὰ

2240 5416 2377 5485 μέρη
2423 5411 2516 5465 τοῦ
2549 5411 2750 5479 κόσμου
2781 5408 2848 5460 τὰ
2898 5408 3321 5479 συμπληροῦντα
3358 5412 3418 5462 τὸ
3454 5410 3593 5475 ὅλον,
3630 5412 3811 5465 πάντα

2235 5506 2401 5560 ταῦτα
2430 5503 2521 5555 τοῦ
2564 5501 2773 5571 Πατρός
2818 5502 2965 5552 ἐστιν
3008 5500 3162 5571 ἔργα,
3196 5501 3297 5570 τῆς
3339 5501 3617 5572 δυνάμεως
3643 5503 3808 5556 αὑτοῦ

2236 5600 2372 5671 ἔργα
2405 5595 2686 5667 γενόμενα,
2718 5593 2811 5644 καὶ
2850 5590 3021 5656 οὕτως
3050 5592 3302 5664 ἀληθεύει
3331 5592 3397 5647 δι’
3428 5595 3745 5665 ἀμφοτέρων
3780 5598 3809 5650 ὁ
