4138 6364
447 285 552 343 725

1568 292 1848 348 CONTRA
1889 293 2276 383 EUNOMIUM,
2314 295 2441 352 LIB.
2479 294 2566 349 Vl.

3589 292 3693 347 7‘26

443 406 630 475 λόγος·
680 403 775 458 καὶ
827 404 1001 458 πάντα
1032 405 1121 459 τὸν
1163 406 1386 479 Πατέρα
1436 407 1771 478 ἐργάζεσθαι⁴
1806 410 2009 479 λέγων·

2120 411 2500 483 Evangelicam
2535 412 2839 467 doctrinam
2868 411 3163 473 revolatnr,
3195 407 3338 462 sicut
3363 407 3439 461 ait
3470 406 3703 478 Aposto-

443 500 535 554 καὶ
561 499 729 571 χωρὶς
754 499 848 553 τοῦ
876 498 1007 554 Υἱοῦ
1036 500 1278 569 γίνεσθαι
1308 502 1416 555 τῶν
1445 502 1613 556 ὄντων
1638 504 1789 557 οὐδέν
1807 521 1820 535 ’
1855 506 1887 573 ή
1910 506 2018 577 γὰρ

440 593 543 663 τῆς
583 592 863 665 δυνάμεως
898 591 1170 666 ἐνέργεια,
1196 595 1275 656 είς
1306 594 1397 648 τὸν
1425 590 1484 649 ού
1524 596 1670 648 ἐστιν
1711 597 1745 664 ἡ
1790 596 2018 667 δύναμις

439 683 538 755 τὴν
561 684 835 755 ἀναφορὰν
862 684 994 755 ἔχει.
1044 683 1195 739 Ἐπεὶ
1232 681 1325 741 οὖν
1353 685 1580 757 δύναμις
1623 687 1716 741 τοῦ
1748 689 1959 759 Πατρὸς
1990 692 2023 744 6‘

440 773 604 838 Υἱός·
658 775 835 828 πάντα
876 776 941 829 τὰ
989 775 1125 847 ἔργα
1172 777 1266 830 τοῦ
1297 777 1447 842 Υίοῦ,
1490 778 1585 833 τοῦ
1630 780 1838 851 Πατρός
1870 782 2017 833 ἐστιν

442 864 597 936 ἔργα.
641 865 760 918 Ὀτι
788 864 893 937 γὰρ
921 866 1041 938 οὐχὶ
1070 867 1286 937 φύσεως
1316 870 1587 941 ἀσθενείᾳ,
1619 870 1756 941 πρὸς
1799 871 1895 943 τὴν
1920 872 2015 925 τοῦ

442 955 645 1020 πάθους
671 956 998 1026 οἰκονομίαν,
1033 957 1148 1011 ἀλλ’
1179 957 1399 1031 ἐξουσία
1432 958 1736 1032 θελήματος
1772 960 2013 1033 ἔρχεται,

443 1047 640 1119 μυρίας
672 1048 814 1101 ἐστιν
848 1050 913 1101 ἐκ
930 1048 1022 1102 τοῦ
1056 1050 1388 1119 Εὑαγγελίου
1434 1050 1778 1122 παραθέσθαι
1806 1051 2013 1121 φωνὰς,

437 1140 504 1205 ἃς
529 1141 789 1208 σιωπήσω
812 1140 900 1195 διὰ
929 1142 989 1194 τὺ
1022 1143 1305 1214 πρόδηλον,
1331 1145 1408 1208 ὡς
1452 1142 1519 1197 ἂν
1554 1142 1628 1215 μὴ
1672 1145 1786 1207 τοῖς
1826 1143 2010 1213 ὀμολοέ

2120 505 2204 559 lus
2236 506 2302 566 ",
2344 506 2460 560 sive
2502 513 2675 558 totum
2724 503 2986 557 mundum
3030 500 3311 571 inspicias,
3357 498 3472 553 sive
3516 508 3699 569 partes

2117 598 2305 651 mundi
2334 613 2456 666 qua:
2484 604 2656 651 totum
2691 596 2986 667 complent,
3019 594 3133 648 haec
3158 591 3339 646 omnia
3363 600 3492 645 sunt
3518 589 3700 647 Patris

2117 704 2304 760 opera,
2336 690 2595 761 potentiae
2622 688 2794 759 ipsius
2832 702 2997 758 opera
3042 685 3209 751 facta,
3247 685 3439 754 sicque
3470 685 3536 739 d‘e
3567 702 3699 739 am-

2116 779 2291 833 bobus
2340 794 2465 833 vere
2513 778 2647 832 dicit
2695 792 2895 841 sermo,
2951 776 3079 831 dum
3128 775 3204 827 ait
3248 774 3464 828 Patrem
3513 775 3695 827 omnia

2115 870 2359 939 Operari,
2400 878 2454 923 et
2484 869 2602 924 sine
2647 867 2784 923 Filio
2811 868 2947 923 nihil
2988 881 3177 922 eorum
3220 880 3341 936 quae
3372 873 3499 919 sunt
3543 864 3694 919 ﬁeri:

2115 960 2367 1033 potentiae
2415 961 2561 1016 enim
2595 960 2910 1025 efﬁcacitas,
2964 957 3032 1012 ad
3084 974 3209 1012 eum
3264 957 3424 1025 cujus
3472 966 3555 1012 est
3604 972 3698 1027 po-

2115 1051 2286 1107 tentia
2333 1052 2653 1107 relationem
2718 1051 2901 1105 habet.
2965 1049 3235 1115 Quoniam
3292 1050 3459 1119 igitur
3517 1047 3696 1102 Patris

2114 1141 2359 1215 potentia
2390 1139 2561 1196 Filius
2596 1148 2702 1206 est,
2746 1139 2929 1193 omnia
2970 1152 3135 1209 opera
3177 1135 3299 1190 Filii
3346 1142 3472 1190 sunt
3512 1133 3694 1189 Patris

437 1232 720 1302 γουμένοις
770 1232 1136 1302 ἐνδιατρίϐων,
1183 1236 1212 1288 6
1259 1234 1418 1302 λόγος
1450 1234 1761 1307 μηκύνοιτο.
1818 1236 1882 1288 Εἰ
1915 1235 2009 1305 μὲν

2113 1248 2298 1303 Opera.
2330 1231 2488 1298 Quod
2514 1232 2659 1286 enim
2696 1246 2803 1285 non
2854 1238 3063 1283 natura:
3098 1226 3415 1282 inﬁrmitate
3459 1226 3527 1280 ad
3569 1240 3695 1296 pas-

436 1320 529 1377 οὖν
574 1323 742 1376 κακὸν
783 1325 844 1378 τὸ
872 1325 1175 1396 γινόμενον,
1204 1326 1263 1379 ού
1292 1327 1383 1379 τὸν
1416 1326 1635 1398 Πατέρα
1672 1326 1850 1396 μόνον,
1878 1326 2009 1380 ἀλλά

2113 1325 2287 1382 sionis
2341 1323 2834 1394 dispensationem,
2901 1320 2995 1376 sed
3060 1326 3334 1390 potestate
3396 1318 3693 1373 voluntatis

437 1413 646 1479 καὶτὸν
707 1414 835 1468 Υῖὸν
864 1413 956 1468 τοῦ
1000 1414 1170 1469 κακοῦ
1202 1417 1517 1487 χωριστέον.
1552 1418 1614 1470 El
1643 1418 1698 1471 δὲ
1742 1417 1943 1486 ἀγαθὸν
1976 1418 2009 1486 ἡ

2114 1416 2285 1483 venit,
2314 1416 2557 1470 inﬁnitas
2587 1429 2752 1469 voces
2780 1429 2846 1468 ex
2877 1411 3170 1482 Evangelia
3204 1408 3447 1479 proferre
3480 1408 3690 1468 liceret,

439 1506 679 1576 σωτηρία
706 1506 813 1559 τῶν
842 1506 1313 1575 ἀπολωλότωνριαῖ.
1337 1508 1397 1561 οὐ
1430 1507 1598 1572 πάθος
1616 1549 1631 1573 ,
1663 1508 1795 1562 ἀλλά
1826 1508 2009 1578 φιλαν-

2112 1524 2250 1579 quas
2288 1509 2557 1571 omittam,
2612 1507 2740 1577 quia
2777 1502 2879 1558 hoc
2929 1505 3064 1558 satis
3097 1501 3444 1572 perSpicuum
3492 1507 3694 1567 est,ne

435 1598 650 1668 θρωπία
701 1598 762 1651 τὸ
816 1598 1178 1670 γεγενημένον
1240 1598 1390 1652 ἐστί·
1448 1601 1502 1653 τί
1553 1600 1852 1672 ἀλλοτριοῖς
1920 1600 2011 1654 τὸν

434 1689 652 1759 Πατέρα
680 1689 775 1760 τῆς
807 1690 899 1742 ἐπὶ
927 1693 993 1761 τῇ
1028 1689 1270 1761 σωτηρία⁸
1311 1688 1468 1760 ἡμῶν
1496 1691 1847 1762 εὐχαριστίας
1866 1734 1880 1758 ,
1920 1690 2010 1743 τὸν

432 1780 520 1834 διά
546 1782 645 1852 τῆς
678 1782 810 1845 ἰδίας
839 1778 1140 1853 δυνάμεως,
1178 1784 1300 1854 ἥτις
1348 1785 1494 1837 ἐστὶν
1533 1786 1560 1836 6
1609 1761 1863 1855 Χριστὸς,
1903 1784 2002 1856 τὴν
2043 1761 2085 1815 Β

433 1875 497 1925 ἐκ
522 1872 612 1925 τοῦ
657 1874 884 1927 θανάτου
920 1874 1228 1944 ἐλευθερίαν
1256 1880 1365 1940 τοῖς
1391 1876 1696 1947 ἀνθρώποις
1737 1895 2006 1948 κατεργα-

436 1963 704 2032 σάμενον;
756 1966 893 2019 Ἀλλ’
948 1967 1228 2019 ἐπανιτέον
1288 1967 1448 2021 πάλιν
1496 1968 1589 2021 ἐπὶ
1638 1968 1729 2022 τὸν
1780 1969 2006 2039 σφοδρὸν

432 2053 790 2126 λογογράφον,
842 2058 935 2110 καὶ
978 2058 1077 2129 τὴν
1126 2059 1373 2113 σύντονον
1422 2061 1635 2131 ἐκείνην
1685 2061 1803 2114 καθ’
1850 2062 2006 2133 ἡμῶν

435 2146 718 2215 ῥητορείαν
761 2147 1096 2218 ἀναληπτέον
1126 2150 1276 2219 ἡμῖν.
1315 2150 1565 2202 Αίτιᾶται
1610 2150 1671 2202 τὸ
1722 2149 1795 2220 μὴ
1826 2150 2003 2218 λέγειν

432 2238 754 2307 πεποιῆσθαι
797 2238 887 2292 τοῦ
917 2239 1047 2293 Υῖοῦ
1075 2241 1172 2312 τὴν
1200 2240 1387 2293 ούσίαν
1416 2241 1580 2310 ἡμᾶς,
1610 2240 1686 2304 ὡς
1724 2242 1999 2295 ἐναντιου-

435 2327 625 2397 μένους
650 2332 712 2400 τῇ
741 2332 888 2402 φωνῇ
923 2331 1148 2401 Πέτρου,
1175 2332 1392 2399 Κύριον
1418 2331 1604 2384 αὐτὸν
1622 2332 1720 2384 καὶ
1745 2333 2001 2400 Χριστὸν

430 2417 702 2488 ἐποίησε,
732 2421 946 2475 τοῦτον
984 2424 1091 2475 τὸν
1135 2423 1369 2490 Ἰησοῦν
1397 2422 1469 2475 ὃν
1504 2424 1672 2492 ὑμεῖς
1705 2425 2000 2493 ἐσταυρώ-

431 2527 596 2565 σατε.
639 2514 747 2565 Καὶ
786 2513 951 2577 πολύς
980 2517 1127 2567 ἐστιν
1171 2515 1492 2583 ἀγανακτῶν
1521 2517 1613 2569 ἐπὶ
1650 2516 1861 2581 τούτοις
1903 2519 1998 2571 καὶ

432 2604 850 2675 λοιδορούμενος,
910 2606 1004 2659 καὶ
1045 2607 1442 2672 κατασκευάζει
1491 2608 1557 2660 δι’
1604 2601 1677 2661 ὧν
1708 2609 1872 2663 οἴεται
1915 2613 1995 2667 δι-

431 2692 669 2763 ελέγχειν
702 2694 792 2746 τὸν
826 2695 1089 2767 ἡμέτερον
1119 2696 1293 2765 λόγον.

2113 1601 2166 1655 in
2214 1600 2381 1654 certis
2427 1607 2488 1655 et
2532 1598 2803 1653 confessis
2857 1599 3176 1657 immorans,
3238 1608 3420 1648 sermo
3476 1590 3691 1661 longius

2113 1694 2486 1764 protrahatur.
2511 1693 2667 1758 Quod
2697 1693 2744 1747 si
2773 1691 2976 1744 malum
3006 1697 3087 1745 cst
3114 1688 3165 1743 id
3185 1686 3333 1758 quod
3350 1685 3551 1740 factum
3582 1691 3688 1746 est,

2117 1806 2223 1845 non
2265 1789 2439 1844 solum
2488 1784 2725 1849 Patrem,
2766 1782 2860 1839 sed
2901 1783 3066 1837 etiam
3096 1779 3293 1834 Filium
3343 1793 3371 1831 a
3413 1777 3554 1831 malo
3601 1791 3690 1831 se-

2116 1896 2311 1950 parare
2337 1885 2571 1948 oportet.
2606 1875 2663 1930 Si
2700 1888 2879 1929 autem
2918 1875 3119 1929 bonum
3158 1885 3349 1926 eorum
3382 1870 3475 1938 qui
3516 1868 3690 1938 perie-

2112 1981 2240 2026 runt
2288 1971 2473 2036 salus,
2524 1985 2632 2024 non
2675 1967 2894 2038 passio,
2949 1964 3043 2021 sed
3094 1964 3150 2018 in
3188 1962 3467 2019 hominum
3516 1976 3693 2032 genus

2110 2078 2264 2116 amor
2297 2070 2350 2116 ct
2378 2059 2752 2116 benevolentia
2783 2057 2927 2127 quod
2956 2054 3159 2110 factum
3190 2063 3309 2107 est:
3341 2067 3439 2106 cur
3468 2049 3689 2105 Patrem

2109 2170 2139 2210 a
2169 2155 2467 2225 gratiarum
2504 2152 2720 2206 actione
2758 2150 2829 2203 ob
2877 2148 3109 2203 salutem
3160 2150 3405 2199 nostram
3442 2141 3687 2205 alienas,

2107 2246 2200 2313 qui
2261 2259 2355 2313 per
2413 2240 2690 2311 propriam
2758 2236 3090 2307 potentiam,
3147 2247 3268 2303 quae
3327 2230 3546 2301 quidem
3603 2237 3705 2284 est-

2106 2335 2379 2395 Cliristus,
2414 2332 2717 2386 libertatem
2765 2343 2802 2381 a
2843 2337 3017 2381 morte
3070 2324 3387 2379 hominibus
3429 2333 3697 2393 operatus-

2104 2427 2231 2482 est?
2260 2424 2364 2481 Sed
2387 2423 2454 2478 ad
2484 2422 2854 2477 vehementem
2889 2417 3197 2473 orationum
3234 2416 3560 2486 scriptorem
3605 2428 3689 2468 re-

2104 2518 2379 2573 deundum
2405 2523 2509 2581 est,
2540 2523 2594 2570 et
2620 2512 2890 2568 concitata
2916 2511 3004 2565 illa
3031 2518 3225 2564 contra
3253 2523 3354 2562 nos
3373 2505 3686 2577 eloquentia
3750 2502 3752 2504 ’

2103 2609 2429 2668 resumenda
2470 2607 2629 2662 nobis
2662 2614 2765 2661 est.
2801 2605 3039 2658 Accusat
3069 2617 3187 2666 nos,
3214 2607 3500 2671 propterea
3539 2598 3686 2667 quod

2106 2718 2214 2757 non
2250 2700 2498 2756 dicamus
2534 2696 2829 2754 essentiam
2876 2692 3001 2747 Filii
3032 2692 3231 2747 factam
3275 2706 3419 2756 esse,
3456 2697 3515 2744 ut
3541 2688 3686 2754 Petri

433 2784 551 2837 voci
581 2783 931 2841 adversantes
955 2788 1211 2848 dicentis.
1235 2788 1522 2842 Dominum
1547 2791 1718 2858 ipsum
1736 2801 1785 2845 et
1808 2789 2075 2847 Christum
2099 2795 2243 2863 fecit,
2262 2794 2399 2845 hunc
2418 2790 2600 2845 Iesum
2617 2806 2768 2860 quem
2784 2804 2871 2842 vos
2888 2785 3250 2854 cruciﬁxistis.
3273 2783 3583 2851 Multusque
3603 2794 3689 2841 est

432 2876 502 2932 ob
526 2876 637 2931 haec
668 2877 889 2948 indigne
920 2877 1122 2944 ferens,
1145 2892 1198 2933 et
1215 2882 1477 2937 conviciis
1493 2883 1875 2951 proscindens,
1902 2895 1954 2939 et
1982 2886 2253 2940 construit
2276 2900 2337 2939 ea
2357 2884 2557 2954 quibus
2579 2889 2733 2952 putat
2749 2896 2807 2935 se
2828 2886 3076 2933 nostrum
3099 2890 3403 2932 sermonem
3424 2873 3683 2928 refutare.

502 2971 742 3042 Ἴδωμεν
778 2971 950 3025 τοίνυν
981 2972 1088 3027 τῶν
1116 2976 1557 3046 ἐπιχειρημάτων
1585 2977 1682 3047 τὴν
1732 2978 1957 3049 δύναμιν
1980 2996 1992 3009 ⁸
2024 2986 2066 3043 C.

432 3060 539 3115 Kal
592 3063 703 3127 τίς,
750 3063 945 3134 φησὶν,
995 3060 1042 3117 ὦ
1087 3064 1326 3118 πάντων
1371 3064 1538 3134 ὑμεῖς
1582 3068 2001 3137 ῥᾳθυμότατοι,

431 3154 669 3225 μορφὴν
698 3157 857 3226 ἔχων
888 3157 1132 3225 δούλου,
1156 3158 1399 3229 μορφὴν
1435 3160 1839 3227 ἀναλαμϐάνει
1868 3161 2004 3216 δού-

433 3250 578 3311 Jov;
614 3248 799 3313 Οὐδεὶς
827 3250 933 3301 τῶν
968 3248 1090 3303 νοῦν
1120 3250 1370 3325 ἐχόντων,
1417 3250 1553 3321 πρὸς
1581 3250 1742 3304 αὑτὸν
1772 3252 2003 3324 ἐροῦμεν

432 3339 610 3408 ἡμεῖς,
639 3340 699 3393 τὸ
724 3341 963 3395 τοιοῦτον
991 3342 1054 3395 ἂν
1082 3343 1225 3396 εἴποι
1244 3382 1259 3407 ,
1298 3343 1436 3415 πλὴν
1464 3344 1513 3395 εἰ
1563 3344 1636 3413 μή
1686 3363 1828 3407 τινες
1871 3347 2005 3400 καθ-

431 3429 551 3482 όλου
567 3431 664 3501 τῆς
684 3431 895 3496 ἐλπίδος
922 3433 1030 3486 τῶν
1053 3434 1391 3503 Χριστιανῶν
1407 3435 1814 3510 ἡλλοτρίωνται.
1845 3431 2002 3490 Οὗτοι

432 3520 487 3573 δέ
512 3522 633 3573 ἐστε
662 3522 817 3591 ὑμεῖς
861 3524 907 3576 οἱ
938 3524 1288 3591 ἐγκαλοῦντες
1319 3526 1592 3598 ῥαθυμίαν
1621 3532 1774 3601 ἡμῖν,
1803 3530 1884 3582 ὅτι
1926 3529 2001 3599 μὴ

433 3611 647 3668 κτιστὸν
662 3613 750 3664 τὸν
766 3613 987 3683 κτίστην
1004 3616 1427 3685 καταδεχόμεθα.
1448 3620 1511 3673 Εἰ
1526 3621 1636 3691 γὰρ
1656 3623 1729 3692 μὴ
1746 3620 1999 3689 ψεύδεται

432 3702 518 3758 διὰ
553 3703 645 3757 τοῦ
691 3705 966 3776 προφήτου
992 3706 1163 3774 λέγων
1190 3708 1250 3760 τὸ
1279 3709 1501 3781 Πνεῦμα
1522 3713 1582 3765 τὸ
1612 3712 1784 3781 ἆγιον,
1814 3713 1895 3766 ὅτι
1924 3712 2003 3767 Τὰ

434 3792 723 3857 σύμπαντα
759 3793 917 3847 δοῦλα
967 3794 1053 3860 σὰ,
1105 3796 1193 3849 καὶ
1244 3799 1388 3851 πᾶσα
1437 3801 1469 3870 ή
1516 3800 1690 3865 κτίσις
1742 3801 2001 3865 δουλεύει,

432 3884 646 3947 κτιστδς
663 3882 719 3937 δὲ
740 3884 860 3938 καθ’
885 3886 1027 3955 ὑμᾶς
1058 3886 1085 3937 6
1125 3887 1245 3951 Υἱὸς
1264 3927 1280 3950 ,
1328 3889 1614 3957 ὁμόδουλός
1642 3893 1757 3944 ἐστι
1787 3892 2005 3956 πάντως

432 3976 543 4036 τοῖς
589 3974 855 4043 σύμπασι,
903 3974 980 4045 τῷ
1028 3980 1299 4030 κοινωνεῖν
1346 3980 1444 4049 τῆς
1500 3980 1763 4045 κτίσεως,
1816 3984 1896 4044 εἰς
1946 3982 2005 4035 τὸ

434 4066 706 4115 κοινωνεῖν
736 4080 829 4115 και
855 4064 952 4134 τῆς
980 4064 1222 4127 δουλείας
1251 4068 1771 4140 συγκαθελκόμενος.
1820 4069 1908 4139 Τῷ
1948 4069 2006 4123 δέ

433 4152 732 4209 δουλεύοντι
782 4154 996 4218 πάντως
1028 4156 1184 4225 ὑμεῖς
1222 4157 1316 4209 καὶ
1352 4158 1447 4228 τὴν
1488 4158 1737 4231 δουλικὴν
1792 4163 2005 4233 μορφὴν

434 4244 775 4316 περιθήσετε.
805 4246 879 4298 Οὐ
906 4248 1013 4317 γὰρ
1043 4248 1123 4300 δεῖ
1165 4247 1347 4303 δοῦλον
1371 4251 1763 4319 ὁμολογοῦντας
1797 4256 1863 4323 τῇ
1903 4252 2005 4321 cpti-

2172 2978 2468 3034 Videamus
2501 2978 2667 3047 igitur
2693 2975 2800 3029 vim
2832 2978 3313 3043 argumentorum:
3346 2967 3567 3039 Ecquid,
3601 2970 3685 3021 in.

2106 3071 2240 3139 quit,
2277 3087 2307 3124 ο
2352 3066 2659 3124 ἰιιένεὶδδὶιηὶ
2706 3067 2938 3120 omnium
2964 3065 2984 3118 !
3035 3064 3169 3118 servi
3214 3061 3443 3132 formam
3487 3060 3682 3113 habens

2104 3159 2333 3229 formam
2367 3159 2502 3212 servi
2541 3156 2771 3225 accipit?
2795 3154 2904 3210 Nos
2927 3154 2976 3209 ei
3002 3150 3472 3223 respondebimus.
3493 3145 3686 3205 Nullus

2104 3267 2294 3307 eorum
2351 3252 2444 3321 qui
2488 3260 2670 3304 mente
2714 3255 2844 3303 sunt
2878 3245 3089 3316 prmditi
3137 3244 3246 3298 tale
3290 3241 3419 3313 quid
3462 3239 3689 3302 dixerit,

2104 3345 2212 3399 nisi
2260 3359 2449 3398 eorum
2499 3342 2693 3411 aliqui,
2742 3341 2834 3409 qui
2886 3339 3112 3394 omnino
3160 3351 3192 3389 a
3242 3334 3687 3390 Christianorum

2106 3450 2204 3505 spe
2231 3434 2451 3488 alienati
2477 3433 2701 3487 fuerint.
2733 3430 2839 3486 Sed
2868 3446 2963 3485 vos
2995 3430 3084 3483 isti
3123 3427 3256 3483 estis
3289 3425 3381 3497 qui
3410 3439 3513 3479 nos
3535 3424 3685 3477 iner-

2102 3527 2193 3580 ti:e
2226 3534 2279 3580 et
2310 3526 2553 3594 stuporis
2599 3523 2896 3586 accusatis,
2955 3520 3045 3590 qui
3085 3526 3329 3574 creatum
3368 3514 3689 3570 Creatorem

2102 3629 2214 3675 non
2264 3619 2626 3672 admittimus.
2677 3614 2735 3669 Si
2773 3616 2918 3669 enim
2958 3629 3065 3666 non
3121 3610 3381 3667 mentitur
3432 3607 3526 3677 qui
3588 3620 3693 3675 per

2103 3711 2421 3781 prophetam
2476 3708 2607 3762 dicit
2658 3704 2898 3777 Spiritus
2934 3711 3206 3760 sanctus:
3263 3698 3411 3770 quod
3464 3696 3693 3750 Cuncta

2102 3800 2366 3861 serviunt,
2401 3805 2455 3850 ct
2485 3796 2663 3851 omnis
2690 3805 2940 3850 creatura
2974 3793 3180 3858 servit;
3228 3797 3447 3845 creatus
3494 3798 3697 3842 autem.

2104 3888 2403 3945 secundum
2451 3903 2547 3941 vos
2600 3886 2791 3950 Filius,
2848 3899 3148 3939 conservus
3191 3880 3409 3951 penitus
3441 3887 3527 3935 est
3555 3893 3680 3933 cum

2104 3982 2394 4045 universis,
2431 3981 2558 4050 quia
2614 3995 2737 4033 cum
2788 3987 3041 4032 creatura
3071 3974 3460 4038 communicat,
3507 3982 3561 4026 et
3612 3970 3699 4025 ad.-

2103 4074 2382 4131 servitutis
2411 4070 2850 4127 communionem
2896 4068 3057 4123 simul
3096 4066 3350 4135 adigitur.
3387 4062 3450 4117 Ei
3498 4070 3679 4116 autem

2103 4165 2195 4235 qui
2235 4162 2404 4217 servit
2434 4176 2660 4231 prorsus
2686 4174 2785 4213 vos
2814 4157 3066 4213 servilem
3098 4156 3330 4210 formam
3368 4155 3683 4222 circumpo~

2104 4256 2255 4311 nitis.
2292 4252 2411 4308 Non
2439 4254 2584 4306 enim
2615 4251 2727 4320 jam
2758 4264 2977 4304 servum
3010 4254 3208 4302 natura
3237 4244 3583 4305 conﬁtcntes,
3613 4244 3691 4297 ob

436 4354 516 4394 σει
563 4338 638 4407 τῷ
689 4339 1015 4409 προσωπείῳ
1046 4341 1144 4410 τῆς
1175 4341 1413 4404 δουλείας
1457 4344 2000 4413 ἐπαισχυνθήσεσθαι.

2110 4344 2389 4400 servitutis
2428 4357 2713 4412 personam
2745 4340 3066 4396 erubescere
3115 4354 3213 4395 vos
3261 4346 3497 4409 oportet.
3546 4336 3685 4402 Quis

435 4430 527 4492 Τίς
560 4425 673 4492 οὖν,
720 4423 764 4481 ὦ
805 4430 1122 4501 δριμύτατοι
1169 4432 1429 4503 ρητόρων,
1465 4434 1493 4486 6
1540 4435 1603 4487 ἐκ
1630 4436 1727 4506 τῆς
1757 4434 2006 4507 δουλικῆς

438 4521 651 4590 μορφῆς
679 4520 768 4572 τὸν
796 4520 922 4573 Υἱὺν
953 4523 1031 4583 εἰς
1076 4521 1241 4591 ἄλλην
1266 4522 1450 4575 δούλου
1477 4524 1853 4595 μεταϐιϐάζων
1884 4541 2008 4596 μορ-

436 4612 564 4679 φὴν,
596 4614 624 4663 ὁ
664 4611 724 4663 τὸ
765 4611 1017 4666 ἄκτιστον
1058 4614 1207 4683 αὐτῷ
1254 4615 1713 4686 προσμαρτυρῶν,
1758 4611 1802 4683 ᾧ
1827 4617 1921 4669 καὶ
1946 4617 2009 4670 τὺ

439 4701 514 4773 μὴ
557 4702 828 4755 δουλεύειν
877 4703 1389 4770 συναποδείκνυται;
1436 4706 1506 4757 Ἤ
1539 4707 1739 4775 μᾶλλον
1777 4708 1827 4759 οί
1859 4708 2009 4777 διαρ-

438 4793 605 4864 ρήδην
649 4792 879 4863 βοῶντες
926 4794 1083 4863 ὑμεῖς
1131 4794 1314 4847 δοῦλον
1357 4792 1495 4848 εἶναι
1532 4794 1626 4848 τοῦ
1674 4796 1883 4866 Πατρὸς
1918 4797 2008 4849 τὸν

437 4885 583 4951 Υἱὸν,
616 4886 710 4938 καὶ
739 4886 841 4956 πρὸ
871 4886 969 4956 τῆς
996 4885 1089 4939 τοῦ
1124 4886 1308 4940 δούλου
1351 4888 1564 4958 μορφῆς
1594 4889 1688 4941 καὶ
1712 4888 1802 4941 ὑπ’
1842 4888 2007 4942 αὑτοῦ

436 4976 817 5048 κυριεύεσθαι;
870 4979 943 5031 Οὐ
974 4978 1163 5048 δέομαι
1205 4979 1473 5033 δικαστῶν
1514 4981 1735 5051 ἐτέρων,
1780 4981 1862 5034 σοὶ
1910 4981 2009 5052 τὴν

438 5072 567 5139 περὶ
588 5069 791 5122 τούτων
814 5069 1091 5141 ἐπιτρέπω
1113 5070 1312 5140 ψῆφον.
1346 5067 1511 5141 Οἶμαι
1539 5071 1643 5141 γὰρ
1674 5072 1748 5143 μὴ
1779 5072 1845 5127 ἂν
1867 5072 2009 5125 οὕτω

438 5161 574 5232 πρὸς
614 5160 711 5231 τὴν
753 5161 1011 5232 ἀλήθειαν
1056 5161 1288 5225 ἀναιδῶς
1325 5179 1475 5224 τινας
1522 5163 1683 5233 ἔχειν,
1718 5163 1857 5216 ὥστε
1895 5167 2010 5227 τοῖς

437 5250 883 5321 ὁμολογουμένοις
925 5251 991 5303 δι’
1015 5252 1392 5322 ἀναισχυντίας
1422 5253 1753 5307 ἐνίστασθαι.
1799 5255 2005 5325 Πρόδη-

439 5340 530 5394 λον
593 5341 701 5411 γάρ
768 5342 928 5394 παντὶ
978 5342 1036 5394 τὸ
1097 5342 1386 5413 λεγόμενον
1412 5385 1427 5407 ,
1479 5344 1561 5396 ὅτι
1613 5345 1671 5396 τὸ
1713 5344 1897 5396 δοῦλον
1941 5348 2005 5416 τῇ

441 5431 618 5500 φύσει,
656 5434 766 5495 τοῖς
819 5431 1065 5502 ίδιώμασι
1104 5433 1202 5504 τῆς
1242 5433 1481 5497 δουλείας
1524 5434 2005 5505 χαρακτηρίζεται,

442 5525 571 5578 ἴδιον
604 5524 712 5594 γὰρ
763 5523 1002 5587 δουλείας
1045 5527 1077 5595 ἡ
1120 5525 1315 5590 κτίσις.
1374 5526 1433 5578 'U
1479 5522 1572 5579 οὖν
1618 5525 1800 5578 δοῦλον
1850 5526 2009 5580 αὐτὸν

442 5618 571 5670 δντα
638 5615 737 5686 τὴν
794 5617 1066 5687 ἡμετέραν
1134 5619 1304 5688 λέγων
1358 5618 1744 5688 ὑπεληλυθέναι
1776 5619 2006 5691 μορφὴν,

514 5775 558 5810 ³⁸
598 5774 756 5830 “Ulli.
782 5792 816 5844 ι,
865 5776 945 5831 18.

2108 4437 2294 4507 igitur,
2323 4454 2356 4491 ο
2386 4444 2665 4489 oratorum
2697 4433 3034 4496 acutissime,
3066 4448 3133 4488 ex
3175 4432 3359 4487 servili
3395 4430 3565 4484 forma
3594 4427 3682 4482 Fi-

2108 4526 2241 4580 lium
2277 4525 2330 4578 in
2368 4524 2527 4578 aliam
2565 4524 2795 4578 formam
2841 4524 2983 4577 servi
3027 4520 3308 4587 transfert,
3356 4536 3424 4573 an
3462 4520 3552 4575 ille
3586 4518 3692 4589 qui.

2107 4618 2156 4673 ei
2211 4617 2504 4672 increatam
2562 4623 2813 4669 naturam
2864 4614 3138 4677 attribuit,
3196 4629 3301 4680 qua
3354 4614 3517 4667 etiam
3572 4626 3681 4665 non

2110 4709 2316 4765 servire
2373 4708 2536 4763 simul
2583 4707 3031 4763 demonstratur?
3083 4720 3151 4759 an
3204 4705 3387 4775 potius
3439 4719 3537 4759 vos
3588 4704 3683 4773 qui

2108 4799 2406 4853 clamantes
2438 4799 2736 4868 propalatis
2759 4797 2937 4852 Patris
2981 4796 3179 4850 Filium
3208 4810 3424 4850 servum
3453 4809 3597 4859 esse,
3631 4802 3686 4848 et

2108 4898 2244 4944 ante
2283 4889 2427 4943 servi
2472 4888 2722 4952 formam,
2774 4889 2947 4957 ipsius
3006 4888 3235 4958 imperio
3283 4884 3513 4955 subjici?
3564 4883 3684 4938 Non

2108 4980 2482 5051 aliosjudices
2529 4981 2765 5052 postulo,
2796 4980 2893 5035 tibi
2936 4981 3003 5035 de
3042 4981 3109 5036 iis
3136 4979 3421 5034 committo
3459 4986 3684 5033 senten-

2109 5076 2263 5128 tiam.
2317 5071 2595 5127 Neminem
2647 5073 2792 5127 enim
2847 5073 3087 5126 arbitror
3124 5072 3203 5126 sic
3235 5071 3499 5126 adversus
3544 5070 3687 5124 veri-

2109 5173 2276 5219 tatem
2308 5164 2652 5233 impndenter
2679 5164 2847 5229 allici,
2878 5171 2937 5218 ut
2963 5164 3129 5219 certis
3161 5171 3217 5217 et
3252 5162 3534 5217 concessis
3576 5175 3689 5230 pra:

2078 5258 2079 5261 “
2110 5255 2445 5325 impudentia
2472 5255 2856 5309 incunctanter
2872 5254 3151 5310 adversari
3176 5255 3328 5308 velit.
3353 5253 3511 5319 Quod
3538 5252 3687 5307 enim

2109 5345 2314 5399 dicitur
2356 5344 2531 5399 cuivis
2572 5352 2761 5400 notum
2805 5354 2888 5399 est
2942 5352 2997 5399 et
3036 5345 3422 5414 perspicuum:
3458 5342 3607 5412 quod
3635 5340 3707 5395 id»

2110 5438 2253 5507 quod
2300 5444 2498 5491 natura
2539 5452 2756 5491 servum
2796 5444 2901 5500 est,
2950 5435 3231 5491 servitutis
3265 5432 3691 5504 proprietatibus

2110 5539 2170 5585 et
2201 5531 2344 5584 notis
2391 5529 2728 5599 insignitnr;
2772 5530 3053 5599 proprium
3096 5528 3241 5583 enim
3294 5524 3573 5581 servitutis
3608 5532 3693 5577 est

2112 5631 2353 5677 creatum
2405 5636 2545 5677 esse.
2582 5621 2686 5688 Qui
2716 5621 2880 5693 igitur
2920 5621 3098 5693 ipsum
3148 5634 3367 5676 servum
3417 5618 3549 5677 dicit
3594 5633 3692 5672 no-
