4138 6364
480 304 581 362 τῒῖ

1785 306 1844 360 ὃ.
1885 301 2211 367 GREGORII
2248 301 2544 359 NYSSENI

3642 304 3746 364 79.8

477 431 645 478 stram
687 419 924 476 subiisse
956 418 1211 481 formam.
1245 420 1334 478 ille
1361 431 1446 478 est
1472 423 1634 493 plane
1659 424 1752 492 qui
1795 439 1859 478 ex
1891 421 2045 478 servi-

2164 420 2375 482 ἐκεῖνός
2409 420 2523 471 ἐστι
2559 417 2772 481 πάντως
2800 417 2828 472 ό
2867 419 2931 472 ἐκ
2969 417 3212 483 δουλείας
3256 419 3335 483 είς
3363 417 3607 474 δουλείαν
3651 421 3744 473 τὸν

476 519 591 565 tute
619 510 676 564 in
704 513 1022 566 servitutem
1059 512 1406 583 Unigenitum
1439 514 1739 584 remigrare
1771 513 1921 570 facit.
1949 513 2055 567 Sed

475 601 638 656 dictis
688 602 1030 668 reluctatur,
1089 614 1144 659 et
1178 605 1311 659 dicit
1363 606 1646 676 paululum
1703 605 1844 661 infra
1877 625 1891 662 :
1927 602 2057 665 Cum

475 694 622 748 cnim
649 693 936 763 interjecta
966 702 1116 758 sunt,
1136 697 1263 766 quia
1292 697 1644 752 mediocriter
1667 698 1718 752 in
1748 696 2059 766 praeceden-

473 784 624 840 tibus
647 787 958 841 examinata
992 795 1122 844 sunt
1153 803 1300 842 nunc
1346 789 1728 844 transcendam
1749 801 1762 835 ε
1783 795 1840 842 ιιι
1878 787 1946 843 ad
1972 789 2056 842 di-

471 877 706 930 cendum
758 885 813 931 et
861 878 1205 939 sentiendum
1258 879 1618 950 impossibilia
1671 879 1908 934 audaces
1955 894 2058 935 nos

472 968 839 1032 calumnians,
875 969 1226 1024 miseratione
1267 972 1428 1024 etiam
1475 971 1828 1041 dignissimos
1870 972 2058 1040 appel-

473 1057 615 1124 lans,
654 1058 767 1113 hinc
804 1059 1036 1132 adjicit:
1065 1059 1123 1114 Si
1166 1062 1304 1116 enim
1335 1079 1437 1115 non
1470 1061 1534 1114 de
1569 1060 1733 1116 Verbo
1762 1063 1901 1132 quod
1942 1073 2057 1117 erat

473 1151 526 1204 iu
551 1152 806 1220 principio
845 1161 896 1205 et
917 1162 1031 1206 erat
1057 1152 1221 1219 Deus,
1251 1153 1431 1208 beatus
1459 1153 1648 1208 Petrus
1679 1153 1892 1209 disserit
1917 1170 1934 1208 :
1964 1157 2056 1209 sed

472 1239 536 1292 de
568 1256 628 1294 eo
665 1241 756 1311 qui
783 1241 1080 1305 videbatur,
1111 1251 1162 1296 et
1189 1243 1279 1312 qui
1313 1245 1543 1311 seipsum
1573 1243 1882 1309 exinauivit,
1918 1246 2057 1297 sicut

473 1330 551 1382 ait
577 1330 851 1398 Basilius;
873 1335 961 1403 qui
989 1344 1164 1388 autem
1194 1333 1469 1388 videbatur
1503 1334 1658 1387 homo
1695 1336 1920 1404 seipsum
1943 1337 2054 1389 exi-

472 1423 672 1476 nauivit
729 1424 784 1476 in
835 1426 971 1479 servi
1025 1425 1291 1495 formam;
1341 1427 1431 1495 qui
1491 1437 1665 1480 autem
1715 1428 1945 1496 seipsum
2000 1431 2055 1482 in

472 1512 701 1578 formam
753 1517 886 1569 servi
935 1519 1247 1581 exinauivit,
1297 1519 1351 1571 in
1381 1517 1607 1587 hominis
1664 1521 2053 1589 generationem

470 1605 699 1670 seipsum
729 1608 1036 1661 exiuauivit.

544 1693 798 1752 Fortasse
847 1699 1065 1767 quidem
1109 1700 1371 1754 continuo
1409 1715 1477 1754 ex
1531 1700 1599 1756 iis
1653 1718 1774 1771 quae
1815 1703 2053 1772 perlecta

2158 511 2438 579 Μονογενῆ
2484 508 2827 580 μετοικίζων.
2889 509 3029 561 Ἀλλ’
3063 511 3462 577 ἐπαγωνίζεται
3508 513 3621 574 τοῖς
3665 513 3742 564 εἰ-

2159 601 2438 674 ρημένοις,
2473 600 2567 654 καί
2603 619 2735 672 φησι
2781 600 2974 672 μικρὸν
3017 602 3254 664 ὑποϐάς·
3289 602 3374 655 Τὰ
3411 603 3522 675 γὰρ
3563 606 3621 657 ἐν
3661 604 3741 674 τῷ

2163 697 2332 767 μέσῳ,
2367 695 2454 748 διά
2487 695 2548 749 τὸ
2575 694 2808 767 μετρίως
2854 695 2913 748 ἐν
2955 698 3068 758 τοῖς
3100 695 3430 767 προάγουσιν
3458 697 3743 768 ἐξετασθῆ-

2159 803 2267 849 ναι,
2294 786 2390 839 νῦν
2429 787 2842 859 ὑπερϐήσομαιο
2890 787 2966 850 ὡς
2995 787 3301 859 τολμηροὺς
3343 791 3420 852 είς
3473 789 3533 842 τὸ
3561 789 3738 857 λέγειν

2159 879 2254 932 καὶ
2303 882 2516 949 φρονεῖν
2561 879 2821 949 ἀμήχανα
2863 877 3181 942 διαϐάλλων,
3235 878 3629 944 ἐλεεινοτάτους
3675 898 3738 934 τε

2157 970 2635 1041 προσαγορεύσας,
2689 970 2864 1023 ταῦτα
2915 969 3291 1042 προστίθησιν’
3357 975 3421 1025 Et
3479 974 3588 1042 γὰρ
3648 972 3735 1042 μὴ

2155 1062 2290 1130 περὶ
2333 1063 2439 1116 τοῦ
2469 1063 2540 1116 ἐν
2577 1061 2733 1131 ἀρχῇ
2765 1062 2939 1127 ὄντος
2980 1065 3196 1132 Λόγου,
3227 1064 3324 1117 καὶ
3357 1064 3502 1118 Θεοῦ
3543 1065 3736 1131 ὄντος,

2156 1151 2191 1208 ὀ
2227 1153 2519 1224 μακάριος
2569 1153 2897 1224 διαλέγεται
2939 1155 3192 1224 Πέτρος·
3243 1156 3406 1210 ἀλλὰ
3448 1156 3581 1225 περὶ
3630 1156 3737 1211 τοῦ

2149 1246 2535 1316 ,ϐλεπομένου
2581 1245 2681 1300 καὶ
2718 1247 3098 1311 κενώσαντπ
3131 1244 3369 1309 ἑαυτὸν,
3407 1245 3599 1313 καθώς
3626 1264 3739 1316 φη-

2155 1353 2260 1390 σιν
2291 1340 2324 1390 ό
2364 1338 2704 1402 Βίισίλειος,
2755 1337 3058 1390 ἐκένωσεν
3101 1337 3319 1390 ἑαυτὸν
3352 1336 3420 1390 δὲ
3455 1339 3488 1391 ό
3511 1338 3739 1402 ,ϐλεπό-

2151 1443 2332 1496 μενος
2380 1425 2690 1494 ἅνθρωπος
2736 1423 2996 1496 [ἑαυτὸν]
3023 1428 3110 1491 εἱς
3157 1425 3382 1480 δούλου
3416 1427 3736 1496 μορφὴν-,ό

2153 1514 2222 1568 δὲ
2267 1514 2538 1581 κενώσας
2588 1514 2806 1569 ἑαυτὸν
2833 1518 2918 1582 εἰς
2953 1514 3175 1570 δούλου
3215 1517 3479 1586 μορφὴν,
3509 1521 3596 1584 εἰς
3639 1520 3739 1573 ἀν-

2154 1609 2388 1674 θρώπου
2409 1607 2656 1676 γένεσιν
2689 1605 2988 1660 ἐκένωσεν
3019 1605 3252 1662 ἑαυτόν.

2229 1696 2382 1767 Τάχα
2461 1697 2560 1768 μὲν
2633 1693 2725 1750 οὖν
2785 1695 2946 1757 εὐθὺς
3005 1700 3068 1750 ἐκ
3137 1697 3250 1750 τῶν
3313 1698 3738 1768 ἀνεγνωσμένων

472 1794 622 1849 sunt,
667 1789 974 1856 auditorum
1017 1791 1225 1858 judicio
1285 1792 1626 1862 deprehensa
1667 1802 1748 1848 cst
1794 1803 2045 1850 constru-

2157 1788 2584 1860 προπεφὼραται
2630 1791 2696 1860 τῇ
2749 1789 2928 1859 κρίσει
2968 1789 3076 1842 τῶν
3123 1789 3453 1852 ἀκουόντων,
3497 1790 3597 1859 τῆς
3635 1791 3733 1844 τοῦ

471 1878 671 1934 ‹·ιίοηίε
698 1881 862 1948 hujus
891 1885 1162 1939 sermonis
1215 1886 1487 1941 calliditas
1516 1887 1677 1940 simul
1701 1896 1755 1941 et
1788 1891 2043 1944 amentia.

469 1966 839 2030 Nihilominus
871 1977 1060 2045 paucis
1084 1979 1264 2032 verbis
1284 1994 1471 2033 eorum
1496 1996 1617 2049 quae
1655 1982 1724 2035 ab
1756 1983 1874 2052 ipso
1903 1983 2047 2038 dicta

469 2070 599 2116 sunt
629 2063 1012 2122 refutationem
1045 2070 1436 2138 subjiciemus:
1468 2088 1577 2126 non
1611 2072 1677 2126 ad
1707 2074 2044 2130 eversionem

468 2164 577 2209 tam
610 2157 817 2212 indocti
846 2170 900 2214 et
921 2159 1106 2215 insciti
1135 2165 1454 2228 commenti,
1488 2165 1632 2234 quod
1671 2167 1832 2220 etiam
1870 2184 1965 2237 per
1987 2183 2045 2223 se

467 2249 610 2317 apud
637 2257 842 2305 attente
884 2251 1168 2308 audientes
1209 2269 1458 2309 eversum
1518 2266 1649 2310 est:
1703 2258 1795 2311 sed
1845 2275 1914 2313 ne
1965 2260 2046 2314 vi-

467 2341 693 2396 deamur
723 2351 985 2410 prmtextu
1005 2353 1058 2399 et
1088 2347 1270 2414 specie
1293 2356 1640 2419 contemptus
1672 2350 1898 2405 vilitatis
1930 2367 2048 2406 ser-

468 2433 669 2494 monis,
698 2432 976 2504 despicere
1001 2436 1145 2506 quod
1171 2440 1506 2508 propositum
1553 2450 1636 2496 est
1669 2442 2041 2498 inexcussum.

470 2522 562 2576 Sic
589 2524 755 2595 igitur
780 2542 1087 2583 sermonem
1137 2532 1586 2587 consideremus:
1622 2534 1879 2599 Quaenam
1917 2552 2046 2605 apo-

468 2617 593 2670 stoli
623 2613 982 2673 vox?Notum
1012 2621 1103 2685 sit,
1137 2621 1333 2692 inquit,
1380 2625 1518 2694 quod
1558 2624 1837 2680 Dominum
1874 2630 2046 2697 ipsum

469 2708 739 2763 Christum
765 2710 888 2778 fecit
909 2710 1048 2766 Deus
1079 2715 1144 2766 ’⁸.
1175 2712 1379 2770 Deinde
1410 2716 1559 2770 velut
1590 2718 1634 2770 si
1672 2719 1798 2788 quis
1848 2721 2044 2775 scisci-

466 2807 616 2855 tatus
645 2813 792 2856 esset
841 2803 897 2857 in
944 2821 1054 2873 quo
1106 2803 1250 2860 facta
1308 2817 1454 2862 esset
1505 2809 1632 2865 talis
1686 2813 1881 2883 gratia,
1943 2829 2043 2868 ceu

467 2893 639 2960 digito
676 2893 984 2964 subjectum
1031 2899 1272 2952 ostendit
1307 2916 1320 2952 :
1364 2899 1547 2965 lla-nc,
1603 2903 1815 2973 inquit,
1858 2903 2044 2960 Jesum

469 3001 617 3052 quem
640 3003 728 3041 vos
757 2989 1124 3048 cruciﬁxistis.
1172 2990 1311 3055 Quid
1353 2993 1421 3048 de
1455 3011 1520 3050 eo
1561 2997 1738 3067 inquit
1775 2999 2046 3057 Basilius?

467 3077 614 3145 quod
639 3076 755 3132 inec
779 3093 884 3132 vox
915 3080 1184 3135 sermonis
1214 3083 1644 3141 demonstrativa
1669 3087 1812 3144 hunc
1842 3089 2042 3145 factum

466 3183 591 3224 esse
617 3170 749 3224 dicit
780 3171 1056 3226 Christum
1087 3183 1141 3228 et
1187 3175 1497 3241 Dominum,
1540 3181 1632 3249 qui
1669 3181 1737 3234 ab
1779 3182 1913 3252 ipsis
1947 3199 2045 3238 au-

467 3259 744 3318 dientibus
767 3265 1061 3320 crucifixus
1093 3266 1289 3322 fuerat.
1323 3267 1434 3325 Vos
1480 3273 1647 3333 enim,
1685 3273 1779 3336 ait,
1829 3276 2046 3330 crucifi-

473 3353 646 3408 xistis.
692 3351 757 3408 Et
800 3357 1099 3414 verisimile
1143 3371 1264 3414 erat
1319 3377 1412 3416 eos
1479 3363 1570 3431 qui
1626 3373 1814 3418 contra
1866 3367 2043 3436 ipsum

465 3444 668 3500 caedem
719 3450 1148 3516 postulaverant,
1197 3453 1478 3510 auditores
1525 3455 1696 3510 fuisse
1746 3461 2039 3515 sermonis.

465 3535 584 3592 Non
626 3539 768 3594 enim
828 3557 858 3594 a
911 3557 1076 3597 cruce
1129 3543 1195 3597 ad
1248 3544 1394 3599 Petri
1448 3548 1767 3603 concionem
1812 3553 2039 3606 multum

465 3628 652 3681 aberat
693 3637 927 3699 tempus.
968 3631 1108 3698 Quid
1147 3633 1312 3703 igitur
1353 3634 1421 3688 ad
1460 3635 1563 3690 hoc
1607 3637 1814 3707 profert
1861 3640 2043 3697 Euno-

465 3716 657 3771 mius?
705 3718 827 3772 Nisi
876 3721 940 3774 de
991 3739 1050 3776 eo
1089 3726 1229 3793 quod
1255 3736 1371 3780 erat
1405 3727 1459 3779 in
1489 3728 1748 3795 principio
1792 3729 2038 3796 Verbum,

463 3820 512 3861 et
556 3810 693 3864 Deus
724 3823 859 3880 erat,
890 3816 1102 3869 disserit
1130 3817 1346 3883 Petrus,
1387 3818 1477 3873 sed
1523 3820 1586 3874 de
1608 3837 1665 3874 eo
1694 3823 1784 3890 qui
1812 3823 2038 3891 videtur,

462 3901 651 3967 quique
719 3905 948 3971 seipsum
1006 3908 1330 3971 exiuanivit,
1393 3911 1528 3962 sicut
1598 3912 1674 3964 ait
1737 3911 1968 3967 Basilius
2021 3931 2040 3968 :

463 3989 775 4046 Exinanivit
830 4007 1006 4050 autent
1040 4001 1130 4067 qui
1184 4002 1417 4054 cernitur
1462 4001 1616 4056 homo
1649 4005 1704 4056 in
1748 4007 1881 4058 servi
1930 4006 2040 4075 for-

462 4097 623 4135 mam.
678 4083 954 4144 Subsiste.
998 4088 1132 4154 Quis
1175 4092 1276 4146 hoc
1306 4093 1477 4146 dicit:
1516 4095 1660 4162 quod
1712 4112 1907 4153 rursus
1955 4117 2041 4155 se-

462 4172 639 4242 ipsum
663 4179 965 4232 exinanivit
984 4181 1075 4250 qui
1099 4184 1342 4237 cernitur
1360 4184 1520 4239 homo
1539 4186 1591 4238 in
1611 4189 1751 4242 servi
1776 4188 2037 4256 formam;

461 4268 546 4320 vel
569 4269 694 4337 quis
717 4272 936 4335 astruit,
959 4272 1104 4341 quod
1128 4284 1250 4327 ante
1269 4275 1660 4342 apparitionem
1686 4293 1778 4347 per
1795 4294 2037 4347 carnem,

461 4361 642 4414 crucis
697 4362 837 4417 facta
893 4373 975 4419 est
1029 4367 1252 4432 passio?
1292 4366 1477 4436 Neque
1524 4370 1668 4422 enim
1723 4387 1856 4424 crux
1914 4382 2039 4428 ante

2148 1878 2306 1947 λόγου
2357 1882 2700 1951 κατασκευῆς
2741 1880 2774 1951 ἦ
2803 1897 2860 1932 τε
2895 1882 3200 1952 κακουργία
3259 1883 3352 1936 καὶ
3383 1882 3441 1935 τὸ
3474 1885 3697 1954 ἀνόητον
3719 1900 3734 1914 ·

2149 1973 2289 2043 πλὴν
2337 1971 2405 2024 δι’
2473 1972 2671 2039 ὀλίγων
2728 1973 2822 2025 καὶ
2856 1973 2986 2042 παρ’
3018 1974 3174 2043 ἡμῶν
3215 1975 3243 2026 ὁ
3281 1974 3388 2028 τῶν
3431 1976 3737 2045 εἰρημένων

2149 2063 2368 2132 ἔλεγχος
2402 2063 2832 2134 προστεθήσεται
2852 2079 2866 2093 ⁸
2899 2064 3000 2116 οὐκ
3043 2066 3120 2126 εἰς
3137 2065 3452 2137 ἀνατροπὴν
3481 2067 3737 2120 τοσοῦτον

2146 2153 2240 2207 τοῦ
2277 2153 2604 2206 ἀπαιδεύτου
2645 2153 3000 2222 σοφίσματος,
3056 2154 3084 2206 ὃ
3127 2154 3192 2206 δι’
3225 2154 3417 2208 ἐαυτοῦ
3451 2155 3601 2227 παρὰ
3623 2159 3737 2219 τοῖς

2147 2245 2359 2315 ἔχουσιν
2381 2245 2552 2315 ἀκοὴν
2576 2245 2987 2313 ἀνατέτραπται
3008 2262 3017 2274 ·
3043 2246 3156 2300 ἀλλ’
3177 2246 3252 2309 ὡς
3268 2246 3332 2299 ἂν
3355 2247 3428 2318 μὴ
3446 2247 3737 2318 δοκοίημεν

2147 2340 2203 2390 ἐν
2244 2338 2590 2408 προσχήματι
2636 2335 2731 2389 τοῦ
2783 2341 3146 2407 καταφρονεῖν
3188 2339 3285 2408 τῆς
3325 2337 3600 2402 εὐτελείας
3637 2339 3733 2392 τοῦ

2147 2431 2306 2498 λόγου
2342 2430 2604 2499 περιορᾷν
2655 2428 2715 2481 τὸ
2772 2428 3035 2498 προτεθὲν
3087 2428 3465 2492 ἀνεξέταστον.
3514 2429 3736 2484 Ουτωσὶ

2146 2523 2321 2576 τοίνυν
2376 2521 2468 2574 τὸν
2531 2521 2688 2589 λόγον
2734 2520 3188 2591 ἐπισκεψώμεθα·
3246 2521 3342 2585 Τίς
3380 2522 3530 2575 ἐστιν
3569 2525 3602 2592 ἡ
3635 2523 3731 2576 τοῦ

2147 2613 2442 2666 ἀποστόλου
2509 2614 2657 2683 φωνή
2685 2631 2699 2675 ;
2745 2614 3031 2667 Γνωστὸν
3087 2616 3264 2680 ἔστω,
3296 2617 3481 2686 φησὶν,
3504 2617 3592 2668 ὅτι
3616 2617 3733 2672 Κύ-

2137 2723 2276 2773 ριον
2309 2706 2498 2760 αὐτὸν
2523 2707 2621 2759 καὶ
2659 2707 2917 2774 Χριστὸν
2933 2707 3224 2773 ἐποίησεν
3249 2711 3280 2760 ό
3311 2709 3474 2774 Θεός.
3502 2703 3634 2761 Εἶτα
3658 2707 3734 2772 ὡς

2148 2799 2212 2852 ἂν
2244 2799 2552 2869 πυθομένου
2589 2800 2731 2862 τινὸς
2753 2801 2884 2871 περὶ
2918 2799 3037 2852 τίνα
3060 2799 3282 2868 γέγονεν
3308 2803 3340 2870 ἡ
3372 2801 3598 2871 τοιαύτη
3632 2802 3730 2870 χά-

2149 2911 2252 2967 ρις,
2281 2894 2440 2947 οἱονεὶ
2459 2892 2706 2964 δακτύλῳ
2728 2893 2787 2946 τὸ
2809 2894 3168 2965 ὑποκείμενον
3198 2895 3429 2949 δεικνύει
3452 2935 3466 2954 .
3490 2897 3731 2961 Τοῦτον,

2147 2986 2336 3050 εἰπὼν,
2390 2987 2632 3053 Ἰησοῦν
2662 2987 2735 3041 ὃν
2781 2987 2952 3057 ὑμεῖς
2999 2987 3438 3056 ἐσταυρώσατε.
3490 2988 3555 3042 Τί
3605 2988 3732 3060 περὶ

2146 3078 2335 3132 τούτου
2364 3080 2528 3150 φησὶν
2556 3080 2583 3131 ό
2611 3080 2923 3145 Βασίλειος;
2962 3080 3081 3133 ’Ότι
3114 3080 3146 3150 ἡ
3177 3080 3420 3151 δεικτικὴ
3446 3081 3538 3133 τοῦ
3573 3080 3732 3149 λόγου

2148 3171 2319 3241 φωνὴ,
2356 3170 2544 3224 τοῦτον
2575 3171 2907 3242 πεποιῆσθαι
2933 3171 3167 3242 Χριστὸν
3192 3172 3340 3240 λέγει
3375 3174 3471 3226 καὶ
3503 3172 3735 3243 Κύριον,

2143 3264 2234 3317 τὸν
2262 3266 2392 3335 παρ’
2424 3263 2601 3317 αὐτῶν
2628 3263 2735 3316 τῶν
2754 3264 3062 3317 ἀκουόντων
3085 3265 3518 3334 ἐσταυρωμένον.
3546 3265 3732 3336 Ὑμεῖς

2143 3355 2252 3427 γὰρ
2302 3355 2706 3426 ἐσταυρώσατε,
2739 3355 2871 3425 φησί
2893 3370 2906 3385 °
2945 3356 3040 3408 καὶ
3069 3355 3214 3417 εἰκὸς
3240 3351 3308 3426 ἦν
3341 3357 3467 3418 τοὺς
3501 3358 3731 3426 αἰτησα-

2147 3448 2341 3519 μένους
2358 3448 2449 3500 τὸν
2475 3449 2597 3500 κατ’
2641 3444 2805 3500 αὐτοῦ
2840 3447 3017 3515 φόνον,
3047 3446 3323 3518 ἀκροατὰς
3350 3443 3487 3500 εἶναι
3518 3447 3611 3501 τοῦ
3643 3448 3733 3501 λό-

2143 3557 2258 3608 γου.
2280 3539 2534 3610 Ούδὲγὰρ
2547 3539 2713 3602 πολὺς
2732 3535 2798 3610 ἦν
2819 3541 2846 3593 ό
2862 3539 2968 3591 ἀπὸ
2988 3538 3081 3590 τοῦ
3101 3536 3336 3607 σταυροῦ
3365 3538 3497 3610 πρὸς
3524 3539 3617 3608 τὴν
3636 3538 3732 3610 δη-

2146 3631 2413 3703 μηγορίαν
2446 3631 2539 3683 τοῦ
2563 3631 2769 3700 Πέτρου
2797 3631 3004 3701 χρόνος.
3028 3630 3092 3683 Τί
3121 3626 3213 3683 οὖν
3236 3629 3369 3701 πρὸς
3401 3629 3574 3682 ταῦτα
3596 3645 3730 3700 προ·

2143 3722 2298 3793 φέρει
2325 3724 2352 3776 ὁ
2381 3722 2672 3792 Εὐνόμιος;
2709 3725 2777 3775 Εἰ
2794 3720 2880 3789 μὴ
2897 3720 3030 3787 περὶ
3048 3719 3151 3773 τοῦ
3168 3720 3238 3772 ἑν
3251 3716 3410 3786 ἀρχῇ
3430 3718 3605 3784 ὄντος
3626 3720 3734 3772 Λό-

2142 3831 2270 3885 γου,
2295 3815 2390 3868 καὶ
2413 3815 2559 3869 Θεοῦ
2577 3816 2750 3880 ὄντος
2769 3817 2801 3868 ὀ
2819 3813 3110 3883 μακάριος
3125 3811 3459 3880 διαλέγεται
3481 3811 3726 3879 Πέτρος,

2140 3907 2300 3962 ἀλλὰ
2329 3906 2461 3972 περὶ
2489 3907 2591 3959 τοῦ
2623 3906 3028 3972 βλεπομένου,
3059 3904 3152 3956 καὶ
3182 3903 3558 3968 κενώσαντος
3585 3902 3726 3956 ἑαυ-

2139 3997 2264 4060 τὸν,
2285 3997 2474 4062 καθώς
2489 4011 2677 4065 φησιν
2688 3999 2720 4049 ό
2733 3996 3069 4060 Βασίλειοςο
3103 3994 3436 4047 Ἐκένωσεν
3451 3993 3517 4045 δὲ
3534 3994 3726 4056 6.3.18-

2141 4089 2397 4157 ,πιόμενος
2429 4088 2738 4155 ἄνθρωπος
2767 4088 2853 4151 εἰς
2887 4085 3110 4138 δούλου
3141 4085 3402 4154 μορφήν.
3448 4085 3721 4155 Ἐπίσχες·

2140 4179 2222 4241 τίς
2253 4178 2407 4232 τοῦτό
2441 4194 2625 4248 φησιν,
2659 4179 2741 4230 ὅτι
2774 4177 2935 4230 πάλιν
2965 4175 3156 4229 ἐαυτὸν
3193 4176 3456 4228 ἐκένωσεν
3485 4177 3513 4227 ό
3535 4175 3732 4245 βλεπό-

2144 4284 2301 4336 μενος
2330 4266 2424 4319 ἄνθ
2436 4284 2612 4337 ρωπος
2639 4268 2718 4330 εἰς
2755 4265 2941 4319 δούλου
2970 4265 3206 4337 μορφὴν,
3286 4265 3368 4329 τίς
3387 4265 3727 4318 κατασκευά-

2141 4358 2244 4423 ζει,
2273 4361 2354 4412 ὅτι
2388 4359 2493 4430 πρὸ
2513 4358 2611 4428 τῆς
2635 4359 2722 4411 διὰ
2757 4358 2958 4426 σαρκὸς
3003 4359 3342 4426 ἐπιφανείας,
3374 4357 3435 4410 τὸ
3467 4359 3603 4411 κατά
3629 4358 3724 4412 τὸν

463 4469 683 4522 corpus,
743 4470 918 4525 neque
985 4472 1187 4527 corpus
1245 4467 1370 4513 ante
1424 4461 1568 4514 servi
1626 4460 1876 4518 formam.
1929 4465 2035 4519 Sed

2147 4451 2373 4522 σταυρὸν
2422 4451 2610 4518 γέγονε
2646 4449 2854 4512 πάθοςς
2911 4447 3048 4502 Ούτε
3103 4449 3210 4519 γὰρ
3249 4453 3276 4502 ό
3329 4450 3560 4520 σταυρὸς
3618 4450 3725 4522 πρὸ

463 4545 678 4613 quidem
717 4545 855 4601 Deus
915 4549 970 4602 in
1018 4564 1185 4605 carne
1232 4553 1652 4618 manifestatur;
1694 4571 1824 4609 caro
1863 4565 2041 4611 autem

462 4654 583 4707 quae
615 4639 782 4694 Deum
817 4641 872 4694 in
927 4643 1104 4711 seipse
1153 4645 1416 4709 ostendit,
1462 4655 1748 4716 postquam
1803 4649 2047 4718 implevit

465 4744 559 4798 per
584 4731 818 4800 seipsam
840 4747 1094 4802 maguum
1116 4735 1307 4791 mortis
1329 4738 1673 4807 mysterium,
1693 4739 1744 4792 in
1766 4741 2044 4796 excelsum

463 4830 519 4874 et
542 4823 784 4877 divinum
817 4841 912 4894 per
955 4829 1404 4896 temperationem
1449 4839 1870 4897 transmittatur,
1902 4832 2044 4888 facta

463 4910 714 4966 Christus
762 4922 814 4966 et
861 4913 1169 4982 Dominus,
1221 4918 1275 4971 in
1347 4919 1477 4973 illttd
1529 4921 1923 4976 transformata
1987 4931 2041 4979 et

466 5003 747 5057 immutata
764 5005 906 5074 quod
929 5005 1146 5074 quidem
1172 5017 1288 5061 erat
1307 5010 1399 5078 qui
1422 5011 1473 5062 in
1492 5010 1580 5063 illa
1602 5027 1767 5066 carne
1787 5013 1862 5068 sei
1871 5029 2030 5082 psum

467 5093 858 5150 manifestavit.
910 5097 1014 5152 Sed
1060 5100 1105 5153 si
1153 5115 1256 5154 nos
1306 5115 1500 5155 rursus
1537 5101 1650 5156 lucc
1707 5102 2040 5168 diceremus,

463 5201 586 5240 eum
617 5186 708 5255 qui
743 5187 796 5240 in
823 5202 988 5244 cruce
1015 5188 1423 5245 demonstratus
1459 5204 1543 5247 est
1582 5193 1637 5246 in
1679 5194 1906 5249 alterius
1943 5196 2041 5248 bo-

465 5278 628 5331 minis
658 5281 1064 5348 generationem
1093 5283 1433 5337 exinanitum
1472 5299 1616 5346 esse,
1645 5284 1791 5353 quod
1828 5301 1928 5340 nos
1958 5287 2042 5340 di-

464 5385 592 5424 cere
644 5371 748 5427 iste
801 5373 1048 5430 verita-tis
1104 5383 1476 5447 prepugnator
1525 5377 1758 5439 astruit,
1825 5377 1928 5434 hoc
1971 5379 2040 5432 ad

467 5456 700 5516 Verbum
732 5465 1040 5534 composito
1089 5466 1286 5521 cavillo
1321 5466 1421 5521 :Si
1467 5467 1556 5537 qui
1603 5465 1808 5520 videtur
1860 5468 2034 5531 homo,

464 5551 661 5622 inquit,
710 5557 1002 5610 exinauivit
1045 5559 1275 5628 seipsum
1329 5560 1384 5614 in
1435 5561 1568 5615 servi
1616 5560 1840 5628 formam
1891 5577 1908 5613 .'
1951 5561 2039 5629 qui

534 5725 580 5758 "
609 5726 729 5785 Act.
766 5748 824 5800 tt,
859 5730 947 5786 36.

2144 4539 2240 4593 τοῦ
2265 4541 2534 4610 σώματος,
2565 4539 2688 4591 οὔτε
2716 4539 2776 4592 τὸ
2804 4539 2960 4610 σῶμα
2990 4539 3096 4611 πρὸ
3126 4541 3223 4610 τῆς
3260 4541 3354 4593 τοῦ
3375 4541 3557 4594 δούλου
3587 4557 3721 4612 μορ-

2147 4635 2272 4704 φῆς·
2307 4634 2419 4687 ἀλλ’
2444 4635 2472 4686 ὁ
2492 4633 2589 4703 μὲν
2606 4632 2737 4696 Θεὸς
2770 4634 2828 4684 ἐν
2854 4633 3015 4703 σαρκὶ
3051 4633 3408 4702 φανεροῦται,
3445 4635 3478 4704 ἡ
3504 4633 3558 4686 δέ
3588 4632 3724 4703 σὰρξ

2145 4727 2180 4795 ἡ
2207 4725 2296 4778 τὸν
2327 4726 2458 4778 θεὸν
2497 4726 2553 4776 ἐν
2583 4725 2748 4794 ἑαυτῇ
2797 4724 3038 4791 δείξασά,
3069 4724 3207 4796 μετά
3235 4725 3296 4778 τὸ
3337 4725 3622 4798 πληρῶσαι
3653 4726 3723 4779 δι’

2146 4821 2343 4892 ἑαυτῆς
2359 4818 2418 4872 τὸ
2437 4818 2579 4889 μέγα
2615 4817 2708 4870 τοῦ
2733 4816 2965 4871 θανάτου
3000 4819 3319 4890 μυστήριον,
3347 4821 3721 4890 μεταποιεῖται

2145 4915 2281 4985 πρὸς
2306 4913 2366 4965 τὸ
2386 4911 2587 4983 ὑψηλόν
2609 4928 2668 4963 τε
2685 4910 2779 4964 καὶ
2802 4911 2942 4964 θεῖον
2972 4910 3039 4963 δι’
3073 4912 3451 4981 ἀνακράσεως,
3491 4910 3723 4981 Χριστὸς

2145 5006 2408 5075 γενομένη
2463 5005 2557 5056 καὶ
2610 5001 2832 5073 Κύριος,
2902 5005 2980 5065 εἰς
3018 5004 3194 5056 ἐκεῖνο
3240 5002 3592 5072 μετατεθεῖσα
3628 5002 3723 5056 καὶ

2145 5098 2457 5165 ἀλλαγείσα,
2486 5096 2622 5166 ὅπερ
2647 5091 2714 5165 ἦν
2745 5097 2772 5148 ὁ
2802 5097 2859 5147 ἐν
2898 5093 3081 5167 ἐκείνῃ
3110 5098 3176 5165 τῇ
3214 5096 3376 5166 σαρκὶ
3405 5095 3593 5148 ἑαυτὸν
3621 5112 3723 5164 φα-

2143 5190 2407 5261 νερώσας.
2447 5187 2584 5240 Ἀλλ’
2637 5189 2685 5240 εί
2723 5186 2894 5240 ταῦτα
2935 5186 3188 5255 λέγοιμεν
3225 5187 3387 5240 πάλιν
3421 5189 3600 5257 ἡμεῖς,
3631 5185 3726 5240 τὸν

2145 5284 2235 5336 ἐπὶ
2265 5281 2357 5334 τοῦ
2380 5280 2613 5351 σταυροῦ
2644 5279 2922 5348 δειχθέντα
2949 5281 3028 5341 είς
3059 5278 3218 5332 ἄλλου
3247 5278 3534 5350 ἀνθρώπου
3568 5278 3722 5346 γένε-

2146 5391 2229 5427 σιν
2280 5370 2635 5434 κεκενῶσθαι,
2663 5368 2690 5421 ὃ
2728 5368 2906 5437 λέγειν
2939 5371 3088 5438 ἡμᾶς
3129 5372 3156 5422 ὁ
3186 5369 3595 5441 προαγωνιστὴς
3633 5365 3722 5423 οὗ·

2143 5483 2233 5528 τος
2261 5465 2358 5534 τῆς
2385 5461 2640 5532 ἀληθείας
2669 5460 3088 5524 κατασκευάζει,
3118 5462 3330 5525 συνθεὶς
3357 5462 3553 5515 οὑτωσὶ
3581 5462 3723 5516 κατά

2146 5557 2242 5628 τὴν
2266 5555 2406 5620 λέξιν
2426 5552 2485 5607 τὸ
2510 5553 2772 5622 σόφισμα’
2813 5553 2883 5605 El
2915 5555 2948 5605 ὁ
2971 5553 3370 5622 βλεπόμενος,
3405 5553 3585 5624 φησὶν,
3614 5551 3720 5606 ἆν-
