4138 6364
513 362 610 419 731

1738 363 1796 421 S.
1838 363 2168 421 GREGORII
2203 365 2503 428 NYSSENI

3673 371 3775 405 τ’ξᾶ

3682 390 3776 428 to:

515 484 678 556 pheta
728 489 980 538 testatur.
1023 480 1141 537 Non
1192 480 1344 537 vides
1389 482 1605 553 qualem
1659 483 1876 540 inducis
1925 484 2090 539 verbo

2196 490 2483 562 προφήτης
2553 490 2917 561 μαρτύρεται;
2966 492 3077 561 Οὐχ
3124 491 3256 564 ὁρᾷς
3295 490 3411 544 οἵαν
3451 490 3674 558 ὲπάγεις
3699 490 3775 563 τῷ

515 575 919 638 confusionem,
985 574 1169 629 omnia
1227 590 1446 629 sursum
1513 574 1580 628 ad
1628 575 1881 631 deorsum
1935 575 2092 645 juxta

515 668 867 737 proverbium
894 666 1276 721 confundens?
1307 666 1805 736 Quinquagesimus
1828 676 1949 738 post
1974 683 2096 739 pas-

518 759 727 813 sionem
767 766 884 812 erat
927 755 1066 821 dies,
1098 756 1319 826 quando
1346 757 1459 810 haec
1488 754 1690 811 Judmis
1722 756 1915 813 Petrus
1962 772 2094 811 eon-

516 848 845 904 cionahatur
886 846 1099 911 dicens,
1148 846 1292 917 quod
1329 846 1395 899 Et
1421 846 1705 901 Dominum
1741 859 1789 902 et
1826 847 2094 901 Christum

517 942 692 1011 ipsum
723 940 858 995 Deus
892 939 1016 1009 fecit
1043 940 1182 992 hunc
1224 939 1395 1007 ipsum
1429 937 1615 993 Jesum
1654 955 1806 1009 quem
1840 955 1929 993 vos
1972 955 2095 993 cru-

517 1034 787 1102 ciﬁxistis.
836 1031 943 1087 Sed
974 1047 1126 1102 quem
1156 1048 1265 1093 vos,
1317 1031 1514 1100 inquit,
1550 1031 1919 1100 cruciﬁxistis,
1955 1030 2093 1083 hunc

515 1126 636 1194 fecit
673 1124 807 1178 Deus
838 1122 1109 1178 Christum
1142 1132 1189 1177 et
1211 1120 1417 1189 Iesum,
1452 1130 1509 1176 ut
1537 1138 1603 1178 ex
1626 1123 1711 1178 his
1740 1121 2093 1193 perspicuum

514 1226 695 1273 esset:
740 1216 884 1286 quod
919 1232 1024 1270 non
1059 1215 1189 1269 illud
1217 1215 1363 1285 quod
1394 1226 1520 1271 ante
1563 1216 1785 1279 saecula,
1823 1215 1918 1271 sed
1946 1214 2092 1285 quod

515 1318 640 1381 post
662 1308 1134 1380 dispensationem
1173 1307 1377 1363 factum
1408 1316 1493 1365 est
1524 1309 1777 1379 intelligit
1803 1307 2019 1365 Petrus.

587 1396 873 1464 Quomodo
931 1397 1099 1469 igitur
1128 1413 1237 1452 non
1272 1398 1427 1454 vides
1457 1406 1623 1453 totam
1650 1398 1703 1452 in
1734 1413 1799 1454 eo
1821 1398 1966 1469 quod
1997 1399 2095 1455 de-

513 1499 856 1545 monstratur
893 1490 1165 1545 sermonis
1196 1490 1403 1545 versari
1433 1490 1682 1544 notitiam
1710 1507 1725 1556 ;
1761 1489 1855 1545 sed
1889 1490 2096 1545 ridicu-

517 1581 605 1635 lus
627 1580 827 1637 videris
852 1581 906 1635 in
932 1582 1128 1652 puerili
1149 1581 1502 1653 snphismatis
1520 1581 1680 1651 plexu
1702 1581 1912 1647 dicens,
1946 1581 2093 1652 quod

516 1689 641 1727 eum
671 1672 765 1743 qui
800 1672 1085 1728 videbatur
1113 1682 1164 1728 ct
1192 1670 1471 1727 Christum
1496 1679 1549 1726 et
1572 1671 1859 1725 Dominum
1891 1671 2089 1727 factum

514 1781 638 1822 esse
667 1783 697 1819 a
735 1767 841 1821 Deo
883 1766 1192 1821 credimus:
1230 1765 1605 1820 necessarium
1649 1779 1770 1820 esse
1801 1779 1992 1820 rursus
2034 1765 2090 1819 in

2195 580 2340 652 λόγῳ
2372 584 2472 654 τὴν
2508 583 2787 653 σύγχυσιν,
2838 584 2905 637 τά
2937 586 3046 638 ἅνω
3081 584 3231 638 κάτω
3277 581 3418 636 κατὰ
3449 584 3546 651 τὴν
3580 600 3774 654 παροι-

2198 673 2328 743 μίαν
2368 674 2582 741 κυκῶνς
2636 676 2981 746 Πεντηκοστὴ
3012 675 3150 742 μετά
3176 674 3237 727 τὸ
3272 674 3444 738 πάθος
3478 674 3660 745 ἡμέρα
3684 670 3773 745 ἦν,

2192 765 2284 817 ὅτε
2307 765 2480 819 ταῦτα
2511 769 2623 829 τοῖς
2638 766 2910 829 Ἰουδαίοις
2933 766 3267 837 ἐδημηγόρει
3299 767 3328 819 ὁ
3347 766 3550 834 Πέτρος
3570 766 3740 832 λέγων
3757 806 3772 829 ,

2187 862 2273 916 ὅτι
2306 860 2610 916 Τοῦτονὸν
2622 858 2791 929 ὑμεῖς
2808 856 3227 925 ἐσταυρώσατε
3249 852 3508 923 Χριστὸν
3539 851 3635 904 καὶ
3655 851 3772 904 Κύ-

2185 970 2321 1022 ριον
2337 956 2369 1007 ό
2388 952 2533 1018 Θεὸς
2548 950 2858 1018 ἐποίησεν.
2878 948 3035 1002 Ἀλλά
3050 948 3122 1001 ὃν
3138 946 3325 1018 ὑμεῖς,
3348 944 3534 1016 φησὶν,
3561 942 3748 996 ἐσταυ

2186 1042 2660 1114 ρώσατε,τοῦτον
2671 1043 2966 1110 ἐποίησεν
2980 1044 3012 1096 ό
3031 1040 3463 1108 Θεός,Χριστόν
3475 1053 3538 1090 τε
3560 1034 3655 1088 καί
3669 1033 3776 1087 Κύ-

2187 1153 2351 1206 ριονο
2385 1136 2462 1200 ὼς
2499 1136 2657 1207 δῆλον
2686 1137 2751 1188 ἐκ
2783 1133 2990 1188 τούτων
3022 1129 3186 1196 εἶναι,
3218 1134 3300 1186 ὅτι
3334 1132 3396 1184 οὑ
3432 1130 3492 1184 τὸ
3532 1128 3636 1198 πρὸ
3668 1124 3776 1178 τῶν

2191 1226 2425 1289 αίώνων.
2453 1226 2590 1283 ἀλλά
2611 1226 2672 1281 τὸ
2704 1226 2843 1299 μετά
2869 1227 2969 1297 τὴν
2999 1226 3310 1297 οἰκονομίαν
3336 1226 3365 1277 ὁ
3383 1222 3586 1294 Πέτρος
3605 1220 3775 1288 λέγει.

2269 1404 2393 1467 Πῶς
2421 1399 2514 1459 οὖν
2544 1403 2643 1473 οὑχ
2692 1404 2823 1473 ὁρᾷς
2857 1400 2984 1472 ὃλην
3013 1401 3140 1473 περὶ
3186 1399 3245 1454 τὸ
3263 1399 3612 1471 δεικνύμενον
3640 1400 3773 1452 ἀνα-

2198 1496 2570 1568 στρεφομένην
2598 1495 2691 1547 τοῦ
2730 1495 2886 1562 λόγου
2924 1494 3022 1564 τὴν
3050 1493 3279 1557 ἔννοιαν,
3311 1491 3447 1546 ἀλλά
3477 1490 3774 1559 γελοιάζεις

2196 1591 2255 1644 ὲν
2283 1592 2349 1661 τῇ
2387 1586 2737 1660 μειρακιώδει
2762 1586 2936 1657 πλοκῇ
2968 1584 3062 1638 τοῦ
3096 1586 3449 1655 σοφίσματος,
3478 1582 3670 1652 λέγων’
3710 1584 3773 1635 Ei

2196 1682 2287 1737 τὸν
2316 1681 2638 1751 φαινόμενον
2685 1677 2918 1749 Χριστόν
2954 1694 3013 1730 τε
3057 1677 3152 1730 καὶ
3197 1675 3401 1748 Κύριον
3447 1673 3774 1744 πεποιῆσθαι

2199 1775 2350 1848 παρά
2373 1773 2466 1827 τοῦ
2500 1771 2633 1826 Θεοῦ
2662 1770 3127 1840 πεπιστεύκαμεν,
3169 1769 3416 1837 ἀνάγκην
3441 1762 3579 1821 εἶναι
3613 1765 3775 1818 πάλιν

515 1859 792 1913 hominem
843 1866 965 1928 post
1011 1857 1281 1912 exinaniri
1332 1856 1641 1920 Dominum,
1687 1864 1741 1912 et
1793 1857 2089 1912 secundam

2199 1869 2277 1930 είς
2305 1864 2590 1936 ἄνθρωπον
2619 1860 3045 1935 μετακενοῦσθαι
3078 1861 3167 1914 τὸν
3201 1859 3437 1930 Κύριον,
3470 1857 3563 1912 καὶ
3600 1855 3751 1910 δευτέ

515 1953 703 2007 subire
742 1950 1183 2021 generationem?
1203 1949 1344 2017 Quid
1376 1951 1550 2020 magis
1575 1965 1671 2020 per
1696 1949 1811 2003 haec
1846 1958 2088 2004 vestrum

513 2045 709 2116 dogma
734 2044 1129 2099 conﬁrmatur?
1161 2042 1437 2114 quomodo
1478 2059 1572 2113 per
1600 2042 1744 2097 dicta
1771 2044 1913 2114 regis
1936 2058 2090 2097 crea-

513 2147 651 2193 tura:
673 2138 909 2192 essentia
936 2146 1120 2193 creata
1158 2136 1604 2191 demonstratur?
1636 2136 1747 2207 Ego
1789 2153 1919 2191 vero
1958 2152 2091 2191 con-

513 2230 745 2284 trarium
789 2228 934 2292 dico,
982 2239 1170 2284 nostra
1211 2244 1307 2299 per
1335 2244 1397 2283 ea
1430 2244 1550 2299 qua:
1594 2229 1754 2283 nobis
1786 2235 2090 2299 repugnant

514 2320 756 2385 defendi,
806 2328 858 2374 et
890 2335 1000 2389 prae
1026 2320 1195 2373 nimia
1231 2320 1533 2374 attentione
1562 2319 1840 2390 egregium
1883 2320 2092 2373 locuto-

516 2428 633 2466 rem
666 2428 773 2466 non
806 2412 1105 2467 advertissc
1129 2412 1275 2481 quod
1305 2411 1372 2465 ad
1403 2410 1699 2465 absurdum
1725 2420 1873 2466 certe
1901 2411 2092 2481 dispu-

515 2503 779 2557 tationem
818 2502 1151 2571 propellens,
1184 2500 1384 2571 quibus
1418 2510 1650 2556 conatur
1684 2509 1947 2565 evertere,
1995 2518 2091 2572 per

514 2592 631 2646 hanc
660 2591 745 2647 his
773 2592 973 2661 quibus
1001 2592 1201 2647 bellum
1233 2592 1481 2657 infertur,
1510 2593 1830 2662 opitulatur.
1869 2592 1925 2647 Si
1943 2594 2089 2648 enim

511 2700 580 2738 ex
608 2698 674 2739 eo
698 2683 845 2756 quod
877 2684 1245 2754 supereminet
1270 2685 1337 2738 ad
1370 2685 1423 2739 id
1452 2685 1594 2755 quod
1626 2693 1710 2741 est
1735 2686 1938 2740 humile
1969 2702 2090 2741 cre-

486 2776 751 2835 dendum
779 2783 862 2830 est
899 2776 1093 2830 factam
1125 2792 1247 2831 esse
1275 2775 1405 2831 .Iesn
1442 2776 1893 2847 demigrationem
1922 2795 1934 2828 :
1972 2779 2090 2832 sola

511 2876 692 2925 autem
728 2869 1099 2939 supereminet
1126 2880 1393 2924 creaturre
1422 2869 1606 2923 divina
1637 2878 1691 2925 et
1720 2870 1962 2924 increata
1997 2887 2085 2923 na-

512 2970 658 3025 tura,
689 2968 907 3016 creatus
938 2971 1119 3016 autem
1151 2960 1349 3016 homo:
1393 2962 1626 3016 fortasse
1661 2963 1998 3032 perspiciens
2023 2979 2087 3017 ex

511 3053 733 3124 propria
782 3053 993 3109 ratione
1039 3052 1107 3107 ad
1150 3054 1430 3108 veritatem
1472 3062 1841 3118 convertetur,
1897 3070 2090 3110 assen-

513 3146 658 3202 tiens
707 3156 929 3216 propter
968 3145 1404 3200 benevolentiam
1436 3156 1491 3200 et
1533 3145 1922 3216 benignitatem
1963 3162 2089 3216 erga

513 3237 787 3303 homines,
820 3236 966 3306 quod
988 3237 1288 3291 inereatum
1320 3246 1402 3291 est
1425 3234 1628 3289 factum
1652 3252 1775 3291 esse
1808 3236 1861 3289 in
1886 3246 2087 3290 creato.

515 3326 671 3397 Quod
704 3328 748 3382 si
796 3334 950 3397 putat
982 3336 1223 3381 creatum
1272 3325 1562 3381 Dominum
1607 3343 1665 3381 se
1715 3328 2094 3382 demonstrare

515 3436 614 3493 per
640 3418 693 3473 id
726 3419 870 3489 quod
911 3419 1324 3485 demonstrarit,
1370 3434 1495 3473 eum
1530 3420 1624 3489 qui
1664 3430 1781 3474 erat
1812 3418 1953 3475 Deus
1986 3419 2093 3473 hu-

516 3525 692 3566 mana:
726 3520 935 3564 natura:
969 3510 1290 3580 participem
1321 3509 1526 3564 factum
1558 3525 1710 3565 esse:
1746 3511 1914 3565 multa
1946 3511 2094 3581 ejus-

514 3601 664 3658 modi
688 3600 759 3656 ad
774 3601 1019 3657 eamdem
1043 3602 1420 3673 probationem
1440 3602 1787 3657 astruendam
1812 3603 2094 3658 invenien-

516 3702 628 3758 tur,
663 3710 730 3749 ex
765 3694 932 3748 simili
972 3694 1336 3763 patrocinium
1361 3695 1599 3749 orationi
1662 3695 1961 3765 implentia.
1998 3695 2093 3750 Et-

514 3788 663 3845 enim
687 3789 943 3859 quoniam
988 3787 1224 3843 Verbum
1258 3796 1375 3843 erat
1409 3798 1463 3844 et
1495 3788 1639 3845 Deus
1665 3797 1812 3845 erat:
1852 3791 2094 3861 posthaec

517 3891 720 3947 autem,
756 3880 899 3935 sicut
922 3880 997 3934 ait
1024 3880 1286 3951 propheta
1311 3880 1376 3947 “,
1412 3879 1480 3935 1η
1512 3890 1654 3936 terra
1688 3882 1851 3947 visus,
1883 3894 1931 3937 et
1975 3901 2091 3937 cum

514 3972 813 4026 hominibus
863 3956 1201 4026 conversatus
1268 3982 1367 4038 est,
1415 3990 1583 4028 unum
1620 3991 1687 4029 ex
1730 3976 1929 4031 creatis
1972 3992 2093 4031 esse

515 4079 615 4134 per
648 4063 763 4118 haec
788 4063 1277 4119 demonstrabitur.
1302 4063 1457 4130 Quod
1491 4065 1536 4120 si
1569 4066 1684 4120 haec
1715 4067 1875 4137 longe
1895 4067 2096 4122 absunt

515 4158 586 4210 ab
615 4156 702 4212 his
723 4171 846 4226 qua:
875 4164 1219 4227 quaaruntur,
1259 4172 1436 4230 neque
1468 4159 1667 4214 similia
1704 4161 1863 4228 plane
1899 4176 2094 4229 propo-

517 4248 639 4302 sitis
666 4248 1077 4303 accommodata
1124 4258 1272 4304 sunt.
1303 4250 1452 4305 ldem
1484 4260 1568 4305 est
1608 4252 1753 4305 enim
1790 4252 2091 4307 secundum

517 4355 763 4401 sensum.
789 4356 913 4395 eum
944 4342 1037 4412 qui
1072 4351 1187 4397 erat
1228 4344 1282 4396 in
1315 4344 1585 4413 principio
1623 4343 1883 4408 Verbum,
1919 4345 2094 4399 mani-

517 4431 773 4485 festatum
811 4447 934 4487 esse
986 4434 1228 4506 posthaec
1278 4434 1595 4490 hominibus
1641 4436 1857 4503 dicere;
1896 4446 1950 4491 et
1997 4436 2091 4506 qui

2201 1977 2298 2031 ραν
2330 1957 2659 2011 ὑποδύεσθαι
2708 1957 2996 2024 γέννησιν;
3033 1952 3098 2005 Τί
3149 1952 3349 2023 μᾶλλον
3375 1950 3462 2003 διὰ
3489 1948 3692 2003 τούτων
3717 1947 3778 2000 τὸ

2197 2052 2321 2107 καθ’
2345 2053 2489 2122 ὑμᾶς
2512 2050 2686 2120 δόγμα
2733 2047 3097 2119 κρατύνεται;
3138 2046 3262 2109 Πῶς
3289 2044 3377 2098 διά
3408 2043 3518 2097 τῶν
3552 2043 3778 2113 εἰρημέ-
3810 2070 3813 2075 ‹

2196 2165 2302 2199 νων
2332 2147 2365 2216 ἡ
2392 2144 2486 2197 τοῦ
2513 2141 2776 2214 βασιλέως
2826 2142 2925 2212 τῆς
2975 2140 3205 2201 κτίσεως
3231 2135 3386 2189 ούσία
3419 2132 3612 2204 κτιστὴ
3639 2134 3777 2186 ἀπο-

2195 2239 2502 2303 δείκνυται;
2545 2235 2685 2305 Ἐγὼ
2728 2236 2825 2306 μὲν
2863 2234 2973 2303 γὰρ
3010 2229 3319 2285 τούναντίον
3364 2228 3525 2299 φημὶ,
3552 2227 3620 2280 τὰ
3648 2225 3778 2297 ἠμέ-

2195 2351 2332 2405 τερα
2369 2332 2456 2385 διὰ
2485 2329 2594 2383 τῶν
2630 2328 2949 2400 μαχομένων
2978 2327 3111 2396 ἡμῖν
3166 2319 3645 2393 συναγορεύεσθαι,
3681 2317 3779 2370 καὶ

2198 2425 2303 2478 ὑπὸ
2328 2424 2428 2493 τῆς
2457 2423 2596 2491 ἄγαν
2624 2419 2895 2492 προσοχῆς
2920 2418 2996 2489 μὴ
3021 2412 3526 2485 συνεωρακέναιτὺν
3545 2413 3773 2483 ῥήτορα,

2195 2518 2278 2571 ὅτι
2306 2515 2442 2588 πρὸς
2463 2514 2526 2567 τὸ
2572 2502 2771 2568 ἄτοπον
2812 2510 2970 2580 δῆθεν
3003 2508 3220 2575 ὲξωθῶν
3255 2505 3347 2560 τὸν
3392 2504 3569 2568 λόγον,
3597 2501 3666 2554 δι’
3695 2494 3774 2553 ὧν

2197 2607 2523 2679 ἀνατρέπειν
2550 2604 2833 2674 ἐπιχειρεῖ,
2859 2599 2947 2653 διὰ
2973 2598 3177 2652 τούτων
3207 2598 3319 2659 τοῖς
3346 2591 3775 2663 πολεμουμένοις

2199 2696 2639 2768 συναγωνίζεται.
2698 2696 2761 2748 Ei
2809 2693 2918 2764 γὰρ
2943 2693 3007 2747 ὲκ
3027 2690 3120 2744 τοῦ
3164 2690 3523 2759 ὑπερέχοντος
3552 2686 3685 2757 πρὸς
3711 2684 3776 2737 τὸ

2195 2791 2447 2844 ταπεινὸν
2478 2786 2753 2841 πιστεύειν
2808 2783 2915 2856 χρὴ
2971 2779 3298 2852 γεγενῆσθαι
3327 2779 3420 2832 τοῦ
3458 2775 3631 2848 Ἰησοῦ
3676 2775 3776 2845 τὴν

2200 2883 2528 2954 μετάστασιν
2547 2898 2562 2911 ο
2600 2879 2735 2951 μόνη
2777 2878 2833 2930 δὲ
2868 2875 3187 2945 ὑπέρκειται
3215 2873 3315 2943 τῆς
3338 2870 3566 2933 κτίσεως
3590 2870 3624 2939 ἠ
3653 2867 3774 2921 θεία

2198 2993 2253 3028 τε
2279 2975 2371 3029 καὶ
2402 2973 2655 3035 ἄκτιστος
2683 2969 2864 3039 φύσις,
2902 2966 3117 3029 κτιστὸς
3140 2964 3195 3018 δὲ
3227 2967 3255 3017 ὁ
3281 2963 3564 3033 ἅνθρωπος
3587 2978 3600 2991 ·
3634 2959 3775 3028 τάλα

2196 3066 2487 3137 διαϐλέψας
2534 3065 2621 3117 διὰ
2666 3062 2759 3116 τοῦ
2821 3061 2951 3115 ἰδίου
2993 3058 3154 3126 λόγου
3210 3056 3345 3126 πρὸς
3383 3055 3481 3125 τὴν
3516 3051 3781 3123 ἀλήθειαν

2201 3157 2578 3230 μετατάξεται,
2632 3153 2954 3223 συνθέμενος
2976 3152 3031 3204 ὲν
3069 3149 3147 3219 τῷ
3177 3146 3379 3216 κτιστῷ
3414 3145 3555 3200 κατά
3585 3145 3775 3214 φιλαν-

2197 3251 2443 3323 θρωπίαν
2487 3245 2813 3316 γεγενῆσθαι
2852 3244 2915 3296 τὸ
2959 3241 3233 3296 ἄκτιστον.
3266 3240 3328 3293 Εἰ
3371 3239 3428 3291 δὲ
3454 3238 3623 3291 οἴεται
3656 3253 3776 3288 κτι-

2198 3343 2319 3395 στὺν
2373 3337 2747 3395 ἀποδεικνύειν
2791 3335 2882 3388 τὸν
2927 3334 3155 3404 Κύριον,
3193 3330 3279 3383 διά
3317 3329 3411 3381 τοῦ
3444 3328 3610 3393 δεῖξαι
3636 3325 3775 3379 Θεὸν

2194 3435 2326 3489 ὄντα
2364 3434 2464 3503 τῆς
2514 3428 2861 3501 ἀνθρωπίνης
2898 3425 3112 3494 φύσεως
3158 3421 3572 3493 μετεσχηκέναι,
3603 3417 3775 3472 πολλά

2194 3525 2417 3579 τοιαῦτα
2446 3522 2583 3593 πρὸς
2608 3521 2704 3591 τὴν
2731 3518 2826 3572 τοῦ
2867 3519 2983 3571 ictos
3011 3513 3354 3584 κατασκευὴν
3392 3510 3773 3581 εὑρεθήσεται,

2196 3620 2260 3671 ἐκ
2308 3614 2401 3669 τοῦ
2449 3615 2636 3684 ὁμοίου
2680 3611 2777 3682 τὴν
2807 3608 3130 3680 συνηγορίαν
3164 3605 3475 3679 πληροῦντα
3503 3602 3580 3673 τῷ
3607 3601 3773 3671 λόγῳ.

2194 3710 2307 3764 Καὶ
2336 3708 2447 3779 γὰρ
2476 3706 2662 3775 ἐπειδὴ
2698 3704 2868 3772 Λόγος
2895 3697 2965 3773 ῆν
2994 3701 3088 3753 καὶ
3119 3700 3249 3762 Θεὸς
3282 3693 3350 3768 ῆν
3379 3715 3391 3727 ·
3437 3696 3575 3767 μετά
3601 3695 3774 3747 ταῦτα

2193 3801 2276 3865 δὲ,
2300 3798 2480 3862 καθώς
2498 3814 2660 3868 φησιν
2679 3797 2707 3848 ὁ
2729 3794 3037 3865 προφήτης,
3070 3792 3195 3844 Ἐπὶ
3221 3788 3331 3857 τῆς
3355 3785 3465 3857 γῆς
3484 3787 3650 3855 ὤφθη
3674 3786 3774 3839 καὶ

2194 3889 2319 3956 τοῖς
2349 3886 2679 3957 ἀνθρώποις
2706 3882 3193 3951 συνανεστράφη,
3221 3876 3283 3932 ἒν
3316 3879 3425 3933 τῶν
3459 3880 3775 3947 κτισμάτων

2195 3979 2332 4035 εἶναι
2360 3980 2449 4033 διά
2480 3979 2685 4032 τούτων
2718 3975 3186 4046 ἀποδειχθήσεται.
3222 3972 3284 4025 Εἰ
3311 3971 3368 4024 δὲ
3394 3970 3566 4023 ταῦτα
3586 3970 3777 4041 πόρρω

2192 4073 2300 4125 τῶν
2329 4070 2697 4141 ζητουμένων,
2731 4066 2852 4120 οὐδὲ
2898 4066 2965 4118 τά
2988 4065 3150 4135 ὅμοια
3176 4064 3394 4125 πάντως
3416 4063 3528 4124 τοῖς
3554 4076 3777 4130 προκει-

2199 4164 2380 4235 μένοις
2437 4161 2725 4232 ῲκείωται,
2757 4154 2902 4212 Ἶσον
2951 4157 3062 4228 γάρ
3106 4158 3223 4209 ἐστι
3265 4154 3407 4209 κατά
3440 4153 3535 4225 τὴν
3564 4153 3777 4206 ἔννοιαν

2193 4256 2284 4309 τὸν
2318 4258 2374 4307 ὲν
2406 4254 2547 4324 ἀρχῇ
2601 4251 2732 4304 ὅντα
2760 4250 2932 4317 Λόγον
2978 4248 3115 4318 μετὰ
3148 4244 3323 4300 ταῦτα
3357 4244 3776 4316 πεφανερῶσθαι

2192 4350 2305 4409 τοῖς
2334 4344 2639 4415 ἀνθρώποις
2655 4342 2742 4395 διὰ
2757 4340 2957 4412 σαρκὸς
2986 4339 3186 4407 λέγειν.
3218 4338 3315 4391 καὶ
3347 4339 3405 4391 ὲν
3436 4340 3614 4408 μορφῇ
3635 4337 3773 4390 Θεοῦ

2197 4438 2527 4511 ὑπάρχοντα,
2556 4436 2656 4503 τὴν
2697 4435 2792 4487 τοῦ
2814 4433 2997 4486 δούλου
3034 4432 3247 4502 μορφὴν
3297 4429 3638 4483 ὑποδύεσθαι.
3670 4422 3774 4481 Ὧν

517 4532 636 4578 erat
676 4524 730 4578 in
756 4523 932 4579 forma
966 4524 1056 4580 Dei
1090 4524 1321 4581 formam
1358 4527 1501 4581 servi
1531 4527 1809 4583 habuisse.
1847 4526 2091 4593 Quorum

2197 4534 2245 4585 εί
2273 4532 2334 4584 τὸ
2367 4530 2551 4600 ἓτερον
2577 4531 2656 4590 εἰς
2699 4524 3045 4599 κατασκευὴν
3070 4525 3169 4593 τῆς
3197 4523 3545 4593 βλασφημίας
3586 4523 3772 4593 ἀνόνη-

515 4617 563 4672 si
607 4618 838 4671 alterum
884 4618 952 4673 ad
988 4617 1342 4687 blasphemia:
1382 4620 1852 4689 praestructionem
1880 4631 1964 4677 est
2014 4622 2097 4675 in-

519 4710 674 4772 utile,
711 4724 941 4765 necesse
966 4719 1050 4764 est
1073 4718 1127 4765 et
1145 4711 1419 4780 reliquum
1444 4711 1701 4781 abjieere.
1730 4712 1835 4767 Sed
1860 4713 2099 4768 humane

518 4814 572 4857 et
606 4803 866 4858 benevole
922 4802 1081 4856 nobis
1129 4803 1369 4857 consulit
1418 4802 1485 4857 ab
1529 4818 1716 4857 errore
1765 4803 2095 4870 desciscere,

518 4902 575 4948 et
604 4908 768 4964 quam
806 4894 923 4964 ipse
965 4894 1246 4964 praestruit
1274 4894 1508 4949 subinde
1538 4895 1744 4948 indicat
1772 4897 2054 4952 veritatem
2081 4915 2095 4952 :

520 4984 656 5038 Eum
688 4984 778 5055 qui
808 4992 925 5039 erat
956 4986 1010 5039 in
1039 4985 1332 5055 principio,
1365 4987 1559 5055 inquit.
1594 4986 1830 5042 Verbum
1852 4999 1905 5044 et
1929 4989 2094 5054 Deus,

519 5078 669 5134 hunc
695 5078 1045 5133 factumesse
1075 5078 1235 5133 docet
1263 5078 1457 5135 Petrus
1482 5081 1783 5150 apostolus.
1812 5080 2092 5151 Siquidem

521 5174 614 5229 ille
644 5173 801 5228 nobis
841 5173 1053 5228 somnia
1102 5172 1330 5242 ﬁngeret
1368 5181 1422 5226 et
1450 5188 1573 5242 qua:
1618 5173 1676 5227 in
1722 5176 1931 5229 somnis
1961 5191 2095 5229 eon-

519 5264 682 5334 tingit
708 5262 1098 5318 divinationem
1125 5272 1399 5326 narraret,
1440 5265 1575 5318 nihil
1608 5264 1843 5322 fortasse
1872 5268 2096 5336 periculi

518 5363 667 5410 esset
709 5353 813 5423 ipsi
840 5354 1148 5409 concedere
1194 5354 1262 5408 ad
1293 5355 1513 5425 quidvis
1547 5372 1645 5425 pro
1676 5373 1777 5412 suo
1829 5358 2096 5412 arbitratu

519 5446 795 5503 adducere
821 5448 1050 5503 visionis
1076 5447 1385 5516 aenigmata.
1415 5448 1519 5504 Sed
1547 5450 1673 5520 quia
1697 5451 1911 5506 divinas
1934 5466 2095 5506 voces

518 5539 652 5594 dicit
702 5539 820 5609 ipse
857 5555 914 5595 se
973 5555 1253 5605 enarrare,
1292 5557 1401 5596 non
1454 5551 1630 5596 tutum
1679 5551 1766 5598 est
1807 5543 1966 5600 nobis
1998 5559 2097 5614 pro

521 5647 620 5687 sua
652 5632 872 5687 licentia
902 5633 952 5687 ei
988 5631 1271 5704 indulgere
1300 5634 1461 5692 verba
1498 5650 1783 5706 perperam
1819 5635 2093 5708 interpre-

594 5810 639 5840 "
667 5805 877 5865 Baruch
905 5824 984 5876 ill,
1023 5807 1114 5864 .7.

2192 4638 2305 4685 τον,
2352 4616 2741 4673 συναποϐαλείν
2780 4616 2991 4684 ἀνάγκη
3022 4614 3115 4667 καὶ
3141 4612 3202 4665 τὸ
3234 4612 3571 4683 λειπόμενον.
3610 4611 3770 4665 Ἀλλά

2195 4709 2554 4784 συμϐουλεύει.
2629 4706 3023 4779 φιλανθρώπως
3085 4707 3215 4776 ἡμῖν
3289 4704 3617 4775 μεταθέσθαι
3669 4703 3765 4756 τοῦ

2195 4805 2420 4867 πλάνου,
2480 4801 2575 4855 καὶ
2651 4799 3025 4854 ὑποδείκνυσιν
3086 4800 3152 4868 ἢν
3213 4797 3375 4859 αὑτὸς
3428 4795 3774 4850 κατασκευά-

2196 4899 2279 4962 ζει
2332 4894 2607 4966 ἀλήθειαν,
2654 4894 2745 4945 τὸν
2786 4895 2843 4946 ἐν
2868 4894 3033 4965 ἀρχῇ,
3070 4891 3254 4960 φησιν,
3303 4890 3432 4943 ὄντα
3474 4889 3644 4958 Λόγον
3678 4890 3777 4941 καὶ

2198 4991 2349 5053 Θεὸν,
2399 4989 2586 5041 τοῦτον
2621 4984 2947 5056 πεποιῆσθαι
2990 4984 3231 5037 διδάσκει
3267 4984 3295 5035 ὁ
3359 4982 3652 5046 ἀπόστολος
3676 4982 3778 5035 Πὲο

2199 5099 2344 5153 τρος.
2404 5080 2535 5133 Ἀλλ’
2575 5081 2624 5132 εί
2672 5078 2768 5149 μὲν
2809 5076 3050 5148 ὀνείρους
3089 5076 3220 5145 ἡμῖν
3263 5073 3642 5144 ὑποκρίνεται,
3677 5075 3776 5126 καὶ

2199 5175 2297 5245 τὴν
2343 5172 2591 5229 ἐνύπνιον
2635 5167 3002 5239 ἐπηγγέλλετο
3058 5168 3361 5238 μαντικὴν,
3407 5167 3650 5231 κίνδυνος
3700 5164 3773 5238 ῆν

2202 5270 2331 5330 ἴσως
2361 5266 2535 5328 οὐδεὶς
2560 5264 2696 5334 πρὸς
2722 5264 2783 5316 τὸ
2806 5260 2995 5316 δοκοῦν
3026 5263 3327 5332 συγχωρεῖν
3348 5262 3492 5330 αὐτῷ
3520 5280 3774 5333 παραγα-

2200 5364 2316 5430 γεῖν
2347 5362 2416 5415 τὰ
2434 5360 2530 5429 τῆς
2573 5355 2869 5428 φαντασίας
2894 5355 3210 5426 αἰνίγματα.
3247 5356 3394 5407 Ἐπεὶ
3419 5355 3475 5408 δὲ
3502 5354 3601 5417 τὰς
3623 5355 3773 5418 θείας

2200 5453 2383 5522 φωνὰς
2429 5448 2738 5520 ἐξηγεῖσθαι
2767 5465 2960 5519 φησιν,
2996 5446 3171 5501 οὐκέτ’
3210 5447 3447 5516 ἀσφαλὲς
3485 5447 3618 5516 ἡμῖν
3651 5451 3771 5499 κατ’

2197 5544 2443 5609 ἐξουσίαν
2494 5541 2639 5612 αὐτῷ
2683 5540 2880 5594 διδόναι
2928 5538 3363 5611 παρερμηνεύειν
3417 5538 3487 5591 τὰ
3526 5540 3765 5609 ῥήματα.

2198 5635 2263 5691 Τί
2288 5650 2449 5707 φησιν
2476 5633 2748 5705 ήΓραφής
2774 5632 2896 5685 Ὀτι
2925 5631 3142 5700 Κύριον
3171 5630 3268 5684 καί
3293 5628 3549 5698 Χριστὸν
3568 5629 3775 5695 ἐποίη-
