4138 6364
476 342 583 396 7⁸55

1585 332 1865 391 CONTRA
1908 331 2300 402 EUNOMIUM,
2341 334 2468 393 LIB.
2512 334 2578 389 Vl

3614 341 3712 396 753

478 470 590 509 σεν
618 454 650 507 ὁ
682 450 825 516 Θεὸς
862 448 1074 503 τοῦτον
1098 449 1204 503 τὸν
1247 448 1489 516 Ἰησοῦν
1525 447 1598 501 ὃν
1625 448 1793 518 ὑμεῖς
1826 448 2030 503 ἐσταυ-

2148 449 2272 504 tari.
2299 447 2436 516 Quid
2469 450 2545 502 ait
2574 446 2892 518 Scriptura?
2926 448 3204 503 Dominum
3234 460 3281 504 et
3304 450 3568 506 Christum
3595 456 3713 519 fecit

470 544 721 614 ρώσατε.
748 539 959 595 Οὐκοῦν
997 541 1214 594 πάντων
1245 540 1366 594 κατ’
1407 539 1567 593 αὐτὸν
1598 540 2039 611 συνδραμόντων,

474 639 573 706 τῆς
601 633 874 704 δεικτικῆς
900 631 1083 702 φωνῆς
1114 631 1206 685 τοῦ
1241 630 1592 703 ἀνθρωπίνως
1621 631 2005 702 ὠνομασμένου
2023 673 2037 697 ,

474 728 574 796 τῆς
604 726 709 780 τῶν
745 724 1212 796 μιαιφονησάντων
1253 722 1589 793 κατηγορίας
1609 762 1624 786 ,
1650 721 1744 775 τοῦ
1785 722 1927 776 κατά
1953 723 2045 775 τὸν

477 817 706 889 σταυρὸν
744 816 965 880 πάθους,
1007 814 1065 881 ἐξ
1097 815 1340 884 ἀνάγκης
1372 815 1404 883 ὴ
1431 814 1637 867 διάνοια
1662 813 1800 884 πρὸς
1828 814 1888 867 τὸ
1915 831 2044 883 φαι-

473 912 693 981 νόμενον
716 909 919 980 βλέπει.
955 910 1015 962 '0
1035 907 1091 960 δέ
1122 925 1253 977 φησι
1274 906 1445 959 ταῦτα
1471 906 1570 976 μὲν
1599 906 1776 975 λέγειν
1803 906 2006 977 Πέτρον
2026 922 2038 935 ·

472 1000 836 1054 ἐνδείκνυσθαι
850 999 907 1052 δὲ
935 998 1022 1052 διὰ
1048 998 1149 1068 τῆς
1169 1000 1457 1066 ἐποίησεν
1472 998 1669 1065 λέξεως
1693 999 1791 1070 τὴν
1806 998 2042 1069 προαιώ-

472 1110 580 1145 νιον
627 1092 831 1146 οὐσίαν.
876 1090 1034 1145 Ἀλλά
1072 1092 1278 1155 τίτθαις
1328 1090 1425 1161 μὲν
1458 1090 1490 1161 ἢ
1520 1090 1792 1161 γραῖδίοις
1825 1090 2040 1144 ἀκίνδυ-

470 1200 559 1236 νον
591 1184 890 1253 συγχωρεῖν
928 1182 1146 1247 παίζειν
1184 1184 1321 1254 πρὸς
1348 1184 1417 1239 τά
1459 1185 1753 1256 μειράκια,
1787 1186 1881 1239 καὶ
1907 1185 2043 1256 πρὸς

468 1275 539 1331 τὰ
564 1274 821 1328 δοκοῦντα
842 1274 1104 1345 ’μετάγειν
1149 1275 1248 1338 τὰς
1278 1275 1387 1328 τῶν
1430 1277 1695 1329 ἐνυπνίων
1741 1277 2036 1347 ἐμφάσεις·

468 1367 565 1436 τῆς
625 1364 681 1419 δὲ
726 1364 1084 1418 θεοπνεύστου
1136 1364 1318 1435 φωνῆς
1372 1365 1741 1437 προκειμένης
1787 1368 1916 1437 ἡμῖν
1960 1371 2041 1432 εἰς

468 1458 762 1529 ἐξήγησιν,
796 1454 993 1510 κωλύει
1032 1458 1055 1509 ἑ
1090 1456 1260 1526 μέγας
1296 1456 1614 1520 Ἀπὸστολος
1640 1456 1739 1519 τάς
1775 1456 2039 1528 γραώδεις

468 1545 796 1615 κενοφωνίας
838 1544 1173 1616 προσίεσθαι.
1220 1546 1458 1616 Σταυρὸν
1502 1544 1610 1617 γάρ
1652 1545 1909 1609 ἀκούσας,
1948 1545 2039 1598 τὸν

469 1637 697 1709 σταυρὸν
726 1636 852 1703 νοῶ,
899 1636 994 1689 καὶ
1027 1635 1363 1707 ἀνθρώπινον
1393 1635 1565 1707 ὄνομα
1597 1636 1893 1707 διδαχθεὶς,
1926 1635 2038 1708 ὁρῶ

466 1729 563 1801 τὴν
590 1728 920 1799 δηλουμένην
948 1727 1052 1780 ύπδ
1073 1727 1166 1780 τοῦ
1190 1727 1458 1797 ⁴ὀνόματος
1491 1726 1670 1796 φύσιν.
1707 1727 1904 1781 Τοῦτον
1942 1724 2034 1781 οὖν

468 1819 654 1891 μαθὼν
699 1818 1026 1891 πεποιῆσθαι
1079 1817 1228 1889 παρὰ
1281 1816 1376 1871 τοῦ
1431 1817 1639 1889 Πέτρου
1684 1818 1887 1889 Κύριον
1941 1820 2034 1873 καὶ

466 1908 704 1981 Χριστὸν
725 1949 739 1973 ,
775 1909 866 1962 τὸν
899 1910 957 1961 ὲν
998 1907 1291 1977 ὀφθαλμοῖς
1327 1906 1483 1978 ἡμῶν
1526 1909 1914 1978 γεγενημένον,
1947 1908 2035 1960 λέ-

466 2017 582 2069 γειν
610 2001 709 2054 ούκ
747 2000 1087 2071 ἀμφιῦάλλω.
1134 1999 1349 2070 Ἐπειδὴ
1382 2001 1475 2053 καὶ
1507 1999 1856 2069 συμφωνοῦσι
1897 2000 2033 2070 πρὸς

464 2092 727 2162 ἀλλήλους
759 2092 808 2144 οἱ
859 2091 1037 2159 ἅγιοι,
1096 2093 1210 2154 τοῖς
1254 2107 1314 2143 τε
1362 2090 1541 2153 ἄλλοις
1576 2092 1729 2154 πᾶσι,
1764 2092 1857 2143 καὶ
1902 2090 2033 2161 περὶ

463 2181 621 2235 τοῦτο
662 2182 724 2235 τὸ
758 2181 938 2253 μέρος.
979 2180 1068 2244 Ὦς
1111 2180 1219 2251 γάρ
1269 2179 1429 2244 αὐτὸς
1478 2179 1569 2233 τὸν
1622 2179 2031 2251 ἐσταυρωμένον

466 2273 669 2345 Κύριον
715 2272 1042 2343 πεποιῆσθαι
1086 2272 1266 2341 λέγει,
1308 2272 1449 2326 οὕτω
1485 2273 1579 2326 καὶ
1624 2272 1836 2335 Παῦλός
1869 2288 2031 2343 φησιν

464 2366 623 2419 αὑτὸν
653 2362 1039 2436 ύπερυψῶσθαι
1087 2363 1224 2433 μετὰ
1248 2364 1310 2417 τὸ
1343 2364 1512 2428 πάθος
1546 2365 1641 2419 καὶ
1666 2365 1764 2435 τὴν
1797 2365 2031 2419 ἀνάστα-

465 2474 568 2517 σιν,
596 2456 658 2509 ού
695 2455 829 2509 καθὸ
879 2455 1011 2519 Θεὸς
1054 2454 1171 2507 ἑστι
1220 2454 1339 2507 κατ’
1363 2446 1537 2508 ἐκεῖνο
1579 2454 1900 2525 ύψούμενοψ
1943 2456 2031 2527 (τί

462 2550 571 2619 γὰρ
599 2549 916 2620 ὑπέρκειται
938 2548 1031 2601 τοῦ
1054 2547 1196 2600 θείου
1225 2546 1392 2616 ὕψους
1420 2546 1705 2618 ἀνώτερον,
1726 2549 1866 2602 ὥστε
1896 2549 2031 2620 πρὸς

463 2643 638 2694 ἐκεῖνο
668 2640 845 2709 λέγειν
874 2640 962 2694 τὸν
998 2638 1131 2692 Θεὸν
1161 2636 1458 2707 ύψοῦσθαι;
1493 2638 1666 2706 )ἀλλά
1689 2639 1749 2691 τὸ
1780 2641 2031 2694 ταπεινὸν

463 2734 561 2803 τῆς
597 2731 941 2803 ἀνθρωπίνης
974 2730 1186 2801 φύσεως
1211 2729 1472 2801 ύψοῦσθαι
1509 2730 1675 2799 λέγει,
1705 2730 2029 2796 δεικνύντος,

462 2822 634 2896 οἶμαι,
667 2823 761 2878 τοῦ
808 2823 966 2891 λόγου
1010 2824 1108 2895 τὴν
1151 2823 1246 2878 τοῦ
1295 2822 1693 2894 ἀναληφθέντος
1742 2823 2030 2894 ἀνθρώπου

463 2916 598 2987 πρὸς
633 2916 694 2968 τὸ
737 2914 871 2984 ὕψος
907 2912 1006 2985 τῆς
1044 2912 1192 2976 θείας
1234 2912 1450 2981 φύσεως
1493 2912 1811 2981 ὲξομοίωσίν
1834 2930 1894 2965 τε
1939 2913 2032 2965 καὶ

461 3006 673 3061 ἕνωσιν.
704 3004 873 3058 Τοῦτο
899 3004 1077 3058 τοίνυν
1106 3003 1387 3075 σημαίνειν
1413 3004 1506 3057 καὶ
1535 3003 1704 3074 μέγαν
1735 3002 2028 3055 πεπιστεύ-

462 3111 637 3165 καμεν
675 3093 909 3163 Πέτρον,
945 3094 1001 3147 ὲν
1044 3092 1121 3164 τῷ
1166 3093 1345 3162 λέγειν
1389 3093 1480 3147 τὸν
1536 3092 1739 3163 Κύριον
1786 3094 1881 3146 ἐπὶ
1935 3091 2029 3146 τοῦ

461 3185 697 3259 σταυροῦ
740 3184 1098 3258 γεγενῆσθαι,
1141 3186 1228 3240 διὰ
1255 3187 1355 3257 τῆς
1384 3185 1526 3239 κατά
1566 3184 1744 3239 πάντα
1788 3184 1925 3256 πρὸς
1967 3183 2028 3237 τὸ

453 3274 609 3327 Θεῖον
633 3278 895 3343 ἑνώσεως,
929 3280 1103 3332 ἐκεῖνο
1133 3278 1422 3349 γενόμενον
1455 3277 1482 3330 ὃ
1502 3276 1561 3331 τὸ
1583 3276 1738 3331 Θεῖόν
1767 3278 1934 3331 ἐστιν.
1966 3277 2029 3330 Ei

459 3368 516 3421 δέ
543 3386 626 3432 τις
662 3369 757 3421 καὶ
796 3369 1139 3439 συγχωρήσει
1178 3371 1236 3421 ὲν
1280 3367 1426 3438 αύτῷ
1458 3364 1880 3439 παρεξηγεὴθαι
1929 3366 2028 3436 τὴν

462 3458 611 3512 θείαν
644 3460 825 3530 φωνὴν
846 3499 861 3523 ,
907 3459 1026 3511 οὐδὲ
1056 3458 1229 3522 οὕτως
1271 3458 1405 3528 πρὸς
1444 3458 1533 3512 τὸν
1564 3459 1763 3513 σκοπὸν
1814 3459 1909 3529 τῆς
1940 3460 2027 3511 ati-

464 3550 663 3621 ρέσεως
695 3551 724 3602 ὁ
748 3550 903 3618 λόγος
926 3548 1457 3621 συμπερανθήσεται.
1492 3549 1732 3603 Δεδὸσθω
1761 3549 1867 3620 γὰρ
1899 3549 2027 3621 περὶ

460 3642 554 3695 τοῦ
587 3643 644 3694 ἐν
680 3643 819 3713 ἀρχῇ
859 3641 1010 3705 ὄντος
1051 3640 1227 3708 λέγειν
1266 3640 1356 3693 τὸν
1409 3640 1645 3711 Πέτρον,
1696 3640 1777 3694 ὅτι
1811 3640 2029 3708 Κύριον

460 3735 646 3789 αὑτὸν
683 3734 783 3787 καὶ
820 3733 1076 3801 Χριστὸν
1117 3732 1366 3799 ἐποίησε
1402 3732 1615 3786 τοῦτον
1648 3730 1754 3785 τὸν
1784 3731 2028 3798 Ἰησοῦν

463 3828 535 3880 ὅν
552 3826 720 3897 ὑμεῖς
739 3824 1175 3894 ἐσταυρώσατε.
1230 3824 1564 3894 Εὑρίσκομεν
1614 3823 1721 3893 γὰρ
1771 3821 1895 3878 οὔτε
1939 3822 2028 3876 διὰ

458 3919 646 3973 τούτου
672 3918 770 3989 τὴν
802 3916 1144 3987 βλασφημίαν
1170 3914 1321 3984 ίσχύν
1340 3930 1459 3968 τινα
1482 3911 1625 3964 κατὰ
1644 3913 1742 3982 τῆς
1770 3910 2027 3982 ἀληθείας

460 4009 836 4081 λαμὸάνουσαν
860 4025 872 4036 ·
917 4009 1155 4075 Κύριον,
1200 4005 1385 4075 φησὶν,
1417 4002 1602 4059 αὐτὸν
1634 4004 1730 4057 καὶ
1770 4003 2028 4071 Χριστὸν

459 4104 745 4170 ἐποίησεν
789 4104 821 4154 ό
869 4099 1029 4165 Θεός.
1083 4098 1175 4161 Εἰς
1218 4098 1272 4150 τί
1329 4096 1507 4150 τοίνυν
1556 4094 1664 4149 τῶν
1698 4095 2026 4167 εἰρημένων

459 4194 823 4262 ὲπαναφέρειν
873 4192 977 4262 χρὴ
1017 4190 1077 4243 τὸ
1098 4188 1421 4255 ἐποίησεν;
1448 4187 1552 4240 τίνι
1570 4187 1676 4243 τῶν
1699 4188 1757 4240 ὲν
1788 4188 1854 4257 τῇ
1886 4183 2025 4255 φρά-

464 4305 545 4340 σει
584 4286 847 4357 κειμένων
888 4283 988 4354 τὴν
1030 4281 1211 4352 φωνὴν
1258 4279 1670 4351 ὲφαρμόσομεν;
1726 4277 1865 4345 Τρία
1918 4278 2024 4350 γάρ

460 4381 607 4433 ἐστιν
623 4377 690 4430 τὰ
709 4375 1056 4447 προκείμενα’
1075 4369 1270 4436 οὗτος,
1289 4371 1383 4427 καὶ
1409 4372 1621 4438 Κύριος
1642 4370 1735 4423 καὶ
1749 4370 2022 4437 Χριστός·

2146 537 2285 591 Deus
2331 536 2467 592 hunc
2497 537 2682 592 Jesum
2727 554 2879 609 quem
2927 555 3014 592 vos
3052 537 3419 609 cruci/ixistis.
3448 541 3714 601 Omnibus

2145 629 2311 699 igitur
2358 630 2412 683 in
2459 629 2710 685 euindem
2742 632 3197 687 concurrentibus
3229 645 3281 687 et
3323 650 3454 690 voce
3491 637 3714 693 demonv

2145 728 2353 775 strante
2384 736 2506 775 eum
2537 721 2630 791 qui
2664 721 2903 779 humane
2929 724 3240 779 nominatus
3264 732 3370 789 est,
3402 735 3456 780 et
3488 744 3713 783 accusa-

2144 812 2293 867 tione
2328 828 2514 867 eorum
2550 814 2644 883 qui
2682 813 2828 869 caede
2878 831 2936 870 se
2982 817 3307 885 polluerant,
3357 826 3411 873 et
3458 823 3714 888 passione

2144 905 2444 959 secundum
2471 920 2726 960 crucem:
2768 908 3082 962 necessario
3115 909 3181 961 ad
3228 908 3282 963 id
3308 911 3453 979 quod
3491 923 3713 981 apparet

2144 995 2495 1066 intelligentia
2555 996 2843 1051 verborum
2899 998 3181 1053 referenda
3229 1008 3335 1055 est.
3383 998 3482 1056 llic
3529 1008 3736 1067 autem}

2141 1083 2442 1140 Eunomius
2489 1086 2564 1139 ait
2607 1085 2825 1140 Petrum
2877 1087 2991 1142 haec
3032 1090 3251 1159 quidem
3290 1092 3488 1157 dicere,
3525 1102 3579 1149 et
3615 1075 3742 1164 per:

2141 1178 2365 1231 verbum
2410 1176 2532 1246 fecit
2575 1193 2696 1246 quae
2735 1188 2820 1232 est
2868 1187 2994 1234 ante
3038 1181 3236 1236 saecula
3284 1185 3576 1239 essentiam
3609 1161 3745 1246 θαι-ξ

2141 1278 2465 1331 monstrare,
2521 1269 2620 1323 sed
2667 1269 2978 1326 nutricibus
3020 1280 3076 1325 et
3124 1272 3357 1329 aniculis
3411 1277 3710 1333 concedere

2140 1373 2263 1413 cum
2294 1358 2577 1415 infantulis
2603 1368 2658 1413 et
2684 1361 2924 1428 parvulis
2965 1361 3152 1418 ludere
3183 1363 3319 1417 nihil
3369 1364 3527 1420 aﬂ'ert
3564 1368 3708 1436 peri-

2139 1448 2269 1511 culi,
2300 1456 2354 1503 et
2377 1451 2443 1503 ad
2466 1451 2719 1519 qualibet
2750 1466 2880 1506 suas
2908 1453 2961 1506 in
2993 1455 3221 1509 somniis
3247 1454 3486 1512 visiones
3518 1459 3708 1513 tradu-

2139 1555 2284 1595 cere.
2318 1539 2423 1596 Sed
2454 1559 2575 1596 cum
2605 1559 2637 1596 a
2661 1540 2769 1597 Deo
2800 1544 3061 1613 inspirata
3090 1561 3191 1599 vox
3216 1547 3281 1601 ad
3309 1549 3704 1617 expositionem

2140 1633 2486 1702 proponitur,
2524 1640 2669 1687 vetat
2710 1649 2941 1705 magnus
2976 1636 3270 1705 Apostolus
3298 1640 3470 1695 aniles
3499 1649 3552 1695 et
3584 1642 3704 1695 ina-

2139 1738 2237 1777 nes
2279 1738 2445 1777 voces
2487 1721 2761 1777 all'ectare.
2821 1726 3049 1780 Crucem
3090 1727 3235 1782 enim
3280 1732 3527 1795 audiens,
3577 1748 3704 1786 cru-

2139 1830 2258 1869 cem
2293 1814 2557 1884 intelligo,
2609 1824 2663 1871 et
2706 1816 3001 1872 humanum
3057 1836 3252 1874 nomen
3300 1820 3513 1887 doctus,
3548 1824 3704 1879 video

2138 1905 2465 1960 declaratam
2494 1922 2588 1975 per
2610 1906 2661 1960 id
2688 1924 2884 1963 nomen
2916 1918 3189 1965 naturam.
3217 1911 3371 1966 Hunc
3392 1914 3557 1982 igitur
3577 1930 3700 1969 cum

2138 1995 2303 2050 didici
2329 2012 2394 2050 ex
2426 1997 2585 2052 Petro
2609 1997 2811 2052 factum
2839 2015 2961 2055 esse
2993 2001 3278 2056 Dominum
3313 2009 3366 2058 et
3396 2005 3701 2071 Christum,

2137 2101 2259 2140 eum
2285 2087 2377 2157 qui
2412 2088 2464 2141 in
2499 2091 2700 2144 nostris
2720 2090 2891 2146 oculis
2923 2091 3095 2147 factus
3119 2101 3203 2148 est
3224 2093 3406 2150 dicere
3437 2112 3542 2151 non
3586 2114 3703 2151 ain-

2136 2176 2285 2246 bigo,
2318 2179 2617 2248 praesertim
2654 2195 2776 2233 cum
2810 2181 2983 2235 sancti
3014 2182 3118 2237 sibi
3146 2186 3449 2241 concordes
3478 2188 3587 2242 sint
3618 2190 3703 2242 in-

2136 2268 2310 2323 vicem
2343 2269 2399 2323 in
2430 2270 2554 2324 aliis
2578 2271 2851 2335 omnibus,
2892 2279 3004 2325 tum
3040 2273 3093 2326 iu
3127 2274 3227 2327 hac
3256 2283 3428 2344 parte.
3460 2276 3528 2331 Ut
3556 2281 3699 2333 enim

2137 2360 2255 2428 ipse
2283 2360 2603 2415 cruciﬁxum
2635 2361 2835 2415 factum
2868 2378 2988 2417 esse
3016 2363 3151 2418 dicit
3182 2365 3464 2421 Dominum
3493 2387 3507 2424 :
3538 2370 3619 2424 sic
3648 2381 3703 2425 et

2136 2448 2342 2506 Paulus
2381 2452 2457 2505 ait
2488 2452 2664 2522 ipsum
2700 2454 3159 2524 superexaltatum
3193 2472 3316 2513 esse
3342 2467 3463 2528 post
3488 2461 3698 2530 passio-

2135 2559 2257 2598 nem
2292 2553 2347 2599 et
2380 2545 2862 2609 resurrectionem,
2908 2561 3013 2599 non
3046 2561 3152 2615 qua
3189 2546 3331 2602 Deus
3359 2560 3463 2615 est,
3503 2565 3702 2606 secun-

2135 2633 2264 2688 dum
2299 2636 2442 2689 illam
2475 2637 2737 2691 rationem
2762 2639 3095 2694 exaltatum:
3127 2640 3257 2707 quid
3283 2641 3429 2695 enim
3454 2641 3546 2697 Dei
3576 2645 3700 2697 alti-

2136 2727 2324 2781 tudine
2354 2729 2516 2783 altius
2542 2731 2931 2798 supereminet,
2968 2738 3027 2783 ut
3057 2730 3126 2785 ad
3155 2732 3288 2786 illud
3311 2733 3479 2787 Deum
3510 2736 3697 2789 extolli

2136 2816 2313 2871 dicat?
2349 2819 2443 2872 sed
2488 2820 2632 2889 quod
2678 2818 2925 2873 humanae
2973 2832 3180 2877 naturae
3230 2823 3433 2879 humile
3477 2833 3560 2879 est
3601 2841 3699 2879 ex-

2136 2906 2290 2959 altari
2311 2906 2461 2971 dicit,
2475 2907 2904 2974 demonstrante,
2926 2918 2981 2963 ut
3000 2920 3149 2979 puto,
3169 2928 3418 2969 sermone
3435 2917 3698 2984 assumpti

2137 2998 2375 3053 hominis
2412 2999 2478 3052 ad
2526 2999 2724 3053 divinae
2756 3010 2962 3055 natura:
2999 3003 3397 3072 celsitudinem,
3446 3007 3700 3061 similitu-

2137 3090 2426 3159 dinemque
2455 3098 2511 3145 et
2537 3092 2814 3147 unionem.
2849 3091 2961 3147 Hoc
2991 3094 3155 3164 igitur
3201 3111 3453 3167 magnum
3478 3097 3697 3153 Petrum

2136 3180 2443 3250 signiﬁcare
2470 3182 2765 3245 credimus,
2803 3184 2931 3237 dmn
2971 3185 3102 3239 dicit
3136 3186 3418 3241 Dominum
3448 3189 3501 3242 in
3536 3205 3699 3244 cruce

2138 3269 2339 3324 factum
2385 3285 2527 3332 esse,
2579 3281 2800 3341 propter
2851 3275 2906 3327 in
2942 3277 3196 3332 omnibus
3247 3294 3367 3333 cum
3416 3279 3701 3337 divinitate
3776 3316 3779 3319 -

2134 3362 2434 3417 unitionem
2463 3363 2593 3417 illud
2631 3363 2830 3419 factum
2863 3368 3004 3435 quod
3030 3366 3171 3423 Deus
3200 3377 3302 3424 cst.
3329 3369 3481 3437 Quod
3505 3375 3549 3427 si
3572 3373 3700 3443 quis

2133 3452 2294 3506 etiam
2323 3455 2584 3509 concedet
2629 3456 2682 3509 in
2736 3457 2855 3526 ipso
2890 3468 3034 3513 recte
3081 3459 3424 3529 interpretari
3458 3462 3694 3518 divinam

2133 3559 2341 3608 vocem,
2378 3562 2558 3616 neque
2587 3549 2665 3602 sic
2688 3550 2752 3601 ad
2787 3564 3008 3620 scopum
3043 3551 3314 3608 haereseos
3344 3556 3698 3611 concludetur

2132 3636 2328 3690 oratio.
2366 3635 2532 3691 Detur
2558 3640 2700 3693 enim
2736 3639 2955 3695 Petrum
2993 3643 3137 3711 loqui
3184 3643 3251 3699 de
3276 3660 3341 3699 eo
3370 3646 3461 3715 qui
3490 3656 3607 3701 erat
3640 3647 3697 3702 in

2132 3726 2418 3795 principio,
2462 3729 2606 3797 quod
2643 3729 2921 3785 Dominum
2955 3734 3123 3801 ipsum
3168 3746 3217 3789 et
3264 3735 3531 3791 Christum
3572 3739 3696 3805 fecit

2132 3820 2266 3873 hunc
2279 3819 2315 3872 Ι
2318 3838 2462 3874 esum
2479 3838 2627 3893 quem
2645 3840 2733 3877 vos
2750 3825 2893 3877 cruci
2897 3826 3112 3893 ﬁxistis.
3138 3826 3514 3897 Comperimus
3549 3830 3695 3883 enim

2132 3926 2309 3981 neque
2356 3928 2451 3982 per
2499 3913 2602 3968 hoc
2646 3914 3035 3984 blasphemiam
3078 3919 3184 3971 vim
3222 3919 3455 3989 aliquam
3506 3930 3697 3975 contra

2132 4004 2411 4059 veritatem
2451 4021 2765 4062 assumere:
2800 4007 3103 4071 Dominum,
3136 4009 3229 4073 ait,
3260 4011 3431 4079 ipsum
3461 4022 3509 4065 et
3543 4010 3697 4067 Chri-

2132 4105 2271 4149 stum
2306 4096 2429 4164 fecit
2460 4096 2620 4151 Deus.
2674 4098 2752 4150 Ad
2800 4098 2929 4168 quid
2980 4099 3143 4169 igitur
3189 4100 3379 4154 horum
3423 4101 3693 4157 dictorum

2132 4188 2353 4255 verbum
2378 4188 2498 4256 fecit
2525 4189 2866 4244 referendum
2899 4192 3018 4245 est?
3047 4191 3134 4244 cui
3165 4206 3353 4245 eorum
3381 4207 3499 4260 quae
3520 4194 3572 4245 in
3592 4193 3694 4248 hac

2134 4279 2409 4332 locutione
2442 4280 2617 4348 posita
2648 4287 2775 4333 sunt
2802 4295 2988 4334 vocem
3020 4280 3365 4349 aptabimus?
3400 4282 3527 4335 Tria
3547 4282 3691 4336 enim

2132 4377 2260 4422 sunt
2286 4387 2299 4422 2
2325 4367 2433 4429 hic,
2460 4377 2514 4422 et
2536 4369 2793 4423 Dominus
2819 4378 2872 4423 et
2897 4366 3136 4422 Christus
3174 4388 3185 4422 :
3210 4387 3332 4425 cum
3361 4387 3471 4441 quo
3499 4371 3693 4426 horum

458 4471 564 4524 τίνι
636 4470 840 4522 τούτων
912 4467 1013 4537 τὴν
1074 4465 1364 4530 ἐποίησεν
1424 4460 1747 4524 συσκευάζει
1807 4460 2021 4529 φωνήν;

2134 4458 2352 4513 verbum
2387 4458 2508 4527 fecit
2545 4459 2856 4512 construit?
2892 4458 2996 4514 Sed
3037 4460 3220 4515 nullus
3264 4468 3347 4515 est
3375 4472 3481 4515 tam
3514 4462 3693 4517 audax

471 4560 611 4614 Ἀλλ’
640 4560 815 4622 οὐδεὶς
856 4556 1025 4620 οὕτως
1066 4554 1207 4609 κατά
1238 4554 1336 4623 τῆς
1379 4552 1632 4622 ἀληθείας
1674 4550 1907 4622 θρασὺς,
1954 4550 2029 4613 ώς

461 4657 633 4708 εἰπεῖν
664 4655 746 4707 ὅτι
782 4652 856 4723 μὴ
898 4650 1032 4721 πρὸς
1066 4648 1158 4700 τὸν
1207 4645 1435 4717 Χριστόν
1482 4660 1540 4696 τε
1592 4644 1683 4696 καὶ
1714 4642 1914 4712 Κύριον
1964 4641 2028 4693 τὸ

458 4746 749 4815 ἐποίησεν
785 4742 987 4812 βλέπει.
1005 4740 1171 4793 Ὄντα
1197 4738 1307 4808 γὰρ
1338 4736 1498 4789 αὑτὸν
1518 4735 1546 4787 ὅ
1566 4734 1619 4787 τί
1650 4750 1779 4785 ποτε
1793 4728 1879 4802 ἦν,
1895 4734 2028 4802 Χρι-

463 4839 585 4891 στὸν
637 4837 731 4891 καὶ
787 4834 989 4906 Κύριον
1032 4830 1358 4899 γεγενῆσθαι
1407 4825 1557 4896 παρὰ
1605 4823 1699 4876 τοῦ
1745 4822 1955 4893 Πατρὸς
1997 4823 2026 4874 ὁ

459 4931 663 5000 Πέτρος
684 4926 863 4998 φησίν.
894 4924 1007 4980 Οὐκ
1034 4922 1170 4994 ἐμὸς
1197 4925 1225 4975 ὁ
1269 4916 1444 4990 λόγος,
1479 4917 1589 4971 ἀλλ’
1617 4915 1779 4969 αὑτοῦ
1803 4914 1894 4971 τοῦ
1917 4931 2022 4984 μα-

458 5040 521 5093 χο
526 5021 685 5091 μένου
714 5017 791 5089 τῷ
811 5016 972 5087 λόγῳ.

529 5111 666 5180 Φησὶ
690 5107 798 5178 γάρ
823 5108 882 5160 ὲν
905 5105 1085 5167 αὐτοῖς
1116 5104 1226 5165 τοῖς
1252 5097 1624 5170 προκειμένοις
1656 5092 1861 5155 τούτοις
1891 5093 2020 5162 ἡμῖν

458 5205 536 5266 εἰς
561 5202 823 5266 ἐξέτασιν,
846 5197 1043 5251 οὑτωσὶ
1060 5198 1169 5258 τοῖς
1203 5194 1404 5265 ῥήμασι
1430 5189 1621 5257 λέγων*
1653 5185 1792 5252 Περὶ
1820 5184 1925 5238 τοῦ
1953 5184 2024 5237 ἐν

457 5291 614 5361 ἀρχῇ
653 5290 828 5356 ὄντος
867 5287 966 5343 καὶ
1018 5284 1165 5340 Θεοῦ
1207 5284 1413 5348 ὄντος,
1447 5283 1479 5334 ό
1507 5275 1795 5347 μακάριος
1823 5272 2021 5327 διαλέ-

460 5402 618 5448 γεται
660 5383 899 5449 Πέτρος,
931 5378 1031 5433 καί
1082 5374 1296 5430 τοῦτον
1344 5369 1683 5426 ἐκδιδάσκει
1719 5365 2024 5435 γεγονέναι

460 5475 681 5545 Κύριον
707 5475 805 5527 καὶ
836 5470 1113 5540 Χριστόν.
1148 5464 1355 5521 Οὐκοῦν
1384 5464 1472 5515 τὸν
1491 5461 1617 5514 ὄντα
1643 5460 1739 5512 ὃτί
1772 5475 1899 5512 ποτε
1929 5459 2024 5514 καὶ

436 5556 545 5639 ἦν,
572 5566 802 5640 Χριστὸν
831 5562 1108 5632 γεγονέναι
1135 5561 1228 5613 καὶ
1263 5556 1466 5626 Κύριον
1493 5555 1522 5606 ὁ
1558 5552 1817 5620 Εὑνόμιος
1849 5550 2019 5618 λέγει,

458 5657 545 5714 οἶα
570 5660 634 5730 δὴ
656 5657 749 5711 καὶ
776 5656 900 5725 περὶ
932 5652 1025 5707 τοῦ
1053 5651 1214 5705 Δαόὶδ
1234 5647 1438 5718 ἱστορία
1466 5645 1662 5714 φησὶν,
1690 5643 1771 5696 ὅτι
1802 5641 1926 5704 Υἱὸς
1951 5641 2025 5695 ὢν

457 5746 549 5809 τού
566 5752 779 5817 Ἰεσσαὶ,
807 5748 898 5804 καὶ
918 5746 1026 5807 τῶν
1056 5744 1319 5820 ποιμνίων
1348 5736 1671 5802 ἐπιστατῶν,
1697 5736 1775 5799 εις
1805 5732 2026 5807 βασιλέα

2126 4554 2179 4600 et
2210 4546 2533 4600 temerarius
2568 4546 2813 4601 veritatis
2846 4558 3208 4617 oppugnator,
3238 4550 3370 4618 quin
3401 4550 3546 4603 dicat
3568 4566 3689 4605 ver-

2126 4637 2252 4689 hum
2275 4637 2396 4705 fecit
2416 4637 2482 4690 ad
2506 4636 2781 4692 Christum
2805 4646 2858 4691 et
2885 4636 3169 4692 Dominum
3198 4640 3689 4708 rcspicere:ipsum

2124 4728 2266 4783 enim
2306 4744 2428 4782 cum
2463 4737 2629 4791 esset,
2667 4728 2813 4797 quod
2844 4727 3061 4797 quidem
3101 4728 3214 4797 jam
3242 4739 3381 4793 erat,
3413 4732 3693 4786 Christum

2124 4828 2177 4871 et
2229 4818 2516 4875 Dominum
2558 4820 2759 4873 factum
2809 4835 2933 4875 esse
2985 4835 3016 4874 a
3069 4819 3181 4875 Deo
3232 4820 3425 4877 Petrus
3473 4824 3686 4878 asserit.

2126 4907 2243 4963 Non
2290 4927 2442 4967 meus
2488 4920 2573 4967 est
2615 4926 2815 4976 sermo,
2872 4911 2967 4966 sed
3001 4911 3121 4982 ejus
3150 4913 3241 4983 qui
3287 4928 3387 4969 nos
3415 4921 3691 4985 oppugnat

2125 5004 2389 5058 oratione.

2195 5100 2284 5152 Ait
2303 5099 2445 5153 enim
2479 5099 2532 5152 in
2561 5098 2646 5153 his
2687 5098 2820 5168 ipsis
2853 5114 2973 5168 qua:
2994 5096 3350 5152 examinanda
3377 5097 3535 5152 nobis
3566 5111 3691 5168 pro-

2123 5191 2424 5259 posuimus,
2452 5191 2529 5244 sic
2562 5190 2741 5245 verbis
2776 5189 2993 5245 dicens:
3036 5189 3113 5243 De
3143 5205 3201 5243 eo
3230 5189 3319 5258 qui
3343 5189 3399 5243 in
3432 5189 3691 5258 principio

2122 5293 2237 5338 erat
2271 5283 2428 5345 Deus,
2461 5282 2640 5337 beatus
2679 5282 2892 5336 disserit
2926 5281 3135 5348 Petrus,
3181 5290 3230 5335 et
3255 5281 3391 5334 hunc
3428 5282 3573 5335 docet
3600 5284 3690 5350 [a-

2124 5385 2265 5428 etum
2321 5390 2432 5427 esse
2482 5373 2762 5426 Dominum
2799 5382 2847 5427 et
2881 5371 3169 5427 Christum.
3211 5371 3348 5441 Ergo
3397 5387 3519 5425 eum
3563 5386 3688 5425 cum

2123 5472 2269 5521 esset
2303 5464 2445 5535 quod
2491 5465 2762 5534 quondam
2794 5464 2955 5518 etiam
2987 5472 3128 5529 erat,
3178 5462 3454 5517 Christum
3486 5462 3686 5515 factum

2121 5574 2247 5613 esse
2275 5565 2329 5612 et
2352 5556 2663 5619 Dominum,
2699 5556 2775 5609 ait
2798 5555 3118 5618 Eunomius,
3145 5554 3325 5625 qualia
3348 5560 3495 5608 certe
3522 5553 3685 5609 etiam

2123 5651 2189 5705 de
2213 5648 2376 5703 David
2413 5648 2635 5702 historia
2655 5648 2815 5701 dicit:
2864 5650 3001 5718 quod
3026 5649 3168 5702 tihus
3187 5662 3309 5700 cum
3333 5658 3477 5701 esset
3493 5643 3685 5707 Jcssze,

2124 5750 2177 5797 ct
2219 5739 2472 5812 gregibus
2521 5737 2825 5809 praefectus,
2866 5739 2917 5794 in
2947 5754 3127 5812 regem
3176 5745 3371 5792 unctus
3401 5738 3537 5794 fuit:
3579 5753 3685 5792 non
