4138 6364
443 374 549 435 735

1669 374 1726 429 S.
1779 368 2108 429 CREGOBl-I
2146 368 2443 425 NYSSENI

3596 366 3698 421 756

444 496 588 568 quod
620 493 804 550 unctio
845 502 977 549 tunc
1006 491 1241 563 primum
1284 490 1463 563 ipsum
1492 466 1769 549 hominem
1805 491 2016 554 fecerit,

2135 490 2368 560 ἐχρίσθη·
2411 492 2511 544 οὐκ
2544 490 2828 561 ἄνθρωπον
2871 488 3031 541 αὑτὸν
3097 484 3398 557 τηνικαῦτα
3441 483 3699 553 ποιούσης

444 589 543 646 sed
584 602 708 642 cum
748 584 1069 656 essetquod
1105 584 1325 654 quidem
1359 594 1477 638 erat
1522 587 1824 640 secundum
1866 598 2022 639 suam

444 688 719 742 naturam,
754 693 821 732 ex
848 679 1062 749 privato
1096 679 1149 732 in
1190 692 1369 746 regem
1404 678 1712 732 mutaverit.
1750 677 1891 743 Quid
1923 676 2026 746 igi-

445 769 571 823 tur?
618 769 861 838 magisne
899 783 996 837 per
1029 769 1143 821 haec
1185 766 1306 821 Filii
1336 766 1631 821 essentiam
1673 765 1872 820 factam
1901 780 2025 819 esse

446 861 815 931 praestruitur,
864 859 932 924 si,
974 858 1434 928 quemadmodum
1484 859 1559 911 ait
1610 857 1930 919 Eunomius,
1968 856 2023 909 in

446 952 719 1023 principio
744 951 922 1020 ipsum
954 952 1047 1019 qui
1080 960 1217 1009 erat,
1234 958 1289 1003 et
1316 948 1459 1005 Deus
1486 958 1626 1012 erat,
1656 957 1710 1004 et
1737 949 2025 1003 Dominum

446 1050 501 1096 et
521 1041 800 1096 Christum
835 1040 978 1095 Deus
1012 1040 1177 1095 fecit?
1205 1041 1511 1094 Dominatio
1535 1042 1678 1095 enim
1712 1057 1817 1095 non
1845 1056 2028 1096 essen-

447 1135 540 1189 tiae
567 1150 767 1189 nomen
809 1133 903 1189 sed
946 1134 1235 1203 potestatis
1265 1143 1370 1197 est,
1419 1140 1472 1187 et
1501 1133 1702 1189 Christi
1739 1134 2027 1203 appellatio

447 1242 681 1299 regnum
727 1226 989 1288 ostendit,
1036 1226 1176 1279 alius
1205 1234 1385 1280 autem
1428 1225 1603 1295 regni,
1643 1225 1783 1280 alius
1821 1235 2028 1280 naturae

448 1336 653 1375 sermo.
712 1317 1106 1373 Verumtamen
1164 1319 1279 1371 hate
1328 1319 1471 1372 circa
1517 1317 1712 1372 Filium
1758 1318 1852 1373 Dei
1886 1319 2026 1373 facta

447 1429 573 1468 esse
622 1412 697 1465 ait
718 1411 1471 1480 Scriptura.Consideremus
1500 1410 1664 1481 igitur
1684 1412 1827 1481 quod
1858 1412 2029 1481 magis

448 1506 597 1574 pium
625 1511 1238 1559 estetconsentaneum.
1267 1502 1568 1568 Quemnam
1600 1518 1698 1572 per
1723 1502 2027 1573 profectum

448 1596 688 1665 alicujus
715 1597 980 1651 honorum
1010 1596 1373 1649 excelsiorum
1407 1595 1730 1664 participem
1776 1595 1894 1649 ﬁeri
1946 1596 2029 1649 fas

446 1695 537 1742 est
576 1697 632 1743 et
662 1687 811 1756 pium
864 1688 1068 1751 dicere,
1115 1685 1281 1740 Deum
1336 1700 1405 1739 an
1439 1686 1757 1740 hominem?
1790 1685 1924 1751 Quis
1955 1686 2028 1739 ita

451 1788 634 1834 mente
656 1794 813 1849 puer,
843 1778 936 1849 qui
962 1785 1115 1844 putet
1136 1776 1303 1831 Deum
1334 1776 1645 1832 accessione
1660 1786 1714 1832 et
1740 1786 2029 1846 augmento

451 1872 521 1926 ad
547 1870 848 1941 perfectum
890 1870 1058 1924 ferri?
1093 1868 1167 1922 De
1201 1869 1437 1922 humana
1479 1877 1658 1923 autem
1695 1877 1889 1923 natura
1921 1869 2029 1923 tale

450 1964 696 2033 cogitare
722 1978 830 2016 non
860 1968 943 2017 est
976 1961 1409 2025 dissentaneum,
1448 1961 1886 2031 quandoquidem
1928 1975 2028 2013 vox

449 2057 762 2127 evangelica
850 2055 1145 2109 manifesto
1249 2054 1549 2109 secundum
1634 2052 2026 2107 humanitatem

450 2148 683 2203 Domino
731 2147 981 2202 attribuit
1035 2146 1453 2200 incrementum.
1512 2144 1670 2199 Iesus
1714 2145 1879 2208 enim,
1931 2144 2025 2206 ait,

450 2240 759 2310 proﬁciebat
811 2246 995 2299 wtate,
1050 2246 1099 2290 et
1154 2236 1436 2305 sapientia,
1485 2243 1535 2288 et
1572 2234 1744 2304 gratia
1767 2234 1833 2287 ³⁸.
1887 2232 2027 2297 Quid

449 2334 617 2404 igitur
668 2331 839 2401 magis
893 2337 1316 2384 consentaneum
1366 2335 1451 2381 est
1502 2343 1567 2382 ex
1619 2326 1848 2396 apostoli
1898 2339 2029 2378 voce

452 2440 759 2495 supponere
783 2423 949 2477 Deum
978 2424 1071 2492 qui
1095 2433 1211 2476 erat
1234 2422 1289 2474 in
1319 2421 1587 2491 principio
1618 2435 1681 2473 ex
1709 2418 2029 2473 accessione

452 2529 506 2573 et
540 2516 784 2587 profectu
816 2513 1105 2567 Dominum
1152 2512 1354 2567 factum
1384 2527 1527 2576 esse,
1551 2526 1717 2580 quam
1753 2510 1897 2580 quod
1927 2510 2029 2563 hu-

452 2609 581 2664 mile
618 2617 701 2662 est
737 2608 985 2659 humanae
1013 2613 1223 2657 natura:
1275 2619 1340 2657 ex
1369 2602 1752 2656 communione
1790 2617 1912 2655 cum
1947 2601 2031 2655 di-

453 2699 681 2755 vinitate
704 2697 769 2750 ad
801 2695 1085 2765 dignitatis
1124 2693 1509 2747 celsitudinem
1537 2693 1787 2746 assumi?
1817 2691 2027 2745 Etenim

453 2789 623 2844 David
669 2788 930 2858 propheta
990 2802 1057 2839 ex
1114 2799 1346 2854 persona
1409 2782 1621 2836 Domini
1660 2783 1880 2851 inquit:
1920 2781 2028 2851 Ego

453 2884 773 2938 constitutus
808 2898 920 2935 sum
961 2895 1055 2933 rex
1081 2877 1145 2931 ab
1168 2894 1225 2930 eo
1260 2877 1326 2929 “.
1373 2874 1601 2929 Perinde
1633 2890 1695 2928 ac
1724 2875 1770 2928 si
1801 2874 2027 2937 diceret,

452 2974 708 3028 Christus
737 2970 913 3024 factus
941 2984 1085 3023 sum.
1141 2967 1207 3018 Et
1235 2980 1450 3028 rursus,
1507 2975 1767 3033 tanquam
1804 2980 1871 3018 ex
1908 2979 2031 3033 per-

454 3080 589 3119 sona
615 3061 794 3117 Patris
826 3062 893 3114 ad
924 3058 1122 3113 Filium
1150 3076 1162 3111 :
1189 3057 1479 3111 Dominare
1509 3058 1560 3109 in
1586 3055 1756 3110 medio
1788 3057 2031 3110 inimico-

2122 585 2221 653 τῆς
2254 584 2485 653 κρίσεως
2506 621 2522 647 ,
2552 582 2669 635 ἀλλ’
2707 582 2837 635 ὅντα
2879 580 3021 634 κατά
3048 578 3147 649 τὴν
3179 577 3342 631 αὐτοῦ
3378 575 3536 645 φύσιν
3562 577 3698 645 ὅπερ

2123 673 2453 743 ἐτύγχανεν,
2480 672 2539 739 ἐξ
2586 671 2797 728 ἰδιώτου
2841 670 2978 742 πρὸς
3021 670 3243 741 βασιλέα
3298 667 3693 740 μετατιθείσης.

2124 768 2190 821 Τί
2221 764 2314 821 οὖν
2362 766 2560 837 μᾶλλον
2589 766 2677 821 διὰ
2705 766 2908 820 τούτων
2942 765 3006 819 τὸ
3048 764 3378 834 πεποιῆσθαι
3424 762 3519 817 τοῦ
3563 760 3697 815 Υίοῦ

2124 859 2223 928 τὴν
2251 858 2437 911 οὐσίαν
2480 856 2948 920 κατασκευάζεται
2970 895 2986 918 ,
3021 856 3091 919 εί,
3131 854 3311 919 καθώς
3345 870 3509 925 φησιν
3532 852 3560 904 ὸ
3592 853 3697 904 Εὐ-

2124 951 2331 1022 νόμιος,
2360 953 2421 1004 ἐν
2448 952 2587 1023 ἀρχῇ
2618 951 2781 1004 αὐτὸν
2813 952 2961 1013 ὅντα,
2997 949 3091 1002 καὶ
3119 948 3251 1001 Θεὸν
3282 947 3441 1013 ὄντα,
3466 946 3561 1000 καὶ
3588 946 3699 998 Κύ-

2128 1062 2241 1116 ριον
2260 1086 2272 1103 ,
2308 1045 2399 1098 καὶ
2427 1043 2657 1115 Χριστὸν
2677 1046 2705 1098 ὁ
2726 1044 2856 1106 Θεὸς
2894 1043 3178 1111 ἐποίησεν;
3213 1040 3278 1094 Ἠ
3302 1040 3411 1111 γὰρ
3445 1039 3700 1109 κυριότης

2125 1137 2245 1207 οὐχὶ
2296 1138 2483 1198 οὐσίας
2529 1136 2721 1206 ὄνομα,
2779 1135 2892 1188 ἀλλ’
2945 1133 3190 1201 ἐξουσίας
3219 1132 3366 1197 ἐστὶ,
3399 1132 3557 1201 καὶὴ
3604 1129 3699 1183 τοῦ
3730 1163 3773 1177 --

2126 1230 2361 1303 Χριστοῦ
2389 1230 2725 1301 προσηγορία
2747 1230 2844 1299 τὴν
2867 1229 3142 1299 βασιλείαν
3166 1227 3517 1290 ἐνδείκνυται,
3543 1226 3700 1289 ἀλλος

2125 1325 2184 1379 δὲ
2216 1324 2316 1393 τῆς
2351 1323 2655 1393 βασιλείας,
2702 1322 2795 1375 καὶ
2834 1321 3020 1394 ἕτερος
3068 1322 3096 1372 ὁ
3132 1319 3234 1389 τῆς
3266 1317 3480 1388 φύσεως
3520 1316 3696 1384 λόγος.

2139 1417 2300 1470 Ἀλλά
2331 1415 2436 1487 μὴν
2470 1414 2643 1469 ταῦτα
2672 1416 2798 1485 περὶ
2824 1415 2914 1466 τὸν
2940 1414 3068 1467 Υίὸν
3091 1413 3184 1466 τοῦ
3217 1409 3351 1465 Θεοῦ
3376 1408 3701 1480 γεγενῆσθαί

2128 1524 2292 1577 φησιν
2343 1508 2377 1578 ἡ
2421 1506 2632 1576 Γραφή.
2680 1506 2888 1559 Οὐκοῦν
2936 1503 3361 1574 ἐπισκεψώμεθα
3405 1502 3467 1555 τὸ
3502 1500 3701 1571 μᾶλλον

2127 1600 2350 1663 εὐσεϐὲς
2389 1601 2482 1653 καὶ
2524 1599 2832 1653 ἀκόλουθον.
2883 1599 3015 1651 Τίνα
3062 1598 3203 1651 κατὰ
3235 1594 3517 1669 προκοπὴν
3570 1611 3701 1666 μετ-

2130 1691 2272 1761 έχειν
2302 1692 2443 1752 τινὸς
2476 1693 2584 1745 τῶν
2615 1691 2959 1763 ὑψηλοτέρων
2992 1690 3182 1758 εὐαγές
3228 1690 3343 1741 ἐστι
3373 1687 3587 1755 λέγεινς
3609 1684 3701 1737 τὸν

2130 1784 2281 1845 Θεὸν,
2315 1783 2348 1853 ἢ
2379 1784 2469 1835 τὸν
2502 1783 2824 1854 ἀνθρωπον;
2859 1781 2954 1844 Τίς
2985 1780 3127 1833 οὕτω
3156 1783 3280 1841 παῖς
3316 1782 3413 1848 τὴν
3443 1778 3697 1839 διάνοιαν,

2131 1879 2207 1941 ώς
2254 1876 2461 1931 οἴεσθαι
2511 1876 2571 1928 τὸ
2613 1868 2769 1929 Θεῖον
2816 1876 2881 1928 ὲκ
2926 1872 3241 1944 προσθήκης
3274 1872 3365 1923 ἐπὶ
3410 1869 3470 1921 τὸ
3500 1868 3701 1922 τέλειον

2132 1969 2423 2038 φέρεσθαι;
2453 1965 2589 2037 Περ)⁸
2616 1965 2672 2019 δὲ
2699 1965 2798 2035 τῆς
2826 1964 3173 2033 ἀνθρωπίνης
3202 1961 3413 2029 φύσεως
3442 1959 3502 2013 τὸ
3529 1958 3703 2013 τοιοῦ-

2130 2078 2219 2113 τον
2257 2060 2536 2121 ὑπονοεῖν,
2580 2058 2680 2111 οὐκ
2726 2058 2830 2122 ἔξω
2860 2057 2953 2111 τοῦ
2999 2057 3204 2117 εἰκότος
3233 2055 3380 2119 ἐστὶ,
3415 2052 3601 2120 σαφῶς
3622 2049 3702 2121 τῷ

2130 2151 2321 2222 Κυρίῳ
2353 2152 2451 2222 τῆς
2476 2150 2570 2203 τοῦ
2620 2149 2951 2219 Εὑαγγελίου
2992 2151 3174 2219 φωνῆς
3199 2148 3296 2219 τὴν
3337 2144 3479 2198 κατά
3504 2144 3565 2196 τὸ
3605 2144 3701 2196 ἀν-

2131 2242 2399 2313 θρώπινον
2441 2241 2669 2311 αὔξησιν
2717 2239 3279 2311 προσμαρτυρούσης’
3326 2235 3554 2303 Ἰησοῦς
3594 2228 3702 2296 γὰρ

2129 2334 2494 2401 προέκοπτε,
2523 2331 2709 2402 φησὶν,
2744 2331 2949 2399 ἡλικίᾳ
2990 2330 3088 2383 καὶ
3134 2329 3322 2398 σοφίᾳ
3364 2326 3463 2381 καὶ
3490 2324 3699 2395 χάριτι.

2130 2425 2196 2477 Τί
2226 2425 2406 2478 τοίνυν
2448 2423 2812 2494 εὐλογώτερόν
2850 2424 2998 2475 ἐστιν
3038 2425 3102 2475 ὲκ
3129 2421 3231 2491 τῆς
3279 2418 3374 2472 τοῦ
3410 2416 3701 2472 ἀποστόλου

2133 2516 2316 2585 φωνῆς
2348 2515 2732 2579 ύποτίθεσθαις
2764 2513 2857 2567 τὸν
2888 2515 2946 2566 ἐν
2978 2515 3117 2585 ἀρχῇ
3145 2513 3273 2565 ὄντα
3298 2511 3450 2571 Θεὸν,
3478 2509 3541 2561 ὲκ
3571 2524 3703 2576 προ-

2131 2610 2306 2677 κοπῆς
2336 2606 2541 2679 Κύριον
2566 2606 2836 2675 γενέσθαι,
2874 2605 2907 2677 ἢ
2939 2605 2998 2658 τὸ
3020 2603 3273 2657 ταπεινὸν
3302 2602 3397 2672 τῆς
3426 2598 3702 2672 ἀνθρωπί-

2096 2704 2103 2707 “
2131 2715 2228 2769 νης
2260 2696 2493 2765 φύσεως,
2528 2698 2591 2750 ὲκ
2628 2696 2728 2765 τῆς
2766 2696 2900 2766 πρὸς
2936 2695 2998 2749 τὸ
3025 2696 3175 2749 Θεῖον
3205 2692 3505 2757 κοινωνίας,
3541 2693 3620 2755 είς
3643 2692 3706 2743 τὸ

2132 2788 2261 2858 {aQ/oc.
2306 2789 2403 2857 τῆς
2448 2787 2605 2853 ἀξίας
2658 2787 3165 2858 ἀναλαμϐάνεσθαις
3199 2786 3309 2840 Καὶ
3349 2784 3458 2855 γὰρ
3495 2785 3523 2836 ὁ
3570 2800 3707 2852 προ-

2131 2885 2307 2953 φήτης
2347 2879 2511 2933 Δαϐὶδ
2550 2880 2627 2943 ὡς
2660 2883 2724 2933 ὲκ
2768 2878 3059 2951 προσώπου
3104 2878 3199 2932 τοῦ
3241 2878 3444 2948 Κυρίου
3506 2875 3703 2947 φησὶν,

2129 2975 2211 3028 ὅτι
2249 2971 2397 3042 Ἐγὼ
2422 2972 2491 3025 δὲ
2514 2972 2891 3039 κατεστάθην
2908 2970 3209 3037 ,βασιλεὺς
3230 2972 3331 3024 ὑπ’
3365 2968 3575 3024 αὐτοῦ’
3600 2986 3704 3020 πα-

2134 3065 2431 3139 ραπλήσιον
2473 3064 2646 3133 λέγων
2667 3063 2766 3134 τῷ,
2798 3065 3029 3136 Χριστὸς
3071 3064 3353 3135 ἐγενόμην.
3399 3063 3510 3116 Καὶ
3547 3062 3707 3115 πάλιν

454 3172 572 3209 rum
608 3166 818 3207 tuorum
846 3154 914 3206 '7.
952 3150 1098 3205 Idem
1127 3164 1248 3203 cum
1302 3148 1461 3203 Petro
1491 3148 1699 3212 dicens,
1768 3146 2029 3201 Dominus

2135 3156 2211 3221 ὼς
2235 3158 2300 3209 ὲκ
2328 3155 2421 3209 τοῦ
2451 3155 2666 3226 Πατρὸς
2693 3155 2829 3228 πρὸς
2879 3154 2971 3208 τὸν
3019 3154 3250 3225 Κύριον,
3285 3151 3705 3220 Κατακυρίευδ,

455 3249 554 3303 ﬁas
632 3246 974 3301 inimicorum
1054 3253 1291 3296 tuorum.
1352 3240 1817 3305 Quemadmodum
1870 3241 2033 3308 igitur

453 3340 608 3407 regni
643 3337 969 3393 constitutio
1027 3350 1136 3389 non
1168 3334 1420 3389 essentize
1458 3332 1731 3403 signiﬁcat
1779 3341 2035 3387 constru-

455 3431 713 3489 ctionem,
753 3429 846 3484 sed
895 3428 962 3482 ad
1006 3427 1327 3496 dignitatem
1377 3424 1807 3496 provectionem,
1847 3431 1902 3478 et
1940 3425 2033 3494 qui

450 3520 605 3591 jubet
639 3518 931 3580 dominari,
973 3532 1084 3570 non
1117 3525 1248 3570 tunc
1283 3516 1420 3579 ﬁeri,
1455 3512 1599 3583 quod
1653 3529 1760 3567 non
1792 3523 1908 3568 erat
1945 3514 2035 3581 ju-

455 3610 568 3673 bet,
600 3609 693 3665 sed
722 3608 775 3663 ei
812 3607 904 3676 qui
936 3615 1021 3662 est
1050 3615 1240 3660 contra
1272 3605 1503 3661 rebelles
1550 3603 1647 3657 dat
1694 3604 1983 3674 imperium
2019 3621 2035 3657 :

457 3704 538 3758 sic
576 3703 767 3757 beatus
797 3699 989 3755 Petrus
1011 3699 1313 3765 Christum,
1346 3698 1449 3752 hoc
1468 3703 1553 3752 est
1579 3711 1763 3767 regem
1792 3696 2035 3749 omnium

458 3796 667 3851 factum
699 3807 824 3849 esse
865 3807 989 3847 cum
1012 3792 1170 3855 dicit,
1200 3790 1421 3860 adjecit,
1449 3791 1650 3859 ipsum,
1681 3798 1741 3842 ut
1766 3788 1832 3842 ab
1854 3804 2040 3843 essm-

458 3887 616 3951 tia,et
637 3884 723 3939 his
744 3896 868 3953 quae
901 3882 955 3936 in
978 3881 1081 3935 hac
1113 3888 1434 3951 spectantur
1458 3887 1674 3948 separet
1705 3893 2037 3934 sermonem.

458 3991 583 4031 cum
610 3976 753 4031 enim
780 3983 924 4030 esset
958 3972 1013 4027 id
1071 3972 1215 4042 quod
1244 3982 1346 4035 est,
1379 3987 1502 4041 quae
1531 3971 1676 4026 dicta
1717 3979 1849 4025 sunt
1889 3970 2037 4025 fecit.

462 4067 518 4121 Si
559 4066 725 4138 igitur
762 4064 845 4120 fas
883 4073 1029 4119 esset
1062 4064 1116 4116 in
1167 4064 1607 4133 supereminente
1634 4070 1829 4116 natura
1860 4063 2042 4117 dicere

461 4158 667 4228 aliquid
701 4156 814 4211 ﬁeri
845 4171 940 4226 per
961 4154 1263 4225 profectum
1283 4163 1337 4209 et
1376 4161 1749 4223 augmentum,
1779 4155 1940 4223 quale
1973 4169 2037 4207 ex

461 4249 675 4321 privato
707 4262 911 4317 regem,
941 4263 1009 4301 ex
1047 4245 1237 4299 humili
1271 4246 1569 4307 excelsum,
1588 4251 1643 4297 et
1669 4260 1736 4298 ex
1761 4259 1919 4304 servo
1942 4245 2041 4297 do-

463 4340 669 4393 minum
703 4355 716 4391 :
760 4338 994 4390 fortasse
1015 4336 1177 4389 etiam
1218 4350 1407 4389 vocem
1434 4332 1580 4387 Petri
1616 4334 1811 4387 divina:
1842 4335 2044 4403 Unige-

462 4430 563 4485 niti
598 4429 848 4483 essentne
880 4428 1099 4482 deceret
1158 4426 1596 4480 accommodare.
1630 4424 1901 4490 Quoniam
1940 4441 2041 4478 au-

2134 3247 2319 3317 φησὶν,
2344 3247 2415 3299 ἐν
2439 3244 2604 3315 μέσῳ
2636 3244 2753 3297 τῶν
2782 3243 3013 3315 ἐχθρῶν
3037 3261 3153 3298 σου
3172 3261 3185 3274 ο
3218 3243 3411 3296 ταυτὸν
3442 3241 3612 3310 λέγων
3632 3240 3709 3310 τῷ
3814 3254 3825 3261 ‘

2133 3338 2348 3408 Πέτρῳ,
2373 3335 2452 3401 τὸ,
2471 3336 2674 3405 Κύριος
2694 3336 2843 3403 γίνου
2867 3335 2973 3388 τῶν
2998 3332 3206 3406 ἐχθρῶν
3229 3351 3343 3387 σου.
3375 3333 3586 3404 Ὥσπερ
3606 3334 3713 3385 τοί-

2132 3447 2227 3484 νυν
2258 3430 2291 3499 ἡ
2312 3429 2411 3498 τῆς
2435 3427 2708 3497 βασιλείας
2733 3427 2986 3496 σημαίνει
3007 3427 3362 3488 κατάστασις,
3385 3424 3444 3476 οὐ
3474 3423 3573 3495 τὴν
3609 3424 3709 3493 τῆς

2134 3522 2325 3584 οὐσίας
2346 3518 2711 3590 κατασκευὴν,
2742 3518 2877 3573 ἀλλὰ
2895 3519 2992 3590 τὴν
3020 3520 3099 3582 εἰς
3131 3518 3189 3570 τὸ
3218 3516 3434 3588 ἀξίωμα
3464 3516 3709 3583 πρόοδον,

2137 3615 2235 3667 καὶ
2261 3616 2288 3666 ὁ
2310 3610 2731 3683 κατακυριεύειν
2757 3612 3195 3681 ἐγκελευόμενος,
3225 3611 3285 3662 οὐ
3324 3610 3441 3663 τότε
3466 3610 3712 3678 γίνεσθαι

2136 3704 2198 3755 τὸ
2234 3705 2307 3773 μὴ
2332 3702 2393 3755 ὃν
2418 3701 2666 3764 κελεύει,
2695 3700 2830 3755 ἀλλά
2856 3700 2931 3771 τῷ
2950 3702 3064 3754 ὄντι
3094 3700 3276 3753 δίδωσι
3306 3700 3403 3769 τὴν
3434 3698 3577 3753 κατά
3605 3699 3710 3751 τῶν

2140 3792 2507 3847 ἀπειθούντων
2557 3794 2766 3864 ἀρχήν·
2815 3792 2957 3845 οὕτω
2988 3795 3080 3846 καὶ
3112 3793 3145 3845 ὁ
3190 3791 3459 3863 μακάριος
3507 3792 3711 3861 Πέτρος

2141 3886 2399 3957 Χριστὸν.
2412 3885 2556 3938 τοῦτ’
2576 3885 2688 3938 ἔστι
2712 3883 2933 3954 βασιλέα
2950 3885 3165 3939 πάντων
3182 3882 3505 3954 γεγενῆσθαι
3520 3882 3710 3951 λέγων,

2140 3977 2446 4049 προσέθηκε
2488 3977 2570 4040 τὸ,
2599 3978 2758 4030 αὐτὸν
2778 4018 2793 4043 ,
2824 3978 2913 4030 ἵνα
2939 3976 3145 4047 χωρίσῃ
3180 3976 3279 4047 τῆς
3301 3993 3361 4027 τε
3394 3974 3579 4037 οὐσίας
3621 3976 3713 4027 καὶ

2138 4070 2250 4122 τῶν
2273 4070 2401 4139 περὶ
2430 4068 2634 4138 ταύτην
2673 4068 3059 4138 θεωρουμένων
3086 4067 3176 4121 τὸν
3200 4067 3375 4135 λύγον.
3414 4068 3579 4119 Ὄντα
3604 4064 3713 4133 γὰρ

2140 4160 2278 4229 ὅπερ
2307 4159 2441 4220 ἐστὶ,
2472 4158 2540 4211 τὰ
2571 4159 2837 4231 εἰρημένα
2877 4158 3150 4228 ἐποίησεν.
3182 4158 3246 4211 Εἰ
3279 4159 3376 4228 μὲν
3400 4154 3492 4210 οὖν
3520 4156 3714 4223 εὐαγὲς

2140 4248 2209 4325 ἦν
2244 4252 2336 4305 ἐπὶ
2378 4253 2477 4322 τῆς
2520 4251 2892 4322 ὑπερεχούσης
2918 4251 3131 4320 φύσεως
3169 4251 3229 4303 τὸ
3260 4250 3398 4305 κατά
3436 4250 3715 4321 προκοπήν

2142 4362 2193 4397 τι
2230 4343 2484 4411 γενέσθαι
2529 4344 2736 4411 λέγειν,
2770 4339 2883 4396 οἷον
2910 4343 2969 4406 ἐξ
3000 4342 3205 4395 ἰδιώτου
3258 4341 3498 4411 βασιλέα,
3534 4342 3623 4394 καὶ
3651 4342 3713 4392 ἐκ

2143 4430 2401 4485 ταπεινοῦ
2440 4432 2674 4502 ὑψηλὸν,
2728 4433 2820 4485 καὶ
2868 4434 2931 4484 ἐκ
2976 4430 3162 4483 δούλου
3210 4430 3431 4501 κύριον,
3477 4429 3712 4499 ἔπρεπεν

463 4529 571 4574 tem
599 4519 781 4573 divina
800 4526 997 4572 natura
1028 4516 1395 4587 quodcunque
1422 4529 1661 4585 unquam
1683 4531 1805 4569 esse
1834 4517 2034 4570 credita

2144 4524 2274 4587 ἴσως
2305 4524 2397 4576 καὶ
2425 4523 2524 4593 τὴν
2555 4522 2654 4574 τοῦ
2705 4524 2910 4591 Πέτρου
2951 4523 3134 4591 φωνὴν
3156 4524 3222 4592 ’τῇ
3255 4522 3375 4591 θείᾳ
3403 4520 3495 4573 τοῦ
3539 4522 3711 4573 Μονο-

462 4619 567 4673 est,
603 4624 820 4679 semper
872 4607 1060 4662 eodem
1101 4608 1261 4660 modo
1291 4623 1349 4662 se
1384 4607 1567 4668 habet,
1625 4608 1770 4659 omni
1823 4608 2039 4676 quidem

466 4701 784 4754 accessione
835 4701 1104 4769 superior,
1164 4698 1563 4752 innninutionis
1619 4714 1751 4752 vero
1809 4715 1916 4752 non
1962 4708 2045 4752 est

465 4807 637 4861 capax
690 4806 915 4846 necesse
946 4790 1170 4843 omnino
1202 4797 1309 4851 est,
1363 4789 1427 4841 ad
1462 4789 1514 4842 id
1553 4790 1699 4857 quod
1745 4790 2040 4843 humanum

465 4891 570 4944 est,
624 4897 931 4938 sermonem
969 4895 1229 4935 revocare
1256 4897 1271 4946 ;
1304 4880 1396 4949 qui
1428 4880 1572 4934 enim
1605 4879 1745 4935 Deus
1778 4879 2057 4955 Verbum,

465 4974 610 5044 quod
657 4974 873 5041 quidem
925 4981 1042 5027 erat
1078 4973 1131 5025 in
1167 4972 1454 5041 principio,
1515 4972 1618 5025 hoc
1683 4972 1846 5024 etiam
1898 4988 2043 5025 nunc

464 5076 568 5128 est,
594 5066 727 5119 etin
775 5075 1036 5119 aeternum
1084 5076 1381 5135 permanet.
1419 5065 1648 5132 Semper
1671 5061 1806 5125 Rex,
1832 5081 2047 5134 semper

465 5155 1083 5216 Dominus.Altissimus
1125 5172 1340 5226 semper
1374 5164 1427 5209 et
1482 5154 1645 5217 Deus,
1684 5155 1817 5207 nihil
1850 5156 2043 5210 horum

465 5266 533 5305 ex
564 5248 811 5318 profectu
844 5247 1046 5311 factus,
1075 5248 1169 5303 sed
1202 5248 1385 5302 omnia
1408 5247 1499 5317 qui
1528 5254 1611 5301 est
1643 5247 1696 5300 in
1726 5251 1963 5317 potentia
1994 5258 2049 5303 et

464 5342 666 5396 virtute
694 5349 921 5404 naturze,
948 5355 1286 5411 quacunque
1306 5341 1469 5394 etiam
1497 5339 1775 5393 dicuntur.
1802 5338 2047 5392 Humana

466 5450 596 5489 vero
646 5441 862 5494 natura,
922 5449 1019 5503 per
1082 5434 1511 5503 assumptionem
1572 5434 1637 5486 ad
1707 5432 2045 5485 divinitatem

466 5526 724 5588 ch'Itata,
759 5525 904 5579 aliud
936 5526 1066 5594 quid
1100 5540 1225 5578 cum
1267 5534 1433 5587 esset,
1466 5533 1520 5578 et
1544 5523 1690 5576 aliud
1721 5522 1849 5592 quid
1882 5522 2044 5585 facta,

468 5618 686 5694 proerie
715 5626 767 5673 et
794 5634 920 5674 vere
939 5618 1194 5673 Christus
1211 5624 1264 5671 et
1296 5616 1558 5671 Dominus
1588 5615 1728 5667 facta
1760 5629 1881 5667 esse
1907 5613 2047 5666 dici-

543 5800 589 5833 "
618 5797 749 5855 Luc.
792 5814 849 5865 ιι,
881 5799 969 5854 52.
1048 5799 1093 5831 ¹⁰
1123 5796 1268 5852 Psal.
1304 5810 1365 5861 ιι,
1399 5794 1452 5850 6.
1538 5795 1582 5825 ⁸⁷
1617 5793 1756 5848 Psal.
1788 5809 1899 5858 cu,
1940 5792 1992 5845 2.

2146 4611 2337 4680 γενούς
2369 4612 2697 4682 ἐφαρμόζειν
2714 4612 2889 4681 οὐσίᾳ.
2921 4612 3072 4664 Ἐπεὶ
3097 4612 3152 4664 δὲ
3172 4612 3233 4664 τὸ
3259 4612 3412 4664 Θεῖον
3443 4611 3471 4663 ὃ
3495 4611 3547 4663 τί
3586 4626 3713 4662 ποτε

2148 4702 2285 4758 εἶναι
2309 4703 2684 4767 πεπίστευται,
2714 4702 2942 4754 πάντοτε
2970 4701 3231 4765 ὡσαύτως
3259 4699 3716 4770 ἕχει,προσθήκης

2152 4794 2250 4864 μὲν
2301 4794 2481 4862 πάσης
2534 4790 2835 4861 ἀνώτερον,
2892 4790 3166 4861 μειώσεως
3219 4790 3276 4843 δὲ
3339 4790 3713 4853 ἀνεπίδεκτον,

2148 4884 2358 4953 ἀνάγκη
2393 4885 2543 4936 πᾶσα
2572 4882 2707 4953 πρὸς
2748 4883 2807 4933 τὸ
2852 4882 3188 4951 ἀνθρώπινον
3220 4882 3372 4951 ἄγειν
3399 4883 3491 4935 τὸν
3539 4883 3715 4950 λόγον.

2159 4976 2216 5025 Ὀ
2245 4974 2350 5043 γάρ
2374 4972 2503 5034 Θεὸς
2536 4972 2734 5039 Λόγος,
2762 4972 2897 5043 ὅπερ
2919 4974 2976 5023 ὲν
3005 4972 3145 5042 ἀρχῇ
3190 4966 3279 5041 ἦν,
3309 4971 3470 5024 τοῦτο
3499 4974 3592 5025 καὶ
3624 4973 3719 5025 νῦν

2148 5066 2283 5127 ἐστι,
2315 5065 2409 5117 καὶ
2441 5065 2612 5117 εἰσαεὶ
2634 5063 2895 5134 διαμένει.
2938 5065 3046 5116 Ἀεὶ
3073 5064 3340 5134 βασιλεὺς,
3380 5065 3465 5117 ἀεὶ
3495 5063 3716 5133 Κύριος,

2151 5155 2412 5224 ’Ύψιστος
2439 5156 2524 5206 ἀεὶ
2555 5154 2648 5207 καὶ
2676 5154 2826 5216 Θεὸς,
2855 5154 3005 5206 οὐδὲν
3027 5156 3230 5207 τούτων
3255 5157 3320 5206 ἐκ
3336 5157 3615 5226 προκοπῆς
3631 5171 3721 5221 γε-

2149 5248 2394 5318 νόμενος,
2432 5247 2566 5299 ἀλλὰ
2596 5247 2773 5300 πάντα
2808 5247 2884 5299 ὢν
2909 5250 2966 5299 ἐν
2990 5250 3054 5317 τῇ
3087 5248 3311 5317 δυνάμει
3351 5246 3450 5315 τῆς
3483 5245 3718 5314 φύσεως,

2151 5340 2251 5392 ὅσα
2283 5340 2376 5391 καὶ
2404 5338 2642 5406 λέγεται.
2685 5340 2745 5392 Ὀ
2782 5339 2837 5392 δὲ
2869 5339 2927 5406 ἐξ
2964 5338 3248 5409 ἀνθρώπου
3278 5339 3364 5392 διὰ
3394 5339 3493 5408 τῆς
3526 5336 3723 5406 ἀναλή-

2149 5430 2297 5499 ψεως
2325 5430 2461 5501 πρὸς
2478 5431 2539 5482 τὸ
2564 5430 2716 5483 Θείον
2741 5430 2993 5500 ὑψωθεὶς,
3015 5430 3143 5483 ἄλλο
3165 5447 3217 5482 τι
3244 5429 3339 5495 ὢν,
3370 5430 3464 5483 καὶ
3492 5428 3617 5482 ἄλλο
3636 5444 3723 5494 γι-

2154 5524 2375 5595 νόμενος
2404 5565 2419 5584 ,
2472 5526 2673 5597 κυρίως
2724 5528 2819 5581 καὶ
2862 5526 3075 5596 ἀληθῶς
3117 5524 3349 5596 Χριστὸς
3387 5525 3481 5577 καὶ
3524 5521 3723 5591 Κύριος

2158 5616 2485 5686 γεγενῆσθαι
2519 5618 2753 5685 λέγεται.
2805 5618 2895 5671 Ἐκ
2928 5617 3111 5671 δούλου
3161 5617 3268 5687 γὰρ
3296 5615 3457 5669 αὐτὸν
3500 5612 3724 5682 Κύριον,
