4138 6364
524 390 627 444 139
1758 385 1813 439 5.
1850 383 2178 442 CltEGORlI
2223 387 2516 442 NYSSENI
3668 392 3772 449 710

592 509 859 577 Quoniam
897 515 1075 561 autem
1106 505 1181 559 ait
1228 504 1543 565 Eunomius.
1580 521 1775 562 nomen
1832 510 1954 571 hoc,
1991 508 2096 562 Do-
2126 519 2171 570 Α

2132 519 2171 570 Α
2283 512 2432 564 Ἐπεὶ
2466 511 2521 564 δέ
2556 526 2687 583 φησι
2727 513 2823 583 τὴν
2887 513 3097 580 Κύριος
3126 511 3267 577 λέξιν
3323 506 3423 581 τῆς
3453 514 3640 577 οὐσίας
3674 514 3766 568 τοῦ

522 607 725 667 minus,
778 600 847 656 de
902 597 1138 654 essentia
1199 595 1498 667 Unigeniti,
1558 614 1667 653 non
1725 600 1792 654 de
1839 600 2098 670 dignitate

2198 604 2564 671 Μονογενοῦς,
2620 606 2681 658 οὐ
2710 605 2809 675 τῆς
2852 604 3006 668 ἀξίας
3034 604 3488 675 κατηγορεῖσθαι·
3540 608 3633 659 καὶ
3676 608 3767 659 τὸν

519 690 831 753 enuntiari,
891 701 1055 757 atque
1107 687 1427 755 Apostolum
1462 688 1529 741 ad
1562 690 1674 742 haec
1726 697 1919 743 testem
1968 690 2100 744 citat

2210 694 2527 747 Ἀπόστολον
2546 694 2755 759 τούτοις
2782 697 3207 768 ὲπιμαρτύρεται
3234 697 3457 765 λέγοντα
3490 704 3625 771 πρὸς
3659 702 3766 755 Κο-

517 791 788 845 dicentem
839 787 905 840 ad
941 786 1253 840 Corinthios
1288 804 1299 839 :
1355 784 1613 838 Dominus
1661 795 1837 839 autem
1865 785 2097 853 Spiritus

2199 783 2453 852 priou;°
2494 786 2556 837 '0
2587 785 2654 838 δὲ
2673 787 2908 854 Κύριος,
2932 788 2999 840 τὸ
3030 787 3269 857 Πνεῦμά
3295 790 3492 845 ἐστιν·
3520 791 3768 861 εὐκαιρον

518 891 596 936 est
634 883 677 946 ¹,
711 888 1077 949 opportumun
1107 877 1327 945 quidem
1381 875 1563 938 fuerit,
1593 891 1767 944 neque
1800 877 1945 930 hunc
1978 876 2097 944 ejus

2198 871 2264 924 ἂν
2321 872 2404 942 εἴη
2461 873 2596 945 μηδὲ
2643 873 2845 944 ταύτην
2904 874 3069 928 αὐτοῦ
3122 876 3220 945 τὴν
3274 876 3476 947 πλάνην
3512 878 3766 948 περιιδεῖν

517 986 757 1028 errorem
789 971 1153 1024 incorrectum
1182 968 1480 1036 despicere.
1513 968 1807 1022 Dictionem
1836 968 2095 1021 Dominus

2197 962 2540 1034 ἀδιόρθωτον.
2561 965 2671 1035 Τὴν
2692 966 2905 1034 Κύριος
2926 963 3069 1030 λέξιν
3091 967 3187 1036 τῆς
3210 966 3396 1030 οὐσίας
3414 963 3550 1020 εἶναι
3569 985 3767 1038 σημαν-

517 1063 770 1118 essentiae
787 1058 1205 1130 signiﬁcativam
1230 1059 1447 1121 asserit,
1471 1066 1524 1112 et
1543 1058 1609 1113 ad
1637 1058 1801 1127 hujus
1822 1060 2096 1130 Opinionis

2194 1052 2349 1123 τικὴν
2372 1052 2696 1123 διορίζεται,
2742 1056 2834 1107 καὶ
2867 1057 2946 1118 εἰς
2997 1055 3268 1123 ἀπόδειξιν
3309 1056 3409 1125 τῆς
3448 1057 3766 1128 ὑπολήψεως

518 1151 1061 1212 demonstrationem,
1128 1149 1333 1203 dictum
1372 1163 1679 1202 sermonem
1739 1148 1979 1204 adducit.
2015 1148 2098 1202 Vi-

2194 1143 2397 1214 ταύτης
2425 1145 2618 1212 ἐπάγει
2646 1146 2735 1198 τὸν
2769 1145 3002 1217 ρηθέντα
3027 1146 3205 1215 λόγον.
3240 1147 3465 1216 Ἰδωμεν
3502 1148 3679 1200 τοίνυν
3715 1148 3766 1202 ετ

516 1245 743 1298 deamus
775 1242 941 1312 igitur
977 1242 1023 1296 si
1080 1238 1212 1310 quid
1267 1254 1556 1292 commune
1593 1239 1755 1293 habet
1809 1240 1912 1294 hoc
1950 1240 2095 1310 quod

2192 1255 2244 1291 τι
2267 1238 2444 1291 κοινὸν
2477 1238 2634 1291 τοῦτο
2662 1241 3019 1309 προκείμενον
3049 1239 3181 1309 ἔχει.
3234 1240 3297 1292 '0
3325 1242 3535 1308 Κύριος
3554 1281 3568 1303 ,
3597 1241 3760 1311 φησὶ,

430 1323 433 1327 ’
516 1328 857 1398 proponitur.
892 1327 1171 1389 Dominus,
1201 1325 1395 1395 inquit,
1441 1324 1671 1394 Spiritus
1706 1336 1800 1381 est.
1833 1327 1932 1382 Hic
1966 1344 2064 1384 verr

2193 1328 2258 1382 τὸ
2290 1328 2529 1399 Πνεῦμά
2546 1331 2735 1384 ἐστιν.
2781 1331 2839 1385 '0
2865 1331 2921 1384 δὲ
2951 1331 3049 1403 τὴν
3076 1330 3296 1402 Γραφὴν
3327 1332 3460 1403 πρὸς
3487 1332 3548 1384 τὸ
3577 1332 3763 1385 δοκοῦν

518 1421 857 1489 Scripturam
890 1433 985 1487 pro
1020 1432 1121 1472 suo
1172 1416 1401 1470 arbitrio
1446 1432 1743 1485 exponens,
1796 1421 2092 1473 essentiam

2193 1422 2583 1494 ἐξηγούμενος,
2625 1424 2810 1478 οὐσίαν
2858 1424 3110 1496 ὀνομάζει
3151 1426 3249 1496 τὴν
3320 1426 3635 1497 κυριότητα,
3671 1426 3764 1479 καὶ

515 1512 760 1564 nominat
789 1511 1250 1575 dominationem;
1293 1521 1347 1565 et
1403 1526 1467 1565 ex
1510 1511 1578 1565 iis
1601 1526 1721 1579 qme
1767 1510 1910 1564 dieta
1942 1520 2091 1575 sunt,

2191 1515 2281 1568 διὰ
2324 1516 2432 1568 τῶν
2474 1519 2775 1587 εἰρημένων
2832 1517 2999 1571 οἴεται
3039 1518 3129 1572 τὸν
3183 1518 3340 1584 λόγον
3372 1522 3451 1581 είς
3492 1519 3762 1583 ἀπόδειξιν

515 1610 669 1673 putat
702 1603 767 1655 ad
799 1602 1167 1671 probationem
1200 1602 1567 1655 certam'hunc
1590 1616 1895 1655 sermonem
1923 1602 2093 1655 addu-

2194 1604 2363 1673 ἄγειν.
2411 1606 2549 1657 Ἀλλ’
2594 1608 2640 1659 εί
2684 1607 2781 1677 μὲν
2820 1609 3003 1678 εἴρητο
3033 1608 3183 1680 παρὰ
3215 1607 3307 1661 τοῦ
3350 1609 3581 1670 Παύλου,
3618 1610 3674 1662 '0
3705 1610 3762 1662 δὲ

513 1711 658 1751 cere.
688 1692 793 1749 Sed
825 1694 870 1748 si
900 1694 1103 1747 dictum
1140 1704 1286 1749 esset
1316 1710 1344 1747 a
1377 1693 1567 1759 Paulo,
1613 1694 1871 1748 Dominus
1903 1710 2093 1750 essen-

2192 1692 2395 1764 Κύριος
2415 1694 2569 1747 οὐσία
2597 1697 2762 1759 ἐστὶν,
2791 1698 2883 1749 καὶ
2907 1700 3066 1769 ἡμεῖς
3096 1700 3206 1761 τοῖς
3228 1698 3537 1768 λεγομένοις
3556 1699 3621 1752 ἂν
3642 1715 3762 1752 συνα

514 1790 588 1838 tia
616 1794 721 1849 est,
760 1800 862 1839 non
920 1785 1082 1839 etiam
1130 1786 1291 1840 dictis
1348 1786 1763 1840 assentiremur.
1820 1784 2088 1851 Quoniam

2192 1783 2518 1855 εδράμομεν.
2578 1786 2725 1839 Ἐπεὶ
2768 1786 2826 1839 δὲ
2866 1789 2894 1840 6
2938 1788 3035 1857 μὲν
3082 1787 3436 1852 θεόπνευστος
3498 1789 3651 1857 λόγος
3700 1789 3761 1842 τδ

512 1891 643 1931 vero
673 1892 703 1930 a
753 1875 860 1930 Deo
921 1877 1217 1944 inSpiratus
1282 1891 1463 1930 sermo
1494 1875 1784 1930 Dominum
1823 1876 2088 1945 Spiritum
2123 1869 2146 1928 ι

2126 1869 2164 1928 Β
2193 1877 2416 1946 Πνεῦμά
2454 1894 2616 1948 φησιν
2660 1875 2799 1931 εἶναι
2842 1879 2931 1932 τὸν
2971 1878 3172 1951 Κύριον
3198 1896 3211 1909 ·
3243 1881 3271 1931 6
3299 1881 3353 1934 δὲ
3381 1881 3639 1951 Εὐνόμιος
3668 1881 3760 1933 οὐ-

510 1983 635 2023 esse
681 1967 813 2021 dicit
860 1984 874 2021 :
932 1966 1233 2022 Eunomius
1281 1980 1412 2021 vero
1464 1967 1893 2021 dominationem
1953 1967 2088 2022 dicit

2194 1968 2315 2020 σίαν
2342 1966 2488 2036 λέγει
2530 1969 2629 2037 τὴν
2674 1970 2998 2040 κυριότητα·
3053 1971 3155 2023 οὐκ
3197 1966 3317 2024 οἴδα
3349 1971 3509 2023 πόθεν
3541 1972 3568 2022 6
3609 1970 3761 2040 λόγος

511 2062 840 2127 essentiam;
894 2060 1079 2114 nescio
1120 2058 1264 2113 unde
1318 2060 1425 2113 vim
1452 2070 1505 2114 et
1558 2060 1725 2114 robur
1749 2061 1870 2128 ejus
1907 2076 2091 2116 sermo

2191 2056 2338 2126 αὐτῷ
2364 2056 2460 2127 τὴν
2493 2058 2645 2128 ἰσχὺν
2684 2057 2817 2128 ἔχει,
2854 2062 2903 2112 εί
2948 2059 3022 2131 μὴ
3054 2060 3193 2129 τάχα
3230 2042 3393 2114 πάλιν¹
3417 2062 3509 2115 καὶ
3539 2060 3638 2131 τὴν
3666 2060 3759 2115 τοῦ

510 2154 685 2223 possit
705 2152 1037 2214 haberemisi
1071 2151 1206 2206 forte
1239 2167 1432 2207 rursus
1453 2151 1614 2205 etiam
1637 2152 1862 2221 spiritus
1890 2152 2091 2207 dictio-

2198 2148 2505 2219 πνεύματος
2554 2150 2697 2215 λέξιν
2750 2151 2871 2204 ἀντὶ
2918 2151 3019 2221 τῆς
3073 2153 3260 2218 οὐσίας
3308 2152 3455 2222 λέγοι
3508 2154 3659 2225 παρὰ
3691 2157 3757 2225 τῇ

512 2260 633 2299 nem
668 2260 697 2298 a
752 2242 1033 2315 Scriptura
1066 2245 1191 2314 poni
1240 2258 1339 2314 pro
1370 2245 1609 2300 essentia
1662 2244 1828 2299 dicat.
1884 2244 2091 2310 Quam-

2192 2239 2379 2310 Γραφῇ
2413 2239 2645 2293 κεῖσθαι.
2693 2242 3064 2313 Ἐξετάσωμεν
3107 2244 3285 2295 τοίνυν
3317 2244 3369 2296 εἴ
3415 2260 3514 2296 που
3554 2246 3619 2315 τῇ
3664 2244 3758 2297 τοῦ

510 2336 699 2391 obrem
730 2336 1072 2406 inquiramus
1100 2337 1384 2404 diligenter
1410 2344 1592 2389 utrum
1637 2336 1835 2390 alicubi
1865 2336 2091 2405 spiritus

2190 2332 2527 2400 πνεύματος
2565 2332 2706 2399 λέξει
2732 2334 3074 2403 χρησάμενος
3108 2336 3136 2387 6
3173 2333 3511 2397 Ἀπόστολος,
3545 2335 3642 2406 τὴν
3668 2336 3760 2389 οὐ-

510 2429 747 2483 dictione
780 2444 912 2483 usus
944 2428 1255 2497 Apostolus.
1278 2428 1577 2482 essentiam
1612 2443 1707 2497 per
1733 2428 1874 2481 hanc
1901 2442 2089 2481 vocem

2192 2422 2311 2474 σίαν
2362 2421 2451 2475 διὰ
2501 2424 2599 2494 τῆς
2645 2427 2826 2494 φωνῆς
2880 2424 3192 2488 ἐνεδείξατο.
3240 2426 3425 2490 Αὐτὸ,
3480 2429 3641 2497 φησὶ,
3693 2428 3760 2481 τὸ

510 2519 789 2575 indicavit.
828 2518 968 2588 Ipse,
998 2520 1192 2589 inquit,
1241 2518 1471 2588 Spiritus
1521 2528 1843 2573 contestatur
1878 2519 2091 2588 spiritui

2191 2512 2431 2582 Πνεῦμα
2458 2514 2871 2583 συμμαρτυρεῖ
2889 2514 2967 2580 τῷ
2986 2516 3273 2584 πνεύματι
3296 2515 3481 2584 ήμῶν·
3514 2518 3628 2583 καὶ,
3647 2520 3759 2572 Οὐ-

510 2625 690 2666 nostro
715 2614 735 2643 ’
758 2631 772 2678 ;
799 2621 874 2678 et,
908 2611 1106 2665 Nullus
1134 2612 1274 2666 novit
1304 2628 1419 2681 qua:
1446 2621 1567 2665 sunt
1590 2612 1813 2665 hominis
1841 2612 1945 2666 nisi
1982 2612 2092 2680 spi-

2189 2604 2314 2670 δεὶς
2359 2602 2481 2657 οἵδε
2519 2604 2590 2657 τὰ
2620 2605 2725 2659 τοῦ
2764 2606 3076 2674 ἀνθρώπου
3106 2610 3157 2660 εὶ
3190 2607 3277 2676 μὴ
3314 2609 3379 2661 τὸ
3429 2609 3662 2679 πνεῦμα
3694 2610 3758 2664 τὸ

510 2708 644 2759 ritus
673 2705 762 2773 qui
785 2712 860 2758 est
884 2705 938 2756 in
964 2719 1075 2772 ipso
1095 2703 1137 2768 ³;
1167 2711 1239 2765 et,
1264 2700 1466 2755 Littera
1495 2702 1703 2766 occidit,
1722 2702 1938 2770 spiritus
1964 2700 2092 2753 vivi-

2188 2696 2251 2749 ὲγ
2275 2696 2453 2761 αὐτῷ·
2484 2698 2596 2761 καὶ,
2624 2698 2693 2751 Τὸ
2718 2697 2949 2767 γράμμα
2968 2701 3322 2763 ἀποκτείνει,
3347 2701 3410 2754 τὸ
3434 2701 3501 2754 δὲ
3526 2702 3761 2771 πνεῦμα

508 2794 634 2864 ﬁcat
671 2793 722 2859 ⁸;
768 2801 842 2856 et,
897 2790 957 2846 Si
1003 2792 1189 2859 spiritu
1225 2790 1366 2859 facta
1394 2792 1570 2843 carnis
1619 2789 2087 2859 mortiﬁcaveritis,

2189 2786 2464 2847 ζωοποιεῖ·
2493 2789 2607 2853 καὶ,
2636 2790 2704 2841 El
2724 2790 3013 2858 πνεύματι
3041 2790 3147 2855 τὰς
3169 2790 3403 2857 πράξεις
3440 2792 3543 2845 τοῦ
3571 2791 3760 2862 σώμα-

507 2886 690 2940 vinetis
736 2884 796 2949 ';
853 2894 940 2945 et,
988 2884 1047 2938 Si
1092 2884 1282 2951 spiritu
1341 2883 1594 2946 vivimus,
1643 2882 1832 2951 spiritu
1879 2879 2091 2934 inceda-

2188 2894 2289 2945 τος
2336 2880 2680 2945 θανατοῦτε,
2720 2879 2946 2945 ζήσετε·
2979 2883 3090 2944 καὶ,
3127 2884 3195 2934 El
3224 2880 3407 2950 ζῶμεν
3441 2884 3756 2950 πνεύματι,

508 2992 626 3031 mus
665 2976 707 3029 ⁸.
761 2974 964 3044 Ecquis
1018 2973 1259 3043 Apostoli
1320 2988 1481 3028 voces
1514 2972 1579 3027 de
1612 2974 1715 3027 hac
1763 2988 1822 3027 re
1864 2987 2091 3026 enume»

2188 2975 2477 3042 πνεύματι
2499 2974 2597 3027 καὶ
2626 2974 2979 3044 στοιχῶμεν.
3010 2977 3116 3028 Καὶ
3134 2976 3213 3038 τίς
3241 2974 3306 3028 ἂν
3334 2974 3758 3046 ἐξαριθμήσαιτο

505 3069 678 3123 rando
706 3074 1025 3139 percenseat
1058 3106 1074 3131 ,
1136 3066 1188 3119 in
1216 3066 1414 3135 quibus
1444 3082 1537 3136 per
1606 3068 1745 3119 hanc
1786 3064 2084 3119 dictionem

2185 3064 2284 3126 τὰς
2320 3065 2413 3116 τοῦ
2465 3064 2785 3117 Ἀποστόλου
2822 3066 2949 3135 περὶ
2984 3064 3170 3117 τούτου
3205 3067 3384 3134 φωνάς
3407 3081 3421 3096 ⁸
3456 3069 3511 3118 ἐν
3549 3061 3634 3129 αἷς
3666 3068 3756 3119 οὐ-

502 3162 802 3217 essentiam
832 3160 1131 3230 signiﬁcari
1187 3175 1457 3229 nusquam
1506 3159 1913 3229 comperimus?
1948 3156 2082 3211 Nam
2115 3215 2136 3230 Ι

2124 3215 2152 3230 η
2187 3156 2359 3226 δαμοῦ
2389 3156 2486 3226 τὴν
2520 3156 2705 3209 οὐσίαν
2754 3157 2840 3210 διὰ
2865 3160 2963 3226 τῆς
3007 3156 3201 3223 λέξεως
3246 3157 3446 3227 ταύτης
3500 3174 3758 3228 σημαινσο

503 3248 598 3319 qui
631 3250 786 3313 dicit,
820 3215 968 3319 quuod
998 3250 1105 3317 ipse
1129 3215 1355 3316 Spiritus
1380 3215 1731 3301 testimonium
1763 3245 1855 3299 dat
1877 3248 2083 3314 spiritui
2112 3215 2137 3271 ί

2119 3215 2153 3271 c
2190 3215 2356 3319 μένην
2413 3215 2769 3320 εὐρίσκομενς
2827 3249 2884 3302 Ὀ
2919 3215 3042 3320 ’γὰρ
3079 3215 3302 3318 λέγων,
3351 3215 3440 3303 ὅτι*
3482 3215 3636 3305 Αὐτὸ
3688 3252 3753 3303 τὸ

504 3351 707 3405 nostro,
734 3341 869 3394 nihil
899 3339 1045 3393 aliud
1070 3340 1274 3393 indicat
1304 3347 1500 3408 praeter
1527 3339 1789 3406 Spiritum
1814 3348 2080 3402 sanctum,

2190 3340 2441 3409 Πνεῦμα
2489 3339 2904 3409 συμμαρτυρεῖ
2931 3339 3008 3405 τῷ
3033 3342 3320 3409 πνεύματι
3374 3341 3542 3410 ἡμῶν
3559 3381 3575 3405 ,
3603 3342 3756 3395 οὐδὲν

506 3438 563 3490 in
598 3442 777 3488 mente
808 3432 1045 3487 ﬁdelium
1078 3432 1324 3486 insitum.
1359 3431 1569 3485 Etenim
1602 3439 1834 3485 mentem
1859 3446 2084 3485 suorum

2184 3432 2366 3501 ἓτερον
2396 3432 2428 3503 ἢ
2461 3436 2520 3485 τὸ
2551 3434 2702 3501 ἅγιον
2729 3432 3056 3485 ἐνδείκνυται
3092 3434 3335 3504 Πνεῦμα,
3365 3434 3426 3486 τὸ
3452 3436 3516 3504 τῇ
3550 3433 3756 3505 διανοίᾳ

505 3540 819 3581 sermonum
869 3539 1012 3592 saepe
1061 3523 1315 3592 spiritum
1374 3525 1643 3582 nominat,
1677 3538 1797 3590 qua:
1819 3538 1941 3576 cum
1976 3522 2083 3591 spi-

2184 3524 2292 3575 τῶν
2317 3522 2520 3575 πιστῶν
2555 3523 2918 3591 ἐγγινόμενον.
2952 3524 3060 3574 Καὶ
3097 3523 3203 3593 γάρ
3237 3524 3331 3576 καὶ
3360 3523 3449 3575 τὸν
3470 3520 3594 3575 νοῦν
3628 3522 3755 3574 πολ-

505 3618 646 3672 ritus
685 3617 1125 3671 communionem
1186 3616 1417 3685 accepit,
1455 3615 1539 3669 his
1587 3616 1677 3685 qui
1738 3624 2082 3684 acceperunt,

2183 3612 2318 3683 λαχῆ
2364 3613 2471 3665 τῶν
2530 3613 2722 3667 ἑαυτοῦ
2770 3614 2943 3682 λόγων
2987 3613 3205 3683 πνεῦμα
3256 3614 3641 3684 κατονομάζει,
3690 3604 3752 3665 οὗ

503 3709 814 3778 adoptionis
885 3708 1123 3777 dignitas
1190 3708 1402 3762 accedit
1468 3726 1480 3761 :
1535 3716 1587 3762 et
1674 3708 1821 3769 hoc,
1888 3707 2082 3760 Nullus

2182 3704 2472 3774 δεξαμένου
2500 3706 2596 3777 τὴν
2617 3706 2896 3759 κοινωνίαν
2919 3706 3013 3758 τοῦ
3044 3707 3369 3776 πνεύματος,
3395 3704 3750 3776 παραγίνεται

502 3801 643 3854 novit
668 3818 729 3855 ea
753 3816 869 3871 qua:
884 3809 1003 3852 sunt
1028 3799 1278 3863 hominis,
1305 3800 1407 3853 nisi
1432 3800 1649 3868 spiritus
1667 3800 1754 3868 qui
1776 3808 1849 3852 est
1874 3799 1923 3850 in
1945 3798 2078 3866 ipso.

2181 3799 2295 3858 τοῖς
2344 3795 2651 3866 δεξαμένοις
2696 3798 2754 3851 τὸ
2800 3799 2897 3868 τῆς
2935 3797 3205 3861 υἱοθεσίας
3234 3797 3450 3866 ἀξίωμα
3481 3814 3494 3826 ·
3526 3796 3617 3849 καὶ
3665 3795 3746 3860 τὸ.

504 3890 561 3946 Si
596 3894 757 3945 etiam
815 3892 975 3945 homo
1010 3891 1076 3945 de
1132 3891 1389 3951 essentia,
1431 3898 1484 3944 et
1527 3891 1755 3957 spiritus
1807 3889 2078 3954 similiter,

2178 3887 2384 3951 Οὐδεὶς
2410 3884 2532 3939 οἶδε
2554 3888 2625 3941 τὰ
2654 3885 2757 3941 τοῦ
2784 3887 3120 3956 ἀνθρώπου,
3142 3890 3195 3941 εί
3215 3888 3301 3956 μὴ
3332 3888 3396 3940 τὸ
3418 3886 3651 3956 πνεῦμα
3680 3886 3748 3941 τὸ

501 3984 639 4037 duas
680 3984 950 4039 essentias
993 3983 1047 4037 in
1100 3982 1323 4037 homine
1369 3997 1492 4037 esse
1549 3998 1611 4035 ex
1650 3982 1717 4036 iis
1772 3997 1893 4052 quae
1936 3982 2081 4034 dicta

2182 3978 2250 4030 ἐν
2291 3977 2470 4042 αὐτῷ.
2508 3979 2569 4032 Ei
2603 3981 2746 4032 καὶὸ
2777 3978 3057 4049 ἄνθρωπος
3098 3978 3237 4031 κατὰ
3271 3978 3370 4047 τῆς
3400 3978 3614 4042 οὐσίας,
3654 3978 3750 4031 καὶ

501 4083 651 4137 sunt,
681 4075 967 4129 astruitur.
1024 4074 1127 4140 Qui
1154 4083 1334 4127 autem
1367 4073 1500 4127 dicit
1543 4074 1772 4128 litteram
1805 4072 2079 4136 occidere,

2181 4069 2240 4121 τὸ
2274 4069 2485 4139 πνεῦμα
2516 4070 2796 4134 ὡσαύτως,
2837 4070 2928 4123 δύο
2960 4071 3135 4124 οὐσίαι
3175 4072 3202 4123 6
3233 4069 3513 4139 ἄνθρωπος
3544 4072 3607 4123 ὲκ
3638 4069 3748 4123 τῶν

500 4168 753 4237 spiritum
786 4181 915 4221 vero
944 4166 1241 4228 viviﬁcare,
1262 4165 1446 4219 nescio
1481 4162 1752 4233 quomodo
1785 4162 2079 4217 essentiam

2180 4161 2478 4231 εἰρημένων
2524 4157 2664 4216 εἶναι
2707 4163 3190 4228 κατασκευάζεται.
3229 4163 3287 4215 '0
3320 4162 3376 4215 δὲ
3413 4164 3470 4214 τὸ
3515 4162 3749 4233 γράμμα

498 4259 695 4314 littera:
744 4258 968 4328 opponit
1024 4279 1035 4311 :
1082 4257 1165 4310 vel
1216 4270 1412 4310 rursus
1444 4254 1716 4325 quomodo
1785 4255 1872 4309 hic
1928 4262 2081 4323 putat

2178 4250 2350 4318 λέγων
2370 4249 3076 4316 ἁποκτεννύναι,ζωοποιεῖν
3100 4252 3155 4304 δὲ
3185 4251 3245 4304 τὸ
3274 4251 3505 4322 πνεῦμα,
3531 4253 3630 4304 οὐκ
3651 4250 3748 4304 οἷδ’

499 4347 726 4402 Paulum
780 4347 1074 4410 dicentem,
1114 4345 1308 4415 spiritu
1358 4354 1611 4413 oportere
1653 4343 1791 4398 facta
1830 4347 2078 4415 corporis

2179 4340 2324 4403 ὅπως
2361 4340 2545 4394 οὐσίαν
2587 4341 3000 4395 άντιδιαστέλλει
3042 4342 3118 4412 τῷ
3160 4341 3479 4413 γράμματιο
3516 4343 3547 4413 ἦ
3589 4342 3748 4395 πάλιν

498 4440 714 4500 tollere,
743 4438 809 4493 ad
831 4438 1124 4492 essentiam
1153 4437 1425 4491 adducere
1450 4438 1675 4506 spiritus
1693 4437 2075 4505 signiﬁcatmn.

2178 4432 2295 4496 πῶς
2324 4428 2473 4496 οὗτος
2498 4432 2666 4488 οἴεται
2694 4433 2917 4501 λέγοντα
2949 4434 3039 4486 τὸν
3076 4434 3313 4498 Παύλον,
3341 4433 3607 4503 πνεύματι
3635 4435 3747 4486 δεῖν

498 4527 636 4583 Illud
668 4542 797 4581 vero
836 4526 1017 4580 vivere
1047 4526 1239 4594 spiritu
1295 4536 1348 4580 et
1398 4526 1678 4579 ambulare
1705 4526 1920 4595 spiritu,
1975 4526 2077 4580 hoc
2109 4551 2132 4608 ί

2114 4551 2154 4608 D
2178 4525 2275 4587 τὰς
2322 4524 2549 4594 πράξεις
2591 4524 2684 4577 τοῦ
2722 4525 2971 4594 σώματος
3016 4525 3276 4594 ἀναιρεῖν,
3316 4526 3404 4576 ἐπὶ
3436 4525 3532 4594 τὴν
3561 4523 3748 4576 οὐσίαν

496 4618 661 4672 etiam
728 4630 953 4685 prorsus
1004 4624 1155 4669 extra
1212 4616 1622 4687 intelligentiam
1674 4616 1857 4680 fuerit.
1895 4619 1939 4674 si
2008 4619 2075 4673 ad

2178 4616 2331 4684 ἄγειν
2368 4617 2426 4669 τὸ
2451 4615 2542 4668 τοῦ
2590 4616 2897 4687 πνεύματος
2948 4616 3360 4687 σημαινόμενον.
3419 4616 3492 4668 Τὸ
3539 4616 3596 4668 δὲ
3648 4616 3747 4683 ζῇν

496 4705 787 4761 essentiam
816 4704 1042 4774 spiritus
1070 4704 1432 4774 signiﬁcatum
1476 4706 1761 4762 referatur.
1796 4705 1895 4761 Per
1927 4708 2074 4762 aliud

2179 4706 2468 4777 πνεύματι,
2504 4708 2596 4759 καὶ
2641 4711 2871 4777 στοιχεῖν
2913 4707 3203 4778 πνεύματι,
3229 4707 3384 4761 τοῦτο
3420 4708 3513 4760 καὶ
3546 4707 3747 4759 παντά-

495 4799 642 4854 enim
691 4795 949 4865 quidnam
1005 4804 1195 4849 etnon
1239 4811 1333 4865 per
1380 4797 1697 4859 eSseutiam,
1728 4798 1851 4851 vitae
1883 4812 2074 4852 sumus

2176 4814 2341 4850 πασιν
2379 4797 2483 4864 ἔξω
2508 4798 2745 4862 διανοίας
2774 4798 2839 4852 ἂν
2869 4798 2975 4868 εἴη,
3006 4800 3054 4851 εἰ
3082 4800 3216 4870 πρὸς
3248 4798 3344 4870 τὴν
3364 4799 3551 4851 οὐσίαν
3572 4797 3629 4849 τὸ
3652 4796 3745 4849 τοῦ

496 4887 789 4958 participes
818 4901 1008 4941 omnes
1037 4886 1125 4958 qui
1153 4887 1206 4939 iu
1241 4887 1349 4939 vita
1376 4891 1604 4943 sumus?
1627 4886 1844 4945 deinde.
1874 4888 1941 4942 de
1971 4887 2074 4942 hoc

2174 4889 2479 4960 πνεύματος
2512 4892 2906 4961 σημαινόμενον
2936 4891 3169 4963 φέροιτο.
3202 4892 3319 4943 Τίνι
3349 4890 3457 4961 γὰρ
3486 4890 3626 4959 ἄλλῳ
3653 4890 3746 4941 καὶ

496 4976 707 5033 scilicet
762 4976 1052 5029 consiliqu
1112 4976 1268 5029 nobis
1314 4974 1407 5028 dat
1450 4977 1792 5041 Apostolus:
1828 4979 2070 5037 essentia

2173 4982 2294 5052 οὐχὶ
2323 4985 2390 5053 τῇ
2425 4982 2580 5054 οὐσίᾳ
2607 4982 2698 5035 τού
2736 4982 2835 5054 ζῇν
2885 4983 3182 5054 μετέχομεν
3222 4983 3457 5043 ἅπαντες
3491 4984 3540 5034 οἱ
3572 4983 3627 5033 ὲν
3664 4979 3745 5048 τῷ

492 5067 709 5131 vivere;
740 5066 894 5135 quasi
923 5065 1160 5119 diceret:
1188 5062 1290 5117 Per
1315 5080 1411 5119 vos
1437 5064 1586 5135 ipsos
1611 5068 1663 5120 et
1688 5082 1797 5120 non
1827 5082 1920 5136 per
1936 5069 2072 5124 alios

2171 5072 2271 5145 ζῇν
2324 5074 2508 5139 δντες;
2566 5071 2697 5127 Εἶτα
2758 5076 2883 5146 περὶ
2936 5075 3123 5128 τούτου
3174 5073 3479 5144 συμϐουλὴν
3529 5075 3659 5142 ἡμῖν
3712 5074 3743 5123 ὁ

493 5159 616 5212 vita:
659 5157 949 5226 participes
986 5156 1140 5209 estis.
1189 5154 1243 5209 Si
1277 5156 1438 5226 igitur
1472 5173 1736 5226 nusquam
1770 5158 1913 5213 hunc
1944 5175 2070 5229 pro-

2181 5166 2501 5229 Ἀπόστολος
2528 5166 2875 5220 κατατίθεται
2895 5182 2907 5196 ·
2942 5167 3100 5238 οὐσίᾳ
3122 5166 3242 5237 ζῇν,
3268 5166 3340 5228 ὡς
3364 5166 3428 5218 ἂν
3459 5167 3506 5217 εἰ
3533 5164 3736 5231 ἔλεγεν,

494 5247 610 5317 prie
662 5246 788 5299 licet
816 5260 1035 5298 sensum
1074 5245 1385 5313 percipere,
1442 5248 1718 5313 quomodo
1755 5247 1843 5302 hic
1877 5264 2070 5303 rursus

2165 5257 2246 5311 ὅτι
2266 5256 2513 5326 Δι’ὐμῶν
2539 5257 2718 5310 αὐτῶν
2742 5259 2834 5311 καὶ
2870 5258 2943 5328 μὴ
2972 5257 3038 5310 δι’
3068 5256 3269 5328 ἐτέρων
3300 5258 3395 5326 τῆς
3432 5256 3575 5324 ζωῆς
3608 5271 3735 5324 μετέ

493 5337 822 5392 onirocritas
868 5334 1205 5389 somniorum
1234 5336 1498 5398 imitatus,
1530 5352 1626 5406 pro
1651 5340 1889 5393 essentia
1909 5340 2065 5409 jubet

2166 5348 2338 5417 έχετε.
2400 5349 2461 5400 Ei
2504 5345 2595 5402 οὖν
2653 5349 2886 5419 οὐδαμοῦ
2934 5348 3137 5419 ταύτην
3183 5348 3387 5419 κυρίως
3429 5347 3543 5400 ἔστι
3585 5362 3737 5415 περι-

488 5431 972 5500 spiritumcapere;
1007 5435 1066 5480 ut
1095 5428 1385 5482 concludat
1415 5430 1745 5499 syllogistice
1766 5431 2059 5487 dictionem

2167 5439 2436 5509 ληφθῆναι
2473 5440 2570 5509 τὴν
2602 5440 2828 5502 ἔννοιαν,
2863 5440 2980 5503 πῶς
3004 5439 3235 5492 ἐνταῦθα
3262 5440 3423 5492 πάλιν
3452 5439 3577 5500 τοὺς
3609 5440 3737 5490 ὐπο-

488 5522 747 5577 Dominus
800 5519 867 5573 de
914 5518 1152 5573 essentia
1201 5518 1571 5588 exponendam
1614 5523 1777 5576 esse?
1815 5522 1872 5575 Si
1913 5525 2057 5577 enim

2167 5532 2359 5603 κριτάς
2393 5532 2499 5585 τῶν
2534 5533 2754 5605 ὀνείρων
2789 5534 3120 5603 μιμούμενος
3165 5532 3284 5584 ἀντὶ
3307 5531 3405 5601 τῆς
3432 5532 3614 5594 οὐσίας
3648 5547 3736 5583 κε·

487 5615 717 5684 spiritus
745 5608 982 5667 essentia
1013 5617 1117 5673 est,
1143 5619 1195 5665 ct
1219 5609 1477 5666 Dominus
1501 5620 1583 5668 cst
1600 5614 1843 5683 spiritus,
1885 5614 2060 5671 Domi-

2169 5623 2311 5677 λεύει
2346 5625 2407 5677 τὸ
2444 5624 2660 5695 πνεῦμα
2697 5609 3246 5696 παραλαμδάνεσθαι,
3298 5624 3383 5675 ἵνα
3418 5622 3732 5692 συμπεράνῃ

563 5793 580 5825 ⁸
610 5792 652 5847 ιι
686 5794 812 5848 Cor.
874 5810 955 5863 ιιι,
993 5794 1079 5848 17.
1181 5796 1202 5828 ⁸
1232 5793 1389 5850 Rom.
1420 5808 1537 5861 vui,
1578 5796 1655 5849 l6.
1732 5796 1796 5849 ³1
1831 5797 1955 5853 Cor.
1990 5812 2053 5863 ιι,
2082 5798 2164 5855 li.

2096 5799 2164 5855 li.
2266 5801 2284 5832 ⁸
2314 5799 2351 5855 ll
2384 5802 2511 5857 Cor.
2538 5817 2618 5869 ut,
2651 5801 2703 5857 6.
2802 5803 2822 5835 '
2858 5801 3013 5856 Rom.
3049 5818 3164 5867 vni,
3208 5803 3288 5857 l5.
3368 5802 3387 5833 '
3421 5801 3535 5855 Gul.
3566 5817 3613 5865 ν,
3638 5797 3730 5853 25.
