4138 6364
392 368 486 425 741

1494 378 1769 433 CONTRA
1826 374 2214 440 EUNOMIUM,
2258 379 2384 434 LIB.
2427 379 2541 436 Vll.

3545 378 3647 436 742

389 489 805 555 συλλογιστικῶς
846 490 905 545 16
948 492 1087 545 κατὰ
1129 496 1225 564 τῆς
1281 494 1464 560 οὐσίας
1508 497 1823 567 συγκεῖσθαι
1865 497 1949 567 “rip

2070 513 2172 551 nus
2205 499 2371 569 igitur
2404 514 2631 571 prorsus
2676 500 2913 557 essentia
2948 500 3242 557 invenitur.
3277 503 3322 558 0
3372 507 3647 574 quomodo

384 580 600 646 Κύριος
639 579 809 645 λέξινς
838 579 899 636 Et
926 587 1031 657 γὰρ
1079 585 1138 640 16
1174 586 1388 659 πνεῦμα
1419 590 1575 643 οὐσία
1617 590 1786 651 ἐστὶν,
1828 591 1856 643 6
1901 590 1957 643 δὲ

385 671 586 742 Κύριος
629 670 690 724 16
744 674 961 746 πνεῦμά
991 679 1159 742 ἐστιν,
1211 682 1239 733 6
1292 681 1497 752 Κύριος
1540 682 1697 735 οὐσία
1742 682 1960 745 πάντως

384 761 712 831 εὑρίσκεται.
747 767 812 819 Ὢ
853 768 970 833 πῶς
1009 771 1528 845 ἀνανταγώνιστοςή
1558 773 1654 827 τοῦ
1679 776 1958 847 ἐπιχειρή-

386 870 555 922 ματος
586 855 838 924 δύναμιςί
871 861 996 926 Πῶς
1034 860 1180 917 ἔστιν
1207 865 1424 919 ὲκδύναι
1450 866 1540 921 καὶ
1571 867 1831 921 ἀναλῦσαι
1857 869 1957 939 τὴν

380 943 660 1028 ἀμήχανον
682 951 885 1019 ταύτην
908 950 1015 1006 τῶν
1048 952 1374 1019 ἀποδείξεων
1401 957 1642 1028 ἀνάγκην
1663 974 1676 1021 ;
1703 959 1731 1010 6
1753 957 1957 1027 Κύριος

382 1016 523 1088 κατά
549 1037 647 1107 τῆς
684 1038 870 1105 οὐσίας
895 1042 1131 1113 λέγεται,
1169 1048 1286 1111 πῶς
1310 1047 1467 1101 τοῦτο
1495 1051 1951 1116 κατασκευάζων;

386 1127 506 1181 Ὅτι
549 1131 712 1202 φησὶν
742 1134 770 1185 6
810 1134 1152 1203 ’Λπόστολος,
1197 1138 1252 1191 Ὀ
1287 1139 1355 1192 δὲ
1381 1143 1595 1209 Κύριος
1626 1142 1693 1195 τὸ
1722 1142 1957 1211 πνεῦμά

378 1218 529 1274 ἐστι.
549 1220 613 1274 Τί
639 1219 730 1278 οὖν
748 1225 902 1279 τοῦτο
922 1225 1053 1298 πρὸς
1080 1231 1179 1301 τὴν
1199 1231 1416 1300 οὐσίαν;
1456 1233 1615 1287 Ἀλλά
1652 1235 1711 1287 16
1740 1235 1957 1305 πνεῦμα

380 1309 688 1366 κελεύουσιν
710 1316 829 1369 ἀντὶ
846 1317 943 1388 τῆς
959 1317 1144 1384 οὐσίας
1162 1321 1418 1391 τετάχθαι
1439 1322 1545 1376 τῶν
1561 1324 1954 1379 ἀποδεικτικῶν

378 1400 581 1468 ἐφόδων
605 1406 658 1456 αἱ
687 1401 889 1475 τέχναι.
936 1405 1118 1461 Ταῦτα
1152 1410 1253 1478 τῆς
1311 1412 1742 1485 Ἀριστοτελικῆς
1769 1433 1953 1485 τεχνο-

376 1493 559 1562 λογίας
579 1496 647 1549 τὰ
670 1498 1083 1569 κατορθώματα.
1121 1501 1218 1555 Διά
1242 1503 1397 1556 τοῦτο
1419 1504 1640 1558 ὲλεεινοὶ
1667 1506 1766 1575 μὲν
1794 1508 1953 1578 ἡμεῖς

378 1587 516 1639 κατά
557 1588 646 1640 16v
682 1587 773 1641 σὺν
808 1588 985 1658 λόγον,
1019 1592 1067 1645 οἱ
1106 1593 1203 1663 τῆς
1246 1596 1435 1663 σοφίας
1479 1598 1682 1670 ταύτης
1718 1599 1953 1670 ἀμύητοι

381 1679 396 1731 (
406 1680 740 1749 μακαριστὸς
766 1678 821 1734 δὲ
858 1683 919 1736 οὐ
950 1683 1166 1748 πάντως
1196 1688 1223 1739 6
1244 1686 1329 1740 διὰ
1352 1691 1449 1757 τῆς
1480 1690 1731 1761 τοιαύτης
1763 1693 1950 1760 ἐφόδου

376 1766 606 1836 τάληθὲς
647 1771 986 1843 ἀνιχνεύων),
1017 1774 1157 1828 οὐτω
1193 1780 1332 1829 νοεῖν
1354 1779 1441 1831 τὸν
1489 1780 1837 1849 Ἀπόστολον,
1876 1783 1951 1848 ὡς

377 1859 496 1912 ἀντὶ
534 1857 633 1930 τῆς
673 1863 858 1927 οὐσίας
907 1864 1000 1918 τοῦ
1040 1865 1377 1937 Μονογενοῦς
1408 1869 1613 1923 οἴεσθαι
1649 1872 1709 1925 16
1741 1872 1956 1945 πνεῦμα
1986 1859 2030 1920 Β

376 1967 449 2003 πα
460 1951 505 2020 ρ’
537 1951 699 2006 αὐτοῦ
724 1956 1002 2026 τετάλθαι.

446 2065 568 2129 Πῶς
613 2062 704 2121 οὖν
756 2069 1015 2140 ἀρμόσεις
1069 2070 1210 2126 κατά
1245 2073 1306 2127 16
1348 2077 1677 2144 ἀκόλουθον;
1726 2080 1801 2132 Οὐ
1848 2080 1957 2153 γὰρ

375 2155 581 2220 τούτοις
601 2158 661 2210 16
687 2160 861 2231 νόημα
885 2163 1300 2235 περιγράφεται.
1324 2170 1505 2225 Εἰπὼν
1529 2173 1637 2243 γὰρ
1663 2175 1691 2225 ό
1721 2172 1954 2238 Παῦλος,

384 2248 437 2299 Ὀ
469 2248 537 2301 δὲ
578 2248 791 2318 Κύριος
831 2252 896 2305 τὸ
942 2255 1178 2325 πνεῦμά
1216 2258 1407 2323 ἐστιν,
1455 2263 1716 2334 ἐπήγαγε,
1764 2261 1844 2320 Οὗ
1888 2265 1957 2320 δὲ

371 2339 437 2395 τὸ
473 2343 706 2412 πνεῦμα
735 2348 978 2414 Κυρίου,
1008 2348 1335 2419 ἐλευθερία.
1368 2354 1430 2406 El
1458 2350 1549 2408 οὖν
1581 2356 1781 2427 Κύριός
1810 2360 1956 2411 ἐστιν

372 2434 405 2503 ἡ
438 2434 611 2496 οὐσία,
637 2437 791 2490 οὐσία
822 2439 876 2491 δὲ
904 2440 964 2493 16
999 2441 1211 2512 πνεῦμα
1230 2458 1242 2471 ·
1269 2445 1351 2507 τίς
1376 2446 1537 2499 πάλιν
1581 2450 1613 2519 ἠ
1644 2449 1743 2518 τῆς
1768 2449 1955 2513 οὐσίας

369 2525 559 2590 οὐσίας
596 2528 708 2582 Μία
734 2530 842 2601 γὰρ
869 2534 1025 2588 οὐσία
1058 2535 1119 2587 τὸ
1149 2536 1365 2608 πνεῦμα
1398 2541 1537 2594 κατά
1570 2542 1660 2595 τὸν
1683 2541 1836 2610 λόγον
1864 2542 1954 2596 τὸν

372 2617 483 2681 σδν,
506 2622 641 2693 ὅπερ
667 2624 811 2676 ἐστὶν
838 2627 866 2677 ό
900 2626 1118 2699 Κύριος.
1160 2630 1325 2684 Πάλιν
1357 2632 1450 2685 τοῦ
1484 2634 1711 2704 Κυρίου,
1746 2636 1804 2698 ὃς
1834 2637 1952 2688 ἐστι

371 2712 606 2784 πνεῦμα,
623 2714 807 2786 ἕτερον
821 2716 966 2785 λέγει
989 2719 1223 2790 πνεῦμα,
1239 2722 1380 2775 τοῦτ’
1395 2722 1538 2777 ἔστιν
1555 2726 1719 2795 ἀλλην
1739 2727 1950 2793 οὐσίαν,

371 2807 511 2858 κατὰ
525 2806 621 2876 τὴν
641 2807 738 2877 σὴν
761 2809 1071 2881 ἑρμηνείαν.
1089 2812 1255 2866 Οὐδὲν
1284 2809 1374 2868 οῦν
1396 2816 1523 2869 ἄλλο
1550 2817 1689 2871 κατά
1710 2819 1801 2872 τὸν
1821 2822 1953 2891 ὐμέ-

370 2912 527 2969 τερον
566 2898 740 2968 λόγον,
774 2901 807 2972 ἢ
846 2902 1032 2956 οὐσίαν
1052 2903 1239 2968 οὐσίας
1265 2909 1374 2958 νοεῖ
1396 2908 1424 2958 6
1460 2908 1793 2973 Ἀπόστολος.
1833 2911 1950 2966 Κύ-

372 3006 485 3060 ριον
505 2990 742 3062 πνεῦμα,
768 2994 862 3046 καὶ
900 2996 1119 3065 πνεῦμα
1148 2998 1353 3069 Κυρίου
1386 2999 1679 3072 διαρρήδην
1701 3004 1948 3074 γράφων.

382 3081 519 3134 Ἀλλ’
553 3084 799 3154 Εὐνομίῳ
831 3084 928 3155 μὲν
972 3088 1143 3157 ἐχέτω
1188 3090 1256 3143 τὰ
1300 3095 1660 3163 γεγραμμένα
1708 3097 1847 3150 κατὰ
1892 3099 1951 3152 τὸ

370 3174 598 3245 ἀρέσκον
624 3176 802 3247 αὐτῷ·
834 3177 862 3229 6
904 3177 957 3230 δὲ
983 3179 1141 3248 ἡμεῖς
1181 3183 1308 3253 περὶ
1356 3183 1545 3238 τούτου
1586 3186 1946 3260 γινώσκομεν,
1978 3216 2021 3274 C

366 3266 603 3319 τοιοῦτόν
629 3270 795 3321 ἐστιν·
835 3268 897 3321 Ἡ
922 3270 1274 3337 θεόπνευστος
1298 3274 1338 3326 Γ
1345 3276 1509 3346 ραφὴ,
1545 3278 1727 3343 καθὼς
1756 3280 1783 3332 6
1810 3281 1950 3345 θεῖος

378 3358 695 3420 Ἀπόστολος
748 3360 917 3430 αὐτὴν
972 3364 1245 3433 ὀνομάζει,
1300 3367 1393 3418 τοῦ
1442 3369 1597 3436 ἁγίου
1638 3371 1951 3441 Πνεύματός

367 3449 480 3502 ἔστι
509 3450 716 3521 Γραφή.
748 3450 819 3503 Τὸ
839 3451 894 3503 δὲ
924 3451 1170 3524 βούλημα
1197 3456 1421 3527 ταύτης,
1450 3459 1482 3529 ὴ
1507 3458 1614 3511 τῶν
1649 3448 1949 3532 ἀνθρώπων

367 3540 511 3593 ἐστὶν
527 3541 778 3609 ὠφέλεια.
797 3542 968 3598 Πᾶσα
984 3547 1110 3616 γὰρ,
1131 3547 1284 3618 φησὶ,
1316 3550 1526 3618 Γραφὴ
1546 3552 1949 3621 θεόπνευστος

365 3632 463 3684 καὶ
489 3632 803 3703 ὠφέλιμος.
832 3636 1055 3706 Ποικίλη
1082 3638 1137 3690 δὲ
1179 3640 1269 3692 καὶ
1312 3641 1595 3712 πολυειδὴς
1635 3645 1668 3713 ἡ
1689 3644 1943 3713 ὠφέλεια,

365 3722 545 3788 καθώς
580 3743 742 3796 φησιν
775 3729 802 3779 6
843 3728 1180 3793 ’Λπόστολος,
1228 3731 1366 3802 πρὸς
1408 3732 1773 3799 διδασκαλίαν,
1810 3739 1946 3809 πρὸς

365 3816 613 3887 ὲλεγμδν,
652 3819 784 3888 πρὸς
836 3820 1226 3891 ἐπανόρθωσιν,
1272 3824 1408 3894 πρὸς
1459 3826 1706 3881 παιδείαν
1746 3828 1842 3901 τὴν
1887 3832 1943 3883 ὲν

363 3904 694 3979 δικαιοσύνῃ.
730 3909 802 3961 Τὸ
833 3909 888 3962 δὲ
927 3911 1139 3965 τοιοῦτο
1168 3913 1378 3984 κέρδος,
1413 3916 1513 3968 οὐκ
1558 3917 1621 3970 ἐκ
1663 3919 1756 3971 τοῦ
1808 3936 1943 3991 προ-

365 3998 544 4069 χείρου
595 4000 779 4054 λαϐεῖν
825 4001 939 4055 ἔστι
998 4006 1110 4066 τοῖς
1164 4005 1616 4073 ἐντυγχάνουσιν
1669 4008 1783 4061 ἀλλ’
1833 4005 1944 4064 οἷον

364 4093 822 4164 παραπετάσματί
846 4110 952 4147 τινι
981 4094 1057 4165 τῷ
1084 4095 1292 4165 σώματι
1317 4098 1416 4167 τῆς
1449 4098 1669 4169 Γραφῆς
1696 4100 1755 4153 16
1789 4100 1943 4155 Θεῖον

362 4189 787 4261 ὐποκρύπτεται.
826 4229 838 4242 .
883 4230 898 4244 .
944 4231 957 4244 .
994 4190 1310 4261 νομοθεσίας
1342 4192 1538 4264 τινὸςῆ
1573 4194 1810 4266 ἱστορίας
1831 4195 1941 4248 τῶν

364 4281 513 4335 κατὰ
536 4281 623 4334 16v
652 4280 773 4335 νοῦν
807 4282 1192 4353 θεωρουμένων
1234 4283 1688 4356 προϐεϐλημένος.
1724 4287 1822 4341 Διά
1857 4304 1939 4341 τοι

362 4368 519 4426 τοῦτο
555 4376 680 4438 τοὺς
714 4374 847 4445 πρὸς
886 4375 947 4427 16
997 4374 1154 4445 σῶμα
1185 4375 1476 4446 βλέποντας
1512 4377 1611 4447 τῆς
1639 4379 1879 4450 Γραφῆς,
1909 4381 1939 4433 6

374 4464 689 4528 Ἀπόστολος
727 4465 989 4536 κάλυμμα
1035 4466 1127 4518 ἐπὶ
1181 4468 1277 4536 τῆς
1321 4467 1547 4539 καρδίας
1594 4469 1738 4539 ἔχειν
1781 4471 1936 4541 φησὶ,

2069 589 2438 646 ineluctabilis
2497 599 2580 645 est
2638 593 2719 646 vis
2779 594 3293 664 argumentationis!
3360 595 3646 662 Quomodo

2066 682 2193 735 licet
2225 697 2426 739 exuere
2475 693 2529 737 et
2577 684 2851 740 resolvere
2878 686 3021 740 hanc
3051 687 3520 757 inexpugnabilem
3545 689 3647 745 de-

2065 775 2523 830 monstrationum
2562 778 2945 832 necessitatem
2973 776 3276 835 ?Dominus
3312 781 3378 835 de
3404 783 3642 837 essentia

2064 863 2298 921 dicitur:
2328 869 2601 937 quomodo
2636 869 2738 923 hoc
2771 869 3214 939 prmstruit?quia
3235 872 3531 941 Apostolus
3560 873 3645 926 in-

2064 959 2465 1026 quit,Dominus
2495 961 2714 1027 spiritus
2729 963 2861 1016 est".
2882 961 3021 1027 Quid
3048 962 3211 1032 igitur
3232 964 3334 1018 hoc
3363 963 3428 1016 ad
3452 978 3642 1019 essen-

2064 1050 2231 1102 tiam?
2269 1048 2374 1103 Sed
2427 1049 2679 1117 spiritum
2736 1065 2835 1119 pro
2876 1052 3113 1104 essentia
3149 1051 3276 1120 poni
3310 1050 3505 1119 jubent
3543 1050 3642 1103 de-

2062 1140 2546 1194 monstrativarum
2599 1142 3130 1209 argumentationum
3159 1150 3327 1196 artes.
3362 1141 3487 1196 ilznc
3511 1150 3641 1196 sunt

2060 1228 2391 1285 Aristotelici
2415 1230 2630 1284 artiﬁcii
2657 1233 2917 1300 pra-clara
2948 1233 3272 1288 documenta
3306 1254 3318 1289 :
3352 1243 3641 1304 propterea

2060 1336 2162 1375 nos
2201 1321 2293 1390 qui
2332 1323 2493 1393 hujus
2528 1325 2807 1395 sapientiae
2833 1325 3006 1380 sacris
3041 1340 3149 1379 non
3182 1342 3374 1382 sumus
3412 1328 3636 1392 initiati,

2060 1411 2401 1468 miserabiles
2424 1416 2724 1469 secundum
2756 1423 2909 1469 tuum
2932 1432 3241 1471 sermonem
3277 1418 3507 1484 (beatus
3540 1435 3639 1474 au-

2059 1509 2168 1556 tem
2201 1518 2308 1556 non
2337 1511 2515 1560 tamen
2552 1506 2777 1559 omnino
2814 1506 2906 1575 qui
2945 1521 3039 1575 per
3073 1508 3234 1561 talem
3290 1521 3637 1580 argumenta-

2061 1591 2264 1647 tionem
2295 1610 2481 1649 verum
2512 1591 2905 1665 pervestigat),
2946 1596 3027 1649 sic
3055 1596 3354 1668 intelligere
3402 1600 3638 1670 Aposto-

2059 1684 2192 1747 lum,
2228 1692 2289 1738 ut
2339 1701 2437 1755 pro
2466 1686 2706 1742 essentia
2768 1685 3061 1757 Unigeniti,
3128 1690 3381 1759 spiritum
3421 1692 3489 1746 ab
3514 1692 3635 1762 ipso

2060 1777 2188 1845 poni
2218 1779 2519 1836 existimet.

2126 2086 2413 2153 Quomodo
2452 2090 2617 2159 igitur
2646 2093 2789 2163 quod
2830 2095 3185 2166 consequitur
3218 2097 3483 2167 aptabis?
3516 2114 3625 2154 non

2054 2180 2200 2233 enim
2243 2180 2330 2234 his
2367 2181 2845 2239 circumscribitur
2876 2202 3091 2243 sensus.
3135 2187 3432 2260 Postquam
3482 2193 3628 2246 enim

2055 2272 2189 2325 dixit
2222 2271 2459 2337 Paulus,
2495 2274 2755 2331 Dominus
2820 2289 2995 2333 autem
3030 2282 3250 2350 spiritus
3299 2293 3398 2345 est,
3465 2285 3630 2338 indu-

2056 2362 2168 2424 xit,
2193 2358 2289 2416 Ubi
2317 2376 2488 2419 autem
2524 2369 2745 2436 spiritus
2777 2368 3025 2437 Domini,
3064 2374 3280 2428 libertas
3311 2385 3409 2429 est.
3441 2377 3497 2430 Si
3530 2379 3631 2449 igi-

2054 2461 2146 2508 tur
2175 2453 2439 2513 Dominus
2465 2467 2550 2514 est
2576 2463 2817 2515 essentia
2839 2505 2853 2527 ,
2885 2466 3124 2519 essentia
3153 2474 3333 2521 autem
3362 2469 3589 2538 spiritus
3609 2509 3624 2535 ,

2054 2563 2176 2616 qua:
2209 2564 2402 2604 rursus
2438 2556 2677 2607 essentia
2714 2558 3010 2611 essentia?
3044 2574 3150 2612 una
3190 2561 3337 2614 enim
3380 2563 3627 2617 essentia

2054 2639 2284 2708 spiritus
2306 2682 2321 2705 ,
2359 2644 2660 2698 secundum
2693 2656 2843 2699 tuum
2893 2663 3200 2705 sermonem
3224 2691 3238 2716 ,
3271 2654 3361 2722 qui
3405 2654 3629 2723 quidem

2046 2740 2137 2813 _est
2170 2732 2446 2791 Dominus.
2477 2734 2691 2792 Rursus
2724 2738 2974 2806 Domini,
3008 2743 3101 2812 qui
3134 2751 3218 2798 est
3252 2744 3520 2815 spiritus,
3549 2745 3631 2800 al-

2053 2834 2229 2879 terum
2260 2828 2394 2882 dicit
2424 2830 2710 2899 spiritum,
2743 2833 2796 2887 id
2827 2842 2943 2900 cst,
2983 2835 3143 2888 aliam
3172 2838 3466 2891 essentiam
3490 2877 3506 2902 ,
3536 2855 3625 2894 se-
3704 2906 3709 2911 ι

2053 2918 2293 2973 cundum
2328 2928 2475 2975 tuam
2509 2922 3045 2993 interpretationem.
3078 2927 3225 2983 Nihil
3251 2930 3419 3001 igitur
3442 2932 3588 2987 aliud
3610 2972 3628 2997 ,

2053 3009 2352 3064 secundum
2386 3021 2628 3067 vestrum
2664 3030 2994 3082 sermonem,
3016 3035 3178 3088 quam
3212 3024 3506 3077 essentiam
3541 3039 3631 3079 es-

2053 3099 2241 3153 sentia:
2275 3099 2524 3169 intelligit
2551 3102 2883 3172 Apostolus,
2918 3106 3206 3163 Dominum
3236 3112 3526 3177 spiritum,
3573 3123 3628 3168 ct

2053 3189 2304 3258 spiritum
2328 3190 2539 3247 Domini
2565 3206 2751 3264 aperte
2776 3198 3045 3255 scribens.
3078 3199 3183 3255 Sed
3210 3201 3475 3258 Eu'nomio
3502 3208 3630 3275 qui-

2054 3280 2172 3333 dem
2200 3282 2405 3351 scripta
2437 3283 2746 3341 habeantur
2771 3299 2929 3357 prout
2951 3292 3001 3343 ei
3030 3292 3241 3361 placet;
3267 3295 3410 3367 quod
3445 3278 3628 3352 autem

2052 3384 2151 3421 nos
2185 3370 2253 3423 de
2286 3372 2388 3426 hoc
2422 3376 2726 3441 sentimus,
2766 3380 2874 3432 tale
2900 3389 3019 3434 est.
3052 3382 3323 3439 Divinitus
3360 3387 3628 3458 inspirata

2052 3455 2337 3530 Scriptura
2357 3503 2372 3525 ,
2401 3464 2546 3519 sicut
2572 3466 2744 3536 ipsam
2770 3469 2993 3526 divinus
3016 3472 3312 3542 Apostolus
3340 3455 3585 3533 nominat
3606 3520 3624 3544 ,

2050 3554 2223 3607 sancti
2261 3554 2502 3624 Spiritus
2534 3565 2620 3613 est
2652 3557 2961 3631 Scriptura.
3001 3562 3176 3631 llnjns
3211 3575 3390 3621 autem
3429 3570 3628 3625 volun-

2050 3652 2132 3699 tas
2178 3652 2231 3700 et
2276 3646 2508 3701 intentio
2558 3650 2840 3707 hominum
2892 3666 2976 3709 est
3008 3657 3241 3713 utilitas.
3286 3663 3504 3729 Omnis,
3535 3664 3625 3718 in-

2047 3734 2204 3803 quit,
2238 3733 2517 3805 Scriptura
2550 3738 2805 3797 divinitus
2841 3745 3105 3814 inspirata
3158 3759 3207 3803 et
3243 3752 3395 3806 utilis
3430 3754 3492 3808 ⁸ι
3528 3771 3626 3809 va-

2047 3827 2127 3881 ria
2188 3838 2370 3883 autem
2423 3840 2478 3885 et
2533 3834 2821 3902 multiplex
2866 3840 3114 3906 utilitas,
3164 3843 3307 3899 sicut
3355 3848 3431 3900 ait
3478 3848 3623 3904 idem

2044 3919 2375 3989 Apostolus,
2430 3924 2496 3978 ad
2529 3924 2877 3993 doctrinam,
2914 3932 2981 3985 ad
3024 3934 3498 4005 redargutionem,
3552 3943 3622 3999 ad

2043 4014 2555 4083 reprehensionem,
2584 4019 2651 4073 ad
2678 4024 3112 4092 correptionem.
3141 4028 3208 4082 ad
3236 4028 3619 4101 disciplinam,

2044 4106 2159 4161 sive
2185 4106 2589 4165 institutionem
2626 4128 2747 4182 qua:
2780 4123 2866 4169 est
2900 4116 2955 4170 in
2988 4117 3231 4187 justitia.
3268 4120 3401 4178 Tale
3436 4134 3619 4181 autem

2043 4196 2257 4251 lucrum
2284 4214 2394 4253 non
2424 4201 2476 4254 in
2502 4212 2757 4274 promptu
2788 4213 2871 4260 est
2896 4208 3228 4276 quibuslibet
3253 4227 3494 4281 sumere,
3522 4219 3620 4274 sed

2040 4288 2210 4341 veluti
2240 4290 2476 4359 quodam
2526 4292 2846 4361 involucro,
2878 4311 3108 4368 corpore
3144 4299 3442 4372 Scriptum
3471 4310 3620 4377 quod

2040 4376 2287 4432 divinum
2321 4388 2407 4435 est
2438 4381 2858 4440 suboccultatur
2894 4428 2909 4441 .
2948 4429 2963 4444 .
3001 4430 3015 4442 .
3049 4388 3127 4457 (α)
3175 4393 3306 4462 quia
3354 4376 3616 4456 videlicet

2041 4467 2176 4538 legis
2213 4470 2445 4540 alicujus
2479 4475 2694 4529 sanctio
2714 4519 2729 4543 ,
2756 4478 2844 4532 vel
2877 4479 2956 4534 rei
2987 4490 3156 4551 gestae
3188 4488 3438 4543 narratio
3470 4506 3615 4560 prte-

359 4558 455 4612 καὶ
480 4556 553 4627 μὴ
582 4556 835 4610 δύνασθαι
873 4556 1010 4627 πρὸς
1037 4556 1133 4626 τὴν
1164 4556 1320 4620 δόξαν
1345 4558 1623 4628 διαϐλέψαι
1654 4559 1745 4611 τοῦ
1775 4578 1937 4613 πνευ-

2049 4560 2300 4615 tendatur
2354 4563 2422 4618 iis
2475 4569 2644 4623 rebus
2696 4584 2819 4638 quae
2878 4580 3060 4627 mente
3110 4574 3313 4632 debent
3362 4555 3614 4653 intelligi.

362 4648 590 4722 ματικοῦ
625 4649 811 4719 νόμου,
855 4646 1224 4718 κωλυομένους
1251 4649 1340 4702 διὰ
1378 4648 1470 4702 τοῦ
1507 4650 1933 4721 ὲπιῦεόλημένου

356 4742 434 4813 τῷ
463 4741 788 4814 προσωπείῳ
816 4739 911 4793 τοῦ
940 4738 1229 4810 νομοθέτου
1261 4739 1632 4811 καλύμματος.
1664 4742 1756 4795 Διό
1780 4758 1931 4813 φησι’

362 4834 432 4887 Τὸ
454 4832 688 4902 γράμμα
730 4830 1084 4893 ἀποκτείνει,
1131 4830 1199 4883 τὸ
1247 4830 1314 4883 δὲ
1363 4831 1596 4901 πνεῦμα
1638 4831 1929 4893 ζωοποιεῖ·

353 4927 563 4989 δεικνὺς
600 4926 680 4978 ὅτι
713 4923 953 4993 πολλαχῆ
993 4922 1099 4976 τῶν
1137 4923 1533 4993 γεγραμμένων
1570 4924 1603 4994 ή
1644 4925 1931 4995 πρόχειρος

354 5018 637 5091 ἑρμηνεία,
662 5018 706 5070 εί
733 5017 805 5087 μὴ
827 5015 968 5069 κατά
985 5016 1075 5068 τὸν
1102 5018 1443 5086 προσήκοντα
1462 5015 1585 5069 νοῦν
1612 5015 1930 5088 ὲκληφθείη,

354 5114 419 5179 τῇ
454 5110 539 5163 διὰ
574 5110 668 5163 τοῦ
706 5105 1012 5179 πνεύματος
1044 5106 1472 5180 ύποδεικνυμένῃ
1524 5106 1635 5178 ζωῇ
1678 5106 1739 5160 τὸ
1780 5109 1934 5162 ἐναν-

353 5202 463 5255 τίον
495 5203 655 5253 ποιεῖ.
698 5198 803 5252 Τοῦ
839 5199 956 5269 μὲν,
988 5197 1047 5251 16
1084 5197 1282 5250 τέλειον
1318 5198 1415 5267 τῆς
1462 5199 1660 5269 ἀρετῆς
1702 5201 1759 5250 ὲν
1789 5201 1935 5252 ἀπα-

358 5292 480 5362 θείᾳ
525 5293 659 5344 πᾶσι
689 5292 801 5351 τοῖς
826 5286 1132 5358 ἀνθρώποις
1179 5285 1597 5356 νομοθετοῦντος
1626 5303 1639 5317 ·
1696 5288 1795 5357 τῆς
1853 5288 1929 5355 δὲ,

356 5382 461 5437 τῶν
494 5380 893 5452 γεγραμμένων
941 5376 1198 5447 ἱστορίας,
1239 5376 1388 5430 ἐστιν
1432 5379 1563 5431 ὅπου
1610 5378 1705 5430 καὶ
1748 5378 1928 5449 ἀπεμ-

421 5589 443 5622 ¹¹
473 5588 516 5643 ιι
557 5586 684 5643 Cor.
714 5603 795 5641 ιιι.
828 5587 915 5641 l7.
991 5586 1013 5617 ⁸
1040 5583 1081 5639 ll
1120 5583 1264 5640 Tim.
1294 5586 1376 5651 iit,
1411 5584 1498 5640 l6.

410 5753 484 5819 (α)
527 5750 731 5832 Supple
755 5752 1002 5832 βούλημα
1026 5755 1519 5832 eit_co_ilice_Boico.
1547 5758 1656 5815 Lex
1684 5760 1918 5832 justitim

344 5838 460 5876 reos
497 5826 693 5878 statuit
722 5833 774 5879 et
820 5826 982 5881 morti
1017 5826 1261 5883 addicit:
1290 5828 1646 5891 Evangelium
1685 5826 1913 5890 'confert

2040 4648 2307 4716 Quocirca
2340 4654 2639 4725 Apostolus
2670 4660 2842 4721 dicit,
2879 4677 2976 4717 eos
3012 4664 3065 4717 in
3099 4667 3266 4721 corde
3295 4669 3478 4725 velum
3520 4674 3617 4727 lia-

2039 4739 2203 4805 bere,
2251 4758 2350 4797 nec
2394 4760 2557 4814 posse
2600 4749 2667 4802 ad
2715 4750 2849 4820 legis
2895 4753 3162 4822 spiritalis
3204 4759 3430 4826 gloriam
3483 4778 3617 4819 con-

2036 4832 2207 4899 tueri,
2241 4836 2331 4904 qui
2362 4837 2723 4906 prohibentur
2750 4858 2846 4913 per
2873 4844 3173 4902 obductum
3207 4848 3363 4906 l‘aciei
3395 4853 3614 4924 legisla-

2036 4923 2171 4979 toris
2200 4927 2400 4980 velum.
2461 4929 2586 4985 ideo
2633 4931 2840 5002 inquit,
2878 4932 3081 4991 Littera
3108 4940 3356 5007 perimit,
3393 4923 3612 5014 spiritus

2034 5023 2207 5068 autem
2245 5018 2507 5088 viviﬁcat,
2539 5024 2861 5089 ostendens,
2895 5028 3040 5097 quod
3072 5046 3214 5101 saepe
3253 5049 3441 5089 eorum
3490 5055 3612 5107 quae

2030 5107 2235 5176 scripta
2267 5118 2396 5164 sunt
2429 5113 2635 5181 primus
2672 5117 2766 5185 qui
2786 5120 3037 5175 occurrit
3068 5139 3288 5189 sensus,
3316 5128 3420 5182 nisi
3446 5129 3607 5199 juxta

2031 5201 2451 5255 convenientem
2493 5204 3001 5276 interpretationem
3057 5226 3331 5285 sumatur,
3377 5229 3606 5275 contra-

2029 5285 2171 5340 rium
2204 5299 2467 5359 operatur
2488 5282 2542 5348 ei
2566 5294 2691 5350 vita:
2715 5313 2838 5367 qua:
2868 5316 2966 5369 per
2993 5304 3247 5372 spiritum
3275 5309 3605 5365 subdemon-

2030 5388 2279 5436 stratur:
2311 5398 2435 5438 cum
2469 5386 2698 5456 spiritus
2731 5390 2986 5462 quidem,
3035 5395 3090 5450 id
3139 5405 3261 5462 est,
3298 5402 3605 5471 spiritualis

2021 5761 2294 5844 justitiam
2326 5772 2381 5820 et
2416 5766 2612 5844 vitam;
2655 5781 2765 5844 quo
2801 5769 2964 5825 etiam
3009 5772 3183 5827 tendit
3222 5772 3356 5844 legis
3403 5788 3600 5832 sensus

2022 5834 2307 5902 spiritalis,
2357 5853 2487 5908 non-
2525 5834 2795 5895 litteralis.
2840 5888 2845 5893 .
