4138 6364
505 379 616 435 745

1782 383 1840 440 S.
1873 382 2202 441 GREGORII
2243 381 2540 439 NYSSEINI

3668 395 3772 450 7H

510 496 810 565 Scriptura:
841 508 1076 558 sensus,
1124 492 1520 563 perfectionem
1567 497 1794 555 virtutis
1841 500 1895 554 in
1931 500 2069 554 omni

2188 502 2483 570 φαινόντων
2514 505 2853 576 πραγμάτων
2897 507 3056 559 τινῶν
3103 510 3463 582 περιεχούσης
3495 513 3592 582 τὴν
3619 513 3769 567 ἐκθε-

508 588 800 643 atfectuum
867 587 1149 641 vacuitate
1204 587 1520 643 hominibus
1569 591 1838 659 imperet;
1898 592 2078 646 littera

504 697 658 740 vero.
687 679 1100 750 Scripturarum
1126 680 1386 734 historica
1407 683 1673 744 narratio,
1697 683 1893 738 alicubi
1917 685 2079 737 etiam

506 773 990 828 dissentanearum
1022 772 1136 825 sive
1161 771 1575 826 abhorrentium
1604 775 1969 843 quarumdam
1999 792 2079 828 re-

505 879 628 920 rum
658 865 938 919 contineat
967 864 1372 932 expositionem
1406 881 1419 928 ;
1450 879 1513 918 ac
1545 865 1712 919 veluti
1744 874 1956 920 natura:
1991 865 2074 919 af—

506 955 842 1012 fectionibus
889 969 1222 1008 concurrere
1279 955 1550 1019 videatur,
1604 956 1805 1026 quibus
1856 958 1900 1010 si
1956 957 2080 1026 quis

505 1058 759 1120 prompte
791 1048 1067 1110 attendat,
1115 1047 1306 1100 mortis
1349 1047 1654 1100 doctrinam
1713 1049 1952 1103 litteram
1999 1048 2077 1102 fa-

503 1141 633 1194 ciet.
668 1139 871 1193 Eorum
903 1139 1070 1209 igitur
1108 1139 1199 1207 qui
1235 1138 1575 1208 eorporalius
1608 1139 1662 1192 in
1699 1139 1903 1208 scripta
1938 1139 2079 1192 inci-

504 1233 642 1288 dunt
679 1231 846 1285 animi
885 1231 1158 1285 sentiendi
1194 1230 1577 1284 instrumentis
1611 1229 1912 1283 obductum
1955 1245 2080 1285 esse

506 1326 869 1380 velamentum
903 1322 1080 1388 dicit;
1116 1321 1207 1390 qui
1243 1335 1372 1375 vero
1402 1319 1468 1374 ad
1506 1321 1557 1374 id
1593 1319 1742 1389 quod
1779 1321 1960 1375 mente
1993 1321 2078 1374 in-

504 1414 789 1484 telligitur,
865 1411 1295 1482 speculationem
1351 1418 1717 1472 convertunt,
1755 1410 1923 1464 veluti
1956 1425 2079 1479 per-

504 1522 637 1566 sona
676 1507 912 1577 quadam
951 1505 1209 1557 nudatam
1248 1504 1479 1558 revelari
1511 1503 1739 1573 gloriam
1777 1503 1956 1557 littera
1990 1502 2077 1557 in-

501 1603 764 1656 volutam.
787 1599 942 1665 Quod
979 1608 1158 1652 autem
1191 1597 1384 1650 altiore
1408 1596 1737 1665 cogitatione
1761 1596 2038 1650 invenitur
2059 1635 2074 1661 ,

502 1695 794 1748 Dominum
835 1709 955 1747 esse
991 1695 1100 1757 ait,
1139 1691 1232 1760 qui
1268 1689 1489 1760 quidem
1523 1697 1610 1744 est
1645 1689 1872 1758 spiritus
1902 1708 1914 1743 :
1952 1704 2074 1741 cum

500 1788 650 1841 enim
684 1786 750 1838 ad
787 1784 1079 1837 Dominum
1111 1799 1170 1836 se
1195 1783 1566 1845 converterit,
1597 1782 1838 1835 velamen
1870 1779 2073 1835 auferri

500 1879 667 1941 dicit,
711 1875 966 1929 Dom-inus
1000 1885 1171 1927 autem
1213 1874 1426 1940 spiritus
1469 1883 1566 1927 est.
1612 1871 1727 1926 Hoc
1766 1879 1949 1927 autem
1990 1871 2074 1925 di-

501 1969 609 2030 cit,
649 1967 898 2021 servituti
934 1965 1132 2018 litterae
1166 1963 1604 2016 dominationem
1639 1962 1870 2032 spiritus
1903 1976 2075 2031 oppo-

501 2074 668 2126 nens;
701 2067 760 2111 ut
792 2058 937 2111 enim
971 2056 1020 2110 ei
1050 2056 1194 2124 quod
1228 2056 1526 2119 interficit,
1575 2054 1802 2124 opponit
1838 2054 1891 2109 id
1926 2053 2073 2122 quod

497 2149 738 2206 vivificat
766 2192 780 2215 ,
817 2149 896 2202 sic
951 2146 1242 2201 Dominum
1293 2146 1553 2201 servituti
1599 2147 1877 2200 adversari
1917 2145 2071 2204 facit.

502 2240 585 2297 Ac
638 2258 706 2294 ne
752 2239 1136 2294 confusionem
1173 2239 1412 2307 aliquam
1463 2239 1738 2306 patiamur
1770 2238 1836 2292 de
1865 2236 2073 2307 Spiritu

499 2341 693 2387 sancto
714 2373 728 2395 ,
762 2331 888 2386 dum
927 2331 1190 2384 docemur
1224 2345 1322 2399 per
1356 2344 1546 2383 vocem
1580 2328 1813 2392 Domini,
1844 2329 1909 2382 ad
1941 2329 2074 2383 Uni-

498 2424 664 2492 geniti
702 2424 1017 2492 opinionem
1051 2419 1309 2482 adducti,
1363 2429 1652 2488 propterea
1699 2421 2076 2487 resumptione

497 2529 808 2569 sermonem
857 2512 1196 2574 communit,
1243 2519 1296 2564 et
1347 2510 1636 2563 Dominum
1685 2507 1948 2578 Spiritum
1993 2510 2075 2562 di-

495 2623 626 2662 cens
649 2646 663 2668 ,
710 2615 764 2660 et
799 2605 1064 2674 Spiritum
1095 2602 1384 2657 Dominum
1433 2601 1712 2670 appellans
1733 2643 1746 2665 ,
1778 2611 1829 2654 ut
1865 2618 1958 2670 per
1990 2602 2075 2654 di-

493 2703 756 2770 gnitatem
818 2697 1248 2758 dominationis,
1286 2706 1496 2750 naturae
1543 2695 1917 2749 excellentiam
1976 2693 2073 2747 de-

493 2798 796 2855 monstret,
829 2799 880 2842 et
918 2789 1280 2859 ItypostaScos
1322 2791 1436 2842 sive
1471 2802 1717 2856 persona:
1763 2784 2072 2855 proprieta-

494 2893 603 2938 tem
640 2897 748 2935 non
784 2879 1091 2935 confundat
1135 2894 1407 2932 sermone.
1444 2878 1544 2944 Qui
1599 2878 1740 2930 enim
1789 2883 1843 2930 et
1890 2875 2074 2929 Domi-

494 2991 624 3028 nu-tn
661 2976 836 3043 ipsum
874 2983 926 3025 et
972 2971 1240 3041 Spiritum
1291 2970 1500 3023 Domini
1560 2971 1726 3030 dicit,
1790 2966 2070 3037 proprium

491 3066 622 3136 quid
659 3076 854 3134 prazter
906 3062 1210 3132 Unigenam
1243 3062 1544 3130 intelligere
1576 3062 1733 3112 docet
1767 3078 1778 3112 :
1811 3057 2072 3128 quemad-

2186 607 2288 652 σιν,
2305 595 2398 647 καὶ
2421 597 2580 648 οἱονεὶ
2601 597 2908 668 συντρέχειν
2928 597 3286 671 νομιζομένης
3302 604 3411 665 τοῖς
3435 602 3532 671 τῆς
3552 603 3766 670 φύσεως

2184 684 2431 750 πάθεσιν,
2467 681 2546 750 οἷς
2580 688 2739 752 εἴτις
2776 691 3030 761 προσέχοι
3059 693 3200 746 κατά
3237 694 3296 746 τὸ
3323 696 3634 766 πρόχειρον,
3670 696 3766 752 θα-

2184 776 2346 829 νάτου
2390 778 2733 834 διδασκαλίαν
2779 782 2838 834 τὸ
2875 784 3109 854 γράμμα
3156 787 3460 857 ποιήσεται.
3503 789 3621 842 Τῶν
3665 792 3763 860 μὲν

2182 864 2276 921 οὖν
2311 869 2763 942 σωματικῶτερον
2798 876 2910 936 τοῖς
2954 877 3358 946 γεγραμμένοις
3409 881 3762 950 ἐντυγχανόν-

2181 976 2309 1020 των,
2354 961 2752 1033 προϐεϐλῆσθαί
2792 982 2923 1033 φησι
2994 967 3100 1019 τῶν
3145 968 3242 1038 τῆς
3287 968 3462 1040 ψυχῆς
3504 972 3765 1043 αἰσθητηι

2184 1053 2316 1123 ρίων
2354 1053 2412 1106 τὸ
2463 1055 2750 1126 κάλυμμα·
2794 1057 2900 1111 τῶν
2943 1058 2997 1110 δὲ
3036 1061 3116 1122 είς
3151 1060 3210 1113 τὸ
3256 1063 3442 1132 νοητὸν
3486 1063 3581 1135 τὴν
3630 1065 3762 1120 θεω-

2187 1145 2306 1214 ρίαν
2338 1146 2664 1214 τρεπόντων,
2698 1142 2806 1200 οἷον
2841 1151 3183 1219 προσωπείου
3213 1154 3356 1213 τινὸς
3387 1157 3763 1225 γυμνωθεῖσαν

2181 1236 2650 1290 ἀνακαλύπτεσθαι
2677 1239 2773 1308 τὴν
2800 1241 3124 1312 ἐγκειμένην
3166 1243 3321 1310 δόξαν
3348 1245 3425 1316 τῷ
3453 1247 3758 1318 γράμματι.

2181 1327 2254 1379 Τὸ
2279 1327 2335 1380 δέ
2361 1328 2444 1380 διὰ
2475 1329 2574 1398 τῆς
2599 1330 2932 1402 ὑψηλοτέρας
2953 1335 3327 1404 κατανοήσεως
3351 1338 3757 1408 εὑρισκόμενον,

2180 1418 2382 1490 Κύριον
2425 1416 2563 1473 εἶναί
2616 1439 2798 1491 φησιν,
2829 1425 2965 1491 ὅπερ
2992 1424 3106 1477 ἐστὶ¹
3150 1426 3386 1496 πνεῦμα.
3431 1428 3621 1482 Ἦνίκα
3653 1431 3760 1502 γὰρ

2180 1509 2247 1562 ἂν
2285 1512 2586 1585 ἐπιστρέψῃ
2627 1514 2760 1583 πρὸς
2803 1514 3026 1585 Κύριον,
3071 1519 3469 1589 περιαιρεῖσθαι
3509 1520 3654 1587 λέγει
3700 1523 3760 1574 τὸ

2181 1604 2473 1675 κάλυμμα·
2522 1605 2572 1655 Ὀ
2615 1604 2681 1658 δὲ
2720 1607 2932 1673 Κύριος
2972 1606 3036 1660 τὸ
3067 1608 3301 1678 πνεῦμὰ
3330 1611 3480 1664 ἐστι.
3517 1613 3676 1680 Λέγει
3702 1613 3757 1666 δὲ

2178 1695 2354 1755 τοῦτο,
2397 1699 2463 1767 τῇ
2513 1696 2724 1768 δουλείᾳ
2770 1699 2862 1750 τοῦ
2917 1700 3240 1769 γράμματος
3288 1700 3384 1771 τὴν
3427 1701 3519 1754 τοῦ
3548 1704 3758 1774 Πατρός

2135 1839 2146 1863 ._
2182 1788 2520 1856 άντιδιαιρῶν
2552 1790 2862 1860 κυριότητα.
2911 1793 2995 1854 Ὠς
3018 1792 3125 1863 γὰρ
3171 1792 3248 1862 τῷ
3285 1794 3670 1848 ἀποκτεννύντι
3697 1797 3759 1849 τὸ

2179 1880 2472 1944 ζωοποιοῦν
2532 1881 2882 1934 ἀντιτίθεται⁵
2950 1883 3120 1946 οὕτως
3192 1885 3608 1940 ἀντιδιαστέλλει
3669 1887 3756 1940 τὸν

2179 1971 2381 2041 Κύριον
2437 1975 2500 2042 τῇ
2547 1973 2779 2041 δουλείᾳ.
2828 1975 2935 2026 Καὶ
2973 1975 3048 2038 ὡς
3092 1975 3156 2028 ἂν
3211 1978 3283 2047 μή
3336 1995 3456 2030 τινα
3501 1978 3758 2048 σύγχυσιν

2179 2058 2444 2126 πάθοιμεν
2493 2059 2620 2129 περὶ
2669 2061 2762 2113 τοῦ
2814 2063 2969 2129 ἁγίου
3024 2064 3339 2134 Πνεύματος
3386 2067 3757 2139 διδασκόμενοι

2177 2143 2262 2196 διὰ
2291 2146 2385 2213 τῆς
2415 2143 2505 2196 τοῦ
2536 2146 2738 2215 Κυρίου
2773 2148 2971 2216 φωνῆς,
3010 2149 3144 2216 πρὸς
3171 2150 3268 2219 τὴν
3290 2150 3384 2202 τοῦ
3422 2153 3758 2221 Μονογενοῦς

2177 2233 2428 2285 ὑπόνοιαν
2468 2235 2814 2301 ἐναγόμενοι·
2847 2237 2934 2289 διὰ
2981 2237 3140 2292 τοῦτο
3183 2243 3248 2310 τῇ
3291 2241 3624 2313 ἐπαναλήψει
3667 2244 3759 2297 τὸν

2176 2322 2331 2390 λόγον
2364 2325 2842 2392 κατασφαλίζεται,
2880 2327 2972 2379 καὶ
3000 2328 3202 2401 Κύριον
3234 2330 3296 2382 τὸ
3318 2332 3540 2403 Πνεῦμα
3566 2334 3755 2400 εἰπὼν,

2177 2415 2269 2466 καὶ
2317 2413 2540 2484 Πνεῦμα
2574 2417 2773 2485 Κύριον
2822 2421 3294 2490 προσαγορεύσας,
3348 2422 3433 2474 ἵνα
3476 2422 3554 2492 τῷ
3594 2425 3759 2496 τιμίῳ

2174 2504 2272 2573 τῆς
2307 2505 2644 2575 κυριότητος,
2672 2507 2732 2558 τὸ
2761 2507 2854 2576 τῆς
2890 2507 3102 2574 φύσεως
3143 2510 3404 2580 ὑπερέχον
3436 2512 3756 2584 ἐνδείξηται,

2176 2595 2269 2648 καὶ
2295 2596 2352 2647 τὸ
2380 2598 2478 2665 τῆς
2511 2599 2858 2659 ὑποστάσεως
2891 2599 3088 2662 ἰδιάζον
3143 2601 3217 2670 μὴ
3253 2603 3456 2675 συγχέῃ
3483 2603 3561 2674 τῷ
3590 2605 3754 2676 λόγῳ.

2187 2685 2244 2737 '0
2279 2684 2388 2755 γάρ
2419 2686 2508 2739 καὶ
2534 2686 2736 2756 Κύριον
2762 2688 2943 2750 αὑτὸν,
2975 2689 3065 2741 καὶ
3090 2691 3291 2761 Κυρίου
3318 2693 3537 2763 Πνεῦμα
3567 2695 3757 2761 εἰπὼν,

2180 2774 2310 2829 ἴδιόν
2351 2794 2404 2829 τι
2438 2777 2586 2847 παρά
2636 2776 2726 2829 τὸν
2777 2778 3054 2849 Μονογενῆ
3095 2779 3334 2834 διδάσκει
3367 2786 3532 2835 νοεῖνο
3571 2783 3760 2858 ῶσπερ

2178 2865 2272 2919 καὶ
2311 2866 2536 2936 ἑτέρωθι
2586 2865 2824 2936 Χριστοῦ
2869 2865 3084 2936 πνεῦμα
3121 2867 3292 2935 λέγει·
3338 2869 3398 2922 τὸ
3441 2871 3571 2922 αὑτὸ
3603 2872 3760 2926 τοῦτο

2173 2956 2353 3019 καλῶς
2392 2957 2482 3010 καὶ
2527 2956 2820 3026 μυστικῶς,
2869 2956 2929 3007 τὸ
2975 2957 3115 3010 κατὰ
3166 2959 3265 3028 τὴν
3301 2958 3617 3012 ἀκολουθίαν
3663 2961 3757 3015 τοῦ

2171 3046 2438 3116 δόγματος
2467 3046 2688 3108 εὐσεϐὲς
2718 3047 2857 3098 κατά
2907 3047 3005 3118 τὴν
3057 3047 3417 3119 εὑαγγελικὴν
3467 3050 3758 3119 παράδοσιν

491 3135 715 3212 modum
752 3165 803 3211 et
840 3157 965 3210 alibi
1003 3155 1204 3209 Christi
1253 3154 1504 3224 spiritum
1553 3152 1686 3206 dicit
1721 3171 1733 3206 ε
1784 3152 1886 3204 hoc
1926 3151 2066 3203 idem

2172 3136 2522 3206 ὑπογράφων.
2578 3135 2762 3199 οὕτως
2814 3138 2974 3207 ἡμεῖς
3035 3140 3083 3189 οἱ
3137 3139 3353 3190 πάντων
3407 3139 3758 3194 ἐλεεινότατοι

489 3250 751 3322 praeclare
786 3257 838 3302 et
873 3250 1135 3320 mystice,
1174 3248 1222 3300 id
1256 3253 1340 3300 est
1374 3260 1606 3309 arcane,
1643 3252 1696 3296 et
1738 3243 1882 3313 quod
1931 3259 2060 3295 cou-

499 3350 762 3398 sentauee
797 3328 941 3409 piitm
977 3349 1091 3404 est,
1128 3339 1428 3393 secundum
1478 3336 1842 3405 evangelii-am
1897 3335 2067 3387 tradi-

489 3436 696 3489 tionem
736 3433 1052 3503 designans.
1091 3431 1182 3485 Sic
1232 3445 1333 3484 nos
1389 3431 1480 3499 qui
1531 3428 1775 3481 omnium
1830 3428 2068 3480 maxime

491 3524 791 3580 miserandi
823 3523 1095 3582 dicimur,
1124 3519 1194 3572 ab
1213 3518 1477 3589 Apostoio
1518 3518 1849 3582 instituti,ex
1886 3518 2066 3571 littera

490 3634 612 3687 quae
638 3618 878 3682 occidit,
921 3616 985 3670 ad
1018 3614 1270 3684 spiritum
1304 3613 1694 3665 virificatorem
1728 3610 2063 3672 transimus,

489 3710 670 3764 cdocti
707 3710 776 3763 ab
811 3724 876 3762 eo
907 3709 997 3776 qui
1037 3709 1089 3760 in
1125 3705 1381 3776 paradiso
1417 3719 1616 3757 arcana
1653 3702 1946 3757 ineffabilia
1981 3702 2067 3754 di-

491 3799 661 3863 dicit,
688 3800 830 3868 quod
864 3813 1206 3867 quaecunque
1235 3811 1392 3852 sacra
1429 3794 1714 3860 Scriptura
1745 3795 1909 3858 dicit,
1941 3792 2065 3862 Spi—

489 3894 631 3946 ritus
676 3891 850 3945 sancti
889 3892 999 3945 sint
1035 3906 1196 3944 voces
1248 3891 1360 3944 sive
1401 3887 1584 3941 effata.
1626 3885 1893 3939 Prwclare
1930 3894 2067 3937 certe

490 3984 722 4053 Spiritus
763 3993 978 4037 sanctus
1014 3983 1218 4034 locutus
1251 3991 1325 4033 est
1364 3997 1455 4041 per
1490 3978 1688 4031 Isaiam
1723 3977 2026 4045 prophetam
2049 4016 2062 4034 .

488 4073 805 4143 prop/tamus
833 4071 1074 4139 patribus
1141 4071 1336 4122 nostris
1367 4069 1408 4122 ³.
1458 4065 1572 4119 Hoc
1615 4067 1679 4118 ad
1721 4063 1938 4117 .111ιΙι1ιοε
1972 4064 2065 4133 qui

489 4161 676 4215 Roma:
708 4168 868 4215 erant
903 4175 1029 4213 cum
1067 4159 1240 4219 dixit,
1279 4157 1434 4212 Isaiae
1470 4170 1634 4210 voces
1674 4155 1857 4208 infert.
1903 4154 1964 4206 Et
1999 4153 2065 4206 ad

491 4252 750 4307 Hebraeos
771 4267 893 4305 eum
919 4251 1308 4320 praeposuisset
1334 4249 1623 4318 spiritum,
1651 4248 1704 4299 in
1729 4246 1928 4315 quibus
1957 4247 2062 4309 ait,

491 4343 826 4412 Quapropter
855 4343 990 4395 sicut
1017 4341 1148 4394 dicit
1182 4340 1415 4408 Spiritus
1447 4339 1491 4370 ¹⁹
1513 4380 1528 4404 ,
1562 4339 1650 4391 ille
1681 4345 1906 4391 sanctus
1939 4337 2068 4389 sub-

483 4435 606 4505 jieit
637 4436 828 4504 psalmi
866 4434 906 4463 ”
939 4433 1133 4494 verba,
1167 4448 1231 4485 ex
1270 4445 1507 4499 persona
1554 4427 1646 4482 Dei
1697 4427 1815 4480 fuse
1860 4437 1913 4481 et
1960 4427 2066 4480 late

2171 3229 2319 3298 παρά
2348 3228 2442 3280 τοῦ
2482 3229 2801 3281 Ἀποστόλου
2832 3230 3370 3299 μυσταγωγούμενοι,
3399 3234 3461 3285 ἐκ
3490 3232 3582 3285 τοῦ
3623 3235 3758 3286 ἀπο-

2170 3320 2482 3383 κτεννύντος
2509 3321 2829 3390 γράμματος
2860 3319 2996 3389 πρὸς
3037 3321 3097 3373 τὸ
3147 3322 3442 3386 ζωοποιοῦν
3490 3325 3754 3394 μεταδαί-

2167 3430 2328 3482 νομεν
2355 3411 2591 3481 πνεῦμα,
2617 3413 2876 3482 μαθόντες
2897 3414 3043 3482 παρὰ
3063 3413 3156 3467 τοῦ
3183 3414 3482 3485 μυηθέντος
3505 3417 3562 3467 ἐν
3589 3433 3758 3485 παρα-

2166 3504 2326 3574 δείσῳ
2349 3503 2416 3556 τά
2455 3505 2700 3574 ἄρρητα·
2730 3504 2811 3556 ὅτι
2841 3505 2940 3556 ὅσα
2977 3505 3010 3574 ἡ
3056 3505 3174 3559 θεία
3213 3505 3400 3576 Γραφὴ
3442 3506 3608 3575 λέγει,
3660 3508 3754 3561 τοῦ

2169 3595 2482 3663 Πνεύματός
2531 3597 2638 3648 εἰσι
2676 3595 2770 3646 τοῦ
2815 3596 2970 3663 ἁγίου
3020 3596 3441 3664 φωναί.Κιιλῶς
3464 3598 3572 3666 γὰρ
3599 3614 3749 3664 προ-

2166 3687 2466 3756 εφήτευσε
2483 3687 2548 3740 τὸ
2566 3689 2807 3756 Πνεῦμα
2823 3689 2887 3740 τι)
2905 3687 3075 3757 ἅγιον
3095 3705 3107 3717 '
3127 3687 3281 3740 τοῦτο
3306 3688 3439 3759 πρὸς
3460 3689 3584 3750 τοὺς
3615 3689 3756 3743 κατὰ

2179 3779 2396 3849 Ῥώμην
2437 3779 2722 3843 Ἰουδαίους
2775 3779 2965 3836 εἰπὼν.
2999 3781 3098 3842 τάς
3139 3781 3358 3832 Ἡσαΐου
3401 3781 3584 3850 φωνάς
3634 3783 3754 3834 ἐπι-

2168 3870 2342 3939 φέρει’
2371 3869 2463 3923 καὶ
2490 3870 2625 3941 πρὸς
2659 3871 2939 3942 Ἐϐραίους
2963 3870 3022 3924 τὸ
3045 3871 3260 3942 πνεῦμα
3281 3871 3572 3941 προτάξας,
3593 3874 3650 3924 ἐν
3672 3866 3756 3934 οἷς

2167 3978 2363 4030 φησιν,
2402 3963 2484 4015 ὅτι
2523 3961 2620 4015 Διὸ
2665 3963 2856 4028 καθὼς
2886 3963 3045 4032 λέγει
3081 3963 3147 4016 τὸ
3181 3963 3420 4032 Πνεῦμα
3460 3966 3524 4017 τὸ
3557 3964 3750 4034 ἅγιον,

2169 4053 2362 4121 ἐπάγει
2390 4054 2456 4106 τὰ
2484 4054 2582 4123 τῆς
2615 4055 2931 4124 ψαλμῳδίας
2963 4058 3200 4126 ῥήματα,
3244 4055 3318 4107 τά
3357 4057 3421 4108 ἐκ
3460 4057 3753 4124 προσώπου

2167 4145 2260 4198 τοῦ
2285 4145 2418 4198 Θεοῦ
2445 4146 2750 4209 διεξοδικῶς
2772 4147 3054 4216 εἰρημένα.
3095 4147 3204 4200 Καὶ
3237 4148 3362 4217 παρ’
3387 4149 3548 4200 αὑτοῦ
3574 4148 3631 4200 δέ
3654 4149 3749 4199 τοῦ

2167 4240 2371 4309 Κυρίου
2410 4239 2471 4292 τὸ
2511 4233 2628 4291 ἴσον
2673 4238 2966 4307 ἐμάθομεν,
2998 4239 3078 4292 ὅτι
3120 4237 3281 4291 Δαϐὶδ
3327 4238 3426 4290 οὑκ
3467 4240 3525 4290 ἐν
3571 4239 3749 4308 ἑαυτῷ

2171 4331 2367 4400 μένων,
2416 4330 2557 4382 τοῦτ’
2593 4329 2735 4382 ἐστιν
2783 4333 2842 4382 οὑ
2891 4329 3033 4382 κατὰ
3071 4330 3169 4399 τὴν
3207 4329 3550 4399 ἀνθρωπίνην
3587 4328 3750 4397 φύσιν

2172 4420 2556 4490 φθεγγόμενος,
2586 4421 2651 4473 τά
2680 4422 2904 4490 οὐράνια
2931 4421 3126 4492 διεξῄει
3174 4423 3463 4491 μυστήρια.
3494 4420 3614 4483 Πῶς
3640 4420 3751 4491 γάρ

487 4525 654 4579 dicta.
712 4525 775 4576 Et
829 4523 897 4576 ab
942 4524 1062 4591 ipso
1111 4521 1342 4574 Domino
1376 4519 1514 4572 idem
1549 4519 1881 4581 didicimus,
1919 4517 2061 4586 quod

2172 4513 2232 4566 ἄν
2283 4530 2364 4575 τις
2412 4513 2692 4583 ἅνθρωπος
2735 4514 2828 4575 ὢν,
2877 4513 2966 4565 τὸν
3013 4513 3333 4582 ἐπουράνιον
3381 4511 3622 4579 διάλογον
3654 4511 3748 4564 τοῦ

487 4614 660 4669 David
692 4631 800 4668 non
857 4614 909 4666 in
962 4629 1022 4666 se
1072 4626 1330 4671 manens,
1367 4610 1416 4662 id
1450 4616 1571 4671 est,
1608 4623 1716 4660 non
1765 4607 2062 4661 secundum

485 4711 786 4764 humanam
821 4717 1074 4759 naturam
1107 4716 1410 4772 pet-sonans
1437 4701 1678 4754 caelestia
1708 4699 2068 4751 annuntiabat

486 4799 771 4870 mysteria.
809 4796 1099 4862 Quomodo
1129 4796 1275 4848 enim
1310 4794 1438 4863 quis
1467 4793 1630 4844 horno
1659 4790 1932 4845 exsistens
1963 4802 2068 4841 eo:-

486 4891 626 4945 leste
673 4889 1011 4957 colloquium
1066 4886 1242 4939 Patris
1275 4900 1398 4938 cum
1437 4881 1574 4937 Filio
1627 4880 1918 4936 novisset?
1967 4878 2063 4933 sed

490 4983 697 5054 Spiritu
749 4981 962 5035 amatus
1017 4978 1187 5040 dixit,
1253 4979 1415 5031 etiam
1473 4974 1766 5028 Dominum
1833 4969 2063 5024 Domino

487 5078 635 5146 loqui
666 5090 788 5144 quae
814 5074 976 5128 dixit.
1009 5070 1068 5125 Si
1099 5071 1235 5123 enim
1274 5065 1438 5119 David
1473 5067 1525 5119 in
1587 5065 1810 5131 spiritu,
1856 5064 2060 5130 inquit.

486 5178 634 5222 vocat
678 5182 796 5220 eum
847 5163 1163 5221 Dominum,
1213 5157 1474 5227 quomodo
1509 5154 1682 5208 Filius
1731 5156 1844 5224 ejus
1875 5163 1950 5206 est
1985 5152 2064 5204 “?

486 5259 630 5330 Ergo
661 5259 885 5312 numine
933 5255 1095 5309 amati
1145 5252 1322 5308 sancti
1379 5257 1532 5303 vates
1576 5249 1780 5302 virtute
1825 5245 2062 5314 Spiritus

487 5352 663 5408 sancti
702 5349 1088 5419 inspirantur:
1124 5353 1177 5398 et
1211 5343 1334 5397 ideo
1367 5341 1546 5394 omnis
1588 5337 1871 5405 Scriptura
1921 5335 2059 5388 divi-

486 5446 637 5500 nitus
671 5442 938 5512 inspirata
969 5439 1173 5492 dicitur
1207 5437 1281 5499 ¹³,
1319 5434 1446 5504 quia
1486 5432 1558 5486 sit
1593 5431 1788 5484 divina:
1820 5429 2054 5496 inspira-

485 5537 654 5591 tionis
685 5534 956 5588 doctrina.
1006 5529 1062 5584 Si
1110 5540 1433 5597 corporeum
1470 5524 1812 5576 involucrum
1846 5520 2053 5572 circum

485 5627 788 5690 auferatur,
822 5623 1094 5693 reliquum
1127 5618 1392 5674 Dominus
1423 5624 1529 5678 est,
1566 5614 1675 5666 vita
1701 5622 1752 5666 et
1787 5610 2015 5679 spiritus
2038 5648 2053 5672 ,

560 5827 582 5858 ⁸
609 5825 726 5880 Act.
761 5836 952 5887 xxvtu,
982 5817 1073 5873 25.
1153 5817 1196 5850 ¹⁶
1232 5814 1396 5871 Hebr.
1434 5827 1515 5879 ut,
1545 5811 1598 5865 7.

1677 5811 1716 5842 “
1744 5807 1888 5864 Psal.
1925 5821 2070 5874 χειν,
2097 5804 2150 5859 8.

2167 4603 2376 4673 Πατρὸς
2408 4605 2540 4675 πρὸς
2573 4604 2661 4656 τὸν
2698 4604 2822 4656 Υίὸν
2851 4603 3035 4675 γνοίης
3083 4604 3220 4656 Ἀλλ’
3248 4603 3306 4656 ἐν
3336 4603 3614 4673 Πνεύματι
3648 4601 3745 4664 ῶν,

2164 4696 2259 4748 καὶ
2296 4696 2496 4766 Κύριον
2535 4692 2656 4748 εἷπε
2685 4695 2763 4766 τῷ
2792 4697 2979 4766 Κυρίῳ
3005 4696 3182 4750 λαλεῖν
3211 4695 3245 4749 ἃ
3278 4695 3516 4766 εἴρηκεν.
3547 4698 3616 4750 Ei
3640 4696 3748 4764 γὰρ

2163 4785 2340 4838 Δαϐίδ
2362 4786 2433 4838 ἐν·
2456 4787 2769 4855 πνεύματι,
2793 4788 2946 4856 φησὶ,
2967 4787 3141 4840 καλεῖ
3162 4785 3347 4840 αὐτὸν
3366 4787 3604 4852 Κύριον,
3620 4783 3746 4849 πῶς

2171 4880 2305 4942 Υἱὸς
2320 4879 2505 4931 αὑτοῦ
2521 4878 2692 4931 ἐστιν
2711 4897 2725 4945 ;
2750 4878 2957 4932 Οὐκοῦν
2980 4882 3045 4950 τῇ
3075 4881 3298 4950 δυνάμει
3328 4878 3420 4932 τοῦ
3436 4879 3574 4931 Πνεύ
3583 4895 3746 4948 ματος

2161 4970 2211 5022 οἱ
2257 4969 2670 5039 θεοφορούμενοι
2726 4970 2832 5023 τῶν
2884 4970 3050 5037 ἁγίων
3109 4969 3455 5040 ἐμπνέονται.
3508 4968 3612 5022 Καὶ
3660 4969 3745 5021 διὰ

2159 5057 2315 5112 τοῦτο
2353 5061 2501 5110 πᾶσα
2550 5057 2740 5128 Γραφὴ
2775 5057 3124 5119 θεόπνευστος
3159 5055 3400 5125 λέγεται,
3430 5055 3516 5108 διὰ
3557 5055 3616 5106 τὸ
3647 5055 3743 5123 τῆς

2160 5150 2307 5212 θείας
2333 5149 2679 5219 ἐμπνεύσεως
2709 5146 2844 5202 εἶναι
2880 5148 3244 5202 διδασκαλίαν.
3277 5149 3340 5202 Et
3373 5142 3742 5217 περιαιρεθείη

2158 5243 2218 5294 τὸ
2260 5241 2561 5311 σωματικὸν
2599 5241 2690 5294 τοῦ
2719 5241 2875 5309 λόγου
2904 5241 3298 5312 προκάλυμμα,
3331 5239 3392 5291 τὸ
3429 5236 3742 5306 λειπόμενον

2162 5333 2362 5403 Κύριός
2388 5335 2520 5397 ἐστι,
2550 5335 2644 5387 καὶ
2667 5335 2779 5404 ζωὴ
2809 5335 2900 5388 καὶ
2927 5334 3166 5403 πνεῦμα,
3193 5334 3335 5385 κατά
3359 5349 3416 5384 τε
3452 5331 3541 5382 τὸν
3571 5329 3743 5398 μέγαν

2163 5426 2394 5484 Παῦλον.
2423 5427 2513 5479 καὶ
2545 5427 2684 5478 κατὰ
2713 5425 2809 5496 τὴν
2833 5425 2926 5478 τοῦ
2963 5424 3290 5492 Εὑαγγελίου
3318 5424 3518 5493 φωνήν.
3559 5419 3618 5474 ’0
3646 5421 3741 5490 μέν

2163 5517 2270 5586 γὰρ
2297 5515 2501 5579 Παῦλος
2528 5515 2606 5586 τῷ
2642 5517 3024 5588 ἐπιστρέψαντι
3056 5518 3120 5568 ἐκ
3142 5516 3233 5568 τοῦ
3254 5515 3579 5586 γράμματος
3609 5513 3740 5584 πρὸς

2162 5607 2222 5659 τὸ
2269 5608 2503 5678 πνεῦμα,
2553 5609 2734 5661 οὑκέτι
2782 5610 2878 5680 τὴν
2925 5607 3249 5690 ἀναιροῦσαν
3302 5605 3560 5673 δουλείαν,
3607 5603 3740 5658 ἀλλὰ

2228 5805 2270 5836 ¹²
2305 5803 2492 5859 Matth.
2531 5821 2663 5873 xxtl,
2693 5807 2781 5862 43.
2863 5807 2905 5837 ¹³
2942 5805 2981 5859 ΙΙ
3010 5806 3150 5861 Tim.
3188 5819 3269 5869 Itl,
3307 5805 3392 5861 16.
