4138 6364
362 431 471 489 765

1452 423 1731 481 CONTRA
1766 419 2157 486 EUNOMIUM,
2196 418 2325 473 LIB.
2369 416 2480 473 νη.

3518 411 3627 468 746

361 546 567 617 Κύριον
604 539 723 597 εἷπε
750 539 1282 613 καταλαμϐάνεσθαι,
1312 539 1370 602 6;
1401 539 1461 591 τὸ
1494 537 1755 603 ζωοποιὸν
1780 535 1943 589 πνεῦ-

2071 545 2200 588 usta
2230 546 2485 602 magnum
2520 527 2750 582 Paulum
2802 533 2857 582 et
2904 524 3182 596 Evangelii
3230 537 3435 579 vocem.
3480 523 3617 580 Nam

363 638 444 708 μά
473 640 611 690 ἐστι.
636 637 710 688 T6
734 636 791 687 δὲ
819 634 1022 705 ὑψηλὸν
1055 632 1381 701 Εύαγγέλιον
1407 633 1538 702 φησί
1562 646 1576 660 ·
1615 632 1693 685 Τὰ
1708 629 1946 699 ῥήματα

361 730 402 785 ἆ
422 729 537 799 ἐγὼ
566 727 735 782 λαλῶ
772 718 1012 796 πνεῦμά
1039 728 1165 780 ἐστι
1194 724 1291 778 καὶ
1335 724 1466 791 ζωὴ,
1510 724 1586 787 ὡς
1615 722 1796 793 γυμνὰ
1822 720 1948 773 ὄντα

360 820 456 875 τοῦ
488 819 799 890 σωματικοῦ
830 819 1312 890 προκαλύμματος.
1344 816 1548 869 Οὐσίαν
1589 815 1645 867 δὲ
1690 814 1784 867 τοῦ
1831 815 1946 868 Μο-

364 912 613 983 νογενοῦς
667 913 728 965 τὸ
790 910 1006 982 πνεῦμα
1058 914 1229 974 νοεῖν,
1285 910 1411 971 τοὺς
1469 907 1844 978 ὀνειροπόλους
1882 905 1949 958 ἂν

366 1007 625 1077 φήσωμεν
649 1022 661 1033 ·
714 1003 912 1074 μᾶλλον
963 1003 1018 1055 δὲ
1064 1004 1204 1055 κατὰ
1260 1000 1569 1072 περιουσίαν
1618 998 1818 1070 πολλὴν
1857 997 1952 1050 καὶ

363 1102 477 1161 τοῖς
530 1097 753 1151 ἐκείνων
812 1096 1127 1167 χρησόμεθα
1154 1134 1173 1161 ,
1209 1095 1303 1148 καὶ
1366 1093 1453 1146 διὰ
1515 1091 1625 1145 τῶν
1697 1090 1952 1145 ἐναντίων

366 1189 537 1259 βελῶν
601 1187 998 1257 καθοπλίσομεν
1052 1185 1151 1253 τὴν
1224 1183 1505 1254 ἀλήθειαν.
1561 1181 1777 1247 Ἔξεστι
1847 1179 1953 1250 γὰρ

366 1281 794 1350 συλαγωγεῖσθαι
860 1280 1012 1352 παρὰ
1068 1278 1176 1332 τῶν
1244 1275 1593 1348 Ἰσραηλιτῶν
1648 1275 1738 1327 τὸν
1792 1272 1955 1341 Αίγύ-

274 1432 277 1435 _
369 1392 546 1435 πτιον,
591 1374 680 1426 καὶ
731 1373 953 1439 ποιῆσαι
992 1371 1083 1425 τὸν
1140 1370 1361 1423 ἐκείνων
1413 1367 1641 1421 πλοῦτον
1690 1366 1955 1437 ἡμέτερον

368 1465 591 1535 κόσμον.
627 1466 688 1518 El
721 1463 937 1532 πνεῦμα
962 1462 1177 1531 λέγεται
1204 1461 1295 1515 τοῦ
1320 1460 1446 1514 Υἱοῦ
1473 1462 1505 1530 ἡ
1530 1460 1705 1521 οὐσία,
1743 1459 1957 1527 πνεῦμα

365 1558 426 1611 δὲ
453 1559 544 1611 καὶ
584 1559 611 1609 6
648 1556 813 1617 Θεό-ς’
845 1555 985 1608 οὓτω
1026 1554 1135 1623 γὰρ
1175 1553 1320 1622 λέγει
1368 1554 1462 1606 καὶ
1502 1552 1562 1605 τὸ
1608 1550 1958 1619 Εὑαγγέλιοψ

370 1651 465 1704 καὶ
511 1652 543 1721 ἠ
602 1649 696 1702 τοῦ
744 1650 956 1717 Πατρός
998 1646 1153 1701 οὐσία
1195 1646 1411 1708 πάντως
1447 1645 1665 1712 λέγεται
1722 1641 1956 1711 πνεῦμα.

384 1742 543 1795 Ἀλλὰ
586 1742 743 1811 μόνον
781 1740 1003 1793 ἐκείνων
1042 1739 1198 1807 λόγος
1241 1738 1378 1802 ἐστὶ,
1414 1736 1481 1789 τὰ
1529 1736 1795 1805 ἀνομοίως
1824 1750 1959 1803 προ-

376 1830 668 1900 φερόμενα,
705 1829 799 1882 καὶ
830 1828 973 1881 κατὰ
999 1827 1095 1897 τὴν
1122 1827 1283 1897 φύσιν
1328 1825 1596 1895 ἀνομοίως
1634 1823 1804 1893 ἔχειν’
1838 1838 1961 1874 συν⁴

375 1921 565 1988 ἀγεται
602 1921 836 1983 πάντως,
884 1918 953 1972 τά
997 1919 1256 1979 ὡσαύτως
1308 1914 1594 1986 λεγόμενα,
1639 1914 1773 1984 μηδὲ
1820 1912 1961 1965 κατὰ

372 2012 473 2083 τὴν
504 2012 664 2080 φύσιν
690 2010 1080 2083 ἠλλοτριῶσθαι
1105 2010 1241 2081 πρὸς
1270 2007 1492 2077 ἄλληλα.
1525 2007 1676 2059 Ἐπεὶ
1699 2000 1790 2058 οὖν
1821 2002 1960 2057 κατὰ

373 2101 648 2171 τὸνλόγον
689 2102 869 2155 αὐτῶν
915 2100 1132 2171 πνεῦμα
1177 2100 1392 2168 λέγεται
1427 2096 1522 2151 τοῦ
1569 2096 1700 2149 Υίοῦ
1741 2094 1959 2148 καὶτοῦ

376 2195 587 2264 Πατρδς
616 2195 649 2264 ἡ
675 2194 866 2246 οὐσία·
904 2193 966 2246 τὸ
1002 2192 1075 2263 μὴ
1119 2186 1258 2245 εἶναι
1302 2191 1402 2261 τῆς
1448 2188 1633 2253 ούσίας
1678 2186 1961 2260 διαφορὰν,

374 2278 463 2331 διὰ
492 2279 695 2332 τούτων
728 2280 913 2349 σαφῶς
944 2280 1337 2332 ἀποδέδεικται.

2048 628 2251 680 Paulus
2289 626 2336 679 ei
2377 622 2471 693 qui
2506 637 2565 677 se
2593 635 2623 673 a
2659 620 2837 672 littera
2871 618 2936 672 ad
2966 618 3220 687 spiritum
3255 617 3584 669 converterit
3606 656 3622 677 ,

2049 735 2158 774 non
2192 718 2427 787 amplius
2468 712 2885 767 intertieientem
2919 710 3275 770 servitutem,
3312 706 3405 763 sed
3445 707 3627 761 Domi-

2050 826 2180 865 num
2224 809 2366 862 dixit
2411 804 2835 873 comprehendi,
2890 818 2983 872 qui
3038 800 3287 854 vivificus
3333 810 3415 854 est
3466 800 3632 870 spiri-

2051 911 2163 957 tus.
2208 899 2455 956 Sublime
2496 905 2679 951 autem
2727 892 3087 964 Evangelium
3114 892 3287 947 dicit:
3327 890 3494 944 Verba
3516 907 3633 960 qua?

2051 1012 2142 1065 ego
2169 994 2373 1063 loquor,
2402 990 2620 1058 spiritus
2651 997 2772 1041 sunt
2798 997 2846 1041 et
2876 986 2985 1040 vita
3015 985 3080 1051 “,
3111 994 3165 1038 ut
3199 999 3319 1054 quae
3350 983 3493 1037 nuda
3524 984 3635 1036 sint

2052 1093 2107 1139 et
2157 1097 2328 1137 vacua
2379 1078 2653 1149 corporali
2702 1077 3029 1131 velamento.
3079 1073 3391 1129 Essentiam
3451 1082 3634 1124 autem

2054 1172 2337 1244 Unigeniti
2370 1172 2623 1241 spiritum
2653 1168 2959 1237 intelligere
2991 1165 3339 1221 somniorum
3374 1165 3637 1231 interpre-

2056 1277 2139 1321 tes
2172 1265 2497 1321 dixerimus.
2545 1263 2689 1329 Quin
2731 1262 2897 1316 etiam
2941 1274 3040 1329 pro
3085 1257 3378 1312 corollario
3419 1257 3639 1310 illorum

2056 1358 2369 1413 rationibus
2400 1364 2644 1415 utemur,
2679 1361 2733 1407 et
2778 1352 3215 1406 adversariorum
3266 1350 3389 1403 telis
3437 1348 3636 1400 verita-

2060 1459 2171 1505 tem
2223 1449 2586 1502 armabimus.
2642 1445 2794 1499 Licet
2840 1445 2985 1498 enim
3032 1442 3295 1496 lsraelitis
3342 1439 3640 1508 Egyptum

2060 1542 2362 1612 depraailari
2390 1549 2443 1593 et
2474 1554 2663 1594 eorum
2706 1537 2927 1591 divitias
2969 1545 3225 1589 ornatum
3276 1541 3525 1587 nostrum
3563 1532 3642 1583 fa-

2061 1650 2187 1689 cere
2214 1642 2268 1688 et
2298 1640 2506 1687 nostra.
2544 1631 2602 1684 Si
2653 1630 2885 1700 spiritus
2934 1628 3139 1683 dicitur
3193 1625 3314 1679 Filii
3361 1624 3640 1684 essentia,

2062 1727 2286 1798 spiritus
2342 1730 2526 1777 autem
2583 1720 2772 1785 Deus,
2822 1721 2904 1775 sic
2953 1720 3098 1773 enim
3138 1719 3215 1771 ait
3248 1716 3639 1786 Evangeliuui,

2064 1823 2226 1884 atque
2270 1813 2435 1868 etiam
2484 1809 2669 1866 Patris
2720 1810 2959 1865 essentia
3004 1824 3233 1877 prorsus
3278 1808 3479 1861 dicitur
3528 1807 3643 1874 spi—

2066 1908 2228 1961 rilus.
2283 1905 2388 1961 Sed
2435 1905 2611 1959 solum
2659 1904 2875 1957 illorum
2913 1903 3051 1957 ratio
3086 1902 3201 1955 baec
3235 1912 3351 1965 est,
3386 1899 3533 1970 quod
3580 1914 3646 1952 ea

2068 2015 2188 2069 qua:
2218 1998 2564 2053 dissimiliter
2602 1996 2861 2050 dicuntur
2882 2036 2895 2060 ,
2927 1996 3091 2049 etiam
3125 1992 3425 2048 secundum
3478 1999 3644 2044 natu-

2068 2104 2185 2143 ram
2236 2086 2578 2141 dissimiliter
2623 2101 2683 2141 se
2729 2086 2965 2148 habent;
3018 2082 3368 2137 concluditur
3410 2096 3641 2150 prorsus

2070 2181 2215 2251 quod
2249 2197 2314 2235 ea
2342 2194 2463 2250 quae
2494 2178 2684 2233 eodem
2723 2176 2887 2231 modo
2920 2177 3197 2238 dicuntur,
3234 2190 3412 2244 neque
3444 2188 3644 2227 secun-

1994 2312 1995 2315 η
2078 2272 2206 2326 dum
2252 2280 2503 2325 naturam
2551 2278 2679 2324 sunt
2734 2270 2876 2323 inter
2917 2284 2974 2323 se
3025 2267 3261 2321 alienata
3304 2275 3358 2320 ct
3400 2266 3642 2322 diversa.

376 2368 657 2435 Quoniam
685 2372 851 2440 igitur
880 2372 1181 2426 secundum
1214 2373 1479 2427 rationem
1512 2372 1794 2441 ipsorum,
1822 2367 1947 2422 Filii
1985 2373 2040 2419 et
2112 2364 2293 2420 Patris
2349 2364 2585 2419 essentia
2638 2364 2843 2418 dicitur
2909 2362 3171 2431 spiritus,
3230 2376 3337 2414 non
3394 2358 3649 2413 essentia:

375 2459 738 2515 differentiam
784 2477 939 2526 esse,
979 2478 1074 2532 per
1108 2462 1223 2516 haec
1268 2463 1562 2517 manifesto
1596 2461 2034 2517 demonstratum
2068 2466 2173 2511 est.

448 2555 660 2624 Μικρὸν
704 2556 813 2626 γὰρ
865 2557 1002 2626 μετὰ
1048 2556 1223 2609 ταῦτά
1260 2574 1422 2627 φησιν
1469 2558 1498 2609 6
1549 2556 1846 2626 Εὑνόμιος,
1880 2556 1961 2608 ὅτι

385 2644 507 2699 Τῶν
570 2648 1087 2716 παρηλλαγμένον
1149 2648 1374 2701 οὐσιῶν
1396 2688 1414 2712 ,
1477 2646 1966 2716 παρηλλαγμέγαι

380 2737 617 2803 πάντως
643 2739 737 2791 καὶ
769 2741 829 2791 αἱ
858 2739 1218 2807 mutarum!
1253 2738 1364 2807 τῆς
1391 2740 1607 2804 οὐσίας
1635 2739 1753 2791 εἰσὶ
1782 2749 1965 2805 προσ-

380 2830 630 2899 ηγορίαι.
686 2832 811 2899 Ἐφ’
842 2826 930 2884 ὧν
967 2830 1035 2883 δὲ
1073 2831 1306 2900 μίακαὶ
1357 2830 1396 2897 ἡ
1451 2830 1603 2898 αὺτὴ
1654 2829 1842 2898 φωνὴ,
1899 2828 1968 2882 ἐν

381 2919 618 2985 πάντως
646 2919 815 2974 ἔσται
849 2920 945 2972 καὶ
974 2920 1038 2973 τὸ
1065 2919 1138 2986 τῇ
1180 2919 1335 2988 αὐτῇ
1364 2920 1731 2988 προσηγορίᾳ
1753 2918 1970 2985 δηλού-

375 3030 582 3082 μενον.
610 3013 768 3065 Ὥστε
808 3011 899 3065 διὰ
920 3012 1136 3065 πάντων
1158 3016 1186 3066 6
1218 3014 1582 3084 δρασσόμενος
1608 3012 1732 3073 τοὺς
1774 3012 1969 3078 σοφοὺς

381 3101 442 3154 ὲν
490 3102 555 3171 τῇ
595 3101 901 3171 πανουργίᾳ.
946 3101 1144 3165 αὐτῶν,
1188 3103 1315 3164 τοὺς
1362 3101 1605 3173 μακροὺς
1653 3101 1845 3162 πόνους
1876 3100 1969 3152 τοῦ

384 3191 746 3262 λογογράφου,
792 3194 884 3245 καὶ
928 3194 1053 3257 τοὺς
1107 3193 1333 3265 μυρίους
1358 3194 1449 3246 ἐπὶ
1495 3194 1605 3256 τοῖς
1660 3192 1969 3262 πονηθεῖσιν

385 3284 638 3355 ἱδρῶτας,
668 3284 805 3355 πρὸς
836 3284 930 3356 τὴν
966 3284 1220 3338 σύστασιν
1245 3285 1338 3338 τοῦ
1378 3284 1496 3338 καθ’
1528 3286 1674 3355 ἡμᾶς
1705 3284 1970 3353 δόγματος

2131 2551 2303 2604 Paulo
2352 2558 2478 2617 post
2542 2564 2670 2604 vero
2713 2548 2789 2601 ait
2839 2546 3139 2600 Eunomius
3180 2563 3192 2597 :

2060 2645 2404 2697 essentiarum
2426 2641 2707 2711 disjunctw
2721 2650 2841 2693 sunt
2864 2657 3078 2708 prorsus
3105 2641 3344 2693 essentiw
3368 2640 3649 2709 signi/ica-

2066 2736 2183 2787 tivrr
2223 2735 2625 2804 appellationes.
2691 2733 2752 2786 In
2794 2733 2983 2802 quibus
3024 2749 3141 2786 vero
3201 2750 3308 2785 una
3366 2733 3651 2799 eademque

2064 2841 2200 2888 vox,
2255 2842 2418 2878 unum
2468 2825 2676 2893 penitus
2732 2824 2831 2877 erit
2884 2823 3022 2892 quod
3063 2823 3245 2876 eadem
3295 2823 3650 2890 appellatione

2065 2918 2393 2972 declaratur.
2446 2915 2629 2983 Quare
2664 2931 2761 2985 per
2792 2915 2976 2968 omnia
3036 2916 3129 2984 qui
3167 2914 3399 2984 corripit
3434 2916 3671 2984 sapicn--

2069 3019 2150 3065 tes
2191 3012 2243 3065 in
2285 3012 2487 3065 astutia
2534 3012 2819 3079 ipsorum,
2861 3009 3056 3079 longos
3100 3009 3316 3062 labores
3361 3006 3651 3077 scriptoris

2068 3102 2230 3171 liujus
2276 3110 2329 3157 et
2375 3102 2622 3158 inﬁnitos
2674 3103 2745 3157 ob
2793 3102 3072 3157 elaborata
3109 3099 3341 3153 sudores
3377 3101 3442 3153 ad
3476 3100 3652 3153 nostri

2070 3196 2342 3266 dogmatis
2368 3194 2897 3250 commendationem
2924 3192 3311 3248 circumduxit.
3343 3191 3398 3244 Si
3421 3191 3568 3247 enim
3597 3192 3651 3244 in

2072 3284 2369 3358 Evangelio
2418 3288 2647 3357 spiritus
2699 3285 2844 3340 Deus
2896 3284 3141 3349 dicitur;
3192 3283 3421 3352 spiritus
3468 3290 3653 3337 autem

3249 2545 3648 2615 Disjunctarum

370 3376 744 3445 περιήγαγεν.
770 3377 830 3427 Εἰ
856 3378 963 3444 γὰρ
991 3376 1205 3446 πνεῦμα
1236 3377 1333 3447 μὲν
1372 3377 1400 3429 6
1442 3375 1571 3438 Θεὸς
1605 3377 1662 3429 ὲν
1686 3375 1762 3445 τῷ
1792 3375 1966 3442 Εὐαγ-

2076 3378 2352 3448 Unigeniti
2379 3379 2621 3433 essentia
2646 3377 2714 3431 ab
2739 3376 3009 3431 Eunomio
3032 3381 3319 3440 astruitur,
3345 3390 3470 3429 cum
3504 3375 3656 3428 nulla

386 3464 551 3535 γελίῳ
585 3464 826 3533 λέγεται·
866 3465 1082 3535 πνεῦμα
1125 3466 1181 3518 δὲ
1228 3466 1322 3519 τοῦ
1372 3466 1773 3536 Μονογενοῦςή
1815 3465 1971 3518 οὐσία

388 3560 543 3629 παρά
565 3557 656 3611 τοῦ
684 3559 945 3628 Εὐνομίου
971 3560 1456 3624 κατασκευάζεται,
1487 3559 1563 3630 τῷ
1588 3559 1809 3629 ὀνόματι
1837 3558 1972 3630 πρὸς

388 3650 453 3703 τὸ
481 3651 649 3721 ὄνομα
686 3651 953 3721 μηδεμιᾶς
1001 3651 1243 3722 ὑπούσης
1283 3652 1567 3723 διαφορᾶς,
1599 3652 1718 3705 οὐδὲ
1756 3652 1824 3706 τὰ
1872 3670 1971 3723 ση-

390 3742 686 3811 μαινόμενα
733 3742 949 3806 πάντως
989 3743 1093 3795 ὑπὸ
1145 3743 1251 3796 τῶν
1286 3744 1563 3813 ὀνομάτων
1608 3743 1699 3796 ἀπ’
1730 3744 1974 3815 ἀλλήλων

389 3834 530 3888 κατά
580 3834 677 3905 τὴν
716 3836 875 3901 φύσιν
915 3834 1331 3907 διενεχθήσεται.
1387 3837 1570 3906 Κάμοὶ
1619 3837 1763 3890 δοκεῖ
1793 3838 1972 3901 καλῶς

390 3924 534 3995 ἔχειν
565 3927 661 3996 τὴν
694 3926 896 3998 ἀδρανῆ
940 3926 1143 3999 ταύτην
1190 3929 1284 3981 καὶ
1330 3927 1605 3998 ἄπληκτον
1649 3929 1973 3999 σκιομαχίαν

389 4019 488 4090 τὴν
525 4019 720 4090 ἑφεξῆς
748 4018 895 4091 αὐτῷ
918 4021 1434 4092 συγγεγραμμένην,
1478 4022 1611 4091 πρὸς
1640 4021 1973 4092 κατηγορίαν

390 4112 498 4165 τῶν
520 4112 611 4165 τοῦ
638 4112 951 4167 διδασκάλου
983 4114 1175 4182 λόγων,
1200 4114 1577 4185 παραδραμεῖν
1599 4114 1969 4178 ἀνεξέταστον.

396 4202 654 4272 Ἔλεγχος
681 4204 787 4274 γὰρ
817 4204 997 4267 ἱκανὸς
1017 4205 1115 4272 τῆς
1144 4202 1253 4256 τῶν
1274 4204 1577 4273 εἰρημένων
1606 4204 1720 4255 ὲστὶ
1748 4203 1973 4273 ματαιό-

393 4311 574 4366 τητος,
608 4294 769 4359 αὐτὸς
802 4297 830 4348 6
860 4296 1014 4364 λόγος
1041 4295 1107 4348 δι’
1141 4296 1335 4350 ἑαυτοῦ
1376 4295 1511 4365 βοῶν
1545 4295 1641 4366 τὴν
1670 4288 1972 4352 ἀσθένειαν.

393 4384 466 4438 Ἱδ
508 4384 564 4439 δὲ
608 4388 720 4449 τοῖς
755 4385 1014 4449 τοιούτοις
1052 4386 1110 4439 ἐν
1155 4387 1363 4459 ἀγωνίᾳ
1406 4387 1831 4458 συμπλέκεσθαι,
1857 4383 1975 4441 ἶσόν

392 4476 506 4529 ἔστι
561 4475 639 4546 τῷ
684 4478 776 4530 καὶ
821 4481 1034 4547 νεκροῖς
1094 4478 1463 4549 ἐπεμϐαίνειν.
1500 4480 1821 4550 Ἐκθέμενος
1867 4480 1975 4553 γὰρ

392 4569 457 4621 ἐκ
488 4569 686 4639 πολλῆς
723 4570 1094 4639 πεποιθήσεως
1133 4572 1291 4641 ῥῆσιν
1340 4572 1432 4625 τοῦ
1466 4573 1784 4626 διδασκάλου
1832 4573 1972 4639 τινὰ,

2076 3472 2254 3527 subsit
2284 3470 2591 3526 diﬂ'erentia
2628 3469 2877 3524 nominis
2908 3483 3033 3523 cum
3076 3468 3327 3531 nomine,
3365 3483 3543 3537 neque
3574 3467 3652 3519 si-

2076 3564 2337 3635 gniﬁcata
2387 3578 2618 3634 prorsus
2666 3562 2771 3619 sub
2816 3562 3133 3616 nominibus
3176 3562 3320 3613 inter
3368 3576 3428 3615 se
3454 3575 3655 3615 secun-.

2076 3654 2205 3708 dum
2251 3661 2505 3709 naturam
2546 3651 2825 3707 lliﬂ'erent.
2856 3653 2933 3706 Ac
2971 3652 3105 3706 milii
3140 3652 3359 3706 videtur
3389 3653 3655 3721 ρτωςιςιιιο

2076 3746 2279 3801 habere
2330 3746 2472 3799 hanc
2524 3745 2797 3800 imbellem
2843 3754 2898 3800 et
2945 3746 3169 3799 minime
3214 3744 3497 3798 laedentem
3535 3761 3655 3797 um-

2077 3838 2327 3893 bratilem
2359 3853 2598 3908 pugnam
2648 3838 2914 3908 deinceps
2959 3837 3029 3891 ab
3076 3838 3194 3906 ipso
3242 3837 3653 3905 conscriptam,

2078 3933 2144 3985 ad
2198 3931 2443 3986 doctoris
2495 3945 2812 3985 sermonum
2866 3930 3321 3993 accusationem,
3380 3930 3655 3998 inexpnn-

2078 4032 2221 4077 ctam
2252 4024 2369 4077 sive
2402 4025 2752 4076 inexcussam
2787 4028 3234 4091 prmtercurrere.
3277 4019 3656 4090 Repreliensio

2076 4119 2223 4170 enim
2251 4115 2387 4170 satis
2415 4114 2597 4168 valida
2629 4124 2713 4169 est
2743 4122 2796 4167 et
2824 4113 3019 4167 idonea
3053 4113 3311 4166 vanitatis
3342 4112 3614 4165 dictorum
3638 4153 3655 4178 ,

2075 4209 2194 4278 ipse
2227 4222 2408 4263 sermo
2438 4220 2536 4276 per
2570 4220 2630 4261 se
2660 4204 2908 4259 clamans
2940 4204 3393 4258 imbecillitatem.
3429 4202 3656 4257 Talibus

2079 4309 2258 4355 autem
2303 4300 2358 4353 in
2397 4301 2546 4353 luela
2579 4305 2633 4354 et
2684 4297 2987 4353 certamine
3037 4296 3397 4364 complicari,
3448 4296 3659 4365 mquale

2077 4401 2162 4448 est
2189 4392 2237 4446 ei
2266 4391 2414 4461 quod
2442 4391 2645 4445 dicitur
2675 4391 2729 4444 in
2757 4397 3009 4444 mortuos
3033 4389 3315 4443 insultare.
3347 4388 3481 4441 Cum
3509 4388 3655 4441 enim

2078 4482 2248 4534 multa
2279 4480 2614 4534 conliilentia
2656 4490 2709 4533 et
2741 4478 3101 4547 persuasione
3131 4477 3430 4531 dictionem
3464 4493 3658 4546 quam-

2078 4573 2202 4627 dam
2233 4572 2477 4626 doctoris
2505 4571 2888 4641 exposuisset,
2924 4578 3050 4625 ante
3077 4570 3449 4624 calumniatus
3482 4580 3535 4623 et
3566 4583 3660 4622 cx-

392 4661 486 4714 xa‘t
517 4661 891 4732 προδιαδαλὼν
923 4666 1014 4716 καὶ
1046 4664 1366 4728 διαπτύσας,
1407 4666 1500 4717 καὶ
1533 4667 1654 4719 ἀντὶ
1689 4666 1780 4720 τοῦ
1812 4667 1966 4738 μηδε-

2081 4674 2367 4727 set-ratus,
2398 4679 2452 4717 ei
2482 4679 2580 4732 pro
2612 4662 2786 4717 nihilo
2819 4678 2941 4717 esse
2977 4678 3035 4716 se
3070 4669 3504 4715 monstraturum
3543 4660 3661 4730 pul-

393 4752 482 4817 νὸς
505 4748 641 4807 εἶναι
674 4754 867 4821 δείξειν
896 4757 1383 4827 ἐπαγγειλάμενος,
1422 4758 1618 4811 ταύτὸν
1657 4757 1823 4811 ἔπαθε
1863 4761 1974 4826 τοῖς

393 4847 606 4915 νηπίοις
645 4848 754 4900 τῶν
793 4848 1032 4902 παίδων⁶
1069 4843 1151 4912 οἷς
1194 4849 1257 4903 τδ
1301 4850 1487 4913 ἀτελὲς
1535 4850 1628 4903 καὶ
1671 4852 1847 4920 ἄωρον
1879 4851 1979 4921 τῆς

394 4937 632 5002 διανοίας
682 4940 776 4992 καὶ
812 4940 873 4993 τὸ
910 4940 1018 4995 τῶν
1067 4941 1435 5013 αἰσθητηρίων
1472 4942 1819 5013 ἀγύμναστον
1878 4944 1979 4996 οὑκ

394 5030 598 5101 ἀκριϐῆ
630 5032 812 5084 δίδωσι
844 5031 953 5086 τῶν
986 5034 1323 5103 φαινομένων
1363 5034 1460 5103 τὴν
1507 5035 1854 5104 κατανόησιν.
1882 5035 1979 5088 Διά

395 5120 554 5175 τοῦτο
582 5122 837 5187 πολλάκις
868 5125 1061 5193 πικρὸν
1080 5125 1222 5196 ὑπὲρ
1245 5125 1484 5195 κεφαλῆς
1506 5121 1643 5179 εἶναι
1669 5128 1793 5188 τοὺς
1820 5126 1978 5179 ἀστέ-

399 5230 496 5284 ρας
542 5214 869 5284 νομίζοντες,
923 5215 1112 5286 βώλοις
1161 5219 1301 5271 τισὶν
1348 5218 1451 5271 ὑπὸ
1495 5219 1745 5289 παιδικῆς
1791 5219 1975 5282 ἀνοίας

398 5305 767 5374 προφανέντας
792 5305 1255 5369 καταλιθάζουσιν.
1288 5303 1419 5359 Εἶτα
1444 5307 1860 5372 καταπεσούσης
1878 5308 1976 5378 τῆς

398 5392 592 5464 βώλου,
625 5395 723 5447 σὺν
748 5396 927 5467 κρότῳ
965 5397 1057 5450 καὶ
1102 5398 1296 5467 γέλωτι
1345 5398 1480 5468 πρὸς
1523 5401 1649 5463 τοὺς
1686 5397 1979 5470 ἡλικιώτας

401 5483 848 5556 μγαλαυχοῦσιν,
877 5487 949 5549 ὡς
980 5490 1064 5541 ἐπ’
1096 5490 1290 5553 αὐτοὺς
1340 5491 1464 5553 τοὺς
1491 5469 1725 5561 ἀστέρας
1766 5491 1864 5561 τῆς
1890 5469 1979 5561 βο-

401 5575 495 5645 λῆς
520 5576 846 5649 ἐνεχθείσης.
884 5580 1135 5644 Τοιοῦτος
1160 5584 1188 5635 6
1218 5581 1294 5651 τῷ
1328 5581 1471 5652 βέλει
1512 5581 1618 5635 τῶν
1643 5582 1851 5653 νηπίων
1882 5584 1980 5654 τὴν

403 5666 663 5737 ἀλήθειαν,
710 5668 913 5738 βαλών·
969 5671 1027 5730 ὃς
1083 5673 1332 5744 καθάπερ
1381 5673 1615 5745 ἀστέρας
1658 5673 1808 5739 τινὰς
1854 5675 1980 5737 τοὺς

472 5822 516 5856 ⁸⁸
546 5820 704 5880 Joau.
738 5840 815 5887 Vt,
854 5826 945 5881 64.

723 5931 998 5993 ΡΑτιιοι..
1056 5933 1174 5994 lin.
1204 5932 1392 5994 XLV.

2077 4756 2282 4815 licitus.
2313 4756 2454 4810 idem
2483 4755 2586 4824 ipsi
2614 4754 2816 4809 aceidit
2844 4752 2991 4823 quod
3022 4753 3206 4809 stultis
3233 4761 3289 4807 et
3324 4752 3657 4815 infantibus,

2076 4849 2277 4918 quibus
2308 4846 2632 4916 iinperlecta
2664 4856 2718 4901 et
2751 4845 2992 4899 nondum
3027 4856 3241 4899 matura
3270 4842 3656 4913 intelligentia,

2075 4948 2129 4994 et
2174 4940 2665 4994 instrumentorum
2711 4952 2972 4991 sensuum
3015 4934 3366 4989 imbecillitas
3404 4949 3514 4987 non
3564 4932 3660 4986 dat

2075 5042 2325 5089 exactam
2367 5047 2560 5085 eorum
2593 5046 2713 5099 qua:
2749 5038 3013 5099 apparent
3054 5026 3427 5098 cognitionem
3463 5044 3477 5079 :
3526 5041 3661 5096 pro-

2078 5136 2264 5197 pterea
2307 5140 2450 5194 saepe
2492 5124 2750 5179 acerbum
2796 5137 2960 5190 supra
3006 5129 3168 5190 caput
3206 5134 3329 5175 esse
3370 5119 3559 5174 stellas
3591 5118 3659 5171 ab

2076 5216 2210 5285 ipsis
2238 5215 2498 5285 praevisae
2531 5221 2804 5284 putantes,
2825 5212 2999 5282 glebis
3028 5210 3358 5281 quibusdam
3390 5225 3501 5279 prae
3526 5224 3660 5278 pue-

2075 5308 2165 5362 rili
2203 5308 2442 5363 amentia
2474 5306 2745 5377 lapidant.
2794 5304 2999 5359 Deinde
3045 5320 3170 5359 cum
3213 5304 3367 5375 gleba
3418 5302 3658 5366 cecidit,

2077 5414 2203 5454 cum
2241 5400 2437 5469 plausu
2473 5409 2527 5453 et
2574 5400 2692 5455 risu
2743 5395 2811 5450 ad
2865 5411 2994 5452 suos
3046 5396 3285 5466 aequales
3334 5395 3656 5465 gloriantur,

2079 5491 2313 5547 sublatis
2344 5490 2659 5546 cervicibus
2682 5530 2696 5552 ,
2734 5488 2963 5558 perinde
2996 5502 3060 5543 ac
3098 5488 3144 5543 si
3189 5488 3333 5542 ictus
3364 5486 3432 5540 ad
3469 5485 3659 5539 stellas

2088 5584 2237 5655 ipsas
2270 5583 2627 5654 pervenisset.
2659 5580 2812 5637 Talis
2845 5589 2929 5637 est
2961 5582 3053 5636 hic
3089 5581 3183 5653 qui
3217 5580 3326 5635 telo
3364 5576 3657 5633 infantium

2088 5679 2372 5734 veritatem
2406 5677 2710 5750 percussit,
2757 5674 2847 5745 qui
2882 5683 3142 5746 tanquam
3174 5674 3440 5746 quasdam
3474 5668 3660 5728 stellae

3268 5929 3347 5993 24
