4138 6364
502 379 603 433 747

1750 386 1809 444 S.
1839 387 2166 446 GREGORII
2193 389 2487 446 NYSSENI

3661 392 3768 449 748

501 500 914 570 superlucentes
945 497 1069 553 illos
1116 499 1361 558 doctoris
1409 518 1695 559 sermones
1744 521 1869 560 eum
1926 507 2081 577 prius

2210 510 2560 581 ιπερλαμπεῖς
2593 511 2832 577 ἐκείνους
2873 511 2964 567 τοῦ
3009 514 3324 570 διδασκάλου
3369 514 3770 587 προεκθέμενος

501 593 884 661 exposuisset,
922 603 975 646 et
1002 593 1319 662 proculcata
1351 602 1405 647 et
1437 595 1587 649 humi
1621 607 1845 668 repente
1875 601 2082 654 intelli—

501 686 714 755 gentia,
745 701 776 739 e
807 694 954 739 terra
1000 695 1251 741 terrenos
1279 696 1334 741 et
1363 689 1656 745 instabiles
1687 693 1922 762 projecit
1967 710 2082 749 ser-

505 792 717 832 mones.
761 774 864 842 Qui
903 785 1115 831 tantum
1150 779 1469 844 sublimati,
1501 790 1770 852 quantum
1827 800 1936 837 non
1983 785 2078 839 ha-

502 871 668 924 beant
698 869 842 923 unde
867 869 1205 933 ceciderint,
1237 886 1370 926 casu
1399 880 1452 925 et
1482 883 1687 928 temere
1716 883 1917 946 suopte
1944 893 2085 948 pon-

504 960 634 1013 dere
660 959 911 1014 subversi
940 969 1091 1014 sunt.
1123 960 1300 1032 Magni
1329 962 1474 1016 enim
1499 961 1686 1018 Basilii
1713 965 1883 1021 dictio
1907 968 1989 1022 sic
2017 969 2084 1023 ad

504 1050 732 1105 verbum
759 1051 1012 1121 habet(a)
1046 1069 1059 1106 :
1089 1051 1297 1106 Etenim
1327 1054 1441 1124 quis
1471 1054 1592 1108 huic
1625 1059 1858 1110 sermoni
1885 1061 2075 1114 mentis

506 1159 717 1211 compos
764 1153 814 1197 et
866 1145 1074 1198 sobrius
1133 1148 1502 1209 consenserit,
1557 1165 1784 1217 quorum
1867 1152 2086 1205 no-nina

508 1252 632 1296 sunt
671 1243 1010 1313 differentia,
1052 1245 1239 1299 horum
1276 1247 1438 1300 etiam
1484 1247 1740 1300 essentias
1786 1243 2045 1312 dissidere
2069 1283 2084 1309 ,

510 1353 714 1390 necesse
737 1336 1014 1390 est?Nam
1050 1339 1217 1402 Petri,
1251 1349 1300 1392 et
1325 1339 1506 1402 Pauli,
1549 1348 1596 1392 et
1624 1347 1680 1390 ut
1715 1336 1874 1390 semel
1897 1323 2089 1398 dicam,

510 1426 743 1477 omnium
778 1425 1049 1480 hominum
1090 1428 1467 1496 appellationes
1515 1426 1725 1496 quidem
1757 1435 1878 1478 sunt
1932 1423 2087 1491 di/I'e-

513 1527 729 1572 rentes:
775 1520 1008 1572 onmium
1060 1529 1234 1573 tamen
1273 1520 1501 1574 essentia
1553 1535 1681 1572 una.
1735 1516 1997 1583 Quocirca
2036 1517 2091 1570 in

512 1608 759 1676 plurimis
810 1607 968 1663 iidem
1032 1611 1168 1663 inter
1201 1627 1295 1664 nos
1352 1625 1556 1675 sumus,
1587 1609 1715 1662 solis
1747 1616 1921 1660 autem
1968 1623 2092 1676 pio-

513 1700 827 1768 prietatibus
852 1717 968 1770 qua:
1000 1701 1054 1754 in
1078 1702 1300 1771 singulis
1317 1699 1724 1755 considerantur
1755 1699 1852 1752 alii
1879 1698 1943 1751 ab
1966 1698 2091 1752 aliis

515 1795 835 1864 differimus.
868 1793 1094 1864 Ideoque
1132 1797 1370 1864 sequitur
1403 1792 1937 1864 appellationes,quw
1984 1792 2094 1844 sin-

2183 601 2394 670 λόγους,
2427 603 2662 672 χαμόθεν
2705 606 2766 658 ἐκ
2801 606 2901 676 τῆς
2933 607 3326 678 πεπατημένης
3354 608 3447 660 καὶ
3471 609 3769 678 χαμαιρρι-

2186 694 2318 759 ποῦς
2351 696 2606 760 διανοίας,
2646 697 2771 761 τοὺς
2807 697 3028 766 γεώδεις
3062 713 3122 752 τε
3162 700 3254 753 καὶ
3285 702 3552 764 άστάτους
3578 699 3770 773 ἔρριψε

2185 789 2375 857 λόγους
2398 805 2409 817 ·
2465 789 2514 841 οἳ
2550 788 2799 842 τοσοῦτον
2831 789 3154 859 ὑψωθέντες,
3185 793 3308 846 ὅσον
3347 793 3421 864 μὴ
3469 792 3613 863 ἔχειν
3648 792 3772 847 ὅθεν

2187 881 2423 934 πέσωσιν
2455 880 2796 952 αὐτομάτως,
2842 880 2921 952 τῷ
2958 881 3166 936 ἑαυτῶν
3210 882 3365 954 βάρει
3397 883 3772 955 περιετράπη-

2188 989 2304 1025 σαν.
2351 974 2412 1024 Ἤ
2447 972 2545 1042 μὲν
2573 971 2680 1042 γάρ
2704 971 2798 1026 τοῦ
2827 973 3064 1043 μεγάλου
3097 973 3378 1026 Βασιλεὶου
3417 974 3574 1045 ῥῆσις
3601 972 3775 1036 οὕτως

2187 1062 2328 1117 κατά
2360 1063 2459 1134 τὴν
2483 1063 2627 1128 λέξιν
2655 1064 2786 1134 ἔχει’
2813 1066 3015 1119 Καίτοι
3050 1064 3144 1132 τίς
3172 1064 3250 1120 ἂν
3281 1065 3362 1132 τῷ
3391 1067 3552 1135 λόγῳ
3587 1067 3777 1133 τούτῳ

2187 1153 2516 1224 σωφρονῶν
2550 1156 2872 1224 πρόσθοιτο
2893 1173 2907 1187 ο
2953 1156 3042 1210 ὅτι
3083 1150 3173 1210 ὧν
3217 1159 3290 1210 τὰ
3331 1156 3593 1227 ὀνόματά
3641 1158 3778 1211 ἐστι

2187 1247 2471 1317 διάφορα,
2521 1249 2747 1303 τούτων
2788 1249 3207 1318 παρηλλάχθαι
3258 1249 3359 1303 καί
3405 1249 3512 1315 τὰς
3559 1250 3778 1314 οὐσίας

2188 1337 2452 1408 ard-run;
2474 1338 2699 1407 Πέτρου
2722 1339 2833 1409 γὰρ
2860 1340 2958 1393 καὶ
2987 1341 3230 1394 Παύλου
3259 1339 3357 1392 καὶ
3379 1338 3775 1405 ἁπαξαπλῶς.

2189 1430 2514 1499 ἀνθρώπων
2553 1434 2943 1502 προσηγορίαι
2987 1432 3102 1502 μὲν
3142 1433 3444 1502 διάφοροι⁸
3497 1434 3680 1488 οὐσία
3708 1431 3782 1486 δὲ

2190 1521 2434 1577 πάντων
2462 1524 2594 1594 μία.
2645 1525 2856 1592 Διόπερ
2894 1525 2965 1578 ἐν
3001 1526 3124 1592 τοῖς
3168 1527 3478 1591 πλείστοις
3521 1529 3574 1580 οἱ
3605 1526 3780 1580 αὐτοὶ

2191 1617 2488 1685 ἀλλήλοις
2537 1617 2746 1686 ἐσμὲν,
2795 1617 2920 1683 τοῖς
2965 1617 3033 1670 δὲ
3087 1617 3358 1686 ίδιώμασι
3398 1620 3608 1686 μόνοις
3653 1617 3782 1684 τοῖς

2193 1711 2325 1779 περὶ
2354 1711 2615 1764 ἕκαστον
2651 1709 3092 1779 θεωρουμένοις,
3123 1709 3323 1779 ἕτερος
3353 1711 3556 1779 ἐτέρου
3582 1694 3783 1777 διενη-

2193 1805 2476 1873 νόχαμεν.
2498 1804 2674 1857 Ὅθεν
2704 1803 2802 1856 καί
2829 1803 3217 1871 προσηγορίαι
3245 1803 3379 1871 οὐχί
3413 1800 3531 1854 τῶν
3553 1800 3784 1855 οὐσιῶν

517 1888 667 1957 gulae
701 1886 979 1956 designant
1013 1895 1062 1939 et
1089 1896 1296 1949 notant,
1333 1903 1438 1940 non
1471 1902 1582 1940 esse
1631 1884 1981 1938 essentiarum
2020 1883 2096 1936 si-

2210 1863 2315 1951 εἰσ-ι
2343 1863 2739 1966 ’σημαντικαῂ
2788 1863 2951 1950 ἀλλὰ
3170 1863 3515 1964 ἰδιωμάτων,
3565 1893 3629 1947 αἳ
3673 1891 3784 1946 τὸν

518 1981 895 2052 gniﬁcatrices,
924 1979 1014 2034 sed
1044 1982 1446 2050 proprietatum.
1493 1979 1624 2032 Cum
1665 1978 1828 2047 igitur
1861 1975 2096 2029 audieri-

522 2091 635 2126 mus
664 2072 760 2126 Itoc
789 2088 975 2125 nomen
1002 2072 1235 2135 Petrum,
1267 2088 1370 2124 non
1399 2071 1682 2124 essentiam
1721 2068 1836 2138 ejus
1877 2067 1972 2120 hoc
2009 2083 2097 2120 no-

524 2167 659 2219 mine
686 2175 853 2218 mente
887 2163 1210 2229 conripimus
1235 2179 1252 2225 ;
1281 2163 1562 2215 essentiam
1593 2170 1770 2213 autent
1810 2177 1947 2212 nunc
1977 2160 2097 2214 dico

522 2277 624 2312 non
649 2257 922 2312 materiale
969 2255 1285 2324 subjectum,
1325 2255 1415 2309 sed
1456 2254 1838 2322 proprietatum
1881 2269 2001 2323 qua:
2043 2254 2098 2306 in

521 2352 635 2418 ipso
675 2357 978 2416 spectantur
1021 2348 1266 2400 notitiam
1313 2345 1687 2414 informamus.
1750 2342 1875 2398 Haec
1931 2343 2100 2414 igitur

525 2443 750 2511 Magnus
797 2441 950 2494 dicit.
1004 2437 1108 2504 Qui
1152 2447 1334 2492 autem
1383 2436 1544 2490 dictis
1591 2443 1900 2506 repugnat,
1950 2434 2098 2504 quali

523 2542 715 2587 contra
742 2547 844 2586 uos
872 2533 1045 2585 utitur
1079 2531 1324 2592 solertia,
1355 2528 1444 2582 cui
1473 2527 1693 2582 abunde
1726 2537 1886 2582 vacat
1930 2527 2100 2581 inuti-

524 2623 670 2677 libus
699 2630 753 2675 et
787 2622 992 2676 frivolis
1017 2629 1233 2690 tempus
1263 2632 1317 2674 et
1351 2619 1521 2674 otium
1555 2627 1858 2683 conterere,
1889 2634 1955 2674 ex
1984 2619 2102 2690 ipsa

526 2715 781 2770 Eunomii
817 2716 1225 2784 conscriptione
1251 2715 1376 2768 licet
1406 2727 1761 2783 cognoscere.

597 2806 714 2862 Non
747 2809 890 2862 enim
933 2806 1064 2872 mihi
1101 2807 1296 2875 volupe
1325 2813 1409 2859 est
1449 2804 1586 2858 meis
1626 2803 1871 2858 inserere
1900 2801 2104 2856 labori-

527 2901 632 2956 bus
665 2913 993 2954 nauseosam
1023 2897 1187 2966 hujus
1215 2895 1453 2950 oratoris
1487 2895 1898 2964 loquacitatem,
1933 2894 2104 2949 insci—

529 2995 771 3064 tiamque
823 2991 1000 3062 ipsius
1045 3001 1101 3045 et
1154 2991 1451 3044 amentiam
1513 2989 1569 3042 in
1619 2988 1799 3042 medio
1857 3002 2106 3042 meorum

2196 1992 2325 2045 καθ’
2379 1990 2487 2045 ἕνα
2539 1988 3094 2059 χαρακτηρίζουσιν.
3131 1988 3319 2041 Ὅταν
3367 1981 3480 2040 οὖν
3515 1985 3786 2039 ἀκούσωο

2193 2101 2308 2154 μεν
2343 2083 2590 2150 Πέτρου,
2636 2082 2710 2135 οὐ
2757 2082 2872 2148 τὴν
2910 2079 3130 2133 οὐσίαν
3179 2078 3366 2132 αὑτοῦ
3410 2077 3670 2145 νοοῦμεν
3713 2076 3784 2130 ὲκ

2199 2177 2306 2232 τοῦ
2336 2178 2628 2244 ὀνόματος
2649 2191 2664 2207 ο
2717 2174 2938 2226 οὐσίαν
2973 2170 3042 2224 δὲ
3086 2171 3241 2240 λέγω
3281 2170 3420 2233 νῦν,
3447 2171 3520 2223 οὺ
3559 2169 3622 2222 τὸ
3650 2171 3784 2224 ὑλι-

2199 2268 2311 2323 κὸν
2341 2266 2752 2334 ὑποκείμενον,
2779 2262 2940 2318 ἀλλὰ
2986 2259 3106 2314 τῶν
3140 2258 3462 2330 ἰδιωμάτων
3506 2257 3627 2313 τῶν
3651 2259 3784 2326 περὶ

2201 2356 2390 2412 αὑτὸν
2429 2355 2844 2425 θεωρουμένων
2901 2353 3017 2421 τὴν
3062 2352 3305 2406 ἔννοιαν
3350 2351 3784 2420 ἐντυπούμεθα.

2203 2448 2389 2502 Ταῦτα
2423 2445 2522 2517 μὲν
2551 2448 2579 2498 ό
2608 2445 2794 2514 Μέγας
2822 2444 3006 2513 φησίν.
3044 2444 3102 2496 Ὀ
3134 2443 3191 2497 δὲ
3234 2441 3537 2513 μαχόμενος
3560 2445 3671 2505 τοῖς
3705 2442 3788 2494 εί-

2206 2542 2482 2615 ρημένοις,
2508 2539 2598 2610 οἵᾳ
2623 2537 2888 2608 κέχρηται
2911 2535 3030 2589 καθ’
3055 2535 3213 2606 ήμῶν
3253 2537 3319 2606 τῇ
3368 2533 3640 2604 εὐστοχίᾳ,
3679 2529 3789 2602 ὅτῳ

2207 2632 2370 2705 σχολὴ
2407 2633 2516 2694 τοῖς
2543 2630 2823 2701 ἀνονήτοις
2855 2629 3211 2698 ἐνευκαιρεῖν,
3246 2625 3306 2690 ἐξ
3349 2627 3517 2696 αὐτῆς
3554 2625 3648 2679 τοῦ
3679 2624 3791 2679 Εὐ-

2205 2724 2393 2795 νομίου
2419 2723 2514 2792 τῆς
2542 2721 2863 2792 συγγραφῆς
2887 2718 3268 2790 διδασκόμεθα.

2279 2818 2354 2871 Οὐ
2393 2815 2503 2886 γάρ
2553 2833 2642 2886 μοι
2685 2814 2835 2883 φίλον
2891 2815 3003 2875 τοῖς
3044 2813 3197 2882 ἐμοῖς
3254 2809 3636 2882 παρεντιθέναι
3689 2807 3788 2861 πό-

2209 2928 2318 2974 νοις
2356 2910 2454 2979 τὴν
2504 2906 2769 2976 ναυτιώδη
2815 2904 3084 2977 φλυαρίαν
3139 2904 3234 2958 τοῦ
3290 2904 3550 2975 ῥήτορος,
3591 2903 3682 2954 καὶ
3729 2900 3792 2954 τὸ

2211 3002 2420 3075 ἀμαθὲς
2453 2999 2616 3055 αὑτοῦ
2656 2999 2750 3053 καὶ
2779 2999 2942 3052 ἄνουν
2993 2997 3082 3050 διὰ
3111 2997 3280 3068 μέσου
3305 2995 3413 3048 τῶν
3440 2993 3588 3064 ἐμῶν
3619 2993 3793 3061 λόγων

531 3100 846 3140 sermonum
878 3093 1071 3138 notare
1103 3091 1156 3137 et
1187 3082 1443 3137 insectari
1488 3100 1502 3135 :
1543 3081 1851 3136 encomium
1881 3081 2024 3133 enim
2053 3087 2107 3134 et

2212 3091 2702 3164 ἐνστηλιτεύεσθαι.
2723 3091 2981 3143 Ἐπαινω
2997 3089 3106 3159 γάρ
3127 3105 3248 3141 τινα
3267 3085 3598 3157 διεξέρχεται
3618 3080 3794 3154 λόγων

532 3178 749 3234 laudem
778 3179 964 3233 nescio
993 3192 1156 3247 quam
1191 3177 1417 3245 exponit
1445 3190 1637 3230 eorum
1671 3175 1960 3229 verborum
1987 3187 2107 3243 quae

2215 3191 2322 3246 τῶν
2357 3185 2729 3259 σημαντικῶν,
2766 3184 2826 3238 τὸ
2867 3181 3227 3252 ὑποκείμενον
3261 3176 3654 3250 φανερούντων’
3699 3175 3795 3228 καὶ

534 3269 972 3343 signiﬁcantiora
999 3275 1148 3332 sunt,
1173 3277 1228 3323 et
1253 3241 1564 3337 subjectum
1596 3265 1771 3336 magis
1799 3241 2106 3331 declarant,

2339 3241 2445 3353 τῆέ
2471 3241 2732 3351 συνήθους
2768 3274 2962 3330 ἐαυτοῦ
2999 3241 3198 3340 λέξεως
3237 3241 3515 3341 συντίθησι
3545 3268 3642 3322 καὶ
3668 3269 3788 3321 δια⁴

534 3374 591 3417 ει
639 3363 842 3418 usitata
895 3360 1002 3416 sibi
1037 3360 1280 3416 dictione
1316 3358 1594 3430 componit
1630 3364 1684 3412 et
1716 3357 2016 3428 compingit
2055 3359 2107 3413 in

2215 3377 2380 3448 κολλᾷ
2406 3373 2476 3428 τὰ
2503 3375 2560 3428 ἐν
2581 3371 2814 3444 τριόδοις
2840 3365 3232 3439 ἀπερῤιμμένα
3255 3364 3365 3417 τῶν
3395 3361 3667 3427 λεξειδίων
3699 3363 3797 3432 ῥα-

537 3456 716 3511 triviis
757 3454 1003 3524 quaedam
1043 3452 1508 3508 dictiuncularum
1550 3450 1763 3518 abiecta
1818 3460 1873 3504 et
1931 3451 2112 3505 lacera

539 3547 888 3603 vestimenta.
927 3544 1253 3615 Rursusque
1285 3543 1471 3599 infelix
1505 3541 1776 3599 lsocrates
1799 3542 1874 3614 (ὁ)
1905 3558 2113 3599 consu-

537 3641 708 3695 mitur
740 3645 794 3694 et
826 3637 1160 3703 corroditur,
1195 3637 1359 3692 verba
1389 3644 1443 3690 et
1482 3637 1687 3706 ﬁguras
1731 3635 1798 3689 ad
1840 3635 2117 3704 composi-

538 3734 744 3786 tionem
795 3729 1088 3800 propositae
1134 3729 1237 3784 sibi
1275 3727 1533 3783 dictionis
1570 3728 1816 3798 depilans
1845 3736 1900 3783 et
1930 3729 2114 3799 degla-

539 3825 728 3880 brans.
771 3823 1052 3878 interdum
1099 3823 1266 3878 etiam
1303 3821 1449 3891 quod
1485 3819 1744 3875 Hebraeus
1783 3819 1940 3875 Philo
1972 3820 2115 3875 idem

542 3915 750 3986 patitur
773 3930 838 3969 ex
865 3913 1109 3984 prepriis
1135 3911 1414 3967 laboribus
1439 3909 1809 3966 dictiunculas
1840 3911 1946 3966 sibi
1967 3926 2122 3965 com-

542 4009 774 4079 planans
804 4025 818 4062 :
853 4007 948 4062 sed
983 4021 1158 4075 neque
1189 4006 1268 4060 sic
1314 4006 1494 4061 adhuc
1541 4006 1779 4076 perfecte
1809 4005 2122 4060 elaboratus

542 4109 629 4156 est
665 4101 770 4170 ipsi
803 4099 974 4155 variis
1003 4099 1284 4154 coloribus
1316 4098 1567 4169 depictus
1598 4107 1652 4154 et
1681 4098 1976 4154 distinctus
2003 4113 2115 4154 ser-

544 4206 770 4246 monum
808 4197 1013 4254 textus,
1051 4190 1146 4244 sed
1190 4204 1352 4244 omne
1396 4199 1803 4261 argumentum,
1840 4197 1894 4246 et
1942 4191 2124 4246 omnis

546 4284 758 4354 petitio,
805 4283 919 4338 sive
949 4283 1181 4336 intentio
1231 4283 1535 4346 notionum,
1579 4291 1743 4353 atque
1773 4282 1954 4338 omnis
1993 4283 2127 4338 arti-

547 4377 738 4432 ﬁciosa
786 4379 1129 4448 praestructio
1195 4377 1337 4446 ipsa,
1382 4378 1530 4432 circa
1576 4377 1814 4447 seipsam
1863 4377 2124 4433 deﬂuxit:

2216 3468 2468 3540 χώματα.
2490 3466 2597 3520 Καὶ
2623 3463 2787 3518 πάλιν
2823 3464 2852 3516 ὁ
2884 3460 3107 3530 τλήμων
3142 3457 3460 3528 Ἰσοκράτης
3489 3452 3798 3525 περιεσθίε-

2213 3578 2305 3617 ται
2354 3559 2576 3632 ῥήματά
2610 3575 2669 3611 τε
2711 3557 2805 3610 καὶ
2832 3556 3087 3625 σχήματα
3113 3552 3250 3626 πρὸς
3279 3551 3376 3623 τὴν
3417 3548 3665 3602 σύνθεσιν
3697 3548 3797 3618 τῆς

2220 3648 3109 3726 προκειμένης“παρατιλλόμενος.
3168 3645 3325 3697 Ἔστι
3361 3642 3418 3695 δὲ
3454 3643 3586 3695 ὅπου
3638 3641 3732 3694 καὶ
3767 3641 3799 3703 ό

2228 3745 2480 3817 Ἐϐραῖος
2515 3741 2688 3795 Φίλων
2724 3740 2793 3794 τά
2813 3735 2906 3793 ἶσα
2940 3738 3168 3806 πάσχει,
3205 3737 3270 3788 ὲκ
3301 3733 3411 3788 τῶν
3443 3733 3588 3786 ἰδίων
3618 3732 3799 3784 πόνων

2223 3837 2589 3910 συντρανίζων
2616 3832 2764 3903 αὐτῷ
2789 3833 2857 3886 τά
2885 3829 3136 3897 λεξείδια·
3169 3827 3263 3881 καὶ
3282 3826 3401 3879 οὑδέ
3427 3823 3600 3887 οὕτως
3626 3822 3801 3891 ἐξειρ-

2220 3931 2396 4001 γάσθη
2429 3928 2490 3982 τὸ
2539 3926 2934 3994 πολυκέντητον
2977 3920 3136 3975 τοῦτο
3166 3920 3262 3974 καὶ
3302 3917 3660 3988 πολύχρωμον
3690 3914 3799 3968 τῶν

2221 4024 2395 4093 λόγων
2445 4020 2752 4089 ἐξύφασμαο
2799 4014 2936 4070 ἀλλὰ
2981 4016 3089 4068 πᾶν
3117 4011 3471 4082 ἐπιχείρημα,
3518 4007 3613 4061 καὶ
3650 4007 3801 4060 πᾶσα

2224 4111 2465 4186 προϐολὴ
2493 4110 2800 4181 νοημάτων,
2843 4108 2939 4160 καὶ
2980 4107 3130 4159 πᾶσα
3168 4103 3488 4176 παρασκευὴ
3537 4100 3759 4172 τεχνικὴ
3783 4141 3800 4165 ,

2225 4203 2364 4273 αὑτὴ
2392 4201 2522 4272 περὶ
2572 4199 2771 4267 ἑαυτὴν
2805 4196 3114 4268 κατερρύη·
3159 4193 3254 4248 καὶ
3279 4188 3390 4247 οἶόν
3435 4210 3487 4245 τι
3535 4192 3664 4262 περὶ
3705 4189 3803 4254 τὰς

2226 4293 2582 4364 πομφόλυγας
2615 4288 2930 4359 συμϐαίνειν
2968 4285 3175 4349 εἴωθεν,
3214 4286 3340 4338 ὅταν
3373 4284 3509 4354 πρός
3541 4300 3663 4336 τινα
3705 4279 3804 4333 σύ-

2229 4402 2417 4439 στασιν
2450 4382 2656 4437 ὑδάτων
2693 4379 2896 4435 ἄνωθεν
2940 4381 2995 4432 αἱ
3030 4379 3287 4447 σταγόνες
3335 4378 3660 4448 φερόμεναι,
3704 4373 3805 4437 τὰς

549 4476 605 4523 et
631 4467 794 4538 quale
833 4468 964 4539 quid
997 4467 1145 4522 circa
1172 4467 1352 4522 bullas
1386 4467 1525 4523 solet
1552 4469 1889 4538 contingere,
1921 4484 2048 4524 cum
2071 4470 2107 4524 il

2229 4474 2501 4547 άφρὼδεις
2521 4469 2919 4533 ἐπαναστάσεις
2947 4468 3289 4540 ἐργάζονται,
3319 4467 3372 4520 αἳ
3399 4465 3534 4536 ὁμοῦ
3567 4481 3626 4518 τε
3677 4480 3805 4516 συν-

551 4561 789 4630 aliquam
855 4573 1123 4630 aquarum
1180 4559 1490 4629 congeriem
1549 4557 1787 4628 desuper
1850 4559 2107 4615 stillante:

2232 4568 2488 4638 έστησαν,
2516 4564 2612 4619 καὶ
2651 4562 2993 4635 παραχρῆμα
3037 4560 3304 4624 διέπεσον,
3354 4559 3520 4630 μηδὲν
3545 4557 3643 4626 τῆς
3671 4556 3807 4616 ἰδίας

553 4661 721 4724 guttae
746 4651 1028 4714 decidunt,
1055 4665 1346 4722 spumosas
1369 4650 1684 4720 eruptiones
1711 4652 1974 4716 eﬂlciunt,
2005 4668 2107 4722 qua

2229 4658 2540 4720 συστάσεως
2564 4656 2676 4718 τοῖς
2696 4653 2882 4707 ὕδασιν
2908 4653 3050 4722 ίχνος
3077 4650 3499 4721 ὑπολειπόμεναι
3523 4665 3535 4678 ·
3559 4647 3805 4700 τοιαῦται

555 4745 720 4802 simul
762 4754 926 4814 atque
972 4743 1363 4804 extumuerint,
1403 4748 1622 4811 repente
1646 4742 1871 4811 dilapsae
1903 4743 2126 4807 cadunt,

555 4839 768 4894 nullum
822 4837 1058 4906 propriae
1104 4833 1482 4889 consistentia:
1528 4833 1584 4887 in
1632 4834 1792 4903 aquis
1840 4835 2129 4904 vestigium

557 4929 795 4987 subinde
843 4927 1218 4996 relinquentes
1268 4941 1283 4978 :
1329 4924 1469 4978 tales
1518 4923 1684 4992 hujus
1741 4923 2133 4994 scriptitatoris

557 5023 845 5076 notionum
880 5018 1152 5089 ampullaa,
1177 5031 1298 5087 quae
1325 5015 1488 5070 simul
1517 5023 1681 5086 atque
1716 5017 1972 5087 projeetae
2010 5019 2132 5076 lue-

558 5116 695 5177 rint,
741 5111 910 5166 nullis
960 5109 1314 5180 tangentibus
1357 5108 1804 5178 exstinguuntur.
1843 5108 1978 5164 Nam
2009 5121 2133 5181 post

561 5208 690 5262 illos
753 5203 1079 5258 insolubiles
1139 5208 1437 5271 apparatus
1498 5207 1552 5254 et
1612 5201 2012 5270 philosophiam
2076 5206 2133 5259 in

561 5299 770 5354 somnis
803 5303 1181 5365 apparentem,
1225 5307 1320 5362 per
1356 5306 1522 5360 quam
1553 5291 1836 5346 nominum
1870 5293 2132 5350 differen-

564 5391 658 5444 tiis
681 5387 918 5442 asseruit
943 5383 1178 5438 divisam
1203 5381 1500 5437 essentiam
1531 5383 1955 5451 comprehendi,
1984 5386 2134 5440 velut

565 5479 786 5550 quidam
819 5488 1116 5546 spumosus
1149 5481 1332 5526 tumor
1367 5486 1464 5541 per
1487 5468 1694 5524 ﬂuxum
1721 5472 1814 5541 qui
1845 5473 2138 5530 abducitur

567 5572 729 5628 alicui
756 5567 975 5636 corpori
1001 5565 1209 5620 duriori
1237 5564 1385 5620 illius
1414 5563 1678 5618 dilabitur
1704 5581 1719 5618 :
1745 5565 1827 5620 sic
1853 5565 2136 5624 incassum

578 5730 718 5850 ΕΜ)
757 5725 935 5804 verba
988 5721 1053 5776 D.
1109 5719 1280 5776 Basil.
1330 5715 1604 5776 habentur
1650 5719 1790 5774 libro
1846 5734 1887 5773 ιι
1947 5730 2127 5778 contra

624 5810 909 5847 unomtum.

624 5810 909 5847 unomtum.

648 5869 722 5936 to)
752 5866 1019 5920 Isocrates
1053 5873 1164 5920 tres
1213 5876 1350 5934 pene
1393 5858 1748 5932 Olympiadas
1781 5862 2128 5933 consumpsit

2225 4749 2334 4803 τῶν
2373 4747 2469 4802 τοῦ
2514 4745 2852 4815 λογογράφου
2889 4745 3178 4815 νοημάτων
3210 4744 3262 4797 αἱ
3307 4740 3626 4812 φυσαλίδες,
3667 4736 3804 4810 ὁμοῦ

2227 4841 2306 4912 τῷ
2337 4838 2704 4911 προϐληθῆναι
2726 4836 2848 4907 δίχα
2878 4834 2986 4888 τῶν
3019 4834 3338 4904 ἁπτομένων
3360 4830 3803 4900 κατασϐεννύμε-

2229 4950 2340 4988 ναι.
2372 4932 2527 4986 Μετὰ
2557 4928 2667 5000 γὰρ
2698 4928 2796 4992 τὰς
2825 4926 3050 4989 ἀλύτους
3083 4925 3297 4988 ἐκείνας
3323 4921 3687 4986 κατασκευάς,
3715 4922 3806 4974 καὶ

2229 5027 2330 5098 τὴν
2371 5023 2618 5078 ἐνύπνιον
2648 5020 2982 5090 φιλοσοφίαν,
3015 5017 3080 5071 δι’
3108 5014 3177 5091 ἦς
3219 5019 3339 5080 ταῖς
3387 5016 3494 5069 τῶν
3532 5014 3806 5085 ὀνομάτων

2231 5115 2611 5187 παραλλαγαῖς
2645 5111 2707 5164 τὸ
2755 5108 3084 5182 διῃρημένον
3124 5105 3245 5162 εἷπε
3279 5108 3379 5178 τῆς
3409 5105 3598 5167 οὐσίας
3644 5118 3809 5156 κατα-

2231 5205 2602 5279 λαμϐάνεσθαι
2619 5243 2634 5271 ,
2661 5203 2908 5274 καθάπερ
2939 5217 3021 5265 τις
3047 5197 3305 5272 ἀφρώδης
3334 5199 3496 5268 ὄγκος
3519 5197 3661 5250 κατὰ
3684 5193 3809 5267 ῥοῦν

2232 5299 2594 5369 ἀπαγόμενος,
2618 5294 2864 5359 ἐνσείσας
2879 5294 2986 5348 τινὶ
3005 5292 3116 5346 τῶν
3138 5293 3521 5364 στερεωτέρων
3541 5291 3807 5344 διέπεσεν·

2233 5392 2384 5455 ,οὕτω
2441 5388 2584 5443 κατὰ
2624 5386 2684 5440 τὸ
2735 5386 3037 5456 αὐτόματον
3070 5387 3100 5439 ό
3135 5385 3293 5453 λόγος
3341 5383 3676 5456 φερόμενος,
3719 5382 3812 5435 καὶ

2243 5479 2566 5552 ὰπροόπτως
2599 5479 2666 5546 τῇ
2695 5475 2923 5547 ἀληθείᾳ
2947 5475 3350 5546 προσενεχθεὶς,
3377 5474 3478 5544 τὴν
3515 5464 3813 5527 ἀνυπόστᾶ-

2244 5588 2334 5626 τον
2362 5567 2566 5637 ταύτην
2596 5566 2690 5620 καὶ
2719 5565 3120 5638 πομφολυγώδη
3160 5564 3257 5619 τοῦ
3285 5563 3515 5634 ψεύδους
3557 5563 3815 5617 σύστασιν

2251 5731 2603 5856 Ἆιῧοτίικεηιιε
2620 5729 2865 5786 oratione
2882 5723 3372 5801 panegyrica.Vide
3397 5723 3530 5780 Plat.
3555 5721 3629 5778 De
3647 5720 3818 5793 gloria

2341 5818 2442 5856 ιεη.

2341 5818 2442 5857 ιεη.
