  <div class='ocr_page' id='page_1' title='image "/cluster/home/n/w/nwhite01/storage/ocr_20150623/45/nnc1.0046978445/386.png"; bbox 0 0 4138 6364; ppageno 0'>
   <div class='ocr_carea' id='block_1_1' title="bbox 360 444 464 506">
    <p class='ocr_par' dir='ltr' id='par_1_1' title="bbox 360 444 464 506">
     <span class='ocr_line' id='line_1_1' title="bbox 360 444 464 506; baseline -0.01 0"><span class='ocrx_word' id='word_1_1' title='bbox 360 444 464 506; x_wconf 67' lang='grc' dir='ltr'>τω</span> 
     </span>
    </p>
   </div>
   <div class='ocr_carea' id='block_1_2' title="bbox 1432 435 2466 517">
    <p class='ocr_par' dir='ltr' id='par_1_2' title="bbox 1432 435 2466 517">
     <span class='ocr_line' id='line_1_2' title="bbox 1432 435 2466 517; baseline -0.003 -11"><span class='ocrx_word' id='word_1_2' title='bbox 1432 435 1712 508; x_wconf 77' lang='lat' dir='ltr'><strong>CONTRA</strong></span> <span class='ocrx_word' id='word_1_3' title='bbox 1750 448 2139 517; x_wconf 73' lang='lat' dir='ltr'><strong>EUNUMIUM,</strong></span> <span class='ocrx_word' id='word_1_4' title='bbox 2185 445 2313 504; x_wconf 80' lang='lat' dir='ltr'><strong>Lm.</strong></span> <span class='ocrx_word' id='word_1_5' title='bbox 2363 453 2466 504; x_wconf 88' lang='lat' dir='ltr'><strong>vu.</strong></span> 
     </span>
    </p>
   </div>
   <div class='ocr_carea' id='block_1_3' title="bbox 3501 440 3608 509">
    <p class='ocr_par' dir='ltr' id='par_1_3' title="bbox 3501 440 3608 509">
     <span class='ocr_line' id='line_1_3' title="bbox 3501 440 3608 509; baseline 0 -3"><span class='ocrx_word' id='word_1_6' title='bbox 3501 440 3608 509; x_wconf 67' lang='lat'><strong>75&quot;!</strong></span> 
     </span>
    </p>
   </div>
   <div class='ocr_carea' id='block_1_4' title="bbox 355 556 1940 640">
    <p class='ocr_par' dir='ltr' id='par_1_4' title="bbox 355 556 1935 640">
     <span class='ocr_line' id='line_1_4' title="bbox 355 556 1935 640; baseline 0.001 -21"><span class='ocrx_word' id='word_1_7' title='bbox 355 565 437 629; x_wconf 76' lang='grc' dir='ltr'><strong>είς</strong></span> <span class='ocrx_word' id='word_1_8' title='bbox 483 565 542 618; x_wconf 67' lang='grc' dir='ltr'><strong>τὸ</strong></span> <span class='ocrx_word' id='word_1_9' title='bbox 587 564 662 635; x_wconf 82' lang='grc' dir='ltr'>μὴ</span> <span class='ocrx_word' id='word_1_10' title='bbox 702 566 761 617; x_wconf 83' lang='grc' dir='ltr'>ὃν</span> <span class='ocrx_word' id='word_1_11' title='bbox 802 558 1162 620; x_wconf 79' lang='grc' dir='ltr'>διεσκέδασεν.</span> <span class='ocrx_word' id='word_1_12' title='bbox 1207 556 1368 633; x_wconf 79' lang='grc' dir='ltr'>Λέγει</span> <span class='ocrx_word' id='word_1_13' title='bbox 1422 566 1528 635; x_wconf 75' lang='grc' dir='ltr'>γὰρ</span> <span class='ocrx_word' id='word_1_14' title='bbox 1571 571 1684 630; x_wconf 85' lang='grc' dir='ltr'>τοῖς</span> <span class='ocrx_word' id='word_1_15' title='bbox 1728 567 1935 640; x_wconf 79' lang='grc' dir='ltr'>ῥήμασι</span> 
     </span>
    </p>
   </div>
   <div class='ocr_carea' id='block_1_5' title="bbox 2042 556 3611 640">
    <p class='ocr_par' dir='ltr' id='par_1_5' title="bbox 2042 558 3611 633">
     <span class='ocr_line' id='line_1_5' title="bbox 2042 558 3611 633; baseline -0.001 -13"><span class='ocrx_word' id='word_1_16' title='bbox 2042 571 2092 620; x_wconf 86' lang='lat' dir='ltr'><strong>et</strong></span> <span class='ocrx_word' id='word_1_17' title='bbox 2137 576 2342 618; x_wconf 87' lang='lat' dir='ltr'><strong>temere</strong></span> <span class='ocrx_word' id='word_1_18' title='bbox 2378 560 2506 615; x_wconf 84' lang='lat' dir='ltr'><strong>dum</strong></span> <span class='ocrx_word' id='word_1_19' title='bbox 2555 559 2727 616; x_wconf 77' lang='lat' dir='ltr'><strong>fertur</strong></span> <span class='ocrx_word' id='word_1_20' title='bbox 2773 558 2972 625; x_wconf 79' lang='lat' dir='ltr'><strong>Oratio,</strong></span> <span class='ocrx_word' id='word_1_21' title='bbox 3009 564 3064 618; x_wconf 87' lang='lat' dir='ltr'><strong>et</strong></span> <span class='ocrx_word' id='word_1_22' title='bbox 3112 577 3178 615; x_wconf 74' lang='lat' dir='ltr'><strong>ex</strong></span> <span class='ocrx_word' id='word_1_23' title='bbox 3215 561 3512 633; x_wconf 79' lang='lat' dir='ltr'><strong>improviso</strong></span> <span class='ocrx_word' id='word_1_24' title='bbox 3549 565 3611 618; x_wconf 61' lang='lat' dir='ltr'><strong>iis</strong></span> 
     </span>
    </p>
   </div>
   <div class='ocr_carea' id='block_1_6' title="bbox 355 654 1931 729">
    <p class='ocr_par' dir='ltr' id='par_1_6' title="bbox 355 654 1931 729">
     <span class='ocr_line' id='line_1_6' title="bbox 355 654 1931 729; baseline 0.002 -20"><span class='ocrx_word' id='word_1_25' title='bbox 355 654 586 719; x_wconf 80' lang='grc' dir='ltr'><strong>τούτοις·</strong></span> <span class='ocrx_word' id='word_1_26' title='bbox 621 657 717 720; x_wconf 84' lang='grc' dir='ltr'>Τίς</span> <span class='ocrx_word' id='word_1_27' title='bbox 742 655 914 720; x_wconf 73' lang='grc' dir='ltr'>οὕτως</span> <span class='ocrx_word' id='word_1_28' title='bbox 940 657 1167 726; x_wconf 71' lang='grc' dir='ltr'>ἠλίθιος,</span> <span class='ocrx_word' id='word_1_29' title='bbox 1197 657 1289 710; x_wconf 72' lang='grc' dir='ltr'><strong>καὶ</strong></span> <span class='ocrx_word' id='word_1_30' title='bbox 1321 658 1418 728; x_wconf 83' lang='grc' dir='ltr'><strong>τῆς</strong></span> <span class='ocrx_word' id='word_1_31' title='bbox 1451 658 1799 729; x_wconf 80' lang='grc' dir='ltr'>ἀνθρωπίνης</span> <span class='ocrx_word' id='word_1_32' title='bbox 1829 675 1931 712; x_wconf 81' lang='grc' dir='ltr'>κα·</span> 
     </span>
    </p>
   </div>
   <div class='ocr_carea' id='block_1_7' title="bbox 355 747 1930 822">
    <p class='ocr_par' dir='ltr' id='par_1_7' title="bbox 355 747 1930 822">
     <span class='ocr_line' id='line_1_7' title="bbox 355 747 1930 822; baseline 0.002 -22"><span class='ocrx_word' id='word_1_33' title='bbox 355 747 669 810; x_wconf 81' lang='grc' dir='ltr'>ταστάσεως</span> <span class='ocrx_word' id='word_1_34' title='bbox 699 748 854 812; x_wconf 78' lang='grc' dir='ltr'>ἐκτὸς</span> <span class='ocrx_word' id='word_1_35' title='bbox 875 788 889 803; x_wconf 90' lang='grc'><strong>.</strong></span> <span class='ocrx_word' id='word_1_36' title='bbox 936 749 1012 822; x_wconf 72' lang='grc' dir='ltr'>ὡς</span> <span class='ocrx_word' id='word_1_37' title='bbox 1039 750 1167 819; x_wconf 75' lang='grc' dir='ltr'>περὶ</span> <span class='ocrx_word' id='word_1_38' title='bbox 1195 747 1497 822; x_wconf 81' lang='grc' dir='ltr'>ἀνθρώπων</span> <span class='ocrx_word' id='word_1_39' title='bbox 1531 750 1930 822; x_wconf 75' lang='grc' dir='ltr'>διαλεγόμενος,</span> 
     </span>
    </p>
   </div>
   <div class='ocr_carea' id='block_1_8' title="bbox 354 839 1934 914">
    <p class='ocr_par' dir='ltr' id='par_1_8' title="bbox 354 839 1934 914">
     <span class='ocr_line' id='line_1_8' title="bbox 354 839 1934 914; baseline 0.002 -22"><span class='ocrx_word' id='word_1_40' title='bbox 354 840 448 892; x_wconf 74' lang='grc' dir='ltr'>τὴν</span> <span class='ocrx_word' id='word_1_41' title='bbox 473 839 570 909; x_wconf 79' lang='grc' dir='ltr'>μὲν</span> <span class='ocrx_word' id='word_1_42' title='bbox 589 841 758 893; x_wconf 78' lang='grc' dir='ltr'>εἰπεῖν</span> <span class='ocrx_word' id='word_1_43' title='bbox 775 839 1077 911; x_wconf 79' lang='grc' dir='ltr'>ἄνθρωπον,</span> <span class='ocrx_word' id='word_1_44' title='bbox 1097 840 1184 894; x_wconf 82' lang='grc' dir='ltr'><strong>τὸν</strong></span> <span class='ocrx_word' id='word_1_45' title='bbox 1205 841 1260 894; x_wconf 81' lang='grc' dir='ltr'>δὲ</span> <span class='ocrx_word' id='word_1_46' title='bbox 1280 841 1458 908; x_wconf 77' lang='grc' dir='ltr'>ἵππον,</span> <span class='ocrx_word' id='word_1_47' title='bbox 1483 840 1658 894; x_wconf 83' lang='grc' dir='ltr'>καλῶν</span> <span class='ocrx_word' id='word_1_48' title='bbox 1673 847 1693 868; x_wconf 81' lang='grc'>⁶</span> <span class='ocrx_word' id='word_1_49' title='bbox 1709 841 1934 914; x_wconf 83' lang='grc' dir='ltr'>συγκρί-</span> 
     </span>
    </p>
   </div>
   <div class='ocr_carea' id='block_1_9' title="bbox 360 928 1934 1004">
    <p class='ocr_par' dir='ltr' id='par_1_9' title="bbox 360 928 1934 1004">
     <span class='ocr_line' id='line_1_9' title="bbox 360 928 1934 1004; baseline 0.003 -22"><span class='ocrx_word' id='word_1_50' title='bbox 360 947 496 993; x_wconf 88' lang='grc' dir='ltr'>νων;</span> <span class='ocrx_word' id='word_1_51' title='bbox 529 928 751 999; x_wconf 85' lang='grc' dir='ltr'>Εἴποιμι</span> <span class='ocrx_word' id='word_1_52' title='bbox 785 929 850 982; x_wconf 86' lang='grc' dir='ltr'><strong>ἂν</strong></span> <span class='ocrx_word' id='word_1_53' title='bbox 898 929 1034 1000; x_wconf 76' lang='grc' dir='ltr'>πρὸς</span> <span class='ocrx_word' id='word_1_54' title='bbox 1062 930 1222 983; x_wconf 85' lang='grc' dir='ltr'>αὑτὸν</span> <span class='ocrx_word' id='word_1_55' title='bbox 1252 930 1393 999; x_wconf 82' lang='grc' dir='ltr'>ἐγώ·</span> <span class='ocrx_word' id='word_1_56' title='bbox 1425 931 1620 995; x_wconf 81' lang='grc' dir='ltr'>Καλῶς</span> <span class='ocrx_word' id='word_1_57' title='bbox 1649 933 1934 1004; x_wconf 77' lang='grc' dir='ltr'>ὀνομάζεις</span> 
     </span>
    </p>
   </div>
   <div class='ocr_carea' id='block_1_10' title="bbox 359 1018 1934 1093">
    <p class='ocr_par' dir='ltr' id='par_1_10' title="bbox 359 1018 1934 1093">
     <span class='ocr_line' id='line_1_10' title="bbox 359 1018 1934 1093; baseline 0.004 -21"><span class='ocrx_word' id='word_1_58' title='bbox 359 1019 587 1088; x_wconf 81' lang='grc' dir='ltr'>ἠλίθιον,</span> <span class='ocrx_word' id='word_1_59' title='bbox 611 1019 702 1072; x_wconf 84' lang='grc' dir='ltr'><strong>τὸν</strong></span> <span class='ocrx_word' id='word_1_60' title='bbox 730 1018 902 1082; x_wconf 77' lang='grc' dir='ltr'>οὕτως</span> <span class='ocrx_word' id='word_1_61' title='bbox 927 1021 1054 1091; x_wconf 58' lang='grc' dir='ltr'><strong>περὶ¹</strong></span> <span class='ocrx_word' id='word_1_62' title='bbox 1078 1020 1174 1084; x_wconf 83' lang='grc' dir='ltr'>τὰς</span> <span class='ocrx_word' id='word_1_63' title='bbox 1195 1021 1377 1091; x_wconf 73' lang='grc' dir='ltr'>φωνὰς</span> <span class='ocrx_word' id='word_1_64' title='bbox 1404 1023 1804 1093; x_wconf 83' lang='grc' dir='ltr'>ἁμαρτάνοντα,</span> <span class='ocrx_word' id='word_1_65' title='bbox 1839 1025 1934 1079; x_wconf 75' lang='grc' dir='ltr'>καὶ</span> 
     </span>
    </p>
   </div>
   <div class='ocr_carea' id='block_1_11' title="bbox 361 1111 1931 1188">
    <p class='ocr_par' dir='ltr' id='par_1_11' title="bbox 361 1111 1931 1188">
     <span class='ocr_line' id='line_1_11' title="bbox 361 1111 1931 1188; baseline 0.006 -27"><span class='ocrx_word' id='word_1_66' title='bbox 361 1113 642 1180; x_wconf 81' lang='grc' dir='ltr'><strong>χρήσομαι</strong></span> <span class='ocrx_word' id='word_1_67' title='bbox 663 1111 799 1181; x_wconf 87' lang='grc' dir='ltr'>πρὸς</span> <span class='ocrx_word' id='word_1_68' title='bbox 822 1112 1149 1183; x_wconf 83' lang='grc' dir='ltr'><strong>συνηγορίαν</strong></span> <span class='ocrx_word' id='word_1_69' title='bbox 1169 1114 1268 1183; x_wconf 82' lang='grc' dir='ltr'>τῆς</span> <span class='ocrx_word' id='word_1_70' title='bbox 1289 1114 1546 1186; x_wconf 74' lang='grc' dir='ltr'><strong>ἀληθείας</strong></span> <span class='ocrx_word' id='word_1_71' title='bbox 1573 1115 1807 1188; x_wconf 78' lang='grc' dir='ltr'>μάρτυρι</span> <span class='ocrx_word' id='word_1_72' title='bbox 1831 1117 1931 1173; x_wconf 87' lang='grc' dir='ltr'>σοί.</span> 
     </span>
    </p>
   </div>
   <div class='ocr_carea' id='block_1_12' title="bbox 358 1201 1932 1278">
    <p class='ocr_par' dir='ltr' id='par_1_12' title="bbox 358 1201 1932 1278">
     <span class='ocr_line' id='line_1_12' title="bbox 358 1201 1932 1278; baseline 0.006 -25"><span class='ocrx_word' id='word_1_73' title='bbox 358 1201 422 1253; x_wconf 78' lang='lat' dir='ltr'><strong>Et</strong></span> <span class='ocrx_word' id='word_1_74' title='bbox 443 1202 552 1272; x_wconf 83' lang='grc' dir='ltr'>γὰρ</span> <span class='ocrx_word' id='word_1_75' title='bbox 580 1205 678 1272; x_wconf 82' lang='grc' dir='ltr'><strong>τῆς</strong></span> <span class='ocrx_word' id='word_1_76' title='bbox 699 1203 932 1272; x_wconf 79' lang='grc' dir='ltr'>ἐσχάτης</span> <span class='ocrx_word' id='word_1_77' title='bbox 953 1204 1099 1256; x_wconf 77' lang='grc' dir='ltr'>ἐστὶν</span> <span class='ocrx_word' id='word_1_78' title='bbox 1119 1204 1474 1276; x_wconf 77' lang='grc' dir='ltr'>ἠλιθιότητος,</span> <span class='ocrx_word' id='word_1_79' title='bbox 1513 1207 1604 1260; x_wconf 85' lang='grc' dir='ltr'><strong>τὸν</strong></span> <span class='ocrx_word' id='word_1_80' title='bbox 1628 1209 1724 1278; x_wconf 84' lang='grc' dir='ltr'><strong>μὲν</strong></span> <span class='ocrx_word' id='word_1_81' title='bbox 1748 1209 1932 1274; x_wconf 82' lang='grc' dir='ltr'><strong>ἵππον,</strong></span> 
     </span>
    </p>
   </div>
   <div class='ocr_carea' id='block_1_13' title="bbox 356 1291 1936 1372">
    <p class='ocr_par' dir='ltr' id='par_1_13' title="bbox 356 1291 1936 1372">
     <span class='ocr_line' id='line_1_13' title="bbox 356 1291 1936 1372; baseline 0.004 -27"><span class='ocrx_word' id='word_1_82' title='bbox 356 1291 448 1345; x_wconf 80' lang='grc' dir='ltr'><strong>τὸν</strong></span> <span class='ocrx_word' id='word_1_83' title='bbox 472 1293 527 1346; x_wconf 81' lang='grc' dir='ltr'>δὲ</span> <span class='ocrx_word' id='word_1_84' title='bbox 561 1292 844 1364; x_wconf 81' lang='grc' dir='ltr'>ἄνθρωπον</span> <span class='ocrx_word' id='word_1_85' title='bbox 876 1293 1073 1361; x_wconf 79' lang='grc' dir='ltr'>λέγειν,</span> <span class='ocrx_word' id='word_1_86' title='bbox 1105 1293 1264 1366; x_wconf 79' lang='grc' dir='ltr'>εἴπερ</span> <span class='ocrx_word' id='word_1_87' title='bbox 1295 1295 1572 1368; x_wconf 78' lang='grc' dir='ltr'>ἄνθρωποι</span> <span class='ocrx_word' id='word_1_88' title='bbox 1617 1299 1758 1354; x_wconf 80' lang='grc' dir='ltr'>κατὰ</span> <span class='ocrx_word' id='word_1_89' title='bbox 1804 1301 1936 1372; x_wconf 82' lang='grc' dir='ltr'>ἀλή-</span> 
     </span>
    </p>
   </div>
   <div class='ocr_carea' id='block_1_14' title="bbox 360 1379 1936 1461">
    <p class='ocr_par' dir='ltr' id='par_1_14' title="bbox 360 1379 1936 1461">
     <span class='ocr_line' id='line_1_14' title="bbox 360 1379 1936 1461; baseline 0.007 -28"><span class='ocrx_word' id='word_1_90' title='bbox 360 1379 508 1433; x_wconf 90' lang='grc' dir='ltr'>θειαν</span> <span class='ocrx_word' id='word_1_91' title='bbox 538 1380 648 1434; x_wconf 80' lang='grc' dir='ltr'>εἷεν</span> <span class='ocrx_word' id='word_1_92' title='bbox 679 1383 1001 1454; x_wconf 82' lang='grc' dir='ltr'>ἀμφότεροι·</span> <span class='ocrx_word' id='word_1_93' title='bbox 1034 1385 1133 1454; x_wconf 86' lang='grc' dir='ltr'><strong>τῆς</strong></span> <span class='ocrx_word' id='word_1_94' title='bbox 1164 1385 1285 1454; x_wconf 79' lang='grc' dir='ltr'>ἴσης</span> <span class='ocrx_word' id='word_1_95' title='bbox 1311 1385 1527 1451; x_wconf 84' lang='grc' dir='ltr'>πάντως</span> <span class='ocrx_word' id='word_1_96' title='bbox 1553 1389 1936 1461; x_wconf 84' lang='grc' dir='ltr'>παραπληξίας</span> 
     </span>
    </p>
   </div>
   <div class='ocr_carea' id='block_1_15' title="bbox 357 1472 1936 1546">
    <p class='ocr_par' dir='ltr' id='par_1_15' title="bbox 357 1472 1936 1546">
     <span class='ocr_line' id='line_1_15' title="bbox 357 1472 1936 1546; baseline 0.008 -22"><span class='ocrx_word' id='word_1_97' title='bbox 357 1472 493 1536; x_wconf 77' lang='grc' dir='ltr'>ἐστὶ,</span> <span class='ocrx_word' id='word_1_98' title='bbox 535 1472 669 1526; x_wconf 79' lang='grc' dir='ltr'>Θεοῦ</span> <span class='ocrx_word' id='word_1_99' title='bbox 703 1473 804 1544; x_wconf 84' lang='grc' dir='ltr'>μὲν</span> <span class='ocrx_word' id='word_1_100' title='bbox 830 1473 923 1527; x_wconf 81' lang='grc' dir='ltr'>τοῦ</span> <span class='ocrx_word' id='word_1_101' title='bbox 957 1475 1189 1546; x_wconf 79' lang='grc' dir='ltr'>Πατρὸς,</span> <span class='ocrx_word' id='word_1_102' title='bbox 1230 1477 1364 1530; x_wconf 82' lang='grc' dir='ltr'><strong>Θεοῦ</strong></span> <span class='ocrx_word' id='word_1_103' title='bbox 1413 1479 1470 1533; x_wconf 83' lang='grc' dir='ltr'>δὲ</span> <span class='ocrx_word' id='word_1_104' title='bbox 1501 1480 1595 1534; x_wconf 84' lang='grc' dir='ltr'>τοῦ</span> <span class='ocrx_word' id='word_1_105' title='bbox 1629 1481 1762 1534; x_wconf 87' lang='grc' dir='ltr'><strong>Υίοῦ</strong></span> <span class='ocrx_word' id='word_1_106' title='bbox 1795 1477 1936 1536; x_wconf 78' lang='grc' dir='ltr'>εἶναι</span> 
     </span>
    </p>
   </div>
   <div class='ocr_carea' id='block_1_16' title="bbox 357 1561 1938 1635">
    <p class='ocr_par' dir='ltr' id='par_1_16' title="bbox 357 1561 1938 1635">
     <span class='ocr_line' id='line_1_16' title="bbox 357 1561 1938 1635; baseline 0.008 -22"><span class='ocrx_word' id='word_1_107' title='bbox 357 1561 827 1632; x_wconf 81' lang='grc' dir='ltr'><strong>πεπιστευμένου,</strong></span> <span class='ocrx_word' id='word_1_108' title='bbox 877 1564 970 1616; x_wconf 81' lang='grc' dir='ltr'><strong>τὸν</strong></span> <span class='ocrx_word' id='word_1_109' title='bbox 1020 1565 1119 1635; x_wconf 83' lang='grc' dir='ltr'><strong>μὲν</strong></span> <span class='ocrx_word' id='word_1_110' title='bbox 1160 1567 1398 1632; x_wconf 81' lang='grc' dir='ltr'>κτιστὸν,</span> <span class='ocrx_word' id='word_1_111' title='bbox 1447 1569 1538 1622; x_wconf 83' lang='grc' dir='ltr'><strong>τὸν</strong></span> <span class='ocrx_word' id='word_1_112' title='bbox 1582 1569 1639 1623; x_wconf 85' lang='grc' dir='ltr'>δὲ</span> <span class='ocrx_word' id='word_1_113' title='bbox 1685 1571 1938 1625; x_wconf 84' lang='grc' dir='ltr'>ἄκτιστον</span> 
     </span>
    </p>
   </div>
   <div class='ocr_carea' id='block_1_17' title="bbox 358 1649 1936 1727">
    <p class='ocr_par' dir='ltr' id='par_1_17' title="bbox 358 1649 1936 1727">
     <span class='ocr_line' id='line_1_17' title="bbox 358 1649 1936 1727; baseline 0.008 -24"><span class='ocrx_word' id='word_1_114' title='bbox 358 1649 557 1720; x_wconf 83' lang='grc' dir='ltr'>λέγειν,</span> <span class='ocrx_word' id='word_1_115' title='bbox 581 1653 658 1716; x_wconf 82' lang='grc' dir='ltr'>ὡς</span> <span class='ocrx_word' id='word_1_116' title='bbox 681 1655 798 1707; x_wconf 76' lang='grc' dir='ltr'>ἐκεῖ</span> <span class='ocrx_word' id='word_1_117' title='bbox 823 1657 921 1726; x_wconf 79' lang='grc' dir='ltr'>τῆς</span> <span class='ocrx_word' id='word_1_118' title='bbox 941 1655 1376 1727; x_wconf 81' lang='grc' dir='ltr'>ἀνθρωπότητος,</span> <span class='ocrx_word' id='word_1_119' title='bbox 1399 1657 1571 1724; x_wconf 78' lang='grc' dir='ltr'>οὕτως</span> <span class='ocrx_word' id='word_1_120' title='bbox 1587 1660 1680 1714; x_wconf 78' lang='grc' dir='ltr'><strong>καὶ</strong></span> <span class='ocrx_word' id='word_1_121' title='bbox 1706 1661 1936 1716; x_wconf 71' lang='grc' dir='ltr'>ἐνταῦθα</span> 
     </span>
    </p>
   </div>
   <div class='ocr_carea' id='block_1_18' title="bbox 356 1744 1937 1826">
    <p class='ocr_par' dir='ltr' id='par_1_18' title="bbox 356 1744 1937 1826">
     <span class='ocr_line' id='line_1_18' title="bbox 356 1744 1937 1826; baseline 0.008 -31"><span class='ocrx_word' id='word_1_122' title='bbox 356 1745 457 1816; x_wconf 79' lang='grc' dir='ltr'>τῆς</span> <span class='ocrx_word' id='word_1_123' title='bbox 491 1744 740 1815; x_wconf 79' lang='grc' dir='ltr'><strong>θεότητος</strong></span> <span class='ocrx_word' id='word_1_124' title='bbox 780 1747 881 1800; x_wconf 78' lang='grc' dir='ltr'><strong>οὐκ</strong></span> <span class='ocrx_word' id='word_1_125' title='bbox 923 1747 1313 1821; x_wconf 76' lang='grc' dir='ltr'><strong>ἐπιδεχομένης</strong></span> <span class='ocrx_word' id='word_1_126' title='bbox 1353 1749 1452 1822; x_wconf 83' lang='grc' dir='ltr'>τὴν</span> <span class='ocrx_word' id='word_1_127' title='bbox 1485 1751 1624 1824; x_wconf 86' lang='grc' dir='ltr'>πρὸς</span> <span class='ocrx_word' id='word_1_128' title='bbox 1660 1753 1720 1806; x_wconf 79' lang='grc' dir='ltr'>τὸ</span> <span class='ocrx_word' id='word_1_129' title='bbox 1757 1753 1937 1826; x_wconf 77' lang='grc' dir='ltr'>ἑτερο-</span> 
     </span>
    </p>
   </div>
   <div class='ocr_carea' id='block_1_19' title="bbox 359 1835 1939 1915">
    <p class='ocr_par' dir='ltr' id='par_1_19' title="bbox 359 1835 1939 1915">
     <span class='ocr_line' id='line_1_19' title="bbox 359 1835 1939 1915; baseline 0.007 -28"><span class='ocrx_word' id='word_1_130' title='bbox 359 1835 514 1903; x_wconf 86' lang='grc' dir='ltr'>γενὲς</span> <span class='ocrx_word' id='word_1_131' title='bbox 553 1838 909 1909; x_wconf 82' lang='grc' dir='ltr'>παρατροπὴν</span> <span class='ocrx_word' id='word_1_132' title='bbox 941 1838 1034 1893; x_wconf 85' lang='grc' dir='ltr'><strong>τοῦ</strong></span> <span class='ocrx_word' id='word_1_133' title='bbox 1081 1840 1364 1911; x_wconf 84' lang='grc' dir='ltr'>ὀνόματος.</span> <span class='ocrx_word' id='word_1_134' title='bbox 1419 1843 1486 1895; x_wconf 89' lang='grc' dir='ltr'><strong>Ὃ</strong></span> <span class='ocrx_word' id='word_1_135' title='bbox 1526 1843 1634 1915; x_wconf 84' lang='grc' dir='ltr'>γάρ</span> <span class='ocrx_word' id='word_1_136' title='bbox 1681 1845 1830 1897; x_wconf 78' lang='grc' dir='ltr'>ἐστιν</span> <span class='ocrx_word' id='word_1_137' title='bbox 1877 1844 1939 1898; x_wconf 80' lang='grc' dir='ltr'><strong>τὸ</strong></span> 
     </span>
    </p>
   </div>
   <div class='ocr_carea' id='block_1_20' title="bbox 357 1924 1940 2008">
    <p class='ocr_par' dir='ltr' id='par_1_20' title="bbox 357 1924 1940 2008">
     <span class='ocr_line' id='line_1_20' title="bbox 357 1924 1940 2008; baseline 0.007 -29"><span class='ocrx_word' id='word_1_138' title='bbox 357 1924 550 1994; x_wconf 76' lang='grc' dir='ltr'>ἄλογον</span> <span class='ocrx_word' id='word_1_139' title='bbox 583 1927 719 1998; x_wconf 86' lang='grc' dir='ltr'>πρὸς</span> <span class='ocrx_word' id='word_1_140' title='bbox 748 1928 840 1981; x_wconf 77' lang='grc' dir='ltr'><strong>τὸν</strong></span> <span class='ocrx_word' id='word_1_141' title='bbox 873 1929 1179 2001; x_wconf 81' lang='grc' dir='ltr'>ἄνθρωπον,</span> <span class='ocrx_word' id='word_1_142' title='bbox 1208 1932 1367 1986; x_wconf 78' lang='grc' dir='ltr'>τοῦτο</span> <span class='ocrx_word' id='word_1_143' title='bbox 1395 1934 1488 1987; x_wconf 72' lang='grc' dir='ltr'>καὶ</span> <span class='ocrx_word' id='word_1_144' title='bbox 1518 1937 1552 2005; x_wconf 88' lang='grc' dir='ltr'><strong>ή</strong></span> <span class='ocrx_word' id='word_1_145' title='bbox 1587 1935 1766 2000; x_wconf 81' lang='grc' dir='ltr'><strong>κτίσις</strong></span> <span class='ocrx_word' id='word_1_146' title='bbox 1803 1937 1940 2008; x_wconf 82' lang='grc' dir='ltr'>πρὸς</span> 
     </span>
    </p>
   </div>
   <div class='ocr_carea' id='block_1_21' title="bbox 356 2017 1940 2098">
    <p class='ocr_par' dir='ltr' id='par_1_21' title="bbox 356 2017 1940 2098">
     <span class='ocr_line' id='line_1_21' title="bbox 356 2017 1940 2098; baseline 0.008 -29"><span class='ocrx_word' id='word_1_147' title='bbox 356 2017 458 2088; x_wconf 83' lang='grc' dir='ltr'>τὴν</span> <span class='ocrx_word' id='word_1_148' title='bbox 494 2017 757 2090; x_wconf 87' lang='grc' dir='ltr'>θεότητα,</span> <span class='ocrx_word' id='word_1_149' title='bbox 802 2021 943 2074; x_wconf 76' lang='grc' dir='ltr'>κατὰ</span> <span class='ocrx_word' id='word_1_150' title='bbox 986 2021 1046 2075; x_wconf 83' lang='grc' dir='ltr'><strong>τὸ</strong></span> <span class='ocrx_word' id='word_1_151' title='bbox 1076 2019 1193 2076; x_wconf 68' lang='grc' dir='ltr'>ἴσον</span> <span class='ocrx_word' id='word_1_152' title='bbox 1235 2023 1309 2096; x_wconf 82' lang='grc' dir='ltr'>μὴ</span> <span class='ocrx_word' id='word_1_153' title='bbox 1338 2024 1610 2098; x_wconf 84' lang='grc' dir='ltr'>δυναμένη</span> <span class='ocrx_word' id='word_1_154' title='bbox 1656 2027 1746 2081; x_wconf 82' lang='grc' dir='ltr'><strong>τὸν</strong></span> <span class='ocrx_word' id='word_1_155' title='bbox 1777 2029 1940 2082; x_wconf 76' lang='grc' dir='ltr'>αὐτὸν</span> 
     </span>
    </p>
   </div>
   <div class='ocr_carea' id='block_1_22' title="bbox 359 2109 1940 2185">
    <p class='ocr_par' dir='ltr' id='par_1_22' title="bbox 359 2109 1940 2185">
     <span class='ocr_line' id='line_1_22' title="bbox 359 2109 1940 2185; baseline 0.008 -24"><span class='ocrx_word' id='word_1_156' title='bbox 359 2109 706 2173; x_wconf 76' lang='grc' dir='ltr'><strong>ἐπιδέξασθαι</strong></span> <span class='ocrx_word' id='word_1_157' title='bbox 732 2111 808 2182; x_wconf 84' lang='grc' dir='ltr'>τῷ</span> <span class='ocrx_word' id='word_1_158' title='bbox 841 2113 1135 2184; x_wconf 76' lang='grc' dir='ltr'>προάγοντι</span> <span class='ocrx_word' id='word_1_159' title='bbox 1183 2115 1360 2185; x_wconf 84' lang='grc' dir='ltr'>λόγον.</span> <span class='ocrx_word' id='word_1_160' title='bbox 1405 2119 1518 2172; x_wconf 70' lang='grc' dir='ltr'><strong>Καὶ</strong></span> <span class='ocrx_word' id='word_1_161' title='bbox 1548 2119 1624 2184; x_wconf 85' lang='grc' dir='ltr'><strong>ὡς</strong></span> <span class='ocrx_word' id='word_1_162' title='bbox 1661 2121 1762 2174; x_wconf 81' lang='grc' dir='ltr'><strong>οὐκ</strong></span> <span class='ocrx_word' id='word_1_163' title='bbox 1793 2120 1940 2174; x_wconf 84' lang='grc' dir='ltr'>ἔστιν</span> 
     </span>
    </p>
   </div>
   <div class='ocr_carea' id='block_1_23' title="bbox 357 2201 1939 2282">
    <p class='ocr_par' dir='ltr' id='par_1_23' title="bbox 357 2201 1939 2282">
     <span class='ocr_line' id='line_1_23' title="bbox 357 2201 1939 2282; baseline 0.009 -31"><span class='ocrx_word' id='word_1_164' title='bbox 357 2201 451 2252; x_wconf 78' lang='grc' dir='ltr'><strong>τὸν</strong></span> <span class='ocrx_word' id='word_1_165' title='bbox 481 2201 642 2255; x_wconf 75' lang='grc' dir='ltr'>αὐτὸν</span> <span class='ocrx_word' id='word_1_166' title='bbox 681 2203 992 2274; x_wconf 77' lang='grc' dir='ltr'>ἐφαρμόσαι</span> <span class='ocrx_word' id='word_1_167' title='bbox 1015 2206 1140 2276; x_wconf 85' lang='grc' dir='ltr'>ὅρον</span> <span class='ocrx_word' id='word_1_168' title='bbox 1171 2207 1250 2277; x_wconf 85' lang='grc' dir='ltr'><strong>τῷ</strong></span> <span class='ocrx_word' id='word_1_169' title='bbox 1283 2208 1486 2280; x_wconf 80' lang='grc' dir='ltr'>λογικῷ</span> <span class='ocrx_word' id='word_1_170' title='bbox 1518 2227 1579 2263; x_wconf 88' lang='grc' dir='ltr'><strong>τε</strong></span> <span class='ocrx_word' id='word_1_171' title='bbox 1613 2211 1706 2264; x_wconf 75' lang='grc' dir='ltr'>καὶ</span> <span class='ocrx_word' id='word_1_172' title='bbox 1738 2211 1817 2282; x_wconf 79' lang='grc' dir='ltr'>τῷ</span> <span class='ocrx_word' id='word_1_173' title='bbox 1848 2230 1939 2266; x_wconf 83' lang='grc' dir='ltr'>τε-</span> 
     </span>
    </p>
   </div>
   <div class='ocr_carea' id='block_1_24' title="bbox 359 2291 1939 2374">
    <p class='ocr_par' dir='ltr' id='par_1_24' title="bbox 359 2291 1939 2374">
     <span class='ocr_line' id='line_1_24' title="bbox 359 2291 1939 2374; baseline 0.008 -31"><span class='ocrx_word' id='word_1_174' title='bbox 359 2291 587 2362; x_wconf 82' lang='grc' dir='ltr'>τράποδι</span> <span class='ocrx_word' id='word_1_175' title='bbox 635 2293 922 2361; x_wconf 83' lang='grc' dir='ltr'>(διίσταται</span> <span class='ocrx_word' id='word_1_176' title='bbox 967 2297 1076 2367; x_wconf 84' lang='grc' dir='ltr'>γὰρ</span> <span class='ocrx_word' id='word_1_177' title='bbox 1108 2300 1350 2367; x_wconf 84' lang='grc' dir='ltr'>φυσικῶς</span> <span class='ocrx_word' id='word_1_178' title='bbox 1392 2301 1651 2374; x_wconf 78' lang='grc' dir='ltr'>ἑκάτερον</span> <span class='ocrx_word' id='word_1_179' title='bbox 1701 2303 1807 2359; x_wconf 84' lang='grc' dir='ltr'>ἀπὸ</span> <span class='ocrx_word' id='word_1_180' title='bbox 1845 2303 1939 2357; x_wconf 77' lang='grc' dir='ltr'>τοῦ</span> 
     </span>
    </p>
   </div>
   <div class='ocr_carea' id='block_1_25' title="bbox 359 2385 1940 2466">
    <p class='ocr_par' dir='ltr' id='par_1_25' title="bbox 359 2385 1940 2466">
     <span class='ocr_line' id='line_1_25' title="bbox 359 2385 1940 2466; baseline 0.009 -30"><span class='ocrx_word' id='word_1_181' title='bbox 359 2387 549 2456; x_wconf 78' lang='grc' dir='ltr'>ἑτέρου</span> <span class='ocrx_word' id='word_1_182' title='bbox 580 2385 659 2456; x_wconf 81' lang='grc' dir='ltr'><strong>τῷ</strong></span> <span class='ocrx_word' id='word_1_183' title='bbox 695 2385 991 2455; x_wconf 76' lang='grc' dir='ltr'>ἰδιάζοντι),</span> <span class='ocrx_word' id='word_1_184' title='bbox 1015 2388 1188 2454; x_wconf 75' lang='grc' dir='ltr'>οὕτως</span> <span class='ocrx_word' id='word_1_185' title='bbox 1215 2392 1337 2445; x_wconf 80' lang='grc' dir='ltr'>οὐδὲ</span> <span class='ocrx_word' id='word_1_186' title='bbox 1367 2393 1465 2464; x_wconf 82' lang='grc' dir='ltr'>τὴν</span> <span class='ocrx_word' id='word_1_187' title='bbox 1495 2397 1722 2466; x_wconf 80' lang='grc' dir='ltr'>κτιστήν</span> <span class='ocrx_word' id='word_1_188' title='bbox 1754 2414 1812 2449; x_wconf 88' lang='grc' dir='ltr'><strong>τε</strong></span> <span class='ocrx_word' id='word_1_189' title='bbox 1848 2415 1940 2450; x_wconf 85' lang='grc' dir='ltr'><strong>και</strong></span> 
     </span>
    </p>
   </div>
   <div class='ocr_carea' id='block_1_26' title="bbox 358 2475 1940 2555">
    <p class='ocr_par' dir='ltr' id='par_1_26' title="bbox 358 2475 1940 2555">
     <span class='ocr_line' id='line_1_26' title="bbox 358 2475 1940 2555; baseline 0.007 -27"><span class='ocrx_word' id='word_1_190' title='bbox 358 2475 610 2528; x_wconf 82' lang='grc' dir='ltr'>ἄκτιστον</span> <span class='ocrx_word' id='word_1_191' title='bbox 643 2477 829 2530; x_wconf 78' lang='grc' dir='ltr'>οὐσίαν</span> <span class='ocrx_word' id='word_1_192' title='bbox 874 2478 961 2534; x_wconf 69' lang='grc' dir='ltr'><strong>διὰ</strong></span> <span class='ocrx_word' id='word_1_193' title='bbox 995 2479 1100 2532; x_wconf 84' lang='grc' dir='ltr'>τῶν</span> <span class='ocrx_word' id='word_1_194' title='bbox 1153 2482 1331 2534; x_wconf 80' lang='grc' dir='ltr'>αὐτῶν</span> <span class='ocrx_word' id='word_1_195' title='bbox 1384 2485 1780 2555; x_wconf 79' lang='grc' dir='ltr'>ὲρμηνεύσεις,</span> <span class='ocrx_word' id='word_1_196' title='bbox 1831 2488 1940 2540; x_wconf 82' lang='grc' dir='ltr'><strong>τῶν</strong></span> 
     </span>
    </p>
   </div>
   <div class='ocr_carea' id='block_1_27' title="bbox 359 2565 1941 2647">
    <p class='ocr_par' dir='ltr' id='par_1_27' title="bbox 359 2565 1941 2647">
     <span class='ocr_line' id='line_1_27' title="bbox 359 2565 1941 2647; baseline 0.009 -31"><span class='ocrx_word' id='word_1_197' title='bbox 359 2566 451 2618; x_wconf 71' lang='grc' dir='ltr'><strong>ἐπὶ</strong></span> <span class='ocrx_word' id='word_1_198' title='bbox 476 2565 677 2635; x_wconf 74' lang='grc' dir='ltr'>ταύτης</span> <span class='ocrx_word' id='word_1_199' title='bbox 703 2566 1008 2637; x_wconf 84' lang='grc' dir='ltr'>λεγομένων</span> <span class='ocrx_word' id='word_1_200' title='bbox 1037 2570 1137 2639; x_wconf 83' lang='grc' dir='ltr'>τῆς</span> <span class='ocrx_word' id='word_1_201' title='bbox 1166 2571 1355 2632; x_wconf 77' lang='grc' dir='ltr'>οὐσίας</span> <span class='ocrx_word' id='word_1_202' title='bbox 1373 2613 1386 2634; x_wconf 88' lang='grc'><strong>,</strong></span> <span class='ocrx_word' id='word_1_203' title='bbox 1414 2573 1513 2626; x_wconf 79' lang='grc' dir='ltr'><strong>οὐκ</strong></span> <span class='ocrx_word' id='word_1_204' title='bbox 1545 2577 1941 2647; x_wconf 60' lang='grc' dir='ltr'>ὲξευρισκομέ-</span> 
     </span>
    </p>
   </div>
   <div class='ocr_carea' id='block_1_28' title="bbox 360 2657 1941 2735">
    <p class='ocr_par' dir='ltr' id='par_1_28' title="bbox 360 2657 1941 2735">
     <span class='ocr_line' id='line_1_28' title="bbox 360 2657 1941 2735; baseline 0.01 -29"><span class='ocrx_word' id='word_1_205' title='bbox 360 2673 466 2707; x_wconf 84' lang='grc' dir='ltr'><strong>νων</strong></span> <span class='ocrx_word' id='word_1_206' title='bbox 495 2660 561 2727; x_wconf 79' lang='grc' dir='ltr'>τῇ</span> <span class='ocrx_word' id='word_1_207' title='bbox 590 2657 744 2728; x_wconf 60' lang='grc' dir='ltr'>ἄλλιγ</span> <span class='ocrx_word' id='word_1_208' title='bbox 791 2658 864 2721; x_wconf 74' lang='grc' dir='ltr'>ὡς</span> <span class='ocrx_word' id='word_1_209' title='bbox 899 2661 1005 2730; x_wconf 82' lang='grc' dir='ltr'>γὰρ</span> <span class='ocrx_word' id='word_1_210' title='bbox 1038 2661 1136 2731; x_wconf 85' lang='grc' dir='ltr'><strong>οὐχ</strong></span> <span class='ocrx_word' id='word_1_211' title='bbox 1167 2662 1480 2733; x_wconf 80' lang='grc' dir='ltr'>εὑρίσκεται</span> <span class='ocrx_word' id='word_1_212' title='bbox 1517 2665 1578 2718; x_wconf 83' lang='grc' dir='ltr'><strong>τὸ</strong></span> <span class='ocrx_word' id='word_1_213' title='bbox 1622 2667 1837 2735; x_wconf 76' lang='grc' dir='ltr'>λογικὸν</span> <span class='ocrx_word' id='word_1_214' title='bbox 1882 2671 1941 2722; x_wconf 80' lang='grc' dir='ltr'><strong>ἐν</strong></span> 
     </span>
    </p>
   </div>
   <div class='ocr_carea' id='block_1_29' title="bbox 362 2746 1939 2832">
    <p class='ocr_par' dir='ltr' id='par_1_29' title="bbox 362 2746 1939 2832">
     <span class='ocr_line' id='line_1_29' title="bbox 362 2746 1939 2832; baseline 0.012 -38"><span class='ocrx_word' id='word_1_215' title='bbox 362 2746 532 2814; x_wconf 73' lang='grc' dir='ltr'>ἵππῳ,</span> <span class='ocrx_word' id='word_1_216' title='bbox 559 2746 676 2799; x_wconf 72' lang='grc' dir='ltr'>οὐδὲ</span> <span class='ocrx_word' id='word_1_217' title='bbox 700 2749 756 2800; x_wconf 82' lang='grc' dir='ltr'><strong>ἐν</strong></span> <span class='ocrx_word' id='word_1_218' title='bbox 783 2747 1054 2820; x_wconf 84' lang='grc' dir='ltr'>ἀνθρώπῳ</span> <span class='ocrx_word' id='word_1_219' title='bbox 1080 2751 1142 2804; x_wconf 82' lang='grc' dir='ltr'>τὸ</span> <span class='ocrx_word' id='word_1_220' title='bbox 1171 2752 1493 2825; x_wconf 87' lang='grc' dir='ltr'>μονώνυχον·</span> <span class='ocrx_word' id='word_1_221' title='bbox 1526 2755 1696 2822; x_wconf 77' lang='grc' dir='ltr'>οὕτως</span> <span class='ocrx_word' id='word_1_222' title='bbox 1725 2757 1851 2812; x_wconf 80' lang='grc' dir='ltr'>οὔτε</span> <span class='ocrx_word' id='word_1_223' title='bbox 1872 2763 1939 2832; x_wconf 73' lang='grc' dir='ltr'>τῇ</span> 
     </span>
    </p>
   </div>
   <div class='ocr_carea' id='block_1_30' title="bbox 362 2836 1936 2916">
    <p class='ocr_par' dir='ltr' id='par_1_30' title="bbox 362 2836 1936 2916">
     <span class='ocr_line' id='line_1_30' title="bbox 362 2836 1936 2916; baseline 0.012 -29"><span class='ocrx_word' id='word_1_224' title='bbox 362 2836 537 2890; x_wconf 77' lang='grc' dir='ltr'>κτίσει</span> <span class='ocrx_word' id='word_1_225' title='bbox 561 2839 593 2908; x_wconf 84' lang='grc' dir='ltr'><strong>ἡ</strong></span> <span class='ocrx_word' id='word_1_226' title='bbox 621 2837 827 2910; x_wconf 85' lang='grc' dir='ltr'>θεότης,</span> <span class='ocrx_word' id='word_1_227' title='bbox 856 2840 978 2894; x_wconf 70' lang='grc' dir='ltr'>οὔτε</span> <span class='ocrx_word' id='word_1_228' title='bbox 1005 2845 1071 2914; x_wconf 80' lang='grc' dir='ltr'>τῇ</span> <span class='ocrx_word' id='word_1_229' title='bbox 1095 2842 1308 2916; x_wconf 88' lang='grc' dir='ltr'>θεότητι</span> <span class='ocrx_word' id='word_1_230' title='bbox 1331 2847 1392 2901; x_wconf 82' lang='grc' dir='ltr'><strong>τὸ</strong></span> <span class='ocrx_word' id='word_1_231' title='bbox 1414 2847 1502 2901; x_wconf 76' lang='grc' dir='ltr'>διὰ</span> <span class='ocrx_word' id='word_1_232' title='bbox 1526 2849 1753 2914; x_wconf 82' lang='grc' dir='ltr'>κτίσεως</span> <span class='ocrx_word' id='word_1_233' title='bbox 1780 2849 1936 2906; x_wconf 88' lang='grc' dir='ltr'>εἶναι·</span> 
     </span>
    </p>
   </div>
   <div class='ocr_carea' id='block_1_31' title="bbox 363 2928 1938 3004">
    <p class='ocr_par' dir='ltr' id='par_1_31' title="bbox 363 2928 1938 3004">
     <span class='ocr_line' id='line_1_31' title="bbox 363 2928 1938 3004; baseline 0.011 -25"><span class='ocrx_word' id='word_1_234' title='bbox 363 2928 478 2979; x_wconf 82' lang='grc' dir='ltr'>ἀλλ’</span> <span class='ocrx_word' id='word_1_235' title='bbox 495 2929 551 2981; x_wconf 79' lang='grc' dir='ltr'><strong>εί</strong></span> <span class='ocrx_word' id='word_1_236' title='bbox 577 2929 708 2994; x_wconf 78' lang='grc' dir='ltr'>Θεὸς</span> <span class='ocrx_word' id='word_1_237' title='bbox 729 2971 743 2993; x_wconf 90' lang='grc'><strong>,</strong></span> <span class='ocrx_word' id='word_1_238' title='bbox 785 2931 1002 2996; x_wconf 87' lang='grc' dir='ltr'>πάντως</span> <span class='ocrx_word' id='word_1_239' title='bbox 1030 2934 1124 2987; x_wconf 77' lang='grc' dir='ltr'><strong>καὶ</strong></span> <span class='ocrx_word' id='word_1_240' title='bbox 1147 2933 1420 3004; x_wconf 73' lang='grc' dir='ltr'>ἄκτιστος,</span> <span class='ocrx_word' id='word_1_241' title='bbox 1450 2940 1504 2994; x_wconf 75' lang='grc' dir='ltr'>ει</span> <span class='ocrx_word' id='word_1_242' title='bbox 1530 2939 1586 2992; x_wconf 86' lang='grc' dir='ltr'>δὲ</span> <span class='ocrx_word' id='word_1_243' title='bbox 1616 2941 1855 3004; x_wconf 85' lang='grc' dir='ltr'>κτιστὸς,</span> <span class='ocrx_word' id='word_1_244' title='bbox 1879 2944 1938 2996; x_wconf 78' lang='grc' dir='ltr'><strong>οὐ</strong></span> 
     </span>
    </p>
   </div>
   <div class='ocr_carea' id='block_1_32' title="bbox 361 3020 1943 3103">
    <p class='ocr_par' dir='ltr' id='par_1_32' title="bbox 361 3020 1943 3103">
     <span class='ocr_line' id='line_1_32' title="bbox 361 3020 1943 3103; baseline 0.01 -30"><span class='ocrx_word' id='word_1_245' title='bbox 361 3020 514 3084; x_wconf 78' lang='grc' dir='ltr'>Θεός.</span> <span class='ocrx_word' id='word_1_246' title='bbox 547 3022 610 3076; x_wconf 81' lang='grc' dir='ltr'>Εἰ</span> <span class='ocrx_word' id='word_1_247' title='bbox 643 3025 715 3095; x_wconf 88' lang='grc' dir='ltr'><strong>μή</strong></span> <span class='ocrx_word' id='word_1_248' title='bbox 745 3041 830 3088; x_wconf 85' lang='grc' dir='ltr'><strong>τις</strong></span> <span class='ocrx_word' id='word_1_249' title='bbox 853 3025 960 3096; x_wconf 83' lang='grc' dir='ltr'>ἄρα</span> <span class='ocrx_word' id='word_1_250' title='bbox 982 3026 1070 3078; x_wconf 79' lang='grc' dir='ltr'>διὰ</span> <span class='ocrx_word' id='word_1_251' title='bbox 1090 3028 1339 3098; x_wconf 83' lang='grc' dir='ltr'>χρήσεώς</span> <span class='ocrx_word' id='word_1_252' title='bbox 1363 3047 1506 3094; x_wconf 84' lang='grc' dir='ltr'>τινος</span> <span class='ocrx_word' id='word_1_253' title='bbox 1543 3034 1635 3085; x_wconf 75' lang='grc' dir='ltr'><strong>καὶ</strong></span> <span class='ocrx_word' id='word_1_254' title='bbox 1657 3034 1943 3103; x_wconf 77' lang='grc' dir='ltr'>συνηθείας</span> 
     </span>
    </p>
   </div>
   <div class='ocr_carea' id='block_1_33' title="bbox 363 3109 1942 3197">
    <p class='ocr_par' dir='ltr' id='par_1_33' title="bbox 363 3109 1942 3197">
     <span class='ocr_line' id='line_1_33' title="bbox 363 3109 1942 3197; baseline 0.011 -35"><span class='ocrx_word' id='word_1_255' title='bbox 363 3109 553 3178; x_wconf 82' lang='grc' dir='ltr'>λόγων,</span> <span class='ocrx_word' id='word_1_256' title='bbox 596 3113 750 3174; x_wconf 82' lang='grc' dir='ltr'>ψιλὸν</span> <span class='ocrx_word' id='word_1_257' title='bbox 792 3118 883 3168; x_wconf 70' lang='grc' dir='ltr'>ἐπὶ</span> <span class='ocrx_word' id='word_1_258' title='bbox 929 3118 1029 3188; x_wconf 80' lang='grc' dir='ltr'>τὴν</span> <span class='ocrx_word' id='word_1_259' title='bbox 1073 3119 1250 3173; x_wconf 85' lang='grc' dir='ltr'>κτίσιν</span> <span class='ocrx_word' id='word_1_260' title='bbox 1295 3122 1418 3190; x_wconf 82' lang='grc' dir='ltr'>ἄγοι</span> <span class='ocrx_word' id='word_1_261' title='bbox 1448 3124 1508 3176; x_wconf 79' lang='grc' dir='ltr'>τὸ</span> <span class='ocrx_word' id='word_1_262' title='bbox 1559 3124 1660 3194; x_wconf 80' lang='grc' dir='ltr'><strong>τῆς</strong></span> <span class='ocrx_word' id='word_1_263' title='bbox 1693 3125 1942 3197; x_wconf 76' lang='grc' dir='ltr'>θεότητος</span> 
     </span>
    </p>
   </div>
   <div class='ocr_carea' id='block_1_34' title="bbox 362 3203 1942 3286">
    <p class='ocr_par' dir='ltr' id='par_1_34' title="bbox 362 3203 1942 3286">
     <span class='ocr_line' id='line_1_34' title="bbox 362 3203 1942 3286; baseline 0.009 -28"><span class='ocrx_word' id='word_1_264' title='bbox 362 3203 564 3274; x_wconf 73' lang='grc' dir='ltr'>δνομα,</span> <span class='ocrx_word' id='word_1_265' title='bbox 598 3205 846 3278; x_wconf 80' lang='grc' dir='ltr'>καθάπερ</span> <span class='ocrx_word' id='word_1_266' title='bbox 875 3211 968 3262; x_wconf 80' lang='grc' dir='ltr'><strong>καὶ</strong></span> <span class='ocrx_word' id='word_1_267' title='bbox 991 3211 1176 3274; x_wconf 76' lang='grc' dir='ltr'>ἵπποις</span> <span class='ocrx_word' id='word_1_268' title='bbox 1210 3213 1320 3266; x_wconf 72' lang='grc' dir='ltr'>τισὶ</span> <span class='ocrx_word' id='word_1_269' title='bbox 1376 3216 1445 3267; x_wconf 80' lang='grc' dir='ltr'>τὰ</span> <span class='ocrx_word' id='word_1_270' title='bbox 1478 3214 1792 3286; x_wconf 79' lang='grc' dir='ltr'>ἀνθρώπινα</span> <span class='ocrx_word' id='word_1_271' title='bbox 1833 3219 1942 3272; x_wconf 85' lang='grc' dir='ltr'>τῶν</span> 
     </span>
    </p>
   </div>
   <div class='ocr_carea' id='block_1_35' title="bbox 363 3293 1939 3380">
    <p class='ocr_par' dir='ltr' id='par_1_35' title="bbox 363 3293 1939 3380">
     <span class='ocr_line' id='line_1_35' title="bbox 363 3293 1939 3380; baseline 0.011 -36"><span class='ocrx_word' id='word_1_272' title='bbox 363 3293 645 3365; x_wconf 82' lang='grc' dir='ltr'>ὀνομάτων</span> <span class='ocrx_word' id='word_1_273' title='bbox 703 3299 858 3369; x_wconf 84' lang='grc' dir='ltr'><strong>παρὰ</strong></span> <span class='ocrx_word' id='word_1_274' title='bbox 910 3301 1020 3355; x_wconf 81' lang='grc' dir='ltr'><strong>τῶν</strong></span> <span class='ocrx_word' id='word_1_275' title='bbox 1073 3304 1320 3358; x_wconf 84' lang='grc' dir='ltr'>ἱππικῶν</span> <span class='ocrx_word' id='word_1_276' title='bbox 1386 3306 1770 3380; x_wconf 80' lang='grc' dir='ltr'>ὲπιὸέὸληται·</span> <span class='ocrx_word' id='word_1_277' title='bbox 1825 3310 1939 3365; x_wconf 86' lang='grc' dir='ltr'>ἀλλ’</span> 
     </span>
    </p>
   </div>
   <div class='ocr_carea' id='block_1_36' title="bbox 363 3385 1943 3474">
    <p class='ocr_par' dir='ltr' id='par_1_36' title="bbox 363 3385 1943 3474">
     <span class='ocr_line' id='line_1_36' title="bbox 363 3385 1943 3474; baseline 0.011 -36"><span class='ocrx_word' id='word_1_278' title='bbox 363 3385 487 3439; x_wconf 82' lang='grc' dir='ltr'>οὔτε</span> <span class='ocrx_word' id='word_1_279' title='bbox 521 3390 548 3441; x_wconf 87' lang='grc' dir='ltr'>ὁ</span> <span class='ocrx_word' id='word_1_280' title='bbox 580 3389 746 3452; x_wconf 80' lang='grc' dir='ltr'>ἵππος</span> <span class='ocrx_word' id='word_1_281' title='bbox 775 3390 1081 3462; x_wconf 81' lang='grc' dir='ltr'>ἄνθρωπος,</span> <span class='ocrx_word' id='word_1_282' title='bbox 1114 3394 1217 3448; x_wconf 80' lang='grc' dir='ltr'><strong>κᾶν</strong></span> <span class='ocrx_word' id='word_1_283' title='bbox 1247 3395 1565 3469; x_wconf 81' lang='grc' dir='ltr'>ἀνθρωπίνῃ</span> <span class='ocrx_word' id='word_1_284' title='bbox 1599 3403 1943 3474; x_wconf 76' lang='grc' dir='ltr'>προσηγορίᾳ</span> 
     </span>
    </p>
   </div>
   <div class='ocr_carea' id='block_1_37' title="bbox 365 3480 1944 3564">
    <p class='ocr_par' dir='ltr' id='par_1_37' title="bbox 365 3480 1944 3564">
     <span class='ocr_line' id='line_1_37' title="bbox 365 3480 1944 3564; baseline 0.01 -33"><span class='ocrx_word' id='word_1_285' title='bbox 365 3480 814 3551; x_wconf 77' lang='grc' dir='ltr'>κατονομάζεται,</span> <span class='ocrx_word' id='word_1_286' title='bbox 836 3482 958 3538; x_wconf 77' lang='grc' dir='ltr'>οὔτε</span> <span class='ocrx_word' id='word_1_287' title='bbox 991 3486 1052 3538; x_wconf 83' lang='grc' dir='ltr'><strong>τὸ</strong></span> <span class='ocrx_word' id='word_1_288' title='bbox 1075 3487 1280 3556; x_wconf 86' lang='grc' dir='ltr'>κτίσμα</span> <span class='ocrx_word' id='word_1_289' title='bbox 1318 3488 1448 3553; x_wconf 82' lang='grc' dir='ltr'>Θεὸς</span> <span class='ocrx_word' id='word_1_290' title='bbox 1468 3530 1483 3553; x_wconf 90' lang='grc'><strong>,</strong></span> <span class='ocrx_word' id='word_1_291' title='bbox 1523 3491 1626 3544; x_wconf 81' lang='grc' dir='ltr'>κᾶν</span> <span class='ocrx_word' id='word_1_292' title='bbox 1659 3509 1944 3564; x_wconf 87' lang='grc' dir='ltr'>προσμαρ-</span> 
     </span>
    </p>
   </div>
   <div class='ocr_carea' id='block_1_38' title="bbox 363 3568 1944 3652">
    <p class='ocr_par' dir='ltr' id='par_1_38' title="bbox 363 3568 1944 3652">
     <span class='ocr_line' id='line_1_38' title="bbox 363 3568 1944 3652; baseline 0.011 -33"><span class='ocrx_word' id='word_1_293' title='bbox 363 3568 602 3638; x_wconf 84' lang='grc' dir='ltr'>τυρῶσιν</span> <span class='ocrx_word' id='word_1_294' title='bbox 628 3571 777 3642; x_wconf 76' lang='grc' dir='ltr'>αὐτῷ</span> <span class='ocrx_word' id='word_1_295' title='bbox 798 3589 939 3637; x_wconf 89' lang='grc' dir='ltr'>τινες</span> <span class='ocrx_word' id='word_1_296' title='bbox 958 3575 1058 3644; x_wconf 80' lang='grc' dir='ltr'>τὴν</span> <span class='ocrx_word' id='word_1_297' title='bbox 1087 3577 1271 3647; x_wconf 78' lang='grc' dir='ltr'>φωνὴν</span> <span class='ocrx_word' id='word_1_298' title='bbox 1291 3581 1392 3648; x_wconf 80' lang='grc' dir='ltr'>τῆς</span> <span class='ocrx_word' id='word_1_299' title='bbox 1417 3578 1689 3651; x_wconf 86' lang='grc' dir='ltr'>θεότητος,</span> <span class='ocrx_word' id='word_1_300' title='bbox 1710 3583 1944 3652; x_wconf 85' lang='grc' dir='ltr'>φθόγγον</span> 
     </span>
    </p>
   </div>
   <div class='ocr_carea' id='block_1_39' title="bbox 365 3658 1945 3740">
    <p class='ocr_par' dir='ltr' id='par_1_39' title="bbox 365 3658 1945 3740">
     <span class='ocr_line' id='line_1_39' title="bbox 365 3658 1945 3740; baseline 0.011 -29"><span class='ocrx_word' id='word_1_301' title='bbox 365 3658 609 3714; x_wconf 78' lang='grc' dir='ltr'>διάκενον</span> <span class='ocrx_word' id='word_1_302' title='bbox 651 3663 708 3714; x_wconf 84' lang='grc' dir='ltr'>ἐν</span> <span class='ocrx_word' id='word_1_303' title='bbox 745 3661 896 3716; x_wconf 84' lang='grc' dir='ltr'>δυάδι</span> <span class='ocrx_word' id='word_1_304' title='bbox 932 3665 1210 3719; x_wconf 80' lang='grc' dir='ltr'>συλλαϐῶν</span> <span class='ocrx_word' id='word_1_305' title='bbox 1249 3668 1614 3740; x_wconf 76' lang='grc' dir='ltr'>χαριζόμενοι.</span> <span class='ocrx_word' id='word_1_306' title='bbox 1670 3673 1824 3726; x_wconf 79' lang='grc' dir='ltr'>Ἐπεὶ</span> <span class='ocrx_word' id='word_1_307' title='bbox 1851 3669 1945 3728; x_wconf 80' lang='grc' dir='ltr'>οὗν</span> 
     </span>
    </p>
   </div>
   <div class='ocr_carea' id='block_1_40' title="bbox 370 3752 1944 3835">
    <p class='ocr_par' dir='ltr' id='par_1_40' title="bbox 370 3752 1944 3835">
     <span class='ocr_line' id='line_1_40' title="bbox 370 3752 1944 3835; baseline 0.011 -32"><span class='ocrx_word' id='word_1_308' title='bbox 370 3752 668 3825; x_wconf 82' lang='grc' dir='ltr'>συνηνέχθη</span> <span class='ocrx_word' id='word_1_309' title='bbox 704 3755 844 3809; x_wconf 82' lang='grc' dir='ltr'><strong>κατὰ</strong></span> <span class='ocrx_word' id='word_1_310' title='bbox 873 3756 934 3808; x_wconf 85' lang='grc' dir='ltr'><strong>τὸ</strong></span> <span class='ocrx_word' id='word_1_311' title='bbox 964 3757 1266 3830; x_wconf 85' lang='grc' dir='ltr'>αὐτόματον</span> <span class='ocrx_word' id='word_1_312' title='bbox 1302 3763 1331 3813; x_wconf 83' lang='grc' dir='ltr'>ὁ</span> <span class='ocrx_word' id='word_1_313' title='bbox 1355 3761 1454 3830; x_wconf 84' lang='grc' dir='ltr'>τῆς</span> <span class='ocrx_word' id='word_1_314' title='bbox 1485 3763 1749 3834; x_wconf 79' lang='grc' dir='ltr'>αἱρέσεως</span> <span class='ocrx_word' id='word_1_315' title='bbox 1788 3766 1944 3835; x_wconf 87' lang='grc' dir='ltr'>λόγος</span> 
     </span>
    </p>
   </div>
   <div class='ocr_carea' id='block_1_41' title="bbox 368 3841 1946 3923">
    <p class='ocr_par' dir='ltr' id='par_1_41' title="bbox 368 3841 1946 3923">
     <span class='ocr_line' id='line_1_41' title="bbox 368 3841 1946 3923; baseline 0.011 -29"><span class='ocrx_word' id='word_1_316' title='bbox 368 3841 506 3912; x_wconf 82' lang='grc' dir='ltr'>πρὸς</span> <span class='ocrx_word' id='word_1_317' title='bbox 533 3844 631 3915; x_wconf 82' lang='grc' dir='ltr'>τὴν</span> <span class='ocrx_word' id='word_1_318' title='bbox 652 3845 931 3916; x_wconf 80' lang='grc' dir='ltr'>ἀλήθειαν,</span> <span class='ocrx_word' id='word_1_319' title='bbox 962 3848 1124 3913; x_wconf 74' lang='grc' dir='ltr'>αὐτὸς</span> <span class='ocrx_word' id='word_1_320' title='bbox 1151 3851 1328 3922; x_wconf 78' lang='grc' dir='ltr'>ἐαυτῷ</span> <span class='ocrx_word' id='word_1_321' title='bbox 1355 3853 1809 3923; x_wconf 77' lang='grc' dir='ltr'>συμϐουλευσάτω</span> <span class='ocrx_word' id='word_1_322' title='bbox 1831 3860 1946 3922; x_wconf 86' lang='grc' dir='ltr'>τοῖς</span> 
     </span>
    </p>
   </div>
   <div class='ocr_carea' id='block_1_42' title="bbox 367 3933 1942 4016">
    <p class='ocr_par' dir='ltr' id='par_1_42' title="bbox 367 3933 1942 4016">
     <span class='ocr_line' id='line_1_42' title="bbox 367 3933 1942 4016; baseline 0.01 -31"><span class='ocrx_word' id='word_1_323' title='bbox 367 3933 587 4000; x_wconf 80' lang='grc' dir='ltr'>οἰκείοις</span> <span class='ocrx_word' id='word_1_324' title='bbox 637 3938 913 4008; x_wconf 79' lang='grc' dir='ltr'>ἐμμένειν·</span> <span class='ocrx_word' id='word_1_325' title='bbox 961 3941 1054 3992; x_wconf 71' lang='grc' dir='ltr'><strong>καὶ</strong></span> <span class='ocrx_word' id='word_1_326' title='bbox 1101 3942 1222 4012; x_wconf 77' lang='grc' dir='ltr'>μηδ’</span> <span class='ocrx_word' id='word_1_327' title='bbox 1263 3944 1322 3995; x_wconf 88' lang='grc' dir='ltr'>ἐν</span> <span class='ocrx_word' id='word_1_328' title='bbox 1364 3945 1550 4016; x_wconf 83' lang='grc' dir='ltr'>τρόπῳ</span> <span class='ocrx_word' id='word_1_329' title='bbox 1603 3947 1701 4010; x_wconf 72' lang='grc' dir='ltr'>τὰς</span> <span class='ocrx_word' id='word_1_330' title='bbox 1750 3946 1942 4002; x_wconf 78' lang='grc' dir='ltr'>ἑαυτοῦ</span> 
     </span>
    </p>
   </div>
   <div class='ocr_carea' id='block_1_43' title="bbox 370 4026 1944 4108">
    <p class='ocr_par' dir='ltr' id='par_1_43' title="bbox 370 4026 1944 4108">
     <span class='ocr_line' id='line_1_43' title="bbox 370 4026 1944 4108; baseline 0.011 -31"><span class='ocrx_word' id='word_1_331' title='bbox 370 4026 553 4092; x_wconf 71' lang='grc' dir='ltr'>φωνὰς</span> <span class='ocrx_word' id='word_1_332' title='bbox 595 4029 976 4094; x_wconf 83' lang='grc' dir='ltr'>ἀνατίθεσθαι,</span> <span class='ocrx_word' id='word_1_333' title='bbox 1021 4033 1160 4087; x_wconf 79' lang='grc' dir='ltr'><strong>ἀλλά</strong></span> <span class='ocrx_word' id='word_1_334' title='bbox 1196 4034 1276 4104; x_wconf 84' lang='grc' dir='ltr'><strong>τῷ</strong></span> <span class='ocrx_word' id='word_1_335' title='bbox 1322 4035 1434 4089; x_wconf 78' lang='grc' dir='ltr'>ὄντι</span> <span class='ocrx_word' id='word_1_336' title='bbox 1468 4037 1707 4108; x_wconf 83' lang='grc' dir='ltr'>νομίζειν</span> <span class='ocrx_word' id='word_1_337' title='bbox 1739 4039 1944 4108; x_wconf 79' lang='grc' dir='ltr'>ἠλίθιον</span> 
     </span>
    </p>
   </div>
   <div class='ocr_carea' id='block_1_44' title="bbox 369 4112 1944 4205">
    <p class='ocr_par' dir='ltr' id='par_1_44' title="bbox 369 4112 1944 4205">
     <span class='ocr_line' id='line_1_44' title="bbox 369 4112 1944 4205; baseline 0.009 -35"><span class='ocrx_word' id='word_1_338' title='bbox 369 4112 509 4205; x_wconf 80' lang='grc' dir='ltr'>εἶναι</span> <span class='ocrx_word' id='word_1_339' title='bbox 540 4121 634 4172; x_wconf 81' lang='grc' dir='ltr'>καὶ</span> <span class='ocrx_word' id='word_1_340' title='bbox 662 4122 1107 4194; x_wconf 81' lang='grc' dir='ltr'>παρεξεστηκότα</span> <span class='ocrx_word' id='word_1_341' title='bbox 1130 4165 1144 4190; x_wconf 91' lang='grc'><strong>,</strong></span> <span class='ocrx_word' id='word_1_342' title='bbox 1171 4125 1261 4178; x_wconf 80' lang='grc' dir='ltr'><strong>τὸν</strong></span> <span class='ocrx_word' id='word_1_343' title='bbox 1284 4126 1345 4180; x_wconf 86' lang='grc' dir='ltr'><strong>τὸ</strong></span> <span class='ocrx_word' id='word_1_344' title='bbox 1377 4129 1734 4199; x_wconf 85' lang='grc' dir='ltr'>ὑποκείμενον</span> <span class='ocrx_word' id='word_1_345' title='bbox 1767 4132 1842 4203; x_wconf 85' lang='grc' dir='ltr'>μὴ</span> <span class='ocrx_word' id='word_1_346' title='bbox 1869 4132 1944 4196; x_wconf 83' lang='grc' dir='ltr'>ὡς</span> 
     </span>
    </p>
   </div>
   <div class='ocr_carea' id='block_1_45' title="bbox 367 4207 1943 4287">
    <p class='ocr_par' dir='ltr' id='par_1_45' title="bbox 367 4207 1943 4287">
     <span class='ocr_line' id='line_1_45' title="bbox 367 4207 1943 4287; baseline 0.011 -29"><span class='ocrx_word' id='word_1_347' title='bbox 367 4207 514 4260; x_wconf 80' lang='grc' dir='ltr'>ἔστιν</span> <span class='ocrx_word' id='word_1_348' title='bbox 561 4209 923 4280; x_wconf 71' lang='grc' dir='ltr'>ὀνομάζοντα,</span> <span class='ocrx_word' id='word_1_349' title='bbox 965 4214 1077 4267; x_wconf 86' lang='grc' dir='ltr'>ἀλλ’</span> <span class='ocrx_word' id='word_1_350' title='bbox 1124 4215 1246 4269; x_wconf 72' lang='grc' dir='ltr'>ἀντὶ</span> <span class='ocrx_word' id='word_1_351' title='bbox 1290 4215 1574 4287; x_wconf 79' lang='grc' dir='ltr'>ἀνθρώπου</span> <span class='ocrx_word' id='word_1_352' title='bbox 1619 4219 1806 4285; x_wconf 78' lang='grc' dir='ltr'>ἵππον,</span> <span class='ocrx_word' id='word_1_353' title='bbox 1852 4224 1943 4275; x_wconf 71' lang='grc' dir='ltr'>καὶ</span> 
     </span>
    </p>
   </div>
   <div class='ocr_carea' id='block_1_46' title="bbox 367 4297 1943 4378">
    <p class='ocr_par' dir='ltr' id='par_1_46' title="bbox 367 4297 1943 4378">
     <span class='ocr_line' id='line_1_46' title="bbox 367 4297 1943 4378; baseline 0.009 -28"><span class='ocrx_word' id='word_1_354' title='bbox 367 4297 487 4351; x_wconf 69' lang='grc' dir='ltr'>ἀντὶ</span> <span class='ocrx_word' id='word_1_355' title='bbox 517 4299 748 4371; x_wconf 79' lang='grc' dir='ltr'>οὐρανοῦ</span> <span class='ocrx_word' id='word_1_356' title='bbox 780 4302 1072 4367; x_wconf 79' lang='grc' dir='ltr'>θάλασσαν,</span> <span class='ocrx_word' id='word_1_357' title='bbox 1111 4305 1204 4358; x_wconf 81' lang='grc' dir='ltr'>καὶ</span> <span class='ocrx_word' id='word_1_358' title='bbox 1237 4306 1356 4358; x_wconf 74' lang='grc' dir='ltr'>ἀντὶ</span> <span class='ocrx_word' id='word_1_359' title='bbox 1393 4306 1525 4360; x_wconf 80' lang='grc' dir='ltr'>Θεοῦ</span> <span class='ocrx_word' id='word_1_360' title='bbox 1559 4307 1783 4378; x_wconf 87' lang='grc' dir='ltr'>λέγοντα</span> <span class='ocrx_word' id='word_1_361' title='bbox 1828 4311 1943 4364; x_wconf 86' lang='grc' dir='ltr'>κτί-</span> 
     </span>
    </p>
   </div>
   <div class='ocr_carea' id='block_1_47' title="bbox 371 4392 1942 4471">
    <p class='ocr_par' dir='ltr' id='par_1_47' title="bbox 371 4392 1942 4471">
     <span class='ocr_line' id='line_1_47' title="bbox 371 4392 1942 4471; baseline 0.009 -30"><span class='ocrx_word' id='word_1_362' title='bbox 371 4405 484 4460; x_wconf 87' lang='grc' dir='ltr'><strong>σμα</strong></span> <span class='ocrx_word' id='word_1_363' title='bbox 506 4407 520 4422; x_wconf 78' lang='grc'><strong><em>⁸</em></strong></span> <span class='ocrx_word' id='word_1_364' title='bbox 554 4392 647 4444; x_wconf 78' lang='grc' dir='ltr'><strong>καὶ</strong></span> <span class='ocrx_word' id='word_1_365' title='bbox 683 4393 870 4464; x_wconf 81' lang='grc' dir='ltr'>μηδεὶς</span> <span class='ocrx_word' id='word_1_366' title='bbox 895 4394 1089 4448; x_wconf 77' lang='grc' dir='ltr'>οἰέσθω</span> <span class='ocrx_word' id='word_1_367' title='bbox 1119 4397 1276 4468; x_wconf 78' lang='grc' dir='ltr'>παρὰ</span> <span class='ocrx_word' id='word_1_368' title='bbox 1301 4397 1456 4466; x_wconf 88' lang='grc' dir='ltr'>λόγον</span> <span class='ocrx_word' id='word_1_369' title='bbox 1500 4399 1942 4471; x_wconf 86' lang='grc' dir='ltr'>ἀντιδιαιρεῖσθαι</span> 
     </span>
    </p>
   </div>
   <div class='ocr_carea' id='block_1_48' title="bbox 368 4482 1942 4564">
    <p class='ocr_par' dir='ltr' id='par_1_48' title="bbox 368 4482 1942 4564">
     <span class='ocr_line' id='line_1_48' title="bbox 368 4482 1942 4564; baseline 0.01 -31"><span class='ocrx_word' id='word_1_370' title='bbox 368 4483 445 4551; x_wconf 84' lang='grc' dir='ltr'><strong>τῷ</strong></span> <span class='ocrx_word' id='word_1_371' title='bbox 490 4482 611 4555; x_wconf 86' lang='grc' dir='ltr'><strong>Θεῷ</strong></span> <span class='ocrx_word' id='word_1_372' title='bbox 656 4485 754 4556; x_wconf 83' lang='grc' dir='ltr'><strong>τὴν</strong></span> <span class='ocrx_word' id='word_1_373' title='bbox 798 4487 998 4550; x_wconf 84' lang='grc' dir='ltr'>κτίσιν,</span> <span class='ocrx_word' id='word_1_374' title='bbox 1031 4488 1166 4542; x_wconf 77' lang='grc' dir='ltr'>ἀλλὰ</span> <span class='ocrx_word' id='word_1_375' title='bbox 1207 4490 1344 4561; x_wconf 77' lang='grc' dir='ltr'>πρὸς</span> <span class='ocrx_word' id='word_1_376' title='bbox 1368 4491 1496 4554; x_wconf 77' lang='grc' dir='ltr'>τοὺς</span> <span class='ocrx_word' id='word_1_377' title='bbox 1539 4494 1822 4564; x_wconf 81' lang='grc' dir='ltr'>προφήτας</span> <span class='ocrx_word' id='word_1_378' title='bbox 1847 4496 1942 4549; x_wconf 73' lang='grc' dir='ltr'><strong>καὶ</strong></span> 
     </span>
    </p>
   </div>
   <div class='ocr_carea' id='block_1_49' title="bbox 2037 649 3607 721">
    <p class='ocr_par' dir='ltr' id='par_1_49' title="bbox 2037 649 3607 721">
     <span class='ocr_line' id='line_1_49' title="bbox 2037 649 3607 721; baseline -0.001 -15"><span class='ocrx_word' id='word_1_379' title='bbox 2037 654 2317 708; x_wconf 87' lang='lat' dir='ltr'><strong>veritatem</strong></span> <span class='ocrx_word' id='word_1_380' title='bbox 2351 651 2583 721; x_wconf 86' lang='lat' dir='ltr'><strong>allapsa,</strong></span> <span class='ocrx_word' id='word_1_381' title='bbox 2621 649 2764 704; x_wconf 84' lang='lat' dir='ltr'><strong>hanc</strong></span> <span class='ocrx_word' id='word_1_382' title='bbox 2801 649 3115 705; x_wconf 92' lang='lat' dir='ltr'><strong>instabilem</strong></span> <span class='ocrx_word' id='word_1_383' title='bbox 3151 660 3204 706; x_wconf 89' lang='lat' dir='ltr'><strong>et</strong></span> <span class='ocrx_word' id='word_1_384' title='bbox 3244 651 3607 719; x_wconf 80' lang='lat' dir='ltr'><strong>ampullarem</strong></span> 
     </span>
    </p>
   </div>
   <div class='ocr_carea' id='block_1_50' title="bbox 2033 740 3606 812">
    <p class='ocr_par' dir='ltr' id='par_1_50' title="bbox 2033 740 3606 812">
     <span class='ocr_line' id='line_1_50' title="bbox 2033 740 3606 812; baseline -0.003 -11"><span class='ocrx_word' id='word_1_385' title='bbox 2033 744 2305 801; x_wconf 84' lang='lat' dir='ltr'><strong>mendacii</strong></span> <span class='ocrx_word' id='word_1_386' title='bbox 2335 742 2786 799; x_wconf 89' lang='lat' dir='ltr'><strong>constitutionem</strong></span> <span class='ocrx_word' id='word_1_387' title='bbox 2815 741 2872 796; x_wconf 91' lang='lat' dir='ltr'><strong>in</strong></span> <span class='ocrx_word' id='word_1_388' title='bbox 2900 741 3136 796; x_wconf 89' lang='lat' dir='ltr'><strong>nihilum</strong></span> <span class='ocrx_word' id='word_1_389' title='bbox 3165 740 3476 812; x_wconf 79' lang='lat' dir='ltr'><strong>dissipavit.</strong></span> <span class='ocrx_word' id='word_1_390' title='bbox 3506 742 3606 797; x_wconf 86' lang='lat' dir='ltr'><strong>liis</strong></span> 
     </span>
    </p>
   </div>
   <div class='ocr_carea' id='block_1_51' title="bbox 2032 832 3611 904">
    <p class='ocr_par' dir='ltr' id='par_1_51' title="bbox 2032 832 3611 904">
     <span class='ocr_line' id='line_1_51' title="bbox 2032 832 3611 904; baseline -0.003 -11"><span class='ocrx_word' id='word_1_391' title='bbox 2032 839 2178 893; x_wconf 68' lang='lat' dir='ltr'><strong>cnim</strong></span> <span class='ocrx_word' id='word_1_392' title='bbox 2210 837 2393 892; x_wconf 78' lang='lat' dir='ltr'><strong>verbis</strong></span> <span class='ocrx_word' id='word_1_393' title='bbox 2423 835 2594 891; x_wconf 87' lang='lat' dir='ltr'><strong>dicit:</strong></span> <span class='ocrx_word' id='word_1_394' title='bbox 2629 834 2767 901; x_wconf 82' lang='lat' dir='ltr'><strong>Quis</strong></span> <span class='ocrx_word' id='word_1_395' title='bbox 2811 835 2885 888; x_wconf 90' lang='lat' dir='ltr'><strong>ita</strong></span> <span class='ocrx_word' id='word_1_396' title='bbox 2931 832 3188 904; x_wconf 90' lang='lat' dir='ltr'><strong>stupidus</strong></span> <span class='ocrx_word' id='word_1_397' title='bbox 3230 842 3285 888; x_wconf 90' lang='lat' dir='ltr'><strong>et</strong></span> <span class='ocrx_word' id='word_1_398' title='bbox 3319 849 3517 890; x_wconf 81' lang='lat' dir='ltr'><strong>vecors</strong></span> <span class='ocrx_word' id='word_1_399' title='bbox 3555 835 3611 890; x_wconf 80' lang='lat' dir='ltr'><strong>et</strong></span> 
     </span>
    </p>
   </div>
   <div class='ocr_carea' id='block_1_52' title="bbox 2035 924 3605 992">
    <p class='ocr_par' dir='ltr' id='par_1_52' title="bbox 2035 924 3605 992">
     <span class='ocr_line' id='line_1_52' title="bbox 2035 924 3605 992; baseline -0.002 -9"><span class='ocrx_word' id='word_1_400' title='bbox 2035 927 2391 984; x_wconf 81' lang='lat' dir='ltr'><strong>humanitatis</strong></span> <span class='ocrx_word' id='word_1_401' title='bbox 2422 941 2635 992; x_wconf 82' lang='lat' dir='ltr'><strong>exsors,</strong></span> <span class='ocrx_word' id='word_1_402' title='bbox 2691 933 2752 981; x_wconf 91' lang='lat' dir='ltr'><strong>ut</strong></span> <span class='ocrx_word' id='word_1_403' title='bbox 2803 924 2870 980; x_wconf 93' lang='lat' dir='ltr'><strong>de</strong></span> <span class='ocrx_word' id='word_1_404' title='bbox 2929 925 3244 980; x_wconf 88' lang='lat' dir='ltr'><strong>hominibus</strong></span> <span class='ocrx_word' id='word_1_405' title='bbox 3297 925 3605 987; x_wconf 88' lang='lat' dir='ltr'><strong>disserens,</strong></span> 
     </span>
    </p>
   </div>
   <div class='ocr_carea' id='block_1_53' title="bbox 2035 1013 3609 1090">
    <p class='ocr_par' dir='ltr' id='par_1_53' title="bbox 2035 1013 3609 1090">
     <span class='ocr_line' id='line_1_53' title="bbox 2035 1013 3609 1090; baseline -0.003 -16"><span class='ocrx_word' id='word_1_406' title='bbox 2035 1021 2182 1074; x_wconf 89' lang='lat' dir='ltr'><strong>hunc</strong></span> <span class='ocrx_word' id='word_1_407' title='bbox 2212 1018 2432 1090; x_wconf 89' lang='lat' dir='ltr'><strong>quidem</strong></span> <span class='ocrx_word' id='word_1_408' title='bbox 2462 1019 2761 1082; x_wconf 86' lang='lat' dir='ltr'><strong>hominem,</strong></span> <span class='ocrx_word' id='word_1_409' title='bbox 2791 1016 2945 1070; x_wconf 92' lang='lat' dir='ltr'><strong>illum</strong></span> <span class='ocrx_word' id='word_1_410' title='bbox 2982 1032 3113 1071; x_wconf 89' lang='lat' dir='ltr'><strong>vero</strong></span> <span class='ocrx_word' id='word_1_411' title='bbox 3151 1025 3354 1087; x_wconf 80' lang='lat' dir='ltr'><strong>e‘qttum</strong></span> <span class='ocrx_word' id='word_1_412' title='bbox 3386 1013 3609 1082; x_wconf 73' lang='lat' dir='ltr'><strong>dixerit,</strong></span> 
     </span>
    </p>
   </div>
   <div class='ocr_carea' id='block_1_54' title="bbox 2039 1107 3606 1181">
    <p class='ocr_par' dir='ltr' id='par_1_54' title="bbox 2039 1107 3606 1181">
     <span class='ocr_line' id='line_1_54' title="bbox 2039 1107 3606 1181; baseline -0.003 -16"><span class='ocrx_word' id='word_1_413' title='bbox 2039 1112 2286 1181; x_wconf 92' lang='lat' dir='ltr'><strong>ipsorum</strong></span> <span class='ocrx_word' id='word_1_414' title='bbox 2319 1111 2728 1180; x_wconf 82' lang='lat' dir='ltr'><strong>comparatione</strong></span> <span class='ocrx_word' id='word_1_415' title='bbox 2758 1107 2942 1163; x_wconf 79' lang='lat' dir='ltr'><strong>facta?</strong></span> <span class='ocrx_word' id='word_1_416' title='bbox 2963 1109 3032 1161; x_wconf 85' lang='lat' dir='ltr'><strong>At</strong></span> <span class='ocrx_word' id='word_1_417' title='bbox 3060 1121 3162 1179; x_wconf 75' lang='lat' dir='ltr'><strong>ego</strong></span> <span class='ocrx_word' id='word_1_418' title='bbox 3198 1108 3302 1179; x_wconf 84' lang='lat' dir='ltr'><strong>ipsi</strong></span> <span class='ocrx_word' id='word_1_419' title='bbox 3333 1108 3606 1163; x_wconf 77' lang='lat' dir='ltr'><strong>dixerint:</strong></span> 
     </span>
    </p>
   </div>
   <div class='ocr_carea' id='block_1_55' title="bbox 2037 1189 3610 1266">
    <p class='ocr_par' dir='ltr' id='par_1_55' title="bbox 2037 1189 3610 1266">
     <span class='ocr_line' id='line_1_55' title="bbox 2037 1189 3610 1266; baseline -0.003 -10"><span class='ocrx_word' id='word_1_420' title='bbox 2037 1200 2306 1256; x_wconf 68' lang='lat' dir='ltr'><strong>Prmclare</strong></span> <span class='ocrx_word' id='word_1_421' title='bbox 2339 1200 2591 1256; x_wconf 83' lang='lat' dir='ltr'><strong>nominas</strong></span> <span class='ocrx_word' id='word_1_422' title='bbox 2627 1198 2884 1255; x_wconf 88' lang='lat' dir='ltr'><strong>stolidum</strong></span> <span class='ocrx_word' id='word_1_423' title='bbox 2921 1210 2976 1253; x_wconf 88' lang='lat' dir='ltr'><strong>et</strong></span> <span class='ocrx_word' id='word_1_424' title='bbox 3000 1189 3272 1266; x_wconf 84' lang='lat' dir='ltr'><strong>hebetem,</strong></span> <span class='ocrx_word' id='word_1_425' title='bbox 3303 1206 3356 1254; x_wconf 88' lang='lat' dir='ltr'><strong>et</strong></span> <span class='ocrx_word' id='word_1_426' title='bbox 3380 1199 3610 1257; x_wconf 86' lang='lat' dir='ltr'><strong>bardum</strong></span> 
     </span>
    </p>
   </div>
   <div class='ocr_carea' id='block_1_56' title="bbox 2039 1290 3612 1359">
    <p class='ocr_par' dir='ltr' id='par_1_56' title="bbox 2039 1290 3612 1359">
     <span class='ocr_line' id='line_1_56' title="bbox 2039 1290 3612 1359; baseline -0.003 -11"><span class='ocrx_word' id='word_1_427' title='bbox 2039 1295 2122 1349; x_wconf 88' lang='lat' dir='ltr'><strong>sic</strong></span> <span class='ocrx_word' id='word_1_428' title='bbox 2145 1293 2293 1348; x_wconf 88' lang='lat' dir='ltr'><strong>circa</strong></span> <span class='ocrx_word' id='word_1_429' title='bbox 2333 1307 2495 1347; x_wconf 90' lang='lat' dir='ltr'><strong>voces</strong></span> <span class='ocrx_word' id='word_1_430' title='bbox 2525 1292 2871 1346; x_wconf 82' lang='lat' dir='ltr'><strong>aberrantem</strong></span> <span class='ocrx_word' id='word_1_431' title='bbox 2911 1307 2924 1344; x_wconf 90' lang='lat'><strong>:</strong></span> <span class='ocrx_word' id='word_1_432' title='bbox 2955 1297 3008 1344; x_wconf 90' lang='lat' dir='ltr'><strong>et</strong></span> <span class='ocrx_word' id='word_1_433' title='bbox 3045 1291 3109 1344; x_wconf 91' lang='lat' dir='ltr'><strong>ad</strong></span> <span class='ocrx_word' id='word_1_434' title='bbox 3142 1290 3394 1345; x_wconf 75' lang='lat' dir='ltr'><strong>veritatis</strong></span> <span class='ocrx_word' id='word_1_435' title='bbox 3422 1297 3612 1359; x_wconf 50' lang='lat' dir='ltr'><strong>patrod</strong></span> 
     </span>
    </p>
   </div>
   <div class='ocr_carea' id='block_1_57' title="bbox 2038 1379 3612 1438">
    <p class='ocr_par' dir='ltr' id='par_1_57' title="bbox 2038 1379 3612 1438">
     <span class='ocr_line' id='line_1_57' title="bbox 2038 1379 3612 1438; baseline -0.003 0"><span class='ocrx_word' id='word_1_436' title='bbox 2038 1385 2241 1438; x_wconf 92' lang='lat' dir='ltr'><strong>cinium</strong></span> <span class='ocrx_word' id='word_1_437' title='bbox 2276 1391 2328 1438; x_wconf 91' lang='lat' dir='ltr'><strong>te</strong></span> <span class='ocrx_word' id='word_1_438' title='bbox 2360 1393 2484 1437; x_wconf 90' lang='lat' dir='ltr'><strong>utar</strong></span> <span class='ocrx_word' id='word_1_439' title='bbox 2518 1387 2678 1438; x_wconf 89' lang='lat' dir='ltr'><strong>teste.</strong></span> <span class='ocrx_word' id='word_1_440' title='bbox 2712 1381 2770 1436; x_wconf 91' lang='lat' dir='ltr'><strong>Si</strong></span> <span class='ocrx_word' id='word_1_441' title='bbox 2802 1383 2947 1437; x_wconf 82' lang='lat' dir='ltr'><strong>enim</strong></span> <span class='ocrx_word' id='word_1_442' title='bbox 2982 1384 3068 1436; x_wconf 91' lang='lat' dir='ltr'><strong>est</strong></span> <span class='ocrx_word' id='word_1_443' title='bbox 3109 1379 3368 1435; x_wconf 62' lang='lat' dir='ltr'><strong>extrema!</strong></span> <span class='ocrx_word' id='word_1_444' title='bbox 3393 1380 3612 1437; x_wconf 79' lang='lat' dir='ltr'><strong>stolidi-</strong></span> 
     </span>
    </p>
   </div>
   <div class='ocr_carea' id='block_1_58' title="bbox 2042 1473 3612 1544">
    <p class='ocr_par' dir='ltr' id='par_1_58' title="bbox 2042 1473 3612 1544">
     <span class='ocr_line' id='line_1_58' title="bbox 2042 1473 3612 1544; baseline -0.001 -14"><span class='ocrx_word' id='word_1_445' title='bbox 2042 1477 2175 1530; x_wconf 81' lang='lat' dir='ltr'><strong>tatis</strong></span> <span class='ocrx_word' id='word_1_446' title='bbox 2208 1483 2264 1530; x_wconf 90' lang='lat' dir='ltr'><strong>et</strong></span> <span class='ocrx_word' id='word_1_447' title='bbox 2295 1475 2589 1538; x_wconf 82' lang='lat' dir='ltr'><strong>fatuitatis,</strong></span> <span class='ocrx_word' id='word_1_448' title='bbox 2616 1473 2764 1529; x_wconf 91' lang='lat' dir='ltr'><strong>hunc</strong></span> <span class='ocrx_word' id='word_1_449' title='bbox 2793 1473 3016 1544; x_wconf 89' lang='lat' dir='ltr'><strong>quidem</strong></span> <span class='ocrx_word' id='word_1_450' title='bbox 3041 1487 3266 1544; x_wconf 89' lang='lat' dir='ltr'><strong>equum,</strong></span> <span class='ocrx_word' id='word_1_451' title='bbox 3301 1473 3454 1527; x_wconf 89' lang='lat' dir='ltr'><strong>illum</strong></span> <span class='ocrx_word' id='word_1_452' title='bbox 3479 1488 3612 1528; x_wconf 86' lang='lat' dir='ltr'><strong>vero</strong></span> 
     </span>
    </p>
   </div>
   <div class='ocr_carea' id='block_1_59' title="bbox 2039 1563 3613 1636">
    <p class='ocr_par' dir='ltr' id='par_1_59' title="bbox 2039 1563 3613 1636">
     <span class='ocr_line' id='line_1_59' title="bbox 2039 1563 3613 1636; baseline -0.003 -16"><span class='ocrx_word' id='word_1_453' title='bbox 2039 1565 2311 1620; x_wconf 84' lang='lat' dir='ltr'><strong>hominem</strong></span> <span class='ocrx_word' id='word_1_454' title='bbox 2331 1565 2534 1625; x_wconf 86' lang='lat' dir='ltr'><strong>dicere,</strong></span> <span class='ocrx_word' id='word_1_455' title='bbox 2560 1565 2605 1619; x_wconf 93' lang='lat' dir='ltr'><strong>si</strong></span> <span class='ocrx_word' id='word_1_456' title='bbox 2632 1563 2848 1636; x_wconf 82' lang='lat' dir='ltr'><strong>quidem</strong></span> <span class='ocrx_word' id='word_1_457' title='bbox 2872 1579 2998 1619; x_wconf 89' lang='lat' dir='ltr'><strong>vere</strong></span> <span class='ocrx_word' id='word_1_458' title='bbox 3033 1564 3408 1619; x_wconf 80' lang='lat' dir='ltr'><strong>ambo‘essent</strong></span> <span class='ocrx_word' id='word_1_459' title='bbox 3439 1563 3613 1617; x_wconf 77' lang='lat' dir='ltr'><strong>homi-</strong></span> 
     </span>
    </p>
   </div>
   <div class='ocr_carea' id='block_1_60' title="bbox 2039 1653 3612 1726">
    <p class='ocr_par' dir='ltr' id='par_1_60' title="bbox 2039 1653 3612 1726">
     <span class='ocr_line' id='line_1_60' title="bbox 2039 1653 3612 1726; baseline -0.003 -15"><span class='ocrx_word' id='word_1_460' title='bbox 2039 1671 2136 1711; x_wconf 90' lang='lat' dir='ltr'><strong>nes</strong></span> <span class='ocrx_word' id='word_1_461' title='bbox 2172 1675 2183 1709; x_wconf 94' lang='lat'>:</span> <span class='ocrx_word' id='word_1_462' title='bbox 2219 1656 2450 1726; x_wconf 64' lang='lat' dir='ltr'><strong>aequalis</strong></span> <span class='ocrx_word' id='word_1_463' title='bbox 2480 1664 2710 1726; x_wconf 82' lang='lat' dir='ltr'><strong>prorsus</strong></span> <span class='ocrx_word' id='word_1_464' title='bbox 2744 1654 2987 1725; x_wconf 84' lang='lat' dir='ltr'><strong>stuporis</strong></span> <span class='ocrx_word' id='word_1_465' title='bbox 3022 1661 3108 1709; x_wconf 88' lang='lat' dir='ltr'><strong>est</strong></span> <span class='ocrx_word' id='word_1_466' title='bbox 3145 1669 3270 1708; x_wconf 90' lang='lat' dir='ltr'><strong>cum</strong></span> <span class='ocrx_word' id='word_1_467' title='bbox 3305 1653 3448 1709; x_wconf 74' lang='lat' dir='ltr'><strong>Dens</strong></span> <span class='ocrx_word' id='word_1_468' title='bbox 3487 1657 3612 1723; x_wconf 81' lang='lat' dir='ltr'><strong>qui-</strong></span> 
     </span>
    </p>
   </div>
   <div class='ocr_carea' id='block_1_61' title="bbox 2039 1743 3612 1811">
    <p class='ocr_par' dir='ltr' id='par_1_61' title="bbox 2039 1743 3612 1811">
     <span class='ocr_line' id='line_1_61' title="bbox 2039 1743 3612 1811; baseline -0.001 -10"><span class='ocrx_word' id='word_1_469' title='bbox 2039 1747 2157 1802; x_wconf 89' lang='lat' dir='ltr'><strong>dem</strong></span> <span class='ocrx_word' id='word_1_470' title='bbox 2187 1744 2368 1811; x_wconf 90' lang='lat' dir='ltr'><strong>Pater,</strong></span> <span class='ocrx_word' id='word_1_471' title='bbox 2421 1745 2563 1803; x_wconf 90' lang='lat' dir='ltr'><strong>Deus</strong></span> <span class='ocrx_word' id='word_1_472' title='bbox 2603 1759 2732 1801; x_wconf 87' lang='lat' dir='ltr'><strong>vero</strong></span> <span class='ocrx_word' id='word_1_473' title='bbox 2760 1743 3100 1800; x_wconf 75' lang='lat' dir='ltr'><strong>Filius&#39;esse</strong></span> <span class='ocrx_word' id='word_1_474' title='bbox 3139 1745 3417 1808; x_wconf 85' lang='lat' dir='ltr'><strong>credatur,</strong></span> <span class='ocrx_word' id='word_1_475' title='bbox 3468 1745 3612 1799; x_wconf 89' lang='lat' dir='ltr'><strong>hunc</strong></span> 
     </span>
    </p>
   </div>
   <div class='ocr_carea' id='block_1_62' title="bbox 2046 1830 3609 1908">
    <p class='ocr_par' dir='ltr' id='par_1_62' title="bbox 2046 1830 3609 1908">
     <span class='ocr_line' id='line_1_62' title="bbox 2046 1830 3609 1908; baseline -0.003 -17"><span class='ocrx_word' id='word_1_476' title='bbox 2046 1838 2263 1908; x_wconf 91' lang='lat' dir='ltr'><strong>quidem</strong></span> <span class='ocrx_word' id='word_1_477' title='bbox 2303 1846 2573 1905; x_wconf 84' lang='lat' dir='ltr'><strong>creatum,</strong></span> <span class='ocrx_word' id='word_1_478' title='bbox 2623 1837 2775 1894; x_wconf 93' lang='lat' dir='ltr'><strong>illum</strong></span> <span class='ocrx_word' id='word_1_479' title='bbox 2821 1851 2950 1893; x_wconf 86' lang='lat' dir='ltr'><strong>vero</strong></span> <span class='ocrx_word' id='word_1_480' title='bbox 2977 1837 3286 1891; x_wconf 88' lang='lat' dir='ltr'><strong>increatum</strong></span> <span class='ocrx_word' id='word_1_481' title='bbox 3319 1830 3609 1898; x_wconf 83' lang='lat' dir='ltr'><strong>aﬁlrmare,</strong></span> 
     </span>
    </p>
   </div>
   <div class='ocr_carea' id='block_1_63' title="bbox 2042 1926 3612 2000">
    <p class='ocr_par' dir='ltr' id='par_1_63' title="bbox 2042 1926 3612 2000">
     <span class='ocr_line' id='line_1_63' title="bbox 2042 1926 3612 2000; baseline -0.001 -18"><span class='ocrx_word' id='word_1_482' title='bbox 2042 1942 2166 1982; x_wconf 90' lang='lat' dir='ltr'><strong>cum</strong></span> <span class='ocrx_word' id='word_1_483' title='bbox 2206 1940 2306 1984; x_wconf 85' lang='lat' dir='ltr'><strong>nec</strong></span> <span class='ocrx_word' id='word_1_484' title='bbox 2339 1930 2452 1984; x_wconf 89' lang='lat' dir='ltr'><strong>illic</strong></span> <span class='ocrx_word' id='word_1_485' title='bbox 2497 1930 2834 2000; x_wconf 87' lang='lat' dir='ltr'><strong>humanitas,</strong></span> <span class='ocrx_word' id='word_1_486' title='bbox 2857 1944 2960 1984; x_wconf 89' lang='lat' dir='ltr'><strong>nec</strong></span> <span class='ocrx_word' id='word_1_487' title='bbox 3006 1928 3095 1982; x_wconf 89' lang='lat' dir='ltr'><strong>hic</strong></span> <span class='ocrx_word' id='word_1_488' title='bbox 3137 1928 3419 1988; x_wconf 88' lang='lat' dir='ltr'><strong>divinitas.</strong></span> <span class='ocrx_word' id='word_1_489' title='bbox 3455 1926 3522 1980; x_wconf 90' lang='lat' dir='ltr'><strong>ad</strong></span> <span class='ocrx_word' id='word_1_490' title='bbox 3557 1927 3612 1980; x_wconf 76' lang='lat' dir='ltr'><strong>id</strong></span> 
     </span>
    </p>
   </div>
   <div class='ocr_carea' id='block_1_64' title="bbox 2041 2017 3611 2090">
    <p class='ocr_par' dir='ltr' id='par_1_64' title="bbox 2041 2017 3611 2090">
     <span class='ocr_line' id='line_1_64' title="bbox 2041 2017 3611 2090; baseline -0.003 -16"><span class='ocrx_word' id='word_1_491' title='bbox 2041 2021 2187 2090; x_wconf 91' lang='lat' dir='ltr'><strong>quod</strong></span> <span class='ocrx_word' id='word_1_492' title='bbox 2244 2020 2450 2075; x_wconf 87' lang='lat' dir='ltr'><strong>diversi</strong></span> <span class='ocrx_word' id='word_1_493' title='bbox 2501 2023 2721 2090; x_wconf 83' lang='lat' dir='ltr'><strong>generis</strong></span> <span class='ocrx_word' id='word_1_494' title='bbox 2771 2028 2856 2074; x_wconf 88' lang='lat' dir='ltr'><strong>est</strong></span> <span class='ocrx_word' id='word_1_495' title='bbox 2908 2018 3151 2073; x_wconf 87' lang='lat' dir='ltr'><strong>nominis</strong></span> <span class='ocrx_word' id='word_1_496' title='bbox 3202 2017 3611 2087; x_wconf 82' lang='lat' dir='ltr'><strong>perversioneni</strong></span> 
     </span>
    </p>
   </div>
   <div class='ocr_carea' id='block_1_65' title="bbox 2041 2107 3614 2178">
    <p class='ocr_par' dir='ltr' id='par_1_65' title="bbox 2041 2107 3614 2178">
     <span class='ocr_line' id='line_1_65' title="bbox 2041 2107 3614 2178; baseline -0.002 -16"><span class='ocrx_word' id='word_1_497' title='bbox 2041 2111 2216 2178; x_wconf 86' lang='lat' dir='ltr'><strong>possit</strong></span> <span class='ocrx_word' id='word_1_498' title='bbox 2245 2110 2557 2165; x_wconf 88' lang='lat' dir='ltr'><strong>admittere.</strong></span> <span class='ocrx_word' id='word_1_499' title='bbox 2584 2108 2740 2176; x_wconf 84' lang='lat' dir='ltr'><strong>Quod</strong></span> <span class='ocrx_word' id='word_1_500' title='bbox 2771 2111 2919 2164; x_wconf 89' lang='lat' dir='ltr'><strong>enim</strong></span> <span class='ocrx_word' id='word_1_501' title='bbox 2952 2117 3037 2164; x_wconf 87' lang='lat' dir='ltr'><strong>est</strong></span> <span class='ocrx_word' id='word_1_502' title='bbox 3067 2107 3301 2162; x_wconf 88' lang='lat' dir='ltr'><strong>rationis</strong></span> <span class='ocrx_word' id='word_1_503' title='bbox 3325 2122 3521 2177; x_wconf 83' lang='lat' dir='ltr'><strong>expers</strong></span> <span class='ocrx_word' id='word_1_504' title='bbox 3545 2107 3614 2160; x_wconf 90' lang='lat' dir='ltr'><strong>ad</strong></span> 
     </span>
    </p>
   </div>
   <div class='ocr_carea' id='block_1_66' title="bbox 2043 2200 3612 2269">
    <p class='ocr_par' dir='ltr' id='par_1_66' title="bbox 2043 2200 3612 2269">
     <span class='ocr_line' id='line_1_66' title="bbox 2043 2200 3612 2269; baseline -0.003 -15"><span class='ocrx_word' id='word_1_505' title='bbox 2043 2201 2341 2269; x_wconf 88' lang='lat' dir='ltr'><strong>hominem,</strong></span> <span class='ocrx_word' id='word_1_506' title='bbox 2373 2203 2476 2257; x_wconf 89' lang='lat' dir='ltr'><strong>hoc</strong></span> <span class='ocrx_word' id='word_1_507' title='bbox 2503 2203 2667 2257; x_wconf 89' lang='lat' dir='ltr'><strong>etiam</strong></span> <span class='ocrx_word' id='word_1_508' title='bbox 2699 2213 2952 2256; x_wconf 89' lang='lat' dir='ltr'><strong>creatura</strong></span> <span class='ocrx_word' id='word_1_509' title='bbox 2979 2201 3047 2256; x_wconf 90' lang='lat' dir='ltr'><strong>ad</strong></span> <span class='ocrx_word' id='word_1_510' title='bbox 3082 2200 3448 2264; x_wconf 84' lang='lat' dir='ltr'><strong>divinitatem,</strong></span> <span class='ocrx_word' id='word_1_511' title='bbox 3488 2214 3612 2253; x_wconf 85' lang='lat' dir='ltr'><strong>cuni</strong></span> 
     </span>
    </p>
   </div>
   <div class='ocr_carea' id='block_1_67' title="bbox 2041 2290 3616 2365">
    <p class='ocr_par' dir='ltr' id='par_1_67' title="bbox 2041 2290 3616 2365">
     <span class='ocr_line' id='line_1_67' title="bbox 2041 2290 3616 2365; baseline -0.003 -18"><span class='ocrx_word' id='word_1_512' title='bbox 2041 2311 2103 2348; x_wconf 79' lang='lat' dir='ltr'><strong>ex</strong></span> <span class='ocrx_word' id='word_1_513' title='bbox 2133 2309 2290 2364; x_wconf 75' lang='lat' dir='ltr'><strong>aequo</strong></span> <span class='ocrx_word' id='word_1_514' title='bbox 2323 2311 2429 2348; x_wconf 91' lang='lat' dir='ltr'><strong>non</strong></span> <span class='ocrx_word' id='word_1_515' title='bbox 2463 2293 2640 2365; x_wconf 90' lang='lat' dir='ltr'><strong>possit</strong></span> <span class='ocrx_word' id='word_1_516' title='bbox 2665 2294 2954 2349; x_wconf 83' lang='lat' dir='ltr'><strong>admittere</strong></span> <span class='ocrx_word' id='word_1_517' title='bbox 2982 2290 3228 2347; x_wconf 82' lang='lat' dir='ltr'><strong>eamdem</strong></span> <span class='ocrx_word' id='word_1_518' title='bbox 3255 2305 3381 2345; x_wconf 90' lang='lat' dir='ltr'><strong>cum</strong></span> <span class='ocrx_word' id='word_1_519' title='bbox 3413 2291 3616 2361; x_wconf 85' lang='lat' dir='ltr'><strong>produ-</strong></span> 
     </span>
    </p>
   </div>
   <div class='ocr_carea' id='block_1_68' title="bbox 2040 2383 3616 2454">
    <p class='ocr_par' dir='ltr' id='par_1_68' title="bbox 2040 2383 3616 2454">
     <span class='ocr_line' id='line_1_68' title="bbox 2040 2383 3616 2454; baseline -0.003 -14"><span class='ocrx_word' id='word_1_520' title='bbox 2040 2394 2194 2440; x_wconf 88' lang='lat' dir='ltr'><strong>cente</strong></span> <span class='ocrx_word' id='word_1_521' title='bbox 2269 2386 2553 2441; x_wconf 86' lang='lat' dir='ltr'><strong>rationem.</strong></span> <span class='ocrx_word' id='word_1_522' title='bbox 2618 2388 2683 2440; x_wconf 87' lang='lat' dir='ltr'><strong>Et</strong></span> <span class='ocrx_word' id='word_1_523' title='bbox 2755 2383 3213 2454; x_wconf 87' lang='lat' dir='ltr'><strong>quemadmodum</strong></span> <span class='ocrx_word' id='word_1_524' title='bbox 3266 2397 3373 2436; x_wconf 91' lang='lat' dir='ltr'><strong>non</strong></span> <span class='ocrx_word' id='word_1_525' title='bbox 3436 2389 3616 2452; x_wconf 87' lang='lat' dir='ltr'><strong>potest</strong></span> 
     </span>
    </p>
   </div>
   <div class='ocr_carea' id='block_1_69' title="bbox 2041 2471 3617 2546">
    <p class='ocr_par' dir='ltr' id='par_1_69' title="bbox 2041 2471 3617 2546">
     <span class='ocr_line' id='line_1_69' title="bbox 2041 2471 3617 2546; baseline -0.004 -14"><span class='ocrx_word' id='word_1_526' title='bbox 2041 2478 2229 2532; x_wconf 87' lang='lat' dir='ltr'><strong>eadem</strong></span> <span class='ocrx_word' id='word_1_527' title='bbox 2279 2477 2524 2532; x_wconf 86' lang='lat' dir='ltr'><strong>deﬁnitio</strong></span> <span class='ocrx_word' id='word_1_528' title='bbox 2572 2491 2881 2546; x_wconf 83' lang='lat' dir='ltr'><strong>congruere</strong></span> <span class='ocrx_word' id='word_1_529' title='bbox 2943 2474 3178 2528; x_wconf 90' lang='lat' dir='ltr'><strong>rationis</strong></span> <span class='ocrx_word' id='word_1_530' title='bbox 3238 2471 3515 2543; x_wconf 87' lang='lat' dir='ltr'><strong>participi,</strong></span> <span class='ocrx_word' id='word_1_531' title='bbox 3562 2479 3617 2526; x_wconf 90' lang='lat' dir='ltr'><strong>et</strong></span> 
     </span>
    </p>
   </div>
   <div class='ocr_carea' id='block_1_70' title="bbox 2041 2562 3618 2636">
    <p class='ocr_par' dir='ltr' id='par_1_70' title="bbox 2041 2562 3618 2636">
     <span class='ocr_line' id='line_1_70' title="bbox 2041 2562 3618 2636; baseline -0.003 -18"><span class='ocrx_word' id='word_1_532' title='bbox 2041 2565 2377 2636; x_wconf 85' lang='lat' dir='ltr'><strong>quadrupedi</strong></span> <span class='ocrx_word' id='word_1_533' title='bbox 2415 2585 2428 2620; x_wconf 92' lang='lat'>:</span> <span class='ocrx_word' id='word_1_534' title='bbox 2464 2567 2634 2622; x_wconf 91' lang='lat' dir='ltr'><strong>distat</strong></span> <span class='ocrx_word' id='word_1_535' title='bbox 2656 2566 2806 2621; x_wconf 90' lang='lat' dir='ltr'><strong>enim</strong></span> <span class='ocrx_word' id='word_1_536' title='bbox 2839 2565 3074 2618; x_wconf 90' lang='lat' dir='ltr'><strong>alterum</strong></span> <span class='ocrx_word' id='word_1_537' title='bbox 3106 2562 3176 2616; x_wconf 88' lang='lat' dir='ltr'><strong>ab</strong></span> <span class='ocrx_word' id='word_1_538' title='bbox 3199 2563 3372 2617; x_wconf 88' lang='lat' dir='ltr'><strong>altero</strong></span> <span class='ocrx_word' id='word_1_539' title='bbox 3401 2571 3618 2616; x_wconf 80' lang='lat' dir='ltr'><strong>natura-</strong></span> 
     </span>
    </p>
   </div>
   <div class='ocr_carea' id='block_1_71' title="bbox 2043 2654 3613 2727">
    <p class='ocr_par' dir='ltr' id='par_1_71' title="bbox 2043 2654 3613 2727">
     <span class='ocr_line' id='line_1_71' title="bbox 2043 2654 3613 2727; baseline -0.003 -17"><span class='ocrx_word' id='word_1_540' title='bbox 2043 2658 2166 2711; x_wconf 86' lang='lat' dir='ltr'><strong>liter</strong></span> <span class='ocrx_word' id='word_1_541' title='bbox 2200 2674 2297 2713; x_wconf 87' lang='lat' dir='ltr'><strong>sua</strong></span> <span class='ocrx_word' id='word_1_542' title='bbox 2328 2656 2592 2726; x_wconf 88' lang='lat' dir='ltr'><strong>peculiari</strong></span> <span class='ocrx_word' id='word_1_543' title='bbox 2629 2657 2963 2727; x_wconf 86' lang='lat' dir='ltr'><strong>proprietate</strong></span> <span class='ocrx_word' id='word_1_544' title='bbox 2998 2672 3012 2708; x_wconf 90' lang='lat'>:</span> <span class='ocrx_word' id='word_1_545' title='bbox 3052 2654 3132 2710; x_wconf 81' lang='lat' dir='ltr'><strong>sic</strong></span> <span class='ocrx_word' id='word_1_546' title='bbox 3167 2666 3343 2724; x_wconf 88' lang='lat' dir='ltr'><strong>neque</strong></span> <span class='ocrx_word' id='word_1_547' title='bbox 3371 2661 3613 2706; x_wconf 84' lang='lat' dir='ltr'><strong>creatam</strong></span> 
     </span>
    </p>
   </div>
   <div class='ocr_carea' id='block_1_72' title="bbox 2041 2745 3613 2818">
    <p class='ocr_par' dir='ltr' id='par_1_72' title="bbox 2041 2745 3613 2818">
     <span class='ocr_line' id='line_1_72' title="bbox 2041 2745 3613 2818; baseline -0.002 -15"><span class='ocrx_word' id='word_1_548' title='bbox 2041 2760 2094 2803; x_wconf 84' lang='lat' dir='ltr'><strong>ct</strong></span> <span class='ocrx_word' id='word_1_549' title='bbox 2121 2751 2420 2803; x_wconf 88' lang='lat' dir='ltr'><strong>increatam</strong></span> <span class='ocrx_word' id='word_1_550' title='bbox 2448 2750 2744 2804; x_wconf 89' lang='lat' dir='ltr'><strong>essentiam</strong></span> <span class='ocrx_word' id='word_1_551' title='bbox 2780 2763 2880 2818; x_wconf 88' lang='lat' dir='ltr'><strong>per</strong></span> <span class='ocrx_word' id='word_1_552' title='bbox 2907 2747 3098 2803; x_wconf 89' lang='lat' dir='ltr'><strong>eadem</strong></span> <span class='ocrx_word' id='word_1_553' title='bbox 3141 2745 3613 2817; x_wconf 76' lang='lat' dir='ltr'><strong>interpretabor-is,</strong></span> 
     </span>
    </p>
   </div>
   <div class='ocr_carea' id='block_1_73' title="bbox 2043 2837 3618 2910">
    <p class='ocr_par' dir='ltr' id='par_1_73' title="bbox 2043 2837 3618 2910">
     <span class='ocr_line' id='line_1_73' title="bbox 2043 2837 3618 2910; baseline -0.002 -18"><span class='ocrx_word' id='word_1_554' title='bbox 2043 2855 2166 2893; x_wconf 88' lang='lat' dir='ltr'><strong>cum</strong></span> <span class='ocrx_word' id='word_1_555' title='bbox 2199 2856 2260 2893; x_wconf 89' lang='lat' dir='ltr'><strong>ea</strong></span> <span class='ocrx_word' id='word_1_556' title='bbox 2292 2855 2413 2910; x_wconf 75' lang='lat' dir='ltr'><strong>quae</strong></span> <span class='ocrx_word' id='word_1_557' title='bbox 2443 2845 2506 2894; x_wconf 86' lang='lat' dir='ltr'><strong>de</strong></span> <span class='ocrx_word' id='word_1_558' title='bbox 2547 2841 2651 2894; x_wconf 90' lang='lat' dir='ltr'><strong>ista</strong></span> <span class='ocrx_word' id='word_1_559' title='bbox 2681 2839 2942 2893; x_wconf 86' lang='lat' dir='ltr'><strong>dicuntur</strong></span> <span class='ocrx_word' id='word_1_560' title='bbox 2982 2837 3223 2893; x_wconf 87' lang='lat' dir='ltr'><strong>essentia</strong></span> <span class='ocrx_word' id='word_1_561' title='bbox 3244 2878 3258 2900; x_wconf 93' lang='lat'><strong>,</strong></span> <span class='ocrx_word' id='word_1_562' title='bbox 3305 2852 3411 2890; x_wconf 88' lang='lat' dir='ltr'><strong>non</strong></span> <span class='ocrx_word' id='word_1_563' title='bbox 3463 2837 3618 2890; x_wconf 50' lang='lat' dir='ltr'><strong>inv&#39;c‘</strong></span> 
     </span>
    </p>
   </div>
   <div class='ocr_carea' id='block_1_74' title="bbox 2043 2929 3616 3000">
    <p class='ocr_par' dir='ltr' id='par_1_74' title="bbox 2043 2929 3616 3000">
     <span class='ocr_line' id='line_1_74' title="bbox 2043 2929 3616 3000; baseline -0.001 -16"><span class='ocrx_word' id='word_1_564' title='bbox 2043 2933 2264 2985; x_wconf 89' lang='lat' dir='ltr'><strong>niantur</strong></span> <span class='ocrx_word' id='word_1_565' title='bbox 2312 2933 2366 2984; x_wconf 91' lang='lat' dir='ltr'><strong>in</strong></span> <span class='ocrx_word' id='word_1_566' title='bbox 2405 2932 2509 2985; x_wconf 86' lang='lat' dir='ltr'><strong>alia</strong></span> <span class='ocrx_word' id='word_1_567' title='bbox 2544 2949 2556 2985; x_wconf 92' lang='lat'>:</span> <span class='ocrx_word' id='word_1_568' title='bbox 2589 2932 2730 2986; x_wconf 87' lang='lat' dir='ltr'><strong>sicut</strong></span> <span class='ocrx_word' id='word_1_569' title='bbox 2759 2933 2904 2985; x_wconf 90' lang='lat' dir='ltr'><strong>enim</strong></span> <span class='ocrx_word' id='word_1_570' title='bbox 2932 2931 2986 2984; x_wconf 90' lang='lat' dir='ltr'><strong>in</strong></span> <span class='ocrx_word' id='word_1_571' title='bbox 3017 2943 3158 3000; x_wconf 83' lang='lat' dir='ltr'><strong>equo</strong></span> <span class='ocrx_word' id='word_1_572' title='bbox 3199 2929 3466 2982; x_wconf 86' lang='lat' dir='ltr'><strong>rationale</strong></span> <span class='ocrx_word' id='word_1_573' title='bbox 3507 2944 3616 2983; x_wconf 90' lang='lat' dir='ltr'><strong>non</strong></span> 
     </span>
    </p>
   </div>
   <div class='ocr_carea' id='block_1_75' title="bbox 2043 3021 3618 3093">
    <p class='ocr_par' dir='ltr' id='par_1_75' title="bbox 2043 3021 3618 3093">
     <span class='ocr_line' id='line_1_75' title="bbox 2043 3021 3618 3093; baseline -0.001 -17"><span class='ocrx_word' id='word_1_574' title='bbox 2043 3022 2354 3090; x_wconf 87' lang='lat' dir='ltr'><strong>invenitur;</strong></span> <span class='ocrx_word' id='word_1_575' title='bbox 2391 3034 2567 3093; x_wconf 87' lang='lat' dir='ltr'><strong>neque</strong></span> <span class='ocrx_word' id='word_1_576' title='bbox 2602 3023 2657 3077; x_wconf 88' lang='lat' dir='ltr'><strong>in</strong></span> <span class='ocrx_word' id='word_1_577' title='bbox 2690 3022 2928 3085; x_wconf 89' lang='lat' dir='ltr'><strong>homine,</strong></span> <span class='ocrx_word' id='word_1_578' title='bbox 2971 3022 3114 3092; x_wconf 90' lang='lat' dir='ltr'><strong>quod</strong></span> <span class='ocrx_word' id='word_1_579' title='bbox 3164 3036 3327 3075; x_wconf 87' lang='lat' dir='ltr'><strong>unam</strong></span> <span class='ocrx_word' id='word_1_580' title='bbox 3360 3021 3618 3074; x_wconf 83' lang='lat' dir='ltr'><strong>solidam—</strong></span> 
     </span>
    </p>
   </div>
   <div class='ocr_carea' id='block_1_76' title="bbox 2044 3111 3617 3185">
    <p class='ocr_par' dir='ltr' id='par_1_76' title="bbox 2044 3111 3617 3185">
     <span class='ocr_line' id='line_1_76' title="bbox 2044 3111 3617 3185; baseline -0.003 -19"><span class='ocrx_word' id='word_1_581' title='bbox 2044 3128 2155 3182; x_wconf 84' lang='lat' dir='ltr'><strong>que</strong></span> <span class='ocrx_word' id='word_1_582' title='bbox 2173 3112 2338 3168; x_wconf 87' lang='lat' dir='ltr'><strong>habet</strong></span> <span class='ocrx_word' id='word_1_583' title='bbox 2368 3115 2628 3185; x_wconf 83' lang='lat' dir='ltr'><strong>ungulam</strong></span> <span class='ocrx_word' id='word_1_584' title='bbox 2664 3131 2676 3166; x_wconf 93' lang='lat'>:</span> <span class='ocrx_word' id='word_1_585' title='bbox 2711 3114 2794 3168; x_wconf 83' lang='lat' dir='ltr'><strong>sic</strong></span> <span class='ocrx_word' id='word_1_586' title='bbox 2822 3127 3001 3182; x_wconf 86' lang='lat' dir='ltr'><strong>neque</strong></span> <span class='ocrx_word' id='word_1_587' title='bbox 3037 3112 3090 3166; x_wconf 91' lang='lat' dir='ltr'><strong>in</strong></span> <span class='ocrx_word' id='word_1_588' title='bbox 3124 3121 3374 3165; x_wconf 82' lang='lat' dir='ltr'><strong>creatura</strong></span> <span class='ocrx_word' id='word_1_589' title='bbox 3414 3111 3617 3164; x_wconf 87' lang='lat' dir='ltr'><strong>divini-</strong></span> 
     </span>
    </p>
   </div>
   <div class='ocr_carea' id='block_1_77' title="bbox 2044 3202 3618 3274">
    <p class='ocr_par' dir='ltr' id='par_1_77' title="bbox 2044 3202 3618 3274">
     <span class='ocr_line' id='line_1_77' title="bbox 2044 3202 3618 3274; baseline -0.003 -17"><span class='ocrx_word' id='word_1_590' title='bbox 2044 3211 2149 3264; x_wconf 90' lang='lat' dir='ltr'><strong>tas,</strong></span> <span class='ocrx_word' id='word_1_591' title='bbox 2187 3219 2364 3274; x_wconf 88' lang='lat' dir='ltr'><strong>neque</strong></span> <span class='ocrx_word' id='word_1_592' title='bbox 2402 3205 2454 3257; x_wconf 91' lang='lat' dir='ltr'><strong>in</strong></span> <span class='ocrx_word' id='word_1_593' title='bbox 2499 3203 2782 3257; x_wconf 83' lang='lat' dir='ltr'><strong>divinitate</strong></span> <span class='ocrx_word' id='word_1_594' title='bbox 2817 3203 2961 3273; x_wconf 90' lang='lat' dir='ltr'><strong>quod</strong></span> <span class='ocrx_word' id='word_1_595' title='bbox 2999 3217 3094 3272; x_wconf 88' lang='lat' dir='ltr'><strong>per</strong></span> <span class='ocrx_word' id='word_1_596' title='bbox 3125 3202 3456 3255; x_wconf 85' lang='lat' dir='ltr'><strong>creationem</strong></span> <span class='ocrx_word' id='word_1_597' title='bbox 3497 3215 3618 3255; x_wconf 88' lang='lat' dir='ltr'><strong>esse</strong></span> 
     </span>
    </p>
   </div>
   <div class='ocr_carea' id='block_1_78' title="bbox 2043 3293 3619 3364">
    <p class='ocr_par' dir='ltr' id='par_1_78' title="bbox 2043 3293 3619 3364">
     <span class='ocr_line' id='line_1_78' title="bbox 2043 3293 3619 3364; baseline -0.002 -16"><span class='ocrx_word' id='word_1_598' title='bbox 2043 3295 2396 3364; x_wconf 89' lang='lat' dir='ltr'><strong>comperitur.</strong></span> <span class='ocrx_word' id='word_1_599' title='bbox 2439 3294 2544 3350; x_wconf 89' lang='lat' dir='ltr'><strong>Sed</strong></span> <span class='ocrx_word' id='word_1_600' title='bbox 2575 3295 2620 3350; x_wconf 93' lang='lat' dir='ltr'><strong>si</strong></span> <span class='ocrx_word' id='word_1_601' title='bbox 2653 3293 2799 3349; x_wconf 85' lang='lat' dir='ltr'><strong>Deus</strong></span> <span class='ocrx_word' id='word_1_602' title='bbox 2822 3306 2927 3358; x_wconf 86' lang='lat' dir='ltr'><strong>est,</strong></span> <span class='ocrx_word' id='word_1_603' title='bbox 2954 3295 3116 3348; x_wconf 88' lang='lat' dir='ltr'><strong>etiam</strong></span> <span class='ocrx_word' id='word_1_604' title='bbox 3149 3308 3376 3364; x_wconf 89' lang='lat' dir='ltr'><strong>prorsus</strong></span> <span class='ocrx_word' id='word_1_605' title='bbox 3407 3293 3619 3346; x_wconf 81' lang='lat' dir='ltr'><strong>increa-</strong></span> 
     </span>
    </p>
   </div>
   <div class='ocr_carea' id='block_1_79' title="bbox 2043 3385 3618 3454">
    <p class='ocr_par' dir='ltr' id='par_1_79' title="bbox 2043 3385 3618 3454">
     <span class='ocr_line' id='line_1_79' title="bbox 2043 3385 3618 3454; baseline -0.002 -13"><span class='ocrx_word' id='word_1_606' title='bbox 2043 3395 2135 3442; x_wconf 93' lang='lat' dir='ltr'><strong>tus</strong></span> <span class='ocrx_word' id='word_1_607' title='bbox 2169 3407 2182 3441; x_wconf 92' lang='lat'>:</span> <span class='ocrx_word' id='word_1_608' title='bbox 2220 3387 2266 3444; x_wconf 90' lang='lat' dir='ltr'><strong>si</strong></span> <span class='ocrx_word' id='word_1_609' title='bbox 2312 3396 2534 3443; x_wconf 89' lang='lat' dir='ltr'><strong>creatus</strong></span> <span class='ocrx_word' id='word_1_610' title='bbox 2583 3399 2688 3452; x_wconf 89' lang='lat' dir='ltr'><strong>est,</strong></span> <span class='ocrx_word' id='word_1_611' title='bbox 2722 3403 2828 3441; x_wconf 89' lang='lat' dir='ltr'><strong>non</strong></span> <span class='ocrx_word' id='word_1_612' title='bbox 2867 3398 2952 3442; x_wconf 88' lang='lat' dir='ltr'><strong>est</strong></span> <span class='ocrx_word' id='word_1_613' title='bbox 2997 3385 3160 3441; x_wconf 87' lang='lat' dir='ltr'><strong>Deus.</strong></span> <span class='ocrx_word' id='word_1_614' title='bbox 3194 3385 3311 3440; x_wconf 83' lang='lat' dir='ltr'><strong>Nisi</strong></span> <span class='ocrx_word' id='word_1_615' title='bbox 3359 3385 3482 3454; x_wconf 90' lang='lat' dir='ltr'><strong>quis</strong></span> <span class='ocrx_word' id='word_1_616' title='bbox 3513 3401 3618 3438; x_wconf 89' lang='lat' dir='ltr'><strong>usu</strong></span> 
     </span>
    </p>
   </div>
   <div class='ocr_carea' id='block_1_80' title="bbox 2043 3479 3619 3550">
    <p class='ocr_par' dir='ltr' id='par_1_80' title="bbox 2043 3479 3619 3550">
     <span class='ocr_line' id='line_1_80' title="bbox 2043 3479 3619 3550; baseline -0.001 -16"><span class='ocrx_word' id='word_1_617' title='bbox 2043 3481 2279 3550; x_wconf 89' lang='lat' dir='ltr'><strong>quodam</strong></span> <span class='ocrx_word' id='word_1_618' title='bbox 2322 3490 2377 3536; x_wconf 91' lang='lat' dir='ltr'><strong>et</strong></span> <span class='ocrx_word' id='word_1_619' title='bbox 2425 3481 2826 3536; x_wconf 88' lang='lat' dir='ltr'><strong>consuetudine</strong></span> <span class='ocrx_word' id='word_1_620' title='bbox 2876 3479 3134 3550; x_wconf 89' lang='lat' dir='ltr'><strong>loquendi</strong></span> <span class='ocrx_word' id='word_1_621' title='bbox 3199 3487 3364 3533; x_wconf 88' lang='lat' dir='ltr'><strong>tenue</strong></span> <span class='ocrx_word' id='word_1_622' title='bbox 3416 3493 3619 3532; x_wconf 89' lang='lat' dir='ltr'><strong>nomen</strong></span> 
     </span>
    </p>
   </div>
   <div class='ocr_carea' id='block_1_81' title="bbox 2044 3570 3620 3641">
    <p class='ocr_par' dir='ltr' id='par_1_81' title="bbox 2044 3570 3620 3641">
     <span class='ocr_line' id='line_1_81' title="bbox 2044 3570 3620 3641; baseline -0.001 -15"><span class='ocrx_word' id='word_1_623' title='bbox 2044 3571 2347 3628; x_wconf 85' lang='lat' dir='ltr'><strong>divinitatis</strong></span> <span class='ocrx_word' id='word_1_624' title='bbox 2383 3572 2452 3627; x_wconf 86' lang='lat' dir='ltr'><strong>ad</strong></span> <span class='ocrx_word' id='word_1_625' title='bbox 2488 3582 2795 3627; x_wconf 88' lang='lat' dir='ltr'><strong>creaturam</strong></span> <span class='ocrx_word' id='word_1_626' title='bbox 2838 3571 3043 3638; x_wconf 87' lang='lat' dir='ltr'><strong>trahat,</strong></span> <span class='ocrx_word' id='word_1_627' title='bbox 3075 3570 3536 3641; x_wconf 85' lang='lat' dir='ltr'><strong>quemadmodum</strong></span> <span class='ocrx_word' id='word_1_628' title='bbox 3565 3579 3620 3624; x_wconf 91' lang='lat' dir='ltr'><strong>et</strong></span> 
     </span>
    </p>
   </div>
   <div class='ocr_carea' id='block_1_82' title="bbox 2043 3663 3619 3734">
    <p class='ocr_par' dir='ltr' id='par_1_82' title="bbox 2043 3663 3619 3734">
     <span class='ocr_line' id='line_1_82' title="bbox 2043 3663 3619 3734; baseline -0.002 -14"><span class='ocrx_word' id='word_1_629' title='bbox 2043 3668 2202 3734; x_wconf 92' lang='lat' dir='ltr'><strong>equis</strong></span> <span class='ocrx_word' id='word_1_630' title='bbox 2234 3665 2594 3734; x_wconf 85' lang='lat' dir='ltr'><strong>quisbusdam</strong></span> <span class='ocrx_word' id='word_1_631' title='bbox 2628 3666 2866 3719; x_wconf 89' lang='lat' dir='ltr'><strong>humana</strong></span> <span class='ocrx_word' id='word_1_632' title='bbox 2912 3664 3134 3718; x_wconf 90' lang='lat' dir='ltr'><strong>nomina</strong></span> <span class='ocrx_word' id='word_1_633' title='bbox 3165 3663 3234 3717; x_wconf 88' lang='lat' dir='ltr'><strong>ab</strong></span> <span class='ocrx_word' id='word_1_634' title='bbox 3264 3663 3619 3733; x_wconf 76' lang='lat' dir='ltr'><strong>equestribus</strong></span> 
     </span>
    </p>
   </div>
   <div class='ocr_carea' id='block_1_83' title="bbox 2045 3756 3619 3827">
    <p class='ocr_par' dir='ltr' id='par_1_83' title="bbox 2045 3756 3619 3827">
     <span class='ocr_line' id='line_1_83' title="bbox 2045 3756 3619 3827; baseline 0 -17"><span class='ocrx_word' id='word_1_635' title='bbox 2045 3765 2175 3810; x_wconf 87' lang='lat' dir='ltr'><strong>sunt</strong></span> <span class='ocrx_word' id='word_1_636' title='bbox 2209 3757 2380 3812; x_wconf 84' lang='lat' dir='ltr'><strong>indita</strong></span> <span class='ocrx_word' id='word_1_637' title='bbox 2411 3777 2423 3812; x_wconf 91' lang='lat'><strong>:</strong></span> <span class='ocrx_word' id='word_1_638' title='bbox 2459 3759 2552 3813; x_wconf 87' lang='lat' dir='ltr'><strong>sed</strong></span> <span class='ocrx_word' id='word_1_639' title='bbox 2609 3773 2786 3827; x_wconf 85' lang='lat' dir='ltr'><strong>neque</strong></span> <span class='ocrx_word' id='word_1_640' title='bbox 2814 3770 2989 3826; x_wconf 89' lang='lat' dir='ltr'><strong>equus</strong></span> <span class='ocrx_word' id='word_1_641' title='bbox 3029 3756 3213 3818; x_wconf 87' lang='lat' dir='ltr'><strong>homo,</strong></span> <span class='ocrx_word' id='word_1_642' title='bbox 3247 3757 3346 3811; x_wconf 89' lang='lat' dir='ltr'><strong>etsi</strong></span> <span class='ocrx_word' id='word_1_643' title='bbox 3380 3757 3619 3810; x_wconf 83' lang='lat' dir='ltr'><strong>humana</strong></span> 
     </span>
    </p>
   </div>
   <div class='ocr_carea' id='block_1_84' title="bbox 2045 3847 3621 3918">
    <p class='ocr_par' dir='ltr' id='par_1_84' title="bbox 2045 3847 3621 3918">
     <span class='ocr_line' id='line_1_84' title="bbox 2045 3847 3621 3918; baseline -0.001 -18"><span class='ocrx_word' id='word_1_644' title='bbox 2045 3849 2405 3918; x_wconf 87' lang='lat' dir='ltr'><strong>appellatione</strong></span> <span class='ocrx_word' id='word_1_645' title='bbox 2422 3848 2754 3913; x_wconf 89' lang='lat' dir='ltr'><strong>nominatur,</strong></span> <span class='ocrx_word' id='word_1_646' title='bbox 2778 3863 2950 3918; x_wconf 87' lang='lat' dir='ltr'><strong>neque</strong></span> <span class='ocrx_word' id='word_1_647' title='bbox 2971 3855 3220 3902; x_wconf 88' lang='lat' dir='ltr'><strong>creatura</strong></span> <span class='ocrx_word' id='word_1_648' title='bbox 3243 3847 3406 3909; x_wconf 87' lang='lat' dir='ltr'><strong>Deus,</strong></span> <span class='ocrx_word' id='word_1_649' title='bbox 3430 3863 3621 3917; x_wconf 85' lang='lat' dir='ltr'><strong>quam—</strong></span> 
     </span>
    </p>
   </div>
   <div class='ocr_carea' id='block_1_85' title="bbox 2045 3941 3620 4010">
    <p class='ocr_par' dir='ltr' id='par_1_85' title="bbox 2045 3941 3620 4010">
     <span class='ocr_line' id='line_1_85' title="bbox 2045 3941 3620 4010; baseline -0.001 -15"><span class='ocrx_word' id='word_1_650' title='bbox 2045 3942 2126 3996; x_wconf 85' lang='lat' dir='ltr'><strong>vis</strong></span> <span class='ocrx_word' id='word_1_651' title='bbox 2164 3941 2212 3995; x_wconf 88' lang='lat' dir='ltr'><strong>ei</strong></span> <span class='ocrx_word' id='word_1_652' title='bbox 2237 3941 2458 4010; x_wconf 86' lang='lat' dir='ltr'><strong>quidam</strong></span> <span class='ocrx_word' id='word_1_653' title='bbox 2498 3956 2685 4001; x_wconf 85' lang='lat' dir='ltr'><strong>vocem</strong></span> <span class='ocrx_word' id='word_1_654' title='bbox 2731 3941 3030 3998; x_wconf 85' lang='lat' dir='ltr'><strong>divinitatis</strong></span> <span class='ocrx_word' id='word_1_655' title='bbox 3057 3941 3378 4004; x_wconf 82' lang='lat' dir='ltr'><strong>attribuant,</strong></span> <span class='ocrx_word' id='word_1_656' title='bbox 3423 3955 3620 3994; x_wconf 84' lang='lat' dir='ltr'><strong>sonum</strong></span> 
     </span>
    </p>
   </div>
   <div class='ocr_carea' id='block_1_86' title="bbox 2045 4031 3621 4102">
    <p class='ocr_par' dir='ltr' id='par_1_86' title="bbox 2045 4031 3621 4102">
     <span class='ocr_line' id='line_1_86' title="bbox 2045 4031 3621 4102; baseline 0 -16"><span class='ocrx_word' id='word_1_657' title='bbox 2045 4032 2264 4086; x_wconf 90' lang='lat' dir='ltr'><strong>inanem</strong></span> <span class='ocrx_word' id='word_1_658' title='bbox 2301 4033 2352 4086; x_wconf 87' lang='lat' dir='ltr'><strong>in</strong></span> <span class='ocrx_word' id='word_1_659' title='bbox 2380 4032 2716 4101; x_wconf 86' lang='lat' dir='ltr'><strong>syllabarum</strong></span> <span class='ocrx_word' id='word_1_660' title='bbox 2749 4031 3014 4086; x_wconf 87' lang='lat' dir='ltr'><strong>dualitate</strong></span> <span class='ocrx_word' id='word_1_661' title='bbox 3040 4032 3436 4102; x_wconf 82' lang='lat' dir='ltr'><strong>gratiﬁcantes.</strong></span> <span class='ocrx_word' id='word_1_662' title='bbox 3470 4032 3621 4098; x_wconf 77' lang='lat' dir='ltr'><strong>Quo-</strong></span> 
     </span>
    </p>
   </div>
   <div class='ocr_carea' id='block_1_87' title="bbox 2045 4123 3622 4194">
    <p class='ocr_par' dir='ltr' id='par_1_87' title="bbox 2045 4123 3622 4194">
     <span class='ocr_line' id='line_1_87' title="bbox 2045 4123 3622 4194; baseline -0.001 -17"><span class='ocrx_word' id='word_1_663' title='bbox 2045 4123 2192 4177; x_wconf 90' lang='lat' dir='ltr'><strong>niam</strong></span> <span class='ocrx_word' id='word_1_664' title='bbox 2245 4123 2412 4194; x_wconf 82' lang='lat' dir='ltr'><strong>igitur</strong></span> <span class='ocrx_word' id='word_1_665' title='bbox 2463 4133 2666 4179; x_wconf 90' lang='lat' dir='ltr'><strong>temere</strong></span> <span class='ocrx_word' id='word_1_666' title='bbox 2719 4136 2773 4177; x_wconf 80' lang='lat' dir='ltr'><strong>et</strong></span> <span class='ocrx_word' id='word_1_667' title='bbox 2827 4123 3052 4178; x_wconf 83' lang='lat' dir='ltr'><strong>fortuito</strong></span> <span class='ocrx_word' id='word_1_668' title='bbox 3105 4124 3381 4180; x_wconf 87' lang='lat' dir='ltr'><strong>haereseos</strong></span> <span class='ocrx_word' id='word_1_669' title='bbox 3435 4140 3622 4180; x_wconf 80' lang='lat' dir='ltr'><strong>sermo</strong></span> 
     </span>
    </p>
   </div>
   <div class='ocr_carea' id='block_1_88' title="bbox 2051 4215 3621 4288">
    <p class='ocr_par' dir='ltr' id='par_1_88' title="bbox 2051 4215 3621 4288">
     <span class='ocr_line' id='line_1_88' title="bbox 2051 4215 3621 4288; baseline 0.002 -21"><span class='ocrx_word' id='word_1_670' title='bbox 2051 4215 2268 4270; x_wconf 83' lang='lat' dir='ltr'><strong>veritati</strong></span> <span class='ocrx_word' id='word_1_671' title='bbox 2304 4217 2609 4281; x_wconf 87' lang='lat' dir='ltr'><strong>consensit,</strong></span> <span class='ocrx_word' id='word_1_672' title='bbox 2649 4217 2764 4287; x_wconf 81' lang='lat' dir='ltr'><strong>ipse</strong></span> <span class='ocrx_word' id='word_1_673' title='bbox 2797 4217 2902 4271; x_wconf 86' lang='lat' dir='ltr'><strong>sibi</strong></span> <span class='ocrx_word' id='word_1_674' title='bbox 2942 4217 3197 4272; x_wconf 89' lang='lat' dir='ltr'><strong>consulat</strong></span> <span class='ocrx_word' id='word_1_675' title='bbox 3225 4217 3464 4288; x_wconf 89' lang='lat' dir='ltr'><strong>propriis</strong></span> <span class='ocrx_word' id='word_1_676' title='bbox 3511 4218 3621 4271; x_wconf 87' lang='lat' dir='ltr'><strong>im-</strong></span> 
     </span>
    </p>
   </div>
   <div class='ocr_carea' id='block_1_89' title="bbox 2045 4308 3620 4380">
    <p class='ocr_par' dir='ltr' id='par_1_89' title="bbox 2045 4308 3620 4380">
     <span class='ocr_line' id='line_1_89' title="bbox 2045 4308 3620 4380; baseline 0.001 -20"><span class='ocrx_word' id='word_1_677' title='bbox 2045 4322 2300 4368; x_wconf 87' lang='lat' dir='ltr'><strong>manere;</strong></span> <span class='ocrx_word' id='word_1_678' title='bbox 2333 4323 2434 4362; x_wconf 89' lang='lat' dir='ltr'><strong>nec</strong></span> <span class='ocrx_word' id='word_1_679' title='bbox 2465 4325 2562 4378; x_wconf 87' lang='lat' dir='ltr'><strong>per</strong></span> <span class='ocrx_word' id='word_1_680' title='bbox 2605 4317 2822 4379; x_wconf 88' lang='lat' dir='ltr'><strong>tropum</strong></span> <span class='ocrx_word' id='word_1_681' title='bbox 2859 4310 2974 4364; x_wconf 90' lang='lat' dir='ltr'><strong>sive</strong></span> <span class='ocrx_word' id='word_1_682' title='bbox 3007 4308 3237 4380; x_wconf 84' lang='lat' dir='ltr'><strong>ﬁguram</strong></span> <span class='ocrx_word' id='word_1_683' title='bbox 3277 4324 3406 4364; x_wconf 84' lang='lat' dir='ltr'><strong>suas</strong></span> <span class='ocrx_word' id='word_1_684' title='bbox 3453 4323 3620 4362; x_wconf 84' lang='lat' dir='ltr'><strong>voces</strong></span> 
     </span>
    </p>
   </div>
   <div class='ocr_carea' id='block_1_90' title="bbox 2043 4400 3616 4463">
    <p class='ocr_par' dir='ltr' id='par_1_90' title="bbox 2043 4400 3616 4463">
     <span class='ocr_line' id='line_1_90' title="bbox 2043 4400 3616 4463; baseline 0.001 -11"><span class='ocrx_word' id='word_1_685' title='bbox 2043 4400 2361 4463; x_wconf 88' lang='lat' dir='ltr'><strong>attribuere,</strong></span> <span class='ocrx_word' id='word_1_686' title='bbox 2398 4400 2491 4455; x_wconf 91' lang='lat' dir='ltr'><strong>sed</strong></span> <span class='ocrx_word' id='word_1_687' title='bbox 2533 4415 2658 4455; x_wconf 85' lang='lat' dir='ltr'><strong>vere</strong></span> <span class='ocrx_word' id='word_1_688' title='bbox 2683 4409 2736 4454; x_wconf 93' lang='lat' dir='ltr'><strong>et</strong></span> <span class='ocrx_word' id='word_1_689' title='bbox 2771 4401 2988 4456; x_wconf 87' lang='lat' dir='ltr'><strong>realiter</strong></span> <span class='ocrx_word' id='word_1_690' title='bbox 3014 4401 3329 4456; x_wconf 82' lang='lat' dir='ltr'><strong>existimare</strong></span> <span class='ocrx_word' id='word_1_691' title='bbox 3358 4401 3616 4457; x_wconf 83' lang='lat' dir='ltr'><strong>stolidum</strong></span> 
     </span>
    </p>
   </div>
   <div class='ocr_carea' id='block_1_91' title="bbox 2043 4492 3617 4563">
    <p class='ocr_par' dir='ltr' id='par_1_91' title="bbox 2043 4492 3617 4563">
     <span class='ocr_line' id='line_1_91' title="bbox 2043 4492 3617 4563; baseline 0.001 -20"><span class='ocrx_word' id='word_1_692' title='bbox 2043 4505 2189 4552; x_wconf 89' lang='lat' dir='ltr'><strong>esse,</strong></span> <span class='ocrx_word' id='word_1_693' title='bbox 2241 4506 2420 4561; x_wconf 88' lang='lat' dir='ltr'><strong>neque</strong></span> <span class='ocrx_word' id='word_1_694' title='bbox 2461 4492 2546 4547; x_wconf 90' lang='lat' dir='ltr'><strong>sui</strong></span> <span class='ocrx_word' id='word_1_695' title='bbox 2598 4503 2928 4563; x_wconf 80' lang='lat' dir='ltr'><strong>compotem,</strong></span> <span class='ocrx_word' id='word_1_696' title='bbox 2980 4508 3104 4548; x_wconf 91' lang='lat' dir='ltr'><strong>eum</strong></span> <span class='ocrx_word' id='word_1_697' title='bbox 3153 4492 3247 4563; x_wconf 91' lang='lat' dir='ltr'><strong>qui</strong></span> <span class='ocrx_word' id='word_1_698' title='bbox 3292 4508 3400 4546; x_wconf 92' lang='lat' dir='ltr'><strong>non</strong></span> <span class='ocrx_word' id='word_1_699' title='bbox 3444 4503 3501 4547; x_wconf 94' lang='lat' dir='ltr'><strong>ut</strong></span> <span class='ocrx_word' id='word_1_700' title='bbox 3531 4501 3617 4546; x_wconf 85' lang='lat' dir='ltr'><strong>est</strong></span> 
     </span>
    </p>
   </div>
   <div class='ocr_carea' id='block_1_92' title="bbox 367 4572 1940 4662">
    <p class='ocr_par' dir='ltr' id='par_1_92' title="bbox 367 4572 1940 4660">
     <span class='ocr_line' id='line_1_92' title="bbox 367 4572 1940 4660; baseline 0.012 -36"><span class='ocrx_word' id='word_1_701' title='bbox 367 4572 504 4644; x_wconf 82' lang='grc' dir='ltr'>πρὸς</span> <span class='ocrx_word' id='word_1_702' title='bbox 538 4576 662 4639; x_wconf 84' lang='grc' dir='ltr'>τοὺς</span> <span class='ocrx_word' id='word_1_703' title='bbox 699 4578 1024 4642; x_wconf 84' lang='grc' dir='ltr'>ἀποστόλους</span> <span class='ocrx_word' id='word_1_704' title='bbox 1060 4580 1320 4650; x_wconf 81' lang='grc' dir='ltr'>βλεπέτω.</span> <span class='ocrx_word' id='word_1_705' title='bbox 1365 4583 1421 4635; x_wconf 87' lang='grc' dir='ltr'>Ὀ</span> <span class='ocrx_word' id='word_1_706' title='bbox 1459 4584 1558 4653; x_wconf 84' lang='grc' dir='ltr'>μὲν</span> <span class='ocrx_word' id='word_1_707' title='bbox 1591 4585 1696 4656; x_wconf 80' lang='grc' dir='ltr'>γὰρ</span> <span class='ocrx_word' id='word_1_708' title='bbox 1729 4589 1940 4660; x_wconf 67' lang='grc' dir='ltr'>προφή-</span> 
     </span>
    </p>
   </div>
   <div class='ocr_carea' id='block_1_93' title="bbox 2042 4572 3619 4662">
    <p class='ocr_par' dir='ltr' id='par_1_93' title="bbox 2049 4583 3619 4656">
     <span class='ocr_line' id='line_1_93' title="bbox 2049 4583 3619 4656; baseline 0.001 -19"><span class='ocrx_word' id='word_1_709' title='bbox 2049 4583 2361 4653; x_wconf 87' lang='lat' dir='ltr'><strong>subjectum</strong></span> <span class='ocrx_word' id='word_1_710' title='bbox 2407 4585 2671 4648; x_wconf 86' lang='lat' dir='ltr'><strong>nominat,</strong></span> <span class='ocrx_word' id='word_1_711' title='bbox 2732 4585 2827 4640; x_wconf 82' lang='lat' dir='ltr'><strong>sed</strong></span> <span class='ocrx_word' id='word_1_712' title='bbox 2875 4599 2972 4656; x_wconf 91' lang='lat' dir='ltr'><strong>pro</strong></span> <span class='ocrx_word' id='word_1_713' title='bbox 3020 4587 3240 4641; x_wconf 91' lang='lat' dir='ltr'><strong>homine</strong></span> <span class='ocrx_word' id='word_1_714' title='bbox 3287 4601 3512 4654; x_wconf 89' lang='lat' dir='ltr'><strong>equum,</strong></span> <span class='ocrx_word' id='word_1_715' title='bbox 3564 4592 3619 4639; x_wconf 74' lang='lat' dir='ltr'><strong>et</strong></span> 
     </span>
    </p>
   </div>
   <div class='ocr_carea' id='block_1_94' title="bbox 367 4668 1940 4750">
    <p class='ocr_par' dir='ltr' id='par_1_94' title="bbox 367 4668 1940 4750">
     <span class='ocr_line' id='line_1_94' title="bbox 367 4668 1940 4750; baseline 0.011 -32"><span class='ocrx_word' id='word_1_716' title='bbox 367 4682 466 4736; x_wconf 89' lang='grc' dir='ltr'><strong>της</strong></span> <span class='ocrx_word' id='word_1_717' title='bbox 511 4668 674 4736; x_wconf 75' lang='grc' dir='ltr'>φησὶν</span> <span class='ocrx_word' id='word_1_718' title='bbox 713 4671 776 4722; x_wconf 83' lang='grc' dir='ltr'>ὲκ</span> <span class='ocrx_word' id='word_1_719' title='bbox 809 4670 1100 4742; x_wconf 80' lang='grc' dir='ltr'>προσώπου</span> <span class='ocrx_word' id='word_1_720' title='bbox 1144 4672 1237 4726; x_wconf 84' lang='grc' dir='ltr'>τοῦ</span> <span class='ocrx_word' id='word_1_721' title='bbox 1281 4675 1529 4745; x_wconf 75' lang='grc' dir='ltr'>Πατρὺς,</span> <span class='ocrx_word' id='word_1_722' title='bbox 1565 4679 1646 4731; x_wconf 80' lang='grc' dir='ltr'>ὅτι</span> <span class='ocrx_word' id='word_1_723' title='bbox 1703 4680 1768 4734; x_wconf 85' lang='grc' dir='ltr'>Ἡ</span> <span class='ocrx_word' id='word_1_724' title='bbox 1811 4682 1940 4750; x_wconf 63' lang='grc' dir='ltr'>χειζο</span> 
     </span>
    </p>
   </div>
   <div class='ocr_carea' id='block_1_95' title="bbox 367 4757 1942 4840">
    <p class='ocr_par' dir='ltr' id='par_1_95' title="bbox 367 4757 1942 4840">
     <span class='ocr_line' id='line_1_95' title="bbox 367 4757 1942 4840; baseline 0.011 -33"><span class='ocrx_word' id='word_1_725' title='bbox 367 4766 482 4824; x_wconf 79' lang='grc' dir='ltr'><strong>μου</strong></span> <span class='ocrx_word' id='word_1_726' title='bbox 507 4757 757 4827; x_wconf 79' lang='grc' dir='ltr'>ἐποίησε</span> <span class='ocrx_word' id='word_1_727' title='bbox 794 4761 991 4815; x_wconf 78' lang='grc' dir='ltr'>πάντα</span> <span class='ocrx_word' id='word_1_728' title='bbox 1030 4763 1231 4826; x_wconf 82' lang='grc' dir='ltr'>ταῦτα,</span> <span class='ocrx_word' id='word_1_729' title='bbox 1259 4768 1416 4837; x_wconf 83' lang='grc' dir='ltr'>χεῖρα</span> <span class='ocrx_word' id='word_1_730' title='bbox 1441 4767 1540 4838; x_wconf 78' lang='grc' dir='ltr'><strong>τὴν</strong></span> <span class='ocrx_word' id='word_1_731' title='bbox 1573 4768 1668 4820; x_wconf 84' lang='grc' dir='ltr'>τοῦ</span> <span class='ocrx_word' id='word_1_732' title='bbox 1705 4771 1942 4840; x_wconf 50' lang='lat' dir='ltr'><strong>Mavors-</strong></span> 
     </span>
    </p>
   </div>
   <div class='ocr_carea' id='block_1_96' title="bbox 369 4847 1943 4927">
    <p class='ocr_par' dir='ltr' id='par_1_96' title="bbox 369 4847 1943 4927">
     <span class='ocr_line' id='line_1_96' title="bbox 369 4847 1943 4927; baseline 0.011 -28"><span class='ocrx_word' id='word_1_733' title='bbox 369 4847 494 4912; x_wconf 81' lang='grc' dir='ltr'>νοῦς</span> <span class='ocrx_word' id='word_1_734' title='bbox 520 4851 746 4922; x_wconf 82' lang='grc' dir='ltr'>δύναμιν</span> <span class='ocrx_word' id='word_1_735' title='bbox 787 4853 863 4924; x_wconf 83' lang='grc' dir='ltr'>τῷ</span> <span class='ocrx_word' id='word_1_736' title='bbox 906 4856 1186 4926; x_wconf 74' lang='grc' dir='ltr'>αἰνίγματι</span> <span class='ocrx_word' id='word_1_737' title='bbox 1219 4858 1421 4926; x_wconf 82' lang='grc' dir='ltr'>λέγων·</span> <span class='ocrx_word' id='word_1_738' title='bbox 1457 4862 1484 4911; x_wconf 88' lang='grc' dir='ltr'>ὁ</span> <span class='ocrx_word' id='word_1_739' title='bbox 1523 4859 1579 4912; x_wconf 85' lang='grc' dir='ltr'>δὲ</span> <span class='ocrx_word' id='word_1_740' title='bbox 1624 4861 1943 4927; x_wconf 84' lang='grc' dir='ltr'>Ἀπόστολος</span> 
     </span>
    </p>
   </div>
   <div class='ocr_carea' id='block_1_97' title="bbox 369 4941 1944 5016">
    <p class='ocr_par' dir='ltr' id='par_1_97' title="bbox 369 4941 1944 5016">
     <span class='ocr_line' id='line_1_97' title="bbox 369 4941 1944 5016; baseline 0.01 -23"><span class='ocrx_word' id='word_1_741' title='bbox 369 4943 433 4994; x_wconf 85' lang='grc' dir='ltr'>ὲκ</span> <span class='ocrx_word' id='word_1_742' title='bbox 460 4941 553 4994; x_wconf 83' lang='grc' dir='ltr'>τοῦ</span> <span class='ocrx_word' id='word_1_743' title='bbox 581 4944 790 5016; x_wconf 78' lang='grc' dir='ltr'>Πατρὸς</span> <span class='ocrx_word' id='word_1_744' title='bbox 816 4941 953 4998; x_wconf 82' lang='grc' dir='ltr'>εἶναι</span> <span class='ocrx_word' id='word_1_745' title='bbox 981 4948 1052 5001; x_wconf 78' lang='grc' dir='ltr'>τὰ</span> <span class='ocrx_word' id='word_1_746' title='bbox 1099 4949 1295 5014; x_wconf 81' lang='grc' dir='ltr'>πάντα,</span> <span class='ocrx_word' id='word_1_747' title='bbox 1341 4950 1434 5002; x_wconf 77' lang='grc' dir='ltr'><strong>καὶ</strong></span> <span class='ocrx_word' id='word_1_748' title='bbox 1460 4950 1547 5003; x_wconf 83' lang='grc' dir='ltr'>διὰ</span> <span class='ocrx_word' id='word_1_749' title='bbox 1584 4951 1675 5005; x_wconf 75' lang='grc' dir='ltr'>τοῦ</span> <span class='ocrx_word' id='word_1_750' title='bbox 1709 4953 1837 5007; x_wconf 88' lang='grc' dir='ltr'><strong>Υίοῦ</strong></span> <span class='ocrx_word' id='word_1_751' title='bbox 1874 4954 1944 5008; x_wconf 81' lang='grc' dir='ltr'><strong>τὰ</strong></span> 
     </span>
    </p>
   </div>
   <div class='ocr_carea' id='block_1_98' title="bbox 369 5034 1944 5118">
    <p class='ocr_par' dir='ltr' id='par_1_98' title="bbox 369 5034 1944 5118">
     <span class='ocr_line' id='line_1_98' title="bbox 369 5034 1944 5118; baseline 0.01 -32"><span class='ocrx_word' id='word_1_752' title='bbox 369 5034 547 5088; x_wconf 85' lang='grc' dir='ltr'>πάντα</span> <span class='ocrx_word' id='word_1_753' title='bbox 573 5034 740 5104; x_wconf 82' lang='grc' dir='ltr'>λέγει·</span> <span class='ocrx_word' id='word_1_754' title='bbox 770 5055 832 5090; x_wconf 90' lang='grc' dir='ltr'><strong>συ</strong></span> <span class='ocrx_word' id='word_1_755' title='bbox 841 5039 1054 5108; x_wconf 80' lang='grc' dir='ltr'>μϐαίνει</span> <span class='ocrx_word' id='word_1_756' title='bbox 1078 5041 1135 5093; x_wconf 79' lang='grc' dir='ltr'><strong>δέ</strong></span> <span class='ocrx_word' id='word_1_757' title='bbox 1157 5059 1270 5105; x_wconf 86' lang='grc' dir='ltr'><strong>πως</strong></span> <span class='ocrx_word' id='word_1_758' title='bbox 1293 5041 1354 5095; x_wconf 80' lang='grc' dir='ltr'>τὸ</span> <span class='ocrx_word' id='word_1_759' title='bbox 1375 5046 1710 5114; x_wconf 79' lang='grc' dir='ltr'>προφητικὸν</span> <span class='ocrx_word' id='word_1_760' title='bbox 1729 5046 1944 5118; x_wconf 79' lang='grc' dir='ltr'>πνεῦμα</span> 
     </span>
    </p>
   </div>
   <div class='ocr_carea' id='block_1_99' title="bbox 370 5128 1946 5211">
    <p class='ocr_par' dir='ltr' id='par_1_99' title="bbox 370 5128 1946 5211">
     <span class='ocr_line' id='line_1_99' title="bbox 370 5128 1946 5211; baseline 0.009 -31"><span class='ocrx_word' id='word_1_761' title='bbox 370 5129 435 5197; x_wconf 81' lang='grc' dir='ltr'>τῇ</span> <span class='ocrx_word' id='word_1_762' title='bbox 465 5128 793 5202; x_wconf 81' lang='grc' dir='ltr'>ἁποστολικῇ</span> <span class='ocrx_word' id='word_1_763' title='bbox 820 5131 1135 5202; x_wconf 76' lang='grc' dir='ltr'>διδασκαλίᾳ</span> <span class='ocrx_word' id='word_1_764' title='bbox 1177 5135 1272 5187; x_wconf 68' lang='grc' dir='ltr'>καὶ</span> <span class='ocrx_word' id='word_1_765' title='bbox 1299 5136 1471 5208; x_wconf 74' lang='grc' dir='ltr'>ταύτῃ</span> <span class='ocrx_word' id='word_1_766' title='bbox 1509 5137 1597 5191; x_wconf 75' lang='grc' dir='ltr'>διὰ</span> <span class='ocrx_word' id='word_1_767' title='bbox 1635 5139 1946 5211; x_wconf 77' lang='grc' dir='ltr'>πνεύματος</span> 
     </span>
    </p>
   </div>
   <div class='ocr_carea' id='block_1_100' title="bbox 369 5221 1943 5300">
    <p class='ocr_par' dir='ltr' id='par_1_100' title="bbox 369 5221 1943 5300">
     <span class='ocr_line' id='line_1_100' title="bbox 369 5221 1943 5300; baseline 0.009 -29"><span class='ocrx_word' id='word_1_768' title='bbox 369 5221 652 5294; x_wconf 84' lang='grc' dir='ltr'>γενομένῃ.</span> <span class='ocrx_word' id='word_1_769' title='bbox 692 5223 837 5277; x_wconf 85' lang='grc' dir='ltr'>Ἐκεῖ</span> <span class='ocrx_word' id='word_1_770' title='bbox 855 5241 916 5276; x_wconf 79' lang='grc' dir='ltr'><strong>τε</strong></span> <span class='ocrx_word' id='word_1_771' title='bbox 941 5225 1050 5297; x_wconf 76' lang='grc' dir='ltr'>γὰρ</span> <span class='ocrx_word' id='word_1_772' title='bbox 1075 5224 1141 5278; x_wconf 84' lang='grc' dir='ltr'>τὰ</span> <span class='ocrx_word' id='word_1_773' title='bbox 1167 5227 1342 5280; x_wconf 77' lang='grc' dir='ltr'>πάντα</span> <span class='ocrx_word' id='word_1_774' title='bbox 1369 5229 1467 5298; x_wconf 78' lang='grc' dir='ltr'>τῆς</span> <span class='ocrx_word' id='word_1_775' title='bbox 1495 5229 1676 5298; x_wconf 83' lang='grc' dir='ltr'>χειρὸς</span> <span class='ocrx_word' id='word_1_776' title='bbox 1698 5229 1832 5300; x_wconf 78' lang='grc' dir='ltr'>ἔργα</span> <span class='ocrx_word' id='word_1_777' title='bbox 1851 5231 1943 5285; x_wconf 82' lang='grc' dir='ltr'>τοῦ</span> 
     </span>
    </p>
   </div>
   <div class='ocr_carea' id='block_1_101' title="bbox 370 5313 1946 5392">
    <p class='ocr_par' dir='ltr' id='par_1_101' title="bbox 370 5313 1946 5392">
     <span class='ocr_line' id='line_1_101' title="bbox 370 5313 1946 5392; baseline 0.008 -29"><span class='ocrx_word' id='word_1_778' title='bbox 370 5313 464 5364; x_wconf 82' lang='grc' dir='ltr'>ὲπὶ</span> <span class='ocrx_word' id='word_1_779' title='bbox 511 5313 726 5367; x_wconf 74' lang='grc' dir='ltr'>πάντων</span> <span class='ocrx_word' id='word_1_780' title='bbox 761 5316 791 5369; x_wconf 86' lang='grc' dir='ltr'><strong>ὁ</strong></span> <span class='ocrx_word' id='word_1_781' title='bbox 830 5318 1117 5387; x_wconf 80' lang='grc' dir='ltr'>προφήτης</span> <span class='ocrx_word' id='word_1_782' title='bbox 1149 5318 1336 5383; x_wconf 75' lang='grc' dir='ltr'>εἰπὼν,</span> <span class='ocrx_word' id='word_1_783' title='bbox 1365 5319 1662 5374; x_wconf 79' lang='grc' dir='ltr'>διαστέλλει</span> <span class='ocrx_word' id='word_1_784' title='bbox 1699 5321 1794 5392; x_wconf 80' lang='grc' dir='ltr'><strong>τὴν</strong></span> <span class='ocrx_word' id='word_1_785' title='bbox 1839 5323 1946 5376; x_wconf 80' lang='grc' dir='ltr'>τῶν</span> 
     </span>
    </p>
   </div>
   <div class='ocr_carea' id='block_1_102' title="bbox 372 5403 1944 5485">
    <p class='ocr_par' dir='ltr' id='par_1_102' title="bbox 372 5403 1944 5485">
     <span class='ocr_line' id='line_1_102' title="bbox 372 5403 1944 5485; baseline 0.007 -29"><span class='ocrx_word' id='word_1_786' title='bbox 372 5403 672 5472; x_wconf 86' lang='grc' dir='ltr'>γεγονότων</span> <span class='ocrx_word' id='word_1_787' title='bbox 710 5406 870 5476; x_wconf 79' lang='grc' dir='ltr'>φύσιν</span> <span class='ocrx_word' id='word_1_788' title='bbox 900 5408 1032 5479; x_wconf 81' lang='grc' dir='ltr'>πρὸς</span> <span class='ocrx_word' id='word_1_789' title='bbox 1056 5409 1148 5461; x_wconf 76' lang='grc' dir='ltr'>τὸν</span> <span class='ocrx_word' id='word_1_790' title='bbox 1173 5411 1491 5479; x_wconf 75' lang='grc' dir='ltr'>ποιήσαντα.</span> <span class='ocrx_word' id='word_1_791' title='bbox 1538 5412 1596 5463; x_wconf 86' lang='lat'><strong>&#39;0</strong></span> <span class='ocrx_word' id='word_1_792' title='bbox 1623 5413 1680 5466; x_wconf 84' lang='grc' dir='ltr'>δὲ</span> <span class='ocrx_word' id='word_1_793' title='bbox 1713 5416 1944 5485; x_wconf 83' lang='grc' dir='ltr'>ποιήσας</span> 
     </span>
    </p>
   </div>
   <div class='ocr_carea' id='block_1_103' title="bbox 373 5493 1946 5569">
    <p class='ocr_par' dir='ltr' id='par_1_103' title="bbox 373 5493 1946 5569">
     <span class='ocr_line' id='line_1_103' title="bbox 373 5493 1946 5569; baseline 0.006 -24"><span class='ocrx_word' id='word_1_794' title='bbox 373 5493 488 5546; x_wconf 61' lang='grc' dir='ltr'>ἔστι</span> <span class='ocrx_word' id='word_1_795' title='bbox 531 5493 617 5547; x_wconf 78' lang='grc' dir='ltr'><strong>διὰ</strong></span> <span class='ocrx_word' id='word_1_796' title='bbox 663 5495 761 5566; x_wconf 81' lang='grc' dir='ltr'>τῆς</span> <span class='ocrx_word' id='word_1_797' title='bbox 799 5496 931 5558; x_wconf 79' lang='grc' dir='ltr'>ἰδίας</span> <span class='ocrx_word' id='word_1_798' title='bbox 963 5498 1142 5569; x_wconf 78' lang='grc' dir='ltr'>χειρὸς</span> <span class='ocrx_word' id='word_1_799' title='bbox 1182 5497 1252 5552; x_wconf 75' lang='grc' dir='ltr'>τὰ</span> <span class='ocrx_word' id='word_1_800' title='bbox 1288 5500 1484 5562; x_wconf 80' lang='grc' dir='ltr'>πάντα,</span> <span class='ocrx_word' id='word_1_801' title='bbox 1526 5503 1554 5552; x_wconf 80' lang='grc' dir='ltr'>ὁ</span> <span class='ocrx_word' id='word_1_802' title='bbox 1597 5501 1688 5553; x_wconf 74' lang='grc' dir='ltr'><strong>ἐπὶ</strong></span> <span class='ocrx_word' id='word_1_803' title='bbox 1728 5503 1946 5556; x_wconf 85' lang='grc' dir='ltr'>πάντων</span> 
     </span>
    </p>
   </div>
   <div class='ocr_carea' id='block_1_104' title="bbox 371 5583 1948 5664">
    <p class='ocr_par' dir='ltr' id='par_1_104' title="bbox 371 5583 1948 5664">
     <span class='ocr_line' id='line_1_104' title="bbox 371 5583 1948 5664; baseline 0.008 -29"><span class='ocrx_word' id='word_1_804' title='bbox 371 5583 540 5648; x_wconf 77' lang='grc' dir='ltr'>Θεόςο</span> <span class='ocrx_word' id='word_1_805' title='bbox 571 5584 668 5656; x_wconf 82' lang='grc' dir='ltr'><strong>τὴν</strong></span> <span class='ocrx_word' id='word_1_806' title='bbox 699 5588 796 5657; x_wconf 81' lang='grc' dir='ltr'><strong>μὲν</strong></span> <span class='ocrx_word' id='word_1_807' title='bbox 841 5591 997 5659; x_wconf 82' lang='grc' dir='ltr'>χεῖρα</span> <span class='ocrx_word' id='word_1_808' title='bbox 1039 5589 1198 5660; x_wconf 74' lang='grc' dir='ltr'>ἔχων,</span> <span class='ocrx_word' id='word_1_809' title='bbox 1246 5590 1314 5643; x_wconf 73' lang='grc' dir='ltr'>τὰ</span> <span class='ocrx_word' id='word_1_810' title='bbox 1360 5589 1417 5643; x_wconf 82' lang='grc' dir='ltr'><strong>δὲ</strong></span> <span class='ocrx_word' id='word_1_811' title='bbox 1460 5592 1638 5645; x_wconf 77' lang='grc' dir='ltr'>πάντα</span> <span class='ocrx_word' id='word_1_812' title='bbox 1681 5593 1747 5646; x_wconf 68' lang='grc' dir='ltr'>δι’</span> <span class='ocrx_word' id='word_1_813' title='bbox 1780 5594 1948 5664; x_wconf 80' lang='grc' dir='ltr'>αὐτῆς</span> 
     </span>
    </p>
   </div>
   <div class='ocr_carea' id='block_1_105' title="bbox 374 5673 1950 5756">
    <p class='ocr_par' dir='ltr' id='par_1_105' title="bbox 374 5673 1950 5756">
     <span class='ocr_line' id='line_1_105' title="bbox 374 5673 1950 5756; baseline 0.007 -30"><span class='ocrx_word' id='word_1_814' title='bbox 374 5673 756 5747; x_wconf 77' lang='grc' dir='ltr'>ἐργαζόμενος.</span> <span class='ocrx_word' id='word_1_815' title='bbox 789 5678 898 5730; x_wconf 72' lang='grc' dir='ltr'><strong>Καὶ</strong></span> <span class='ocrx_word' id='word_1_816' title='bbox 929 5679 1162 5733; x_wconf 79' lang='grc' dir='ltr'>ἐνταῦθα</span> <span class='ocrx_word' id='word_1_817' title='bbox 1199 5680 1361 5734; x_wconf 79' lang='grc' dir='ltr'>πάλιν</span> <span class='ocrx_word' id='word_1_818' title='bbox 1403 5681 1432 5731; x_wconf 86' lang='grc' dir='ltr'>ὁ</span> <span class='ocrx_word' id='word_1_819' title='bbox 1490 5683 1808 5749; x_wconf 80' lang='grc' dir='ltr'>’Λπόστολος</span> <span class='ocrx_word' id='word_1_820' title='bbox 1849 5687 1950 5756; x_wconf 68' lang='grc' dir='ltr'>τεὴν</span> 
     </span>
    </p>
   </div>
   <div class='ocr_carea' id='block_1_106' title="bbox 371 5766 1950 5848">
    <p class='ocr_par' dir='ltr' id='par_1_106' title="bbox 371 5766 1950 5848">
     <span class='ocr_line' id='line_1_106' title="bbox 371 5766 1950 5848; baseline 0.007 -27"><span class='ocrx_word' id='word_1_821' title='bbox 371 5766 540 5838; x_wconf 80' lang='grc' dir='ltr'>αὐτὴν</span> <span class='ocrx_word' id='word_1_822' title='bbox 573 5771 804 5823; x_wconf 81' lang='grc' dir='ltr'>ποιεῖται</span> <span class='ocrx_word' id='word_1_823' title='bbox 837 5769 944 5825; x_wconf 86' lang='grc' dir='ltr'><strong>τῶν</strong></span> <span class='ocrx_word' id='word_1_824' title='bbox 968 5771 1135 5826; x_wconf 75' lang='grc' dir='ltr'>ὄντων</span> <span class='ocrx_word' id='word_1_825' title='bbox 1165 5774 1364 5844; x_wconf 86' lang='grc' dir='ltr'>τομήν·</span> <span class='ocrx_word' id='word_1_826' title='bbox 1397 5775 1466 5827; x_wconf 81' lang='grc' dir='ltr'>τὰ</span> <span class='ocrx_word' id='word_1_827' title='bbox 1515 5775 1687 5829; x_wconf 77' lang='grc' dir='ltr'>πάντα</span> <span class='ocrx_word' id='word_1_828' title='bbox 1721 5776 1819 5848; x_wconf 87' lang='grc' dir='ltr'><strong>μὲν</strong></span> <span class='ocrx_word' id='word_1_829' title='bbox 1850 5779 1950 5848; x_wconf 83' lang='grc' dir='ltr'>τῆς</span> 
     </span>
    </p>
   </div>
   <div class='ocr_carea' id='block_1_107' title="bbox 452 5858 1524 5929">
    <p class='ocr_par' dir='ltr' id='par_1_107' title="bbox 452 5858 1524 5929">
     <span class='ocr_line' id='line_1_107' title="bbox 452 5858 1524 5929; baseline 0.007 -16"><span class='ocrx_word' id='word_1_830' title='bbox 452 5858 493 5889; x_wconf 76' lang='grc'><strong><em>³⁸</em></strong></span> <span class='ocrx_word' id='word_1_831' title='bbox 528 5858 610 5915; x_wconf 87' lang='lat' dir='ltr'><strong>lsa</strong></span> <span class='ocrx_word' id='word_1_832' title='bbox 662 5876 847 5928; x_wconf 73' lang='lat' dir='ltr'><strong>XLHII,</strong></span> <span class='ocrx_word' id='word_1_833' title='bbox 885 5863 967 5917; x_wconf 79' lang='lat' dir='ltr'><strong>l5.</strong></span> <span class='ocrx_word' id='word_1_834' title='bbox 1047 5861 1282 5919; x_wconf 82' lang='lat' dir='ltr'><strong>“lCor.</strong></span> <span class='ocrx_word' id='word_1_835' title='bbox 1321 5878 1440 5929; x_wconf 84' lang='lat' dir='ltr'><strong>viti,</strong></span> <span class='ocrx_word' id='word_1_836' title='bbox 1472 5864 1524 5920; x_wconf 87' lang='lat'><strong>6.</strong></span> 
     </span>
    </p>
   </div>
   <div class='ocr_carea' id='block_1_108' title="bbox 2048 4677 3619 4746">
    <p class='ocr_par' dir='ltr' id='par_1_108' title="bbox 2048 4677 3619 4746">
     <span class='ocr_line' id='line_1_108' title="bbox 2048 4677 3619 4746; baseline 0.002 -18"><span class='ocrx_word' id='word_1_837' title='bbox 2048 4690 2151 4744; x_wconf 89' lang='lat' dir='ltr'><strong>pro</strong></span> <span class='ocrx_word' id='word_1_838' title='bbox 2186 4677 2328 4729; x_wconf 76' lang='lat' dir='ltr'><strong>coelo</strong></span> <span class='ocrx_word' id='word_1_839' title='bbox 2380 4693 2551 4739; x_wconf 84' lang='lat' dir='ltr'><strong>mare,</strong></span> <span class='ocrx_word' id='word_1_840' title='bbox 2601 4684 2655 4732; x_wconf 87' lang='lat' dir='ltr'><strong>et</strong></span> <span class='ocrx_word' id='word_1_841' title='bbox 2696 4693 2794 4746; x_wconf 85' lang='lat' dir='ltr'><strong>pro</strong></span> <span class='ocrx_word' id='word_1_842' title='bbox 2825 4677 2934 4732; x_wconf 90' lang='lat' dir='ltr'><strong>Deo</strong></span> <span class='ocrx_word' id='word_1_843' title='bbox 2986 4686 3293 4732; x_wconf 85' lang='lat' dir='ltr'><strong>creaturam</strong></span> <span class='ocrx_word' id='word_1_844' title='bbox 3340 4677 3619 4732; x_wconf 87' lang='lat' dir='ltr'><strong>dicendo:</strong></span> 
     </span>
    </p>
   </div>
   <div class='ocr_carea' id='block_1_109' title="bbox 2045 4769 3620 4840">
    <p class='ocr_par' dir='ltr' id='par_1_109' title="bbox 2045 4769 3620 4840">
     <span class='ocr_line' id='line_1_109' title="bbox 2045 4769 3620 4840; baseline 0.001 -19"><span class='ocrx_word' id='word_1_845' title='bbox 2045 4776 2101 4822; x_wconf 91' lang='lat' dir='ltr'><strong>et</strong></span> <span class='ocrx_word' id='word_1_846' title='bbox 2132 4785 2198 4823; x_wconf 83' lang='lat' dir='ltr'><strong>ne</strong></span> <span class='ocrx_word' id='word_1_847' title='bbox 2227 4770 2351 4838; x_wconf 89' lang='lat' dir='ltr'><strong>quis</strong></span> <span class='ocrx_word' id='word_1_848' title='bbox 2381 4769 2658 4824; x_wconf 86' lang='lat' dir='ltr'><strong>existimet</strong></span> <span class='ocrx_word' id='word_1_849' title='bbox 2689 4811 2705 4836; x_wconf 94' lang='lat'><strong>,</strong></span> <span class='ocrx_word' id='word_1_850' title='bbox 2746 4778 2941 4840; x_wconf 65' lang='lat' dir='ltr'><strong>praeter</strong></span> <span class='ocrx_word' id='word_1_851' title='bbox 2990 4770 3257 4824; x_wconf 86' lang='lat' dir='ltr'><strong>rationem</strong></span> <span class='ocrx_word' id='word_1_852' title='bbox 3305 4780 3620 4824; x_wconf 84' lang='lat' dir='ltr'><strong>creaturam</strong></span> 
     </span>
    </p>
   </div>
   <div class='ocr_carea' id='block_1_110' title="bbox 2049 4859 3619 4932">
    <p class='ocr_par' dir='ltr' id='par_1_110' title="bbox 2049 4859 3619 4932">
     <span class='ocr_line' id='line_1_110' title="bbox 2049 4859 3619 4932; baseline 0 -16"><span class='ocrx_word' id='word_1_853' title='bbox 2049 4859 2160 4916; x_wconf 87' lang='lat' dir='ltr'><strong>Deo</strong></span> <span class='ocrx_word' id='word_1_854' title='bbox 2202 4876 2268 4915; x_wconf 77' lang='lat' dir='ltr'><strong>ex</strong></span> <span class='ocrx_word' id='word_1_855' title='bbox 2321 4861 2552 4916; x_wconf 80' lang='lat' dir='ltr'><strong>adverso</strong></span> <span class='ocrx_word' id='word_1_856' title='bbox 2580 4863 2804 4932; x_wconf 86' lang='lat' dir='ltr'><strong>opponi,</strong></span> <span class='ocrx_word' id='word_1_857' title='bbox 2849 4863 2942 4918; x_wconf 93' lang='lat' dir='ltr'><strong>sed</strong></span> <span class='ocrx_word' id='word_1_858' title='bbox 2987 4863 3052 4916; x_wconf 88' lang='lat' dir='ltr'><strong>ad</strong></span> <span class='ocrx_word' id='word_1_859' title='bbox 3106 4863 3418 4932; x_wconf 87' lang='lat' dir='ltr'><strong>prophetas.</strong></span> <span class='ocrx_word' id='word_1_860' title='bbox 3458 4871 3510 4917; x_wconf 89' lang='lat' dir='ltr'><strong>ct</strong></span> <span class='ocrx_word' id='word_1_861' title='bbox 3551 4864 3619 4916; x_wconf 84' lang='lat' dir='ltr'><strong>ad</strong></span> 
     </span>
    </p>
   </div>
   <div class='ocr_carea' id='block_1_111' title="bbox 2053 4951 3624 5024">
    <p class='ocr_par' dir='ltr' id='par_1_111' title="bbox 2053 4951 3624 5024">
     <span class='ocr_line' id='line_1_111' title="bbox 2053 4951 3624 5024; baseline 0.001 -19"><span class='ocrx_word' id='word_1_862' title='bbox 2053 4951 2331 5021; x_wconf 88' lang='lat' dir='ltr'><strong>apostolos</strong></span> <span class='ocrx_word' id='word_1_863' title='bbox 2363 4952 2644 5022; x_wconf 84' lang='lat' dir='ltr'><strong>respiciat.</strong></span> <span class='ocrx_word' id='word_1_864' title='bbox 2685 4952 2820 5006; x_wconf 85' lang='lat' dir='ltr'><strong>Nam</strong></span> <span class='ocrx_word' id='word_1_865' title='bbox 2867 4953 3130 5023; x_wconf 83' lang='lat' dir='ltr'><strong>propheta</strong></span> <span class='ocrx_word' id='word_1_866' title='bbox 3167 4952 3348 5022; x_wconf 90' lang='lat' dir='ltr'><strong>inquit</strong></span> <span class='ocrx_word' id='word_1_867' title='bbox 3394 4968 3459 5008; x_wconf 81' lang='lat' dir='ltr'><strong>ex</strong></span> <span class='ocrx_word' id='word_1_868' title='bbox 3495 4969 3624 5024; x_wconf 82' lang='lat' dir='ltr'><strong>per-</strong></span> 
     </span>
    </p>
   </div>
   <div class='ocr_carea' id='block_1_112' title="bbox 2042 5044 3624 5116">
    <p class='ocr_par' dir='ltr' id='par_1_112' title="bbox 2042 5044 3624 5116">
     <span class='ocr_line' id='line_1_112' title="bbox 2042 5044 3624 5116; baseline 0.001 -16"><span class='ocrx_word' id='word_1_869' title='bbox 2042 5060 2177 5101; x_wconf 84' lang='lat' dir='ltr'><strong>sona</strong></span> <span class='ocrx_word' id='word_1_870' title='bbox 2217 5045 2393 5100; x_wconf 82' lang='lat' dir='ltr'><strong>Patris</strong></span> <span class='ocrx_word' id='word_1_871' title='bbox 2427 5062 2443 5100; x_wconf 89' lang='lat'><strong>:</strong></span> <span class='ocrx_word' id='word_1_872' title='bbox 2485 5044 2680 5100; x_wconf 78' lang='lat' dir='ltr'><strong>Manus</strong></span> <span class='ocrx_word' id='word_1_873' title='bbox 2727 5063 2844 5098; x_wconf 87' lang='lat' dir='ltr'><strong>mea</strong></span> <span class='ocrx_word' id='word_1_874' title='bbox 2883 5047 2993 5100; x_wconf 80' lang='grc' dir='ltr'>Ιισέ</span> <span class='ocrx_word' id='word_1_875' title='bbox 3041 5047 3218 5100; x_wconf 75' lang='lat' dir='ltr'><strong>omnia</strong></span> <span class='ocrx_word' id='word_1_876' title='bbox 3264 5046 3386 5114; x_wconf 78' lang='lat' dir='ltr'><strong>fecit</strong></span> <span class='ocrx_word' id='word_1_877' title='bbox 3422 5047 3488 5110; x_wconf 81' lang='lat'><strong>&quot;,</strong></span> <span class='ocrx_word' id='word_1_878' title='bbox 3524 5061 3624 5116; x_wconf 87' lang='lat' dir='ltr'><strong>per</strong></span> 
     </span>
    </p>
   </div>
   <div class='ocr_carea' id='block_1_113' title="bbox 2041 5137 3619 5209">
    <p class='ocr_par' dir='ltr' id='par_1_113' title="bbox 2041 5137 3619 5209">
     <span class='ocr_line' id='line_1_113' title="bbox 2041 5137 3619 5209; baseline 0 -17"><span class='ocrx_word' id='word_1_879' title='bbox 2041 5153 2286 5201; x_wconf 88' lang='lat' dir='ltr'><strong>manum,</strong></span> <span class='ocrx_word' id='word_1_880' title='bbox 2333 5138 2612 5209; x_wconf 81' lang='lat' dir='ltr'><strong>Unigeniti</strong></span> <span class='ocrx_word' id='word_1_881' title='bbox 2663 5138 2921 5192; x_wconf 88' lang='lat' dir='ltr'><strong>virtutem</strong></span> <span class='ocrx_word' id='word_1_882' title='bbox 2983 5139 3216 5192; x_wconf 88' lang='lat' dir='ltr'><strong>obscure</strong></span> <span class='ocrx_word' id='word_1_883' title='bbox 3274 5137 3619 5209; x_wconf 81' lang='lat' dir='ltr'><strong>signiﬁcans.</strong></span> 
     </span>
    </p>
   </div>
   <div class='ocr_carea' id='block_1_114' title="bbox 2041 5229 3621 5300">
    <p class='ocr_par' dir='ltr' id='par_1_114' title="bbox 2041 5229 3621 5300">
     <span class='ocr_line' id='line_1_114' title="bbox 2041 5229 3621 5300; baseline 0.001 -17"><span class='ocrx_word' id='word_1_884' title='bbox 2041 5231 2339 5300; x_wconf 83' lang='lat' dir='ltr'><strong>Apostolus</strong></span> <span class='ocrx_word' id='word_1_885' title='bbox 2373 5244 2504 5284; x_wconf 89' lang='lat' dir='ltr'><strong>vero</strong></span> <span class='ocrx_word' id='word_1_886' title='bbox 2527 5245 2596 5284; x_wconf 81' lang='lat' dir='ltr'><strong>ex</strong></span> <span class='ocrx_word' id='word_1_887' title='bbox 2620 5229 2785 5285; x_wconf 88' lang='lat' dir='ltr'><strong>Patre</strong></span> <span class='ocrx_word' id='word_1_888' title='bbox 2817 5244 2941 5285; x_wconf 87' lang='lat' dir='ltr'><strong>esse</strong></span> <span class='ocrx_word' id='word_1_889' title='bbox 2965 5231 3174 5292; x_wconf 82' lang='lat' dir='ltr'><strong>omma,</strong></span> <span class='ocrx_word' id='word_1_890' title='bbox 3201 5239 3254 5283; x_wconf 86' lang='lat' dir='ltr'><strong>et</strong></span> <span class='ocrx_word' id='word_1_891' title='bbox 3289 5246 3384 5300; x_wconf 92' lang='lat' dir='ltr'><strong>per</strong></span> <span class='ocrx_word' id='word_1_892' title='bbox 3419 5230 3621 5285; x_wconf 82' lang='lat' dir='ltr'><strong>Filium</strong></span> 
     </span>
    </p>
   </div>
   <div class='ocr_carea' id='block_1_115' title="bbox 2044 5321 3625 5393">
    <p class='ocr_par' dir='ltr' id='par_1_115' title="bbox 2044 5321 3625 5393">
     <span class='ocr_line' id='line_1_115' title="bbox 2044 5321 3625 5393; baseline 0.002 -21"><span class='ocrx_word' id='word_1_893' title='bbox 2044 5321 2225 5376; x_wconf 87' lang='lat' dir='ltr'><strong>omnia</strong></span> <span class='ocrx_word' id='word_1_894' title='bbox 2248 5321 2380 5376; x_wconf 86' lang='lat' dir='ltr'><strong>dicit</strong></span> <span class='ocrx_word' id='word_1_895' title='bbox 2414 5322 2490 5388; x_wconf 84' lang='grc'><strong>¹⁶;</strong></span> <span class='ocrx_word' id='word_1_896' title='bbox 2520 5321 2876 5393; x_wconf 78' lang='lat' dir='ltr'><strong>propheticus</strong></span> <span class='ocrx_word' id='word_1_897' title='bbox 2908 5331 3090 5377; x_wconf 89' lang='lat' dir='ltr'><strong>autem</strong></span> <span class='ocrx_word' id='word_1_898' title='bbox 3121 5322 3347 5393; x_wconf 86' lang='lat' dir='ltr'><strong>spiritus</strong></span> <span class='ocrx_word' id='word_1_899' title='bbox 3385 5337 3625 5377; x_wconf 80' lang='lat' dir='ltr'><strong>consen-</strong></span> 
     </span>
    </p>
   </div>
   <div class='ocr_carea' id='block_1_116' title="bbox 2041 5411 3620 5485">
    <p class='ocr_par' dir='ltr' id='par_1_116' title="bbox 2041 5411 3620 5485">
     <span class='ocr_line' id='line_1_116' title="bbox 2041 5411 3620 5485; baseline -0.001 -20"><span class='ocrx_word' id='word_1_900' title='bbox 2041 5412 2107 5466; x_wconf 87' lang='lat' dir='ltr'><strong>tit</strong></span> <span class='ocrx_word' id='word_1_901' title='bbox 2140 5413 2458 5483; x_wconf 82' lang='lat' dir='ltr'><strong>apostolicae</strong></span> <span class='ocrx_word' id='word_1_902' title='bbox 2497 5411 2782 5480; x_wconf 69' lang='lat' dir='ltr'><strong>doctrinae,</strong></span> <span class='ocrx_word' id='word_1_903' title='bbox 2841 5428 2963 5485; x_wconf 67' lang='lat' dir='ltr'><strong>quas</strong></span> <span class='ocrx_word' id='word_1_904' title='bbox 3005 5415 3170 5469; x_wconf 87' lang='lat' dir='ltr'><strong>etiam</strong></span> <span class='ocrx_word' id='word_1_905' title='bbox 3219 5427 3317 5484; x_wconf 81' lang='lat' dir='ltr'><strong>per</strong></span> <span class='ocrx_word' id='word_1_906' title='bbox 3361 5414 3620 5468; x_wconf 82' lang='lat' dir='ltr'><strong>eumdem</strong></span> 
     </span>
    </p>
   </div>
   <div class='ocr_carea' id='block_1_117' title="bbox 2043 5503 3619 5576">
    <p class='ocr_par' dir='ltr' id='par_1_117' title="bbox 2043 5503 3619 5576">
     <span class='ocr_line' id='line_1_117' title="bbox 2043 5503 3619 5576; baseline -0.001 -18"><span class='ocrx_word' id='word_1_907' title='bbox 2043 5504 2295 5571; x_wconf 89' lang='lat' dir='ltr'><strong>spiritum</strong></span> <span class='ocrx_word' id='word_1_908' title='bbox 2340 5503 2484 5560; x_wconf 78' lang='lat' dir='ltr'><strong>facta</strong></span> <span class='ocrx_word' id='word_1_909' title='bbox 2515 5512 2622 5560; x_wconf 88' lang='lat' dir='ltr'><strong>est.</strong></span> <span class='ocrx_word' id='word_1_910' title='bbox 2656 5505 2775 5561; x_wconf 86' lang='lat' dir='ltr'><strong>illic</strong></span> <span class='ocrx_word' id='word_1_911' title='bbox 2804 5505 2953 5561; x_wconf 88' lang='lat' dir='ltr'><strong>enim</strong></span> <span class='ocrx_word' id='word_1_912' title='bbox 2986 5507 3168 5561; x_wconf 91' lang='lat' dir='ltr'><strong>omnia</strong></span> <span class='ocrx_word' id='word_1_913' title='bbox 3217 5519 3385 5576; x_wconf 85' lang='lat' dir='ltr'><strong>opera</strong></span> <span class='ocrx_word' id='word_1_914' title='bbox 3419 5520 3619 5558; x_wconf 83' lang='lat' dir='ltr'><strong>manus</strong></span> 
     </span>
    </p>
   </div>
   <div class='ocr_carea' id='block_1_118' title="bbox 2046 5595 3620 5670">
    <p class='ocr_par' dir='ltr' id='par_1_118' title="bbox 2046 5595 3620 5670">
     <span class='ocr_line' id='line_1_118' title="bbox 2046 5595 3620 5670; baseline 0.001 -21"><span class='ocrx_word' id='word_1_915' title='bbox 2046 5595 2170 5662; x_wconf 87' lang='lat' dir='ltr'><strong>ejus</strong></span> <span class='ocrx_word' id='word_1_916' title='bbox 2201 5596 2295 5666; x_wconf 91' lang='lat' dir='ltr'><strong>qui</strong></span> <span class='ocrx_word' id='word_1_917' title='bbox 2324 5605 2410 5652; x_wconf 85' lang='lat' dir='ltr'><strong>est</strong></span> <span class='ocrx_word' id='word_1_918' title='bbox 2447 5598 2502 5652; x_wconf 91' lang='lat' dir='ltr'><strong>in</strong></span> <span class='ocrx_word' id='word_1_919' title='bbox 2533 5597 2791 5654; x_wconf 85' lang='lat' dir='ltr'><strong>omnibus</strong></span> <span class='ocrx_word' id='word_1_920' title='bbox 2820 5598 3084 5670; x_wconf 88' lang='lat' dir='ltr'><strong>propheta</strong></span> <span class='ocrx_word' id='word_1_921' title='bbox 3117 5611 3243 5652; x_wconf 87' lang='lat' dir='ltr'><strong>cum</strong></span> <span class='ocrx_word' id='word_1_922' title='bbox 3275 5596 3435 5658; x_wconf 82' lang='lat' dir='ltr'><strong>dixit,</strong></span> <span class='ocrx_word' id='word_1_923' title='bbox 3459 5605 3620 5650; x_wconf 82' lang='lat' dir='ltr'><strong>natu—</strong></span> 
     </span>
    </p>
   </div>
   <div class='ocr_carea' id='block_1_119' title="bbox 2049 5687 3621 5761">
    <p class='ocr_par' dir='ltr' id='par_1_119' title="bbox 2049 5687 3621 5761">
     <span class='ocr_line' id='line_1_119' title="bbox 2049 5687 3621 5761; baseline -0.001 -19"><span class='ocrx_word' id='word_1_924' title='bbox 2049 5701 2166 5742; x_wconf 89' lang='lat' dir='ltr'><strong>ram</strong></span> <span class='ocrx_word' id='word_1_925' title='bbox 2204 5703 2395 5744; x_wconf 85' lang='lat' dir='ltr'><strong>eorum</strong></span> <span class='ocrx_word' id='word_1_926' title='bbox 2425 5705 2548 5761; x_wconf 68' lang='lat' dir='ltr'><strong>quae</strong></span> <span class='ocrx_word' id='word_1_927' title='bbox 2581 5691 2722 5747; x_wconf 81' lang='lat' dir='ltr'><strong>facta</strong></span> <span class='ocrx_word' id='word_1_928' title='bbox 2759 5699 2907 5756; x_wconf 88' lang='lat' dir='ltr'><strong>sunt,</strong></span> <span class='ocrx_word' id='word_1_929' title='bbox 2941 5691 3109 5748; x_wconf 73' lang='lat' dir='ltr'><strong>ali-eo</strong></span> <span class='ocrx_word' id='word_1_930' title='bbox 3135 5689 3227 5761; x_wconf 91' lang='lat' dir='ltr'><strong>qui</strong></span> <span class='ocrx_word' id='word_1_931' title='bbox 3267 5687 3395 5744; x_wconf 78' lang='lat' dir='ltr'><strong>fecit</strong></span> <span class='ocrx_word' id='word_1_932' title='bbox 3421 5687 3621 5742; x_wconf 87' lang='lat' dir='ltr'><strong>distin-</strong></span> 
     </span>
    </p>
   </div>
   <div class='ocr_carea' id='block_1_120' title="bbox 2055 5780 3622 5853">
    <p class='ocr_par' dir='ltr' id='par_1_120' title="bbox 2055 5780 3622 5853">
     <span class='ocr_line' id='line_1_120' title="bbox 2055 5780 3622 5853; baseline -0.001 -19"><span class='ocrx_word' id='word_1_933' title='bbox 2055 5780 2174 5851; x_wconf 70' lang='lat' dir='ltr'><strong>guit</strong></span> <span class='ocrx_word' id='word_1_934' title='bbox 2217 5795 2281 5836; x_wconf 84' lang='lat' dir='ltr'><strong>ac</strong></span> <span class='ocrx_word' id='word_1_935' title='bbox 2319 5789 2560 5853; x_wconf 77' lang='lat' dir='ltr'><strong>separat.</strong></span> <span class='ocrx_word' id='word_1_936' title='bbox 2617 5781 2722 5849; x_wconf 85' lang='lat' dir='ltr'><strong>Qui</strong></span> <span class='ocrx_word' id='word_1_937' title='bbox 2767 5791 2947 5839; x_wconf 84' lang='lat' dir='ltr'><strong>autem</strong></span> <span class='ocrx_word' id='word_1_938' title='bbox 3002 5797 3168 5838; x_wconf 87' lang='lat' dir='ltr'><strong>manu</strong></span> <span class='ocrx_word' id='word_1_939' title='bbox 3215 5781 3434 5852; x_wconf 82' lang='lat' dir='ltr'><strong>propria</strong></span> <span class='ocrx_word' id='word_1_940' title='bbox 3489 5780 3622 5834; x_wconf 72' lang='lat' dir='ltr'><strong>fecit</strong></span> 
     </span>
    </p>
   </div>
  </div>
