4138 6364
500 406 595 460 751

1779 409 1837 463 S.
1873 406 2203 465 GREGORII
2240 407 2536 463 NYSSENI

3668 409 3778 472 752

500 520 709 585 omnia,
744 520 790 575 is
831 530 915 576 est
947 537 1115 594 super
1147 525 1334 578 omnia
1377 524 1559 590 Deus;
1591 540 1816 581 manum
1853 528 2078 598 quidem

2210 527 2477 600 ποιητικῆς
2528 526 2779 591 ἐξάπτων
2816 526 3017 591 αἰτίας,
3064 527 3166 583 οὐκ
3196 529 3256 584 ἐν
3290 534 3403 596 τοῖς
3440 535 3573 588 πᾶσι
3618 534 3677 588 δὲ
3714 535 3777 588 τὸ

501 611 735 675 habens,
791 614 976 667 omnia
1025 630 1157 670 vero
1203 631 1299 685 per
1349 615 1524 685 ipsam
1560 626 1846 685 operatus.
1882 617 1949 670 Et
1992 617 2083 673 hic

500 706 725 777 quidem
744 706 1043 777 Apostolus
1065 709 1314 763 eamdem
1346 725 1537 763 eorum
1572 725 1692 779 quae
1721 718 1850 765 sunt
1879 710 2085 765 sectio-

502 814 629 853 nem
674 798 824 863 facit,
858 800 1043 853 omnia
1088 799 1310 869 quidem
1355 816 1539 855 causa:
1576 800 1835 855 elTectrici
1882 803 2087 855 adnec-

504 901 650 954 tens,
694 906 802 945 non
836 892 890 946 in
924 894 1183 948 omnibus
1216 903 1394 948 autem
1445 895 1498 949 id
1531 895 1677 965 quod
1712 896 1876 951 elIicit
1910 914 2088 951 annu-

503 1001 727 1041 merans
768 1002 780 1038 :
825 985 898 1038 ita
934 995 994 1039 ut
1038 986 1252 1056 liquido
1286 994 1339 1040 et
1389 987 1537 1041 clare
1575 1004 1670 1057 per
1718 989 1833 1043 hac
1875 999 2087 1044 natura;

505 1077 679 1131 creati
732 1085 787 1131 et
842 1077 1076 1131 increati
1146 1077 1455 1131 diﬁerentia
1514 1088 1663 1134 recte
1714 1079 2000 1145 doceatur,
2033 1088 2087 1135 et

507 1170 657 1224 aliud
693 1170 915 1241 quidem
952 1171 1098 1241 quod
1132 1170 1292 1227 ellicit
1336 1172 1638 1225 secundum
1676 1174 1955 1242 propriam
1993 1187 2090 1226 na-

506 1269 713 1326 turam,
772 1261 920 1316 aliud
987 1277 1117 1316 vero
1154 1263 1298 1331 quod
1349 1262 1598 1331 gignitur
1657 1264 2088 1319 demonstretur.

506 1354 781 1421 Quoniam
826 1354 995 1425 igitur
1017 1355 1206 1409 omnia
1237 1370 1266 1407 a
1308 1354 1440 1419 Deo,
1478 1353 1622 1410 Deus
1667 1364 1846 1410 autem
1876 1354 2089 1424 Filius;

507 1447 773 1517 praeclare
799 1454 1058 1502 creatura
1089 1446 1368 1501 divinitati
1407 1463 1472 1501 ex
1507 1446 1743 1502 adverso
1766 1448 2096 1517 opponitur:

2185 616 2375 671 ποιοῦν
2423 614 2813 687 ἐξαριθμήσας·
2846 615 2923 680 ὡς
2956 618 3144 686 σαφῶς
3184 618 3274 673 διὰ
3322 620 3531 675 τούτων
3579 624 3641 676 τὸ
3675 625 3774 693 τῆς

2188 710 2402 780 φύσεως
2436 708 2691 779 διάφορον
2730 708 2826 762 τοῦ
2864 709 3086 763 κτιστοῦ
3123 712 3258 783 πρὸς
3308 714 3368 767 τὸ
3408 714 3663 769 ἄκτιστον
3695 715 3777 769 δι.

2187 802 2467 872 ὼχθῆναιο
2499 800 2591 854 καὶ
2642 800 2769 855 ἄλλο
2817 802 2916 873 μὲν
2964 802 3025 855 τὸ
3080 804 3267 858 ποιοῦν
3310 810 3451 861 κατά
3498 807 3595 878 τὴν
3643 808 3779 861 ἰδίαν

2190 893 2374 964 φύσιν,
2404 894 2587 965 ἕτερον
2620 894 2677 947 δὲ
2713 894 2774 947 τὸ
2802 895 3088 965 γινόμενον
3122 895 3451 953 δείκνυσθαι.
3500 900 3658 954 Ἐπεὶ
3682 896 3777 954 οῦν

2186 988 2257 1042 τὰ
2282 988 2461 1041 πάντα
2486 989 2549 1040 ἐκ
2567 987 2659 1041 τοῦ
2684 988 2839 1052 Θεοῦ,
2868 990 3000 1054 Θεὸς
3022 991 3077 1043 δέ
3106 993 3133 1045 ὁ
3156 992 3300 1053 Υἱός·
3336 992 3515 1056 καλῶς
3540 994 3573 1063 ἡ
3601 993 3779 1057 κτίσις

2185 1079 2672 1135 ἀντιδιαστέλλεται
2714 1083 2780 1151 τῇ
2811 1080 3161 1153 θεότητιοτοῦ
3190 1083 3249 1137 δὲ
3279 1084 3617 1153 Μονογενοῦς
3651 1086 3780 1140 ἄλλο

2184 1190 2240 1226 τι
2277 1171 2429 1244 παρά
2460 1172 2559 1243 τὴν
2593 1172 2704 1226 τῶν
2734 1174 2954 1228 πάντων
2979 1174 3150 1229 ὄντων
3179 1175 3367 1244 φύσιν⁹
3394 1179 3489 1231 καὶ
3517 1178 3635 1230 οὐδὲ
3666 1176 3780 1230 τῶν

2192 1264 2515 1336 μαχομένων
2565 1267 2631 1336 τῇ
2691 1264 2923 1336 ἀληθεία
2985 1266 3124 1337 πρὸς
3171 1268 3331 1321 τοῦτο
3389 1267 3775 1337 ἐνισταμένων.

2204 1357 2443 1425 Ἀνάγκη
2472 1357 2625 1410 πᾶσα
2652 1357 2744 1410 καὶ
2774 1356 2853 1427 τῷ
2883 1356 2999 1427 Υἱῷ
3028 1358 3168 1412 κατὰ
3193 1358 3253 1411 τὸ
3275 1354 3395 1413 ἴσον
3434 1359 3779 1429 ἀντιδιαιρεῖ-

2195 1448 2320 1500 σθαι
2347 1446 2446 1517 τὴν
2472 1446 2669 1501 κτίσιν.
2706 1448 2877 1518 Εἴπερ
2915 1448 2989 1519 μὴ
3022 1447 3305 1517 ψεύδονται
3332 1450 3398 1503 δι’
3426 1449 3591 1502 αὑτοῦ
3621 1464 3783 1517 γεγε-

508 1535 787 1608 Unigeniti
819 1548 998 1593 autem
1035 1546 1233 1592 natura
1270 1537 1418 1591 aliud
1444 1538 1704 1606 quiddam
1728 1548 1782 1591 et
1811 1536 2090 1593 diversum

2210 1539 2387 1610 θῆσθαι
2419 1539 2490 1593 τά
2514 1539 2694 1592 πάντα
2725 1538 2833 1592 τῶν
2863 1540 3032 1608 ἁγίων
3054 1542 3109 1594 αἱ
3142 1543 3317 1609 φωναλ⁸
3347 1540 3778 1613 μαρτυρόμεναι.

506 1642 637 1681 vere
684 1634 771 1681 est
819 1626 890 1681 ab
924 1626 1168 1680 omnium
1220 1641 1341 1696 qua:
1385 1623 1528 1679 facta
1569 1634 1694 1679 sunt
1747 1633 1941 1679 natura
1976 1645 1988 1679 :
2022 1641 2147 1681 cum
2180 1643 2357 1698 neque
2388 1628 2444 1682 hi
2488 1628 2583 1699 qui
2624 1628 2843 1683 veritati
2890 1631 3257 1686 adversantur
3300 1633 3403 1686 hoc
3450 1632 3781 1686 inﬁcientur.

508 1717 743 1775 Necesse
778 1727 864 1774 est
904 1720 1131 1775 omnino
1163 1720 1416 1775 similiter
1462 1719 1601 1773 Filio
1641 1728 1948 1776 creaturam
2001 1740 2066 1778 ex
2107 1724 2343 1781 adverso
2372 1723 2597 1795 opponi.
2631 1722 2916 1794 Siquidem
2947 1741 3055 1779 non
3089 1725 3430 1779 mentiuntur
3462 1731 3781 1779 sanctorum

508 1829 673 1869 voces
710 1821 977 1870 testantes
1006 1830 1102 1884 per
1142 1815 1319 1884 ipsum
1360 1815 1500 1868 facta
1530 1830 1656 1869 esse
1698 1815 1905 1870 omnia.

580 1904 716 1960 Cum
755 1906 924 1975 igitur
954 1905 1099 1962 Deus
1142 1906 1468 1976 Unigcnitus
1513 1907 1568 1960 in
1601 1906 1805 1961 divinis
1835 1906 2089 1979 Scriptu-

2266 1910 2399 1964 Θεοῦ
2426 1911 2603 1965 τοίνυν
2630 1909 2725 1965 τοῦ
2756 1909 3099 1977 Μονογενοῦς
3133 1909 3190 1960 ἐν
3219 1910 3337 1970 ταῖς
3371 1906 3542 1970 θείαις
3575 1923 3785 1977 κηρυσ-

515 2000 596 2055 ris
626 1999 982 2069 praadicetur,
1032 2013 1194 2052 suum
1238 2014 1551 2053 sermonem
1595 1999 1868 2070 intelligat
1911 2000 2096 2054 Euno-

2210 2004 2426 2074 τομένου
2451 2005 2718 2075 Γραφαῖς,
2745 2001 2997 2072 νοησάτω
3025 2000 3115 2052 τὸν
3144 2001 3272 2053 ἰδιον
3297 1999 3453 2067 λόγον
3482 1998 3744 2069 Εὐνόμιος
3767 2038 3782 2058 .

516 2093 687 2154 mius,
713 2099 877 2161 atque
908 2090 1091 2145 omnis
1119 2089 1367 2159 stuporis
1389 2096 1443 2143 et
1464 2089 1735 2145 vecordia:
1766 2091 2097 2146 condemnet

517 2199 642 2240 eum
671 2183 767 2254 qui
804 2182 1145 2236 divinitatem
1178 2182 1231 2235 in
1260 2181 1313 2235 id
1348 2182 1495 2251 quod
1541 2194 1787 2237 creatum
1818 2191 1901 2238 est
1932 2193 1990 2238 et
2021 2183 2100 2237 iu-

517 2292 767 2333 creatum
803 2276 1125 2343 distribuit;
1169 2274 1474 2331 secundum
1515 2275 1933 2331 similitudinem
1976 2275 2099 2345 ejus

517 2370 614 2441 qui
658 2368 855 2425 dividit
907 2368 1183 2423 hominem
1232 2368 1285 2421 in
1334 2383 1538 2438 equum
1574 2376 1628 2422 et
1658 2368 1714 2423 in
1767 2368 2046 2423 hominem
2083 2386 2097 2422 :

519 2460 825 2516 dicitenim
864 2460 981 2530 ipse
1020 2468 1147 2529 post
1173 2460 1518 2530 nugatoriam
1562 2460 1945 2530 loquacitatem
1978 2475 2101 2530 quae

517 2560 604 2605 est
638 2550 693 2604 in
723 2549 927 2613 medio,
968 2550 1251 2619 paululum
1288 2564 1636 2619 progressus,
1674 2550 1813 2622 quod
1848 2551 2103 2603 immuta—

519 2643 643 2696 bilis
710 2644 985 2696 nominum
1041 2651 1271 2712 cognata
1327 2658 1447 2695 cum
1502 2641 1658 2696 rebus
1710 2642 1917 2695 relatio.
1983 2643 2102 2697 Hoc

519 2734 685 2787 etiam
714 2735 832 2803 ipse
880 2734 1097 2789 ratione
1154 2736 1548 2805 comprobans,
1609 2735 1736 2802 quia
1788 2735 1861 2789 sit
1920 2735 2099 2800 ﬁrma,

520 2840 649 2879 vera
683 2826 1112 2895 appellationum
1162 2842 1287 2879 cum
1338 2826 1587 2893 subjecto
1620 2825 1987 2880 familiaritas.
2034 2826 2092 2881 Si

521 2916 692 2988 igitur
721 2932 920 2971 nomen
962 2918 1270 2971 divinitatis
1316 2917 1615 2985 Cnigenito
1645 2918 1756 2971 Deo
1802 2917 2022 2973 adhaese
2051 2928 2107 2973 et

522 3007 821 3077 conjuncte
855 3009 1178 3078 impositum
1226 3015 1334 3075 est,
1378 3009 1714 3063 assentietur
1759 3017 1940 3062 autem
1984 3023 2105 3063 om-

524 3102 680 3164 nino,
715 3111 769 3157 et
809 3102 854 3156 si
898 3104 1027 3157 velit
1063 3102 1354 3156 nobiscum
1404 3100 1670 3155 dimicare
1701 3110 1755 3155 et
1790 3099 2101 3166 colluctari,

524 3212 635 3250 nou
672 3195 892 3250 mentiri
923 3194 1292 3264 Scripturam,
1324 3209 1505 3263 neque
1532 3193 1908 3248 dissonantem
1944 3207 1973 3245 a
2004 3208 2105 3246 na-

2198 2096 2294 2149 καὶ
2340 2095 2673 2164 καταγνώτω
2716 2094 2898 2147 πᾶσαν
2928 2092 3245 2163 ἠλιθιότητα
3296 2090 3390 2143 τοῦ
3429 2090 3490 2143 τὸ
3515 2090 3669 2142 Θεῖον
3704 2088 3784 2160 τῷ

2200 2187 2402 2258 κτιστῷ
2431 2188 2522 2240 καὶ
2549 2186 2789 2257 ἀκτίστῳ
2822 2184 3302 2255 καταμερίζοντοςο
3335 2182 3457 2259 καθ’
3490 2182 3786 2252 ὁμοιότητα

2198 2280 2293 2335 τοῦ
2327 2282 2418 2335 τὸν
2456 2280 2744 2350 ἄνθρωπον
2782 2281 2862 2342 είς
2895 2279 3060 2330 ἵππον
3089 2274 3426 2345 διαιροῦντος
3452 2274 3545 2327 καὶ
3571 2273 3787 2344 ἄνθρω-

2201 2390 2322 2427 πον’
2358 2374 2505 2442 λέγει
2533 2373 2641 2443 γὰρ
2683 2371 2844 2434 αὐτὸς
2884 2369 3022 2441 μετά
3049 2367 3147 2438 τὴν
3185 2365 3274 2419 διὰ
3316 2366 3483 2437 μέσου
3517 2365 3789 2436 φλυαρίαν

2204 2464 2397 2535 μικρὸν
2425 2462 2653 2526 ὑποϐὰς.
2689 2462 2771 2515 ὅτι
2825 2457 3198 2530 ’Δμετάθετος
3230 2457 3270 2525 ή
3304 2455 3630 2524 προσφυὴς
3666 2452 3791 2508 τῶν

2203 2553 2510 2624 ὀνομάτων
2548 2552 2697 2620 πρὸς
2726 2554 2801 2605 τὰ
2852 2549 3162 2618 πράγματα
3203 2544 3437 2615 σχέσις.
3486 2546 3656 2597 Τοῦτο
3693 2546 3790 2596 καὶ

2202 2644 2365 2706 αὐτὸς
2416 2640 2758 2712 ἐπιψηφίζων
2808 2640 2887 2710 τῷ
2940 2639 3105 2709 λόγῳ,
3146 2636 3224 2708 τῷ
3274 2637 3470 2704 πάγιον
3504 2631 3643 2688 εἶναι
3689 2634 3789 2704 τὴν

2202 2734 2380 2804 ἀληθῆ
2408 2731 2514 2786 τῶν
2542 2730 2922 2803 προσηγοριῶν
2947 2731 3084 2802 πρὸς
3114 2729 3176 2781 τὸ
3204 2728 3561 2796 ὑποκείμενον
3589 2724 3789 2778 οἰκειό-

2201 2844 2359 2898 τητα.
2398 2825 2462 2878 Ei
2491 2821 2585 2877 οὖν
2622 2823 2684 2877 τὸ
2714 2824 2994 2891 θεότητος
3033 2821 3205 2891 ὄνομα
3234 2819 3311 2890 τῷ
3350 2819 3647 2885 Μονογενεῖ
3670 2815 3793 2886 Θεῷ

2207 2918 2499 2990 προσφυῶς
2538 2914 2929 2986 ἐπικέκληται,
2964 2912 3287 2983 συνθήσεται
3328 2910 3386 2964 δὲ
3412 2911 3648 2973 πάντως,
3687 2908 3794 2961 κᾶν

2207 3010 2340 3082 πρὸς
2389 3010 2535 3079 ἡμᾶς
2572 3006 2729 3077 ἐθέλῃ
2767 3004 3270 3076 διαπληκτίζεσθαι,
3299 3002 3361 3056 τὸ
3403 3002 3477 3073 μὴ
3505 3000 3795 3071 ψεύδεσθαι

2205 3103 2303 3172 τὴν
2329 3101 2556 3173 Γραφὴν
2596 3100 2731 3172 μηδὲ
2771 3098 3080 3170 ἀπᾴδουσαν
3108 3097 3205 3168 τῆς
3235 3095 3449 3165 φύσεως
3485 3091 3795 3146 ἐπικεῖσθαι

2207 3197 2284 3267 τῷ
2315 3196 2610 3265 Μονογενεῖ
2638 3192 2736 3264 τὴν
2760 3192 2861 3262 τῆς
2898 3191 3148 3261 θεότητος
3182 3189 3395 3259 κλῆσιν,
3430 3187 3672 3239 πεισάτω
3706 3185 3795 3237 διὰ

525 3295 648 3341 tura
684 3284 984 3356 Unigeuito
1016 3285 1223 3356 imponi
1259 3284 1568 3341 divinitatis
1610 3285 2103 3354 nuncupationem,

2210 3258 2319 3343 τῶν
2347 3258 2489 3342 ἰδίων
2516 3258 2725 3341 ἑαυτόν.
2756 3258 2881 3339 "Ott
2899 3283 2946 3336 εἰ
2967 3258 3300 3353 ἀμετάθετος
3323 3282 3355 3351 ἢ
3385 3278 3667 3349 προσφυὴς
3688 3276 3798 3329 τῶν

527 3378 632 3435 sibi
667 3379 784 3443 ipse
819 3394 884 3433 ex
917 3377 1036 3433 suis
1066 3377 1292 3447 scriptis
1327 3378 1678 3446 persuadeat.
1715 3377 1873 3442 Quod
1914 3377 1960 3430 si
2002 3377 2108 3430 im-

528 3472 815 3527 mutabilis
848 3472 1137 3526 adhaerens
1171 3471 1456 3526 nominum
1488 3470 1557 3525 ad
1584 3486 1672 3527 res
1710 3471 1931 3536 relatio,
1964 3470 2109 3527 Deus

531 3576 718 3620 autem
753 3572 808 3618 et
837 3564 1103 3619 Dominus
1138 3564 1362 3623 dicitur,
1394 3579 1505 3619 non
1533 3572 1716 3634 potest
1747 3563 2107 3619 differentiam

532 3657 774 3726 aliquam
825 3656 1125 3711 secundum
1169 3656 1480 3711 divinitatis
1514 3657 1763 3710 notitiam
1800 3657 1853 3709 in
1885 3655 2025 3710 Filio
2058 3663 2113 3710 et

532 3748 591 3804 in
623 3748 784 3804 Patre
834 3756 1017 3803 mente
1052 3750 1338 3820 percipere
1370 3768 1383 3803 :
1420 3748 1692 3818 siquidem
1746 3748 1802 3802 in
1844 3747 2113 3802 ambobus

533 3857 827 3897 commune
857 3851 943 3898 CSl
990 3843 1093 3896 hOC
1134 3857 1331 3896 llOlDCll
1371 3860 1383 3895 Ξ
1419 3842 1527 3895 11110
1562 3856 1697 3894 vero
1734 3856 1842 3894 non
1885 3840 1990 3894 hoc
2024 3855 2109 3895 SO-

534 3935 674 4001 lum,
706 3936 800 3991 sed
833 3937 996 4006 longa
1021 3946 1106 3991 est
1130 3935 1415 3990 nominum
1442 3933 1717 3998 recensio,
1746 3933 1948 4003 quibus
1977 3932 2114 3986 Uni-

535 4028 757 4099 genitus
799 4042 922 4082 cum
958 4028 1122 4083 Patre
1171 4026 1591 4081 immutabiliter
1635 4033 1691 4080 et
1733 4023 2116 4079 indiﬁ'erenter

536 4120 881 4187 nomina‘tur,
931 4120 1130 4182 bonus,
1177 4117 1633 4187 incorruptibilis,
1671 4116 1881 4186 justus,
1924 4115 2113 4185 judex,

538 4212 901 4284 longanimis,
935 4212 1274 4276 misericors,
1318 4218 1577 4274 azternus,
1632 4210 2025 4279 sempiternus.
2064 4216 2120 4264 et

538 4319 883 4377 quaecunque
924 4301 1232 4373 magniﬁca:
1264 4312 1478 4356 natura;
1521 4309 1577 4354 et
1614 4300 1873 4369 potentiae
1920 4298 2121 4371 signiﬁ-

540 4398 786 4455 cantiam
837 4394 1169 4458 ostendunt,
1206 4409 1332 4448 cum
1374 4392 1525 4447 nulla
1576 4392 1670 4445 ﬁat
1714 4393 1768 4446 in
1800 4406 1865 4446 eo
1905 4394 2123 4447 sulitra-

2210 3382 2489 3453 ὀνομάτων
2533 3380 2667 3452 πρὸς
2710 3377 2780 3431 τὰ
2811 3377 3113 3448 πράγματα
3146 3374 3351 3444 σχέσις,
3383 3373 3514 3435 Θεὸς
3544 3372 3599 3424 δὲ
3629 3373 3656 3425 ὁ
3682 3369 3797 3423 Κύ-

2217 3492 2331 3547 ριος
2356 3473 2590 3541 λέγεται,
2622 3472 2681 3524 οὺ
2708 3470 2928 3523 δύναται
2958 3466 3221 3537 διαφοράν
3261 3482 3382 3518 τινα
3409 3464 3548 3517 κατὰ
3574 3463 3673 3533 τὴν
3697 3462 3798 3532 τῆς

2217 3567 2466 3636 θεότητος
2488 3564 2695 3616 ἔννοιαν
2720 3562 2811 3615 ἐπὶ
2839 3559 2935 3612 τοῦ
2969 3557 3099 3612 Υἱοῦ
3124 3559 3217 3611 καὶ
3238 3556 3337 3610 τοῦ
3369 3556 3586 3627 Πατρὸς
3613 3557 3798 3625 ἐννοῆ-

2217 3679 2325 3716 σαι·
2360 3662 2591 3731 ἐπείπερ
2630 3658 2807 3712 κοινὸν
2839 3658 2925 3710 ἐπ’
2968 3654 3294 3726 ἀμφοτέρων
3330 3650 3489 3704 τοῦτο
3518 3648 3577 3701 τὺ
3604 3648 3796 3717 δνομα’

2220 3754 2418 3826 μᾶλλον
2446 3753 2503 3805 δέ
2546 3753 2667 3822 οὐχὶ
2708 3751 2865 3804 τοῦτο
2912 3750 3092 3820 μόνον,
3134 3746 3270 3799 ἀλλά
3299 3743 3463 3807 πολύς
3500 3744 3648 3795 ἐστιν
3683 3740 3800 3791 ὀνο·

2220 3848 2402 3920 μάτων
2424 3846 2743 3914 κατάλογος,
2766 3840 2847 3907 οἷς
2876 3842 3309 3914 ἀπαραλλάκτως
3338 3839 3366 3891 ὁ
3394 3835 3703 3905 Μονογενὴς
3723 3832 3802 3902 τῷ

2217 3938 2395 4011 Πατρὶ
2445 3935 2900 4002 συνονομάζεται,
2949 3933 3181 4001 ἀγαθὸς,
3224 3930 3524 4001 ἄφθαρτος,
3554 3927 3758 3988 δίκαιος
3784 3966 3800 3989 ,

2219 4030 2411 4104 κριτὴς
2426 4050 2448 4093 ’,
2484 4028 2833 4100 μακρόθυμος
2853 4067 2867 4091 ,
2895 4026 3166 4096 ἐλεήμων,
3208 4024 3398 4086 ἀΐδιος,
3425 4020 3800 4087 ἀτελεύτητοςυ

2221 4123 2397 4177 πάντα
2441 4122 2541 4174 ὅσα
2585 4116 2681 4171 τοῦ
2734 4116 3020 4188 μεγαλείου
3068 4116 3167 4185 τῆς
3226 4110 3439 4183 φύσεώς
3487 4128 3545 4163 τε
3574 4111 3668 4162 καὶ
3705 4108 3805 4177 τῆς

2220 4213 2503 4285 δυνάμεως
2529 4210 2626 4282 τὴν
2665 4208 2941 4280 σημασίαν
2982 4207 3343 4269 ἐνδείκνυται,
3373 4202 3628 4273 οὐδεμιᾶς
3674 4202 3807 4255 ὑπο-

2225 4305 2415 4376 στολῆς
2442 4301 2583 4356 κατά
2610 4300 2671 4354 τὸ
2716 4299 2917 4371 ὑψηλὸν
2939 4298 3038 4369 τῆς
3077 4295 3287 4358 ἐννοίας
3313 4294 3369 4347 έν
3406 4311 3511 4347 τινι
3548 4291 3657 4345 τῶν
3697 4293 3809 4343 ὀνο-

2228 4397 2413 4467 μάτων
2451 4395 2535 4447 ὲπ’
2560 4390 2724 4445 αὐτοῦ
2756 4389 3078 4460 γινομένης⁶
3122 4386 3257 4440 ἀλλά
3281 4386 3375 4438 τὸν
3403 4383 3655 4438 τοσοῦτον
3690 4385 3810 4455 ἀριο

540 4488 672 4551 ctio,
700 4487 1000 4542 secundum
1033 4484 1427 4540 sublimitatem
1459 4483 1836 4554 intelligentia:
1856 4484 1910 4537 in
1936 4482 2109 4552 aliquc

2226 4489 2360 4559 θμὸν
2420 4485 2530 4539 τῶν
2592 4483 2751 4537 θείων
2799 4479 3178 4552 προσηγοριῶν
3242 4473 3353 4532 οἷον
3414 4476 3683 4547 μεμυκότι
3732 4474 3809 4544 τῷ

542 4580 849 4635 nominum.
910 4576 1018 4633 Sed
1076 4585 1286 4631 tantum
1333 4576 1647 4630 divinarum
1694 4576 2109 4646 appellationum

2228 4576 2491 4649 ὀφθαλμῷ
2539 4572 2875 4646 παροδεύων,
2920 4572 3055 4643 πρὸς
3096 4569 3155 4623 ἓν
3208 4570 3365 4640 μόνον
3412 4566 3718 4631 διαϐλέπει,
3749 4566 3813 4617 τὸ

542 4686 857 4735 numerum,
905 4668 1075 4724 veluti
1125 4669 1443 4723 conniventi
1478 4668 1641 4723 oculo
1676 4668 2017 4739 praeteriens,
2061 4683 2109 4723 ai

2226 4670 2487 4741 γεννητὸν
2528 4668 2621 4722 καὶ
2665 4666 2979 4735 ἀγέννητον,
3022 4660 3206 4731 λεπτῷ
3242 4678 3303 4713 τε
3339 4660 3431 4713 καὶ
3472 4659 3689 4713 ἀσθενεί
3732 4657 3814 4727 τῲ

545 4779 717 4819 unum
749 4762 926 4818 solum
966 4762 1215 4831 respicit,
1246 4762 1492 4831 genitum
1533 4769 1588 4816 et
1621 4761 1949 4833 ingenitum,
1980 4769 2108 4816 tenu

2226 4763 2489 4833 πείσματι
2509 4800 2523 4823 ,
2556 4759 2618 4812 τὸ
2647 4755 3105 4823 κλυδωνιζόμενόν
3131 4771 3191 4807 τε
3222 4752 3317 4805 καὶ
3360 4750 3811 4822 περιφερόμενον,

545 4869 600 4915 et
634 4858 852 4912 inﬁrmo
884 4855 1153 4920 funiculo,
1193 4854 1339 4924 quod
1376 4853 1608 4908 ﬂuctuat
1642 4864 1698 4909 et
1741 4855 2109 4911 circumfertm

2224 4857 2336 4918 τοῖς
2375 4851 2649 4921 πνεύμασι
2678 4849 2775 4920 τῆς
2804 4847 3011 4915 πλάνης
3048 4845 3225 4915 δόγμα
3253 4841 3571 4905 πιστεύσας.

547 4952 753 5007 erroris
780 4949 1021 5012 ﬂatibus,
1055 4947 1253 5017 dogma
1283 4947 1658 5002 committens.

616 5044 760 5098 Dicit
788 5043 958 5104 enim,
993 5042 1274 5103 neminem,
1305 5041 1394 5107 qui
1424 5040 1664 5093 veritatis
1699 5056 1882 5093 curam
1914 5039 2124 5103 habeat,

548 5138 843 5207 genitorum
860 5134 1145 5205 quidquam
1170 5133 1445 5185 nominare
1466 5132 1778 5203 ingenitum,
1808 5148 1971 5201 neque
1986 5149 2125 5197 eum,

548 5226 639 5297 qui
674 5233 752 5279 est
792 5225 845 5277 in
878 5222 1121 5277 omnibus
1169 5220 1332 5285 Deus,
1387 5221 1585 5275 Filium
1621 5221 1700 5275 vel
1733 5222 2132 5291 genitum:hoc

551 5327 736 5373 autem
773 5333 879 5370 non
917 5315 1155 5385 amplius
1190 5313 1399 5369 nostris
1440 5313 1647 5383 indiget
1678 5314 2029 5368 sermonibus
2064 5314 2131 5367 ad

551 5408 1030 5476 redargutionem;
1081 5421 1192 5459 non
1240 5404 1389 5459 enim
1427 5404 1754 5459 velamentis
1800 5404 2174 5474 quibusdam‘

552 5517 653 5572 pro
688 5517 790 5557 suo
820 5516 972 5554 more
992 5498 1178 5552 dolum
1210 5498 1472 5567 contegit,
1500 5496 1596 5552 sed
1624 5497 1866 5552 absurdo
1897 5498 2135 5553 similem

556 5594 691 5648 facit
742 5591 1142 5654 inversionem,
1193 5589 1325 5643 dum
1380 5588 1537 5654 dicit,
1593 5605 1772 5660 neque
1822 5590 2135 5659 genitorum

558 5686 858 5758 quidquam
886 5683 997 5738 dici
1039 5682 1369 5753 ingenitum,
1412 5696 1595 5751 neque
1632 5681 1727 5751 qui
1754 5690 1841 5737 est
1874 5682 1929 5735 in
1960 5682 2137 5737 omni-

560 5780 666 5835 bus
716 5776 885 5839 Deus,
936 5773 1160 5838 Filium,
1204 5774 1288 5828 vel
1342 5772 1587 5843 genitum
1642 5772 1964 5827 nominari:
2003 5772 2137 5831 nihil

564 5869 783 5940 proprie
823 5875 877 5923 et
899 5866 1270 5943 peculiariter
1305 5863 1585 5933 Unigeniti
1633 5864 1757 5921 Filii
1801 5865 2074 5921 divinitati
2108 5881 2137 5920 a

2302 5032 2441 5105 Φησὶ
2495 5032 2603 5102 γὰρ
2660 5027 2893 5097 μηδένα
2946 5024 3066 5080 τῶν
3108 5023 3393 5092 ἀληθείας
3426 5020 3816 5089 πεφροντικό-

2235 5138 2373 5186 των,
2409 5119 2547 5173 οὔτε
2591 5115 2709 5171 τῶν
2747 5116 3049 5186 γεννητῶν
3075 5112 3256 5167 οὐδὲν
3295 5110 3602 5180 ὀνομάζειν
3640 5110 3817 5179 ἀγέν-

2237 5229 2442 5280 νητον,
2478 5211 2615 5264 οὔτε
2642 5208 2749 5262 τὸν
2775 5207 2871 5260 ἐπὶ
2902 5206 3145 5260 πάντων
3178 5205 3346 5266 Θεὸν,
3384 5205 3522 5255 Υἱὸν
3550 5203 3588 5270 ἣ
3617 5220 3820 5271 γεννη-

2190 5345 2198 5354 .
2238 5306 2365 5360 τόν.
2402 5303 2571 5356 Τοῦτο
2594 5302 2650 5355 δὲ
2678 5301 2861 5354 οὐκέτι
2898 5298 3005 5351 τῶν
3035 5298 3318 5368 ἡμετέρων
3342 5296 3615 5348 ἐπιδέεται
3644 5295 3822 5362 λόγων

2240 5399 2377 5470 πρὸς
2400 5397 2641 5467 ἔλεγχον.
2676 5394 2808 5448 Οὐδὲ
2840 5392 2951 5462 γὰρ
2985 5389 3415 5462 προκαλύμμασί
3440 5406 3548 5441 τισι
3584 5388 3725 5441 κατά
3759 5390 3821 5442 τὸ

2243 5489 2471 5560 σύνηθες
2498 5486 2644 5558 αὐτῷ
2682 5484 3006 5555 περισκέπει
3035 5482 3127 5536 τὸν
3156 5482 3324 5534 δόλον·
3362 5480 3478 5533 ἀλλ’
3504 5480 3626 5551 ἴσην
3646 5484 3821 5533 ποιεῖ-

2242 5599 2331 5635 ται
2356 5579 2448 5633 τοῦ
2483 5578 2683 5633 ἀτόπου
2708 5574 2807 5647 τὴν
2837 5573 3199 5644 ἀναστροφὴν,
3239 5574 3297 5627 ἐν
3327 5571 3406 5641 τῷ
3446 5571 3646 5639 λέγειν,
3682 5571 3823 5640 μήτε

2241 5674 2350 5729 τῶν
2387 5668 2660 5743 γεννητῶν
2687 5666 2940 5737 λέγεσθαί
2976 5684 3027 5720 τι
3055 5665 3371 5735 ἀγέννητον,
3417 5664 3553 5733 μήτε
3594 5662 3687 5715 τὸν
3730 5663 3824 5715 ἐπὶ

2240 5767 2457 5819 πάντων
2474 5761 2605 5815 Θεὸν
2624 5760 2752 5815 Υίὸν
2773 5759 2806 5829 ἢ
2823 5758 3082 5829 γεννητὸν
3101 5755 3481 5827 ὀνομάζεσθαι·
3500 5752 3651 5807 οὐδὲν
3682 5754 3824 5807 κατά

2238 5862 2300 5917 τὸ
2331 5859 2528 5925 ἰδιάζον
2552 5860 2621 5929 τῇ
2659 5856 2938 5929 μονογενεῖ
2984 5851 3079 5907 τοῦ
3129 5849 3261 5905 Υίοῦ
3303 5849 3521 5920 θεότητι
3562 5848 3711 5917 παρὰ
3756 5848 3825 5901 τά

3832 4927 3857 4953 ρ.
