4138 6364
377 352 476 377 ’με

388 352 480 406 75".)
1466 352 1744 409 CONTRA
1781 354 2180 446 ~EUNOMIUM,
2223 357 2351 411 LIB.
2396 356 2506 411 VII.

3534 346 3640 401 754

373 464 538 521 λοιπά
565 460 671 516 τῶν
699 464 972 533 γεννητῶν
999 464 1317 537 ἀποκρίνας,
1358 466 1472 518 ἀλλ’
1500 467 1774 538 ὁμοτίμως
1794 470 1955 520 ποιεῖ-

2059 469 2287 538 reliquis
2317 484 2440 538 quae
2468 482 2563 537 per
2595 465 2930 520 creationem
2963 464 3109 518 facta
3134 469 3284 526 sunt,
3309 461 3559 517 tribuens
3584 470 3639 517 οιῑ

374 576 465 613 ται
490 557 591 627 τὴν
618 558 753 626 πρὸς
785 556 917 609 Θεὸν
942 556 1223 627 διαστολὴν
1249 558 1466 611 πάντων
1497 558 1605 612 τῶν
1627 559 1949 627 γεγονότωνσ

374 648 475 701 οὐκ
500 645 693 711 ἐξελὼν
733 645 823 699 τὸν
852 647 980 699 Υἱὸν
1021 648 1127 701 τῶν
1157 648 1393 701 πάντων.
1432 650 1541 701 Καὶ
1568 649 1657 702 διά
1700 649 1800 718 τῆς
1844 648 1953 701 τῶν

376 739 593 793 ἀτόπων
630 737 793 807 δῆθεν
836 739 1217 810 ἀναστροφῆς,
1264 739 1513 810 φανερῶς
1560 739 1651 793 τὸν
1694 739 1821 792 Υἰὸν
1852 739 1954 808 τῆς

380 829 530 891 Θείας
561 826 816 897 ἀφίστησι
854 829 1087 898 φύσεως,
1112 829 1285 897 λέγων
1316 831 1452 901 μήτε
1477 848 1527 882 τι
1552 829 1660 882 τῶν
1682 829 1953 899 γεννητῶν

381 922 691 989 ἀγέννητον,
725 922 859 991 μήτε
881 921 971 974 τὸν
1007 921 1138 976 Θεὸν
1175 921 1360 992 Υἱὸνῆ
1392 923 1647 992 γεννητὸν
1678 922 1952 990 λέγεσθαι,

380 1013 446 1079 τῇ
478 1009 860 1081 ἀντιδιαιρέσει
890 1010 1076 1079 σαφῶς
1113 1010 1175 1064 τὸ
1204 1012 1429 1081 φρικτὸν
1466 1011 1822 1065 ἐπικαλύπτων
1854 1012 1953 1082 τῆς

383 1100 757 1171 βλασφημίας·
790 1099 1097 1165 διαστείλας
1140 1100 1250 1173 γὰρ
1293 1103 1362 1155 τὰ
1412 1102 1677 1171 γεγονότα
1718 1104 1854 1174 πρὸς
1896 1104 1955 1156 τὸ

377 1191 691 1261 ἀγέννητον,
724 1192 781 1244 ἐν
813 1194 878 1261 τῇ
906 1192 1046 1245 κατὰ
1068 1192 1128 1245 τὸ
1152 1193 1506 1263 ἀντίστροφον
1540 1195 1801 1265 ἐπαγωγῇ
1826 1195 1956 1247 οὑκ-

377 1284 458 1336 ιτι
480 1283 570 1336 τὸν
598 1269 909 1354 ἀγέννητον,
935 1285 1069 1338 ἀλλά
1090 1285 1182 1339 τὸν
1209 1286 1341 1339 Θεὸν
1366 1282 1520 1355 εἷπεν
1546 1288 1675 1340 Υἱὸν
1697 1287 1730 1357 ἢ
1765 1304 1952 1357 γεννη-

376 1373 468 1427 τὸν
493 1374 753 1428 ἀδύνατον
773 1372 910 1429 εἶναι
934 1375 1135 1444 λέγειν,
1158 1376 1369 1439 δεικνὺς
1392 1376 1479 1429 διά
1499 1376 1604 1429 τῶν
1625 1376 1952 1447 εἰρημένων,

372 1466 459 1518 ὅτι
486 1465 548 1518 τὸ
577 1466 650 1536 μὴ
677 1466 974 1536 ἀγέννητον
998 1466 1131 1529 Θεὸς
1153 1467 1252 1519 οὐκ
1288 1466 1402 1519 ἔστι
1420 1507 1436 1528 ,
1469 1467 1564 1519 καὶ
1593 1467 1674 1518 ὅτι
1704 1466 1955 1519 τοσοῦτον

376 1556 570 1626 ἀπέχει
607 1558 635 1609 ὁ
670 1557 966 1627 μονογενὴς
1002 1557 1135 1621 Θεὸς
1170 1557 1257 1609 διά
1299 1556 1361 1609 τὸ
1397 1557 1655 1627 γεννητὸν
1685 1552 1822 1609 εἶναι
1861 1556 1955 1609 τοῦ

377 1646 515 1701 εἶναι
546 1648 699 1712 Θεὸς,
740 1650 863 1702 ὅσον
894 1650 986 1701 καὶ
1011 1651 1040 1703 ὁ
1064 1650 1358 1717 ἀγέννητος
1395 1648 1489 1701 τοῦ
1520 1648 1777 1717 γεννητὸς
1815 1646 1956 1702 εἶναι

374 1742 409 1811 ἦ
441 1741 712 1809 λέγεσθαι.
743 1743 817 1794 Οὐ
852 1743 960 1813 γὰρ
983 1743 1175 1813 ἀγνοίᾳ
1209 1744 1309 1813 τῆς
1346 1743 1488 1796 κατά
1514 1744 1604 1797 τὸν
1636 1744 1791 1812 λόγον
1822 1746 1953 1798 ἀκο-

375 1833 595 1897 λουθίας
616 1833 944 1903 ἀσύμφωνόν
983 1852 1041 1887 τε
1092 1836 1182 1887 καὶ
1211 1836 1550 1906 ἀνάρμοστον
1583 1839 1815 1890 ποιεῖται
1846 1836 1953 1891 τῶν

374 1925 638 1978 τεθέντων
665 1925 761 1995 τὴν
791 1926 1157 1996 ἀναστροφὴν,
1180 1928 1314 1980 ἀλλά
1336 1926 1659 2000 κακουργῶν
1679 1928 1779 1997 τῆς
1797 1928 1953 1981 εὐσε-

374 2016 526 2080 ϐείας
552 2018 642 2069 τὸν
671 2017 849 2085 λόγον,
881 2018 1300 2073 ἀντιδιαστέλλει
1322 2019 1399 2090 τῷ
1433 2018 1679 2090 γεννητῷ
1708 2020 1807 2092 τὴν
1838 2020 1954 2074 θεό⁴

372 2125 532 2177 τητα,
575 2108 735 2161 τοῦτο
771 2110 838 2162 δι’
872 2106 946 2164 ὧν
981 2111 1131 2179 λέγει
1170 2114 1615 2179 κατασκευάζων,
1666 2114 1748 2168 ὅτι
1780 2113 1840 2165 τὸ
1879 2112 1954 2185 μὴ

375 2200 665 2270 ἀγέννητον
690 2201 821 2266 Θεὸς
850 2203 949 2255 οὐκ
981 2202 1144 2259 ἔστιν.
1182 2201 1258 2257 Ἦ
1291 2205 1400 2277 γὰρ
1432 2207 1636 2277 ἀληθὴς
1664 2208 1956 2261 ἀκολουθία

374 2290 470 2342 τοῦ
492 2291 649 2358 λόγου
680 2308 765 2354 τις
792 2287 882 2361 ἦν,
915 2292 1137 2346 εἰπόντα
1179 2293 1341 2363 μηδὲν
1373 2292 1480 2346 τῶν
1518 2294 1791 2364 γεννητῶν
1817 2292 1954 2349 εἶναι

374 2383 688 2451 ἀγέννητον,
723 2383 1020 2452 ἐπαγαγεῖν
1040 2384 1120 2436 ὅτι
1150 2384 1270 2437 οὐδὲ
1299 2386 1350 2438 ετ
1379 2403 1430 2437 τι
1460 2386 1602 2438 κατά
1627 2385 1786 2455 φύσιν
1808 2386 1954 2439 ἐστὶν

374 2472 689 2544 ἀγέννητον,
724 2474 979 2542 γεννητὸν
1010 2472 1148 2527 εἰναι
1174 2475 1414 2529 δύναται.
1464 2477 1523 2529 Ὀ
1566 2477 1673 2548 γάρ
1717 2477 1955 2542 τοιοῦτος

374 2565 562 2632 λόγος,
586 2566 681 2619 καὶ
705 2564 766 2617 τὸ
795 2566 993 2636 ἀληθὲς
1026 2566 1138 2636 ἔχει
1160 2604 1176 2629 ,
1214 2568 1308 2620 καὶ
1338 2568 1439 2637 τῆς
1482 2567 1828 2639 βλασφημίας
1863 2587 1957 2621 κε-

374 2653 658 2726 χώρισται.
686 2654 799 2706 Νῦν
819 2655 876 2707 δὲ
902 2655 979 2725 τῷ
1003 2656 1281 2726 προθεῖναι
1308 2657 1404 2726 μὲν
1426 2658 1505 2711 ὅτι
1536 2658 1643 2710 τῶν
1679 2657 1954 2728 γεννητῶν

374 2741 526 2796 οὐδέν
549 2742 696 2794 ἐστιν
715 2742 1026 2812 ἀγέννητον,
1045 2744 1345 2812 ἐπαγαγεῖν
1373 2744 1429 2796 δὲ
1452 2746 1533 2797 ὅτι
1557 2745 1676 2798 οὐδὲ
1699 2743 1954 2815 γεννητὸς

374 2836 405 2888 ὁ
448 2834 619 2897 Θεὸς,
664 2833 846 2901 σαφῶς
882 2836 976 2888 τοῦ
1022 2830 1160 2888 εἶναι
1198 2836 1329 2889 Θεὸν
1358 2837 1449 2889 τὸν
1491 2837 1774 2906 Μονογενῆ
1821 2836 1956 2889 Θεὸν

375 2924 641 2996 ἀφορίζει·
682 2923 772 2977 διά
792 2924 887 2977 τοῦ
921 2926 993 2996 μὴ
1020 2926 1311 2994 ἀγέννητον
1333 2928 1496 2981 αὑτὸν
1533 2925 1703 2992 εἰναι,
1731 2928 1791 2980 τὸ
1820 2927 1954 2997 μηδὲ

376 3015 508 3068 Θεὸν
538 3016 700 3068 αὐτὸν
731 3012 870 3068 εἶναι
898 3017 1340 3081 κατασκευάζων.
1368 3014 1493 3088 ⁷Αρ’
1525 3014 1617 3072 οὖν
1645 3019 1846 3090 ἐτέρων
1873 3018 1953 3071 ἔτι

378 3107 515 3176 πρὸς
539 3106 811 3173 ἀπόδειξιν
850 3108 948 3178 τῆς
973 3107 1205 3161 ἐκτόπου
1245 3109 1449 3177 ταύτης
1476 3109 1822 3181 βλασφημίας
1848 3110 1954 3163 τῶν

378 3198 617 3268 ἐλέγχων
639 3199 909 3267 δεόμεθα;
954 3201 1063 3251 Καὶ
1103 3200 1203 3251 οὐκ
1240 3202 1401 3271 ἀρκεῖ
1443 3200 1604 3253 τοῦτο
1641 3202 1798 3272 μόνον
1837 3202 1957 3253 ἀντὶ

380 3290 580 3359 στήλης
608 3289 860 3357 γενέσθαι
887 3290 964 3361 τῷ
986 3292 1372 3361 Χριστομὰχῳ,
1396 3290 1474 3361 τῷ
1498 3290 1957 3355 κατασκευάζοντι

378 3382 468 3436 διά
504 3381 609 3434 τῶν
646 3382 948 3452 εἰρημένων
985 3384 1057 3453 μὴ
1098 3380 1237 3436 εἶναι
1276 3384 1407 3436 Θεὸν
1438 3384 1528 3437 τὸν
1564 3385 1622 3437 ἐν
1656 3384 1797 3454 ἀρχῇ
1830 3383 1959 3436 ὅντα

379 3475 551 3542 Λόγον
574 3475 735 3540 Θεόν;
756 3476 820 3528 Τί
843 3472 934 3529 οὖν
962 3476 1042 3529 ἔτι
1070 3477 1175 3548 χρὴ
1212 3477 1348 3547 πρὸς
1376 3478 1503 3539 τοὺς
1526 3475 1799 3538 τοιούτους
1831 3493 1961 3546 συμ-

381 3567 712 3632 πλέκεσθαι;
751 3568 884 3620 Οὐδὲ
908 3568 1015 3639 γάρ
1036 3572 1140 3631 τοῖς,
1171 3569 1298 3639 ’περὶ
1320 3569 1387 3621 τά
1418 3567 1609 3621 εἴδωλα
1637 3567 1731 3620 καὶ
1755 3567 1814 3620 τὸ
1841 3568 1961 3620 ἐπι-

381 3658 587 3729 ϐώμιον
608 3658 801 3730 λύθρον
831 3660 1243 3730 ἀσχολουμένοις
1274 3659 1700 3730 διαπλεκόμεθα,
1734 3662 1854 3731 οὐχὶ
1884 3660 1961 3730 τῷ

385 3751 728 3805 συντίθεσθαι
756 3754 822 3822 τῇ
854 3752 1099 3822 ἀπωλείᾳ
1130 3752 1240 3805 τῶν
1282 3752 1801 3823 εἰδωλομανούντων,
1828 3754 1963 3807 ἀλλά

383 3843 463 3913 τῷ
488 3842 790 3913 βαρυτέραν
825 3838 963 3895 εἶναι
986 3841 1085 3913 τὴν
1121 3842 1273 3895 νόσον
1310 3843 1488 3895 αὐτῶν
1519 3843 1620 3912 τῆς
1645 3847 1774 3915 παρ’
1803 3843 1962 3914 ἡμῶν

387 3932 702 4002 θεραπείας.
755 3932 964 4003 Ὥσπερ
1009 3932 1188 3985 τοίνυν
1238 3934 1335 4003 τὴν
1381 3934 1790 4005 εἰδωλολατρίαν
1831 3936 1965 3989 αὐτὸ

387 4025 725 4096 καταμηνύει
775 4025 836 4078 τὸ
879 4025 1058 4096 ἔργον,
1085 4026 1178 4077 καὶ
1205 4026 1694 4097 προλαμϐανόντων
1723 4028 1831 4082 τῶν
1866 4047 1965 4082 κα-

386 4118 633 4188 τηγόρων
654 4118 742 4170 τὸν
764 4116 985 4187 ἔλεγχον
1012 4117 1070 4169 τὸ
1106 4117 1273 4170 κακὸν
1298 4118 1354 4169 ἐν
1383 4118 1661 4189 παρρησία
1684 4118 1967 4190 τολμώμε-

388 4226 497 4261 νονο
524 4207 666 4260 οὕτω
699 4208 790 4261 καὶ
812 4206 1043 4261 ἐνταῦθα
1068 4209 1225 4278 σιγᾷν
1253 4203 1403 4278 οἶμαι
1434 4210 1541 4262 δεῖν
1566 4210 1656 4264 τὸν
1684 4212 1783 4280 τῆς
1810 4213 1968 4263 εὐσε-

388 4295 540 4359 ϐείας
568 4298 884 4367 συνήγορον,
911 4295 1045 4366 πρὸς
1069 4295 1159 4347 τὸν
1195 4296 1402 4365 βοῶντα
1434 4300 1554 4352 καθ’
1587 4300 1780 4353 ἑαυτοῦ
1809 4319 1965 4373 περι-

388 4386 571 4454 φανῶς
596 4385 693 4457 τὴν
718 4385 993 4440 ἀσέϐειαν.
1026 4386 1291 4459 Καθάπερ
1328 4390 1423 4443 καὶ⁸
1464 4392 1557 4443 ἐπὶ
1588 4391 1697 4444 τῶν
1727 4392 1805 4463 τῷ
1833 4411 1968 4464 καρ-

2048 575 2373 622 secernens,
2407 562 2501 615 sed
2540 557 2807 627 aequalem
2845 555 2975 611 facit
3009 568 3201 610 eorum
3241 554 3488 609 omnium
3518 570 3639 625 quae

2046 667 2153 721 per
2177 652 2584 721 generationem
2616 649 2762 704 facta
2785 655 2916 703 sunt
2946 663 3071 703 cum
3104 646 3216 701 Deo
3242 645 3638 711 diﬂerentiam,

2054 744 2124 797 ab
2149 743 2409 797 omnibus
2440 757 2548 797 non
2579 749 2809 811 excepto
2840 740 3002 794 Filio.
3048 738 3113 792 Et
3145 754 3241 808 per
3270 738 3637 793 absurdorum

2054 843 2203 889 certe
2227 834 2599 889 inversionem
2631 832 2923 886 manifeste
2948 830 3148 885 Filium
3175 844 3204 882 a
3230 829 3415 883 divina
3441 840 3639 883 natura

2057 923 2351 987 abstrahit,
2396 936 2524 976 cum
2561 921 2718 987 dicit,
2766 935 2945 989 neque
2988 919 3296 989 genitornm
3339 918 3638 987 quidquam

2057 1012 2387 1082 ingenitum,
2429 1026 2607 1082 neque
2638 1013 2833 1075 Deum,
2870 1010 3071 1063 Filium
3103 1012 3188 1063 vel
3221 1009 3466 1078 genitum
3506 1009 3637 1069 dici,

2056 1104 2161 1159 hac
2184 1105 2562 1175 oppositorum
2591 1104 2865 1161 divisione
2894 1102 3214 1157 horribilem
3242 1101 3639 1171 blasphemiam

2056 1205 2245 1265 aperte
2276 1196 2585 1250 recludens.
2624 1196 2760 1250 Cum
2790 1196 2934 1250 enim
2965 1210 3028 1249 ea
3065 1208 3187 1263 qua:
3231 1192 3372 1246 facta
3411 1200 3537 1247 sunt
3573 1191 3641 1245 ab

2057 1283 2303 1353 ingenito
2330 1284 2700 1347 distinxisset,
2740 1301 2864 1339 mox
2898 1285 2953 1338 in
2992 1299 3055 1337 ea
3086 1298 3209 1353 quae
3241 1298 3339 1352 per
3369 1282 3641 1337 inversio-

2056 1390 2180 1429 nem
2229 1374 2286 1427 lit
2336 1374 2678 1439 inductione,
2726 1390 2833 1429 non
2887 1375 3124 1443 amplius
3175 1372 3500 1442 ingenitum,
3544 1371 3642 1426 sed

2058 1464 2229 1520 Deum
2266 1465 2644 1531 dixit,Filium
2682 1467 2763 1520 vel
2803 1466 3045 1536 genitum
3082 1465 3235 1519 nullo
3284 1479 3448 1533 posse
3475 1464 3642 1518 modo

2058 1557 2191 1622 dici,
2236 1574 2335 1628 per
2384 1558 2500 1613 hmc
2529 1559 2673 1614 dicta
2709 1558 3119 1620 demonstrans,
3148 1558 3296 1626 quod
3331 1555 3466 1611 illud
3494 1554 3647 1626 quod

2058 1663 2169 1702 non
2194 1657 2280 1703 est
2318 1649 2650 1718 ingenitum,
2681 1664 2789 1702 non
2825 1657 2909 1703 est
2937 1648 3101 1703 Deus.
3136 1647 3205 1701 Et
3243 1646 3392 1716 quod
3424 1652 3640 1703 tantum

2061 1738 2237 1802 abest,
2262 1745 2323 1791 ut
2351 1738 2665 1806 unigenitus
2698 1737 2841 1791 Deus
2881 1738 2954 1793 sit
2994 1738 3158 1799 Deus,
3206 1736 3335 1806 quia
3369 1734 3441 1788 sit
3488 1734 3641 1804 geni-

1988 1812 2184 1894 Btus,
2260 1838 2524 1899 quantum
2589 1830 2754 1884 etiam
2818 1830 3091 1899 ingenitus
3159 1837 3218 1882 ut
3287 1829 3360 1883 sit
3422 1826 3657 1895 genitus.

2055 1921 2141 1975 vel
2164 1921 2404 1976 dicatur.
2441 1919 2553 1975 Nec
2584 1921 2730 1975 enim
2772 1920 3113 1989 ignoratione
3143 1919 3265 1987 ejus
3296 1931 3420 1988 quae
3445 1931 3641 1971 secun-

2056 2009 2186 2063 dum
2234 2012 2505 2066 rationem
2549 2018 2634 2064 est
2670 2011 3097 2080 consequentiae,
3148 2008 3539 2063 inconcinnam
3586 2013 3653 2061 et

2057 2102 2424 2173 incongruam
2458 2102 2590 2157 facit
2619 2102 2923 2173 positorum
2959 2101 3353 2163 inversionem,
3391 2097 3487 2153 sed
3520 2111 3641 2151 ma-

2056 2195 2239 2249 litiose
2291 2202 2347 2250 et
2397 2195 2590 2249 dolose
2644 2193 2868 2264 pietatis
2929 2207 3240 2247 sermonem
3303 2190 3641 2260 depravans,

2057 2286 2288 2357 opponit
2320 2286 2505 2357 genito
2545 2286 2914 2349 divinitatem,
2961 2285 3068 2339 hoc
3116 2298 3213 2353 per
3245 2298 3309 2338 ea
3346 2296 3469 2352 quae
3506 2280 3642 2335 dicit

2057 2388 2397 2448 praestruens
2436 2397 2449 2432 :
2484 2377 2632 2447 quod
2681 2378 2816 2431 illud
2850 2375 2995 2447 quod
3030 2391 3139 2430 non
3189 2381 3275 2429 est
3310 2373 3643 2443 ingenitum,

2057 2485 2168 2523 non
2214 2480 2302 2524 est
2327 2470 2489 2523 Deus.
2521 2468 2657 2522 Nam
2698 2483 2823 2523 vera
2857 2466 3103 2538 quasdam
3140 2467 3253 2521 haec
3292 2471 3441 2521 esset
3475 2465 3640 2519 ratio-

2056 2563 2147 2617 nis
2176 2561 2588 2631 consequentia,
2604 2561 2786 2615 dicere
2801 2558 2945 2629 quod
2964 2558 3097 2612 nihil
3117 2572 3306 2612 eorum
3324 2572 3445 2627 quae
3459 2556 3647 2627 genita

2057 2661 2205 2717 sunt,
2227 2652 2652 2722 estingenitum,
2682 2666 2747 2705 ac
2777 2650 3005 2720 proinde
3024 2649 3251 2712 inferre,
3281 2649 3429 2719 quod
3463 2663 3642 2718 neque

2058 2747 2105 2801 si
2166 2745 2296 2816 quid
2330 2745 2635 2800 secundum
2668 2753 2921 2798 naturam
2973 2751 3059 2798 est
3118 2741 3421 2812 ingenitum
3482 2740 3641 2811 geni~

2056 2845 2171 2891 tum
2198 2852 2322 2892 esse
2364 2845 2563 2906 potest.
2597 2835 2748 2891 Talis
2780 2834 2927 2889 enim
2970 2834 3150 2887 oratio
3184 2843 3239 2888 et
3271 2848 3462 2888 verum
3492 2846 3630 2887 con-

2056 2934 2193 2984 tinet
2223 2937 2278 2983 et
2303 2944 2333 2983 a
2364 2929 2702 2998 blasphemia
2737 2936 2991 2997 separata
3026 2936 3131 2983 cst.
3164 2927 3322 2981 Nunc
3345 2942 3476 2981 vero
3510 2942 3643 2996 pro-

2057 3027 2375 3090 ponentem,
2419 3020 2566 3089 quod
2610 3035 2803 3075 eorum
2845 3036 2967 3088 qua:
2998 3020 3180 3090 genita
3226 3029 3354 3074 sunt
3385 3018 3525 3073 nihil
3558 3025 3645 3073 est

2058 3111 2384 3181 ingenitum,
2416 3111 2622 3166 inferre
2670 3110 2818 3181 quod
2854 3126 3033 3181 neque
3083 3110 3304 3181 genitus
3351 3119 3437 3165 est
3473 3109 3643 3175 Deus,

2061 3204 2357 3258 manifesto
2387 3203 2456 3256 ah
2486 3218 2553 3258 eo
2592 3201 2741 3273 quod
2778 3210 2865 3257 est
2906 3202 3051 3257 De’us
3080 3202 3438 3272 Unigenitum
3474 3200 3643 3256 Deum

2061 3294 2383 3349 abstrahere
2404 3301 2490 3349 est
2516 3312 2529 3348 :
2563 3293 2694 3348 dum
2721 3309 2789 3348 ex
2821 3307 2887 3348 eo
2912 3292 3057 3363 quod
3089 3294 3205 3362 ipse
3237 3307 3344 3345 non
3379 3298 3460 3346 est
3494 3291 3647 3360 inge-

2061 3386 2238 3448 nitus,
2273 3401 2457 3456 neque
2491 3385 2673 3455 ipsum
2715 3400 2839 3440 esse
2880 3384 3050 3439 Deum
3097 3385 3315 3439 astruit.
3354 3383 3436 3437 An
3478 3382 3651 3449 igitur

2061 3476 2188 3531 aliis
2212 3475 2280 3529 ad
2308 3476 2832 3531 demonstrationem
2861 3475 3026 3544 hujus
3050 3482 3159 3527 tam
3184 3471 3479 3528 insolentis
3499 3470 3649 3526 blas-

2062 3567 2292 3637 phemim
2321 3567 2665 3637 argumentis
2708 3566 2974 3635 egemus?
3014 3579 3118 3619 nec
3149 3563 3282 3617 illud
3317 3562 3497 3617 solum
3531 3559 3649 3614 suf-

2063 3660 2178 3714 ﬁcit
2208 3660 2388 3714 instar
2431 3660 2579 3728 cippi
2625 3658 2755 3712 huic
2784 3656 2993 3712 Christi
3022 3653 3410 3724 oppugnaturi,
3444 3650 3538 3721 qui
3576 3664 3646 3707 ex

2063 3752 2231 3807 dictis
2281 3752 2562 3822 prtrstruit
2610 3767 2719 3805 non
2764 3765 2887 3806 esse
2918 3748 3112 3811 Deum,
3149 3747 3241 3816 qui
3276 3746 3331 3799 in
3372 3741 3655 3816 principio.

2064 3854 2185 3899 erat
2238 3844 2478 3898 Verbum
2517 3842 2702 3898 Deus?
2733 3841 2875 3908 Quid
2925 3840 3096 3911 igitur
3123 3837 3365 3908 amplius
3415 3847 3661 3889 necesse.

2066 3946 2151 3993 est
2188 3937 2452 3991 adversus
2499 3935 2817 4004 hujusmodi
2863 3933 3152 3988 hmreticos
3205 3928 3514 4001 implicari?
3547 3941 3648 3983 ne-

2067 4045 2175 4098 que
2204 4028 2349 4082 enim
2389 4042 2514 4080 cum
2562 4026 2647 4079 his
2700 4025 2793 4095 qui
2837 4026 2986 4078 circa
3024 4024 3190 4089 idola,
3231 4030 3289 4076 et
3327 4034 3493 4090 super
3520 4032 3655 4073 aras

2066 4123 2299 4178 eﬂusum
2330 4134 2586 4174 cruorem
2620 4125 2984 4186 occupantur,
3029 4114 3190 4170 nobis
3221 4122 3303 4168 est
3338 4110 3649 4182 negotium,

2066 4230 2178 4268 non
2214 4211 2359 4283 quod
2396 4209 2641 4265 interitui
2673 4223 2890 4272 eorum,
2930 4207 3024 4277 qui
3068 4206 3265 4260 insano
3293 4203 3444 4258 cultu
3470 4200 3648 4255 idolo—

2070 4320 2192 4361 rum
2226 4312 2510 4364 tenentur,
2560 4301 2954 4367 assentiamur,
3009 4298 3105 4354 sed
3147 4297 3275 4367 quia
3307 4295 3529 4365 gravior
3573 4290 3651 4347 sit

2070 4412 2260 4452 eorum
2292 4394 2517 4448 morbus
2557 4406 2720 4461 quam
2753 4390 2934 4445 omnis
2966 4396 3156 4444 nostra
3185 4384 3441 4440 medendi
3479 4380 3642 4435 ratio.

388 4473 603 4527 κινῶδει
646 4473 810 4527 πάθει
864 4475 1290 4544 κεκρατημένων
1344 4476 1626 4546 ἄπρακτος
1670 4480 1704 4549 ἡ
1760 4480 1958 4549 ἰατρεία

2072 4485 2541 4554 Quemadmodum
2597 4483 2767 4552 igitur
2820 4480 3091 4535 idolorum
3140 4478 3347 4532 cultum
3404 4473 3649 4533 declarat

390 4565 563 4635 μένει,
589 4565 675 4618 διά
695 4566 756 4617 τὸ
789 4565 1136 4637 ὑπερισχύειν
1164 4566 1261 4637 τῆς
1284 4568 1479 4639 τέχνης
1504 4569 1601 4641 τὴν
1623 4572 1795 4627 νόσον.

2070 4580 2249 4648 ipsum
2277 4590 2437 4645 opus,
2470 4581 2527 4627 et
2555 4582 2945 4627 accusatorum
2970 4568 3240 4637 judicium
3266 4562 3511 4636 praeripit
3540 4560 3650 4616 cri-

386 4671 511 4710 men
542 4658 685 4725 quod
717 4660 769 4710 in
807 4657 974 4711 libera
1008 4659 1351 4712 contumacia
1380 4660 1646 4715 audenter
1674 4667 2068 4724 committitur:
2098 4668 2177 4724 sic
2205 4667 2441 4720 arbitror
2477 4664 2564 4717 hic
2594 4670 2851 4731 oportere
2882 4660 3101 4730 pietatis
3132 4667 3424 4727 patronum
3464 4652 3645 4707 conti-

388 4765 607 4804 cescere
650 4750 914 4804 adversus
939 4766 1062 4804 eum
1100 4751 1193 4820 qui
1237 4762 1431 4805 contra
1458 4754 1699 4824 seipsum
1735 4757 2069 4827 impietatem
2099 4760 2155 4813 in
2185 4757 2473 4829 propatulo
2503 4754 2856 4809 vociferatur.
2889 4748 3361 4818 Quemadmodum
3392 4749 3555 4803 etiam
3588 4746 3643 4801 in

389 4838 477 4893 bis
508 4839 599 4902 qui
630 4838 1003 4894 carcinomate
1035 4848 1163 4892 sunt
1183 4840 1416 4904 obsessi,
1437 4843 1584 4900 iners
1617 4853 1672 4899 et
1712 4847 2007 4904 iuoﬂiciosa
2031 4857 2215 4904 manet
2250 4847 2544 4905 medicina,
2575 4845 2701 4915 quia
2728 4845 2889 4899 docta
2927 4844 3049 4914 plus
3090 4843 3231 4896 valet
3259 4849 3379 4895 arte
3414 4842 3639 4894 malum.

461 4929 605 5000 Πλὴν
662 4930 846 4999 ἐπειδή
901 4947 953 4983 τι
994 4930 1132 4999 μετά
1184 4930 1254 4983 τά
1288 4934 1556 5003 εἰρημένα
1610 4940 1702 4991 καὶ
1761 4940 1967 5010 ἰσχυρό-

388 5036 545 5091 τερον
571 5019 964 5087 ἐπαγγέλλεται
987 5019 1184 5087 λέγειν,
1220 5020 1295 5085 ὼς
1316 5021 1380 5074 ἂν
1406 5023 1480 5094 μὴ
1509 5025 1657 5095 φόὸῳ
1680 5028 1785 5081 τῶν
1811 5031 1967 5083 δυνα-

388 5111 639 5181 τωτέρων
670 5110 992 5179 καθυφιέναι
1030 5112 1319 5182 δοκοίημεν
1357 5115 1454 5186 τὴν
1486 5118 1823 5189 ἀντίρῤησιν,
1865 5124 1965 5175 κά-

391 5204 535 5255 κεῖνο
561 5205 672 5265 τοῖς
707 5202 1017 5272 εἰρημένοις
1055 5205 1556 5274 προσεξετάσωμεν.
1594 5209 1768 5271 Ἔδει,
1813 5215 1963 5281 φησὶ,

392 5289 631 5343 πάντων
658 5290 975 5359 ἀφέμενον,
1009 5292 1109 5345 ἐπὶ
1142 5294 1247 5345 τὸν
1274 5295 1663 5363 ἰσχυρότερον
1698 5301 1966 5367 χωρῆσαι

392 5385 593 5451 λόγον.
644 5383 866 5436 Ἐκεῖνα
883 5383 1137 5452 φήσαιμι
1167 5384 1261 5447 ἂν,
1288 5387 1375 5439 ὅτι
1404 5389 1503 5441 καὶ
1524 5389 1641 5442 τῶν
1662 5393 1763 5444 ὑπ’
1781 5394 1967 5447 αὑτοῦ

392 5474 539 5542 πρὸς
568 5478 820 5544 ἔλεγχον
857 5477 1310 5544 προϐληθέντων
1356 5479 1651 5549 ὀνομάτων
1695 5484 1968 5551 λξιραδειο

394 5567 676 5635 χθέντων,
719 5567 899 5621 οὐδὲν
938 5563 1120 5637 ἧττον
1149 5569 1382 5637 ἀληθὴς
1414 5574 1448 5624 ὀ
1486 5573 1623 5641 παρ’
1654 5574 1822 5643 ἡμῶν
1856 5594 1966 5644 ερα-

394 5659 789 5727 ιη·ερωοήσεται
815 5663 1013 5731 λόγος.
1043 5662 1224 5729 Εἴπερ
1253 5665 1292 5730 ἡ
1323 5664 1681 5733 παραλλαγὴ
1718 5668 1832 5722 τῶν
1860 5667 1964 5733 τὰς

398 5748 695 5820 ἰδιότητας
732 5751 1147 5818 σημαινόντων
1179 5752 1483 5822 ὀνομάτων
1524 5754 1635 5823 τὴν
1666 5760 1965 5825 παραλλα-

2138 4938 2533 4993 Verumtamen
2578 4936 2840 5006 quoniam
2890 4942 3013 5004 post
3058 4948 3121 4987 ea
3151 4948 3274 5003 quae
3313 4932 3428 5001 jam
3460 4931 3529 4985 ab
3574 4946 3642 4986 eo

2062 5031 2206 5085 dicta
2235 5039 2382 5091 sunt,
2416 5028 2594 5082 adhuc
2624 5027 2832 5096 aliquid
2874 5027 3145 5081 valentius
3185 5026 3238 5079 in
3276 5027 3516 5079 medium
3550 5021 3649 5077 ad-

2066 5124 2356 5177 ducturum
2390 5137 2449 5176 sc
2482 5136 2605 5175 esse
2638 5121 2951 5189 pollicetur,
2986 5133 3055 5172 ne
3096 5124 3241 5171 metu
3272 5117 3644 5185 potentiorum

2062 5215 2351 5267 videamur
2373 5213 2866 5266 contradictionem
2891 5211 3172 5264 remittere
3193 5220 3245 5262 et
3273 5206 3645 5278 przevaricari,

2064 5302 2199 5359 illud
2230 5304 2395 5357 etiam
2429 5303 2663 5357 subinde
2691 5302 3147 5357 cxaminabimus.
3203 5300 3514 5368 Oportebat,
3562 5298 3649 5353 in-

2066 5396 2203 5465 quit,
2260 5396 2500 5449 omnibus
2561 5396 2797 5458 omissis,
2850 5394 2920 5448 ad
2970 5394 3310 5449 valentiorem
3365 5396 3629 5448 rationem

2068 5489 2259 5541 venire.
2297 5487 2405 5540 Illa
2453 5489 2632 5557 utique
2678 5488 2926 5551 dixerim,
2957 5486 3382 5559 quandoquidem
3419 5503 3539 5540 cum
3581 5502 3646 5539 ea

2065 5596 2181 5650 qua:
2214 5579 2277 5631 ab
2315 5580 2425 5647 ipso
2459 5583 2527 5633 ad
2558 5581 3013 5647 reprehensionem
3037 5592 3275 5636 nostram
3305 5581 3647 5635 adducuntur

2067 5673 2282 5724 nomina
2304 5682 2438 5726 recte
2461 5673 2831 5728 demonstrata
2866 5675 3084 5742 fuerint,
3112 5674 3457 5728 nihilominus
3493 5690 3644 5727 verus

2071 5772 2245 5819 noster
2274 5764 2706 5835 manifestabitur
2726 5783 2915 5823 sermo.
2944 5765 3213 5837 Siquidem
3236 5766 3503 5821 nominum
3526 5781 3643 5837 qua:
