4138 6364
532 304 639 363 ’255

1812 312 1867 365 S.
1911 312 2237 368 GREGORII
2266 310 2563 367 NYSSENI

3687 316 3793 372 756

532 422 876 490 proprietates
918 423 1222 492 signiﬁcant
1248 423 1567 492 dilferentia,
1602 443 1775 480 rerum
1817 431 1975 482 etiam
2012 429 2097 484 de«

2206 427 2322 497 τὴν
2366 429 2636 498 ἐμφαίνει
2675 427 2793 480 τῶν
2843 427 3221 497 πραγμάτων,
3266 428 3496 498 ἀνάγκη
3540 431 3616 499 δή
3667 449 3791 489 που

534 511 706 567 clarat
729 513 1162 581 discrepantiam,
1197 532 1401 571 necesse
1421 526 1499 571 est
1528 520 1712 585 procul
1741 519 1900 575 dubio
1924 537 2109 575 conce-

533 603 658 658 dere
695 606 854 658 etiam
886 622 977 675 per
1017 606 1371 675 differentiam
1403 612 1672 663 nominum
1702 628 1818 681 quae
1856 614 2109 667 essentias

534 696 1029 765 signi/icant,simul
1047 699 1405 754 demonstrari
1425 703 1771 755 essentiarum
1800 703 2107 758 discrimen.

536 789 704 856 Atque
730 788 826 842 hoc
850 791 905 842 in
935 778 1176 844 omnibus
1208 792 1286 844 ita
1312 808 1424 846 esse
1461 794 1579 863 quis
1619 795 1949 861 compererit,
1992 796 2111 850 dico

533 883 874 945 substantiis,
899 882 1221 942 actionibus,
1246 884 1536 948 coloribus,
1563 885 1748 954 ﬁguris
1765 894 1816 940 et
1838 886 1959 940 aliis
1980 903 2113 957 qua-

537 972 805 1037 litatibus,
832 975 1003 1044 ignem
1042 977 1201 1028 etiam
1228 985 1277 1029 et
1308 993 1502 1045 aquam
1534 977 1833 1044 differentes
1856 980 2110 1033 essentias

535 1066 802 1119 distinctis
841 1067 1286 1135 appellationibus
1331 1068 1715 1137 signiﬁcamus,
1741 1087 2015 1139 acremque
2060 1081 2109 1124 et

534 1167 753 1213 terram.
789 1158 1146 1230 frigidamque
1168 1168 1215 1212 et
1235 1158 1491 1223 calidum,
1517 1170 1565 1213 et
1592 1162 1769 1213 album
1800 1173 1848 1215 et
1879 1163 2105 1230 nigrum,

534 1248 612 1302 vel
668 1249 995 1319 triangulum
1044 1260 1093 1303 et
1138 1252 1446 1306 rotundum.
1496 1252 1639 1317 Quid
1678 1252 1817 1306 enim
1866 1269 1996 1322 opus
2032 1265 2109 1306 est

534 1338 688 1393 verba
717 1340 895 1408 facere
928 1341 995 1394 de
1040 1342 1415 1410 spiritualibus
1461 1344 1727 1405 essentiis,
1769 1359 1901 1412 quas
1935 1360 2110 1397 recen-

532 1448 652 1486 sens
698 1434 979 1501 Apostolus
1020 1450 1113 1503 per
1157 1435 1515 1504 di/ferentiam
1562 1436 1857 1499 nominum,
1910 1435 2109 1489 discre-

532 1526 775 1594 pantiam
827 1530 1177 1581 essentiarum
1224 1528 1425 1596 pariter
1468 1527 1798 1582 declaravit?
1831 1526 1965 1592 Quis
1997 1544 2106 1581 non

533 1613 885 1683 obstupuerit
916 1617 1185 1671 attonitus
1219 1615 1287 1669 ad
1333 1615 1471 1669 hanc
1508 1616 1984 1685 inexpugnabilem
2021 1631 2104 1667 ar-

533 1702 780 1766 gumenti
838 1702 983 1756 vim?
1035 1702 1218 1758 hercle
1251 1704 1262 1755 l
1295 1703 1717 1772 promissionem
1752 1713 1975 1772 superat
2018 1702 2107 1757 hic

532 1790 748 1841 sermo!
787 1789 1084 1843 terribilior
1129 1805 1261 1844 sane
1301 1791 1650 1844 minitatione
1694 1790 1784 1843 hic
1832 1791 2105 1844 conatus!

530 1877 611 1931 Ad
649 1877 958 1941 fortiorem,
1010 1879 1207 1949 inquit,
1238 1881 1453 1934 veniam
1504 1882 1791 1934 rationem.
1845 1880 2103 1946 Quantam

530 1967 648 2023 haec
690 1969 808 2023 est?
857 1967 1001 2039 quod
1052 1986 1175 2024 cum
1232 1986 1329 2041 per
1358 1970 1540 2024 omnia
1590 1986 1713 2040 quze
1742 1973 2105 2041 proprietates

528 2059 843 2129 signiﬁcant
898 2061 1295 2129 proprietatum
1347 2070 1722 2130 cognoscatur
1771 2061 2101 2124 dili‘erentia,

529 2165 758 2205 necesse
789 2158 906 2214 est,
958 2151 1157 2220 inquit,
1206 2154 1508 2208 concedere
1550 2155 1713 2208 etiam
1761 2154 2103 2209 dill‘erentias

540 2244 907 2299 essentiarum
966 2245 1019 2300 in
1087 2247 1370 2301 nominum
1429 2246 1757 2304 dill'erentiis
1830 2250 2100 2305 denotari.

530 2333 792 2399 Quaenam
833 2336 1000 2406 igitur
1030 2338 1112 2393 hae
1148 2347 1276 2392 sunt
1310 2340 1674 2394 essentiarnm
1707 2342 2101 2411 appellationes

527 2428 730 2496 quibus
760 2429 812 2482 in
841 2428 1002 2485 Patre
1028 2440 1080 2485 et
1118 2428 1256 2483 Filio
1293 2439 1504 2486 natura:
1540 2431 1833 2486 dissidium
1877 2432 2103 2487 demon-

528 2528 760 2572 stratum
778 2520 899 2574 est?
925 2522 1103 2592 ignem
1130 2521 1263 2576 dicit
1290 2530 1344 2577 et
1369 2538 1563 2593 aquam
1586 2531 1639 2577 ct
1682 2540 1884 2587 aerem,
1910 2533 1964 2578 ct
1991 2533 2103 2579 ter-

528 2624 666 2672 ram,
698 2609 1065 2681 frigidumqne
1096 2620 1151 2667 et
1178 2612 1445 2677 calidum,
1479 2614 1661 2668 album
1691 2625 1743 2669 et
1774 2616 2011 2686 nigrum,
2047 2626 2104 2672 et

526 2699 865 2770 triangulum
901 2710 955 2756 et
990 2702 1260 2757 circulum
1294 2723 1307 2758 :
1343 2704 1474 2760 vicit
1502 2705 1792 2774 exemplis,
1824 2709 2102 2776 superavit

524 2792 705 2846 valida
740 2795 1061 2865 potentique
1106 2796 1343 2860 ratione,
1386 2812 1566 2867 neque
1601 2798 1717 2864 ipse
1750 2799 2096 2861 contradico.

524 2886 1108 2953 perincommutabilia
1136 2890 1358 2942 nomina
1385 2889 1745 2944 diﬂ‘erentiam
1775 2900 2097 2945 naturarum

524 2979 972 3033 commonstrari.
1006 2977 1110 3033 Sed
1142 2979 1244 3032 hoc
1271 2981 1447 3034 solum
1475 2996 1585 3035 non
1613 2981 1749 3035 vidit
1782 2981 1869 3036 hic
1901 2994 2099 3038 acutus

2212 521 2545 588 συγχωρεῖν
2594 518 2693 571 καὶ
2744 516 2819 585 τῇ
2858 517 3217 587 ampullam?
3257 518 3374 570 τῶν
3429 521 3537 585 τὰς
3581 522 3797 587 οὐσίας

2213 617 2653 678 σημαινόντων,
2687 611 3199 678 συνεμφαίνεσθαι
3244 609 3355 676 τὴν
3401 612 3797 681 παραλλαγὴν

2178 708 2182 711 ’
2212 701 2329 755 τῶν
2362 701 2606 755 οὐσιῶν.
2658 700 2769 754 Καὶ
2807 701 2981 754 τοῦτο
3017 702 3115 754 ἐπὶ
3150 702 3393 756 πάντων
3431 705 3622 769 οὕτως
3649 705 3795 773 ἔχον

2210 794 2372 860 εὕροι
2397 810 2486 857 τις
2515 791 2611 850 ἂν.
2643 790 2797 862 λέγω
2829 792 2897 845 δὲ
2925 792 3173 857 οὐσιῶν,
3208 793 3533 863 ἐνεργειῶν,
3561 813 3792 865 χρωμα-

2210 900 2349 948 των,
2390 883 2739 952 σχημάτων,
2785 883 2904 937 τῶν
2941 886 3146 939 ἄλλων
3176 887 3525 955 ποιοτήτων.
3565 888 3691 955 Πῦρ
3729 907 3795 942 τε

2211 975 2319 1043 γὰρ
2345 974 2443 1028 καί
2473 975 2648 1042 ὕδωρ,
2676 974 2999 1043 διαφόρους
3021 977 3235 1042 οὐσίας
3262 979 3794 1047 παρηλλαγμένως

2209 1064 2589 1132 σημαίνομεν
2616 1064 3066 1132 προσηγορίαις,
3101 1065 3248 1132 ἀέρα
3278 1084 3340 1118 τε
3369 1067 3463 1119 καί
3493 1066 3628 1135 γῆν,
3674 1071 3793 1134 ψυ-

2209 1154 2357 1222 χρόν
2398 1170 2459 1205 τε
2496 1148 2573 1207 αὖ
2614 1154 2711 1206 καὶ
2752 1153 2987 1221 θερμὸν,
3031 1157 3255 1209 λευκόν
3296 1174 3359 1209 τε
3383 1158 3481 1210 καί
3503 1159 3716 1226 μέλαν,
3749 1160 3792 1224 ἦ

2208 1244 2498 1313 τρίγωνον
2524 1245 2621 1296 καί
2650 1243 2980 1313 περιφερές.
3013 1244 3078 1298 Τί
3102 1246 3211 1315 γὰρ
3238 1246 3333 1300 δεῖ
3352 1250 3483 1315 περὶ
3513 1249 3632 1302 τῶν
3654 1267 3792 1316 νοη-

2206 1332 2326 1387 τῶν
2351 1334 2552 1403 λέγειν
2572 1335 2814 1397 οὐσιῶν,
2848 1335 2920 1402 ἃς
2942 1336 3286 1406 καταλέγων
3318 1341 3352 1393 ό
3401 1340 3791 1405 Ἀπόστολος,

2210 1424 2285 1493 τῇ
2318 1424 2572 1494 διαφορᾷ
2611 1424 2730 1479 τῶν
2768 1425 3072 1495 ὀνομάτων
3111 1430 3227 1495 τὴν
3257 1432 3655 1499 παραλλαγὴν
3690 1431 3789 1484 ἐνι-

2205 1514 2392 1583 ἐφηνε
2425 1516 2542 1569 τῶν
2579 1516 2841 1582 οὐσιῶν;
2878 1518 2973 1581 Τίς
2999 1518 3097 1571 οὐκ
3132 1518 3197 1572 ἂν
3223 1521 3597 1591 καταπλαγείη
3655 1523 3792 1593 πρὸς

2204 1606 2303 1676 τὴν
2327 1606 2795 1675 ἀνανταγώνιστον
2819 1608 3023 1678 ταύτην
3050 1610 3143 1662 τοῦ
3179 1613 3607 1683 ἐπιχειρήματος
3638 1615 3791 1672 δυνα-

2209 1715 2334 1767 μιν;
2375 1698 2545 1769 Ὑπὲρ
2571 1700 2670 1770 τὴν
2696 1700 3028 1768 ἐπαγγελίαν
3051 1702 3078 1752 ὁ
3104 1701 3288 1769 λόγος·
3318 1703 3669 1776 φοϐερωτέρα
3691 1707 3790 1774 τῆς

2143 1788 2184 1841 Β
2213 1788 2502 1859 ἀπειλῆςὴ
2547 1793 2732 1859 πεῖρα.
2782 1793 2906 1844 Ἐπὶ
2946 1792 3037 1845 τὸν
3075 1792 3434 1866 ἰσχυρότερον,
3470 1797 3650 1865 φησὶν,
3675 1798 3791 1867 ἥξω

2205 1877 2312 1931 τῶν
2337 1878 2529 1947 λόγων.
2562 1880 2657 1943 Τίς
2688 1876 2838 1944 οὗτός
2862 1883 3042 1947 ὲστιν;
3083 1884 3204 1935 Ὅτι
3229 1883 3327 1953 τῆς
3351 1884 3457 1935 τῶν
3486 1885 3791 1955 ἰδιωμάτων

2204 1968 2464 2039 διαφορᾶς
2492 1970 2577 2022 διὰ
2598 1971 2705 2024 τῶν
2731 1974 3010 2041 ὀνομάτων
3033 1976 3446 2044 γινωσκομένης
3466 1976 3574 2028 τῶν
3599 1994 3793 2047 σημαιο

2205 2060 2402 2112 νόντων
2442 2061 2540 2125 τὰς
2588 2062 2886 2133 ἰδιότητας·
2938 2065 3150 2134 ἀνάγκη
3194 2065 3258 2135 δή
3307 2084 3407 2119 που
3463 2072 3786 2140 συγχωρεῖν,

2205 2152 2359 2221 φησι,
2392 2153 2605 2216 καὶτὰς
2641 2153 2748 2207 τῶν
2771 2155 2968 2207 οὐσιῶν
2995 2155 3259 2227 διαφορὰς
3299 2158 3356 2209 ὲν
3384 2160 3506 2221 ταῖς
3529 2159 3638 2212 τῶν
3665 2161 3785 2217 ὀνα-

2207 2243 2391 2313 μάτων
2426 2245 2804 2317 παραλλαγαῖς
2834 2247 3250 2318 ἑρμηνεύεσθαι.
3286 2249 3441 2313 Τίνες
3475 2247 3567 2304 οὖν
3602 2253 3657 2304 αἱ
3679 2252 3789 2307 τῶν

2203 2334 2399 2390 οὐσιῶν
2429 2339 2826 2408 προσηγορίαι,
2854 2338 2920 2391 δι’
2962 2333 3034 2394 ὧν
3062 2341 3153 2393 ἐπὶ
3188 2342 3399 2411 Πατρὸς
3426 2344 3519 2397 καὶ
3564 2344 3694 2397 Υἱοῦ
3726 2345 3791 2407 τὸ

2206 2428 2660 2499 παρηλλαγμένον
2705 2430 2956 2503 ἐδιδάχθη
3017 2432 3266 2501 φύσεωςς
3316 2434 3434 2506 Πῦρ
3490 2434 3637 2504 λέγει
3690 2437 3788 2492 καὶ

2205 2518 2369 2590 ὕδωρ,
2401 2520 2497 2573 καὶ⁹
2525 2520 2684 2591 ἀέρα,
2709 2524 2802 2575 καὶ
2827 2523 2951 2591 γῆν,
2982 2523 3188 2595 ψυχρόν
3217 2543 3275 2578 τε
3301 2528 3394 2579 καὶ
3424 2527 3643 2598 θερμὸν,
3667 2527 3788 2585 λευ-

2202 2605 2295 2660 κόν
2314 2624 2373 2660 τε
2398 2608 2491 2661 καὶ
2526 2609 2718 2679 μέλαν,
2744 2611 3008 2682 τρίγωνον
3037 2614 3132 2665 καὶ
3166 2615 3462 2687 περιφερές
3487 2631 3500 2645 ·
3533 2617 3785 2687 νενίκηκε

2201 2703 2312 2762 τοῖς
2354 2700 2767 2771 ὑποδείγμασινο
2802 2701 3071 2773 ὑπερέσχε
3105 2706 3246 2758 κατὰ
3286 2708 3486 2775 κράτος
3506 2706 3584 2777 τῷ
3608 2708 3781 2779 λόγῳ,

2201 2791 2320 2845 οὐδὲ
2343 2792 2451 2863 γὰρ
2481 2793 2643 2857 αὐτὸς
2675 2794 2963 2862 ἀντιλέγω,
2990 2795 3059 2849 τὰ
3080 2796 3170 2849 διὰ
3196 2798 3413 2852 πάντων
3444 2798 3785 2871 ἀκοινώνητα

2198 2880 2307 2935 τῶν
2331 2882 2608 2950 ὀνομάτων
2630 2883 2726 2955 τὴν
2755 2884 2862 2943 τῶν
2885 2885 3099 2954 φύσεων
3122 2887 3385 2958 διαφορὰν
3419 2891 3784 2944 συνενδείκνυο

2202 2971 2344 3025 σθαι.
2388 2973 2576 3033 ’Ἀλλά
2631 2975 2805 3029 ταῦτα
2873 2977 3033 3047 μόνον
3080 2980 3179 3031 οὐκ
3234 2975 3372 3031 εἶδεν
3424 2983 3452 3033 ὁ
3505 2981 3629 3047 ὀξὺς
3680 2983 3779 3036 καὶ

522 3076 579 3123 et
606 3070 889 3138 perspicax
929 3070 995 3122 ad
1025 3071 1443 3142 intelligendum
1480 3089 1493 3126 :
1528 3073 1679 3142 quod
1729 3073 1817 3128 hic
1857 3084 1911 3129 et
1938 3074 2097 3129 Pater

2199 3062 2503 3134 διορατικὸς
2535 3066 2631 3137 τὴν
2657 3066 2932 3131 διάνοιαν,
2991 3069 3071 3121 ὃτι
3125 3068 3358 3123 ἐνταῦθα
3402 3071 3429 3123 ὃ
3493 3089 3553 3123 τε
3596 3072 3782 3144 Πατὴρ

524 3162 692 3226 Deus,
731 3174 783 3217 et
836 3162 1007 3219 Filius
1056 3162 1219 3225 Deus,
1270 3164 1567 3233 iustusque
1613 3173 1667 3219 et
1717 3166 2092 3237 incorruptus,

2201 3133 2365 3219 Θεὸς,
2421 3157 2512 3209 καὶ
2552 3133 2736 3223 ὁνΥἰὸς
2782 3158 2933 3223 Θεὸς,
2994 3160 3201 3224 δίκαιός
3243 3179 3298 3215 τε
3354 3164 3447 3215 καὶ
3484 3133 3779 3235 ἄφθαρτος,

523 3265 578 3309 et
612 3256 796 3309 omnia
841 3255 1129 3325 theologia)
1160 3256 1382 3309 nomina
1409 3257 1694 3325 aqualiter
1737 3258 1804 3311 de
1841 3256 2000 3312 Patre
2043 3267 2098 3313 ct

530 3345 673 3399 Filio
706 3345 999 3411 dicuntur;
1032 3361 1202 3413 (litare
1242 3346 1286 3399 si
1331 3346 1625 3401 discrimen
1666 3349 2094 3417 appellationum

526 3437 887 3493 differentiam
912 3445 1231 3491 naturarum
1266 3438 1554 3507 signiﬁcat,
1579 3439 1947 3494 communitas
1974 3456 2088 3494 no-

523 3532 733 3585 minum
762 3529 1011 3583 essentia:
1046 3530 1490 3583 communionem
1535 3545 1764 3599 prorsus
1810 3530 2091 3585 indicabit.

522 3623 590 3677 Et
621 3623 666 3678 si
694 3622 1105 3677 concedendum
1144 3630 1229 3677 est
1255 3622 1497 3675 divinam
1538 3622 1835 3677 essentiam
1871 3638 1966 3692 per
1997 3638 2097 3677 no-

521 3716 671 3769 mina
704 3716 1028 3785 signiﬁcari,
1060 3714 1163 3770 has
1194 3715 1444 3770 excelsas
1477 3722 1531 3769 et
1562 3713 1673 3770 Deo
1704 3718 2096 3772 convenientes

520 3822 685 3868 voces
712 3806 909 3862 divinae
943 3817 1159 3861 naturze
1180 3807 1358 3876 magis
1386 3805 1631 3862 decuerit
1658 3808 2093 3871 accommodare,

518 3916 683 3969 quam
731 3899 898 3971 geniti
946 3906 999 3954 et
1046 3898 1273 3969 ingeniti
1336 3898 1896 3967 cognominationem.
1954 3899 2093 3965 Quia

519 3990 723 4044 bonum
763 3990 983 4059 quidem
1012 3998 1066 4043 et
1094 3991 1503 4058 incorruptum,
1532 3988 1743 4057 justum
1771 3998 1825 4042 et
1846 3988 2091 4057 sapiens,

517 4090 574 4138 et
610 4095 951 4157 quaecunque
1008 4090 1137 4134 sunt
1178 4080 1448 4149 ejusmodi
1484 4080 1586 4135 soli
1622 4080 1843 4149 proprie
1873 4088 1929 4134 et
1961 4096 2094 4135 con-

517 4174 800 4228 venienter
853 4172 1130 4242 superanti
1169 4186 1388 4225 onmem
1425 4178 1664 4226 mentem
1700 4178 1913 4227 natum
1953 4187 2089 4226 con-

519 4274 741 4341 gruunt.
796 4264 1051 4319 Genitum
1102 4278 1230 4317 vero
1266 4263 1441 4321 .etiam
1476 4278 1600 4316 cum
1646 4262 1731 4317 his
1778 4278 1900 4332 quae
1948 4264 2092 4318 inter

518 4355 810 4409 inferiores
857 4362 1139 4408 creaturas
1197 4361 1326 4406 sunt
1374 4353 1586 4416 viliora,
1645 4353 1881 4407 nominis
1930 4354 2095 4409 habet

520 4447 999 4512 communionem,
1031 4447 1299 4515 siquidem
1322 4460 1510 4498 canem
1541 4454 1595 4498 et
1638 4461 1823 4499 ranam
1854 4447 2089 4516 genitam

517 4540 780 4603 dicimus,
805 4546 858 4594 et
893 4538 1075 4591 omnia
1115 4553 1236 4606 qua:
1266 4553 1362 4607 per
1394 4536 1797 4607 generationem
1827 4537 1880 4589 in
1916 4537 2090 4592 lucem

514 4631 774 4686 eduntur.
817 4628 961 4696 Quin
1011 4630 1175 4683 etiam
1211 4628 1315 4682 hoc
1368 4643 1587 4689 nomen,
1613 4628 1940 4696 ingenitum,
1973 4643 2081 4683 non

524 4722 701 4777 solum
731 4722 798 4777 de
830 4702 896 4776 eo
927 4721 1072 4791 quod
1101 4722 1220 4774 sine
1252 4734 1419 4773 causa
1442 4719 1694 4774 subsistit
1729 4718 1953 4781 dicitur,
1993 4720 2086 4774 sed

522 4815 689 4868 etiam
724 4828 849 4867 cum
884 4829 948 4868 eo
978 4811 1122 4881 quod
1166 4826 1273 4865 non
1307 4809 1544 4874 exsistit,
1579 4810 1740 4864 habet
1778 4810 2089 4864 necessitu-

517 4902 737 4956 dinem:
765 4901 1041 4971 ingenitus
1071 4900 1234 4954 etiam
1266 4899 1468 4953 dicitur
1502 4900 1923 4970 scindapsus(a)
1956 4923 1965 4954 :
2003 4901 2086 4954 in-

514 4994 729 5061 genitus
750 5000 802 5046 et
823 4990 1184 5051 Minotaurus,
1216 4988 1395 5061 Scylla
1417 4998 1472 5044 et
1493 4990 1782 5055 Chimmra,
1807 5006 1915 5044 non
1942 4992 2086 5060 quod

517 5084 764 5154 ingenito
805 5082 968 5136 modo
1002 5100 1061 5137 se
1113 5082 1372 5145 habeant,
1426 5082 1520 5137 sed
1574 5082 1704 5149 quia
1756 5097 1825 5136 ne
1868 5083 2086 5151 quidem

515 5176 741 5230 omnino
782 5174 835 5227 in
883 5189 1066 5228 rerum
1108 5180 1303 5226 natura
1339 5173 1471 5227 sint.
1520 5171 1575 5226 Si
1612 5172 1778 5242 igitur
1816 5172 2087 5227 diviniora

516 5267 740 5321 nomina
770 5264 909 5319 Filio
943 5279 1066 5319 cum
1104 5263 1269 5319 Patre
1293 5272 1424 5319 sunt
1451 5260 1763 5317 communia
1782 5280 2078 5333 ,quaecun—

514 5372 623 5427 que
657 5366 836 5412 autem
870 5358 954 5410 vel
990 5371 1115 5410 cum
1153 5372 1220 5411 eo
1250 5356 1395 5426 quod
1443 5357 1668 5409 omnino
1707 5372 1815 5411 non
1845 5358 2085 5421 exsistit,

513 5450 599 5511 vel
627 5466 750 5504 cum
787 5450 1086 5507 humilibus
1117 5459 1171 5505 et
1194 5450 1424 5519 ahjectis
1448 5451 1685 5505 nominis
1714 5450 1913 5503 habent
1935 5466 2084 5503 com-

515 5546 856 5611 munionem,
902 5545 1015 5598 haec
1060 5543 1395 5612 discrepant.
1428 5542 1673 5598 BobuSta
1721 5558 1852 5598 sane
1881 5552 2075 5597 contra

2202 3247 2297 3299 καὶ
2334 3247 2510 3307 πάντα
2544 3250 2612 3306 τά
2656 3250 2757 3320 τῆς
2816 3251 3094 3320 θεολογίας
3146 3254 3385 3322 ὀνόματα
3411 3258 3549 3309 κατὰ
3575 3257 3635 3309 τὸ
3666 3255 3782 3311 ἴσον

2199 3339 2291 3391 ὲπί
2320 3357 2377 3392 τε
2408 3341 2618 3412 Πατρὸς
2656 3343 2748 3395 καὶ
2784 3343 2914 3396 Υἱοῦ
2958 3344 3203 3413 λέγεται·
3227 3345 3367 3398 ὥστε
3399 3348 3448 3399 εἰ
3475 3348 3536 3400 τὸ
3567 3350 3776 3419 παρηλ-

2198 3430 2469 3501 λαγμένον
2534 3432 2642 3485 τῶν
2696 3435 3076 3515 προσηγοριῶν
3104 3438 3201 3507 τὴν
3230 3437 3492 3510 διαφορὰν
3527 3440 3776 3509 σημαίνει

2198 3522 2307 3575 τῶν
2341 3523 2554 3590 φύσεων
2574 3541 2586 3554 ’
2620 3526 2654 3595 ἡ
2684 3525 2928 3596 κοινότης
2951 3525 3058 3585 τῶν
3076 3526 3355 3597 ὀνομάτων
3377 3532 3438 3582 τὸ
3472 3532 3647 3589 κοινὸν
3675 3532 3773 3601 τῆς

2198 3614 2385 3677 ούσίας
2437 3616 2652 3680 πάντως
2712 3616 3021 3683 ἐνδείξεται.
3078 3619 3187 3672 Καὶ
3240 3621 3288 3672 εί
3343 3620 3448 3692 χρὴ
3495 3622 3775 3676 συνθέσθαι

2198 3708 2294 3776 τὴν
2317 3707 2462 3760 θείαν
2488 3708 2675 3761 οὐσίαν
2702 3708 2767 3762 δι’
2795 3710 3074 3779 ὀνομάτων
3110 3710 3433 3783 μηνύεσθαι.
3470 3714 3676 3780 πρέπον
3710 3715 3776 3769 ἂν

2198 3799 2283 3871 εἴη
2308 3800 2405 3863 τὰς
2430 3800 2639 3870 ὑψηλὰς
2683 3801 2888 3864 ταύτας
2915 3803 3009 3855 καὶ
3048 3801 3368 3874 θεοπρεπεῖς
3395 3805 3577 3873 φωνὰς
3606 3807 3775 3877 ἐφαρ-

2200 3891 2385 3962 μόζειν
2405 3895 2472 3963 τῇ
2506 3894 2623 3965 θείᾳ
2646 3894 2805 3963 φύσει
2828 3894 3048 3964 μᾶλλον,
3076 3895 3109 3966 ἢ
3137 3896 3234 3969 τὴν
3263 3896 3354 3950 τοῦ
3383 3899 3643 3968 γεννητοῦ
3683 3901 3775 3954 καὶ

2196 3983 2491 4053 ἀγεννήτου
2543 3984 2878 4053 ἐπωνυμίαν.
2934 3985 3057 4038 ’Ότι
3115 3986 3177 4038 τὸ
3223 3987 3320 4057 μὲν
3364 3988 3565 4057 ἀγαθόν
3590 4008 3651 4043 τε
3683 3990 3774 4045 καὶ

2196 4074 2489 4145 ἄφθαρτον,
2526 4074 2733 4128 δίκαιόν
2748 4093 2807 4128 τε
2842 4076 2936 4129 καὶ
2968 4077 3150 4147 σοφὸν,
3184 4081 3276 4132 καὶ
3300 4080 3399 4136 ὅσα
3425 4082 3648 4139 τοιαῦτα
3677 4085 3769 4153 μό-

2199 4183 2264 4235 νῃ
2298 4165 2588 4236 προσφυῶς
2622 4169 2687 4237 τῇ
2731 4167 3070 4239 ύπερεχούσῃ
3108 4169 3282 4223 πάντα
3309 4172 3433 4223 νοῦν
3471 4173 3771 4244 ἐφαρμόζε-

2198 4275 2288 4317 ut
2320 4256 2499 4325 φύσει.
2558 4258 2630 4310 Τὸ
2671 4257 2728 4310 δὲ
2755 4258 3010 4328 γεννητὸν
3042 4260 3137 4313 καὶ
3184 4262 3318 4331 πρὸς
3360 4262 3429 4315 τὰ
3457 4263 3645 4335 εὐτελῆ
3676 4266 3771 4335 τῆς

2198 4349 2349 4403 κάτω
2386 4349 2617 4412 κτίσεως
2660 4349 2757 4420 τὴν
2808 4352 3126 4422 ὁμωνυμίαν
3174 4352 3316 4423 ἕχει·
3364 4356 3617 4424 γεννητὸν
3666 4358 3771 4427 γάρ

2200 4459 2381 4511 φαμεν
2421 4441 2514 4495 καὶ
2578 4441 2716 4494 κύνα
2775 4444 2867 4495 καὶ
2909 4442 3197 4514 βάτραχον,
3239 4447 3333 4499 καὶ
3357 4447 3533 4500 πάντα
3563 4449 3661 4501 ὅσα
3686 4450 3771 4504 διὰ

2201 4531 2507 4599 γεννήσεως
2531 4530 2643 4601 ἔχει
2666 4530 2762 4602 τὴν
2792 4532 3042 4603 πάροδον.
3061 4534 3219 4587 Ἀλλὰ
3245 4536 3338 4589 καὶ
3358 4537 3417 4590 τὸ
3443 4537 3771 4606 ἀγέννητον

2198 4622 2386 4691 ὄνομα,
2419 4623 2479 4675 οὐ
2502 4622 2660 4693 μόνον
2690 4622 2782 4675 ἐπὶ
2805 4622 2899 4675 τοῦ
2926 4622 3052 4677 ἄνευ
3081 4626 3259 4688 αἰτίας
3283 4627 3583 4694 ὑφεστῶτος
3614 4628 3768 4697 λέγε-

2196 4730 2309 4774 ται,
2340 4713 2474 4767 ἀλλά
2505 4714 2597 4766 καὶ
2652 4715 2786 4786 πρὸς
2836 4715 2897 4767 τὸ
2926 4716 3269 4787 ἀνύπαρκτον
3302 4717 3413 4788 ἔχει
3451 4719 3546 4789 τὴν
3572 4721 3767 4773 οἰκειό-

2196 4823 2363 4876 τητα·
2395 4807 2687 4878 ἀγέννητος
2723 4807 3055 4874 λέγεταικαὶ
3082 4812 3110 4862 ὀ
3132 4809 3441 4878 σκινδαψὸς·
3477 4811 3767 4882 ἀγέννητος

2193 4899 2220 4950 ὀ
2254 4896 2624 4968 Μινώταυρος,
2653 4901 2685 4970 ἡ
2718 4899 2947 4964 Σκύλλα,
2975 4903 3006 4969 ἡ
3043 4900 3307 4971 Χίμαιρα,
3342 4903 3400 4953 ού
3423 4902 3500 4971 τῷ
3533 4905 3765 4974 ἀγεννή-

2190 5005 2297 5051 τως
2322 4986 2480 5053 εἶναι,
2508 4990 2642 5043 ἀλλὰ
2663 4990 2740 5060 τῷ
2777 4990 2848 5061 μὴ
2868 4991 3119 5058 γενέσθαι
3143 4992 3297 5054 ὅλως.
3324 4993 3385 5045 Ei
3408 4990 3500 5046 οὖν
3532 4994 3597 5046 τά
3629 4995 3766 5047 θειόο

2189 5099 2324 5153 τερα
2364 5083 2473 5136 τῶν
2504 5084 2780 5152 ὀνομάτων
2795 5084 2946 5136 κοινά
2981 5082 3056 5153 τῷ
3080 5083 3192 5153 Υιῷ
3213 5084 3348 5152 πρὸς
3384 5084 3474 5136 τὸν
3505 5086 3721 5156 Πατέρα
3746 5101 3762 5115 ·

2189 5172 2259 5225 τὰ
2289 5174 2342 5226 δὲ
2366 5175 2463 5227 ὅσα
2488 5174 2521 5244 ἢ
2559 5175 2692 5245 πρὸς
2710 5175 2770 5227 τὸ
2807 5175 3170 5245 ἀνύπαρκτον,
3202 5176 3233 5245 ἢ
3265 5175 3398 5246 πρὸς
3428 5175 3497 5228 τὰ
3533 5177 3763 5230 ταπεινά

2189 5268 2286 5339 τὴν
2318 5269 2634 5339 ὁμωνυμίαν
2687 5269 2819 5338 ἔχει,
2849 5270 3021 5321 ταῦτα
3060 5269 3435 5340 παρήλλακται
3461 5285 3472 5296 ·
3502 5272 3532 5338 ἠ
3567 5270 3763 5339 ἰσχυρὰ

2192 5362 2285 5415 τοῦ
2316 5362 2575 5432 Εὐνομίου
2605 5362 2725 5414 καθ’
2752 5362 2906 5431 ἡμῶν
2950 5362 3305 5432 ἐπιχείρησις,
3340 5361 3474 5428 αὐτὴ
3506 5361 3760 5429 κρατύνει

2192 5453 2290 5521 τῆς
2345 5452 2597 5523 ἀληθείας
2652 5452 2712 5505 τὸ
2762 5452 2956 5522 δόγμα,
3011 5453 3278 5523 μηδεμίαν
3307 5448 3443 5505 εἶναι
3485 5454 3625 5504 κατὰ
3661 5453 3760 5521 τὴν

2194 5545 2352 5614 φύσιν
2388 5545 2649 5615 διαφορὰν
2709 5544 3074 5615 μαρτυροῦσα,
3103 5544 3188 5597 διὰ
3228 5545 3287 5596 τὸ
3323 5544 3452 5615 μηδὲ
3496 5546 3605 5606 τοῖς
3651 5545 3757 5597 6νό-

589 5724 667 5803 (q)
703 5723 1035 5803 Scindapsus
1078 5740 1184 5782 vox
1234 5724 1440 5794 fictilia,
1489 5742 1611 5809 qum
1652 5728 1788 5791 nihil
1841 5745 2030 5786 revera
2069 5728 2342 5790 exsistons
2376 5731 2668 5802 signiﬁcat,
2700 5738 2755 5783 ut
2779 5730 3145 5802 tragelaphus.
