4138 6364
424 271 525 327 737

1558 270 1839 328 CONTRA
1881 271 2275 337 EUNOMIUM,
2316 273 2444 329 ΗΒ.
2491 274 2602 332 VII.

3581 273 3682 330 758

422 388 552 460 μασί
576 403 697 439 τινα
722 385 1074 458 παραλλαγὴν
1107 385 1457 458 καθορᾶσθαι.
1501 387 1565 439 Et
1588 387 1645 440 δὲ
1671 389 1729 439 ὲν
1765 388 1841 458 τῷ
1876 405 2000 456 γεν..

2113 406 2207 446 nos
2247 389 2501 444 Eunomii
2551 389 2977 459 argumentatio,
3035 390 3153 461 ipsa
3191 388 3436 445 veritatis
3479 388 3682 459 dogma

417 478 565 551 νητῷ
605 479 709 532 καὶτ
734 479 1011 549 ἀγεννήτῳ
1045 479 1106 531 rb
1137 479 1392 549 διάφορον
1428 478 1525 547 τῆς
1558 479 1745 542 οὐσίας
1768 480 1995 541 τίθεται,

419 570 496 634 ὡς
523 570 600 640 τῷ
628 571 760 640 πυρὶ
791 570 885 623 καὶ
921 571 999 641 τῷ
1028 569 1179 624 ὕδατι
1197 587 1210 600 ·
1250 571 1344 623 καὶ
1381 571 1552 631 οὕτως
1580 570 1751 631 οἴεται
1783 572 1852 625 τὰ
1880 573 2000 625 ὀνό-

423 680 566 732 ματα
602 663 723 716 καθ’
743 662 1038 734 ὁμοιότητα
1080 663 1188 715 τῶν
1212 665 1269 716 ὲν
1299 666 1413 726 τοῖς
1434 663 1826 733 ὑποδείγμασιν
1852 667 2003 735 εἰρη-

422 755 599 825 μένων
653 754 975 818 διακείσθαι,
1042 753 1119 817 ὡς
1170 753 1248 823 τῷ
1277 754 1412 824 πυρὶ
1454 754 1547 807 καὶ
1574 754 1652 824 τῷ
1682 753 1834 807 ὑδατι
1866 753 2002 824 πρὸς

420 846 645 916 ἄλληλα,
681 846 844 901 πάλιν
897 845 1131 900 ἐνταῦθα
1182 846 1243 899 τὸ
1274 846 1499 917 φρικτὸν
1528 847 1627 916 τῆς
1655 845 2002 915 βλασφημίας

421 939 516 993 καὶ
566 938 895 993 σιωπώντων
927 937 1084 1010 ἡμῶν
1121 939 1584 1009 φανερωθήσεται.
1628 938 1702 991 Τὸ
1737 936 1849 1008 πῦρ
1894 935 2003 1007 γάρ

422 1031 517 1085 καὶ
547 1031 709 1102 ὕδωρ,
761 1030 1065 1103 φθαρτικὴν
1110 1033 1231 1085 κατ’
1263 1030 1509 1101 ἀλλήλων
1550 1030 1650 1101 τὴν
1675 1030 1837 1099 φύσιν
1867 1028 2000 1099 ἔχει,

422 1120 518 1175 καὶ
550 1123 680 1185 ῐσως
715 1121 972 1191 ἑκάτερον
1031 1122 1089 1173 ἐν
1119 1121 1198 1192 τῷ
1230 1122 1403 1193 ἑτέρῳ
1435 1121 1748 1193 γενόμενον,
1788 1123 1853 1191 τῇ
1886 1121 2004 1173 ὲπιι

422 1214 686 1284 κρατήσει
726 1212 819 1266 τοῦ
869 1212 1251 1278 πλεονάζοντος
1293 1213 1594 1283 φθείρεται.
1640 1214 1703 1266 Ei
1743 1209 1836 1266 οὖν
1863 1211 2006 1264 οὑτω

423 1305 697 1359 διεστάναι
725 1304 820 1358 τοῦ
850 1306 1146 1377 ἀγεννήτου
1182 1305 1281 1378 τὴν
1304 1305 1464 1374 φύσιν
1492 1305 1629 1377 πρὸς
1650 1306 1746 1376 τὴν
1774 1304 1867 1359 τοῦ
1899 1307 2007 1359 Μο-

421 1397 671 1465 νογενοῦς
697 1397 1030 1468 δογματίζει,
1067 1399 1283 1462 πάντως
1311 1398 1406 1451 καὶ
1430 1397 1529 1469 τὴν
1560 1397 2006 1469 φθαρτικὴνταύ-

421 1507 523 1558 την
550 1490 897 1561 ἐναντιότητα
937 1492 1004 1561 τῇ
1042 1490 1362 1561 παραλλαγῇ
1400 1490 1505 1542 τῶν
1533 1489 1730 1543 οὐσιῶν
1771 1490 2007 1560 ἐνυπάρ-

422 1596 540 1650 χειν
573 1580 714 1633 κατά
741 1580 802 1632 rb
824 1579 1112 1633 ἀκόλουθον
1132 1581 1344 1633 δίδωσιν
1363 1597 1377 1611 ’
1398 1580 1473 1642 ὡς
1493 1580 1807 1651 ἀσύμϐατον
1829 1582 2006 1635 αὐτῶν

421 1671 509 1724 διὰ
544 1670 735 1723 τούτου
776 1672 871 1723 καὶ
906 1670 1267 1742 ἀκοινώνητον
1303 1669 1441 1727 εἶναι
1470 1673 1569 1745 τὴν
1591 1672 1768 1743 φύσιν,
1809 1673 1900 1728 καὶ
1924 1676 2007 1728 ὲν-

2102 481 2428 544 conﬁrmat,
2484 480 2687 534 nullam
2726 495 2850 536 esse
2882 480 3185 539 secundum
3241 488 3496 534 naturam
3528 478 3686 533 diffe-

2102 576 2335 630 rentiam
2364 573 2688 635 testificaris,
2719 574 2847 643 quia
2881 573 2937 626 in
2963 572 3279 628 nominibus
3306 571 3454 626 nulla
3484 571 3684 624 immu-

2102 669 2260 731 tatio,
2314 668 2432 722 sive
2462 667 2837 736 discrepanlia
2875 680 3154 722 cernatur.
3202 665 3358 732 Quod
3398 664 3444 719 si
3496 664 3551 719 in
3598 665 3688 721 his

2102 761 2443 823 nominibus,
2476 759 2643 831 geniti
2682 760 2893 815 scilicet
2925 771 2980 814 et
3007 759 3259 829 ingeniti,
3286 757 3540 813 essentia:
3568 757 3689 812 dis.

2103 854 2313 909 crimen
2347 852 2752 922 ponitur,sicut
2789 850 2844 905 in
2874 851 2996 922 igne
3023 862 3077 906 et
3104 865 3275 921 aqua,
3307 850 3500 920 sicque
3534 855 3690 917 putat

2105 944 2352 1007 nomina,
2393 958 2490 1015 per
2535 943 2957 998 similitudinem
3005 958 3195 997 eorum
3249 957 3371 1013 qua:
3406 943 3460 996 in
3502 956 3691 997 exem—

2105 1034 2212 1106 plis
2242 1034 2390 1089 dicta
2432 1043 2582 1098 sunt,
2641 1034 2785 1089 inter
2838 1050 2898 1091 se
2949 1034 3116 1096 afﬁci,
3172 1033 3320 1088 sicut
3358 1034 3415 1087 in
3461 1033 3587 1103 igne
3635 1040 3690 1085 et

2106 1142 2249 1197 aqua
2285 1128 2426 1183 inter
2461 1144 2521 1183 se
2549 1128 2783 1183 invicem
2817 1147 2831 1183 :
2867 1143 3065 1184 rursus
3099 1127 3189 1181 hic
3219 1126 3507 1180 horribilis
3537 1124 3689 1179 blas-

2106 1220 2328 1289 phemia
2394 1222 2559 1275 etiam
2628 1221 2940 1277 tacentibus
2996 1221 3158 1276 nobis
3215 1218 3686 1275 manifestabitur.

2108 1310 2257 1382 Ignis
2291 1312 2435 1366 enim
2471 1321 2526 1367 et
2560 1312 3113 1393 aqua‘corruptivam
3157 1312 3303 1367 inter
3338 1327 3399 1367 se
3429 1320 3686 1366 naturam

2108 1403 2333 1467 habent,
2368 1414 2423 1459 et
2474 1396 2719 1461 fortasse
2754 1407 3079 1461 alterutrum
3118 1405 3173 1459 in
3215 1405 3389 1460 altero
3434 1404 3563 1457 dum
3593 1402 3688 1462 sit.

2108 1495 2338 1549 victoria
2381 1498 2767 1567 exsuperantis
2805 1500 3201 1568 corrumpitur.
3247 1496 3304 1550 Si
3344 1498 3509 1566 igitur
3541 1495 3691 1564 inge—

2110 1588 2209 1641 niti
2235 1599 2486 1643 naturam
2517 1604 2641 1644 cum
2667 1599 2862 1645 natura
2891 1588 3165 1661 Unigeniti
3193 1588 3461 1645 dissidere
3498 1588 3680 1648 docet,

2111 1682 2339 1735 omnino
2381 1681 2545 1736 etiam
2602 1682 2745 1738 hanc
2817 1684 3189 1752 corruptivam
3246 1681 3691 1736 contrarietatem

421 1762 763 1816 δαπανᾶσθαι
789 1763 868 1832 τῷ
889 1763 1057 1835 ἑτέρῳ
1078 1764 1139 1817 rb
1161 1764 1369 1835 ἕτερον,
1400 1768 1449 1818 εἰ
1471 1767 1527 1820 ὲν
1557 1765 1805 1837 ἀλλήλοις
1828 1766 2007 1836 ἀμφό-

2113 1771 2183 1826 ob
2223 1773 2587 1827 essentiarum
2646 1774 3006 1829 diﬂ‘erentiam
3067 1775 3249 1831 inesse
3294 1789 3360 1828 ex
3422 1786 3691 1826 consecu-

423 1872 558 1927 τερα
591 1857 623 1927 ἢ
657 1858 772 1927 μετ’
802 1856 1048 1928 ἀλλήλων
1076 1856 1338 1924 γένοιντο.

2111 1863 2263 1919 tione
2288 1865 2425 1919 dat:
2479 1865 2553 1919 ita
2590 1876 2647 1920 ut
2681 1874 2967 1937 propterea
2998 1873 3194 1921 natura
3234 1867 3476 1937 ipsorum
3514 1862 3683 1916 mini-

426 1962 514 2002 me
554 1946 847 2002 convenire
884 1956 939 2000 et
990 1944 1190 2001 sociari
1248 1946 1481 2016 possit,
1547 1947 1891 2017 alterumque
1949 1949 2018 2005 ab
2056 1951 2228 2008 altero
2282 1956 2639 2024 absumatur,
2689 1958 2736 2013 si
2774 1959 2829 2013 in
2879 1974 2938 2013 se
3013 1957 3248 2011 invicem
3304 1964 3537 2025 utraque
3604 1950 3691 2008 vel

426 2055 539 2094 una
561 2040 726 2093 simul
757 2038 982 2093 fuerint.

498 2127 621 2191 Πῶς
641 2124 732 2183 οὖν
766 2131 822 2182 ὲν
850 2129 928 2200 τῷ
955 2130 1129 2202 Πατρὶ
1149 2132 1178 2184 6
1211 2130 1359 2197 Υἱὸς,
1382 2131 1476 2184 καὶ
1500 2129 1561 2183 ού
1591 2130 1887 2203 φθείρεται,
1910 2132 2004 2185 καὶ

429 2220 546 2283 πῶς
573 2222 629 2273 ὲν
658 2220 735 2291 τῷ
762 2221 875 2292 Υἱῷ
897 2223 926 2275 6
944 2222 1134 2293 Πατὴρ
1174 2222 1271 2287 ὦν,
1311 2224 1389 2286 εἰς
1413 2222 1475 2276 rb
1513 2222 1754 2292 διηνεκὲς
1792 2223 2006 2292 ἀντέχει

433 2312 507 2382 μὴ
559 2312 963 2384 δαπανώμενος,
1012 2314 1169 2386 εἴπερ
1212 2316 1246 2386 ή
1278 2313 1373 2368 τοῦ
1399 2315 1570 2387 πυρὸς
1594 2314 1730 2385 πρὸς
1771 2314 1828 2366 τὺ
1862 2312 2008 2385 ὕδωρ

433 2404 631 2476 ίδιότης
664 2407 757 2460 καὶ¹
789 2409 847 2461 ἐν
875 2410 942 2479 τῇ·
980 2407 1074 2460 τοῦ
1120 2406 1377 2478 γεννητοῦ
1428 2407 1564 2478 πρὸς
1612 2406 1672 2460 rb
1715 2407 2008 2477 ἀγέννητον

428 2496 751 2562 διασώζεται
799 2500 1002 2570 σχέσει,
1053 2499 1234 2563 καθώς
1265 2516 1428 2571 φησιν
1458 2502 1487 2552 ὁ
1523 2499 1821 2569 Εὑνόμιος;
1869 2498 2007 2552 Ἀλλ’

433 2587 558 2641 οὔτε
584 2590 687 2660 γῆς
717 2590 853 2661 πρὸς
878 2590 1016 2660 ἀέρα
1042 2591 1324 2645 κοινωνίαν
1353 2593 1380 2644 6
1406 2591 1561 2659 λόγος
1593 2591 1777 2661 βλέπει
1802 2608 1816 2624 ο
1853 2592 1885 2660 ἡ
1914 2590 2011 2660 μὲν

436 2680 565 2753 γάρ,
586 2681 819 2752 σταθερά
834 2683 927 2736 καὶ
951 2682 1216 2754 ἐμϐριθὴς
1238 2684 1331 2736 καὶ
1346 2683 1635 2746 ἀντίτυπος
1652 2683 1745 2736 καὶ
1769 2698 2012 2750 κατωφε-

436 2773 535 2847 ρὴς
568 2774 662 2827 καὶ
688 2773 899 2845 βαρεῖα,
921 2774 1000 2844 τῷ
1017 2774 1074 2828 δὲ
1101 2774 1225 2847 ἀέρι
1251 2775 1315 2828 ὲκ
1346 2774 1455 2827 τῶν
1485 2774 1740 2828 ἐναντίων
1763 2776 1796 2845 ἡ
1828 2772 2009 2844 φύσις.

444 2868 675 2938 Ὁμοίως
696 2869 756 2921 rb
776 2867 967 2920 λευκὸν
991 2866 1083 2919 καὶ
1097 2867 1158 2919 rb
1183 2866 1348 2937 μέλαν
1370 2868 1426 2918 ἐν
1447 2868 1513 2937 τῇ
1545 2865 1874 2935 ὲναντιότητι
1897 2866 2009 2919 τῶν

432 2961 736 3031 χρωμάτων
756 2960 1088 3030 εὑρίσκεται.
1122 2959 1229 3012 Καὶ
1250 2958 1327 3028 τῷ
1352 2957 1603 3029 τριγώνῳ
1627 2957 1688 3009 τὸ
1717 2958 2011 3028 περιφερὲς

436 3054 511 3124 μὴ
534 3052 728 3106 ταὺτδν
754 3047 890 3106 εῖναι
915 3051 1236 3104 συντίθεται·
1256 3051 1430 3103 ἐκεῖνο
1446 3050 1553 3120 γάρ
1573 3051 1721 3103 ἐστιν
1748 3050 2007 3120 ἑκάτερον

432 3147 492 3198 ὲν
522 3145 601 3216 τῷ
625 3145 766 3214 λόγῳ
798 3144 890 3197 τοῦ
926 3145 1223 3214 σχήματος,
1252 3144 1389 3214 ὅπερ
1413 3142 1513 3196 οὑκ
1542 3142 1656 3195 ἐστι
1694 3141 1756 3193 rb
1802 3142 2008 3212 ἕτερον.

445 3237 568 3290 Ἐπὶ
611 3235 667 3289 δὲ
717 3235 851 3289 Θεοῦ
880 3234 972 3288 τοῦ
1010 3234 1241 3306 Πατρὸς,
1269 3235 1366 3288 καὶ
1396 3234 1531 3287 Θεοῦ
1556 3232 1650 3286 τοῦ
1673 3232 2013 3300 Μονογενοῦς

432 3330 587 3385 Υἰοῦ,
619 3329 760 3382 κατά
793 3330 845 3382 τί
896 3329 1080 3398 βλέπει
1114 3328 1211 3400 τὴν
1251 3327 1582 3391 ἐναντίωσιν,
1614 3326 1711 3397 οὐχ
1752 3325 2011 3395 εὑρίσκω.

444 3420 742 3489 Ἀγαθότης
766 3420 884 3490 μία,
905 3419 1083 3488 σοφία,
1102 3418 1434 3487 δικαιοσύνη,
1462 3418 1743 3488 φρόνησις,
1762 3417 2010 3487 δύναμις,

432 3515 731 3586 ἀφθαρσία,
754 3513 821 3567 τὰ
843 3514 975 3569 ἄλλα
1016 3512 1193 3568 πάντα
1217 3514 1319 3566 ὅσα
1340 3515 1439 3584 τῆς
1466 3511 1673 3582 ὑψηλῆς
1696 3512 1811 3563 ἐστι
1837 3527 1901 3580 ση
1911 3526 2014 3580 μα-

436 3610 576 3676 σίας,
611 3608 695 3677 ἐφ’
720 3608 976 3679 ἐκατέρου
1008 3603 1269 3668 ὡσαύτως
1307 3604 1542 3673 λέγεται,
1560 3604 1865 3674 καὶτρόπον
1891 3601 2014 3655 τινὰ

435 3704 491 3754 ἐν
515 3700 591 3771 τῷ
616 3701 787 3773 ἑτέρῳ
812 3699 872 3753 rb
892 3699 1076 3769 ἕτερον
1110 3695 1208 3767 τὴν
1245 3697 1396 3767 ἰσχὺν
1425 3696 1555 3765 ἔχει.
1588 3696 1656 3747 "0
1678 3712 1736 3747 τε
1768 3693 1878 3765 γὰρ
1908 3696 2015 3748 Πα-

435 3794 537 3864 τὴρ
561 3792 649 3847 διὰ
670 3792 762 3845 τοῦ
795 3790 928 3845 Υίοῦ
957 3792 1027 3845 τὰ
1054 3790 1229 3843 πάντα
1255 3790 1415 3852 ποιεῖ,
1450 3790 1478 3841 ὅ
1508 3804 1565 3840 τε
1594 3786 1901 3855 Μονογενὴς
1925 3784 2015 3838 δύ-

434 3903 597 3958 ναμις
620 3885 695 3939 ὢν
720 3884 813 3938 τοῦ
844 3885 1075 3954 Πατρὸς,
1108 3884 1166 3936 ὲν
1186 3880 1363 3951 ἐαυτῷ
1384 3880 1443 3932 rb
1468 3881 1576 3933 πᾶν
1598 3879 2010 3949 κατεργάζεται.

436 3982 568 4034 Τίνα
588 3979 766 4033 τοίνυν
799 3977 986 4049 χρείαν
1017 3976 1215 4048 πληροῖ
1252 3973 1362 4045 πῦρ
1389 3990 1449 4026 τε
1493 3974 1586 4025 καὶ
1610 3971 1752 4041 ὕδωρ
1775 3971 1855 4033 είς
1880 3971 2016 4023 ἀπό-

433 4074 600 4140 δειξιν
644 4072 742 4142 τῆς
791 4070 882 4122 ἐπὶ
906 4068 1035 4123 Υίοῦ
1059 4086 1118 4121 τε
1150 4068 1244 4121 καὶ
1272 4065 1482 4137 Πατρδς
1522 4065 1661 4117 κατὰ
1692 4065 1789 4135 τὴν
1828 4064 2015 4117 οὐσίαν

434 4164 863 4236 ἀλλοτριότητος,
905 4160 1001 4214 καὶ
1030 4160 1114 4223 τίς
1140 4162 1167 4213 6
1201 4158 1417 4229 ἰσχυρὸς
1456 4158 1660 4219 ἐκεῖνος
1705 4156 1799 4209 καὶ
1844 4156 2015 4227 ἁπόρο

440 4261 599 4329 ῥητος
620 4255 795 4323 λόγος,
818 4256 845 4307 6
859 4252 945 4305 διὰ
965 4250 1168 4303 τούτων
1198 4248 1647 4318 ἀποδεικνύμενος
1670 4264 1684 4311 ;
1720 4246 1878 4300 ’Λλλά
1896 4246 2017 4301 τολ-

442 4348 650 4421 μηροὺς
676 4347 821 4419 ἡμᾶς
838 4342 1086 4415 ὀνομάζει
1107 4342 1203 4412 τήν
1222 4356 1281 4394 τε
1300 4338 1396 4409 τῆς
1428 4338 1638 4408 φύσεως
1660 4338 1882 4410 ἑνότητα
1915 4340 2015 4412 (a),

2182 2132 2465 2200 Quomodo
2488 2134 2653 2203 igitur
2686 2135 2738 2189 in
2773 2133 2932 2190 Patre
2962 2132 3136 2189 Filius
3159 2149 3267 2188 non
3295 2130 3689 2201 corrumpitur,

2112 2230 2167 2278 et
2194 2224 2467 2294 quomodo
2505 2224 2664 2279 Pater
2708 2224 2802 2294 qui
2844 2232 2928 2279 est
2978 2225 3031 2279 in
3076 2223 3212 2279 Filio
3268 2223 3323 2277 in
3371 2229 3691 2292 perpetuum

2114 2314 2322 2369 resistit
2350 2330 2460 2369 non
2508 2315 2854 2383 absumptus,
2884 2312 3152 2383 siquidem
3200 2312 3505 2382 proprietas
3551 2310 3694 2381 ignis

2115 2410 2179 2464 ad
2220 2424 2438 2480 aquam,
2476 2410 2639 2465 etiam
2669 2409 2724 2463 in
2752 2423 2817 2463 ea
2839 2423 2959 2478 quae
2987 2416 3073 2463 est
3093 2406 3259 2478 geniti
3279 2420 3403 2460 cum
3456 2404 3697 2475 ingenito

2112 2501 2376 2557 relatione
2404 2509 2674 2563 servatur,
2701 2501 2843 2557 sicut
2872 2500 2947 2554 ait
2978 2499 3318 2555 Eunomius?
3347 2498 3455 2554 Sed
3510 2513 3692 2568 neque

2108 2608 2228 2649 eam
2258 2608 2377 2663 qum
2409 2600 2492 2649 est
2519 2601 2679 2648 terrae
2709 2608 2832 2647 cum
2884 2608 3009 2648 aere
3035 2593 3478 2647 communionem
3512 2606 3697 2645 sermo

2109 2692 2342 2754 spectat,
2367 2684 2636 2754 siquidem
2676 2693 2821 2738 terra
2873 2683 3107 2746 stabilis,
3166 2683 3366 2745 solida,
3423 2682 3692 2747 renitens,

2108 2773 2313 2844 gravis,
2360 2774 2616 2828 deorsum
2663 2771 2913 2835 tendens,
2947 2773 3061 2826 aeri
3112 2786 3241 2826 vero
3268 2788 3335 2826 ex
3394 2770 3696 2828 contrariis

2114 2874 2309 2919 natura
2345 2864 2506 2919 inest.
2539 2862 2803 2919 Similiter
2826 2863 3007 2917 album
3041 2873 3096 2916 et
3120 2862 3334 2932 nigrum
3365 2862 3418 2916 in
3446 2863 3708 2917 colorum.

2116 2956 2507 3009 contrarietate
2538 2953 2832 3008 invenitur.
2868 2951 2935 3005 Et
2958 2951 3224 3005 circulum
3264 2967 3387 3005 cum
3420 2953 3694 3022 triangula

2116 3060 2222 3099 non
2262 3045 2401 3099 idem
2426 3060 2547 3099 esse
2570 3042 2927 3098 consentitur.
2958 3040 3095 3096 Illud
3147 3042 3292 3097 enim
3351 3050 3436 3096 est
3492 3043 3696 3095 alteru-

2117 3148 2257 3193 trum
2290 3139 2343 3192 in
2372 3138 2586 3193 ratione
2621 3137 2825 3207 ﬁgurae,
2856 3137 2999 3206 quod
3052 3151 3163 3190 non
3206 3146 3291 3191 est
3323 3136 3573 3190 alterum.
3626 3138 3696 3188 At

2117 3231 2171 3285 in
2200 3230 2309 3285 Deo
2337 3230 2497 3285 Patre
2524 3240 2578 3287 et
2607 3230 2717 3285 Deo
2749 3231 3028 3300 unigenito
3057 3229 3196 3283 Filio
3220 3229 3521 3283 secundum
3562 3228 3692 3297 quid

2114 3326 2555 3380 contrarietatem
2591 3325 2815 3393 respicit
2845 3338 2951 3377 non
2982 3323 3201 3377 invenio
3232 3339 3246 3376 :
3297 3337 3404 3376 una
3456 3321 3692 3386 bonitas,

2113 3416 2401 3485 sapientia,
2430 3415 2669 3484 justitia,
2718 3415 3030 3484 prudentia,
3088 3414 3357 3484 potentia,
3414 3413 3696 3466 innnorta-

2114 3509 2239 3562 litas
2269 3516 2323 3563 et
2360 3508 2465 3560 alia
2490 3508 2672 3561 omnia
2701 3522 3042 3577 quaecunque
3074 3513 3203 3562 sunt
3232 3506 3467 3561 excelsa
3524 3504 3695 3575 signi-

2114 3600 2366 3660 ﬁcantia,
2402 3600 2456 3653 in
2486 3607 2717 3668 utroque
2746 3598 2936 3653 eodem
2978 3598 3140 3653 modo
3170 3597 3449 3661 dicuntur,
3484 3605 3539 3650 et
3557 3612 3697 3667 quo-

2113 3694 2236 3747 dam
2277 3694 2438 3747 modo
2470 3692 2524 3745 in
2559 3692 2732 3746 altero
2765 3692 2994 3746 alterum
3028 3691 3197 3745 robur
3238 3689 3424 3745 habet.
3483 3688 3619 3743 Nam
3644 3696 3699 3742 ct

2114 3786 2273 3841 Pater
2291 3802 2385 3855 per
2412 3784 2607 3840 Filium
2639 3785 2819 3839 omnia
2852 3783 3003 3845 facit,
3025 3792 3078 3837 et
3102 3781 3444 3854 Unigenitus,
3471 3798 3594 3837 cum
3626 3783 3698 3837 sit

2113 3878 2293 3933 Patris
2308 3878 2568 3947 potentia,
2591 3879 2645 3932 in
2670 3877 2788 3946 ipso
2814 3886 3012 3931 cuncta
3039 3882 3314 3945 cperatur.
3339 3875 3511 3945 Quam
3536 3875 3699 3945 igitur

2112 3975 2286 4029 vicem
2320 3975 2543 4045 implent
2591 3975 2733 4044 ignis
2778 3983 2834 4027 et
2867 3990 3008 4044 aqua
3059 3976 3123 4028 ad
3163 3974 3688 4029 demonstrationem

2114 4065 2235 4136 ejus
2263 4080 2383 4134 quae
2408 4075 2492 4119 est
2522 4064 2575 4119 in
2604 4063 2740 4119 Filio
2769 4071 2824 4119 et
2856 4063 3016 4117 Patre
3050 4064 3351 4119 secundum
3401 4063 3695 4120 essentiam

2116 4156 2497 4211 diversitatis?
2540 4171 2789 4225 quanam
2819 4156 3045 4211 robusta
3078 4156 3167 4209 illa
3201 4164 3255 4210 et
3298 4154 3698 4225 inexpugnabi-

2117 4249 2187 4305 lis
2223 4250 2385 4315 ratio,
2408 4264 2529 4318 quze
2560 4265 2654 4319 per
2674 4249 2790 4303 htec
2815 4248 3267 4329 demonstratur?
3307 4247 3413 4303 Sed
3450 4263 3550 4302 nos
3599 4263 3697 4300 an-

2117 4342 2283 4396 daces
2334 4340 2575 4395 nominat
2629 4337 2720 4406 qui
2777 4347 2832 4391 et
2886 4349 3091 4394 naturae
3135 4342 3429 4405 unitatem,
3468 4351 3524 4395 et
3567 4357 3694 4411 per-

439 4441 531 4493 κα)⁸
572 4438 668 4510 τὴν
695 4436 803 4489 τῶν
845 4432 1194 4488 ὑποστάσεων
1234 4428 1495 4500 διαφορὰν
1535 4430 2009 4499 παραστήσαντας,

2118 4448 2375 4489 sonarum
2430 4431 2788 4486 differentiam
2837 4432 3158 4496 astruimus,
3225 4442 3281 4488 et
3328 4435 3514 4503 gravia
3562 4434 3698 4488 dicit

438 4534 533 4586 καὶ
564 4529 714 4585 δεινά
746 4544 879 4599 φησι
906 4526 1033 4595 παρ’
1060 4522 1218 4595 ἡμῶν
1248 4520 1570 4592 τολμᾶσθαι,
1604 4523 1651 4573 εί
1672 4522 1785 4582 τοῖς
1812 4519 2016 4582 ὑλικοῖς

438 4619 798 4687 ὑποδείγμασι
829 4617 895 4686 τῇ
922 4614 1029 4666 τῶν
1045 4610 1249 4681 νοητῶν
1266 4610 1468 4681 θεωρίᾳ
1488 4608 1578 4662 τὸν
1598 4608 1752 4677 λόγον
1773 4608 2013 4678 προάγο-

442 4729 559 4782 μεν.
601 4707 791 4771 Καλῶς
817 4709 846 4761 6
868 4704 1159 4776 διορθωτὴς
1180 4703 1286 4756 τῶν
1312 4700 1593 4773 ἡμετέρων
1622 4698 1977 4770 πταισμάτων
1997 4716 2011 4730 ο

439 4804 618 4865 καλῶς
640 4799 887 4854 ὲπικαλεῖ
915 4797 1014 4869 τὴν
1057 4796 1259 4867 τόλμαν
1310 4795 1441 4865 ἡμῖν
1477 4796 1591 4857 τοῖς
1636 4792 1699 4845 rb
1730 4791 1885 4845 Θεῖον
1923 4791 2013 4845 διὰ

436 4893 546 4953 τῶν
578 4891 777 4945 ύλικῶν
808 4887 1186 4962 ἑρμηνεύουσι.
1218 4885 1282 4939 Τί
1312 4880 1404 4938 οὖν
1441 4882 1701 4954 περὶτῶν
1736 4882 2015 4953 στοιχείων

438 4990 604 5059 ἐρεῖς,
628 4988 656 5039 ὁ
685 4984 941 5055 σταθερός
967 4999 1027 5035 τε
1047 4981 1143 5035 καὶ
1163 4978 1629 5052 περιεσκεμμένος
1656 4996 1672 5045 ;
1706 4979 1900 5032 Ἀὖλον
1916 4978 2013 5047 τὴν

439 5080 562 5149 γῆν,
594 5076 783 5148 νοητὸν
816 5075 875 5127 rb
912 5073 1043 5145 πῦρ,
1075 5072 1366 5142 ἀσώματον
1392 5071 1453 5124 rb
1474 5069 1639 5140 ὕδωρ,
1675 5069 1779 5136 ἔξω
1797 5073 1896 5140 τῆς
1926 5072 2011 5123 αὶ-

443 5168 643 5240 σθητῆς
672 5165 1004 5237 ἀντιλήψεως
1035 5163 1126 5217 τὸν
1154 5164 1309 5234 ἀέρα.
1347 5161 1503 5215 Οὒτω
1535 5162 1889 5215 συντέτακταί
1933 5181 2014 5216 σοι

441 5261 577 5335 πρὸς
601 5261 691 5314 τὸν
737 5258 1000 5327 σκοπὸνή
1044 5257 1272 5319 διάνοια,
1328 5255 1470 5308 οὕτω
1508 5256 1843 5325 πανταχόθεν
1892 5254 2016 5319 ὀξυ-

440 5354 627 5416 ωπεῖς,
669 5351 907 5422 ἄληπτον
948 5351 1060 5411 τοῖς
1106 5344 1582 5415 ἀντιτεταγμένοις
1622 5345 1885 5414 διεξάγων
1923 5347 2015 5400 τὸν

440 5446 617 5514 λόγον,
657 5443 732 5505 ὡς
754 5443 826 5512 μὴ
851 5442 1065 5512 βλέπειν
1081 5443 1137 5493 ἐν
1159 5438 1366 5507 σεαυτῷ
1396 5438 1464 5491 τὰ
1490 5438 1629 5491 κατὰ
1651 5438 1757 5491 τῶν
1781 5455 2015 5509 κατηγο-

446 5535 720 5607 ρουμένων
782 5533 1137 5601 ἐγκλήματα;
1171 5532 1243 5583 Ἦ
1276 5530 1359 5582 σοὶ
1415 5531 1511 5600 μὲν
1535 5530 1623 5582 διὰ
1648 5532 1746 5602 τῆς
1780 5530 1912 5601 ὕλης
1954 5533 2013 5584 rb

2125 4539 2226 4578 nos
2257 4522 2482 4584 audere,
2516 4523 2564 4576 si
2606 4524 2981 4578 materialibus
3008 4524 3273 4594 exemplis
3322 4524 3390 4578 ad
3442 4524 3700 4594 intelligi-

2122 4613 2311 4668 bilium
2337 4612 2851 4682 contemplationem
2877 4629 3185 4668 sermonem
3209 4615 3555 4685 appellimus.
3592 4614 3700 4667 No-

2119 4714 2359 4763 strorum
2401 4713 2706 4760 erratorum
2756 4706 3006 4777 egregius
3040 4716 3323 4761 corrector
3348 4707 3591 4761 audacia:
3644 4716 3699 4762 et

2123 4800 2446 4856 temeritatis
2472 4814 2572 4854 nos
2622 4809 2870 4862 accusat,
2920 4800 3066 4868 quod
3137 4800 3379 4855 divinam
3441 4812 3697 4857 naturam

2121 4891 2497 4946 materialibns
2537 4891 2802 4959 exemplis
2848 4893 3207 4962 explicemus.
3261 4893 3400 4957 Quid
3435 4895 3602 4964 igitur
3630 4894 3700 4948 de

2118 4984 2405 5038 elementis
2432 4983 2585 5038 dices
2606 4983 2699 5052 qui
2739 4983 2811 5037 ita
2840 4985 3032 5038 firmus
3064 4999 3124 5039 es
3152 4995 3206 5040 et
3231 4985 3700 5055 circumspectus?

2119 5075 2534 5130 immaterialem
2575 5082 2803 5138 terram,
2832 5076 3011 5145 ignem
3041 5084 3223 5131 mente
3262 5078 3693 5147 perceptibilem,

2120 5183 2315 5237 aquam
2366 5168 2763 5238 incorpoream,
2795 5184 2975 5224 aerem
3010 5178 3165 5224 extra
3194 5170 3506 5226 sensibilem
3548 5186 3699 5225 cem-

2122 5260 2560 5330 prcbensionem.
2596 5260 2689 5317 Sic
2716 5262 2783 5316 ad
2806 5277 3033 5332 scopum
3057 5261 3153 5316 tibi
3186 5263 3437 5318 ordinata
3481 5272 3566 5318 est
3614 5263 3697 5316 in-

2118 5354 2443 5424 telligentia,
2477 5355 2557 5408 sic
2585 5354 2827 5423 undique
2856 5363 3015 5410 acute
3053 5356 3236 5410 cernis
3272 5355 3695 5424 incomprehen-

2121 5462 2241 5501 sum
2274 5446 2607 5500 adversariis
2631 5445 2868 5501 educens
2903 5461 3235 5508 sermonem,
3262 5452 3321 5499 ut
3352 5460 3462 5499 non
3504 5444 3693 5501 videas

2121 5538 2173 5590 in
2238 5545 2291 5591 te
2319 5537 2436 5606 ipso
2466 5537 2693 5591 crimina
2738 5552 2860 5608 qua:
2889 5535 2999 5592 reis
3027 5534 3406 5608 objiciuntur?
3461 5534 3542 5589 An
3592 5536 3692 5591 tibi

513 5740 587 5813 εα)
634 5740 723 5793 Sic
755 5740 949 5810 supple
996 5754 1059 5793 ex
1094 5735 1287 5793 codice
1318 5733 1501 5799 Buico,
1536 5730 1669 5787 ἀλλὰ
1697 5729 1851 5803 reip.
1885 5727 2009 5799 ἡμᾶ‹

2113 5743 2209 5801 ὀμ.
2242 5726 2445 5797 Πέτρου
2477 5728 2568 5782 καὶ
2590 5724 2801 5780 Παύλου
2818 5722 2916 5794 τήν
2940 5736 2999 5776 τι
3015 5719 3114 5791 τῆς
3143 5719 3356 5788 φύσεως
3381 5711 3627 5783 ἑνότητα.
