4138 6364
505 297 607 357 75f!

1719 306 1777 363 S.
1814 306 2145 363 GREGORII
2180 304 2479 369 NYSSENI

3654 311 3764 371 760

502 434 601 491 per
632 422 874 489 exennpla
923 437 952 476 a
989 423 1156 479 rebus
1191 425 1567 481 materialibus
1621 436 1840 499 sumpta
1895 443 2072 484 essen-

2186 428 2307 481 κατ’
2328 428 2514 482 οὐσίαν
2531 426 2805 496 ἀλλότριον
2831 423 3295 490 κατασκευάζοντι
3323 425 3774 499 συγχωρήσομεν,

504 513 708 565 tiarum
738 511 1112 569 diversitatem
1141 518 1495 585 praestruenti
1518 520 1925 574 concedemus?
1979 520 2089 575 Nos

501 610 684 655 autem
722 604 814 672 qui
853 618 949 673 per
976 606 1223 675 exempla
1257 622 1380 676 quae
1419 621 1449 660 a
1482 607 1641 662 nobis
1680 609 1798 678 capi
1831 619 2088 679 possunt,

498 706 712 748 naturae
734 697 1121 764 proprietatem
1157 707 1212 752 et
1254 702 1697 756 communionem
1747 702 2090 757 demonstra-

498 803 647 852 nius,
691 789 1011 858 repudiandi
1051 792 1286 845 sumus?

573 877 677 933 Sed
711 877 928 943 Petrus,
962 880 1159 949 inquit,
1197 890 1251 935 et
1285 879 1488 938 Paulus
1532 881 1602 937 ab
1633 884 1945 939 hominibus
1987 900 2088 939 no-

498 970 692 1025 minati
722 978 873 1033 sunt,
906 980 1196 1043 propterea
1224 975 1277 1028 in
1305 975 1441 1044 ipsis
1477 978 1876 1046 appellationes
1902 989 2087 1047 potue-

500 1068 628 1113 runt
654 1061 955 1115 immutari.
1008 1063 1280 1128 Quidnam
1312 1080 1502 1119 eorum
1530 1082 1652 1135 qua:
1685 1074 1813 1121 sunt
1850 1084 1955 1121 non
2002 1076 2087 1123 est

498 1155 566 1207 ab
588 1154 906 1209 hominibus
930 1157 1373 1212 nominatunﬂte
1396 1160 1665 1213 sermonis
1694 1168 1884 1214 testem
1911 1158 2083 1213 addu-

497 1259 585 1297 co.
625 1245 684 1299 Si
713 1246 860 1300 enim
895 1249 1180 1302 nominum
1218 1250 1531 1305 immutatio
1564 1251 1780 1321 signum
1811 1262 1865 1307 et
1912 1267 2076 1323 argu-

492 1346 745 1392 mentum
794 1338 956 1407 l'acis,
994 1341 1140 1410 quod
1171 1341 1240 1395 ab
1261 1342 1577 1399 hominibus
1601 1360 1689 1399 res
1729 1344 1841 1399 sint
1896 1346 2075 1399 nomi-

496 1438 657 1495 natae,
689 1447 788 1501 per
826 1432 931 1486 hoc
965 1434 1189 1487 omnino
1217 1436 1563 1491 conﬁteberis
1607 1451 1770 1490 omne
1808 1452 2006 1491 nomen
2044 1451 2074 1489 ε

498 1524 662 1578 nobis
712 1525 880 1580 rebus
911 1542 1033 1595 qua:
1061 1535 1191 1580 sunt
1226 1527 1456 1581 inditum
1492 1544 1635 1591 esse,
1693 1545 1758 1583 ex
1808 1545 1872 1583 eo
1931 1529 2077 1599 quod

496 1630 607 1669 non
640 1616 842 1671 emdem
872 1634 1035 1674 voces
1066 1628 1119 1673 et
1150 1621 1542 1689 appellationes
1574 1638 1756 1676 rerum
1792 1622 1933 1691 apud
1964 1638 2080 1675 om-

496 1719 595 1758 nes
633 1707 1041 1774 prwvaluerint.
1080 1707 1148 1762 Ut
1177 1710 1321 1763 enim
1354 1709 1579 1794 Paulus,
1611 1712 1702 1781 qui
1744 1713 1895 1781 prius
1936 1711 2077 1766 Sau-

2194 520 2355 589 ὴμεῖς
2403 522 2459 574 δὲ
2500 522 2589 575 διὰ
2624 520 2733 574 τῶν
2779 520 3043 592 χωρητῶν
3086 522 3217 591 ἡμῖν
3264 522 3676 592 ὑποδειγμάτων
3711 522 3778 577 τὸ

2191 614 2387 667 οἰκεῖον
2411 612 2511 684 τῆς
2546 614 2760 682 φύσεως
2788 612 3210 677 ἀποδεικνύντες
3233 614 3560 686 ἀπόϐλητοι;

2269 872 2426 927 Ἀλλά
2481 874 2703 944 Πέτρος,
2765 876 2918 946 φησὶ,
2955 878 3048 930 καὶ
3098 877 3307 941 Παῦλος
3358 878 3509 950 παρὰ
3548 879 3762 952 ἀνθρώ-

2187 980 2306 1016 πων
2328 966 2848 1036 κατωνομάσθησαν,
2876 969 2968 1020 καὶ
2993 968 3079 1021 διὰ
3106 968 3264 1022 τοῦτο
3285 968 3377 1023 καὶ
3410 970 3773 1043 μετατεθῆναι

2186 1054 2284 1117 τὰς
2333 1058 2701 1128 προσηγορίας
2750 1060 2835 1110 ἐπ’
2876 1059 3053 1112 αὐτῶν
3101 1060 3323 1113 δυνατὸν
3364 1062 3578 1131 γέγονε.
3619 1064 3682 1116 Τί
3713 1064 3773 1118 δὲ

2183 1146 2291 1199 τῶν
2320 1147 2487 1199 ὄντων
2525 1149 2586 1201 οὐ
2621 1149 2769 1219 παρὰ
2798 1149 3100 1221 ἀνθρώπων
3144 1152 3491 1222 ὡνόμασται;
3524 1155 3591 1207 Σὲ
3626 1156 3769 1227 μάρ-

2182 1256 2320 1309 τυρα
2355 1239 2448 1292 τοῦ
2486 1239 2644 1309 λόγου
2679 1242 3042 1314 προσάγομαι.
3084 1244 3146 1296 Et
3170 1244 3279 1315 γάρ
3316 1245 3550 1317 τὴντῶν
3577 1248 3767 1318 ὀνομά-

2179 1346 2289 1383 των
2341 1330 2628 1399 μετάθεσιν
2676 1334 2903 1402 σημεῖον
2964 1335 3089 1404 ποιῇ
3138 1334 3231 1387 τοῦ
3284 1334 3433 1403 παρὰ
3468 1335 3771 1407 ἀνθρώπων

2182 1420 2600 1491 κατωνομάσθαι
2657 1422 2725 1475 τὰ
2780 1422 3103 1494 πράγματα,
3168 1424 3409 1497 συνθήσῃ
3448 1426 3537 1480 διά
3578 1427 3769 1481 τούτου

2182 1514 2401 1576 πάντως
2434 1515 2542 1566 πᾶν
2575 1513 2744 1583 ὄνομα
2769 1513 2894 1584 παρ’
2955 1515 3103 1586 ἡμῶν
3142 1517 3411 1571 τεθεῖσθαι
3446 1522 3559 1582 τοῖς
3580 1515 3767 1582 οὖσιν,

2179 1604 2243 1655 ὲκ
2266 1603 2362 1655 τοῦ
2400 1606 2474 1675 μὴ
2505 1606 2603 1667 τὰς
2648 1605 2817 1669 αὐτάς
2842 1606 2949 1660 τῶν
2993 1607 3368 1680 ὑποκειμένων
3400 1613 3771 1682 προσηγορίας

2178 1693 2330 1766 παρὰ
2362 1696 2494 1748 πᾶσι
2523 1696 2947 1766 κεκρατηκέναι.
2989 1698 3077 1761 Ὠς
3109 1699 3218 1771 γάρ
3255 1701 3484 1765 Παῦλος,
3518 1703 3546 1753 ὀ
3572 1703 3769 1773 πρότε-

495 1794 603 1859 lus,
637 1803 691 1848 et
723 1794 919 1851 Petrus
962 1813 1028 1851 ex
1063 1796 1306 1861 Simone,
1346 1801 1426 1852 sic
1467 1787 1610 1853 terra
1652 1810 1705 1852 et
1756 1801 1979 1861 etelum,
2026 1810 2072 1854 et

2183 1803 2275 1857 ρον
2306 1787 2526 1854 Σαῦλος,
2551 1788 2644 1840 καὶ
2672 1789 2875 1860 Πέτρος
2908 1792 2973 1843 ὲκ
3015 1791 3279 1861 Σίμωνος,
3310 1792 3453 1846 οὕτω
3486 1795 3556 1866 γῆ
3592 1811 3649 1846 τε
3676 1793 3771 1847 καὶ

496 1901 625 1951 aer,
661 1896 716 1941 et
753 1904 903 1942 mare
925 1928 938 1951 ,
967 1898 1023 1943 et
1060 1905 1253 1944 omnes
1282 1900 1544 1945 creaturze
1576 1901 1759 1960 partes
1784 1907 1893 1945 non
1925 1890 2080 1945 simi-

486 1979 619 2033 liter
649 1981 789 2049 apud
820 1997 1014 2037 omnes
1040 1983 1333 2037 nominata:
1356 1994 1504 2037 sunt.
1544 1983 1648 2039 Sed
1673 1985 1831 2038 aliter
1858 1983 2076 2052 quidem

492 2072 635 2138 apud
673 2071 953 2135 llebrzeos,
998 2075 1161 2128 aliter
1191 2078 1334 2144 apud
1376 2092 1497 2139 nos,
1544 2087 1597 2131 et
1631 2077 1773 2146 apud
1829 2076 2077 2146 singulos

493 2162 873 2220 dill'ereutibus
900 2168 1212 2221 nominibus
1236 2169 1601 2237 appellantur.
1637 2169 1692 2223 Si
1721 2170 1889 2239 igitur
1936 2170 2076 2224 vali-

493 2254 621 2306 dmn
646 2264 732 2309 est
770 2256 1023 2311 Eunomii
1082 2268 1487 2330 argumentum,
1525 2262 1611 2316 'ob
1661 2261 1716 2315 id
1745 2261 1966 2317 Petrum
2018 2268 2074 2316 et

492 2342 721 2399 Paulum
752 2348 835 2402 sic
876 2360 1059 2417 postea
1088 2362 1309 2407 vocatos
1343 2369 1465 2407 esse
1496 2355 1896 2423 praestrueutis,
1931 2356 2062 2425 quia

493 2436 563 2489 ab
587 2436 908 2491 hominibus
949 2439 1173 2492 nomina
1208 2449 1334 2494 sunt
1368 2441 1503 2510 ipsis
1543 2442 1838 2511 imposita;
1880 2448 2073 2495 noster

491 2543 724 2596 prorsus
752 2530 1053 2585 invalescet
1082 2547 1266 2584 sermo
1289 2548 1355 2587 ex
1386 2532 1658 2589 similibus
1694 2534 2071 2604 progrediens,

490 2619 585 2687 qui
632 2621 820 2674 omnia
848 2637 877 2674 a
914 2621 1074 2675 nobis
1106 2638 1229 2675 esse
1266 2623 1549 2677 nominata
1591 2624 1746 2689 dicit,
1782 2637 2072 2695 propterea

489 2710 639 2782 quod
689 2713 1091 2781 appellationes
1118 2714 1420 2767 secundum
1451 2716 1695 2785 gentium
1736 2716 2073 2773 ditierentias

488 2804 710 2875 penitus
741 2804 1120 2858 immutentur.
1156 2805 1311 2870 Quod
1345 2808 1387 2859 si
1421 2808 1605 2862 omnia
1637 2808 1717 2863 sic
1739 2824 1798 2863 se
1845 2809 2069 2874 habent,

491 2912 679 2965 neque
722 2896 963 2965 genitum
1017 2912 1244 2965 prorsus
1290 2915 1471 2969 neque
1506 2900 1805 2969 ingenitum
1858 2901 2017 2957 aliter
2054 2921 2068 2954 :

492 2990 757 3057 siquidem
790 2989 903 3043 ltzec
934 2991 1097 3043 etiam
1146 3000 1365 3046 suntex
1401 2992 1486 3046 bis
1530 3007 1653 3062 qua:
1687 2992 2062 3048 nominantur.

491 3078 707 3134 Etenim
741 3098 860 3135 eam
908 3098 1031 3151 quae
1060 3082 1125 3136 de
1152 3084 1400 3152 subjecto
1430 3085 1586 3140 nobis
1628 3086 1936 3140 innascitur
1959 3102 2058 3141 no-

490 3176 724 3236 tionem,
746 3174 889 3229 sicut
918 3177 1160 3231 nominis
1186 3176 1415 3230 formam
1436 3186 1802 3242 assumentes,
1831 3180 2073 3249 aliquan-

490 3266 562 3320 do
587 3267 766 3322 verbis
807 3268 931 3323 aliis
972 3268 1117 3338 quod
1161 3276 1344 3323 mente
1391 3280 1719 3341 conceptum
1764 3279 1850 3326 est
1900 3288 2072 3327 enun-

490 3361 810 3423 tiamus,res
843 3375 950 3412 non
993 3361 1369 3427 innnutantes,
1408 3362 1502 3417 sed
1532 3377 1696 3417 voces
1733 3363 1935 3433 quibus
1983 3380 2072 3421 res

490 3450 863 3504 nominamus.
899 3450 1035 3505 Nam
1080 3468 1165 3507 res
1205 3463 1262 3506 ut
1286 3469 1473 3508 earum
1508 3454 1610 3512 l'ert
1646 3464 1842 3510 natura
1892 3457 1947 3511 in
1980 3473 2068 3513 se.

492 3541 630 3609 ipsis
680 3550 928 3606 manent,
987 3543 1297 3597 intellectus
1337 3552 1516 3598 autem
1570 3560 1660 3600 res
1709 3546 1858 3615 ipsas
1897 3547 2069 3601 attin-

492 3648 655 3701 gens,
693 3633 895 3701 quibus
926 3641 1104 3703 potest
1128 3635 1312 3690 verbis
1338 3651 1561 3689 sensum
1590 3652 1748 3690 suum
1784 3637 1980 3706 aperit.
2007 3636 2073 3690 Et

489 3724 949 3792 quemadmodum
992 3726 1137 3781 Petri
1181 3730 1422 3783 essentia
1467 3744 1591 3783 eum
1640 3731 1941 3784 mutatione
1971 3746 2070 3785 no-

488 3816 653 3870 minis
686 3832 794 3870 non
827 3828 1230 3873 commutatur:
1262 3819 1343 3874 sic
1374 3836 1549 3892 neque
1575 3821 1721 3874 aliud
1770 3822 2065 3892 quidquam

487 3922 677 3962 eorum
736 3925 856 3978 quae
902 3912 1326 3968 considerantur
1370 3913 1424 3967 in
1471 3914 1754 3968 nominum
1797 3914 2067 3970 dill‘erenti

486 4001 754 4056 varietate
794 4011 1159 4072 permutatur.
1211 4005 1575 4071 Quamobrem
1618 4016 1673 4060 et
1712 4007 1931 4076 ξηραιιίιὶ
1974 4024 2069 4062 vo-

485 4106 605 4145 cem
642 4108 671 4146 a
703 4095 859 4149 nobis
902 4095 1127 4149 inditam
1163 4113 1286 4152 esse
1335 4098 1570 4152 dicimus
1627 4097 1797 4163 Patri,
1831 4116 1965 4153 vero
2012 4109 2069 4155 et

485 4186 665 4254 primo
695 4188 1080 4243 universorum
1117 4191 1353 4253 auctori,
1386 4192 1709 4260 nullumque
1742 4193 1796 4245 in
1831 4192 2067 4262 subjecti

488 4280 889 4350 significatione
936 4283 1053 4337 lieri
1098 4283 1530 4350 detrimentum,
1586 4288 1628 4339 si
1668 4302 1731 4339 ex
1777 4286 1881 4339 alia
1934 4302 2070 4343 voce

486 4373 629 4425 idem
680 4389 1103 4443 cognoscamus.
1169 4374 1271 4429 Fas
1324 4378 1467 4430 enim
1538 4385 1622 4431 est
1671 4378 1788 4432 loco
1842 4380 2067 4449 ingeniti

2183 1882 2430 1952 οὐρανὸς,
2486 1882 2580 1934 καὶ
2605 1882 2734 1953 ἀὴρ,
2778 1884 2873 1935 καὶ
2906 1883 3171 1947 θάλασσα,
3222 1887 3317 1938 καὶ
3349 1888 3529 1940 πάντα
3563 1889 3632 1942 τὰ
3669 1888 3768 1959 τῆς

2181 1974 2409 2036 κτίσεως
2446 1973 2611 2044 μέρη,
2634 1976 2732 2043 οὐχ
2765 1974 2968 2045 ὁμοίως
3015 1976 3167 2048 παρὰ
3202 1979 3366 2031 πᾶσιν
3411 1978 3721 2048 ὠνόμασται
3749 1996 3765 2011 ·

2178 2063 2292 2118 ἀλλ’
2319 2064 2520 2132 ἑτέρως
2553 2066 2650 2135 μὲν
2674 2066 2803 2135 παρ’
2834 2067 3123 2137 Ἑϐραίοις,
3143 2069 3345 2140 ἑτέρως
3364 2071 3421 2123 δὲ
3440 2074 3571 2141 παρ’
3603 2073 3758 2142 ἡμῖν,

2176 2155 2273 2209 καὶ
2300 2155 2427 2227 παρ’
2455 2156 2705 2221 ἑκάστοις
2736 2158 2843 2210 τῶν
2865 2158 3033 2213 ἐθνῶν
3062 2160 3335 2231 διαφόροις
3359 2165 3477 2226 ταῖς
3502 2180 3770 2234 προσηγο-

2180 2247 2324 2317 ρίαις
2375 2250 2823 2319 κατονομάζεται.
2851 2252 2911 2304 Εἰ
2941 2247 3035 2305 οὖν
3066 2252 3237 2323 ἰσχύει
3276 2254 3368 2307 τοῦ
3412 2255 3676 2326 Εύνομίου
3707 2256 3769 2309 τὸ

2176 2339 2534 2409 ἐπιχείρημα,
2577 2340 2780 2411 Πέτρον
2826 2343 2919 2395 καὶ
2964 2344 3175 2398 Παῦλον
3214 2345 3302 2399 διὰ
3343 2348 3501 2401 τοῦτο
3531 2367 3762 2419 μετακε-

2177 2425 2405 2496 κλῆσθαι
2462 2431 2982 2496 κατασκευάζοντος,
3035 2434 3125 2487 διὰ
3167 2436 3225 2489 τὸ
3264 2438 3414 2509 παρά
3465 2438 3764 2511 ἀνθρώπων

2176 2517 2360 2582 αὐτοῖς
2405 2520 2505 2582 τὰς
2556 2524 2930 2594 προσηγορίας
2970 2525 3265 2592 τεθεῖσθαι,
3304 2528 3511 2599 ίσχύσει
3545 2532 3764 2594 πάντως

2177 2611 2270 2663 καὶ
2300 2612 2328 2663 ὀ
2353 2613 2619 2684 ἡμέτερος
2671 2615 2827 2683 λόγος
2874 2619 2938 2670 ἐκ
2969 2619 3075 2670 τῶν
3118 2621 3319 2690 ὁμοίων
3368 2622 3704 2695 ὁρμώμενος.
3736 2628 3763 2679 ὀ

2175 2703 2351 2756 πάντα
2378 2707 2508 2777 παρ’
2545 2707 2699 2777 ἡμῶν
2732 2712 3149 2781 κατωνομάσθαι
3182 2713 3356 2781 λέγων
3386 2755 3403 2779 ,
3432 2716 3511 2787 τῷ
3546 2716 3761 2770 πάντων

2173 2795 2273 2858 τὰς
2309 2799 2675 2870 προσηγορίας
2708 2804 2849 2856 κατὰ
2864 2804 2960 2866 τὰς
2983 2804 3093 2858 τῶν
3124 2806 3293 2860 ἐθνῶν
3312 2808 3573 2880 διαφοράς
3605 2810 3759 2880 ἐνηλ-

2175 2890 2391 2961 λάχθαι.
2450 2894 2511 2945 Εἰ
2557 2894 2612 2947 δὲ
2650 2894 2717 2947 τά
2754 2895 2933 2950 πάντα
2988 2897 3183 2963 οὔτως,
3237 2900 3359 2953 οὐδὲ
3410 2902 3470 2955 τὸ
3508 2906 3762 2974 γεννητὸν

2176 2984 2394 3048 πάντως
2448 2986 2541 3038 καὶ
2590 2986 2886 3059 ἀγέννητον
2939 2989 3134 3054 ἄλλως.
3172 2992 3281 3045 Καὶ
3317 2993 3425 3063 γάρ
3472 2995 3762 3050 καὶταῦτα

2173 3077 2282 3130 τῶν
2313 3079 2833 3151 μετονομαζομένων
2868 3082 3004 3136 ἐστί.
3027 3083 3099 3136 Τὸ
3127 3083 3237 3156 γάρ
3260 3086 3607 3157 ἐγγινόμενον
3633 3090 3761 3159 ἡμῖν

2177 3168 2306 3239 napi.
2356 3169 2451 3221 τοῦ
2508 3170 2869 3242 ὑποκειμένου
2924 3172 3123 3243 νόημα,
3180 3173 3255 3237 ὡς
3301 3174 3564 3246 ὀνόματος
3591 3175 3761 3230 τύπον

2178 3261 2700 3332 μεταλαμϐάνοντες.
2754 3264 2942 3318 ἄλλοτε
2974 3265 3153 3329 ἄλλοις
3214 3268 3423 3337 ῥήμασι
3463 3270 3524 3321 τὸ
3571 3270 3761 3339 νοηθὲν

2174 3352 2587 3423 ἐξαγγέλλομεν,
2628 3356 2750 3425 οὐχὶ
2801 3358 3221 3425 μεταποιοῦντες
3250 3360 3311 3412 τὸ
3339 3362 3589 3432 πρᾶγμα,
3626 3363 3762 3415 ἀλλὰ

2173 3444 2242 3498 τά
2273 3446 2491 3514 ῥήματα
2517 3447 2583 3499 δι’
2602 3440 2676 3501 ὧν
2703 3448 3061 3520 ὀνομάζομεν.
3093 3450 3174 3504 Τά
3204 3452 3303 3521 μὲν
3324 3452 3432 3524 γὰρ
3463 3453 3761 3525 πράγματα

2172 3535 2355 3600 καθὼς
2390 3537 2454 3591 ἂν
2484 3537 2596 3607 ἔχοι
2624 3539 2836 3607 φύσεως
2866 3544 2950 3610 ἐφ’
2979 3542 3191 3595 ἑαυτῶν
3216 3544 3385 3613 μένει*
3417 3545 3527 3615 ἡδὲ
3555 3545 3761 3599 διάνοια

2171 3629 2279 3682 τῶν
2305 3630 2475 3682 ὅντων
2508 3632 2810 3701 ἁπτομένη.
2844 3632 2913 3685 δι’
2949 3626 3025 3685 ὧν
3056 3633 3121 3686 ἂν
3150 3635 3373 3705 γένηται
3398 3636 3621 3690 δυνατὸν
3656 3639 3757 3709 ῥη-

2175 3720 2381 3791 μάτων,
2407 3722 2777 3776 ὰνακαλύπτει
2799 3724 2860 3776 τὸ
2881 3724 3078 3794 νόημα.
3111 3726 3222 3778 Καὶ
3246 3725 3435 3799 ὥσπερ
3466 3728 3527 3781 ού
3554 3746 3762 3800 συμμε⁴

2169 3812 2403 3883 τεϐλήθη
2433 3816 2497 3884 τῇ
2533 3814 2807 3886 μεταϐολῇ
2838 3814 2932 3867 τοῦ
2962 3816 3224 3886 ὀνόματος
3266 3820 3298 3889 ἡ
3344 3819 3503 3872 οὐσία
3530 3819 3624 3873 τοῦ
3652 3821 3759 3874 Πέ-

2169 3923 2298 3977 τρου
2320 3924 2332 3937 ·
2358 3906 2530 3971 οὕτως
2550 3908 2669 3959 οὐδὲ
2689 3906 2814 3961 ἄλλο
2838 3926 2890 3960 τι
2918 3909 3027 3961 τῶν
3060 3910 3454 3983 θεωρουμένων
3481 3915 3539 3967 ἐν
3556 3916 3623 3985 τῇ
3650 3914 3759 3969 τῶν

2169 3998 2446 4068 ὀνομάτων
2493 3999 2769 4069 ἐπαλλαγῇ
2826 4000 3241 4070 μεταϐάλλεται.
3291 4003 3383 4056 Διὸ
3420 4006 3511 4058 καὶ
3532 4005 3631 4077 τὴν
3661 4008 3757 4060 τοῦ

2170 4092 2507 4160 ἀγεννήτων
2532 4092 2712 4162 φωνὴν
2736 4095 2868 4163 παρ’
2888 4092 3046 4163 ἡμῶν
3073 4095 3440 4148 ἐπιτεθεῖσθαί
3476 4115 3655 4169 φαμεν
3680 4100 3758 4169 τῷ

2170 4182 2407 4252 ἀληθινῴ
2432 4185 2526 4236 καὶ
2559 4182 2759 4254 πρώτῳ
2784 4185 2956 4255 Πατρὶ
2981 4184 3061 4254 τῷ
3108 4184 3204 4238 τοῦ
3236 4188 3433 4250 παντὸς
3460 4188 3639 4260 αἰτίῳ,
3664 4193 3757 4245 καὶ

2175 4275 2446 4346 μηδεμίαν
2489 4278 2547 4329 ἐν
2574 4279 2638 4348 τῇ
2693 4278 2939 4348 σημασίᾳ
2985 4277 3077 4330 τοῦ
3115 4279 3477 4350 ὑποκειμένου
3509 4282 3756 4349 γίνεσθαι

2172 4367 2397 4439 βλάϐην,
2442 4370 2490 4420 εί
2529 4367 2590 4433 ἐξ
2648 4368 2850 4441 ἑτέρας,
2884 4370 3068 4440 φωνῆς
3117 4372 3180 4424 τὸ
3203 4367 3322 4425 ἴσον
3363 4374 3753 4445 γνωρίσαιμεν.

489 4466 727 4531 primum
788 4466 967 4535 ipsum
1013 4476 1292 4522 auctorem
1351 4469 1661 4538 appellare;
1713 4473 1799 4523 vel
1847 4470 2063 4527 Patrem

2176 4460 2391 4526 Ἔξεστι
2419 4460 2528 4531 γάρ
2545 4461 2667 4513 ἀντὶ
2690 4460 2784 4513 τοῦ
2807 4462 2980 4515 εἰπεῖν
3003 4462 3317 4532 ἀγέννητον,
3352 4465 3564 4536 πρῶτον
3585 4467 3757 4521 αἴτιον

490 4556 792 4626 Uuigeniti,
834 4562 918 4615 vel
948 4576 1073 4614 eum
1116 4561 1209 4630 qui
1261 4562 1407 4614 nulla
1460 4578 1525 4616 ex
1564 4578 1733 4617 causa
1786 4564 2061 4627 subsistit,

488 4651 769 4715 multaque
803 4653 907 4704 alia
966 4667 1086 4720 quae
1118 4653 1184 4705 ad
1218 4652 1463 4707 eamdem
1499 4653 1908 4724 intelligentiam
1948 4670 2067 4725 per-

490 4742 687 4796 tinent.
734 4742 1083 4813 Quapropter
1119 4760 1214 4813 per
1257 4746 1475 4799 eosdem
1532 4762 1814 4802 sermones
1866 4747 2070 4816 quibus

491 4834 937 4905 adversum‘nos
988 4839 1392 4891 accusationem
1444 4838 1703 4902 instituit,
1781 4839 2073 4895 confirmat

492 4935 682 4980 nostra
733 4926 1009 4995 degmata,
1053 4944 1177 4983 cum
1220 4929 1374 4992 dicit,
1416 4946 1522 4983 non
1578 4930 1840 4985 didicisse
1873 4947 2070 4987 nomen

492 5017 639 5084 quod
676 5016 748 5067 sit
785 5017 986 5071 divinae
1017 5028 1229 5072 naturae
1280 5019 1725 5089 signitieativum.
1780 5020 1886 5075 Sed
1924 5022 2069 5093 quod

492 5108 711 5177 quidem
746 5109 863 5178 ipsa
910 5110 984 5163 sit
1019 5110 1198 5164 edocti
1246 5125 1477 5179 sumus;
1537 5112 1647 5166 vim
1711 5122 1894 5168 autem
1953 5116 2071 5172 sive

494 5199 793 5270 potentiam
832 5201 954 5257 talis
996 5202 1398 5271 appellationis.
1431 5219 1538 5274 qua
1573 5204 1864 5264 inel'l'abilis
1894 5215 1947 5262 et
1983 5209 2071 5261 in-

494 5289 717 5343 definita
752 5300 950 5345 natura
981 5293 1487 5361 comprehenditur,
1534 5296 1618 5349 vel
1650 5311 1757 5350 non
1789 5314 1914 5353 esse
1953 5316 2073 5353 om-

495 5384 627 5434 nino
658 5384 981 5449 asserimus,
1026 5385 1108 5438 vel
1136 5385 1296 5454 plane
1335 5387 1495 5443 nobis
1542 5404 1668 5443 esse
1715 5390 2070 5461 incognitam.

494 5477 676 5538 Quare
707 5475 1005 5529 familiares
1050 5476 1155 5529 sibi
1186 5490 1361 5545 nugas
1390 5486 1443 5532 et
1483 5478 1696 5534 fabulas
1744 5482 2072 5549 praetermit-

494 5571 639 5625 teus.
669 5567 926 5620 ostendat
975 5567 1371 5636 signiﬁcativas
1418 5575 1785 5627 essentiarum
1836 5576 2076 5643 appella-

498 5657 677 5711 tiones
722 5668 775 5712 et
828 5676 923 5729 per
960 5662 1239 5716 nominum
1284 5664 1709 5734 discrepantiam
1759 5664 2072 5735 subjectum

498 5766 714 5821 quoque
744 5753 949 5808 dividat
980 5769 1040 5807 ac
1064 5754 1301 5812 divellat.
1336 5756 1439 5814 Sed
1474 5773 1759 5828 quousque
1803 5774 1963 5826 verus
1989 5768 2070 5813 est

2172 4549 2333 4603 αὑτὸν
2367 4554 2681 4621 προσειπεῖν
2706 4566 2721 4580 ⁸
2770 4551 2801 4622 ἢ
2856 4552 3075 4623 Πατέρα
3105 4553 3199 4606 τοῦ
3235 4556 3587 4624 Μονογενοῦς,
3622 4559 3655 4629 ἦ
3690 4562 3757 4613 ἐκ

2175 4641 2440 4711 μηδεμιᾶς
2467 4641 2643 4705 αἰτίας
2678 4644 3039 4715 ύφεστηκότα,
3074 4646 3168 4698 καὶ
3196 4646 3366 4699 πολλὰ
3391 4649 3613 4703 τοιαῦτα
3653 4653 3757 4704 ὅσα

2171 4733 2306 4805 πρὸς
2328 4734 2428 4803 τὴν
2465 4734 2633 4807 αὐτὴν
2656 4734 2893 4789 διάνοιαν
2924 4736 3101 4808 φέρει.
3139 4737 3301 4790 Ὥστε
3336 4740 3430 4793 καὶ
3458 4740 3525 4793 δι’
3559 4734 3630 4795 ὧν
3661 4744 3756 4810 ὲγ-

2171 4826 2323 4880 καλεί
2345 4827 2539 4896 λόγων,
2558 4827 2813 4898 κρατύνει
2836 4830 2904 4883 τά
2930 4830 3172 4900 ἡμέτερα
3191 4830 3435 4901 δόγματα
3449 4849 3464 4864 ·
3484 4834 3564 4887 ὅτι
3585 4834 3756 4905 δνομα

2171 4916 2272 4986 τῆς
2307 4916 2455 4980 θείας
2482 4918 2695 4985 φύσεως
2736 4920 3069 4989 σημαντικὸν
3104 4921 3204 4975 οὐκ
3259 4922 3552 4992 ἐμάθομεν.
3596 4924 3755 4979 Ἀλλά

2171 5009 2234 5063 τὸ
2289 5011 2386 5081 μὲν
2437 5008 2574 5064 εἶναι
2604 5012 2774 5081 αὐτὴν
2813 5011 3188 5084 ἐδιδάχθημεν,
3224 5013 3453 5086 δύναμιν
3495 5018 3550 5070 δὲ
3583 5034 3751 5088 προσ-

2172 5106 2402 5175 ηγορίας
2432 5104 2688 5176 τοιαύτης
2721 5106 2788 5158 δι’
2833 5100 2903 5177 ἦς
2946 5107 3487 5179 ἐμπεριλαμϐάνεται
3528 5110 3756 5179 ήᾶφρα-

2175 5199 2299 5262 στός
2345 5216 2406 5251 τε
2447 5200 2540 5251 καὶ
2570 5200 2818 5271 ἀόριστος
2866 5199 3048 5269 φύσις,
3085 5200 3117 5271 ἢ
3161 5203 3259 5254 οὐκ
3297 5198 3435 5255 εἶναι
3473 5202 3592 5256 καθ’
3630 5201 3751 5255 ὅλου

2176 5289 2423 5361 φαμὲν,ἢ
2450 5289 2664 5351 πάντως
2698 5291 2829 5359 ἡμῖν
2869 5292 3146 5358 ἄγνωστον
3180 5288 3339 5345 εἶναι.
3368 5292 3530 5345 Ὥστε
3558 5292 3754 5362 παρεὶς

2173 5385 2273 5455 τὴν
2312 5381 2513 5453 συνήθη
2560 5380 2905 5449 μυθολογίαν,
2963 5381 3225 5435 δεικνύτω
3277 5383 3377 5445 τὰς
3414 5382 3753 5453 σημαντικὰς

2175 5474 2283 5527 τῶν
2315 5471 2511 5525 ούσιῶν
2546 5473 2937 5542 προσηγορίας,
2967 5474 3061 5526 καὶ
3089 5472 3165 5543 τῷ
3186 5473 3625 5544 παρηλλαγμένῳ
3645 5474 3755 5526 τῶν

2176 5565 2455 5636 ὀνομάτων
2488 5563 2905 5632 συνδιασχιζέτω
2936 5564 2996 5618 τὸ
3025 5567 3404 5636 ὑποκείμενον.
3449 5567 3593 5628 Ἕως
3618 5566 3661 5616 δ’
3687 5564 3754 5618 ἂν

2177 5661 2205 5712 ό
2221 5659 2317 5728 τῆς
2333 5657 2550 5728 Γραφῆς
2566 5655 2817 5726 ἀληθεύει
2833 5656 3010 5725 λόγος,
3028 5659 3109 5711 ὅτι
3141 5659 3389 5729 Ἀϐραάμ
3410 5659 3504 5710 καὶ
3549 5658 3750 5725 Μωσῆς

2176 5754 2274 5808 οὐκ
2294 5750 2585 5823 ’ἐχρῖιρησαν
2612 5752 2708 5805 τίνι
2737 5750 2827 5804 τοῦ
2857 5751 3116 5822 ὀνόματος
3136 5752 3336 5819 γνῶσιν
3358 5768 3370 5781 ο
3400 5751 3489 5805 καὶ
3518 5751 3599 5804 ὅτι
3621 5747 3753 5803 Θεὸν
