4138 6364
403 308 500 365 761

1500 302 1778 363 CONTRA
1818 302 2211 372 amomum,
2244 301 2379 359 ue.
2424 299 2539 359 vn.

3568 307 3671 363 762

396 424 577 488 οὐδεὶς
603 423 818 495 ἑώρακε
852 421 1093 488 πώποτε,
1117 420 1212 474 καὶ
1233 414 1370 473 εἶδεν
1390 418 1554 473 αὑτὸν
1575 417 1877 490 ἀνθρώπων
1903 418 1983 471 ού·

2089 414 2390 486 Scriptum
2431 431 2614 472 sermo
2649 413 2744 487 qui
2780 412 2935 478 dicit,
2972 413 3117 486 quod
3142 414 3425 473 Abraham
3457 424 3513 472 et
3556 416 3670 471 Mo-

396 518 535 582 δεὶς,
560 515 685 571 οὔτε
742 516 868 569 ἰδεῖν
915 515 1136 569 δύναται
1154 532 1167 547 ·
1201 513 1296 568 καὶ
1335 513 1417 566 ὅτι
1441 510 1505 565 τὸ
1533 512 1661 583 περὶ
1684 510 1846 565 αὑτὸν
1873 509 1992 580 φῶς

406 610 721 681 ἀπρόσιτον,
768 608 862 662 καὶ
901 610 1001 678 τῆς
1064 603 1453 677 μεγαλωσύνης
1485 602 1651 658 αὑτοῦ
1690 602 1862 672 πέρας
1890 602 1991 655 οὑκ

398 704 569 766 ἔστιν,
601 702 706 765 ἓως
735 702 802 755 ἂν
823 701 997 755 ταῦτα
1021 700 1390 769 λαλῆταιπαρ’
1408 696 1564 769 ἡμῶν
1596 697 1693 749 καὶ
1725 692 1989 764 πιστεύηρ

402 810 514 846 ται.
563 793 688 858 Πῶς
744 794 902 862 λόγος
942 795 970 846 ὁ
990 810 1053 845 πε
1065 792 1279 862 ρίληψίν
1303 806 1422 844 τινα
1452 788 1545 842 καὶ
1574 785 1870 857 ἑρμηνείαν
1892 786 1988 855 τῆς

404 884 656 956 ἀορίστου
680 884 893 955 φύσεως
911 886 998 939 διὰ
1024 886 1123 955 τῆς
1142 882 1504 955 όνομαστικῆς
1522 880 1792 949 σημασίας
1818 880 1987 947 ἐπαγ-

404 977 745 1048 γελλόμενος,
783 978 966 1048 ὅμοιός
1022 980 1139 1030 ἐστι
1185 975 1265 1046 τῷ
1292 973 1380 1026 διὰ
1416 973 1516 1043 τῆς
1562 970 1695 1033 ἰδίας
1728 969 1987 1039 παλάμῃς

406 1070 585 1121 πᾶσαν
617 1069 1109 1139 ὲκπεριλαμϐάνειν
1130 1068 1360 1138 οἰομένῳ
1379 1066 1476 1138 τὴν
1496 1065 1771 1119 θάλασσαν
1795 1082 1809 1129 ;
1830 1063 1856 1117 ὃ
1877 1064 1984 1133 γάρ

405 1160 521 1213 ἐστι
552 1161 731 1231 χειρὸς
780 1160 980 1232 κοτύλη
1034 1161 1169 1233 πρὸς
1208 1160 1439 1227 πέλαγος
1484 1157 1623 1220 ὅλον,
1654 1155 1812 1209 τοῦτο
1835 1157 1983 1208 πᾶσα

403 1251 632 1323 δύναμις
664 1252 837 1321 λόγων
885 1254 1020 1326 πρὸς
1051 1254 1151 1325 τὴν
1183 1252 1461 1322 ἄφραστον
1494 1251 1589 1304 καὶ
1614 1247 1983 1318 ἀπερίληπτον

402 1358 583 1410 φυσιν.

2080 523 2181 565 ses
2215 522 2326 563 non
2358 508 2609 563 nominis
2660 508 2973 563 habuerunt
3007 508 3396 579 cognitionem,
3446 516 3501 564 et
3522 512 3668 579 quod

2082 600 2256 656 Deum
2289 617 2451 661 nemo
2487 601 2621 655 vidit
2648 617 2892 672 unquam
2928 603 2971 633 "
2997 643 3012 669 ,
3046 610 3101 657 et
3130 604 3283 657 novit
3310 603 3489 671 ipsum
3538 603 3668 657 nul-

2080 691 2173 746 lus
2211 691 2517 755 hominum,
2541 707 2718 761 neque
2750 690 2933 747 videre
2963 700 3142 761 potest
3170 694 3212 724 "
3241 712 3253 747 :
3287 692 3543 762 quodque
3558 694 3667 748 cir-

2082 800 2212 839 cum
2260 783 2438 852 ipsum
2491 784 2581 837 lux
2622 782 3025 839 inacccssibilis
3072 793 3127 838 et
3182 785 3485 854 majestatis
3544 786 3666 853 ejus

2088 874 2508 944 comprehensio
2557 889 2665 928 non
2696 884 2803 937 est,
2850 874 3096 946 quandiu
3141 874 3255 929 haec
3314 875 3667 944 proferuntur

2084 983 2118 1022 a
2178 968 2340 1023 nobis
2392 975 2558 1036 atque
2617 968 2938 1023 creduntur.
2996 967 3281 1033 Quomodo
3329 982 3509 1021 sermo
3571 966 3665 1036 qui

2088 1062 2323 1132 aliquam
2355 1059 2424 1116 de
2454 1061 2669 1115 inﬁnita
2712 1069 2909 1115 natura
2943 1076 3039 1131 per
3081 1060 3319 1115 nominis
3350 1059 3667 1129 signiﬁcan-

2086 1153 2239 1217 tiam,
2274 1150 2824 1221 comprehensionem
2874 1158 2929 1205 et
2958 1150 3462 1220 interpretationem
3510 1149 3668 1219 polli-

2088 1256 2265 1309 cetur,
2296 1245 2491 1301 similis
2512 1255 2597 1300 est
2630 1244 2680 1299 ei
2710 1244 2803 1315 qui
2838 1244 3061 1315 propria
3092 1258 3257 1298 manu
3308 1258 3470 1297 omne
3511 1238 3700 1311 putat'

2088 1336 2377 1407 complecti
2404 1339 2583 1391 mare?
2647 1337 2795 1407 quod
2836 1337 2981 1391 enim
3029 1345 3113 1390 est
3171 1350 3367 1390 manus
3414 1336 3535 1390 vola
3596 1332 3665 1389 ad

402 1434 577 1490 totum
601 1438 849 1509 pelagus,
892 1438 995 1493 hoc
1038 1439 1219 1494 omnis
1277 1434 1549 1493 sermonis
1580 1434 1665 1490 vis
1713 1432 1830 1490 sive
1883 1430 2124 1502 petentia
2195 1430 2264 1484 ad
2331 1428 2662 1485 ineﬂabilem
2702 1430 2778 1484 ἐι
2848 1428 3454 1499 incomprehensibilem
3506 1436 3668 1483 natu-

404 1545 545 1583 ram.

475 1620 659 1676 Ταῦτα
680 1620 738 1676 δέ
766 1637 966 1691 φαμεν,
1010 1619 1108 1688 οὑχ
1131 1618 1205 1681 ὡς
1238 1617 1560 1689 ἀρνούμενοι
1585 1615 1645 1668 τὸ
1672 1613 1985 1683 ἅγεννήτως

394 1712 542 1770 τεῖναι
567 1715 660 1768 τὸν
692 1714 932 1784 Πατέρα,
967 1712 1075 1765 οὐδ’
1105 1711 1180 1775 ὡς
1204 1710 1279 1781 μὴ
1310 1708 1677 1778 συντιθέμενοι
1697 1706 1775 1776 τῷ
1792 1721 1985 1773 γεννη-

2168 1604 2289 1661 llaec
2312 1618 2447 1659 vero
2477 1602 2733 1668 dicimus,
2776 1619 2884 1657 non
2932 1605 3077 1675 quod
3112 1606 3419 1663 inﬂeiemur
3452 1609 3665 1673 Patrem

2097 1696 2259 1751 modo
2320 1696 2563 1765 ingenito
2612 1711 2770 1762 esse;
2812 1712 2988 1766 neque
3034 1706 3093 1752 ut
3145 1715 3255 1754 non
3300 1704 3667 1759 assentiamur

403 1809 495 1861 τὸν
524 1804 660 1860 εἶναι
687 1805 778 1859 τὸν
806 1779 1084 1872 Μονογενῆ
1110 1779 1275 1856 Θεὸν.
1304 1800 1464 1853 Ἀλλὰ
1485 1800 1576 1854 καί
1620 1794 1771 1861 οὗτος
1793 1795 1983 1865 γεγέν-

2095 1786 2442 1858 Uuigenitum
2473 1786 2663 1855 Deum,
2703 1789 2943 1857 genitum
2972 1805 3111 1845 esse.
3157 1788 3264 1846 Sed
3289 1802 3343 1847 et
3373 1793 3460 1846 hic
3502 1795 3655 1865 geni-

406 1916 582 1969 νηται,
616 1898 865 1959 κάκεῖνος
896 1896 967 1948 οὐ
993 1894 1338 1964 γεγέννηται.
1363 1892 1430 1946 Τί
1452 1893 1508 1946 δὲ
1540 1890 1679 1945 κατὰ
1698 1890 1797 1962 τὴν
1823 1888 1984 1959 φύσιν

405 1991 551 2044 ἐστὶν
582 1993 610 2044 ό
624 1990 749 2059 δίχα
780 1989 1087 2058 γεννήσεως
1106 1985 1181 2039 ὢν
1203 1986 1298 2039 καὶ
1313 1983 1670 2055 γεγεννῆσθαι
1694 1999 1985 2037 πεπιστευ-

408 2082 589 2151 μένος,
621 2082 685 2133 ὲκ
703 2080 805 2151 τῆς
832 2078 927 2132 τοῦ
960 2077 1289 2149 γεννηθῆναι
1317 2077 1411 2131 καὶ
1448 2076 1523 2147 μὴ
1547 2075 1871 2146 γεννηθῆναι
1891 2092 1985 2145 ση-

408 2173 608 2243 μασίας
661 2173 763 2224 οὑκ
810 2170 1185 2241 ἐδιδάχθημεν.
1223 2169 1483 2232 Εἰπόντες
1518 2168 1627 2239 γὰρ
1657 2170 1738 2222 ὅτι
1770 2161 1923 2230 οὗτος
1948 2166 1983 2236 ἢ

403 2264 747 2333 γεγέννηται,
767 2263 801 2333 ἢ
828 2263 888 2315 οὑ
911 2261 1250 2331 γεγέννηται,
1279 2260 1473 2330 διπλῆν
1500 2258 1871 2330 ὲντυπούμεθα
1897 2258 1987 2312 διὰ

402 2354 513 2407 τῶν
542 2355 845 2425 εἰρημένων
875 2354 1112 2407 διάνοιαν
1135 2368 1149 2383 ·
1185 2352 1262 2423 τῷ
1298 2353 1396 2424 μὲν
1424 2351 1681 2423 δεικτικῷ
1708 2352 1800 2405 τοῦ
1826 2351 1984 2420 λόγου

403 2445 540 2515 πρὸς
563 2446 623 2498 τὸ
649 2445 1005 2515 ὑποκείμενον
1042 2444 1350 2514 βλέποντες,
1374 2442 1454 2514 τῷ
1492 2444 1550 2497 δὲ
1588 2444 1625 2495 Γ
1629 2443 1930 2513 εγέννηται,
1948 2444 1983 2514 ἢ

404 2539 482 2591 Οὐ
512 2538 855 2608 γεγέννηται,
892 2536 952 2589 τὸ
992 2535 1071 2606 τῷ
1102 2535 1449 2605 ὑποκειμένῳ
1478 2534 1987 2606 προσθεωρούμενον

402 2627 784 2698 διδασκόμεθα.
828 2628 917 2689 Ὣς
965 2626 1093 2681 ἄλλο
1142 2626 1240 2695 μέν
1269 2642 1322 2678 τι
1354 2626 1483 2695 περὶ
1513 2623 1605 2677 τοῦ
1638 2624 1789 2688 όντος
1825 2627 1983 2691 νοεῖν,

406 2720 535 2774 ἄλλο
562 2720 618 2773 δέ
665 2736 717 2772 τι
750 2720 878 2790 περὶ
915 2718 1009 2772 τοῦ
1044 2717 1512 2788 ὲπιθεωρουμένου
1549 2716 1627 2788 τῷ
1650 2717 1783 2770 ὄντι.
1828 2716 1987 2772 Ἀλλὰ

406 2814 501 2866 καὶ
520 2812 679 2866 παντὶ
706 2813 929 2883 ὀνόματι
952 2811 1031 2883 τῷ
1055 2813 1183 2882 περὶ
1202 2813 1302 2881 τὴν
1330 2812 1481 2864 θείαν
1501 2808 1776 2881 λεγομένῳ
1802 2809 1983 2879 φύσιν,

408 2906 469 2975 τὸ
502 2905 635 2959 ἐστι
663 2906 880 2967 πάντως
912 2905 1362 2969 συνυπακούεται,
1394 2898 1504 2956 οίον
1526 2903 1751 2968 δίκαιος,
1773 2903 1985 2973 ἄφθαρ-

406 3013 517 3061 τος,
550 2996 815 3059 ἀθάνατός
835 3013 895 3048 τε
930 2996 1025 3049 καὶ
1051 2997 1367 3066 άγέννητος,
1412 2996 1505 3050 καὶ
1526 2996 1577 3049 εί
1602 3012 1657 3048 τι
1684 2996 1871 3067 ἓτερον
1892 2996 1985 3049 λέ-

408 3105 585 3157 γεται,
617 3088 719 3141 κᾶν
751 3087 825 3159 μὴ
871 3091 939 3158 τῇ
996 3091 1145 3159 φωνῇ
1208 3087 1707 3159 συμπαρομαρτῶν
1738 3087 1877 3159 τύχῃ
1926 3088 1987 3143 τὸ

410 3181 562 3249 ῥῆμα
591 3180 765 3233 τοῦτο.
807 3179 943 3231 Ἀλλ’
976 3181 1009 3249 ἡ
1034 3180 1240 3233 διάνοια
1258 3180 1474 3243 πάντως
1494 3179 1587 3232 τοῦ
1616 3179 1986 3249 φθεγγομένου

408 3273 502 3325 καὶ
533 3270 630 3323 τοῦ
652 3270 961 3335 ἀκούοντος,
986 3272 1061 3341 τῷ
1085 3270 1217 3324 ἔστι
1252 3271 1683 3341 προσαπαρτίζει
1714 3270 1776 3323 τὸ
1796 3271 1986 3340 ὄνομα,

408 3361 487 3426 ὡς
505 3366 553 3415 εἰ
582 3363 656 3432 μὴ
690 3361 848 3416 τοῦτο
876 3362 1217 3433 προσκέοιτο,
1242 3362 1383 3415 κατὰ
1411 3360 1568 3414 κενοῦ
1594 3361 1691 3431 τὴν
1718 3378 1989 3432 προσηγο-

411 3455 534 3523 ρίαν
554 3454 793 3506 πίπτειν·
831 3448 939 3508 οἷον
962 3454 1342 3525 (κρεῖττονγὰρ
1361 3454 1417 3505 ὲν
1439 3452 1794 3521 ὑποδείγματι
1812 3470 1989 3525 παρα-

411 3546 605 3615 στῆσαι
646 3543 736 3596 τὸν
776 3543 974 3614 λόγον),
998 3542 1239 3606 εἰπόντος
1268 3541 1361 3594 τοῦ
1401 3540 1564 3595 Δαϐἰδ
1588 3582 1604 3606 ,
1632 3542 1714 3594 ὅτι
1752 3542 1813 3595 '0
1844 3542 1987 3608 Θεὸς

404 3632 617 3701 κριτὴς
644 3633 872 3699 δίκαιος
892 3636 988 3687 καὶ
1013 3633 1264 3701 ἰσχυρὸς
1276 3633 1373 3685 καί
1393 3631 1805 3702 μακρόθυμοςσ
1835 3634 1885 3685 εἰ
1912 3631 1986 3702 μὴ

412 3723 837 3777 συνυπακούοιτο
863 3724 969 3776 τῶν
997 3722 1446 3793 κατειλημμένων
1474 3722 1752 3793 ὀνομάτων
1773 3722 1986 3794 έκάστῳ

409 3814 471 3868 τὸ
504 3814 660 3878 ἐστὶ,
720 3816 922 3886 ματαία
970 3814 1096 3879 δόξα
1122 3816 1216 3867 καὶ
1243 3814 1612 3877 ἀνυπόστατος
1634 3816 1669 3886 ἡ
1697 3815 1805 3869 τῶν
1824 3831 1988 3887 προσ-

407 3908 648 3979 ηγοριῶν
681 3907 1079 3979 άπαρίθμησις,
1125 3906 1262 3978 πρὸς
1293 3906 1444 3959 οὐδὲν
1470 3906 1825 3977 ὑποκείμενον
1843 3910 1983 3979 ὲρει-

407 4000 604 4071 δομένη
629 4018 644 4033 ’
682 3999 1190 4071 συνυπακουομένου
1225 3999 1283 4053 δὲ
1324 3997 1417 4051 τοῦ
1446 3999 1618 4052 ἐστὶν
1640 4000 1855 4071 ἑκάστῳ
1875 4000 1984 4053 τῶν

408 4093 708 4162 ὀνομάτων,
765 4092 972 4162 ἰσχύσει
1005 4092 1221 4155 πάντως
1252 4089 1320 4144 τὰ
1371 4090 1636 4161 εἰρημένα
1681 4092 1810 4162 περὶ
1841 4092 1902 4144 τὸ
1924 4092 1984 4145 ὃν

409 4182 781 4253 θεωρούμενα.
811 4183 1021 4253 ’Ὠσπερ
1048 4182 1223 4237 τοίνυν
1250 4181 1495 4243 εἰπόντες
1519 4182 1601 4234 ὅτι
1627 4187 1820 4253 κριτής
1843 4184 1979 4248 ἐστι,

406 4274 494 4327 διὰ
554 4273 652 4344 μὲν
704 4274 803 4344 τῆς
855 4273 1107 4344 κρίσεως,
1151 4273 1432 4344 ἐνέργειάν
1484 4290 1607 4327 τινα
1637 4274 1766 4345 περὶ
1816 4275 1983 4343 μὺτὸν

408 4366 730 4435 ὲνοήσαμεν·
782 4364 869 4416 διὰ
926 4364 983 4417 δὲ
1027 4364 1122 4417 τοῦ
1176 4365 1307 4418 ἐστί
1372 4362 1451 4434 τῷ
1511 4363 1852 4436 ὑποκειμένῳ
1890 4368 1981 4420 τὸν

2090 1888 2180 1935 tus
2207 1889 2292 1934 cst
2321 1887 2375 1934 et
2405 1879 2497 1932 ille
2538 1894 2649 1933 non
2678 1880 2917 1948 genitus.
2951 1879 3093 1947 Quid
3139 1893 3319 1937 autem
3366 1888 3667 1941 secundum

2090 1980 2343 2025 naturam
2369 1978 2455 2025 est
2483 1970 2629 2040 quod
2669 1971 2789 2026 sine
2821 1973 3175 2040 generatione
3196 1982 3250 2029 et
3269 1977 3511 2045 genitum
3545 1992 3670 2034 esse

2091 2062 2354 2128 creditur,
2384 2077 2448 2115 ex
2481 2061 2882 2131 signiﬁcatione
2906 2064 3076 2133 geniti
3106 2073 3159 2119 et
3191 2081 3301 2120 non
3336 2068 3503 2137 geniti
3554 2084 3665 2124 non

2084 2170 2287 2211 sumus
2316 2153 2517 2209 edocti.
2553 2154 2689 2208 Cum
2730 2155 2875 2209 enim
2904 2156 3159 2221 dicimus,
3189 2157 3276 2212 hic
3313 2160 3396 2214 vel
3454 2161 3669 2230 genitus

2091 2253 2198 2310 est,
2231 2246 2316 2302 vel
2348 2262 2458 2300 non
2491 2254 2575 2300 est
2603 2248 2844 2315 genitus,
2881 2248 3154 2319 duplicem
3186 2251 3549 2309 informamus
3575 2270 3670 2325 per

2093 2338 2210 2393 haec
2263 2337 2409 2392 dicta
2456 2337 2913 2407 intelligentiam:
2960 2339 3395 2397 demonstrativo
3448 2345 3669 2414 quidem

2090 2430 2441 2501 pronomine,
2474 2429 2541 2483 ad
2578 2430 2885 2499 subjectum
2909 2432 3289 2502 respicientes,
3323 2437 3491 2489 verbo
3540 2452 3671 2490 vero

2090 2524 2312 2594 genitus
2334 2530 2441 2586 est,
2469 2522 2552 2576 vel
2584 2537 2692 2577 non
2710 2524 2928 2593 genitus
2956 2533 3061 2591 est,
3092 2524 3142 2579 id
3177 2526 3319 2595 quod
3345 2526 3398 2580 in
3422 2526 3672 2596 subjecto

2093 2614 2483 2670 consideratur
2514 2612 2801 2669 docemur.
2836 2617 2911 2669 Ita
2953 2624 3012 2669 ut
3067 2618 3198 2687 quid
3250 2618 3397 2673 aliud
3449 2621 3669 2690 quidem

2091 2707 2160 2762 de
2189 2722 2255 2761 eo
2279 2704 2427 2776 quod
2461 2714 2545 2759 est
2567 2705 2957 2775 intelligamus,
2986 2708 3132 2762 aliud
3163 2724 3291 2762 vero
3320 2708 3389 2764 de
3428 2725 3495 2764 eo
3523 2710 3671 2781 quod

2092 2796 2494 2862 consideratur.
2555 2797 2607 2850 in
2654 2812 2718 2851 eo
2755 2797 2901 2866 quod
2934 2806 3035 2851 est.
3097 2796 3407 2864 Quinetiam
3447 2799 3502 2854 in
3550 2817 3670 2856 om-

2106 2889 2163 2944 ni
2197 2890 2421 2943 nomine
2472 2889 2618 2958 quod
2664 2889 2732 2943 de
2775 2888 2958 2943 divina
3027 2898 3217 2944 natura
3262 2891 3483 2954 dicitur,
3524 2909 3672 2953 sem-

2092 2995 2189 3050 per
2225 2980 2553 3037 subauditur
2586 2982 2811 3035 omnino
2846 2981 2951 3035 lioc
2984 2982 3209 3036 verbum
3244 2994 3344 3048 est,
3376 2992 3434 3039 ut
3456 2986 3666 3055 justus,

2099 3071 2477 3145 incorruptus,
2494 3073 2820 3129 immortalis
2838 3082 2892 3129 et
2912 3074 3206 3145 ingenitus,
3226 3084 3279 3129 et
3296 3076 3343 3130 si
3365 3078 3495 3148 quid
3526 3080 3673 3135 aliud

2014 3142 2057 3200 (ἶ
2091 3164 2314 3231 dicitur,
2355 3166 2570 3220 etiamsi
2602 3166 2702 3221 hoc
2729 3166 2951 3221 verbum
2977 3206 2990 3231 ,
3023 3183 3216 3237 nempe
3244 3177 3358 3232 est,
3392 3185 3527 3224 voce
3561 3187 3672 3226 non

2089 3260 2423 3314 enuntietur.
2468 3260 2575 3314 Sed
2614 3260 2969 3329 intelligentia
3012 3268 3067 3315 et
3109 3276 3263 3316 mens
3305 3262 3578 3331 loquentis
3618 3270 3676 3319 et

2094 3350 2370 3405 audientis
2406 3367 2607 3406 nomen
2636 3350 2859 3421 adoptat
2900 3352 3068 3405 verbo
3094 3362 3197 3415 est,
3231 3352 3303 3406 ita
3336 3363 3394 3406 ut
3432 3355 3538 3409 nisi
3568 3354 3675 3410 hoc

2095 3442 2364 3511 adjaceat,
2416 3444 2694 3498 incassum
2742 3444 3033 3514 appellatio
3074 3445 3253 3499 cadat.
3301 3445 3460 3502 Verbi
3497 3448 3673 3517 gratia

2094 3535 2338 3604 (praestat
2384 3537 2530 3590 enim
2584 3536 2886 3589 orationem
2934 3539 3197 3606 exemplis
3247 3538 3428 3593 animo
3473 3554 3674 3609 reprae-

2087 3637 2326 3701 sentare)
2362 3648 2487 3687 cum
2519 3632 2657 3686 dixit
2689 3631 2879 3697 David,
2919 3632 3065 3702 quod
3107 3632 3245 3687 Deus
3292 3632 3462 3702 judex
3488 3634 3672 3703 justus

2085 3734 2133 3778 et
2182 3725 2359 3793 fortis,
2413 3735 2465 3779 ει
2522 3724 2837 3794 longanimis
2897 3726 2981 3791 ¹⁹;
3040 3724 3147 3780 nisi
3201 3726 3563 3782 subaudiatur
3610 3728 3672 3783 in

2085 3832 2302 3887 quoque
2350 3817 2633 3872 nominum
2678 3833 2803 3887 qua:
2849 3816 2953 3871 hoc
2998 3817 3269 3873 versiculo
3312 3820 3673 3889 comprehen-

2084 3907 2312 3971 duntur,
2355 3909 2582 3963 verbum
2625 3918 2735 3970 est,
2776 3922 2915 3961 vana
2962 3909 3178 3977 opinio,
3219 3920 3272 3963 et
3317 3926 3438 3979 qua:
3483 3912 3673 3983 nequit

2085 3999 2387 4054 subsistere
2445 3999 2867 4069 appellationum
2920 4001 3295 4066 enumeratio,
3346 4018 3469 4057 cum
3520 4004 3672 4059 nullo

2066 4091 2334 4160 subjecto
2368 4091 2440 4145 sit
2468 4089 2603 4144 fulta
2630 4100 2681 4145 et
2716 4090 2924 4145 innixa.
2963 4090 3021 4143 Si
3046 4106 3177 4147 vero
3206 4091 3262 4145 in
3302 4093 3534 4163 singulis
3568 4108 3669 4149 no-

2082 4184 2324 4239 minibus
2370 4184 2457 4241 bis
2502 4184 2863 4239 subaudiatur
2912 4183 3141 4238 verbum
3190 4192 3299 4249 est,
3354 4183 3463 4238 vim
3518 4194 3667 4241 certe

2084 4273 2361 4329 habebunt
2399 4290 2461 4328 ea
2498 4289 2621 4343 qua:
2661 4274 2805 4328 dicta
2846 4283 2979 4328 sunt
3017 4289 3141 4328 cum
3188 4274 3244 4328 in
3295 4290 3362 4329 eo
3409 4277 3553 4345 quod
3581 4284 3666 4333 est

2081 4367 2521 4421 considerantur.
2551 4366 3020 4431 Quemadmodum
3050 4365 3196 4421 enim
3226 4381 3350 4421 cum
3384 4365 3622 4424 dicimus

407 4455 532 4507 νοῦν
581 4455 954 4525 ἐπεϐάλομεν,
996 4454 1182 4524 σαφῶς
1225 4454 1597 4526 διδασκόμενοι
1627 4455 1714 4509 διὰ
1752 4458 1976 4524 τούτων,

2083 4456 2225 4525 quod
2260 4455 2427 4524 judex
2467 4466 2570 4519 est,
2612 4471 2705 4525 per
2737 4454 3004 4525 judicium
3035 4457 3253 4527 quidem
3287 4456 3662 4527 operationem

411 4546 485 4617 μὴ
517 4546 607 4599 τὸν
634 4547 797 4600 αὑτὸν
836 4546 1076 4617 νομίζειν
1098 4549 1165 4617 τῇ
1204 4546 1472 4617 ἐνεργείᾳ,
1495 4546 1585 4600 τὸν
1614 4547 1708 4599 τοῦ
1730 4544 1868 4601 εἶναι
1893 4548 1981 4602 λό-

407 4655 522 4706 γον.
551 4638 737 4700 Οὑτως
769 4638 863 4691 καὶ
894 4639 958 4691 ἐκ
982 4637 1074 4690 τοῦ
1110 4640 1301 4702 εἰπεῖν,
1335 4637 1415 4690 ὃτι
1438 4638 1724 4705 γεννητὸς
1752 4638 1783 4711 ἢ
1811 4638 1984 4709 ἀγέν-

404 4731 587 4798 νητός
622 4734 731 4785 ἐστι
745 4770 759 4791 ,
786 4729 1079 4801 μερίςομεν
1098 4729 1232 4800 πρὸς
1247 4730 1437 4798 διπλῆν
1457 4729 1720 4799 ὑπόληψιν
1738 4732 1835 4800 τὴν
1863 4732 1980 4785 διά-

405 4840 575 4876 νοιαν·
602 4822 690 4874 διὰ
714 4821 813 4891 μὲν
833 4821 924 4874 τοῦ
947 4821 1079 4874 ἐστί
1108 4821 1352 4884 νοοῦντες
1379 4822 1439 4873 τὸ
1486 4822 1863 4892 ὑποκείμενον,
1892 4822 1980 4876 διὰ

404 4915 461 4967 δὲ
493 4915 587 4967 τοῦ
619 4912 909 4984 γεννητὸς
950 4913 983 4982 ἢ
1017 4912 1365 4981 ἀγέννητος,
1405 4912 1465 4964 τὸ
1496 4912 1695 4982 προσὸν
1732 4912 1811 4982 τῷ
1847 4913 1977 4965 ὑπο-

404 5007 639 5077 κειμένῳ
668 5005 1196 5076 καταλαμϐάνοντες.
1230 5004 1496 5073 Καθάπερ
1521 5003 1695 5054 τοίνυν
1721 5003 1915 5073 κριτὴν
1941 5003 1974 5073 ἢ

407 5099 755 5171 μακρόθυμον
784 5097 933 5167 παρὰ
964 5097 1058 5151 τοῦ
1087 5098 1248 5150 Δαὸὶδ
1270 5094 1405 5149 εἶναι
1437 5097 1528 5148 τὸν
1551 5096 1680 5149 Θεὸν
1703 5097 1978 5167 διδαχθέν-

401 5203 513 5251 τες,
565 5189 623 5239 οὐ
671 5186 769 5256 τὴν
814 5184 962 5239 θείαν
1011 5184 1219 5251 οὐσίαν,
1257 5185 1392 5238 ἀλλά
1423 5202 1474 5236 τι
1516 5185 1623 5238 τῶν
1655 5188 1781 5257 περί
1808 5188 1976 5258 αὐτὴν

402 5279 787 5349 θεωῳυμένων
836 5277 1113 5349 ἐμάθομεν
1136 5296 1149 5309 ·
1202 5276 1375 5341 οὕτως
1408 5278 1500 5330 καὶ⁸
1527 5278 1776 5342 ἐνταῦθα,
1808 5278 1868 5331 τὸ
1903 5280 1976 5350 μὴ

401 5373 755 5443 γεγεννῆσθαι
783 5372 1135 5435 ἀκούσαντες,
1182 5372 1243 5423 οὑ
1281 5371 1340 5424 τὸ
1373 5370 1728 5440 ὑποκείμενον
1756 5371 1843 5425 διὰ
1880 5372 1977 5441 τῆς

400 5464 766 5533 ἁπεμφάσεως
794 5464 1037 5535 ἔγνωμεν
1057 5482 1070 5494 ·
1102 5463 1236 5518 ἀλλὰ
1274 5464 1326 5516 τί
1354 5464 1415 5517 ού
1449 5465 1553 5535 χρὴ
1589 5463 1718 5533 περὶ
1747 5464 1807 5516 τὸ
1840 5464 1975 5516 ὑπο-

408 5555 649 5626 ιείμενον
682 5560 819 5613 νοεῖν
848 5557 1228 5629 ὼδηγήθημεν.
1258 5558 1332 5611 Τὸ
1357 5558 1415 5611 δὲ
1453 5559 1569 5611 κατ’
1601 5556 1789 5610 οὐσίαν
1820 5556 1847 5608 ὅ
1920 5550 1974 5606 τί

471 5739 512 5768 ⁸⁷
540 5737 697 5796 Joan.
737 5757 775 5806 ι,
822 5739 903 5795 18.

2083 4548 2372 4616 ψιοωᾱοιη
2422 4548 2474 4602 in
2522 4549 2641 4617 ipso
2675 4547 3083 4611 intelleximus;
3123 4564 3217 4618 per
3264 4550 3486 4605 verbum
3534 4568 3662 4607 vero

2077 4648 2178 4704 est,
2218 4640 2284 4693 ad
2320 4641 2628 4710 subjectum
2673 4650 2909 4695 mentem
2962 4641 3294 4711 appulimus,
3329 4650 3514 4710 aperte
3566 4659 3663 4713 per

2079 4732 2192 4786 haec
2222 4732 2423 4794 edocti,
2467 4748 2575 4787 non
2614 4732 2859 4787 eamdem
2898 4746 3021 4787 esse
3064 4732 3381 4786 existimare
3422 4742 3580 4787 actus
3608 4744 3663 4789 et

2075 4821 2330 4877 essentia:
2362 4823 2651 4877 rationem.
2696 4821 2787 4876 Sic
2819 4823 2987 4878 etiam
3020 4840 3086 4877 ex
3130 4838 3196 4877 eo
3230 4824 3374 4892 quod
3405 4823 3662 4892 dicimus,

2077 4913 2223 4982 quod
2261 4914 2466 4983 genitus
2511 4924 2611 4977 est,
2664 4914 2748 4969 vel
2792 4914 3079 4981 ingenitus,
3135 4914 3190 4968 iu
3244 4914 3515 4984 duplicem
3564 4933 3662 4971 no-

2078 5006 2275 5058 tionem
2311 5004 2725 5074 intelligentiam
2767 5013 3011 5059 noslram
3043 5005 3347 5074 partimur;
3398 5022 3521 5060 nam
3569 5024 3661 5076 per

2078 5096 2302 5150 verbum
2336 5108 2436 5158 est,
2467 5097 2822 5166 intelligimus
2846 5097 3153 5164 subjectum
3182 5113 3196 5161 ;
3225 5106 3277 5151 et
3298 5112 3394 5166 per
3417 5098 3659 5167 genitum

2078 5189 2160 5240 vel
2196 5188 2516 5258 ingenitum,
2545 5188 2597 5241 id
2630 5187 2773 5257 quod
2820 5187 2975 5243 adest
3019 5188 3269 5257 subjecto
3310 5190 3661 5258 comprehen-

2078 5280 2281 5335 dimus.
2318 5279 2787 5345 Quemadmodum
2814 5280 2977 5350 igitur
2997 5279 3259 5350 judicem,
3277 5281 3374 5362 ,νει
3408 5280 3660 5350 longani-

2070 5384 2211 5423 mem
2228 5386 2349 5425 esse
2371 5370 2537 5426 Deum
2568 5386 2597 5424 a
2626 5371 2833 5427 Davide
2854 5388 2979 5426 cum
3005 5373 3150 5428 docti
3171 5390 3384 5438 sumus,
3401 5390 3507 5429 non
3522 5376 3656 5430 divi-

2068 5478 2194 5515 nam
2218 5464 2537 5527 essentiam,
2560 5464 2656 5520 sed
2678 5480 2867 5520 eorum
2886 5465 3090 5537 aliquid
3111 5483 3232 5536 qua:
3257 5468 3311 5521 in
3336 5467 3450 5537 ipsa
3469 5469 3655 5523 consi-

2068 5552 2335 5610 derantur
2386 5556 2831 5616 didicimuszsic
2866 5568 2917 5615 et
2964 5559 3051 5616 hic
3080 5576 3190 5615 non
3243 5560 3485 5631 genitum
3529 5576 3652 5616 esse

993 5742 1088 5793 ¹⁸ι
1136 5738 1275 5794 Tim.
1319 5754 1393 5804 vi,
1436 5738 1521 5793 ιϐ.
1599 5736 1643 5769 ³⁸
1694 5734 1839 5792 Psal.
1871 5748 2053 5798 cxuv,
2084 5734 2131 5795 8,
