4138 6364
490 309 595 366 763

1747 310 1807 370 S.
1845 307 2173 366 GREGORII
2205 306 2490 363 NYSSENI

3654 308 3757 364 764

489 429 795 495 audientes,
838 442 947 482 non
992 425 1299 496 subjectum
1333 440 1433 496 per
1465 423 1605 477 hanc
1645 422 2068 479 declarationem

2179 420 2305 473 ποτέ
2334 421 2500 486 ἐστιν,
2542 418 2693 473 οὐδὲν
2745 411 2909 491 ἧττον
2958 420 3016 471 ὲν
3055 417 3235 489 ἀδήλῳ
3283 418 3463 489 μένει·
3495 419 3636 473 οὕτω
3660 423 3759 476 καὶ

492 520 765 581 novimus,
802 518 894 573 sed
928 517 1129 588 aliquid
1165 514 1455 587 quod-non
1482 520 1700 584 oportet
1727 512 1795 567 de
1824 512 2071 580 subjecto

492 617 671 664 mente
703 608 993 678 concipere
1038 606 1247 660 inducti
1292 620 1522 659 sumus:
1570 603 1716 674 quod
1752 611 1932 656 autem
1982 616 2072 655 se-

493 700 733 754 cundum
762 701 1060 755 essentiam
1089 698 1349 767 quidnam
1374 696 1595 750 tandem
1619 704 1700 749 est
1717 692 2073 748 nihilominus

493 808 547 847 tu
578 794 813 847 obscuro
842 801 1043 846 manet.
1077 791 1169 845 Sic
1210 790 1374 844 etiam
1404 805 1524 841 cum
1559 794 1748 842 saneta
1791 786 2074 855 Scriptura

494 884 701 952 reliqua
754 882 937 936 divina
990 883 1210 936 nomina
1255 880 1322 935 de
1368 894 1434 933 ευ
1485 877 1631 948 quod
1681 884 1767 932 est
1808 878 2074 943 enuntiat,

494 975 670 1043 ipsum
706 987 835 1026 vero
878 971 1266 1026 innominabile
1297 969 1430 1025 Mosi
1470 968 1657 1023 tradit.
1686 966 1787 1033 Qui
1818 983 1950 1037 ergo
1978 981 2076 1020 na-

494 1072 669 1117 turam
688 1063 807 1131 ejus
835 1062 981 1130 quod
1002 1070 1085 1115 est
1115 1059 1327 1130 aperire
1350 1075 1409 1115 se
1428 1058 1731 1129 proﬁtetur,
1761 1059 2077 1126 neutiquam

493 1169 556 1207 ea
590 1169 711 1222 qua:
746 1161 874 1208 sunt
896 1154 964 1207 de
1014 1167 1080 1207 eo
1127 1152 1271 1221 quod
1323 1161 1407 1206 est
1450 1150 1703 1219 explicet,
1762 1149 1857 1204 sed
1904 1150 2077 1217 ipsam

494 1245 611 1299 suis
639 1245 819 1299 verbis
850 1244 895 1299 si
928 1251 1105 1314 potest
1126 1244 1285 1298 nobis
1313 1243 1564 1313 explanet
1596 1248 1870 1295 naturam.
1899 1239 2078 1305 Quod-

494 1353 711 1407 cunque
751 1336 897 1392 enim
941 1351 1137 1391 nomen
1167 1335 1394 1396 dixeris,
1426 1333 1609 1389 estde
1653 1349 1719 1389 eo
1764 1333 1910 1403 quod
1951 1341 2076 1399 est;

496 1444 606 1483 non
636 1428 767 1481 illud
799 1434 883 1482 est
932 1446 945 1482 :
992 1427 1192 1492 bonus,
1236 1426 1531 1496 ingenitus,
1592 1425 1688 1481 sed
1730 1425 1877 1493 quod
1922 1432 2007 1480 est
2046 1440 2079 1478 a

496 1520 648 1573 nullo
688 1519 883 1573 horum
911 1518 1201 1573 deseritur.
1239 1516 1414 1586 Hujus
1456 1517 1619 1587 igitur
1648 1517 1740 1586 qui
1779 1528 1862 1571 est
1900 1516 2078 1572 bonus

496 1618 551 1663 et
597 1609 689 1679 qui
735 1617 820 1664 est
870 1609 1165 1679 ingenitus,
1217 1608 1379 1662 sicuti
1433 1615 1517 1662 est
1561 1607 1930 1663 deﬁnitionem
1983 1607 2080 1677 qui

498 1700 839 1755 redditurum
868 1717 926 1755 se
956 1700 1261 1770 pollicetur,
1295 1715 1465 1755 vanus
1492 1700 1674 1762 fuerit,
1708 1700 1835 1754 dum
1868 1716 1929 1755 ea
1956 1716 2079 1771 qua:

2173 513 2273 583 τῆς
2300 512 2463 580 ἁγίας
2491 512 2710 582 Γραφῆς
2751 513 2818 564 τὰ
2848 510 2947 581 μὲν
2973 510 3134 563 λοιπὰ
3159 511 3264 563 τῶν
3289 511 3451 565 θείων
3474 513 3755 583 ὀνομάτων

2175 602 2317 658 κατὰ
2354 603 2448 656 τοῦ
2498 604 2654 667 δντος
2692 602 3123 674 κατηγορούσης,
3155 604 3285 659 αὐτὸ
3319 603 3375 657 δὲ
3411 605 3471 657 τὸ
3499 605 3557 658 ὃν
3594 607 3758 660 άκατ-

2174 696 2472 766 ονὸμαστον
2496 695 2574 766 τῷ
2600 698 2771 767 Μωσῇ
2796 696 3179 767 παραδίδωσιν.
3198 698 3253 751 ’0
3277 697 3454 751 τοίνυν
3482 697 3574 750 τοῦ
3604 696 3755 761 ὄντος

2176 788 2533 842 ὲκκαλύπτων
2583 787 2682 859 τὴν
2721 786 2901 857 φύσιν,
2939 788 3015 860 μὴ
3057 790 3128 842 τά
3165 790 3294 860 περὶ
3316 788 3379 842 τὸ
3417 788 3475 844 ὃν
3490 785 3752 852 διεξιέτω,

2176 879 2290 933 ἀλλ’
2337 879 2506 951 αὐτὴν
2542 882 2674 951 ἡμῖν
2728 880 3041 951 φανερούτω
3070 881 3138 935 δι’
3164 875 3238 935 ὧν
3271 880 3419 950 λέγει
3448 882 3547 952 τὴν
3570 880 3753 950 φύσιν.

2179 973 2296 1027 Πᾶν
2326 972 2435 1043 γάρ
2456 973 2489 1026 ὅ
2514 958 2567 1026 τί
2609 990 2713 1044 περ
2753 972 2819 1027 ἂν
2844 974 3005 1047 εἴπῃς
3031 973 3221 1045 ὄνομα,
3256 975 3383 1045 περὶ
3415 973 3477 1027 τὺ
3499 974 3557 1026 δν
3585 977 3752 1037 ἐστιν,

2177 1064 2278 1117 οὐκ
2316 1063 2497 1117 ἐκεῖνό
2523 1065 2667 1117 ἐστιν
2691 1080 2705 1095 ·
2730 1064 2950 1132 ἀγαθὸς.
2976 1065 3294 1135 άγέννητος,
3320 1064 3457 1119 άλλά
3485 1064 3547 1119 τὸ
3582 1064 3751 1126 ἐστὶν,

2179 1156 2409 1210 ἑκάστου
2444 1154 2648 1210 τούτων
2682 1157 2781 1213 οὐκ
2818 1157 3188 1211 ἀπολείπεται.
3221 1157 3424 1212 Τούτου
3452 1158 3634 1210 τοίνυν
3658 1157 3753 1209 τοῦ

2178 1251 2329 1312 ὄντος
2374 1249 2599 1319 ἀγαθοῦ,
2633 1249 2727 1303 καὶ
2759 1250 2911 1313 ὄντος
2936 1250 3253 1321 ἀγεννήτου,
3281 1249 3463 1313 καθώς
3493 1250 3628 1313 ἔστι,
3661 1250 3754 1303 τὸν

2178 1342 2333 1411 λόγον
2355 1358 2439 1404 τις
2460 1339 2758 1395 ἀποδώσειν
2774 1342 3257 1412 ἐπαγγειλάμενος,
3285 1342 3513 1412 μάταιος
3544 1341 3611 1395 ἂν
3632 1340 3715 1411 είη
3738 1358 3752 1371 ·

2179 1432 2251 1486 τὰ
2282 1432 2378 1504 μὲν
2398 1432 2841 1503 ἐπιθεωρούμενα
2882 1433 3055 1501 λέγων
3076 1447 3091 1461 ·
3126 1432 3300 1502 αὐτὴν
3325 1433 3385 1486 δὲ
3412 1432 3628 1485 σιωπῶν
3655 1431 3755 1502 τὴν

2180 1524 2366 1578 οὐσίαν
2386 1525 2453 1594 ἣν
2481 1523 2802 1595 ἑρμηνεύειν
2841 1524 2920 1596 τῷ
2954 1524 3096 1595 λόγῳ
3134 1523 3653 1592 κατεπαγγέλλεται.
3681 1522 3757 1575 Τδ

2181 1616 2291 1688 γὰρ
2310 1617 2619 1688 άγεννήτως
2651 1612 2810 1677 εἶναι,
2865 1615 2921 1668 ἓν
2960 1616 3070 1669 τῶν
3120 1613 3605 1685 ἐπιθεωρουμένων
3638 1613 3755 1665 ἐστὶ

2180 1708 2258 1779 τῷ
2308 1709 2441 1762 ὅντι.
2478 1709 2668 1773 Ἀλλος
2707 1709 2762 1761 δὲ
2803 1708 2896 1761 τοῦ
2937 1704 3097 1772 εἶναι,
3146 1708 3241 1761 καὶ
3294 1706 3451 1770 ἄλλος
3504 1704 3597 1758 τοῦ
3639 1704 3756 1767 πῶς

498 1793 554 1847 iu
589 1806 653 1846 eo
678 1790 823 1861 quod
868 1802 951 1845 est
993 1791 1432 1854 considerantur,
1468 1808 1721 1848 sermone
1759 1800 1979 1859 tractat,
2013 1792 2078 1848 de

2181 1796 2318 1855 εἶναι
2348 1803 2376 1855 ὁ
2403 1800 2580 1870 λόγος.
2604 1802 2668 1855 "O
2693 1802 2855 1873 μέχρι
2882 1800 2975 1854 τοῦ
3006 1800 3101 1854 νῦν
3125 1800 3362 1871 ἄρῤητόν
3388 1815 3448 1851 τε
3474 1798 3569 1851 καὶ
3595 1797 3755 1864 ἀνερ-

501 1885 618 1954 ipsa
657 1898 787 1937 vero
807 1884 1067 1951 essentia,
1106 1898 1267 1953 quam
1326 1883 1575 1938 oratione
1614 1885 1889 1953 explicare
1921 1885 2081 1955 polli-

2180 1894 2443 1965 μήνευτον
2497 1894 2559 1945 ὲκ
2596 1892 2704 1945 τῶν
2737 1894 3038 1964 εἰρημένων
3082 1892 3247 1944 ἐστίν.
3276 1888 3485 1943 Οὐκοῦν
3510 1904 3756 1959 φανερω-

500 1984 655 2030 εειιιι·
686 1991 753 2030 ue
781 1975 1004 2030 verbum
1039 1975 1279 2045 quidem.
1313 1973 1447 2028 Nam
1484 1976 1722 2045 ingenite
1758 1991 1881 2030 esse
1910 1992 2078 2030 unum

2179 1987 2326 2041 σάτω
2376 1986 2637 2057 πρότερον
2689 1988 2818 2057 ἡμῖν
2862 1987 2933 2039 τὰ
2971 1986 3068 2054 τῆς
3112 1983 3299 2047 οὐσίας
3346 1982 3625 2053 ὀνόματα*
3658 1980 3755 2033 καὶ

499 2077 797 2124 esteorum
828 2083 949 2137 quae
989 2068 1041 2121 in
1086 2084 1151 2122 eo
1198 2067 1289 2138 qui
1340 2077 1423 2122 est
1470 2068 1905 2123 considerantur.
1960 2068 2078 2122 Alia

2179 2079 2297 2131 τότε
2324 2080 2389 2149 τῇ
2423 2077 2731 2149 παραλογίᾳ
2748 2076 2856 2130 τῶν
2893 2074 3270 2148 προσηγοριῶν
3301 2072 3632 2143 διατεμνέτω
3654 2071 3755 2141 τὴν

498 2162 641 2217 enim
684 2160 861 2214 oratio
904 2177 1026 2232 qua:
1075 2160 1210 2215 dicit
1255 2175 1378 2216 esse
1421 2177 1437 2227 ;
1492 2159 1597 2213 alia
1648 2174 1776 2215 vero
1832 2176 1953 2230 quae
2006 2162 2078 2216 ait

2179 2167 2358 2238 φύσιν.
2396 2169 2540 2232 Ἕως
2567 2169 2611 2221 δ’
2633 2168 2700 2222 ἂν
2724 2167 3101 2238 άνεκφώνητον
3138 2167 3197 2220 τὸ
3231 2165 3560 2236 ζητούμενον
3595 2162 3755 2235 μένῃ,

497 2252 737 2322 quodam
758 2250 918 2307 modo
937 2268 1078 2308 esse.
1099 2252 1252 2319 Quod
1271 2252 1552 2321 hucusque
1567 2258 1651 2306 est
1665 2250 1954 2317 ineffabile,
1975 2268 2076 2308 nec

2185 2259 2361 2329 μάτην
2390 2256 2540 2327 αὐτῷ
2566 2256 2636 2310 τὰ
2668 2257 2798 2329 περὶ
2836 2256 2943 2310 τῶν
2977 2256 3253 2327 ὀνομάτων
3292 2251 3752 2324 τετεχνολόγηται,

500 2361 594 2414 per
614 2360 674 2399 ea
706 2357 826 2412 quae
856 2343 1001 2397 dicta
1024 2343 1510 2413 suntexplicabile.
1536 2342 1695 2397 Prius
1720 2341 1887 2411 igitur
1916 2345 2075 2399 nobis

2179 2348 2291 2399 τῶν
2317 2346 2596 2417 ὀνομάτων
2637 2348 2737 2399 οὐκ
2760 2346 2950 2401 ὄντων.

498 2438 751 2492 essentia:
772 2438 992 2491 nomina
1023 2435 1353 2489 manifestet:
1377 2444 1490 2488 tum
1509 2435 1728 2490 demum
1747 2435 2169 2505 appellationum
2188 2437 2417 2494 fallaciis
2435 2450 2685 2492 naturam
2706 2437 2936 2493 dividat.
2959 2436 3138 2492 Donec
3157 2436 3301 2491 enim
3318 2435 3462 2506 quod
3480 2433 3744 2505 quaritur

499 2538 682 2583 manet
703 2545 810 2583 non
832 2542 1172 2598 expressum,
1196 2528 1471 2581 incassum
1491 2527 1606 2582 hazc
1622 2526 1687 2581 de
1706 2529 2017 2583 nominibus
2034 2530 2101 2583 ab
2118 2532 2233 2600 ipso
2245 2530 2536 2585 artificiose
2550 2530 2855 2601 excogitata
2878 2528 3229 2593 fuerint,eum
3248 2544 3356 2583 non
3383 2527 3493 2583 sint
3512 2529 3752 2583 nomina.

572 2620 722 2676 Talis
757 2620 920 2691 igitur
942 2618 1223 2674 robustior
1257 2618 1346 2672 illa
1381 2617 1632 2675 Eunomii
1660 2634 1793 2675 ansa
1813 2620 2076 2676 adversus

2256 2624 2319 2675 'H
2370 2624 2467 2693 μὲν
2508 2618 2600 2677 οὖν
2640 2621 2961 2694 ἰσχυροτέρα
3007 2621 3116 2674 τῶν
3166 2620 3430 2691 Εύνομίου
3464 2620 3606 2675 κατὰ
3654 2620 3753 2691 τῆς

500 2716 824 2777 veritatem},
888 2727 1013 2765 cum
1070 2711 1238 2764 multa
1294 2711 1348 2764 in
1402 2710 1505 2764 hac
1561 2720 1715 2781 parte
1764 2712 2078 2783 scriptionis

2179 2715 2431 2786 ἀληθείας
2486 2714 2645 2786 λαϐὴ,
2702 2712 2951 2783 τοιαύτη,
2976 2712 3186 2765 πολλῶν
3221 2712 3362 2765 κατὰ
3404 2712 3567 2783 μέρος
3598 2710 3756 2765 τοῦτο

499 2807 755 2876 dogmata
785 2805 1003 2860 silentio
1038 2804 1149 2859 sint
1189 2803 1479 2874 praeterita.
1513 2802 1649 2858 Nam
1689 2804 1823 2859 mihi
1860 2803 2078 2875 quidem

2179 2808 2276 2877 τῆς
2308 2807 2673 2878 λογογραφίας
2704 2805 3091 2877 σιωπηθέντων
3118 2804 3425 2874 δογμάτων.
3458 2806 3616 2858 Δοκεῖ
3645 2804 3754 2876 γάρ

499 2898 718 2953 videtur
744 2912 840 2952 eos
868 2896 1063 2951 decere
1097 2894 1191 2965 qui
1237 2895 1292 2948 in
1341 2895 1444 2949 hoc
1493 2910 1773 2951 armorum
1805 2896 2078 2951 curriculo

2184 2918 2273 2969 μοι
2302 2900 2532 2969 πρέπειν
2552 2902 2663 2962 τοῖς
2679 2898 2768 2951 τὸν
2796 2898 3039 2951 ἐνόπλιον
3063 2896 3248 2950 τοῦτον
3264 2896 3403 2950 κατὰ
3417 2895 3524 2951 τῶν
3548 2895 3754 2967 ἐχθρῶν

500 2997 794 3044 versantur
823 2988 1083 3042 adversus
1121 2987 1370 3041 veritatis
1400 2986 1605 3053 hostes,
1643 2996 1703 3041 ut
1746 2996 1937 3042 contra
1978 3002 2075 3043 eos

2179 2992 2278 3061 τῆς
2306 2990 2562 3061 ἀληθείας
2591 2989 2842 3061 τρέχουσι
2864 2988 3081 3059 δρόμον,
3114 2985 3249 3057 πρὸς
3277 2985 3402 3049 τοὺς
3434 2984 3757 3055 πεφραγμέ-

500 3082 719 3151 quidem
768 3087 1050 3135 armentur
1091 3078 1184 3148 qui
1225 3080 1475 3148 speciosa
1524 3078 1759 3147 quadam
1806 3078 2074 3133 mendacii

2179 3100 2301 3145 νους
2330 3082 2509 3143 ποσῶς
2541 3085 2606 3152 τῇ
2660 3080 2975 3151 πιθανότητι
3011 3077 3106 3131 τοῦ
3148 3077 3372 3146 ψεύδους
3401 3076 3713 3141 ὁπλίζεσθαι
3734 3090 3750 3104 ·

502 3173 889 3246 probabilitate
940 3170 1133 3225 muniti
1183 3185 1304 3225 esse
1338 3169 1629 3237 videntur;
1674 3171 1897 3225 minime
1953 3186 2081 3225 vero

501 3278 810 3320 sermonem
859 3260 1236 3316 contaminare
1286 3261 1338 3315 in
1377 3261 1726 3316 cadaverosis
1771 3276 1833 3314 ac
1877 3262 2082 3331 putidis

502 3357 733 3410 aliorum
762 3351 1245 3408 notionibus.Nam
1275 3359 1463 3422 putare
1491 3353 1673 3405 omnia
1694 3368 1813 3421 quae
1833 3353 2083 3407 essentia:

501 3447 716 3501 ratione
770 3445 921 3498 unita
980 3452 1109 3499 sunt
1148 3442 1371 3496 omnino
1418 3444 1581 3496 etiam
1632 3456 1907 3513 corporeae
1956 3459 2083 3498 cor-

504 3535 744 3605 ruptioui
788 3535 1002 3603 alligata
1044 3547 1166 3588 esse
1192 3551 1205 3586 :
1231 3531 1333 3585 hoc
1360 3532 1505 3586 enim
1529 3533 1675 3601 quod
1714 3536 1817 3586 hac
1846 3533 1900 3586 in
1930 3542 2083 3603 parte

504 3628 602 3689 ait,
628 3635 687 3678 ut
709 3624 1094 3678 cadaverosam
1139 3622 1563 3693 graveolentiam
1594 3623 1768 3678 libens
1804 3633 2082 3695 transgre-

506 3717 628 3771 diar
663 3735 676 3771 :
719 3715 964 3784 cujusvis
1004 3723 1135 3785 puto
1164 3723 1400 3769 mentem
1434 3714 1705 3777 habentis,
1741 3716 1793 3769 in
1826 3728 2080 3787 promptu

504 3810 824 3879 conspicere
852 3816 957 3871 est,
988 3806 1132 3876 quod
1163 3818 1439 3861 mortuum
1474 3814 1559 3861 est
1591 3815 1643 3861 et
1694 3808 1992 3878 collapsum
2024 3808 2080 3862 in

503 3902 625 3972 ejus
681 3900 951 3954 oratione.
1002 3898 1138 3965 Quis
1184 3898 1329 3953 enim
1380 3898 1593 3968 ignorat
1643 3898 1908 3953 intinitam
1959 3916 2081 3955 esse

502 3996 865 4049 humanarum
915 3992 1220 4044 animarum
1261 3990 1701 4056 multitudinem,
1743 4007 1905 4045 unam
1952 4008 2081 4047 vero

503 4087 797 4142 essentiam
831 4084 1087 4138 omnibus
1136 4081 1373 4151 subjici;
1425 4091 1479 4136 et
1519 4081 1664 4151 quod
1717 4083 1770 4137 in
1818 4083 1954 4153 ipsis
1998 4092 2081 4137 est

506 4179 839 4248 subjectum,
875 4192 905 4230 a
934 4190 1224 4247 corporum
1250 4176 1368 4230 labe
1406 4182 1460 4229 et
1496 4175 1844 4245 corruptione
1877 4175 2081 4229 aliena-

505 4279 621 4324 tum
656 4285 800 4338 esse,
846 4269 923 4322 lta
955 4277 1015 4322 ut
1061 4267 1223 4323 etiam
1248 4266 1506 4336 'parvulis
1553 4272 1716 4320 notus
1760 4265 1832 4320 sit
1874 4268 2086 4323 sermo?

512 4358 653 4429 quod
697 4372 927 4427 corpora
975 4373 1085 4413 non
1135 4357 1262 4427 quia
1292 4358 1400 4413 sint
1431 4357 1571 4411 inter
1612 4373 1672 4413 se
1709 4357 1953 4426 ejusdem
1986 4373 2079 4412 es-

2182 3178 2292 3238 τοῖς
2310 3174 2365 3227 δὲ
2396 3176 2607 3243 νεκροῖς
2632 3174 2726 3226 καὶ
2757 3172 2976 3225 ὀδωδόσι
3012 3170 3119 3224 τῶν
3148 3170 3455 3240 νοημάτων,
3485 3168 3560 3239 μὴ
3587 3170 3757 3239 ὲμμο-

2183 3264 2359 3317 λύνειν
2386 3264 2476 3317 τὸν
2519 3263 2693 3330 λόγον.
2729 3263 2803 3316 Τὸ
2832 3263 2941 3333 γὰρ
2973 3261 3177 3316 οἴεσθαι
3210 3262 3387 3314 πάντα
3412 3262 3512 3313 ὅσα
3540 3259 3622 3330 τῷ
3654 3258 3756 3330 τῆς

2182 3356 2369 3415 οὐσίας
2397 3355 2602 3424 ἥνωται
2632 3354 2793 3423 λόγῳ,
2814 3354 3028 3415 πάντως
3054 3351 3148 3405 καὶ
3177 3353 3235 3404 ὲν
3268 3352 3552 3421 σωματικῇ
3582 3349 3755 3421 φθορᾷ

2184 3443 2535 3515 συνεζεῦχθαι
2580 3444 2771 3515 (τοῦτο
2799 3444 2928 3515 γάρ,
2958 3445 2986 3499 ὃ
3007 3449 3064 3499 ὲν
3082 3442 3157 3515 τῷ
3181 3442 3332 3512 μέρει
3364 3442 3537 3512 τούτῳ
3570 3441 3752 3512 φησὶν,

2182 3539 2258 3599 ὡς
2291 3535 2534 3608 νεκρώδη
2571 3536 2865 3599 δυσωδίαν,
2901 3536 3041 3589 ἑκὼν
3084 3532 3510 3606 ὑπερϐήσομαι),
3555 3531 3755 3596 παντὸς

2181 3621 2335 3695 οἶμαι
2364 3624 2456 3677 τοῦ
2496 3624 2621 3677 νοῦν
2674 3624 2883 3694 ἔχοντος
2934 3627 3026 3680 ’ἐκ
3042 3624 3132 3677 τοῦ
3189 3624 3475 3695 προχείρου
3520 3624 3756 3677 κατιδεῖν

2180 3717 2476 3787 δυναμένου
2508 3717 2571 3786 τῇ
2585 3715 2843 3786 τεθνηκός
2874 3734 2933 3769 τε
2956 3716 3050 3769 καὶ
3072 3716 3449 3779 διαπεπτωκὸς
3463 3714 3555 3769 τοῦ
3573 3715 3752 3782 λόγου.

2181 3806 2275 3870 Τίς
2296 3806 2404 3877 γὰρ
2435 3807 2534 3859 ούκ
2563 3803 2701 3859 οἶδεν
2728 3808 2808 3859 ὃτι
2830 3805 3032 3875 πλῆθος
3051 3806 3148 3875 μὲν
3170 3806 3390 3875 ἄπειρον
3416 3804 3523 3856 τῶν
3548 3803 3757 3873 ἅνθρω-

2181 3898 2351 3951 πίνων
2387 3899 2504 3951 ὲστί
2538 3899 2747 3967 ψυχῶν,
2778 3898 2935 3951 ουσία
2984 3898 3040 3949 δὲ
3074 3897 3275 3959 πάσαις
3306 3896 3587 3948 ὑπόκειται
3619 3895 3716 3965 μία
3736 3912 3749 3924 ”

2180 3987 2274 4040 καὶ
2298 3987 2358 4039 τὸ
2379 3988 2726 4059 ὑποκείμενον
2747 3988 2801 4038 ὲν
2822 3986 3010 4047 αὑταῖς
3034 3990 3050 4007 ·
3071 3986 3172 4056 τῆς
3190 3986 3509 4056 σωματικῆς
3535 3985 3754 4053 διαφθο-

2181 4081 2281 4149 ρᾶς
2336 4078 2901 4149 ὴλλοτρίωταιςὪστε
2964 4079 3177 4149 νηπίοις
3227 4078 3458 4149 φανερὸν
3490 4072 3630 4133 εἶναι
3662 4079 3765 4129 τὸν-

2178 4170 2353 4239 λόγον,
2382 4172 2462 4224 ὅτι
2486 4171 2554 4225 τὰ
2577 4170 2802 4242 σώματα
2831 4172 2892 4225 ού
2916 4171 3004 4225 διὰ
3033 4173 3094 4224 τὸ
3136 4171 3399 4242 ὀμοούσια
3426 4168 3566 4225 εἶναι
3590 4170 3757 4241 ἀλλη-

2178 4263 2310 4335 λοις,
2363 4264 2732 4337 διαφθείρεταί
2772 4281 2832 4319 τε
2887 4264 2979 4317 καὶ
3023 4262 3331 4316 διαλύεται·
3378 4262 3515 4315 ἀλλὰ
3559 4263 3645 4317 διὰ
3691 4261 3755 4315 τὸ

2181 4352 2436 4406 σύνθετον
2474 4354 2752 4425 εἰληφέναι
2805 4353 2905 4424 τὴν
2956 4351 3139 4420 φύσιν.
3186 4350 3377 4414 Ἀλλος
3420 4351 3475 4403 δὲ
3500 4350 3594 4403 τοῦ
3639 4366 3757 4401 συνο

505 4448 695 4505 sentiae
752 4456 1181 4517 corrumpuntur
1232 4456 1285 4503 et
1342 4447 1756 4512 dissolvuntur,
1810 4449 1905 4504 sed
1951 4450 2075 4519 quia

2183 4445 2361 4508 θέτου,
2397 4447 2491 4499 καὶ
2520 4445 2705 4517 ἕτερος
2734 4444 2828 4499 τοῦ
2858 4445 3216 4516 ὑποκειμένου
3237 4445 3333 4515 τῆς
3349 4444 3534 4508 οὐσίας
3562 4444 3718 4510 λόγος
3738 4459 3753 4473 ο

503 4540 863 4611 compositam
894 4540 1112 4609 indepta
1138 4548 1268 4594 sunt
1300 4551 1570 4595 naturam.
1603 4540 1721 4594 Alia
1743 4540 1888 4595 enim
1927 4556 2081 4594 com-

501 4635 689 4706 positi,
739 4634 845 4687 alia
890 4632 1121 4702 subjecti
1165 4633 1417 4687 essentize
1454 4633 1614 4686 ratio.
1670 4632 1851 4699 Quare
1896 4631 2080 4689 dicere

501 4724 649 4795 quod
687 4738 916 4793 corpora
958 4736 1078 4792 quae
1128 4729 1255 4776 sunt
1304 4720 1549 4790 ejusdrm
1596 4721 1916 4777 substantia
1952 4737 2080 4777 cor-

500 4816 740 4886 ruptioni
774 4822 902 4869 sunt
925 4815 1181 4879 obnoxia,
1214 4829 1401 4867 verum
1434 4822 1537 4875 est,
1574 4814 1862 4869 conversio
1896 4822 2078 4869 autem

500 4921 688 4961 verum
740 4921 851 4960 non
921 4904 1100 4958 habet.
1171 4902 1326 4969 Quod
1381 4903 1646 4973 quidquid
1696 4913 1781 4959 est
1832 4905 2076 4974 ejusdem

501 4997 844 5059 substantiae,
884 4996 986 5049 hoc
1019 4996 1091 5049 sit
1125 4995 1351 5048 omnino
1383 4996 1775 5065 corruptibile:
1815 4997 1957 5051 sicut
1982 5011 2075 5049 os-

501 5088 745 5143 tenditur
777 5088 830 5141 in
861 5087 1081 5150 animis,
1109 5102 1342 5156 quorum
1374 5102 1481 5140 una
1507 5096 1590 5141 est
1621 5087 1880 5152 essentia,
1922 5102 2074 5141 com-

500 5181 751 5235 munioni
780 5190 957 5236 tamen
989 5180 1244 5235 essentia:
1281 5179 1534 5233 interitus
1564 5194 1671 5233 non
1724 5181 1886 5234 inest.
1922 5178 2078 5244 Quod

499 5286 630 5324 vero
691 5268 761 5323 de
808 5269 1004 5339 animis
1054 5267 1437 5332 detinivimus,
1492 5269 1540 5322 id
1596 5268 1756 5322 etiam
1811 5268 1879 5323 de
1927 5270 2076 5322 omni

500 5360 855 5414 intellectuali
894 5360 1206 5414 substantia
1242 5374 1362 5427 quae
1394 5360 1445 5411 iu
1478 5368 1730 5414 creatura
1774 5368 2075 5430 spectatur,

497 5466 626 5508 vere
651 5461 706 5507 et
727 5454 943 5523 proprie
972 5454 1078 5507 dici
1112 5460 1311 5522 potest.
1345 5450 1462 5505 Non
1491 5454 1633 5507 enim
1654 5492 1669 5517 ,
1714 5460 1773 5506 ut
1821 5452 1935 5506 vult
1972 5450 2078 5505 Eu-

501 5545 737 5605 uumius,
765 5562 794 5598 a
830 5545 996 5600 Paulo
1013 5546 1255 5600 collecta
1280 5558 1442 5599 voces
1471 5545 1731 5598 virtutum
1758 5552 2076 5597 transmun-

497 5636 763 5691 danarum
819 5646 1045 5691 naturas
1103 5637 1317 5707 aliquas
1371 5637 1511 5691 inter
1559 5653 1618 5690 se
1668 5635 1981 5689 diil‘erentes
2021 5644 2075 5689 et

497 5729 745 5800 diSpares
770 5730 1098 5800 signiﬁcant,
1132 5729 1225 5785 sed
1260 5729 1683 5801 appellationum
1711 5726 2073 5797 signiﬁcantia

2181 4536 2323 4590 ὥστε
2368 4537 2429 4589 τὸ
2484 4538 2582 4606 μὲν
2629 4537 2889 4607 ὀμοούσια
2926 4538 2994 4590 τὰ
3018 4538 3234 4608 φθαρτά
3278 4535 3507 4606 σώματα
3552 4535 3756 4603 λέγειν,

2180 4627 2377 4698 ἀληθές
2422 4629 2586 4688 ἐστιν,
2631 4629 2664 4698 ὴ
2709 4628 2768 4681 δὲ
2813 4628 3123 4699 ἀναστροφὴ
3159 4628 3221 4682 τὸ
3253 4627 3453 4699 ἀληθὲς
3488 4628 3586 4680 οὐκ
3606 4626 3753 4695 ἔχει’

2182 4720 2289 4773 πᾶν
2342 4720 2402 4774 τὸ
2457 4720 2762 4791 ὀμοούσιον,
2802 4721 2960 4774 τοῦτο
3008 4722 3099 4773 καὶ
3119 4720 3356 4790 φθαρτόν
3380 4722 3494 4773 ἐστι
3520 4720 3753 4780 πάντως.

2191 4813 2281 4875 Ὠς
2312 4812 2406 4866 ἐπὶ
2434 4813 2542 4865 τῶν
2565 4812 2752 4884 ψυχῶν
2779 4814 3181 4879 ἀποδείκνυται,
3212 4807 3287 4869 ὧν
3319 4814 3414 4866 καὶ
3445 4814 3603 4865 οὐσία
3632 4812 3753 4882 μία,

2180 4904 2275 4956 καὶ
2299 4903 2474 4973 φθορὰ
2507 4907 2573 4977 τῇ
2622 4904 2890 4976 κοινότητι
2930 4905 3031 4975 τῆς
3054 4906 3236 4968 οὐσίας
3262 4906 3323 4957 οὐ
3348 4905 3659 4974 πρόσεστιν.
3695 4902 3757 4955 Ὀ

2178 4993 2235 5045 δέ
2276 4994 2532 5065 περὶτῶν
2554 4995 2739 5065 ψυχῶν
2772 4995 3054 5058 άποδοθείς
3096 4994 3273 5060 λόγος,
3301 4994 3396 5046 καὶ
3424 4994 3551 5064 περὶ
3574 4994 3757 5062 πάσης

2180 5089 2373 5158 νοερᾶς
2429 5088 2778 5150 ὑποστάσεως
2806 5088 2905 5157 τῆς
2949 5091 3006 5140 ὲν
3041 5090 3108 5159 τῇ
3148 5088 3323 5143 κτίσει
3375 5086 3757 5157 θεωρουμένης

2178 5178 2391 5244 οἰκείως
2420 5179 2486 5232 ἂν
2536 5178 2669 5249 ἔχοι.
2720 5179 2795 5232 Uti
2822 5178 2931 5250 γὰρ
2960 5178 3140 5242 καθὼς
3181 5178 3443 5249 Εὐνόμιος
3484 5178 3753 5247 βούλεται,

2178 5272 2234 5323 αί
2266 5270 2417 5340 παρὰ
2440 5270 2532 5323 τοῦ
2555 5270 2767 5324 Παύλου
2808 5270 3219 5339 κατειλεγμέναι
3255 5271 3427 5338 φωναὶ
3454 5270 3562 5323 τῶν
3589 5270 3757 5340 ὑπερ-

2178 5364 2419 5432 κοσμίων
2474 5363 2750 5432 δυνάμεων
2796 5362 2983 5431 φύσεις
3010 5362 3158 5425 τινὰς
3190 5362 3432 5432 ἀλλήλων
3474 5361 3755 5433 παρηλλα-

2178 5457 2383 5527 γμένας
2419 5457 2772 5526 σημαίνουσιν
2793 5472 2805 5485 ·
2834 5456 2947 5509 ἀλλ’
2981 5459 3013 5526 ἡ
3041 5456 3147 5508 τῶν
3173 5454 3553 5525 προσηγοριῶν
3575 5470 3757 5523 σημα-

2180 5549 2269 5601 σία
2299 5548 2484 5617 σαφῶς
2506 5547 2857 5611 ἐνδείκνυται,
2887 5547 2948 5601 τὸ
2972 5549 3045 5618 μὴ
3079 5547 3290 5617 φύσεων
3317 5547 3598 5617 διαφορὰς,
3616 5545 3757 5600 ἀλλὰ

2178 5639 2278 5709 τῆς
2304 5640 2623 5711 ἐπουρανίου
2651 5644 2905 5712 στρατιᾶς
2938 5642 3036 5705 τὰς
3059 5641 3308 5706 ποικίλας
3328 5640 3434 5693 τῶν
3465 5639 3753 5709 ἐνεργειῶν

2184 5730 2447 5800 ἰδιότητας
2483 5730 2562 5803 τῷ
2603 5730 2744 5803 λόγῳ
2787 5731 3163 5807 παρίστασθαι.
3213 5733 3400 5806 Ἀρχαί
3432 5730 3559 5804 γάρ,
3596 5730 3762 5803 φησι,
