4138 6364
415 180 459 194 θ’.

481 333 588 391 ῗῦῚ

550 441 695 512 poris
741 449 949 509 partes,
1002 435 1192 509 quibus
1216 436 1481 512 _ltomines
1541 433 1746 512 aliquid
1795 431 2054 512 efﬁciunt;

553 499 688 564 illud
741 499 860 564 'loco
924 499 1158 562 euntium
1207 506 1317 561 Deo
1373 515 1450 560 est
1492 499 1927 560 sola'voluntas.
1966 499 2058 554 Ita

550 582 714 651 etiam
759 598 813 634 se
860 579 1209 651 generationis
1267 577 1570 651 diﬂ'erentia
1623 575 1817 628 habet:
1862 573 2062 651 idcirco

560 644 880 721 Unigenitus'
899 651 1194 718 appellatus
1231 644 1348 712 est,
1392 646 1531 721 quod
1564 656 1622 699 ut
1652 645 1918 721 generatio
1947 644 2062 721 ejus

554 713 686 774 cum'
729 723 878 774 nulla
935 713 1166 774 aliarum
1215 713 1873 772 communionem—habeat
1907 728 1926 766 :
1973 713 2064 768 sed

551 808 673 845 cum
720 792 966 861 splendor
1006 791 1189 860 glorire
1245 799 1294 842 et
1342 790 1474 842 odor
1524 787 1777 861 unguenti
1827 793 2061 848 vocetur,

552 863 665 929 ipso
694 859 900 915 nomine
916 859 1334 930 conjunctionem
1349 869 1397 913 et
1425 859 1837 914 coaternitatem
1860 865 2066 910 natura:

553 948 666 986 sua:
701 950 819 986 cum
851 933 1013 986 Patre
1044 947 1153 998 pra:
1182 947 1236 984 se
1263 932 1386 1000 fert.

484 1133 540 1192 5.
580 1130 826 1186 Ostendit
845 1131 1109 1187 Creatoris
1138 1138 1187 1183 et
1217 1127 1481 1197 L'nigeniti
1510 1127 1812 1196 [typostasin
1835 1141 1938 1178 non
1958 1123 2067 1197 [za-

557 1204 674 1256 bere
705 1204 940 1265 initium,
970 1203 1140 1254 instar
1169 1193 1346 1253 reruni
1379 1193 1699 1261 creaturam,
1751 1208 1906 1266 prout
1949 1193 2064 1248 Eu-

557 1273 764 1328 nomius
795 1278 1034 1326 censebat
1064 1287 1081 1324 :
1112 1269 1201 1323 sed
1225 1285 1334 1322 esse
1365 1269 1805 1336 initiiexpertem,
1833 1277 1880 1319 et
1911 1275 2067 1319 (eter-

552 1359 712 1399 nam:
745 1342 1118 1412 Unigenitoque
1139 1355 1298 1412 neque
1324 1339 1526 1392 ratione
1549 1338 1878 1412 substantia’,
1906 1352 2068 1412 neque

538 1417 763 1468 .ratione
780 1410 1048 1466 nominum
1096 1410 1262 1463 ullam
1297 1425 1415 1462 cum
1447 1410 1706 1462 creaturis
1737 1410 2065 1461 communio-

557 1501 676 1539 nem
702 1485 1020 1536 intercedere
1039 1483 1156 1543 ;sed
1175 1481 1238 1532 ab
1257 1490 1453 1534 (eterna
1472 1496 1591 1532 cum
1607 1479 1769 1533 Patre
1788 1478 2064 1540 exsistere,

555 1551 1139 1623 quemadmodumliber
1173 1561 1481 1623 partarettts,
1504 1552 1608 1602 sive
1636 1545 2065 1623 Ecclesiasticus,

559 1617 825 1686 testatur;
873 1617 1263 1691 temporumque
1287 1621 1526 1684 initium,
1550 1623 1708 1689 ﬁnem
1754 1630 1802 1672 et
1838 1617 2067 1691 medium

557 1711 688 1749 esse:
709 1688 988 1762 multisque
1009 1693 1072 1744 de
1100 1688 1369 1760 Un'igeniti
1385 1688 1661 1762 divinitate
1677 1700 1725 1744 et
1749 1688 2066 1751 wternitate,

559 1777 816 1834 pra’teren
846 1761 917 1834 de
939 1763 1236 1834 animabus,
1262 1763 1325 1834 de
1357 1761 1577 1830 angelis,
1596 1762 1659 1816 de
1689 1762 1796 1815 vita
1827 1769 1878 1816 et
1903 1770 2069 1814 morte

557 1832 866 1903 disputatis,
899 1833 1035 1888 libro
1066 1833 1221 1902 ﬁnem
1256 1832 1498 1901 imponit.

1651 319 1708 376 S.
1752 313 2078 376 GREGORII
2118 307 2416 374 NY‘SSENI

2147 1012 2156 1020 -
2235 987 2505 1055 τόμενος,
2552 982 2635 1037 -τὸ

3631 299 3743 367 768

2205 453 2217 468 .
2235 425 2268 479 δ
2298 421 2514 512 χεῖρες,
2568 419 2917 512 καξὶβεὶδεςι
2955 418 3066 512 εεαέ
3093 417 3166 473 τὰ
3194 417 3380 512 loricis
3411 416 3587 486 μόρια
3618 417 3740 512 ,τοῦ

2233 486 2526 561 σώλιᾰτος,
2571 492 2698 560 μεθ’
2738 486 2827 544 ὧν
2863 493 2917 544 οὶ
2947 490 3244 559 ἅνθρωποι
3289 487 3738 557 δημιουργοῦσι,

2232 564 2409 618 τοῦτο
2462 561 2598 616 ἀντὶ
2650 561 2890 614 πάντων
2921 561 3020 613 ἐπὶ
3073 560 3220 614 Θεοῦ
3267 561 3461 628 μόνον
3495 561 3562 613 τὸ
3587 559 3738 623 βού-

2234 639 2402 704 λημα
2415 632 2694 700 ὑπάρχει.
2733 632 2896 704 Οὕτω
2913 629 2984 683 δὲ
3008 631 3105 682 καὶ
3127 631 3193 704 τὸ
3221 627 3493 704 πὲρι-τῇς
3528 628 3744 704 τεν-νή·

2233 698 2388 770 σέὶυς
2444 698 2950 771 παρηλλαγμένον
2977 699 3287 771 τυγχάνει*
3336 698 3428 771 διό
3480 700 3577 752 καὶ
3621 702 3742 753 Mo-

2235 721 2388 770 σϐως
2444 720 2950 771 παρημαγμενον
2977 720 3090 770 τυτ
3107 720 3287 768 ⁹αιτει*
3336 720 3428 752 οιο
3480 720 3577 752 και
3621 720 3742 753 n10-

2235 773 2492 842 νογενὴς
2542 771 3034 842 προσηγόρευται,
3073 720 3266 842 Ᾱὰῌτὸ
3299 768 3596 842 μηδεμίαν
3623 786 3743 822 κοι-

2234 839 2688 911 νωνίανίέτέρας
2713 840 3070 911 γεννήσεως,
3085 841 3124 910 ἢ
3143 840 3332 911 ’ἔχειν
3352 839 3476 911 τὴν
3493 841 3701 911 κτίσιν
3723 853 3739 866 ⁶

2229 915 2371 970 ἀλλ’
2430 909 2795 981 ἀπαύγασμα
2827 910 3031 981 δόξης,
3079 909 3178 964 καὶ
3203 909 3377 981 γόσμὴ
3420 910 3613 981 μύρου
3648 912 3743 981 λε·

2683 977 3075 1050 ᾰυνημμένον
3113 980 3218 1035 καὶ
3267 977 3584 1034 ολυνατδιον
3632 977 3743 1047 τῆς

2235 1050 2382 1122 πρὸς
2412 1055 2520 1106 τὸν
2546 1051 2778 1121 Πατέρα
2809 1053 3048 1120 φύσεως
3073 1050 3408 1122 δείκνυσιν.
3675 1118 3699 1122 _
3783 1101 3802 1110 _,

2166 1133 2228 1182 ε’.
2271 1118 2411 1179 Εἶτα
2457 1123 2571 1190 τὴν
2627 1118 2734 1176 τοῦ
2785 1118 3151 1190 Δημιουργοῦ
3210 1120 3312 1174 καὶ
3363 1118 3742 1190 Μονογενοῦς

2235 1188 2577 1252 ὑπόστασιν
2602 1193 2714 1247 οὑκ
2743 1188 2941 1260 ἀρχὴν
2966 1188 3148 1260 ἔχειν,
3183 1190 3386 1260 ὥσπερ
3415 1192 3512 1244 καὶ
3541 1190 3610 1260 τᾷ
3636 1188 3743 1256 δη-

2231 1263 2664 1336 μιουργήμαξαο
2686 1262 2766 1327 ὡς
2780 1257 3139 1336 ’δΕὺνιίιὶιάς
3163 1257 3372 1330 φησιν’.
3401 1262 3540 1336 ἀμ’
3571 1257 3746 1336 drap-

2236 1329 2353 1407 χον
2370 1329 2500 1386 ’καῖ
2513 1332 2729 1396 ἀΐδιον,
2767 1333 2865 1384 καὶ
2889 1329 3187 1401 μηδεμίαν
3218 1332 3560 1396 κοινωνίαν,
3591 1329 3742 1397 μήτε

2236 1405 2355 1460 ἀπὸ
2381 1403 2492 1472 τῆς
2524 1403 2780 1472 ᾲοὺσίας,
2801 1401 2955 1470 μήτε
2996 1402 3112 1455 ἀπὸ
3154 1403 3274 1456 τῶν
3303 1398 3744 1472 όνομὰτωνᾲτόν

2238 1422 2355 1460 απο
2381 1422 2492 1472 της
2544 1422 2780 1466 ουσιας,
2801 1422 2955 1470 μητε
2996 1422 3112 1455 απο
3154 1422 3274 1456 των
3303 1422 3610 1472 ονοματων
3635 1422 3742 1451 των

2238 1470 2547 1542 Μονογενῆ
2595 1472 2755 1542 πρὸς
2787 1471 2904 1538 τὴν
2947 1472 3148 1526 κτίσων
3200 1473 3439 1542 ἔχοντα,
3486 1470 3625 1542 ἀλλ’
3670 1469 3742 1532 ἐξ

2235 1539 2432 1600 ἀϊδίου
2467 1539 2547 1606 τῷ
2578 1539 2762 1609 Harp!
2793 1543 3081 1602 συνόντα,
3111 1539 3305 1608 καθὼς
3339 1541 3378 1606 ἠ
3412 1539 3744 1606 πανὰρετος

2234 1615 2398 1682 λέγει
2423 1613 2632 1682 Σοφία,
2661 1612 2857 1680 ἀρχήν
2889 1629 2952 1666 τε
2974 1611 3076 1667 καὶ
3110 1613 3288 1678 τέλος
3311 1611 3412 1682 καὶ
3445 1611 3745 1682 μεσότητα

2238 1681 2472 1754 χρόνων
2511 1681 2695 1754 ὄνταο
2727 1681 2944 1754 πολλα
2990 1699 3064 1754 re
3096 1683 3230 1751 περὶ
3276 1681 3398 1754 τῆςΔ
3420 1681 3527 1736 τοῦ
3553 1682 3744 1754 Maro:-

2236 1747 2451 1824 ξενοᾷς
2496 1753 2775 1824 θεότητος
2824 1752 2922 1805 καὶ
2973 1747 3453 1824 ἁῑδιότῖηζοςίέζι
3509 1768 3574 1803 τε
3611 1747 3744 1824 ξτεΡῖ

2237 1818 2458 1892 ψυχῶν
2494 1822 2594 1876 καὶ
2642 1823 2929 1891 ἀγγέλων,
2985 1823 3084 1876 καὶ
3133 1818 3305 1892 ζωῆς,
3341 1821 3441 1876 καὶ
3484 1818 3746 1876 θανάτου

2233 1879 2445 1962 ἑιπῖὣν,
2471 1893 2578 1947 τὸν
2597 1879 2785 1962 λόγιόν
2813 1879 3052 1961 πλὴροῐ.

563 2265 812 2324 Ettuomii
845 2281 1066 2335 quidem
1095 2266 1273 2327 valida
1305 2266 1578 2327 rationum
1610 2267 1954 2328 ﬁrmamenta
1998 2271 2073 2329 ita

2254 2276 2336 2330 Τὰ
2362 2275 2460 2346 μὲν
2503 2277 2699 2346 ἰσχυρά
2728 2275 2839 2330 τῶν
2864 2275 2960 2333 τοῦ
3002 2279 3266 2352 Εὑνομίου
3317 2279 3564 2334 τοιαῦτα.
3605 2277 3752 2349 Ἐγὼ

490 2371 551 2411 se
596 2357 817 2412 habent.
863 2355 974 2426 Ego
1006 2367 1209 2418 autem,
1251 2371 1374 2409 cum
1410 2372 1472 2411 ea
1504 2374 1623 2427 quae
1654 2359 1928 2428 pollicitus
1957 2361 2074 2414 fue-

489 2457 577 2502 rat
627 2458 1074 2519 argumentorum
1146 2449 1346 2502 robora
1401 2449 1476 2502 ita
1533 2451 1750 2506 cariosa
1806 2463 1860 2506 et
1910 2448 2075 2507 iuva-

491 2540 600 2596 lida
658 2543 768 2596 sint
812 2542 1062 2596 oratione
1112 2541 1516 2605 demonstrata,
1574 2543 1781 2612 reliqua
1853 2544 2073 2598 silentio

496 2635 777 2704 praeterire
837 2633 1074 2686 arbitror
1126 2643 1414 2701 oportere,
1461 2635 1626 2704 quia,
1678 2635 2074 2692 valentioribus

493 2725 724 2794 reliquis
753 2724 1048 2794 prostratis
1099 2723 1466 2792 argumentis,
1517 2724 1624 2777 alia
1676 2724 1841 2778 simul
1883 2725 2072 2780 eadem

491 2818 699 2871 virtute
731 2816 1114 2887 proﬂigantur:
1159 2816 1620 2886 quemadmodum
1668 2818 1726 2871 in
1782 2819 1939 2874 bellis
1969 2834 2074 2873 usu

490 2911 669 2974 venit,
703 2927 827 2965 cum
889 2926 1014 2981 pars
1048 2909 1171 2966 aliis
1231 2911 1506 2980 potentior
1537 2912 1818 2975 occubuit,
1861 2913 2074 2982 reliqua

495 3018 628 3072 pars
656 3003 936 3058 exercitus
968 3003 1121 3056 nullo
1160 3001 1423 3072 deinceps
1471 3003 1526 3057 in
1566 3005 1737 3072 pretio
1779 3018 1811 3057 a
1853 3004 2076 3059 victori-

493 3094 600 3148 bus
615 3093 868 3148 habetur.
896 3093 1000 3148 Sed
1025 3101 1189 3163 caput
1213 3093 1568 3164 blasphemiae
1582 3095 1724 3164 quod
1745 3096 1799 3148 in
1826 3098 2074 3165 sequenti

493 3187 763 3243 orationis
782 3188 924 3243 serie
943 3187 1292 3258 proponitur,
1317 3200 1427 3240 non
1454 3186 1687 3243 sinitme
1705 3197 1906 3242 tacere.
1941 3189 2074 3242 Nam

493 3295 562 3334 ex
591 3295 658 3334 eo
686 3278 834 3349 quod
888 3293 996 3332 non
1032 3285 1140 3342 est,
1188 3276 1255 3331 ad
1290 3276 1342 3332 id
1374 3276 1520 3345 quod
1564 3285 1670 3341 est,
1722 3276 2073 3348 Unigenitum

493 3371 792 3443 prodiisse,
841 3370 946 3424 hoc
997 3379 1145 3424 certe
1190 3368 1474 3431 horribile,
1530 3368 1810 3440 Deumque
1870 3385 2077 3439 negans

496 3463 758 3533 omnique
794 3461 1071 3531 impietate
1103 3460 1280 3530 magis
1327 3459 1646 3529 fugiendum
1701 3459 1946 3514 Iauuomii
1981 3461 2081 3514 do-

497 3569 646 3623 gma,
681 3566 829 3606 nunc
857 3549 910 3604 in
935 3548 1295 3619 consequenti
1357 3564 1609 3604 sermone
1656 3550 1899 3605 molitur.
1967 3551 2071 3606 Sed

497 3643 755 3715 quoniam
791 3641 1048 3696 omnibus
1082 3641 1185 3694 hoc
1209 3655 1399 3697 errore
1442 3641 1760 3709 incantatis,
1793 3643 1849 3697 in
1887 3644 2073 3714 lingua

497 3741 813 3805 promptum
863 3733 1043 3788 estad
1087 3733 1528 3803 praestruendum
1570 3732 1941 3804 Unigcnitum,
1980 3737 2074 3806 qui

497 3841 717 3881 omnem
748 3833 1060 3881 creaturam
1103 3842 1166 3881 ex
1212 3825 1385 3881 nihilo
1431 3829 1656 3891 creavit,
1685 3844 1754 3883 ex
1809 3843 1875 3882 eo
1931 3829 2075 3898 quod

499 3923 627 3969 ante
656 3931 762 3969 non
789 3923 929 3980 erat,
962 3932 1086 3971 esse
1111 3934 1124 3969 :
1158 3915 1308 3986 quod
1337 3931 1533 3986 nempe
1568 3917 1761 3972 dicunt
1791 3936 1804 3972 :
1849 3918 1906 3971 Si
1936 3927 2078 3981 erat,

498 4021 611 4060 non
649 4014 735 4061 est
770 4007 1024 4076 genitus;
1075 4014 1128 4060 et
1169 4007 1214 4060 si
1259 4008 1480 4078 genitus
1527 4017 1634 4066 est.
1676 4024 1784 4064 non
1813 4017 1956 4064 erat.
2006 4009 2082 4063 Ac

505 4104 797 4168 prepterea
840 4097 966 4152 huic
1001 4098 1174 4151 errori
1206 4113 1272 4153 ex
1309 4097 1624 4167 hujusmodi
1649 4100 1878 4152 multum
1898 4113 2084 4154 acces—

501 4189 575 4243 sit.
603 4187 832 4242 auxilii:
859 4187 1304 4256 quandoquidem
1337 4188 1374 4242 ii
1408 4188 1501 4256 qui
1541 4189 1724 4245 animo
1755 4199 1884 4244 sunt
1907 4189 2081 4244 imbe-

500 4281 736 4342 cilliore,
771 4281 872 4334 hac
898 4290 1197 4350 apparente
1240 4291 1296 4336 et
1352 4281 1728 4352 superﬁciaria
1786 4282 2081 4352 probabili-

502 4379 612 4425 tate
635 4372 908 4442 angustiis
939 4381 1226 4442 urgentur,
1263 4382 1317 4427 et
1351 4373 1418 4427 ad
1451 4373 1907 4427 consentiendum
1948 4371 2077 4427 huic

499 4461 856 4530 blasphemiae
880 4463 1293 4532 pertrahuntur,
1319 4479 1547 4518 necesse
1566 4473 1654 4520 est
1673 4464 1911 4518 radicem
1929 4479 2078 4516 ama-

500 4553 757 4608 ritudinis
793 4553 959 4623 hujus
985 4555 1168 4623 placiti
1202 4570 1311 4609 non
1346 4557 1660 4625 praeterire:
1717 4572 1806 4619 ne,
1836 4556 1980 4611 sicut
2009 4557 2084 4611 ait

500 4644 798 4713 Apostolus
829 4644 933 4716 (α),
973 4661 1191 4701 sursum
1230 4662 1490 4704 crescens
1534 4649 1762 4704 molesta
1816 4649 2082 4704 intertur-

499 4735 610 4790 bet.
639 4734 716 4790 Ac
737 4737 974 4807 primum
1003 4739 1223 4805 quidem
1257 4740 1407 4794 hunc
1444 4743 1500 4794 in
1535 4741 1720 4811 seipso
1769 4755 2078 4796 sermonem

2174 2367 2232 2422 δὲ
2262 2366 2370 2420 τῶν
2416 2369 2473 2420 ὲν
2499 2367 2800 2438 ἐπαγγελίᾳ
2829 2369 3110 2439 δυνάμεων
3132 2370 3274 2424 οὕτω
3301 2370 3520 2441 σαθρῶν
3563 2388 3622 2423 τε
3652 2372 3752 2429 καὶ,

2173 2459 2557 2515 ἀνυποστάτων
2588 2460 3001 2530 ὲπιδειχθέντων
3027 2461 3107 2534 τῷ
3137 2462 3312 2533 λόγῳ,
3357 2464 3568 2534 σιωπᾷν
3595 2459 3754 2534 οἴμαι,

2173 2552 2282 2606 δεῖν
2323 2552 2416 2606 ἐπὶ
2467 2551 2576 2605 τῶν
2623 2553 2952 2617 ὑπολοίπων,
2996 2557 3110 2618 τοῖς
3157 2555 3299 2608 κατὰ
3346 2554 3457 2608 τῶν
3503 2555 3741 2626 ἰσχυρῶν

2174 2642 2418 2714 ἐλέγχοις
2453 2644 2547 2697 καὶ
2578 2643 2688 2696 τῶν
2719 2644 2892 2698 ἄλλων
2922 2647 2988 2717 τῇ
3031 2645 3257 2717 δυνάμει
3289 2646 3746 2717 συναπελεγχθέν-

2173 2751 2283 2788 των
2306 2751 2320 2764 ·
2355 2735 2603 2806 καθάπερ
2638 2734 2730 2787 ἐπὶ
2766 2735 2876 2788 τῶν
2910 2735 3162 2807 πολέμων
3193 2737 3505 2808 συμϐαίνει,
3528 2737 3623 2792 τοῦ
3648 2739 3744 2793 δυε

2175 2825 2480 2898 νατωτέρου
2517 2825 2627 2878 τῶν
2655 2824 2829 2881 ἄλλων
2859 2827 3285 2892 καταπεσόντος,
3318 2828 3515 2900 μηκέτι
3549 2828 3609 2881 τὸ
3636 2827 3745 2882 λει-

2177 2911 2408 2982 πόμενον
2427 2915 2525 2984 τῆς
2557 2915 2814 2982 στρατιᾶς
2844 2916 2902 2968 ὲν
2930 2915 3072 2987 λόγῳ
3105 2918 3212 2970 τινὶ
3239 2920 3351 2981 τοῖς
3375 2921 3746 2989 κεκρατηκόσι

2177 3003 2270 3056 τοῦ
2305 3004 2582 3075 ἰσχύοντος
2609 3005 2874 3074 γίνεσθαι.
2927 3007 3066 3060 Ἀλλ’
3098 3010 3197 3062 οὐκ
3228 3011 3292 3080 ἐᾷ
3328 3013 3538 3082 σιωπᾷν
3571 3011 3632 3063 τὸ
3658 3028 3749 3064 κε-

2178 3094 2404 3164 φάλαιον
2435 3097 2534 3167 τῆς
2565 3096 2912 3169 βλασφημίας
2952 3102 3011 3153 ἐν
3055 3103 3169 3163 τοῖς
3206 3099 3404 3172 ἐφεξῆς
3450 3101 3543 3155 τοῦ
3590 3103 3756 3172 λόγου

2179 3186 2558 3258 προκείμενον.
2595 3188 2704 3260 Τὴν
2750 3190 2859 3261 γὰρ
2893 3191 2958 3243 ὲκ
2991 3190 3068 3262 μὴ
3096 3191 3269 3245 ὖντων
3292 3195 3374 3256 είς
3403 3193 3464 3246 τὸ
3488 3188 3626 3247 εἶναι
3657 3195 3754 3249 τοῦ.

2180 3279 2521 3347 Μονογενοῦς
2575 3280 2826 3352 πάροδον,
2871 3281 3029 3336 τοῦτο
3067 3282 3133 3354 δὴ
3179 3282 3242 3336 τὸ
3284 3285 3512 3355 φρικτόν
3552 3303 3613 3338 τε
3656 3289 3752 3342 καὶ

2178 3369 2356 3433 ἄθεον,
2391 3371 2486 3423 καὶ
2520 3371 2703 3442 πάσης
2729 3373 2984 3437 ἀσεϐείας
3024 3375 3385 3446 φευκτότερον
3427 3377 3608 3448 δόγμα
3658 3379 3751 3433 τοῦ

2181 3460 2471 3532 Εὑνομίου,
2507 3461 2600 3515 νῦν
2625 3464 2683 3516 ὲν
2705 3467 2770 3536 τῇ
2793 3465 3081 3537 ἀκολουθίᾳ
3109 3465 3200 3520 τοῦ
3222 3467 3382 3536 λόγου
3413 3471 3750 3523 κατασκευά-

2183 3549 2358 3615 ζεται.
2401 3552 2509 3606 Καὶ
2539 3553 2724 3624 ἐπειδὴ
2755 3556 2888 3608 πᾶσι
2912 3558 3025 3618 τοῖς
3051 3555 3137 3609 διὰ
3165 3556 3263 3626 τῆς
3298 3558 3513 3629 ἀπάτης
3545 3558 3752 3631 ταύτης

2180 3643 2631 3717 γεγοητευμένοις
2653 3684 2666 3709 ,
2705 3645 2918 3715 ἕτοιμον
2949 3647 3041 3699 ἐπὶ
3077 3646 3326 3718 γλώσσης
3355 3649 3502 3702 ἐστὶν
3539 3652 3620 3713 εἰς
3655 3668 3755 3705 κα-

2179 3734 2448 3807 τασκευὴν
2491 3735 2583 3789 τοῦ
2617 3738 2680 3789 ὲκ
2717 3737 2794 3807 μὴ
2826 3738 2977 3801 ὄντος
3017 3735 3154 3792 εἶναι
3195 3738 3285 3792 τὸν
3317 3741 3593 3812 Μονογενῆ
3613 3784 3628 3808 ,
3659 3742 3755 3797 καὶ

2183 3830 2364 3882 πᾶσαν
2391 3827 2490 3900 τὴν
2516 3829 2693 3882 κτίσιν
2726 3829 2784 3895 ἐξ
2810 3829 2909 3882 οὐκ
2937 3829 3104 3882 όντων
3125 3831 3442 3904 ποιήσαντα,
3464 3831 3525 3886 τὺ
3552 3833 3752 3903 λέγειν,

2183 3921 2246 3973 Εἰ
2269 3916 2358 3991 ἦν,
2383 3921 2444 3973 οὐ
2473 3920 2816 3990 γεγέννηται·
2842 3921 2934 3973 καὶ
2963 3923 3010 3973 εἰ
3034 3905 3374 3995 γεγέννηται,
3401 3924 3500 3977 οὐκ
3527 3920 3595 3996 ἦν
3617 3941 3631 3954 ·
3660 3927 3756 3980 καὶ

2182 4011 2383 4084 πολλὴν
2417 4012 2530 4083 ἕχει
2563 4012 2651 4066 διὰ
2677 4010 2916 4084 τοῦτονή
2947 4013 3129 4084 ἀπάτη
3151 4015 3250 4087 τὴν
3280 4016 3616 4086 συμμαχίαν,
3650 4017 3755 4070 τῶν

2185 4102 2671 4175 μικροψυχοτέρων
2703 4104 2762 4155 ἐν
2798 4105 2866 4174 τῇ
2903 4104 3206 4176 ἐπιπολαίῳ
3237 4107 3408 4180 ταύτῃ
3440 4107 3756 4178 πιθανότητι

2181 4196 2715 4267 στενοχωρουμένων,
2747 4198 2842 4250 καὶ
2873 4195 3010 4268 πρὸς
3039 4198 3327 4252 κατάθεσιν
3374 4202 3472 4272 τῆς
3507 4200 3753 4273 βλασφη-

2184 4286 2314 4354 μίας
2355 4285 2732 4356 ὑπαγομένων·
2767 4286 2977 4358 ἀνάγκη
3023 4288 3096 4358 μὴ
3139 4289 3426 4361 παρελθεῖν
3457 4291 3555 4363 τὴν
3599 4292 3756 4363 ῥίζαν

2183 4377 2282 4444 τῆς
2315 4373 2536 4445 πικρίας
2568 4373 2660 4427 τοῦ
2699 4374 2964 4444 δόγματος
2991 4393 3006 4409 ο
3043 4377 3132 4432 ἵνα
3163 4378 3237 4450 μὴ
3259 4419 3274 4442 ,
3311 4380 3493 4446 καθώς
3530 4399 3696 4453 φησιν
3725 4385 3754 4437 ὁ

2198 4467 2556 4530 Ἀπόστολος,
2587 4466 2698 4520 ἄνω
2739 4467 2947 4534 φύουσα
2997 4469 3202 4542 διοχλῇ.
3254 4473 3476 4544 Πρῶτον
3516 4475 3573 4528 δέ
3609 4494 3753 4546 φημι

2181 4553 2291 4607 δεῖν
2320 4555 2480 4609 αὐτὸν
2507 4556 2591 4625 ἐφ’
2623 4555 2816 4608 ἑαυτοῦ
2843 4555 2932 4610 τὸν
2962 4556 3118 4626 λόγον
3141 4563 3490 4632 κατανοῆσαι,
3507 4563 3629 4636 δίχα
3654 4567 3754 4634 τῆς

2185 4649 2323 4720 πρὸς
2372 4650 2499 4713 τοὺς
2536 4649 2809 4712 ἐναντίους
2847 4651 3024 4722 μάχης
3046 4669 3060 4682 ·
3097 4649 3197 4708 εἷθ’
3231 4655 3401 4720 οὕτως
3428 4659 3517 4710 ὲπὶ
3547 4659 3646 4731 τὴν
3667 4660 3756 4724 ἐξ·

2188 4739 2374 4793 ἐτασίν
2405 4756 2464 4793 τε
2486 4741 2579 4793 καὶ
2611 4740 2701 4793 τὸν
2731 4740 2950 4811 ἔλεγχον
2970 4743 3077 4796 τῶν
3105 4746 3433 4801 ἐκτεθέντων
3455 4749 3647 4807 ἐλθεῖν.

501 4827 961 4883 considerandum
986 4847 1107 4885 esse
1128 4831 1275 4897 dico,
1309 4833 1431 4888 sine
1461 4843 1718 4905 respectu
1737 4833 1804 4888 ad
1829 4840 2088 4904 eam'quaz
2124 4833 2286 4888 nobis
2333 4840 2419 4887 est
2489 4847 2612 4886 cum
2685 4835 3014 4890 adversariis
3056 4853 3325 4909 pugnam:
3377 4849 3490 4894 tum
3536 4844 3751 4899 domum

501 4920 569 4973 ad
612 4921 1052 4990 disquisitionem
1112 4932 1166 4978 et
1215 4927 1646 4982 confutationem
1712 4941 1902 4981 eorum
1947 4941 2070 4997 quae
2109 4933 2495 4996 proponuntur
2522 4941 2644 4980 esse
2668 4927 3020 4983 veniendum.

575 5010 732 5065 Verre
775 5011 1081 5068 divinitatis
1114 5031 1284 5070 unum
1321 5017 1584 5072 indicium
1629 5018 1930 5088 etinsigne
1963 5034 2084 5073 sano
2109 5023 2152 5080 C

503 5108 605 5155 cue
638 5099 935 5168 Scriptura:
963 5117 1145 5158 sermo
1177 5104 1403 5169 indicat,
1427 5105 1575 5176 quod
1605 5105 1783 5162 Moses
1816 5121 1948 5162 voce
1966 5121 2076 5162 coe-

504 5191 636 5244 litus
665 5190 869 5244 emissa
893 5191 1108 5259 didicit,
1147 5210 1274 5248 cum
1316 5194 1521 5248 audivit
1572 5211 1696 5250 eum
1747 5197 1842 5267 qui
1903 5197 2074 5250 dixit:

511 5281 620 5352 Ego
677 5297 791 5335 sum
823 5283 912 5352 qui
953 5285 1125 5341 sunt‘.
1158 5287 1301 5356 Ergo
1348 5287 1452 5341 hoc
1492 5289 1666 5342 solum
1703 5304 1905 5344 numen
1955 5303 2079 5344 esse

509 5373 864 5439 arbitramur,
897 5377 1041 5446 quod
1102 5379 1403 5434 secundum
1445 5380 1804 5435 aeternitatem
1849 5387 1907 5436 et
1951 5379 2078 5434 inti-

558 5563 575 5597 ¹
607 5565 777 5621 Exod.
821 5582 902 5634 ιιι,
931 5568 1018 5623 Η.

2264 5017 2359 5069 Ἕν
2387 5015 2674 5087 γνώρισμα
2699 5020 2797 5089 τῆς
2827 5019 3088 5091 ἀληθινῆς
3121 5020 3368 5092 θεότητος
3406 5023 3434 5075 ὁ
3464 5024 3564 5094 τῆς
3594 5027 3754 5094 ἁγίας

2183 5107 2406 5177 Γραφῆς
2439 5106 2782 5162 ὑποδείκνυσι
2819 5109 2974 5178 λόγος
2995 5149 3010 5173 ,
3038 5111 3066 5163 ὃ
3095 5110 3182 5164 διὰ
3209 5112 3307 5182 τῆς
3335 5113 3539 5167 ἄνωθεν
3571 5117 3753 5186 φωνῆς

2186 5196 2436 5268 ἐδιδάχθη
2467 5197 2495 5249 ὁ
2527 5199 2751 5270 Μωσῆς,
2788 5201 3028 5266 ἀκούσας
3049 5203 3142 5256 τοῦ
3176 5205 3420 5271 εἰπόντος
3441 5246 3456 5274 ,
3489 5209 3574 5262 ὄτι
3615 5210 3756 5280 Ἐγώ

2183 5292 2302 5358 εἰμι
2323 5292 2355 5342 ό
2377 5289 2480 5344 ὢν.
2507 5290 2714 5344 Οὐκοῦν
2740 5293 2895 5346 τοῦτο
2921 5293 3078 5364 μόνον
3096 5295 3246 5351 Θείον
3268 5293 3406 5352 εἴναι
3431 5298 3506 5364 ὡς
3539 5300 3750 5372 ἀληθῶς

2187 5379 2465 5436 πιστεύειν
2488 5381 2714 5451 οἰόμεθα
2751 5383 2862 5436 δεῖν
2884 5423 2901 5448 ,
2931 5385 2959 5438 ὃ
2989 5387 3128 5440 κατὰ
3155 5387 3212 5440 τὸ
3245 5387 3414 5443 ἀΐδιόν
3439 5407 3499 5443 τε
3528 5391 3621 5446 καὶ
3661 5392 3753 5447 ἀό-

588 5742 666 5816 (a)
699 5744 928 5803 Videtur
952 5746 1196 5804 alludere
1222 5746 1286 5802 ad
1319 5746 1372 5802 id
1397 5747 1539 5818 quod
1577 5749 1769 5805 scribit
1794 5749 1860 5806 D.
1887 5750 2112 5822 Paulus,
2146 5752 2189 5809 ll
2218 5755 2285 5811 ad
2316 5753 2456 5812 Tim.
2489 5756 2525 5813 2
2555 5773 2568 5812 :
2605 5758 2788 5817 Sermo
2805 5780 2986 5820 eorum
3016 5774 3068 5818 ut
3105 5782 3288 5820 cancer
3319 5767 3502 5838 serpit.
