  <div class='ocr_page' id='page_1' title='image "/cluster/home/n/w/nwhite01/storage/ocr_20150623/45/nnc1.0046978445/396.png"; bbox 0 0 4138 6364; ppageno 0'>
   <div class='ocr_carea' id='block_1_1' title="bbox 375 434 478 491">
    <p class='ocr_par' dir='ltr' id='par_1_1' title="bbox 375 434 478 491">
     <span class='ocr_line' id='line_1_1' title="bbox 375 434 478 491; baseline 0 -1"><span class='ocrx_word' id='word_1_1' title='bbox 375 434 478 491; x_wconf 70' lang='grc'><strong>769</strong></span> 
     </span>
    </p>
   </div>
   <div class='ocr_carea' id='block_1_2' title="bbox 1388 428 2452 496">
    <p class='ocr_par' dir='ltr' id='par_1_2' title="bbox 1388 428 2452 496">
     <span class='ocr_line' id='line_1_2' title="bbox 1388 428 2452 496; baseline -0.004 -7"><span class='ocrx_word' id='word_1_2' title='bbox 1388 430 1670 489; x_wconf 75' lang='lat' dir='ltr'><strong>CONTRA</strong></span> <span class='ocrx_word' id='word_1_3' title='bbox 1700 430 2065 489; x_wconf 77' lang='lat' dir='ltr'><strong>EUNOMIUM</strong></span> <span class='ocrx_word' id='word_1_4' title='bbox 2088 466 2105 496; x_wconf 82' lang='lat'><strong>,</strong></span> <span class='ocrx_word' id='word_1_5' title='bbox 2144 430 2275 487; x_wconf 81' lang='lat' dir='ltr'><strong>LIB.</strong></span> <span class='ocrx_word' id='word_1_6' title='bbox 2317 428 2452 487; x_wconf 80' lang='lat' dir='ltr'>VIII.</span> 
     </span>
    </p>
   </div>
   <div class='ocr_carea' id='block_1_3' title="bbox 3514 422 3617 480">
    <p class='ocr_par' dir='ltr' id='par_1_3' title="bbox 3514 422 3617 480">
     <span class='ocr_line' id='line_1_3' title="bbox 3514 422 3617 480; baseline 0.01 -2"><span class='ocrx_word' id='word_1_7' title='bbox 3514 422 3617 480; x_wconf 80' lang='grc' dir='ltr'><strong>’ΠΟ</strong></span> 
     </span>
    </p>
   </div>
   <div class='ocr_carea' id='block_1_4' title="bbox 376 536 1956 620">
    <p class='ocr_par' dir='ltr' id='par_1_4' title="bbox 376 544 1947 620">
     <span class='ocr_line' id='line_1_4' title="bbox 376 544 1947 620; baseline 0 -21"><span class='ocrx_word' id='word_1_8' title='bbox 376 565 561 620; x_wconf 86' lang='grc' dir='ltr'>ριστον</span> <span class='ocrx_word' id='word_1_9' title='bbox 590 564 648 601; x_wconf 91' lang='grc' dir='ltr'><strong>εν</strong></span> <span class='ocrx_word' id='word_1_10' title='bbox 668 547 748 618; x_wconf 83' lang='grc' dir='ltr'>τῷ</span> <span class='ocrx_word' id='word_1_11' title='bbox 777 544 912 601; x_wconf 76' lang='grc' dir='ltr'>εἷναι</span> <span class='ocrx_word' id='word_1_12' title='bbox 940 544 1445 617; x_wconf 75' lang='grc' dir='ltr'>κατα-λαμϐάνεταιο</span> <span class='ocrx_word' id='word_1_13' title='bbox 1487 549 1581 601; x_wconf 75' lang='grc' dir='ltr'>καὶ</span> <span class='ocrx_word' id='word_1_14' title='bbox 1610 549 1717 601; x_wconf 81' lang='grc' dir='ltr'>πᾶν</span> <span class='ocrx_word' id='word_1_15' title='bbox 1738 548 1796 601; x_wconf 86' lang='lat' dir='ltr'><strong>1b</strong></span> <span class='ocrx_word' id='word_1_16' title='bbox 1819 549 1947 619; x_wconf 79' lang='grc' dir='ltr'>περὶ</span> 
     </span>
    </p>
   </div>
   <div class='ocr_carea' id='block_1_5' title="bbox 2061 536 3618 620">
    <p class='ocr_par' dir='ltr' id='par_1_5' title="bbox 2061 536 3618 614">
     <span class='ocr_line' id='line_1_5' title="bbox 2061 536 3618 614; baseline -0.006 -14"><span class='ocrx_word' id='word_1_17' title='bbox 2061 547 2280 600; x_wconf 88' lang='lat' dir='ltr'><strong>nitatem</strong></span> <span class='ocrx_word' id='word_1_18' title='bbox 2301 545 2356 599; x_wconf 92' lang='lat' dir='ltr'><strong>in</strong></span> <span class='ocrx_word' id='word_1_19' title='bbox 2380 557 2506 599; x_wconf 89' lang='lat' dir='ltr'><strong>esse</strong></span> <span class='ocrx_word' id='word_1_20' title='bbox 2529 540 2991 614; x_wconf 68' lang='lat' dir='ltr'><strong>deprehenditur:</strong></span> <span class='ocrx_word' id='word_1_21' title='bbox 3026 548 3082 596; x_wconf 87' lang='lat' dir='ltr'><strong>et</strong></span> <span class='ocrx_word' id='word_1_22' title='bbox 3115 536 3377 611; x_wconf 80' lang='lat' dir='ltr'><strong>quidquid</strong></span> <span class='ocrx_word' id='word_1_23' title='bbox 3407 536 3462 591; x_wconf 88' lang='lat' dir='ltr'><strong>in</strong></span> <span class='ocrx_word' id='word_1_24' title='bbox 3500 537 3618 607; x_wconf 89' lang='lat' dir='ltr'><strong>ipso</strong></span> 
     </span>
    </p>
   </div>
   <div class='ocr_carea' id='block_1_6' title="bbox 374 635 1944 708">
    <p class='ocr_par' dir='ltr' id='par_1_6' title="bbox 374 635 1944 708">
     <span class='ocr_line' id='line_1_6' title="bbox 374 635 1944 708; baseline -0.001 -18"><span class='ocrx_word' id='word_1_25' title='bbox 374 637 506 692; x_wconf 70' lang='grc' dir='ltr'>αὐτὸ</span> <span class='ocrx_word' id='word_1_26' title='bbox 532 636 901 708; x_wconf 84' lang='grc' dir='ltr'>θεωρούμενον</span> <span class='ocrx_word' id='word_1_27' title='bbox 928 637 1014 689; x_wconf 77' lang='grc' dir='ltr'><strong>ἀεὶ</strong></span> <span class='ocrx_word' id='word_1_28' title='bbox 1044 636 1302 699; x_wconf 81' lang='grc' dir='ltr'>ὡσαύτως</span> <span class='ocrx_word' id='word_1_29' title='bbox 1330 635 1466 706; x_wconf 79' lang='grc' dir='ltr'>ἔχει,</span> <span class='ocrx_word' id='word_1_30' title='bbox 1506 635 1628 690; x_wconf 76' lang='grc' dir='ltr'>οὔτε</span> <span class='ocrx_word' id='word_1_31' title='bbox 1659 636 1944 708; x_wconf 87' lang='grc' dir='ltr'>προσγινό-</span> 
     </span>
    </p>
   </div>
   <div class='ocr_carea' id='block_1_7' title="bbox 379 724 1945 797">
    <p class='ocr_par' dir='ltr' id='par_1_7' title="bbox 379 724 1945 797">
     <span class='ocr_line' id='line_1_7' title="bbox 379 724 1945 797; baseline 0 -19"><span class='ocrx_word' id='word_1_32' title='bbox 379 743 540 797; x_wconf 89' lang='grc' dir='ltr'>μενον</span> <span class='ocrx_word' id='word_1_33' title='bbox 578 724 701 779; x_wconf 76' lang='grc' dir='ltr'>οὔτε</span> <span class='ocrx_word' id='word_1_34' title='bbox 750 727 1157 797; x_wconf 81' lang='grc' dir='ltr'>ἀπογινόμενον.</span> <span class='ocrx_word' id='word_1_35' title='bbox 1212 726 1375 779; x_wconf 84' lang='grc' dir='ltr'>Ὥστε</span> <span class='ocrx_word' id='word_1_36' title='bbox 1413 728 1467 780; x_wconf 85' lang='grc' dir='ltr'><strong>εῐ</strong></span> <span class='ocrx_word' id='word_1_37' title='bbox 1495 743 1578 789; x_wconf 88' lang='grc' dir='ltr'><strong>τις</strong></span> <span class='ocrx_word' id='word_1_38' title='bbox 1619 728 1765 795; x_wconf 83' lang='grc' dir='ltr'>λέγοι</span> <span class='ocrx_word' id='word_1_39' title='bbox 1815 725 1945 796; x_wconf 74' lang='grc' dir='ltr'>περὶ</span> 
     </span>
    </p>
   </div>
   <div class='ocr_carea' id='block_1_8' title="bbox 374 813 1944 890">
    <p class='ocr_par' dir='ltr' id='par_1_8' title="bbox 374 813 1944 890">
     <span class='ocr_line' id='line_1_8' title="bbox 374 813 1944 890; baseline 0 -20"><span class='ocrx_word' id='word_1_40' title='bbox 374 817 507 871; x_wconf 87' lang='grc' dir='ltr'>Θεοῦ</span> <span class='ocrx_word' id='word_1_41' title='bbox 532 860 545 884; x_wconf 88' lang='grc'><strong>,</strong></span> <span class='ocrx_word' id='word_1_42' title='bbox 585 820 666 871; x_wconf 86' lang='grc' dir='ltr'><strong>ὄτι</strong></span> <span class='ocrx_word' id='word_1_43' title='bbox 701 818 965 890; x_wconf 88' lang='grc' dir='ltr'>πρότερον</span> <span class='ocrx_word' id='word_1_44' title='bbox 1000 820 1098 889; x_wconf 83' lang='grc' dir='ltr'>μὲν</span> <span class='ocrx_word' id='word_1_45' title='bbox 1125 813 1193 889; x_wconf 78' lang='grc' dir='ltr'>ἦν</span> <span class='ocrx_word' id='word_1_46' title='bbox 1212 858 1227 881; x_wconf 96' lang='grc'><strong>,</strong></span> <span class='ocrx_word' id='word_1_47' title='bbox 1261 817 1356 871; x_wconf 80' lang='grc' dir='ltr'>νῦν</span> <span class='ocrx_word' id='word_1_48' title='bbox 1384 818 1440 871; x_wconf 82' lang='grc' dir='ltr'><strong>δὲ</strong></span> <span class='ocrx_word' id='word_1_49' title='bbox 1474 818 1573 871; x_wconf 83' lang='grc' dir='ltr'><strong>οὐκ</strong></span> <span class='ocrx_word' id='word_1_50' title='bbox 1601 817 1768 881; x_wconf 76' lang='grc' dir='ltr'>ἔστιν,</span> <span class='ocrx_word' id='word_1_51' title='bbox 1800 818 1834 889; x_wconf 82' lang='grc' dir='ltr'>ἢ</span> <span class='ocrx_word' id='word_1_52' title='bbox 1864 818 1944 870; x_wconf 84' lang='grc' dir='ltr'>ὅτι</span> 
     </span>
    </p>
   </div>
   <div class='ocr_carea' id='block_1_9' title="bbox 375 905 1949 983">
    <p class='ocr_par' dir='ltr' id='par_1_9' title="bbox 375 905 1949 983">
     <span class='ocr_line' id='line_1_9' title="bbox 375 905 1949 983; baseline 0 -20"><span class='ocrx_word' id='word_1_53' title='bbox 375 908 471 963; x_wconf 84' lang='grc' dir='ltr'>νῦν</span> <span class='ocrx_word' id='word_1_54' title='bbox 508 911 607 981; x_wconf 89' lang='grc' dir='ltr'>μὲν</span> <span class='ocrx_word' id='word_1_55' title='bbox 634 909 770 975; x_wconf 79' lang='grc' dir='ltr'>ἔστι,</span> <span class='ocrx_word' id='word_1_56' title='bbox 802 911 1065 983; x_wconf 68' lang='grc' dir='ltr'>πρότερον</span> <span class='ocrx_word' id='word_1_57' title='bbox 1097 911 1154 963; x_wconf 86' lang='grc' dir='ltr'>δὲ</span> <span class='ocrx_word' id='word_1_58' title='bbox 1175 910 1274 963; x_wconf 86' lang='grc' dir='ltr'><strong>ούκ</strong></span> <span class='ocrx_word' id='word_1_59' title='bbox 1310 905 1398 982; x_wconf 83' lang='grc' dir='ltr'>ἦν,</span> <span class='ocrx_word' id='word_1_60' title='bbox 1430 912 1622 982; x_wconf 80' lang='grc' dir='ltr'>ἐπίσης</span> <span class='ocrx_word' id='word_1_61' title='bbox 1646 911 1801 965; x_wconf 78' lang='grc' dir='ltr'>ἄθεον</span> <span class='ocrx_word' id='word_1_62' title='bbox 1826 910 1949 980; x_wconf 63' lang='grc' dir='ltr'>κρίι</span> 
     </span>
    </p>
   </div>
   <div class='ocr_carea' id='block_1_10' title="bbox 375 1002 1947 1075">
    <p class='ocr_par' dir='ltr' id='par_1_10' title="bbox 375 1002 1947 1075">
     <span class='ocr_line' id='line_1_10' title="bbox 375 1002 1947 1075; baseline 0.002 -22"><span class='ocrx_word' id='word_1_63' title='bbox 375 1017 537 1070; x_wconf 90' lang='grc' dir='ltr'>νομεν</span> <span class='ocrx_word' id='word_1_64' title='bbox 583 1002 692 1055; x_wconf 84' lang='grc' dir='ltr'><strong>τῶν</strong></span> <span class='ocrx_word' id='word_1_65' title='bbox 758 1002 1061 1073; x_wconf 77' lang='grc' dir='ltr'><strong>εἰρημένων</strong></span> <span class='ocrx_word' id='word_1_66' title='bbox 1114 1002 1407 1073; x_wconf 58' lang='grc' dir='ltr'>ἑκάτερον</span> <span class='ocrx_word' id='word_1_67' title='bbox 1468 1002 1781 1057; x_wconf 80' lang='grc' dir='ltr'>κολοϐοῢται</span> <span class='ocrx_word' id='word_1_68' title='bbox 1837 1002 1947 1075; x_wconf 86' lang='grc' dir='ltr'><strong>γὰρ</strong></span> 
     </span>
    </p>
   </div>
   <div class='ocr_carea' id='block_1_11' title="bbox 375 1092 1945 1164">
    <p class='ocr_par' dir='ltr' id='par_1_11' title="bbox 375 1092 1945 1164">
     <span class='ocr_line' id='line_1_11' title="bbox 375 1092 1945 1164; baseline 0.001 -16"><span class='ocrx_word' id='word_1_69' title='bbox 375 1092 575 1164; x_wconf 79' lang='grc' dir='ltr'>ὁμοίως</span> <span class='ocrx_word' id='word_1_70' title='bbox 611 1093 678 1147; x_wconf 87' lang='grc' dir='ltr'>δι’</span> <span class='ocrx_word' id='word_1_71' title='bbox 711 1094 1033 1164; x_wconf 77' lang='grc' dir='ltr'><strong>ἀμφοτέρων</strong></span> <span class='ocrx_word' id='word_1_72' title='bbox 1062 1094 1090 1146; x_wconf 94' lang='lat'><strong>6</strong></span> <span class='ocrx_word' id='word_1_73' title='bbox 1138 1094 1238 1164; x_wconf 85' lang='grc' dir='ltr'><strong>τῆς</strong></span> <span class='ocrx_word' id='word_1_74' title='bbox 1268 1094 1564 1164; x_wconf 85' lang='grc' dir='ltr'>ὰῖδιότητος</span> <span class='ocrx_word' id='word_1_75' title='bbox 1602 1094 1757 1162; x_wconf 83' lang='grc' dir='ltr'>λόγος</span> <span class='ocrx_word' id='word_1_76' title='bbox 1779 1136 1793 1160; x_wconf 94' lang='grc'><strong>,</strong></span> <span class='ocrx_word' id='word_1_77' title='bbox 1826 1095 1945 1149; x_wconf 85' lang='grc' dir='ltr'>καθ’</span> 
     </span>
    </p>
   </div>
   <div class='ocr_carea' id='block_1_12' title="bbox 377 1182 1947 1256">
    <p class='ocr_par' dir='ltr' id='par_1_12' title="bbox 377 1182 1947 1256">
     <span class='ocr_line' id='line_1_12' title="bbox 377 1182 1947 1256; baseline -0.001 -17"><span class='ocrx_word' id='word_1_78' title='bbox 377 1185 655 1255; x_wconf 77' lang='grc' dir='ltr'><strong>ἑκάτερον¹</strong></span> <span class='ocrx_word' id='word_1_79' title='bbox 685 1186 847 1256; x_wconf 83' lang='grc' dir='ltr'>μέρος</span> <span class='ocrx_word' id='word_1_80' title='bbox 879 1184 1083 1255; x_wconf 78' lang='grc' dir='ltr'>ὁμοίως</span> <span class='ocrx_word' id='word_1_81' title='bbox 1115 1182 1193 1254; x_wconf 82' lang='grc' dir='ltr'><strong>τῷ</strong></span> <span class='ocrx_word' id='word_1_82' title='bbox 1237 1185 1570 1255; x_wconf 84' lang='grc' dir='ltr'>ἀνυπάρκτῳ</span> <span class='ocrx_word' id='word_1_83' title='bbox 1622 1185 1947 1255; x_wconf 87' lang='grc' dir='ltr'>περικοπτό-</span> 
     </span>
    </p>
   </div>
   <div class='ocr_carea' id='block_1_13' title="bbox 380 1273 1948 1347">
    <p class='ocr_par' dir='ltr' id='par_1_13' title="bbox 380 1273 1948 1347">
     <span class='ocr_line' id='line_1_13' title="bbox 380 1273 1948 1347; baseline 0 -18"><span class='ocrx_word' id='word_1_84' title='bbox 380 1293 558 1347; x_wconf 84' lang='grc' dir='ltr'>μενος.</span> <span class='ocrx_word' id='word_1_85' title='bbox 597 1278 658 1330; x_wconf 85' lang='grc' dir='ltr'>Εἰ</span> <span class='ocrx_word' id='word_1_86' title='bbox 698 1275 1069 1346; x_wconf 83' lang='grc' dir='ltr'>προσθεωροίη</span> <span class='ocrx_word' id='word_1_87' title='bbox 1099 1293 1181 1339; x_wconf 90' lang='grc' dir='ltr'><strong>τις</strong></span> <span class='ocrx_word' id='word_1_88' title='bbox 1205 1273 1265 1328; x_wconf 85' lang='lat' dir='ltr'><strong>1b</strong></span> <span class='ocrx_word' id='word_1_89' title='bbox 1298 1273 1373 1346; x_wconf 83' lang='grc' dir='ltr'>μὴ</span> <span class='ocrx_word' id='word_1_90' title='bbox 1419 1275 1479 1329; x_wconf 84' lang='grc' dir='ltr'>ὃν</span> <span class='ocrx_word' id='word_1_91' title='bbox 1517 1275 1611 1328; x_wconf 78' lang='grc' dir='ltr'>τοῦ</span> <span class='ocrx_word' id='word_1_92' title='bbox 1638 1275 1806 1340; x_wconf 90' lang='grc' dir='ltr'>ὄντος,</span> <span class='ocrx_word' id='word_1_93' title='bbox 1837 1277 1948 1329; x_wconf 75' lang='grc' dir='ltr'>εἴτε</span> 
     </span>
    </p>
   </div>
   <div class='ocr_carea' id='block_1_14' title="bbox 376 1365 1947 1437">
    <p class='ocr_par' dir='ltr' id='par_1_14' title="bbox 376 1365 1947 1437">
     <span class='ocr_line' id='line_1_14' title="bbox 376 1365 1947 1437; baseline 0 -15"><span class='ocrx_word' id='word_1_94' title='bbox 376 1368 705 1437; x_wconf 81' lang='grc' dir='ltr'>καταλήγειν</span> <span class='ocrx_word' id='word_1_95' title='bbox 731 1367 791 1421; x_wconf 84' lang='lat' dir='ltr'><strong>1b</strong></span> <span class='ocrx_word' id='word_1_96' title='bbox 822 1365 881 1420; x_wconf 83' lang='grc' dir='ltr'><strong>ὄν</strong></span> <span class='ocrx_word' id='word_1_97' title='bbox 910 1369 990 1429; x_wconf 90' lang='grc' dir='ltr'><strong>εἰς</strong></span> <span class='ocrx_word' id='word_1_98' title='bbox 1017 1367 1078 1419; x_wconf 83' lang='grc' dir='ltr'><strong>τὸ</strong></span> <span class='ocrx_word' id='word_1_99' title='bbox 1114 1366 1189 1437; x_wconf 85' lang='grc' dir='ltr'>μὴ</span> <span class='ocrx_word' id='word_1_100' title='bbox 1222 1367 1280 1419; x_wconf 89' lang='grc' dir='ltr'><strong>’ὀν</strong></span> <span class='ocrx_word' id='word_1_101' title='bbox 1306 1367 1700 1435; x_wconf 85' lang='grc' dir='ltr'>ἀποφαίνεται,</span> <span class='ocrx_word' id='word_1_102' title='bbox 1732 1367 1827 1421; x_wconf 73' lang='grc' dir='ltr'><strong>καί¹</strong></span> <span class='ocrx_word' id='word_1_103' title='bbox 1853 1368 1947 1422; x_wconf 85' lang='grc' dir='ltr'>ού-</span> 
     </span>
    </p>
   </div>
   <div class='ocr_carea' id='block_1_15' title="bbox 376 1459 1949 1531">
    <p class='ocr_par' dir='ltr' id='par_1_15' title="bbox 376 1459 1949 1531">
     <span class='ocr_line' id='line_1_15' title="bbox 376 1459 1949 1531; baseline 0 -18"><span class='ocrx_word' id='word_1_104' title='bbox 376 1460 463 1514; x_wconf 84' lang='grc' dir='ltr'><strong>δὲν</strong></span> <span class='ocrx_word' id='word_1_105' title='bbox 492 1460 896 1531; x_wconf 86' lang='grc' dir='ltr'>παραμυθεῖται</span> <span class='ocrx_word' id='word_1_106' title='bbox 933 1459 1031 1528; x_wconf 81' lang='grc' dir='ltr'>τὴν</span> <span class='ocrx_word' id='word_1_107' title='bbox 1061 1459 1231 1529; x_wconf 77' lang='grc' dir='ltr'>ἀσεὸῆ</span> <span class='ocrx_word' id='word_1_108' title='bbox 1261 1459 1385 1530; x_wconf 70' lang='grc' dir='ltr'>περὶ</span> <span class='ocrx_word' id='word_1_109' title='bbox 1406 1460 1466 1513; x_wconf 87' lang='lat' dir='ltr'><strong>1b</strong></span> <span class='ocrx_word' id='word_1_110' title='bbox 1484 1459 1637 1512; x_wconf 85' lang='grc' dir='ltr'>Θεῖον</span> <span class='ocrx_word' id='word_1_111' title='bbox 1660 1460 1949 1531; x_wconf 79' lang='grc' dir='ltr'>ὑπόληψιν,</span> 
     </span>
    </p>
   </div>
   <div class='ocr_carea' id='block_1_16' title="bbox 379 1548 1949 1623">
    <p class='ocr_par' dir='ltr' id='par_1_16' title="bbox 379 1548 1949 1623">
     <span class='ocr_line' id='line_1_16' title="bbox 379 1548 1949 1623; baseline -0.002 -18"><span class='ocrx_word' id='word_1_112' title='bbox 379 1554 436 1605; x_wconf 83' lang='grc' dir='ltr'>ὲν</span> <span class='ocrx_word' id='word_1_113' title='bbox 474 1550 707 1623; x_wconf 80' lang='grc' dir='ltr'>πρώτοις</span> <span class='ocrx_word' id='word_1_114' title='bbox 750 1549 783 1619; x_wconf 81' lang='grc' dir='ltr'><strong>ἢ</strong></span> <span class='ocrx_word' id='word_1_115' title='bbox 821 1549 1152 1612; x_wconf 78' lang='grc' dir='ltr'>τελευταίοις</span> <span class='ocrx_word' id='word_1_116' title='bbox 1194 1548 1683 1619; x_wconf 84' lang='grc' dir='ltr'>ὲπιθρυλλούμενον</span> <span class='ocrx_word' id='word_1_117' title='bbox 1723 1549 1801 1620; x_wconf 83' lang='grc' dir='ltr'><strong>τῷ</strong></span> <span class='ocrx_word' id='word_1_118' title='bbox 1829 1550 1949 1621; x_wconf 84' lang='grc' dir='ltr'><strong>Θεῷ</strong></span> 
     </span>
    </p>
   </div>
   <div class='ocr_carea' id='block_1_17' title="bbox 377 1638 1949 1713">
    <p class='ocr_par' dir='ltr' id='par_1_17' title="bbox 377 1638 1949 1713">
     <span class='ocr_line' id='line_1_17' title="bbox 377 1638 1949 1713; baseline -0.003 -16"><span class='ocrx_word' id='word_1_119' title='bbox 377 1645 440 1697; x_wconf 88' lang='lat' dir='ltr'><strong>1b</strong></span> <span class='ocrx_word' id='word_1_120' title='bbox 494 1643 860 1713; x_wconf 85' lang='grc' dir='ltr'>ἀνύπαρκτον.</span> <span class='ocrx_word' id='word_1_121' title='bbox 915 1641 1015 1694; x_wconf 86' lang='grc' dir='ltr'><strong>Διὰ</strong></span> <span class='ocrx_word' id='word_1_122' title='bbox 1052 1641 1207 1694; x_wconf 77' lang='grc' dir='ltr'>τοῦτο</span> <span class='ocrx_word' id='word_1_123' title='bbox 1243 1640 1341 1711; x_wconf 83' lang='grc' dir='ltr'>τὴν</span> <span class='ocrx_word' id='word_1_124' title='bbox 1386 1640 1513 1711; x_wconf 80' lang='grc' dir='ltr'>περὶ</span> <span class='ocrx_word' id='word_1_125' title='bbox 1556 1640 1649 1693; x_wconf 77' lang='grc' dir='ltr'>τοῦ</span> <span class='ocrx_word' id='word_1_126' title='bbox 1692 1640 1767 1711; x_wconf 83' lang='grc' dir='ltr'>μὴ</span> <span class='ocrx_word' id='word_1_127' title='bbox 1812 1638 1949 1693; x_wconf 79' lang='grc' dir='ltr'><strong>εἰναί</strong></span> 
     </span>
    </p>
   </div>
   <div class='ocr_carea' id='block_1_18' title="bbox 380 1733 1950 1804">
    <p class='ocr_par' dir='ltr' id='par_1_18' title="bbox 380 1733 1950 1804">
     <span class='ocr_line' id='line_1_18' title="bbox 380 1733 1950 1804; baseline -0.001 -15"><span class='ocrx_word' id='word_1_128' title='bbox 380 1753 510 1789; x_wconf 88' lang='grc' dir='ltr'>ποτε</span> <span class='ocrx_word' id='word_1_129' title='bbox 555 1737 646 1789; x_wconf 79' lang='grc' dir='ltr'><strong>τὸν</strong></span> <span class='ocrx_word' id='word_1_130' title='bbox 687 1735 857 1797; x_wconf 87' lang='grc' dir='ltr'>ὄντως</span> <span class='ocrx_word' id='word_1_131' title='bbox 900 1734 1028 1787; x_wconf 88' lang='grc' dir='ltr'>ὄντα</span> <span class='ocrx_word' id='word_1_132' title='bbox 1074 1733 1456 1804; x_wconf 75' lang='grc' dir='ltr'>κατασκευὴν,</span> <span class='ocrx_word' id='word_1_133' title='bbox 1499 1734 1727 1804; x_wconf 84' lang='grc' dir='ltr'>ἀρνησίν</span> <span class='ocrx_word' id='word_1_134' title='bbox 1768 1751 1827 1790; x_wconf 79' lang='grc' dir='ltr'><strong>τε</strong></span> <span class='ocrx_word' id='word_1_135' title='bbox 1855 1734 1950 1787; x_wconf 80' lang='grc' dir='ltr'><strong>καὶ</strong></span> 
     </span>
    </p>
   </div>
   <div class='ocr_carea' id='block_1_19' title="bbox 379 1820 1949 1897">
    <p class='ocr_par' dir='ltr' id='par_1_19' title="bbox 379 1820 1949 1897">
     <span class='ocr_line' id='line_1_19' title="bbox 379 1820 1949 1897; baseline -0.001 -18"><span class='ocrx_word' id='word_1_136' title='bbox 379 1826 633 1897; x_wconf 80' lang='grc' dir='ltr'>ἀθέτησιν</span> <span class='ocrx_word' id='word_1_137' title='bbox 670 1825 771 1895; x_wconf 86' lang='grc' dir='ltr'><strong>τῆς</strong></span> <span class='ocrx_word' id='word_1_138' title='bbox 799 1825 1056 1895; x_wconf 82' lang='grc' dir='ltr'>ἀληθινῆς</span> <span class='ocrx_word' id='word_1_139' title='bbox 1099 1824 1349 1894; x_wconf 82' lang='grc' dir='ltr'>θεότητος</span> <span class='ocrx_word' id='word_1_140' title='bbox 1386 1820 1527 1878; x_wconf 76' lang='grc' dir='ltr'>εἶναι</span> <span class='ocrx_word' id='word_1_141' title='bbox 1576 1824 1949 1895; x_wconf 74' lang='grc' dir='ltr'>διοριζόμεθα.</span> 
     </span>
    </p>
   </div>
   <div class='ocr_carea' id='block_1_20' title="bbox 2052 630 3617 708">
    <p class='ocr_par' dir='ltr' id='par_1_20' title="bbox 2052 630 3617 708">
     <span class='ocr_line' id='line_1_20' title="bbox 2052 630 3617 708; baseline -0.008 -14"><span class='ocrx_word' id='word_1_142' title='bbox 2052 648 2332 708; x_wconf 87' lang='lat' dir='ltr'><strong>spectatur</strong></span> <span class='ocrx_word' id='word_1_143' title='bbox 2367 652 2583 707; x_wconf 85' lang='lat' dir='ltr'><strong>semper</strong></span> <span class='ocrx_word' id='word_1_144' title='bbox 2620 636 2811 691; x_wconf 90' lang='lat' dir='ltr'><strong>eodem</strong></span> <span class='ocrx_word' id='word_1_145' title='bbox 2852 633 3014 689; x_wconf 90' lang='lat' dir='ltr'><strong>modo</strong></span> <span class='ocrx_word' id='word_1_146' title='bbox 3047 648 3107 688; x_wconf 91' lang='lat' dir='ltr'><strong>se</strong></span> <span class='ocrx_word' id='word_1_147' title='bbox 3135 632 3319 699; x_wconf 88' lang='lat' dir='ltr'><strong>habet,</strong></span> <span class='ocrx_word' id='word_1_148' title='bbox 3352 645 3528 701; x_wconf 87' lang='lat' dir='ltr'><strong>neque</strong></span> <span class='ocrx_word' id='word_1_149' title='bbox 3561 630 3617 682; x_wconf 87' lang='lat' dir='ltr'><strong>in</strong></span> 
     </span>
    </p>
   </div>
   <div class='ocr_carea' id='block_1_21' title="bbox 2049 721 3619 800">
    <p class='ocr_par' dir='ltr' id='par_1_21' title="bbox 2049 721 3619 800">
     <span class='ocr_line' id='line_1_21' title="bbox 2049 721 3619 800; baseline -0.007 -14"><span class='ocrx_word' id='word_1_150' title='bbox 2049 745 2115 786; x_wconf 90' lang='lat' dir='ltr'><strong>eo</strong></span> <span class='ocrx_word' id='word_1_151' title='bbox 2163 730 2221 784; x_wconf 78' lang='lat' dir='ltr'><strong>iit</strong></span> <span class='ocrx_word' id='word_1_152' title='bbox 2247 729 2545 800; x_wconf 84' lang='lat' dir='ltr'><strong>quidquam</strong></span> <span class='ocrx_word' id='word_1_153' title='bbox 2574 728 2657 782; x_wconf 82' lang='lat' dir='ltr'><strong>vel</strong></span> <span class='ocrx_word' id='word_1_154' title='bbox 2691 728 2842 797; x_wconf 89' lang='lat' dir='ltr'><strong>prius</strong></span> <span class='ocrx_word' id='word_1_155' title='bbox 2873 727 2956 781; x_wconf 90' lang='lat' dir='ltr'><strong>vel</strong></span> <span class='ocrx_word' id='word_1_156' title='bbox 2993 726 3287 796; x_wconf 81' lang='lat' dir='ltr'><strong>posterius.</strong></span> <span class='ocrx_word' id='word_1_157' title='bbox 3340 721 3519 789; x_wconf 83' lang='lat' dir='ltr'><strong>Quare</strong></span> <span class='ocrx_word' id='word_1_158' title='bbox 3570 722 3619 776; x_wconf 86' lang='lat' dir='ltr'><strong>si</strong></span> 
     </span>
    </p>
   </div>
   <div class='ocr_carea' id='block_1_22' title="bbox 2050 817 3619 892">
    <p class='ocr_par' dir='ltr' id='par_1_22' title="bbox 2050 817 3619 892">
     <span class='ocr_line' id='line_1_22' title="bbox 2050 817 3619 892; baseline -0.006 -16"><span class='ocrx_word' id='word_1_159' title='bbox 2050 822 2177 892; x_wconf 84' lang='lat' dir='ltr'><strong>quis</strong></span> <span class='ocrx_word' id='word_1_160' title='bbox 2206 822 2354 876; x_wconf 85' lang='lat' dir='ltr'><strong>dicat</strong></span> <span class='ocrx_word' id='word_1_161' title='bbox 2383 821 2452 875; x_wconf 92' lang='lat' dir='ltr'><strong>de</strong></span> <span class='ocrx_word' id='word_1_162' title='bbox 2491 819 2601 874; x_wconf 87' lang='lat' dir='ltr'><strong>Deo</strong></span> <span class='ocrx_word' id='word_1_163' title='bbox 2644 818 2787 889; x_wconf 89' lang='lat' dir='ltr'><strong>quod</strong></span> <span class='ocrx_word' id='word_1_164' title='bbox 2823 818 2977 888; x_wconf 87' lang='lat' dir='ltr'><strong>prius</strong></span> <span class='ocrx_word' id='word_1_165' title='bbox 3024 817 3243 887; x_wconf 82' lang='lat' dir='ltr'><strong>quidem</strong></span> <span class='ocrx_word' id='word_1_166' title='bbox 3283 822 3422 878; x_wconf 88' lang='lat' dir='ltr'><strong>erat,</strong></span> <span class='ocrx_word' id='word_1_167' title='bbox 3470 827 3619 867; x_wconf 87' lang='lat' dir='ltr'><strong>nunc</strong></span> 
     </span>
    </p>
   </div>
   <div class='ocr_carea' id='block_1_23' title="bbox 2051 906 3621 981">
    <p class='ocr_par' dir='ltr' id='par_1_23' title="bbox 2051 906 3621 981">
     <span class='ocr_line' id='line_1_23' title="bbox 2051 906 3621 981; baseline -0.006 -12"><span class='ocrx_word' id='word_1_168' title='bbox 2051 924 2230 969; x_wconf 88' lang='lat' dir='ltr'><strong>autem</strong></span> <span class='ocrx_word' id='word_1_169' title='bbox 2266 928 2375 968; x_wconf 91' lang='lat' dir='ltr'><strong>non</strong></span> <span class='ocrx_word' id='word_1_170' title='bbox 2405 921 2491 968; x_wconf 88' lang='lat' dir='ltr'><strong>est</strong></span> <span class='ocrx_word' id='word_1_171' title='bbox 2529 952 2545 976; x_wconf 92' lang='lat'><strong>,</strong></span> <span class='ocrx_word' id='word_1_172' title='bbox 2577 913 2658 967; x_wconf 71' lang='grc' dir='ltr'><strong>νει</strong></span> <span class='ocrx_word' id='word_1_173' title='bbox 2693 912 2838 981; x_wconf 91' lang='lat' dir='ltr'><strong>quod</strong></span> <span class='ocrx_word' id='word_1_174' title='bbox 2874 926 3018 965; x_wconf 87' lang='lat' dir='ltr'><strong>nunc</strong></span> <span class='ocrx_word' id='word_1_175' title='bbox 3046 910 3265 981; x_wconf 87' lang='lat' dir='ltr'><strong>quidem</strong></span> <span class='ocrx_word' id='word_1_176' title='bbox 3316 918 3421 971; x_wconf 87' lang='lat' dir='ltr'><strong>est,</strong></span> <span class='ocrx_word' id='word_1_177' title='bbox 3465 906 3621 974; x_wconf 84' lang='lat' dir='ltr'><strong>prius</strong></span> 
     </span>
    </p>
   </div>
   <div class='ocr_carea' id='block_1_24' title="bbox 2051 998 3619 1074">
    <p class='ocr_par' dir='ltr' id='par_1_24' title="bbox 2051 998 3619 1074">
     <span class='ocr_line' id='line_1_24' title="bbox 2051 998 3619 1074; baseline -0.008 -14"><span class='ocrx_word' id='word_1_178' title='bbox 2051 1015 2231 1061; x_wconf 90' lang='lat' dir='ltr'><strong>autem</strong></span> <span class='ocrx_word' id='word_1_179' title='bbox 2264 1022 2370 1061; x_wconf 90' lang='lat' dir='ltr'><strong>non</strong></span> <span class='ocrx_word' id='word_1_180' title='bbox 2387 1015 2505 1061; x_wconf 89' lang='lat' dir='ltr'><strong>erat</strong></span> <span class='ocrx_word' id='word_1_181' title='bbox 2534 1024 2547 1060; x_wconf 91' lang='lat'>:</span> <span class='ocrx_word' id='word_1_182' title='bbox 2581 1022 2644 1060; x_wconf 79' lang='lat' dir='ltr'><strong>ex</strong></span> <span class='ocrx_word' id='word_1_183' title='bbox 2677 1020 2831 1074; x_wconf 80' lang='lat' dir='ltr'><strong>aequo</strong></span> <span class='ocrx_word' id='word_1_184' title='bbox 2862 1003 3086 1074; x_wconf 89' lang='lat' dir='ltr'><strong>impitun</strong></span> <span class='ocrx_word' id='word_1_185' title='bbox 3117 1011 3409 1069; x_wconf 88' lang='lat' dir='ltr'><strong>utrumque</strong></span> <span class='ocrx_word' id='word_1_186' title='bbox 3440 998 3619 1051; x_wconf 85' lang='lat' dir='ltr'><strong>dicto-</strong></span> 
     </span>
    </p>
   </div>
   <div class='ocr_carea' id='block_1_25' title="bbox 2050 1096 3619 1165">
    <p class='ocr_par' dir='ltr' id='par_1_25' title="bbox 2050 1096 3619 1165">
     <span class='ocr_line' id='line_1_25' title="bbox 2050 1096 3619 1165; baseline -0.01 -11"><span class='ocrx_word' id='word_1_187' title='bbox 2050 1114 2172 1154; x_wconf 92' lang='lat' dir='ltr'><strong>rum</strong></span> <span class='ocrx_word' id='word_1_188' title='bbox 2206 1112 2526 1153; x_wconf 79' lang='lat' dir='ltr'><strong>censemus:</strong></span> <span class='ocrx_word' id='word_1_189' title='bbox 2567 1098 2771 1165; x_wconf 79' lang='lat' dir='ltr'><strong>pariter</strong></span> <span class='ocrx_word' id='word_1_190' title='bbox 2804 1097 2949 1150; x_wconf 88' lang='lat' dir='ltr'><strong>enim</strong></span> <span class='ocrx_word' id='word_1_191' title='bbox 2983 1110 3076 1164; x_wconf 87' lang='lat' dir='ltr'><strong>per</strong></span> <span class='ocrx_word' id='word_1_192' title='bbox 3119 1103 3412 1160; x_wconf 87' lang='lat' dir='ltr'><strong>utrumqtte</strong></span> <span class='ocrx_word' id='word_1_193' title='bbox 3454 1096 3619 1142; x_wconf 68' lang='lat' dir='ltr'><strong>mter-</strong></span> 
     </span>
    </p>
   </div>
   <div class='ocr_carea' id='block_1_26' title="bbox 2051 1187 3619 1254">
    <p class='ocr_par' dir='ltr' id='par_1_26' title="bbox 2051 1187 3619 1254">
     <span class='ocr_line' id='line_1_26' title="bbox 2051 1187 3619 1254; baseline -0.01 -9"><span class='ocrx_word' id='word_1_194' title='bbox 2051 1190 2241 1245; x_wconf 88' lang='lat' dir='ltr'><strong>nitatis</strong></span> <span class='ocrx_word' id='word_1_195' title='bbox 2281 1190 2423 1243; x_wconf 84' lang='lat' dir='ltr'><strong>ratio</strong></span> <span class='ocrx_word' id='word_1_196' title='bbox 2476 1190 2782 1251; x_wconf 86' lang='lat' dir='ltr'><strong>mutilatur,</strong></span> <span class='ocrx_word' id='word_1_197' title='bbox 2824 1187 2894 1240; x_wconf 85' lang='lat' dir='ltr'><strong>ab</strong></span> <span class='ocrx_word' id='word_1_198' title='bbox 2942 1194 3174 1254; x_wconf 85' lang='lat' dir='ltr'><strong>utraque</strong></span> <span class='ocrx_word' id='word_1_199' title='bbox 3209 1189 3361 1252; x_wconf 80' lang='lat' dir='ltr'><strong>parte</strong></span> <span class='ocrx_word' id='word_1_200' title='bbox 3422 1196 3450 1234; x_wconf 86' lang='lat' dir='ltr'><strong>a</strong></span> <span class='ocrx_word' id='word_1_201' title='bbox 3508 1193 3619 1231; x_wconf 86' lang='lat' dir='ltr'><strong>non</strong></span> 
     </span>
    </p>
   </div>
   <div class='ocr_carea' id='block_1_27' title="bbox 2050 1274 3619 1348">
    <p class='ocr_par' dir='ltr' id='par_1_27' title="bbox 2050 1274 3619 1348">
     <span class='ocr_line' id='line_1_27' title="bbox 2050 1274 3619 1348; baseline -0.008 -11"><span class='ocrx_word' id='word_1_202' title='bbox 2050 1282 2349 1337; x_wconf 76' lang='lat' dir='ltr'><strong>exsistente</strong></span> <span class='ocrx_word' id='word_1_203' title='bbox 2374 1280 2721 1336; x_wconf 86' lang='lat' dir='ltr'><strong>circumcisa.</strong></span> <span class='ocrx_word' id='word_1_204' title='bbox 2753 1278 2809 1334; x_wconf 85' lang='lat' dir='ltr'><strong>Si</strong></span> <span class='ocrx_word' id='word_1_205' title='bbox 2840 1277 2969 1348; x_wconf 90' lang='lat' dir='ltr'><strong>quis</strong></span> <span class='ocrx_word' id='word_1_206' title='bbox 2994 1276 3303 1346; x_wconf 83' lang='lat' dir='ltr'><strong>prospicere</strong></span> <span class='ocrx_word' id='word_1_207' title='bbox 3334 1274 3463 1325; x_wconf 74' lang='lat' dir='ltr'><strong>Velit</strong></span> <span class='ocrx_word' id='word_1_208' title='bbox 3509 1285 3619 1324; x_wconf 90' lang='lat' dir='ltr'><strong>non</strong></span> 
     </span>
    </p>
   </div>
   <div class='ocr_carea' id='block_1_28' title="bbox 2051 1370 3619 1439">
    <p class='ocr_par' dir='ltr' id='par_1_28' title="bbox 2051 1370 3619 1439">
     <span class='ocr_line' id='line_1_28' title="bbox 2051 1370 3619 1439; baseline -0.01 -10"><span class='ocrx_word' id='word_1_209' title='bbox 2051 1388 2151 1429; x_wconf 87' lang='lat' dir='ltr'><strong>ens</strong></span> <span class='ocrx_word' id='word_1_210' title='bbox 2181 1374 2235 1428; x_wconf 89' lang='lat' dir='ltr'><strong>in</strong></span> <span class='ocrx_word' id='word_1_211' title='bbox 2266 1380 2412 1439; x_wconf 88' lang='lat' dir='ltr'><strong>ente,</strong></span> <span class='ocrx_word' id='word_1_212' title='bbox 2472 1373 2556 1427; x_wconf 90' lang='lat' dir='ltr'><strong>vel</strong></span> <span class='ocrx_word' id='word_1_213' title='bbox 2590 1372 2821 1426; x_wconf 81' lang='lat' dir='ltr'><strong>deiicere</strong></span> <span class='ocrx_word' id='word_1_214' title='bbox 2848 1384 2947 1423; x_wconf 86' lang='lat' dir='ltr'><strong>eus</strong></span> <span class='ocrx_word' id='word_1_215' title='bbox 3003 1370 3056 1422; x_wconf 93' lang='lat' dir='ltr'><strong>in</strong></span> <span class='ocrx_word' id='word_1_216' title='bbox 3107 1382 3216 1421; x_wconf 90' lang='lat' dir='ltr'><strong>non</strong></span> <span class='ocrx_word' id='word_1_217' title='bbox 3248 1382 3347 1420; x_wconf 87' lang='lat' dir='ltr'><strong>ens</strong></span> <span class='ocrx_word' id='word_1_218' title='bbox 3377 1379 3619 1433; x_wconf 86' lang='lat' dir='ltr'><strong>pronun-</strong></span> 
     </span>
    </p>
   </div>
   <div class='ocr_carea' id='block_1_29' title="bbox 2052 1454 3619 1535">
    <p class='ocr_par' dir='ltr' id='par_1_29' title="bbox 2052 1454 3619 1535">
     <span class='ocr_line' id='line_1_29' title="bbox 2052 1454 3619 1535; baseline -0.009 -16"><span class='ocrx_word' id='word_1_219' title='bbox 2052 1466 2173 1529; x_wconf 82' lang='lat' dir='ltr'><strong>tiat,</strong></span> <span class='ocrx_word' id='word_1_220' title='bbox 2216 1465 2307 1520; x_wconf 89' lang='lat' dir='ltr'><strong>hic</strong></span> <span class='ocrx_word' id='word_1_221' title='bbox 2338 1464 2557 1535; x_wconf 87' lang='lat' dir='ltr'><strong>impiam</strong></span> <span class='ocrx_word' id='word_1_222' title='bbox 2592 1462 2660 1518; x_wconf 90' lang='lat' dir='ltr'><strong>de</strong></span> <span class='ocrx_word' id='word_1_223' title='bbox 2682 1461 2793 1517; x_wconf 89' lang='lat' dir='ltr'><strong>Deo</strong></span> <span class='ocrx_word' id='word_1_224' title='bbox 2824 1460 3135 1530; x_wconf 87' lang='lat' dir='ltr'><strong>opinionem</strong></span> <span class='ocrx_word' id='word_1_225' title='bbox 3168 1458 3221 1510; x_wconf 91' lang='lat' dir='ltr'><strong>in</strong></span> <span class='ocrx_word' id='word_1_226' title='bbox 3254 1456 3452 1509; x_wconf 87' lang='lat' dir='ltr'><strong>animis</strong></span> <span class='ocrx_word' id='word_1_227' title='bbox 3481 1454 3619 1506; x_wconf 87' lang='lat' dir='ltr'><strong>insi-</strong></span> 
     </span>
    </p>
   </div>
   <div class='ocr_carea' id='block_1_30' title="bbox 2054 1544 3618 1625">
    <p class='ocr_par' dir='ltr' id='par_1_30' title="bbox 2054 1544 3618 1625">
     <span class='ocr_line' id='line_1_30' title="bbox 2054 1544 3618 1625; baseline -0.008 -15"><span class='ocrx_word' id='word_1_228' title='bbox 2054 1566 2167 1611; x_wconf 78' lang='lat' dir='ltr'><strong>tam</strong></span> <span class='ocrx_word' id='word_1_229' title='bbox 2203 1557 2337 1611; x_wconf 87' lang='lat' dir='ltr'><strong>nihil</strong></span> <span class='ocrx_word' id='word_1_230' title='bbox 2363 1556 2536 1625; x_wconf 85' lang='lat' dir='ltr'><strong>juvat,</strong></span> <span class='ocrx_word' id='word_1_231' title='bbox 2571 1556 2625 1610; x_wconf 91' lang='lat' dir='ltr'><strong>in</strong></span> <span class='ocrx_word' id='word_1_232' title='bbox 2666 1554 2859 1624; x_wconf 86' lang='lat' dir='ltr'><strong>primis</strong></span> <span class='ocrx_word' id='word_1_233' title='bbox 2890 1566 2984 1606; x_wconf 88' lang='lat' dir='ltr'><strong>seu</strong></span> <span class='ocrx_word' id='word_1_234' title='bbox 3010 1549 3329 1621; x_wconf 86' lang='lat' dir='ltr'><strong>postremis,</strong></span> <span class='ocrx_word' id='word_1_235' title='bbox 3374 1546 3424 1601; x_wconf 91' lang='lat' dir='ltr'><strong>id</strong></span> <span class='ocrx_word' id='word_1_236' title='bbox 3471 1544 3618 1614; x_wconf 91' lang='lat' dir='ltr'><strong>quod</strong></span> 
     </span>
    </p>
   </div>
   <div class='ocr_carea' id='block_1_31' title="bbox 2056 1639 3619 1715">
    <p class='ocr_par' dir='ltr' id='par_1_31' title="bbox 2056 1639 3619 1715">
     <span class='ocr_line' id='line_1_31' title="bbox 2056 1639 3619 1715; baseline -0.008 -12"><span class='ocrx_word' id='word_1_237' title='bbox 2056 1664 2165 1703; x_wconf 91' lang='lat' dir='ltr'><strong>non</strong></span> <span class='ocrx_word' id='word_1_238' title='bbox 2200 1648 2421 1703; x_wconf 79' lang='lat' dir='ltr'><strong>exsistit</strong></span> <span class='ocrx_word' id='word_1_239' title='bbox 2458 1649 2515 1702; x_wconf 91' lang='lat' dir='ltr'><strong>in</strong></span> <span class='ocrx_word' id='word_1_240' title='bbox 2554 1646 2685 1707; x_wconf 90' lang='lat' dir='ltr'><strong>Deo,</strong></span> <span class='ocrx_word' id='word_1_241' title='bbox 2726 1645 2929 1715; x_wconf 89' lang='lat' dir='ltr'><strong>passim</strong></span> <span class='ocrx_word' id='word_1_242' title='bbox 2973 1657 3248 1697; x_wconf 87' lang='lat' dir='ltr'><strong>asserens.</strong></span> <span class='ocrx_word' id='word_1_243' title='bbox 3275 1639 3619 1706; x_wconf 87' lang='lat' dir='ltr'><strong>Quapropter</strong></span> 
     </span>
    </p>
   </div>
   <div class='ocr_carea' id='block_1_32' title="bbox 2055 1731 3619 1808">
    <p class='ocr_par' dir='ltr' id='par_1_32' title="bbox 2055 1731 3619 1808">
     <span class='ocr_line' id='line_1_32' title="bbox 2055 1731 3619 1808; baseline -0.008 -16"><span class='ocrx_word' id='word_1_244' title='bbox 2055 1754 2179 1794; x_wconf 91' lang='lat' dir='ltr'><strong>eum</strong></span> <span class='ocrx_word' id='word_1_245' title='bbox 2210 1741 2305 1808; x_wconf 88' lang='lat' dir='ltr'><strong>qui</strong></span> <span class='ocrx_word' id='word_1_246' title='bbox 2338 1753 2471 1792; x_wconf 81' lang='lat' dir='ltr'><strong>vere</strong></span> <span class='ocrx_word' id='word_1_247' title='bbox 2515 1745 2601 1792; x_wconf 87' lang='lat' dir='ltr'><strong>est</strong></span> <span class='ocrx_word' id='word_1_248' title='bbox 2630 1752 2741 1791; x_wconf 89' lang='lat' dir='ltr'><strong>non</strong></span> <span class='ocrx_word' id='word_1_249' title='bbox 2803 1750 2927 1789; x_wconf 89' lang='lat' dir='ltr'><strong>esse</strong></span> <span class='ocrx_word' id='word_1_250' title='bbox 2966 1742 3231 1795; x_wconf 82' lang='lat' dir='ltr'><strong>astruere,</strong></span> <span class='ocrx_word' id='word_1_251' title='bbox 3272 1731 3619 1800; x_wconf 74' lang='lat' dir='ltr'><strong>negationem</strong></span> 
     </span>
    </p>
   </div>
   <div class='ocr_carea' id='block_1_33' title="bbox 2056 1826 3620 1899">
    <p class='ocr_par' dir='ltr' id='par_1_33' title="bbox 2056 1826 3620 1899">
     <span class='ocr_line' id='line_1_33' title="bbox 2056 1826 3620 1899; baseline -0.004 -16"><span class='ocrx_word' id='word_1_252' title='bbox 2056 1838 2541 1899; x_wconf 83' lang='lat' dir='ltr'><strong>contemptumque</strong></span> <span class='ocrx_word' id='word_1_253' title='bbox 2562 1843 2683 1883; x_wconf 91' lang='lat' dir='ltr'><strong>esse</strong></span> <span class='ocrx_word' id='word_1_254' title='bbox 2704 1844 2845 1883; x_wconf 68' lang='lat' dir='ltr'><strong>verte</strong></span> <span class='ocrx_word' id='word_1_255' title='bbox 2860 1826 3078 1881; x_wconf 87' lang='lat' dir='ltr'><strong>deitatis</strong></span> <span class='ocrx_word' id='word_1_256' title='bbox 3096 1826 3298 1879; x_wconf 89' lang='lat' dir='ltr'><strong>diserte</strong></span> <span class='ocrx_word' id='word_1_257' title='bbox 3321 1832 3374 1878; x_wconf 90' lang='lat' dir='ltr'><strong>et</strong></span> <span class='ocrx_word' id='word_1_258' title='bbox 3394 1836 3620 1891; x_wconf 74' lang='lat' dir='ltr'><strong>expres-</strong></span> 
     </span>
    </p>
   </div>
   <div class='ocr_carea' id='block_1_34' title="bbox 393 1914 1956 1992">
    <p class='ocr_par' dir='ltr' id='par_1_34' title="bbox 393 1914 1950 1987">
     <span class='ocr_line' id='line_1_34' title="bbox 393 1914 1950 1987; baseline -0.001 -17"><span class='ocrx_word' id='word_1_259' title='bbox 393 1917 610 1987; x_wconf 81' lang='grc' dir='ltr'>Ἐπειδὴ</span> <span class='ocrx_word' id='word_1_260' title='bbox 639 1915 745 1985; x_wconf 79' lang='grc' dir='ltr'>γὰρ</span> <span class='ocrx_word' id='word_1_261' title='bbox 777 1918 805 1969; x_wconf 97' lang='lat'><strong>6</strong></span> <span class='ocrx_word' id='word_1_262' title='bbox 834 1916 932 1986; x_wconf 86' lang='grc' dir='ltr'><strong>μὲν</strong></span> <span class='ocrx_word' id='word_1_263' title='bbox 975 1916 1063 1969; x_wconf 76' lang='grc' dir='ltr'>διὰ</span> <span class='ocrx_word' id='word_1_264' title='bbox 1094 1915 1188 1969; x_wconf 73' lang='grc' dir='ltr'>τοῦ</span> <span class='ocrx_word' id='word_1_265' title='bbox 1218 1916 1395 1984; x_wconf 84' lang='grc' dir='ltr'>φωτὸς</span> <span class='ocrx_word' id='word_1_266' title='bbox 1435 1914 1626 1968; x_wconf 78' lang='grc' dir='ltr'>ἑαυτὸν</span> <span class='ocrx_word' id='word_1_267' title='bbox 1670 1916 1746 1986; x_wconf 85' lang='grc' dir='ltr'>τῷ</span> <span class='ocrx_word' id='word_1_268' title='bbox 1780 1918 1950 1987; x_wconf 82' lang='grc' dir='ltr'>Μωσῇ</span> 
     </span>
    </p>
   </div>
   <div class='ocr_carea' id='block_1_35' title="bbox 2061 1914 3621 1992">
    <p class='ocr_par' dir='ltr' id='par_1_35' title="bbox 2061 1917 3621 1992">
     <span class='ocr_line' id='line_1_35' title="bbox 2061 1917 3621 1992; baseline -0.008 -13"><span class='ocrx_word' id='word_1_269' title='bbox 2061 1939 2115 1979; x_wconf 88' lang='lat' dir='ltr'><strong>se</strong></span> <span class='ocrx_word' id='word_1_270' title='bbox 2153 1924 2408 1978; x_wconf 89' lang='lat' dir='ltr'><strong>dicimus.</strong></span> <span class='ocrx_word' id='word_1_271' title='bbox 2478 1920 2755 1992; x_wconf 85' lang='lat' dir='ltr'><strong>Siquidem</strong></span> <span class='ocrx_word' id='word_1_272' title='bbox 2835 1922 2926 1975; x_wconf 88' lang='lat' dir='ltr'><strong>ille</strong></span> <span class='ocrx_word' id='word_1_273' title='bbox 2970 1920 3064 1989; x_wconf 92' lang='lat' dir='ltr'><strong>qui</strong></span> <span class='ocrx_word' id='word_1_274' title='bbox 3118 1917 3469 1986; x_wconf 86' lang='lat' dir='ltr'><strong>semetipsum</strong></span> <span class='ocrx_word' id='word_1_275' title='bbox 3525 1929 3621 1983; x_wconf 90' lang='lat' dir='ltr'><strong>per</strong></span> 
     </span>
    </p>
   </div>
   <div class='ocr_carea' id='block_1_36' title="bbox 380 2006 1945 2079">
    <p class='ocr_par' dir='ltr' id='par_1_36' title="bbox 380 2006 1945 2079">
     <span class='ocr_line' id='line_1_36' title="bbox 380 2006 1945 2079; baseline 0 -16"><span class='ocrx_word' id='word_1_276' title='bbox 380 2010 579 2076; x_wconf 78' lang='grc' dir='ltr'>δείξας,</span> <span class='ocrx_word' id='word_1_277' title='bbox 606 2009 733 2061; x_wconf 90' lang='grc' dir='ltr'>ὄντα</span> <span class='ocrx_word' id='word_1_278' title='bbox 756 2007 942 2062; x_wconf 74' lang='grc' dir='ltr'>ἑαυτὸν</span> <span class='ocrx_word' id='word_1_279' title='bbox 970 2008 1246 2079; x_wconf 79' lang='grc' dir='ltr'>ὀνομάζει,</span> <span class='ocrx_word' id='word_1_280' title='bbox 1276 2006 1627 2077; x_wconf 75' lang='grc' dir='ltr'>λέγων,Ἐτώ</span> <span class='ocrx_word' id='word_1_281' title='bbox 1654 2011 1767 2078; x_wconf 77' lang='grc' dir='ltr'>εἰμι</span> <span class='ocrx_word' id='word_1_282' title='bbox 1787 2012 1819 2063; x_wconf 85' lang='grc' dir='ltr'><strong>ό</strong></span> <span class='ocrx_word' id='word_1_283' title='bbox 1844 2009 1945 2063; x_wconf 74' lang='grc' dir='ltr'><strong>ὧν.</strong></span> 
     </span>
    </p>
   </div>
   <div class='ocr_carea' id='block_1_37' title="bbox 394 2097 1949 2169">
    <p class='ocr_par' dir='ltr' id='par_1_37' title="bbox 394 2097 1949 2169">
     <span class='ocr_line' id='line_1_37' title="bbox 394 2097 1949 2169; baseline -0.002 -16"><span class='ocrx_word' id='word_1_284' title='bbox 394 2100 621 2163; x_wconf 86' lang='grc' dir='ltr'>Ἥσαῒας</span> <span class='ocrx_word' id='word_1_285' title='bbox 639 2099 695 2151; x_wconf 85' lang='grc' dir='ltr'>δὲ</span> <span class='ocrx_word' id='word_1_286' title='bbox 715 2098 964 2167; x_wconf 85' lang='grc' dir='ltr'>καθάπερ</span> <span class='ocrx_word' id='word_1_287' title='bbox 981 2099 1209 2169; x_wconf 84' lang='grc' dir='ltr'>ὄργανον</span> <span class='ocrx_word' id='word_1_288' title='bbox 1225 2098 1318 2151; x_wconf 78' lang='grc' dir='ltr'>τοῦ</span> <span class='ocrx_word' id='word_1_289' title='bbox 1336 2100 1392 2151; x_wconf 81' lang='grc' dir='ltr'>ὲν</span> <span class='ocrx_word' id='word_1_290' title='bbox 1413 2097 1558 2169; x_wconf 80' lang='grc' dir='ltr'>αὐτῷ</span> <span class='ocrx_word' id='word_1_291' title='bbox 1581 2098 1949 2168; x_wconf 76' lang='grc' dir='ltr'>φθεγγομένου</span> 
     </span>
    </p>
   </div>
   <div class='ocr_carea' id='block_1_38' title="bbox 381 2187 1947 2258">
    <p class='ocr_par' dir='ltr' id='par_1_38' title="bbox 381 2187 1947 2258">
     <span class='ocr_line' id='line_1_38' title="bbox 381 2187 1947 2258; baseline 0.001 -17"><span class='ocrx_word' id='word_1_292' title='bbox 381 2189 670 2257; x_wconf 87' lang='grc' dir='ltr'>γενόμενος</span> <span class='ocrx_word' id='word_1_293' title='bbox 690 2227 704 2248; x_wconf 94' lang='grc'><strong>,</strong></span> <span class='ocrx_word' id='word_1_294' title='bbox 736 2190 799 2240; x_wconf 82' lang='grc' dir='ltr'>ὲκ</span> <span class='ocrx_word' id='word_1_295' title='bbox 833 2187 1122 2258; x_wconf 82' lang='grc' dir='ltr'>προσώπου</span> <span class='ocrx_word' id='word_1_296' title='bbox 1166 2188 1310 2256; x_wconf 86' lang='grc' dir='ltr'>λέγει</span> <span class='ocrx_word' id='word_1_297' title='bbox 1342 2188 1435 2241; x_wconf 81' lang='grc' dir='ltr'>τοῦ</span> <span class='ocrx_word' id='word_1_298' title='bbox 1464 2188 1614 2252; x_wconf 90' lang='grc' dir='ltr'>ὄντος</span> <span class='ocrx_word' id='word_1_299' title='bbox 1634 2230 1648 2253; x_wconf 96' lang='grc'><strong>,</strong></span> <span class='ocrx_word' id='word_1_300' title='bbox 1678 2191 1759 2242; x_wconf 78' lang='grc' dir='ltr'><strong>ὅτι</strong></span> <span class='ocrx_word' id='word_1_301' title='bbox 1798 2189 1947 2258; x_wconf 79' lang='grc' dir='ltr'><strong>Ἐγὼ</strong></span> 
     </span>
    </p>
   </div>
   <div class='ocr_carea' id='block_1_39' title="bbox 383 2280 1951 2350">
    <p class='ocr_par' dir='ltr' id='par_1_39' title="bbox 383 2280 1951 2350">
     <span class='ocr_line' id='line_1_39' title="bbox 383 2280 1951 2350; baseline 0.001 -15"><span class='ocrx_word' id='word_1_302' title='bbox 383 2281 632 2350; x_wconf 79' lang='grc' dir='ltr'>πρῶτος,</span> <span class='ocrx_word' id='word_1_303' title='bbox 657 2280 754 2335; x_wconf 84' lang='grc' dir='ltr'>καὶ</span> <span class='ocrx_word' id='word_1_304' title='bbox 779 2282 894 2350; x_wconf 82' lang='grc' dir='ltr'><strong>ἐγὼ</strong></span> <span class='ocrx_word' id='word_1_305' title='bbox 907 2282 1057 2350; x_wconf 84' lang='grc' dir='ltr'>μετὰ</span> <span class='ocrx_word' id='word_1_306' title='bbox 1072 2281 1276 2345; x_wconf 84' lang='grc' dir='ltr'>ταῦτα,</span> <span class='ocrx_word' id='word_1_307' title='bbox 1297 2282 1375 2345; x_wconf 87' lang='grc' dir='ltr'><strong>ώς</strong></span> <span class='ocrx_word' id='word_1_308' title='bbox 1392 2282 1480 2335; x_wconf 78' lang='grc' dir='ltr'>διὰ</span> <span class='ocrx_word' id='word_1_309' title='bbox 1507 2282 1698 2336; x_wconf 87' lang='grc' dir='ltr'>τούτου</span> <span class='ocrx_word' id='word_1_310' title='bbox 1715 2283 1951 2337; x_wconf 88' lang='grc' dir='ltr'>νοεῖσθαι</span> 
     </span>
    </p>
   </div>
   <div class='ocr_carea' id='block_1_40' title="bbox 383 2373 1951 2445">
    <p class='ocr_par' dir='ltr' id='par_1_40' title="bbox 383 2373 1951 2445">
     <span class='ocr_line' id='line_1_40' title="bbox 383 2373 1951 2445; baseline -0.001 -16"><span class='ocrx_word' id='word_1_311' title='bbox 383 2375 506 2429; x_wconf 81' lang='grc' dir='ltr'>καθ’</span> <span class='ocrx_word' id='word_1_312' title='bbox 541 2374 807 2445; x_wconf 73' lang='grc' dir='ltr'>ἑκατέραν</span> <span class='ocrx_word' id='word_1_313' title='bbox 841 2374 1047 2428; x_wconf 71' lang='grc' dir='ltr'>ἔννοιαν</span> <span class='ocrx_word' id='word_1_314' title='bbox 1102 2375 1194 2428; x_wconf 78' lang='grc' dir='ltr'>ὲπί</span> <span class='ocrx_word' id='word_1_315' title='bbox 1223 2373 1358 2428; x_wconf 80' lang='grc' dir='ltr'>Θεοῦ</span> <span class='ocrx_word' id='word_1_316' title='bbox 1396 2375 1456 2428; x_wconf 90' lang='lat' dir='ltr'><strong>1b</strong></span> <span class='ocrx_word' id='word_1_317' title='bbox 1482 2376 1668 2429; x_wconf 84' lang='grc' dir='ltr'>ἀΐδιον.</span> <span class='ocrx_word' id='word_1_318' title='bbox 1724 2375 1951 2445; x_wconf 78' lang='grc' dir='ltr'>Ὁμοίως</span> 
     </span>
    </p>
   </div>
   <div class='ocr_carea' id='block_1_41' title="bbox 379 2466 1951 2538">
    <p class='ocr_par' dir='ltr' id='par_1_41' title="bbox 379 2466 1951 2538">
     <span class='ocr_line' id='line_1_41' title="bbox 379 2466 1951 2538; baseline -0.003 -16"><span class='ocrx_word' id='word_1_319' title='bbox 379 2466 437 2521; x_wconf 79' lang='grc' dir='ltr'><strong>δε</strong></span> <span class='ocrx_word' id='word_1_320' title='bbox 461 2468 555 2522; x_wconf 78' lang='grc' dir='ltr'>καὶ</span> <span class='ocrx_word' id='word_1_321' title='bbox 583 2468 618 2538; x_wconf 79' lang='grc' dir='ltr'>ἡ</span> <span class='ocrx_word' id='word_1_322' title='bbox 648 2468 781 2538; x_wconf 78' lang='grc' dir='ltr'>πρὸς</span> <span class='ocrx_word' id='word_1_323' title='bbox 802 2466 891 2519; x_wconf 82' lang='grc' dir='ltr'><strong>τὸν</strong></span> <span class='ocrx_word' id='word_1_324' title='bbox 924 2466 1121 2522; x_wconf 81' lang='grc' dir='ltr'>Μανωὲ</span> <span class='ocrx_word' id='word_1_325' title='bbox 1149 2466 1414 2537; x_wconf 83' lang='grc' dir='ltr'>γενομένη</span> <span class='ocrx_word' id='word_1_326' title='bbox 1457 2467 1631 2536; x_wconf 78' lang='grc' dir='ltr'>φωνὴ,</span> <span class='ocrx_word' id='word_1_327' title='bbox 1668 2466 1730 2520; x_wconf 87' lang='lat' dir='ltr'><strong>1b</strong></span> <span class='ocrx_word' id='word_1_328' title='bbox 1765 2466 1951 2536; x_wconf 72' lang='grc' dir='ltr'>ἀπερί-</span> 
     </span>
    </p>
   </div>
   <div class='ocr_carea' id='block_1_42' title="bbox 383 2555 1952 2629">
    <p class='ocr_par' dir='ltr' id='par_1_42' title="bbox 383 2555 1952 2629">
     <span class='ocr_line' id='line_1_42' title="bbox 383 2555 1952 2629; baseline -0.001 -16"><span class='ocrx_word' id='word_1_329' title='bbox 383 2559 584 2629; x_wconf 85' lang='grc' dir='ltr'>ληπτον</span> <span class='ocrx_word' id='word_1_330' title='bbox 606 2555 744 2612; x_wconf 79' lang='grc' dir='ltr'>εἶναι</span> <span class='ocrx_word' id='word_1_331' title='bbox 768 2557 855 2611; x_wconf 78' lang='grc' dir='ltr'>διὰ</span> <span class='ocrx_word' id='word_1_332' title='bbox 874 2558 971 2628; x_wconf 88' lang='grc' dir='ltr'><strong>τῆς</strong></span> <span class='ocrx_word' id='word_1_333' title='bbox 997 2557 1099 2611; x_wconf 78' lang='grc' dir='ltr'>τοῦ·</span> <span class='ocrx_word' id='word_1_334' title='bbox 1122 2558 1384 2627; x_wconf 78' lang='grc' dir='ltr'>ὀνόματος</span> <span class='ocrx_word' id='word_1_335' title='bbox 1412 2559 1686 2628; x_wconf 87' lang='grc' dir='ltr'>σημασίας</span> <span class='ocrx_word' id='word_1_336' title='bbox 1714 2557 1775 2610; x_wconf 83' lang='grc' dir='ltr'><strong>τὸ</strong></span> <span class='ocrx_word' id='word_1_337' title='bbox 1799 2556 1952 2611; x_wconf 89' lang='grc' dir='ltr'>Θεῖον</span> 
     </span>
    </p>
   </div>
   <div class='ocr_carea' id='block_1_43' title="bbox 382 2646 1952 2718">
    <p class='ocr_par' dir='ltr' id='par_1_43' title="bbox 382 2646 1952 2718">
     <span class='ocr_line' id='line_1_43' title="bbox 382 2646 1952 2718; baseline -0.001 -17"><span class='ocrx_word' id='word_1_338' title='bbox 382 2649 730 2712; x_wconf 75' lang='grc' dir='ltr'>ἐνδείκνυται,</span> <span class='ocrx_word' id='word_1_339' title='bbox 755 2648 842 2701; x_wconf 82' lang='grc' dir='ltr'>ὅτε</span> <span class='ocrx_word' id='word_1_340' title='bbox 863 2648 1051 2718; x_wconf 81' lang='grc' dir='ltr'>μαθεῖν</span> <span class='ocrx_word' id='word_1_341' title='bbox 1072 2647 1346 2712; x_wconf 78' lang='grc' dir='ltr'>ἀξιοῦντος</span> <span class='ocrx_word' id='word_1_342' title='bbox 1367 2647 1459 2700; x_wconf 81' lang='grc' dir='ltr'>τοῦ</span> <span class='ocrx_word' id='word_1_343' title='bbox 1482 2648 1678 2701; x_wconf 84' lang='grc' dir='ltr'>Μανωὲ</span> <span class='ocrx_word' id='word_1_344' title='bbox 1698 2647 1758 2701; x_wconf 85' lang='grc' dir='ltr'>τὺ</span> <span class='ocrx_word' id='word_1_345' title='bbox 1783 2646 1952 2715; x_wconf 85' lang='grc' dir='ltr'>ὄνομα</span> 
     </span>
    </p>
   </div>
   <div class='ocr_carea' id='block_1_44' title="bbox 382 2738 1953 2810">
    <p class='ocr_par' dir='ltr' id='par_1_44' title="bbox 382 2738 1953 2810">
     <span class='ocr_line' id='line_1_44' title="bbox 382 2738 1953 2810; baseline -0.001 -19"><span class='ocrx_word' id='word_1_346' title='bbox 382 2739 457 2803; x_wconf 84' lang='grc' dir='ltr'>ὡς</span> <span class='ocrx_word' id='word_1_347' title='bbox 483 2739 849 2810; x_wconf 83' lang='grc' dir='ltr'>προελθούσης</span> <span class='ocrx_word' id='word_1_348' title='bbox 880 2738 1145 2809; x_wconf 78' lang='grc' dir='ltr'>είςὲργον</span> <span class='ocrx_word' id='word_1_349' title='bbox 1164 2739 1261 2809; x_wconf 85' lang='grc' dir='ltr'><strong>τῆς</strong></span> <span class='ocrx_word' id='word_1_350' title='bbox 1290 2739 1615 2806; x_wconf 78' lang='grc' dir='ltr'>ἐπαγγελίας</span> <span class='ocrx_word' id='word_1_351' title='bbox 1637 2739 1725 2791; x_wconf 75' lang='grc' dir='ltr'><strong>ἐπ’</strong></span> <span class='ocrx_word' id='word_1_352' title='bbox 1757 2738 1953 2807; x_wconf 77' lang='grc' dir='ltr'>ὀνόμα-</span> 
     </span>
    </p>
   </div>
   <div class='ocr_carea' id='block_1_45' title="bbox 385 2828 1952 2902">
    <p class='ocr_par' dir='ltr' id='par_1_45' title="bbox 385 2828 1952 2902">
     <span class='ocr_line' id='line_1_45' title="bbox 385 2828 1952 2902; baseline -0.001 -18"><span class='ocrx_word' id='word_1_353' title='bbox 385 2846 475 2894; x_wconf 90' lang='grc' dir='ltr'><strong>τος</strong></span> <span class='ocrx_word' id='word_1_354' title='bbox 499 2831 694 2902; x_wconf 77' lang='grc' dir='ltr'>δοξάσῃ</span> <span class='ocrx_word' id='word_1_355' title='bbox 720 2830 809 2884; x_wconf 86' lang='grc' dir='ltr'><strong>τὸν</strong></span> <span class='ocrx_word' id='word_1_356' title='bbox 830 2831 1144 2901; x_wconf 84' lang='grc' dir='ltr'>εὐεργέτην,</span> <span class='ocrx_word' id='word_1_357' title='bbox 1168 2830 1318 2897; x_wconf 80' lang='grc' dir='ltr'>λέγει</span> <span class='ocrx_word' id='word_1_358' title='bbox 1345 2830 1483 2899; x_wconf 80' lang='grc' dir='ltr'>πρὸς</span> <span class='ocrx_word' id='word_1_359' title='bbox 1504 2830 1686 2883; x_wconf 77' lang='grc' dir='ltr'>αὐτόν·</span> <span class='ocrx_word' id='word_1_360' title='bbox 1706 2830 1767 2883; x_wconf 77' lang='grc' dir='ltr'>Τί</span> <span class='ocrx_word' id='word_1_361' title='bbox 1783 2828 1952 2883; x_wconf 83' lang='grc' dir='ltr'>τοῦτο</span> 
     </span>
    </p>
   </div>
   <div class='ocr_carea' id='block_1_46' title="bbox 384 2919 1951 2989">
    <p class='ocr_par' dir='ltr' id='par_1_46' title="bbox 384 2919 1951 2989">
     <span class='ocr_line' id='line_1_46' title="bbox 384 2919 1951 2989; baseline 0 -16"><span class='ocrx_word' id='word_1_362' title='bbox 384 2920 604 2988; x_wconf 80' lang='grc' dir='ltr'>ἐρωτᾷς</span> <span class='ocrx_word' id='word_1_363' title='bbox 635 2938 653 2985; x_wconf 90' lang='grc'><strong><em>;</em></strong></span> <span class='ocrx_word' id='word_1_364' title='bbox 682 2922 781 2975; x_wconf 80' lang='grc' dir='ltr'>καὶ</span> <span class='ocrx_word' id='word_1_365' title='bbox 815 2923 965 2975; x_wconf 85' lang='grc' dir='ltr'>αὑτό</span> <span class='ocrx_word' id='word_1_366' title='bbox 995 2922 1127 2975; x_wconf 84' lang='grc' dir='ltr'>ἐστι</span> <span class='ocrx_word' id='word_1_367' title='bbox 1161 2921 1523 2989; x_wconf 74' lang='grc' dir='ltr'>θαυμαστόν-⁸</span> <span class='ocrx_word' id='word_1_368' title='bbox 1548 2920 1622 2982; x_wconf 85' lang='grc' dir='ltr'>ὡς</span> <span class='ocrx_word' id='word_1_369' title='bbox 1649 2919 1735 2973; x_wconf 82' lang='grc' dir='ltr'>διὰ</span> <span class='ocrx_word' id='word_1_370' title='bbox 1763 2920 1951 2973; x_wconf 87' lang='grc' dir='ltr'>τούτου</span> 
     </span>
    </p>
   </div>
   <div class='ocr_carea' id='block_1_47' title="bbox 390 3008 1953 3081">
    <p class='ocr_par' dir='ltr' id='par_1_47' title="bbox 390 3008 1953 3081">
     <span class='ocr_line' id='line_1_47' title="bbox 390 3008 1953 3081; baseline 0 -19"><span class='ocrx_word' id='word_1_371' title='bbox 390 3009 598 3078; x_wconf 82' lang='grc' dir='ltr'>μαθεῖν,</span> <span class='ocrx_word' id='word_1_372' title='bbox 641 3012 720 3063; x_wconf 82' lang='grc' dir='ltr'><strong>ὅτι</strong></span> <span class='ocrx_word' id='word_1_373' title='bbox 762 3010 819 3063; x_wconf 79' lang='grc' dir='ltr'>ἓν</span> <span class='ocrx_word' id='word_1_374' title='bbox 869 3013 982 3064; x_wconf 82' lang='grc' dir='ltr'>ἐστι</span> <span class='ocrx_word' id='word_1_375' title='bbox 1019 3010 1350 3081; x_wconf 79' lang='grc' dir='ltr'>σημαντικὸν</span> <span class='ocrx_word' id='word_1_376' title='bbox 1396 3012 1492 3079; x_wconf 89' lang='grc' dir='ltr'><strong>τῆς</strong></span> <span class='ocrx_word' id='word_1_377' title='bbox 1543 3010 1693 3073; x_wconf 87' lang='grc' dir='ltr'>θείας</span> <span class='ocrx_word' id='word_1_378' title='bbox 1736 3008 1953 3078; x_wconf 85' lang='grc' dir='ltr'>φύσεως</span> 
     </span>
    </p>
   </div>
   <div class='ocr_carea' id='block_1_48' title="bbox 385 3100 1951 3174">
    <p class='ocr_par' dir='ltr' id='par_1_48' title="bbox 385 3100 1951 3174">
     <span class='ocr_line' id='line_1_48' title="bbox 385 3100 1951 3174; baseline -0.001 -20"><span class='ocrx_word' id='word_1_379' title='bbox 385 3101 589 3171; x_wconf 88' lang='grc' dir='ltr'>ὄνομα,</span> <span class='ocrx_word' id='word_1_380' title='bbox 628 3102 690 3155; x_wconf 87' lang='lat' dir='ltr'><strong>1b</strong></span> <span class='ocrx_word' id='word_1_381' title='bbox 727 3102 984 3174; x_wconf 75' lang='grc' dir='ltr'>ὰρῥήτως</span> <span class='ocrx_word' id='word_1_382' title='bbox 1029 3102 1158 3171; x_wconf 84' lang='grc' dir='ltr'><strong>περί</strong></span> <span class='ocrx_word' id='word_1_383' title='bbox 1207 3102 1375 3171; x_wconf 74' lang='grc' dir='ltr'>αὐτῆς</span> <span class='ocrx_word' id='word_1_384' title='bbox 1408 3103 1539 3170; x_wconf 81' lang='grc' dir='ltr'>ἡμῖν</span> <span class='ocrx_word' id='word_1_385' title='bbox 1572 3100 1759 3171; x_wconf 79' lang='grc' dir='ltr'>θαῦμα</span> <span class='ocrx_word' id='word_1_386' title='bbox 1808 3100 1951 3153; x_wconf 72' lang='grc' dir='ltr'>κατὰ</span> 
     </span>
    </p>
   </div>
   <div class='ocr_carea' id='block_1_49' title="bbox 385 3191 1950 3263">
    <p class='ocr_par' dir='ltr' id='par_1_49' title="bbox 385 3191 1950 3263">
     <span class='ocr_line' id='line_1_49' title="bbox 385 3191 1950 3263; baseline -0.001 -19"><span class='ocrx_word' id='word_1_387' title='bbox 385 3192 563 3263; x_wconf 78' lang='grc' dir='ltr'>ψυχὴν</span> <span class='ocrx_word' id='word_1_388' title='bbox 593 3194 960 3263; x_wconf 78' lang='grc' dir='ltr'>ἐγγινόμενον.</span> <span class='ocrx_word' id='word_1_389' title='bbox 1013 3193 1282 3256; x_wconf 85' lang='grc' dir='ltr'>Ὡσαύτως</span> <span class='ocrx_word' id='word_1_390' title='bbox 1302 3192 1359 3244; x_wconf 83' lang='grc' dir='ltr'>δὲ</span> <span class='ocrx_word' id='word_1_391' title='bbox 1388 3193 1527 3246; x_wconf 84' lang='grc' dir='ltr'><strong>καὶὸ</strong></span> <span class='ocrx_word' id='word_1_392' title='bbox 1564 3192 1735 3262; x_wconf 85' lang='grc' dir='ltr'>μέγας</span> <span class='ocrx_word' id='word_1_393' title='bbox 1760 3191 1950 3257; x_wconf 76' lang='grc' dir='ltr'>Δαϐὶδ,</span> 
     </span>
    </p>
   </div>
   <div class='ocr_carea' id='block_1_50' title="bbox 2058 2008 3621 2079">
    <p class='ocr_par' dir='ltr' id='par_1_50' title="bbox 2058 2008 3621 2079">
     <span class='ocr_line' id='line_1_50' title="bbox 2058 2008 3621 2079; baseline -0.004 -10"><span class='ocrx_word' id='word_1_394' title='bbox 2058 2016 2235 2071; x_wconf 90' lang='lat' dir='ltr'><strong>lucem</strong></span> <span class='ocrx_word' id='word_1_395' title='bbox 2269 2013 2405 2070; x_wconf 81' lang='lat' dir='ltr'><strong>Mosi</strong></span> <span class='ocrx_word' id='word_1_396' title='bbox 2441 2013 2856 2077; x_wconf 83' lang='lat' dir='ltr'><strong>demonstravit,</strong></span> <span class='ocrx_word' id='word_1_397' title='bbox 2893 2021 3070 2069; x_wconf 86' lang='lat' dir='ltr'><strong>cutem</strong></span> <span class='ocrx_word' id='word_1_398' title='bbox 3107 2011 3346 2079; x_wconf 89' lang='lat' dir='ltr'><strong>seipsum</strong></span> <span class='ocrx_word' id='word_1_399' title='bbox 3376 2008 3621 2062; x_wconf 86' lang='lat' dir='ltr'><strong>nominat</strong></span> 
     </span>
    </p>
   </div>
   <div class='ocr_carea' id='block_1_51' title="bbox 2057 2098 3623 2177">
    <p class='ocr_par' dir='ltr' id='par_1_51' title="bbox 2057 2098 3623 2177">
     <span class='ocr_line' id='line_1_51' title="bbox 2057 2098 3623 2177; baseline -0.007 -15"><span class='ocrx_word' id='word_1_400' title='bbox 2057 2108 2279 2171; x_wconf 89' lang='lat' dir='ltr'><strong>dicens,</strong></span> <span class='ocrx_word' id='word_1_401' title='bbox 2323 2106 2437 2177; x_wconf 87' lang='lat' dir='ltr'><strong>Ego</strong></span> <span class='ocrx_word' id='word_1_402' title='bbox 2468 2121 2583 2158; x_wconf 79' lang='lat' dir='ltr'><strong>sum</strong></span> <span class='ocrx_word' id='word_1_403' title='bbox 2606 2105 2695 2175; x_wconf 83' lang='lat' dir='ltr'><strong>qui</strong></span> <span class='ocrx_word' id='word_1_404' title='bbox 2726 2121 2865 2158; x_wconf 78' lang='lat' dir='ltr'><strong>sum.</strong></span> <span class='ocrx_word' id='word_1_405' title='bbox 2889 2102 3059 2157; x_wconf 81' lang='lat' dir='ltr'><strong>Isaias</strong></span> <span class='ocrx_word' id='word_1_406' title='bbox 3094 2116 3223 2155; x_wconf 84' lang='lat' dir='ltr'><strong>vero</strong></span> <span class='ocrx_word' id='word_1_407' title='bbox 3252 2109 3507 2167; x_wconf 90' lang='lat' dir='ltr'><strong>tanquam</strong></span> <span class='ocrx_word' id='word_1_408' title='bbox 3532 2098 3623 2152; x_wconf 89' lang='lat' dir='ltr'><strong>in-</strong></span> 
     </span>
    </p>
   </div>
   <div class='ocr_carea' id='block_1_52' title="bbox 2057 2189 3621 2265">
    <p class='ocr_par' dir='ltr' id='par_1_52' title="bbox 2057 2189 3621 2265">
     <span class='ocr_line' id='line_1_52' title="bbox 2057 2189 3621 2265; baseline -0.008 -11"><span class='ocrx_word' id='word_1_409' title='bbox 2057 2205 2431 2254; x_wconf 88' lang='lat' dir='ltr'><strong>strumentum</strong></span> <span class='ocrx_word' id='word_1_410' title='bbox 2458 2196 2598 2265; x_wconf 85' lang='lat' dir='ltr'><strong>ejus,</strong></span> <span class='ocrx_word' id='word_1_411' title='bbox 2640 2195 2734 2264; x_wconf 90' lang='lat' dir='ltr'><strong>qui</strong></span> <span class='ocrx_word' id='word_1_412' title='bbox 2776 2194 2829 2248; x_wconf 92' lang='lat' dir='ltr'><strong>in</strong></span> <span class='ocrx_word' id='word_1_413' title='bbox 2871 2209 2935 2248; x_wconf 92' lang='lat' dir='ltr'><strong>eo</strong></span> <span class='ocrx_word' id='word_1_414' title='bbox 2968 2192 3289 2262; x_wconf 88' lang='lat' dir='ltr'><strong>loquebatur</strong></span> <span class='ocrx_word' id='word_1_415' title='bbox 3332 2189 3507 2244; x_wconf 77' lang='lat' dir='ltr'><strong>factus</strong></span> <span class='ocrx_word' id='word_1_416' title='bbox 3554 2206 3621 2242; x_wconf 75' lang='lat' dir='ltr'><strong>ex</strong></span> 
     </span>
    </p>
   </div>
   <div class='ocr_carea' id='block_1_53' title="bbox 2057 2284 3622 2361">
    <p class='ocr_par' dir='ltr' id='par_1_53' title="bbox 2057 2284 3622 2361">
     <span class='ocr_line' id='line_1_53' title="bbox 2057 2284 3622 2361; baseline -0.009 -14"><span class='ocrx_word' id='word_1_417' title='bbox 2057 2305 2291 2361; x_wconf 89' lang='lat' dir='ltr'><strong>persona</strong></span> <span class='ocrx_word' id='word_1_418' title='bbox 2326 2288 2447 2359; x_wconf 90' lang='lat' dir='ltr'><strong>ejus</strong></span> <span class='ocrx_word' id='word_1_419' title='bbox 2475 2288 2565 2359; x_wconf 92' lang='lat' dir='ltr'><strong>qui</strong></span> <span class='ocrx_word' id='word_1_420' title='bbox 2610 2295 2694 2343; x_wconf 91' lang='lat' dir='ltr'><strong>est</strong></span> <span class='ocrx_word' id='word_1_421' title='bbox 2723 2286 2856 2341; x_wconf 89' lang='lat' dir='ltr'><strong>dicit</strong></span> <span class='ocrx_word' id='word_1_422' title='bbox 2889 2304 2901 2339; x_wconf 92' lang='lat'>:</span> <span class='ocrx_word' id='word_1_423' title='bbox 2938 2284 3048 2355; x_wconf 83' lang='lat' dir='ltr'><strong>Ego</strong></span> <span class='ocrx_word' id='word_1_424' title='bbox 3074 2285 3277 2353; x_wconf 77' lang='lat' dir='ltr'><strong>primus</strong></span> <span class='ocrx_word' id='word_1_425' title='bbox 3305 2292 3353 2336; x_wconf 81' lang='lat' dir='ltr'><strong>et</strong></span> <span class='ocrx_word' id='word_1_426' title='bbox 3383 2299 3473 2352; x_wconf 83' lang='lat' dir='ltr'><strong>ego</strong></span> <span class='ocrx_word' id='word_1_427' title='bbox 3503 2290 3622 2351; x_wconf 77' lang='lat' dir='ltr'><strong>post</strong></span> 
     </span>
    </p>
   </div>
   <div class='ocr_carea' id='block_1_54' title="bbox 2056 2373 3617 2448">
    <p class='ocr_par' dir='ltr' id='par_1_54' title="bbox 2056 2373 3617 2448">
     <span class='ocr_line' id='line_1_54' title="bbox 2056 2373 3617 2448; baseline -0.006 -15"><span class='ocrx_word' id='word_1_428' title='bbox 2056 2381 2269 2447; x_wconf 63' lang='lat' dir='ltr'><strong>hero“,</strong></span> <span class='ocrx_word' id='word_1_429' title='bbox 2292 2388 2352 2433; x_wconf 88' lang='lat' dir='ltr'><strong>ut</strong></span> <span class='ocrx_word' id='word_1_430' title='bbox 2396 2394 2491 2448; x_wconf 90' lang='lat' dir='ltr'><strong>per</strong></span> <span class='ocrx_word' id='word_1_431' title='bbox 2543 2379 2646 2432; x_wconf 91' lang='lat' dir='ltr'><strong>hoc</strong></span> <span class='ocrx_word' id='word_1_432' title='bbox 2702 2377 3000 2432; x_wconf 88' lang='lat' dir='ltr'><strong>secundum</strong></span> <span class='ocrx_word' id='word_1_433' title='bbox 3049 2383 3334 2440; x_wconf 85' lang='lat' dir='ltr'><strong>utramque</strong></span> <span class='ocrx_word' id='word_1_434' title='bbox 3372 2373 3617 2426; x_wconf 86' lang='lat' dir='ltr'><strong>notitiam</strong></span> 
     </span>
    </p>
   </div>
   <div class='ocr_carea' id='block_1_55' title="bbox 2056 2461 3623 2547">
    <p class='ocr_par' dir='ltr' id='par_1_55' title="bbox 2056 2461 3623 2547">
     <span class='ocr_line' id='line_1_55' title="bbox 2056 2461 3623 2547; baseline -0.006 -24"><span class='ocrx_word' id='word_1_435' title='bbox 2056 2470 2200 2538; x_wconf 88' lang='lat' dir='ltr'><strong>quod</strong></span> <span class='ocrx_word' id='word_1_436' title='bbox 2228 2478 2489 2523; x_wconf 75' lang='lat' dir='ltr'><strong>aeternum</strong></span> <span class='ocrx_word' id='word_1_437' title='bbox 2537 2476 2641 2529; x_wconf 87' lang='lat' dir='ltr'><strong>est,</strong></span> <span class='ocrx_word' id='word_1_438' title='bbox 2704 2468 2759 2520; x_wconf 89' lang='lat' dir='ltr'><strong>in</strong></span> <span class='ocrx_word' id='word_1_439' title='bbox 2792 2465 2904 2521; x_wconf 91' lang='lat' dir='ltr'><strong>Deo</strong></span> <span class='ocrx_word' id='word_1_440' title='bbox 2948 2464 3309 2547; x_wconf 80' lang='lat' dir='ltr'><strong>intelligatur.</strong></span> <span class='ocrx_word' id='word_1_441' title='bbox 3360 2461 3623 2516; x_wconf 86' lang='lat' dir='ltr'><strong>Similiter</strong></span> 
     </span>
    </p>
   </div>
   <div class='ocr_carea' id='block_1_56' title="bbox 2056 2550 3622 2622">
    <p class='ocr_par' dir='ltr' id='par_1_56' title="bbox 2056 2550 3622 2622">
     <span class='ocr_line' id='line_1_56' title="bbox 2056 2550 3622 2622; baseline -0.005 -13"><span class='ocrx_word' id='word_1_442' title='bbox 2056 2556 2217 2609; x_wconf 85' lang='lat' dir='ltr'><strong>etiam</strong></span> <span class='ocrx_word' id='word_1_443' title='bbox 2242 2568 2343 2607; x_wconf 77' lang='lat' dir='ltr'><strong>vox</strong></span> <span class='ocrx_word' id='word_1_444' title='bbox 2368 2554 2458 2606; x_wconf 82' lang='lat' dir='ltr'><strong>illa</strong></span> <span class='ocrx_word' id='word_1_445' title='bbox 2472 2568 2591 2622; x_wconf 80' lang='lat' dir='ltr'><strong>quae</strong></span> <span class='ocrx_word' id='word_1_446' title='bbox 2619 2553 2685 2606; x_wconf 88' lang='lat' dir='ltr'><strong>ad</strong></span> <span class='ocrx_word' id='word_1_447' title='bbox 2700 2553 2891 2607; x_wconf 80' lang='lat' dir='ltr'><strong>Manoe</strong></span> <span class='ocrx_word' id='word_1_448' title='bbox 2912 2552 3053 2607; x_wconf 77' lang='lat' dir='ltr'><strong>facta</strong></span> <span class='ocrx_word' id='word_1_449' title='bbox 3077 2560 3183 2613; x_wconf 88' lang='lat' dir='ltr'><strong>est,</strong></span> <span class='ocrx_word' id='word_1_450' title='bbox 3210 2550 3377 2606; x_wconf 90' lang='lat' dir='ltr'><strong>Deum</strong></span> <span class='ocrx_word' id='word_1_451' title='bbox 3400 2551 3622 2605; x_wconf 90' lang='lat' dir='ltr'><strong>essein-</strong></span> 
     </span>
    </p>
   </div>
   <div class='ocr_carea' id='block_1_57' title="bbox 2057 2642 3621 2713">
    <p class='ocr_par' dir='ltr' id='par_1_57' title="bbox 2057 2642 3621 2713">
     <span class='ocr_line' id='line_1_57' title="bbox 2057 2642 3621 2713; baseline -0.002 -17"><span class='ocrx_word' id='word_1_452' title='bbox 2057 2643 2729 2713; x_wconf 82' lang='lat' dir='ltr'><strong>comprehensibilem,per</strong></span> <span class='ocrx_word' id='word_1_453' title='bbox 2745 2644 2979 2698; x_wconf 88' lang='lat' dir='ltr'><strong>nominis</strong></span> <span class='ocrx_word' id='word_1_454' title='bbox 3000 2642 3416 2713; x_wconf 81' lang='lat' dir='ltr'><strong>signiﬁcantiam</strong></span> <span class='ocrx_word' id='word_1_455' title='bbox 3437 2649 3621 2694; x_wconf 88' lang='lat' dir='ltr'><strong>osten-</strong></span> 
     </span>
    </p>
   </div>
   <div class='ocr_carea' id='block_1_58' title="bbox 2057 2733 3626 2805">
    <p class='ocr_par' dir='ltr' id='par_1_58' title="bbox 2057 2733 3626 2805">
     <span class='ocr_line' id='line_1_58' title="bbox 2057 2733 3626 2805; baseline -0.003 -15"><span class='ocrx_word' id='word_1_456' title='bbox 2057 2736 2156 2799; x_wconf 89' lang='lat' dir='ltr'><strong>dit,</strong></span> <span class='ocrx_word' id='word_1_457' title='bbox 2175 2750 2295 2805; x_wconf 71' lang='lat' dir='ltr'><strong>quze</strong></span> <span class='ocrx_word' id='word_1_458' title='bbox 2310 2751 2432 2790; x_wconf 89' lang='lat' dir='ltr'><strong>cum</strong></span> <span class='ocrx_word' id='word_1_459' title='bbox 2453 2736 2665 2790; x_wconf 86' lang='lat' dir='ltr'><strong>discere</strong></span> <span class='ocrx_word' id='word_1_460' title='bbox 2681 2736 2839 2791; x_wconf 81' lang='lat' dir='ltr'><strong>vellet</strong></span> <span class='ocrx_word' id='word_1_461' title='bbox 2855 2734 3044 2788; x_wconf 86' lang='lat' dir='ltr'><strong>Manoe</strong></span> <span class='ocrx_word' id='word_1_462' title='bbox 3060 2748 3257 2789; x_wconf 87' lang='lat' dir='ltr'><strong>nomen</strong></span> <span class='ocrx_word' id='word_1_463' title='bbox 3273 2733 3410 2802; x_wconf 87' lang='lat' dir='ltr'><strong>ejus.</strong></span> <span class='ocrx_word' id='word_1_464' title='bbox 3427 2740 3487 2786; x_wconf 86' lang='lat' dir='ltr'><strong>ut</strong></span> <span class='ocrx_word' id='word_1_465' title='bbox 3507 2747 3626 2801; x_wconf 90' lang='lat' dir='ltr'><strong>pro-</strong></span> 
     </span>
    </p>
   </div>
   <div class='ocr_carea' id='block_1_59' title="bbox 2059 2823 3624 2897">
    <p class='ocr_par' dir='ltr' id='par_1_59' title="bbox 2059 2823 3624 2897">
     <span class='ocr_line' id='line_1_59' title="bbox 2059 2823 3624 2897; baseline -0.003 -17"><span class='ocrx_word' id='word_1_466' title='bbox 2059 2829 2316 2882; x_wconf 81' lang='lat' dir='ltr'><strong>missmne</strong></span> <span class='ocrx_word' id='word_1_467' title='bbox 2339 2826 2633 2897; x_wconf 87' lang='lat' dir='ltr'><strong>adimpleta</strong></span> <span class='ocrx_word' id='word_1_468' title='bbox 2656 2826 2981 2881; x_wconf 86' lang='lat' dir='ltr'><strong>nominatim</strong></span> <span class='ocrx_word' id='word_1_469' title='bbox 3013 2824 3414 2880; x_wconf 76' lang='lat' dir='ltr'><strong>benefactorem</strong></span> <span class='ocrx_word' id='word_1_470' title='bbox 3455 2823 3624 2895; x_wconf 84' lang='lat' dir='ltr'><strong>glori-</strong></span> 
     </span>
    </p>
   </div>
   <div class='ocr_carea' id='block_1_60' title="bbox 2058 2914 3627 2986">
    <p class='ocr_par' dir='ltr' id='par_1_60' title="bbox 2058 2914 3627 2986">
     <span class='ocr_line' id='line_1_60' title="bbox 2058 2914 3627 2986; baseline -0.002 -17"><span class='ocrx_word' id='word_1_471' title='bbox 2058 2916 2267 2980; x_wconf 81' lang='lat' dir='ltr'><strong>ﬁcaret,</strong></span> <span class='ocrx_word' id='word_1_472' title='bbox 2304 2917 2369 2969; x_wconf 90' lang='lat' dir='ltr'><strong>ad</strong></span> <span class='ocrx_word' id='word_1_473' title='bbox 2391 2931 2515 2970; x_wconf 90' lang='lat' dir='ltr'><strong>eum</strong></span> <span class='ocrx_word' id='word_1_474' title='bbox 2536 2916 2687 2983; x_wconf 87' lang='lat' dir='ltr'><strong>dicit,</strong></span> <span class='ocrx_word' id='word_1_475' title='bbox 2726 2914 2866 2982; x_wconf 78' lang='lat' dir='ltr'><strong>Quid</strong></span> <span class='ocrx_word' id='word_1_476' title='bbox 2893 2915 2987 2969; x_wconf 83' lang='lat' dir='ltr'><strong>hoc</strong></span> <span class='ocrx_word' id='word_1_477' title='bbox 3017 2916 3354 2986; x_wconf 80' lang='lat' dir='ltr'><strong>interrogas?</strong></span> <span class='ocrx_word' id='word_1_478' title='bbox 3376 2924 3425 2968; x_wconf 80' lang='lat' dir='ltr'><strong>et</strong></span> <span class='ocrx_word' id='word_1_479' title='bbox 3454 2917 3627 2983; x_wconf 74' lang='lat' dir='ltr'><strong>ipsum</strong></span> 
     </span>
    </p>
   </div>
   <div class='ocr_carea' id='block_1_61' title="bbox 2057 3007 3625 3079">
    <p class='ocr_par' dir='ltr' id='par_1_61' title="bbox 2057 3007 3625 3079">
     <span class='ocr_line' id='line_1_61' title="bbox 2057 3007 3625 3079; baseline -0.001 -17"><span class='ocrx_word' id='word_1_480' title='bbox 2057 3018 2136 3062; x_wconf 74' lang='lat' dir='ltr'><strong>est</strong></span> <span class='ocrx_word' id='word_1_481' title='bbox 2164 3008 2476 3062; x_wconf 77' lang='lat' dir='ltr'><strong>admirabile</strong></span> <span class='ocrx_word' id='word_1_482' title='bbox 2509 3012 2552 3076; x_wconf 78' lang='lat'><strong>&#39;,</strong></span> <span class='ocrx_word' id='word_1_483' title='bbox 2584 3009 2657 3061; x_wconf 88' lang='lat' dir='ltr'><strong>ita</strong></span> <span class='ocrx_word' id='word_1_484' title='bbox 2699 3017 2759 3063; x_wconf 90' lang='lat' dir='ltr'><strong>ut</strong></span> <span class='ocrx_word' id='word_1_485' title='bbox 2795 3024 2859 3063; x_wconf 80' lang='lat' dir='ltr'><strong>ex</strong></span> <span class='ocrx_word' id='word_1_486' title='bbox 2890 3009 2993 3063; x_wconf 90' lang='lat' dir='ltr'><strong>hoc</strong></span> <span class='ocrx_word' id='word_1_487' title='bbox 3019 3009 3231 3064; x_wconf 84' lang='lat' dir='ltr'><strong>discere</strong></span> <span class='ocrx_word' id='word_1_488' title='bbox 3258 3008 3436 3073; x_wconf 89' lang='lat' dir='ltr'><strong>liceat,</strong></span> <span class='ocrx_word' id='word_1_489' title='bbox 3479 3007 3625 3079; x_wconf 89' lang='lat' dir='ltr'><strong>quod</strong></span> 
     </span>
    </p>
   </div>
   <div class='ocr_carea' id='block_1_62' title="bbox 2060 3098 3623 3170">
    <p class='ocr_par' dir='ltr' id='par_1_62' title="bbox 2060 3098 3623 3170">
     <span class='ocr_line' id='line_1_62' title="bbox 2060 3098 3623 3170; baseline 0 -17"><span class='ocrx_word' id='word_1_490' title='bbox 2060 3099 2531 3154; x_wconf 67' lang='lat' dir='ltr'><strong>unumestdivina’:</strong></span> <span class='ocrx_word' id='word_1_491' title='bbox 2552 3107 2762 3154; x_wconf 68' lang='lat' dir='ltr'><strong>naturae</strong></span> <span class='ocrx_word' id='word_1_492' title='bbox 2780 3098 3203 3170; x_wconf 82' lang='lat' dir='ltr'><strong>signiﬁcativum</strong></span> <span class='ocrx_word' id='word_1_493' title='bbox 3223 3115 3446 3165; x_wconf 90' lang='lat' dir='ltr'><strong>nomen,</strong></span> <span class='ocrx_word' id='word_1_494' title='bbox 3475 3099 3623 3168; x_wconf 84' lang='lat' dir='ltr'><strong>quod</strong></span> 
     </span>
    </p>
   </div>
   <div class='ocr_carea' id='block_1_63' title="bbox 2061 3191 3629 3261">
    <p class='ocr_par' dir='ltr' id='par_1_63' title="bbox 2061 3191 3629 3261">
     <span class='ocr_line' id='line_1_63' title="bbox 2061 3191 3629 3261; baseline 0 -17"><span class='ocrx_word' id='word_1_495' title='bbox 2061 3206 2258 3261; x_wconf 83' lang='lat' dir='ltr'><strong>nempe</strong></span> <span class='ocrx_word' id='word_1_496' title='bbox 2282 3191 2350 3245; x_wconf 92' lang='lat' dir='ltr'><strong>de</strong></span> <span class='ocrx_word' id='word_1_497' title='bbox 2383 3191 2504 3260; x_wconf 83' lang='lat' dir='ltr'><strong>ipsa</strong></span> <span class='ocrx_word' id='word_1_498' title='bbox 2538 3191 2883 3246; x_wconf 74' lang='lat' dir='ltr'><strong>ineﬂ‘abiliter</strong></span> <span class='ocrx_word' id='word_1_499' title='bbox 2912 3200 3147 3247; x_wconf 87' lang='lat' dir='ltr'><strong>mentem</strong></span> <span class='ocrx_word' id='word_1_500' title='bbox 3194 3200 3434 3246; x_wconf 85' lang='lat' dir='ltr'><strong>nostram</strong></span> <span class='ocrx_word' id='word_1_501' title='bbox 3482 3192 3629 3245; x_wconf 84' lang='lat' dir='ltr'><strong>subit</strong></span> 
     </span>
    </p>
   </div>
   <div class='ocr_carea' id='block_1_64' title="bbox 388 3279 1956 3353">
    <p class='ocr_par' dir='ltr' id='par_1_64' title="bbox 388 3279 1956 3353">
     <span class='ocr_line' id='line_1_64' title="bbox 388 3279 1956 3353; baseline 0 -17"><span class='ocrx_word' id='word_1_502' title='bbox 388 3284 447 3337; x_wconf 78' lang='grc' dir='ltr'>ὲν</span> <span class='ocrx_word' id='word_1_503' title='bbox 488 3286 600 3347; x_wconf 87' lang='grc' dir='ltr'>τοῖς</span> <span class='ocrx_word' id='word_1_504' title='bbox 632 3284 751 3337; x_wconf 79' lang='grc' dir='ltr'>καθ’</span> <span class='ocrx_word' id='word_1_505' title='bbox 785 3283 974 3336; x_wconf 78' lang='grc' dir='ltr'>ἑαυτοῦ</span> <span class='ocrx_word' id='word_1_506' title='bbox 1022 3282 1234 3352; x_wconf 88' lang='grc' dir='ltr'>λόγοις,</span> <span class='ocrx_word' id='word_1_507' title='bbox 1261 3283 1323 3336; x_wconf 89' lang='lat' dir='ltr'><strong>1b</strong></span> <span class='ocrx_word' id='word_1_508' title='bbox 1354 3279 1469 3336; x_wconf 72' lang='grc' dir='ltr'>ἴσον</span> <span class='ocrx_word' id='word_1_509' title='bbox 1517 3282 1634 3353; x_wconf 85' lang='grc' dir='ltr'>βοᾷ,</span> <span class='ocrx_word' id='word_1_510' title='bbox 1666 3283 1740 3345; x_wconf 85' lang='grc' dir='ltr'>ὡς</span> <span class='ocrx_word' id='word_1_511' title='bbox 1776 3282 1956 3353; x_wconf 79' lang='grc' dir='ltr'>πάσης</span> 
     </span>
    </p>
   </div>
   <div class='ocr_carea' id='block_1_65' title="bbox 2061 3279 3631 3353">
    <p class='ocr_par' dir='ltr' id='par_1_65' title="bbox 2064 3281 3631 3352">
     <span class='ocr_line' id='line_1_65' title="bbox 2064 3281 3631 3352; baseline 0.001 -16"><span class='ocrx_word' id='word_1_512' title='bbox 2064 3282 2376 3336; x_wconf 88' lang='lat' dir='ltr'><strong>admiratio.</strong></span> <span class='ocrx_word' id='word_1_513' title='bbox 2410 3281 2673 3336; x_wconf 87' lang='lat' dir='ltr'><strong>Similiter</strong></span> <span class='ocrx_word' id='word_1_514' title='bbox 2695 3283 2861 3338; x_wconf 89' lang='lat' dir='ltr'><strong>etiam</strong></span> <span class='ocrx_word' id='word_1_515' title='bbox 2895 3298 3130 3352; x_wconf 82' lang='lat' dir='ltr'><strong>magnus</strong></span> <span class='ocrx_word' id='word_1_516' title='bbox 3159 3281 3330 3337; x_wconf 87' lang='lat' dir='ltr'><strong>David</strong></span> <span class='ocrx_word' id='word_1_517' title='bbox 3380 3283 3508 3337; x_wconf 90' lang='lat' dir='ltr'><strong>dum</strong></span> <span class='ocrx_word' id='word_1_518' title='bbox 3562 3282 3631 3337; x_wconf 89' lang='lat' dir='ltr'><strong>de</strong></span> 
     </span>
    </p>
   </div>
   <div class='ocr_carea' id='block_1_66' title="bbox 394 3372 1956 3445">
    <p class='ocr_par' dir='ltr' id='par_1_66' title="bbox 394 3373 1956 3445">
     <span class='ocr_line' id='line_1_66' title="bbox 394 3373 1956 3445; baseline -0.001 -19"><span class='ocrx_word' id='word_1_519' title='bbox 394 3373 494 3444; x_wconf 83' lang='grc' dir='ltr'><strong>μὲν</strong></span> <span class='ocrx_word' id='word_1_520' title='bbox 517 3374 617 3444; x_wconf 86' lang='grc' dir='ltr'><strong>τῆς</strong></span> <span class='ocrx_word' id='word_1_521' title='bbox 646 3374 873 3437; x_wconf 88' lang='grc' dir='ltr'>κτίσεως</span> <span class='ocrx_word' id='word_1_522' title='bbox 897 3374 988 3427; x_wconf 82' lang='grc' dir='ltr'>ὑπ’</span> <span class='ocrx_word' id='word_1_523' title='bbox 1010 3373 1173 3427; x_wconf 80' lang='grc' dir='ltr'>αὐτοῦ</span> <span class='ocrx_word' id='word_1_524' title='bbox 1202 3373 1574 3445; x_wconf 84' lang='grc' dir='ltr'>παραχθείσης</span> <span class='ocrx_word' id='word_1_525' title='bbox 1606 3376 1684 3437; x_wconf 84' lang='grc' dir='ltr'><strong>εἰς</strong></span> <span class='ocrx_word' id='word_1_526' title='bbox 1707 3373 1917 3440; x_wconf 87' lang='grc' dir='ltr'>γένεσιν</span> <span class='ocrx_word' id='word_1_527' title='bbox 1940 3414 1956 3439; x_wconf 91' lang='grc'><strong>,</strong></span> 
     </span>
    </p>
   </div>
   <div class='ocr_carea' id='block_1_67' title="bbox 2061 3372 3629 3445">
    <p class='ocr_par' dir='ltr' id='par_1_67' title="bbox 2061 3372 3629 3441">
     <span class='ocr_line' id='line_1_67' title="bbox 2061 3372 3629 3441; baseline 0 -15"><span class='ocrx_word' id='word_1_528' title='bbox 2061 3386 2127 3426; x_wconf 91' lang='lat' dir='ltr'><strong>eo</strong></span> <span class='ocrx_word' id='word_1_529' title='bbox 2153 3372 2411 3438; x_wconf 84' lang='lat' dir='ltr'><strong>loquitur,</strong></span> <span class='ocrx_word' id='word_1_530' title='bbox 2458 3372 2599 3426; x_wconf 91' lang='lat' dir='ltr'><strong>idem</strong></span> <span class='ocrx_word' id='word_1_531' title='bbox 2634 3373 2919 3427; x_wconf 82' lang='lat' dir='ltr'><strong>clamitat:</strong></span> <span class='ocrx_word' id='word_1_532' title='bbox 2970 3387 3185 3428; x_wconf 89' lang='lat' dir='ltr'><strong>onmem</strong></span> <span class='ocrx_word' id='word_1_533' title='bbox 3217 3373 3436 3441; x_wconf 90' lang='lat' dir='ltr'><strong>quidem</strong></span> <span class='ocrx_word' id='word_1_534' title='bbox 3473 3388 3629 3428; x_wconf 82' lang='lat' dir='ltr'><strong>crea-</strong></span> 
     </span>
    </p>
   </div>
   <div class='ocr_carea' id='block_1_68' title="bbox 397 3461 1956 3536">
    <p class='ocr_par' dir='ltr' id='par_1_68' title="bbox 397 3463 1956 3536">
     <span class='ocr_line' id='line_1_68' title="bbox 397 3463 1956 3536; baseline -0.001 -19"><span class='ocrx_word' id='word_1_535' title='bbox 397 3465 557 3536; x_wconf 85' lang='grc' dir='ltr'>μόνου</span> <span class='ocrx_word' id='word_1_536' title='bbox 586 3465 641 3517; x_wconf 85' lang='grc' dir='ltr'>δὲ</span> <span class='ocrx_word' id='word_1_537' title='bbox 668 3464 761 3518; x_wconf 76' lang='grc' dir='ltr'>τοῦ</span> <span class='ocrx_word' id='word_1_538' title='bbox 807 3465 942 3518; x_wconf 78' lang='grc' dir='ltr'>Θεοῦ</span> <span class='ocrx_word' id='word_1_539' title='bbox 983 3464 1243 3527; x_wconf 85' lang='grc' dir='ltr'>ὡσαύτως</span> <span class='ocrx_word' id='word_1_540' title='bbox 1271 3464 1357 3517; x_wconf 85' lang='grc' dir='ltr'><strong>ἀεί</strong></span> <span class='ocrx_word' id='word_1_541' title='bbox 1386 3481 1445 3516; x_wconf 89' lang='grc' dir='ltr'><strong>τε</strong></span> <span class='ocrx_word' id='word_1_542' title='bbox 1470 3464 1642 3528; x_wconf 86' lang='grc' dir='ltr'>ὄντος,</span> <span class='ocrx_word' id='word_1_543' title='bbox 1670 3464 1763 3516; x_wconf 75' lang='grc' dir='ltr'><strong>καὶ</strong></span> <span class='ocrx_word' id='word_1_544' title='bbox 1788 3463 1956 3516; x_wconf 83' lang='grc' dir='ltr'>εἰσαεί</span> 
     </span>
    </p>
   </div>
   <div class='ocr_carea' id='block_1_69' title="bbox 2061 3461 3627 3536">
    <p class='ocr_par' dir='ltr' id='par_1_69' title="bbox 2061 3461 3627 3533">
     <span class='ocr_line' id='line_1_69' title="bbox 2061 3461 3627 3533; baseline 0.002 -17"><span class='ocrx_word' id='word_1_545' title='bbox 2061 3471 2241 3516; x_wconf 89' lang='lat' dir='ltr'><strong>turam</strong></span> <span class='ocrx_word' id='word_1_546' title='bbox 2273 3463 2342 3517; x_wconf 90' lang='lat' dir='ltr'><strong>ab</strong></span> <span class='ocrx_word' id='word_1_547' title='bbox 2390 3465 2511 3532; x_wconf 92' lang='lat' dir='ltr'><strong>ipso</strong></span> <span class='ocrx_word' id='word_1_548' title='bbox 2541 3462 2609 3517; x_wconf 89' lang='lat' dir='ltr'><strong>ad</strong></span> <span class='ocrx_word' id='word_1_549' title='bbox 2663 3466 3073 3533; x_wconf 83' lang='lat' dir='ltr'><strong>generationem</strong></span> <span class='ocrx_word' id='word_1_550' title='bbox 3101 3461 3392 3517; x_wconf 85' lang='lat' dir='ltr'><strong>adductam</strong></span> <span class='ocrx_word' id='word_1_551' title='bbox 3436 3463 3627 3529; x_wconf 83' lang='lat' dir='ltr'><strong>fuisse,</strong></span> 
     </span>
    </p>
   </div>
   <div class='ocr_carea' id='block_1_70' title="bbox 390 3553 1956 3627">
    <p class='ocr_par' dir='ltr' id='par_1_70' title="bbox 390 3553 1956 3627">
     <span class='ocr_line' id='line_1_70' title="bbox 390 3553 1956 3627; baseline 0.001 -17"><span class='ocrx_word' id='word_1_552' title='bbox 390 3556 734 3626; x_wconf 72' lang='grc' dir='ltr'>διαμένοντος</span> <span class='ocrx_word' id='word_1_553' title='bbox 756 3571 769 3584; x_wconf 92' lang='grc'><strong>·</strong></span> <span class='ocrx_word' id='word_1_554' title='bbox 805 3558 860 3608; x_wconf 82' lang='grc' dir='ltr'>ὲν</span> <span class='ocrx_word' id='word_1_555' title='bbox 887 3554 967 3620; x_wconf 81' lang='grc' dir='ltr'><strong>οἷς</strong></span> <span class='ocrx_word' id='word_1_556' title='bbox 1001 3573 1164 3627; x_wconf 86' lang='grc' dir='ltr'>φησι,</span> <span class='ocrx_word' id='word_1_557' title='bbox 1193 3556 1277 3610; x_wconf 84' lang='grc' dir='ltr'><strong>Σὺ</strong></span> <span class='ocrx_word' id='word_1_558' title='bbox 1307 3556 1375 3608; x_wconf 81' lang='grc' dir='ltr'>δὲ</span> <span class='ocrx_word' id='word_1_559' title='bbox 1396 3559 1428 3610; x_wconf 91' lang='lat' dir='ltr'><strong>o&#39;</strong></span> <span class='ocrx_word' id='word_1_560' title='bbox 1454 3556 1635 3621; x_wconf 84' lang='grc' dir='ltr'>αὐτὸς</span> <span class='ocrx_word' id='word_1_561' title='bbox 1657 3553 1735 3622; x_wconf 79' lang='grc' dir='ltr'>εἷ,</span> <span class='ocrx_word' id='word_1_562' title='bbox 1764 3557 1862 3610; x_wconf 76' lang='grc' dir='ltr'>καὶ</span> <span class='ocrx_word' id='word_1_563' title='bbox 1887 3559 1956 3612; x_wconf 83' lang='grc' dir='ltr'>τὰ</span> 
     </span>
    </p>
   </div>
   <div class='ocr_carea' id='block_1_71' title="bbox 2061 3553 3633 3627">
    <p class='ocr_par' dir='ltr' id='par_1_71' title="bbox 2062 3555 3633 3626">
     <span class='ocr_line' id='line_1_71' title="bbox 2062 3555 3633 3626; baseline 0 -16"><span class='ocrx_word' id='word_1_564' title='bbox 2062 3556 2240 3610; x_wconf 90' lang='lat' dir='ltr'><strong>solum</strong></span> <span class='ocrx_word' id='word_1_565' title='bbox 2261 3570 2397 3609; x_wconf 90' lang='lat' dir='ltr'><strong>vero</strong></span> <span class='ocrx_word' id='word_1_566' title='bbox 2436 3555 2606 3610; x_wconf 91' lang='lat' dir='ltr'><strong>Deum</strong></span> <span class='ocrx_word' id='word_1_567' title='bbox 2637 3557 2831 3611; x_wconf 90' lang='lat' dir='ltr'><strong>eodem</strong></span> <span class='ocrx_word' id='word_1_568' title='bbox 2869 3557 3030 3611; x_wconf 91' lang='lat' dir='ltr'><strong>modo</strong></span> <span class='ocrx_word' id='word_1_569' title='bbox 3072 3570 3287 3626; x_wconf 88' lang='lat' dir='ltr'><strong>semper</strong></span> <span class='ocrx_word' id='word_1_570' title='bbox 3315 3572 3461 3620; x_wconf 88' lang='lat' dir='ltr'><strong>esse,</strong></span> <span class='ocrx_word' id='word_1_571' title='bbox 3478 3572 3633 3610; x_wconf 88' lang='lat' dir='ltr'><strong>eum-</strong></span> 
     </span>
    </p>
   </div>
   <div class='ocr_carea' id='block_1_72' title="bbox 392 3645 1956 3719">
    <p class='ocr_par' dir='ltr' id='par_1_72' title="bbox 392 3645 1956 3715">
     <span class='ocr_line' id='line_1_72' title="bbox 392 3645 1956 3715; baseline 0.002 -15"><span class='ocrx_word' id='word_1_572' title='bbox 392 3646 497 3715; x_wconf 78' lang='grc' dir='ltr'>ἐτη</span> <span class='ocrx_word' id='word_1_573' title='bbox 545 3662 661 3700; x_wconf 85' lang='grc' dir='ltr'><strong>σου</strong></span> <span class='ocrx_word' id='word_1_574' title='bbox 693 3649 805 3700; x_wconf 84' lang='grc' dir='ltr'>οὐκ</span> <span class='ocrx_word' id='word_1_575' title='bbox 839 3646 1220 3713; x_wconf 70' lang='grc' dir='ltr'>ἐκλείψουσι.</span> <span class='ocrx_word' id='word_1_576' title='bbox 1270 3645 1455 3699; x_wconf 78' lang='grc' dir='ltr'>Ταῦτα</span> <span class='ocrx_word' id='word_1_577' title='bbox 1494 3646 1590 3700; x_wconf 73' lang='grc' dir='ltr'><strong>καὶ</strong></span> <span class='ocrx_word' id='word_1_578' title='bbox 1631 3648 1700 3701; x_wconf 83' lang='grc' dir='ltr'>τὰ</span> <span class='ocrx_word' id='word_1_579' title='bbox 1740 3648 1956 3703; x_wconf 80' lang='grc' dir='ltr'>τοιαῦτα</span> 
     </span>
    </p>
   </div>
   <div class='ocr_carea' id='block_1_73' title="bbox 2061 3645 3629 3719">
    <p class='ocr_par' dir='ltr' id='par_1_73' title="bbox 2061 3648 3629 3719">
     <span class='ocr_line' id='line_1_73' title="bbox 2061 3648 3629 3719; baseline -0.001 -16"><span class='ocrx_word' id='word_1_580' title='bbox 2061 3648 2296 3719; x_wconf 88' lang='lat' dir='ltr'><strong>demque</strong></span> <span class='ocrx_word' id='word_1_581' title='bbox 2329 3649 2384 3702; x_wconf 92' lang='lat' dir='ltr'><strong>in</strong></span> <span class='ocrx_word' id='word_1_582' title='bbox 2412 3656 2731 3717; x_wconf 87' lang='lat' dir='ltr'><strong>perpetuum</strong></span> <span class='ocrx_word' id='word_1_583' title='bbox 2764 3663 3107 3717; x_wconf 88' lang='lat' dir='ltr'><strong>permanere.</strong></span> <span class='ocrx_word' id='word_1_584' title='bbox 3166 3648 3225 3706; x_wconf 91' lang='lat' dir='ltr'><strong>In</strong></span> <span class='ocrx_word' id='word_1_585' title='bbox 3260 3649 3465 3717; x_wconf 90' lang='lat' dir='ltr'><strong>quibus</strong></span> <span class='ocrx_word' id='word_1_586' title='bbox 3519 3649 3629 3702; x_wconf 90' lang='lat' dir='ltr'><strong>ait:</strong></span> 
     </span>
    </p>
   </div>
   <div class='ocr_carea' id='block_1_74' title="bbox 395 3736 1956 3811">
    <p class='ocr_par' dir='ltr' id='par_1_74' title="bbox 395 3736 1956 3811">
     <span class='ocr_line' id='line_1_74' title="bbox 395 3736 1956 3811; baseline 0.002 -21"><span class='ocrx_word' id='word_1_587' title='bbox 395 3737 546 3807; x_wconf 80' lang='grc' dir='ltr'>παρὰ</span> <span class='ocrx_word' id='word_1_588' title='bbox 587 3736 693 3790; x_wconf 83' lang='grc' dir='ltr'><strong>τῶν</strong></span> <span class='ocrx_word' id='word_1_589' title='bbox 725 3736 1163 3806; x_wconf 72' lang='grc' dir='ltr'>θεοφορουμὲνων</span> <span class='ocrx_word' id='word_1_590' title='bbox 1194 3736 1480 3800; x_wconf 86' lang='grc' dir='ltr'>ἀκούοντες</span> <span class='ocrx_word' id='word_1_591' title='bbox 1500 3777 1514 3799; x_wconf 91' lang='grc'><strong>,</strong></span> <span class='ocrx_word' id='word_1_592' title='bbox 1548 3738 1662 3802; x_wconf 87' lang='grc' dir='ltr'><strong>πῶς</strong></span> <span class='ocrx_word' id='word_1_593' title='bbox 1703 3740 1802 3810; x_wconf 82' lang='grc' dir='ltr'><strong>οὐχ</strong></span> <span class='ocrx_word' id='word_1_594' title='bbox 1828 3739 1856 3793; x_wconf 88' lang='grc' dir='ltr'><strong>ὂ</strong></span> <span class='ocrx_word' id='word_1_595' title='bbox 1887 3740 1956 3811; x_wconf 84' lang='grc' dir='ltr'>μὴ</span> 
     </span>
    </p>
   </div>
   <div class='ocr_carea' id='block_1_75' title="bbox 2061 3736 3634 3811">
    <p class='ocr_par' dir='ltr' id='par_1_75' title="bbox 2066 3738 3634 3808">
     <span class='ocr_line' id='line_1_75' title="bbox 2066 3738 3634 3808; baseline -0.002 -14"><span class='ocrx_word' id='word_1_596' title='bbox 2066 3740 2146 3794; x_wconf 85' lang='lat' dir='ltr'><strong>Tu</strong></span> <span class='ocrx_word' id='word_1_597' title='bbox 2182 3749 2357 3793; x_wconf 78' lang='lat' dir='ltr'><strong>autem</strong></span> <span class='ocrx_word' id='word_1_598' title='bbox 2382 3740 2520 3792; x_wconf 78' lang='lat' dir='ltr'><strong>idem</strong></span> <span class='ocrx_word' id='word_1_599' title='bbox 2547 3755 2600 3793; x_wconf 77' lang='lat' dir='ltr'><strong>es</strong></span> <span class='ocrx_word' id='word_1_600' title='bbox 2627 3779 2643 3802; x_wconf 90' lang='lat'><strong>,</strong></span> <span class='ocrx_word' id='word_1_601' title='bbox 2682 3748 2733 3793; x_wconf 83' lang='lat' dir='ltr'><strong>et</strong></span> <span class='ocrx_word' id='word_1_602' title='bbox 2764 3740 2891 3792; x_wconf 77' lang='lat' dir='ltr'><strong>anni</strong></span> <span class='ocrx_word' id='word_1_603' title='bbox 2927 3740 3004 3791; x_wconf 83' lang='lat' dir='ltr'><strong>tui</strong></span> <span class='ocrx_word' id='word_1_604' title='bbox 3033 3755 3137 3792; x_wconf 85' lang='lat' dir='ltr'><strong>non</strong></span> <span class='ocrx_word' id='word_1_605' title='bbox 3172 3739 3412 3808; x_wconf 80' lang='lat' dir='ltr'><strong>deﬁcient</strong></span> <span class='ocrx_word' id='word_1_606' title='bbox 3439 3738 3479 3792; x_wconf 92' lang='grc'><strong>³.</strong></span> <span class='ocrx_word' id='word_1_607' title='bbox 3506 3738 3634 3792; x_wconf 66' lang='lat' dir='ltr'><strong>Haec</strong></span> 
     </span>
    </p>
   </div>
   <div class='ocr_carea' id='block_1_76' title="bbox 395 3828 1956 3901">
    <p class='ocr_par' dir='ltr' id='par_1_76' title="bbox 395 3828 1956 3901">
     <span class='ocr_line' id='line_1_76' title="bbox 395 3828 1956 3901; baseline 0.003 -21"><span class='ocrx_word' id='word_1_608' title='bbox 395 3828 455 3893; x_wconf 76' lang='grc' dir='ltr'>ἐξ</span> <span class='ocrx_word' id='word_1_609' title='bbox 478 3829 651 3882; x_wconf 77' lang='grc' dir='ltr'>ἀϊδίου</span> <span class='ocrx_word' id='word_1_610' title='bbox 686 3828 832 3880; x_wconf 75' lang='grc' dir='ltr'>ἐστὶν</span> <span class='ocrx_word' id='word_1_611' title='bbox 851 3869 866 3892; x_wconf 95' lang='grc'><strong>,</strong></span> <span class='ocrx_word' id='word_1_612' title='bbox 898 3829 972 3893; x_wconf 85' lang='grc' dir='ltr'>ὼς</span> <span class='ocrx_word' id='word_1_613' title='bbox 1006 3830 1315 3897; x_wconf 79' lang='grc' dir='ltr'>πρόσφατόν</span> <span class='ocrx_word' id='word_1_614' title='bbox 1348 3846 1409 3880; x_wconf 92' lang='grc' dir='ltr'><strong>τε</strong></span> <span class='ocrx_word' id='word_1_615' title='bbox 1433 3829 1527 3882; x_wconf 75' lang='grc' dir='ltr'><strong>καὶ</strong></span> <span class='ocrx_word' id='word_1_616' title='bbox 1559 3830 1839 3901; x_wconf 86' lang='grc' dir='ltr'>ἀλλότριον</span> <span class='ocrx_word' id='word_1_617' title='bbox 1866 3831 1956 3901; x_wconf 89' lang='grc' dir='ltr'><strong>τῆς</strong></span> 
     </span>
    </p>
   </div>
   <div class='ocr_carea' id='block_1_77' title="bbox 2061 3828 3637 3901">
    <p class='ocr_par' dir='ltr' id='par_1_77' title="bbox 2063 3829 3637 3900">
     <span class='ocr_line' id='line_1_77' title="bbox 2063 3829 3637 3900; baseline -0.001 -15"><span class='ocrx_word' id='word_1_618' title='bbox 2063 3839 2117 3886; x_wconf 88' lang='grc' dir='ltr'><strong>ει</strong></span> <span class='ocrx_word' id='word_1_619' title='bbox 2140 3830 2409 3900; x_wconf 88' lang='lat' dir='ltr'><strong>ejusmodi</strong></span> <span class='ocrx_word' id='word_1_620' title='bbox 2445 3846 2511 3884; x_wconf 81' lang='lat' dir='ltr'><strong>ex</strong></span> <span class='ocrx_word' id='word_1_621' title='bbox 2538 3830 2673 3885; x_wconf 87' lang='lat' dir='ltr'><strong>viris</strong></span> <span class='ocrx_word' id='word_1_622' title='bbox 2715 3829 2807 3883; x_wconf 87' lang='lat' dir='ltr'><strong>Dei</strong></span> <span class='ocrx_word' id='word_1_623' title='bbox 2843 3830 3038 3899; x_wconf 88' lang='lat' dir='ltr'><strong>spiritu</strong></span> <span class='ocrx_word' id='word_1_624' title='bbox 3070 3830 3268 3885; x_wconf 80' lang='lat' dir='ltr'><strong>amatis</strong></span> <span class='ocrx_word' id='word_1_625' title='bbox 3314 3846 3438 3884; x_wconf 90' lang='lat' dir='ltr'><strong>cum</strong></span> <span class='ocrx_word' id='word_1_626' title='bbox 3484 3831 3637 3885; x_wconf 85' lang='lat' dir='ltr'><strong>andi-</strong></span> 
     </span>
    </p>
   </div>
   <div class='ocr_carea' id='block_1_78' title="bbox 396 3920 1956 3993">
    <p class='ocr_par' dir='ltr' id='par_1_78' title="bbox 396 3920 1956 3993">
     <span class='ocr_line' id='line_1_78' title="bbox 396 3920 1956 3993; baseline 0.003 -21"><span class='ocrx_word' id='word_1_627' title='bbox 396 3920 657 3991; x_wconf 78' lang='grc' dir='ltr'>ἀληθινῆς</span> <span class='ocrx_word' id='word_1_628' title='bbox 704 3920 999 3990; x_wconf 85' lang='grc' dir='ltr'>Θεότητος,</span> <span class='ocrx_word' id='word_1_629' title='bbox 1031 3923 1142 3983; x_wconf 82' lang='grc' dir='ltr'>τοῖς</span> <span class='ocrx_word' id='word_1_630' title='bbox 1195 3920 1605 3991; x_wconf 78' lang='grc' dir='ltr'>εἰδωλολάτραις</span> <span class='ocrx_word' id='word_1_631' title='bbox 1643 3926 1956 3993; x_wconf 75' lang='grc' dir='ltr'>προσκυνεῖν</span> 
     </span>
    </p>
   </div>
   <div class='ocr_carea' id='block_1_79' title="bbox 2061 3920 3635 3993">
    <p class='ocr_par' dir='ltr' id='par_1_79' title="bbox 2064 3920 3635 3990">
     <span class='ocr_line' id='line_1_79' title="bbox 2064 3920 3635 3990; baseline 0.004 -16"><span class='ocrx_word' id='word_1_632' title='bbox 2064 3936 2212 3983; x_wconf 89' lang='lat' dir='ltr'><strong>mus,</strong></span> <span class='ocrx_word' id='word_1_633' title='bbox 2249 3922 2525 3990; x_wconf 82' lang='lat' dir='ltr'><strong>quomodo</strong></span> <span class='ocrx_word' id='word_1_634' title='bbox 2555 3921 2608 3973; x_wconf 88' lang='lat' dir='ltr'><strong>id</strong></span> <span class='ocrx_word' id='word_1_635' title='bbox 2629 3920 2775 3989; x_wconf 89' lang='lat' dir='ltr'><strong>quod</strong></span> <span class='ocrx_word' id='word_1_636' title='bbox 2806 3921 2873 3974; x_wconf 91' lang='lat' dir='ltr'><strong>ab</strong></span> <span class='ocrx_word' id='word_1_637' title='bbox 2889 3930 3091 3974; x_wconf 73' lang='lat' dir='ltr'><strong>aeterno</strong></span> <span class='ocrx_word' id='word_1_638' title='bbox 3105 3936 3213 3975; x_wconf 90' lang='lat' dir='ltr'><strong>non</strong></span> <span class='ocrx_word' id='word_1_639' title='bbox 3236 3930 3342 3986; x_wconf 89' lang='lat' dir='ltr'><strong>est,</strong></span> <span class='ocrx_word' id='word_1_640' title='bbox 3366 3932 3423 3976; x_wconf 91' lang='lat' dir='ltr'><strong>ut</strong></span> <span class='ocrx_word' id='word_1_641' title='bbox 3440 3939 3635 3980; x_wconf 86' lang='lat' dir='ltr'><strong>recens</strong></span> 
     </span>
    </p>
   </div>
   <div class='ocr_carea' id='block_1_80' title="bbox 396 4008 1966 4083">
    <p class='ocr_par' dir='ltr' id='par_1_80' title="bbox 396 4008 1966 4083">
     <span class='ocr_line' id='line_1_80' title="bbox 396 4008 1966 4083; baseline 0.001 -20"><span class='ocrx_word' id='word_1_642' title='bbox 396 4010 793 4080; x_wconf 87' lang='grc' dir='ltr'>καταλείπομεν</span> <span class='ocrx_word' id='word_1_643' title='bbox 811 4027 825 4075; x_wconf 90' lang='grc'><strong>;</strong></span> <span class='ocrx_word' id='word_1_644' title='bbox 853 4010 923 4062; x_wconf 85' lang='grc' dir='ltr'>Τὸ</span> <span class='ocrx_word' id='word_1_645' title='bbox 935 4011 1042 4080; x_wconf 74' lang='grc' dir='ltr'><strong>γὰρ</strong></span> <span class='ocrx_word' id='word_1_646' title='bbox 1061 4010 1150 4062; x_wconf 85' lang='grc' dir='ltr'>νῦν</span> <span class='ocrx_word' id='word_1_647' title='bbox 1165 4008 1245 4071; x_wconf 81' lang='grc' dir='ltr'><strong>ὃν,</strong></span> <span class='ocrx_word' id='word_1_648' title='bbox 1264 4010 1524 4081; x_wconf 84' lang='grc' dir='ltr'>πρότερον</span> <span class='ocrx_word' id='word_1_649' title='bbox 1538 4011 1593 4064; x_wconf 83' lang='grc' dir='ltr'>δὲ</span> <span class='ocrx_word' id='word_1_650' title='bbox 1611 4012 1682 4082; x_wconf 87' lang='grc' dir='ltr'><strong>μὴ</strong></span> <span class='ocrx_word' id='word_1_651' title='bbox 1702 4011 1780 4077; x_wconf 84' lang='grc' dir='ltr'><strong>ὄν,</strong></span> <span class='ocrx_word' id='word_1_652' title='bbox 1801 4011 1966 4083; x_wconf 82' lang='grc' dir='ltr'>πρόσ-</span> 
     </span>
    </p>
   </div>
   <div class='ocr_carea' id='block_1_81' title="bbox 397 4100 1969 4173">
    <p class='ocr_par' dir='ltr' id='par_1_81' title="bbox 397 4100 1969 4173">
     <span class='ocr_line' id='line_1_81' title="bbox 397 4100 1969 4173; baseline 0.003 -21"><span class='ocrx_word' id='word_1_653' title='bbox 397 4100 565 4168; x_wconf 85' lang='grc' dir='ltr'>φατόν</span> <span class='ocrx_word' id='word_1_654' title='bbox 596 4102 712 4153; x_wconf 82' lang='grc' dir='ltr'>ἐστι</span> <span class='ocrx_word' id='word_1_655' title='bbox 751 4101 965 4164; x_wconf 79' lang='grc' dir='ltr'>πάντως</span> <span class='ocrx_word' id='word_1_656' title='bbox 991 4102 1082 4154; x_wconf 76' lang='grc' dir='ltr'><strong>καὶ</strong></span> <span class='ocrx_word' id='word_1_657' title='bbox 1106 4102 1204 4154; x_wconf 80' lang='grc' dir='ltr'><strong>οὐκ</strong></span> <span class='ocrx_word' id='word_1_658' title='bbox 1236 4101 1424 4154; x_wconf 82' lang='grc' dir='ltr'>ἀΐδιον·</span> <span class='ocrx_word' id='word_1_659' title='bbox 1454 4104 1514 4155; x_wconf 83' lang='lat' dir='ltr'><strong>1b</strong></span> <span class='ocrx_word' id='word_1_660' title='bbox 1534 4103 1589 4155; x_wconf 86' lang='grc' dir='ltr'><strong>δὲ</strong></span> <span class='ocrx_word' id='word_1_661' title='bbox 1612 4104 1749 4173; x_wconf 87' lang='grc' dir='ltr'>πρός</span> <span class='ocrx_word' id='word_1_662' title='bbox 1778 4120 1830 4156; x_wconf 87' lang='grc' dir='ltr'><strong>τι</strong></span> <span class='ocrx_word' id='word_1_663' title='bbox 1851 4103 1969 4157; x_wconf 81' lang='grc' dir='ltr'>τῶν</span> 
     </span>
    </p>
   </div>
   <div class='ocr_carea' id='block_1_82' title="bbox 398 4179 1966 4265">
    <p class='ocr_par' dir='ltr' id='par_1_82' title="bbox 398 4179 1966 4265">
     <span class='ocr_line' id='line_1_82' title="bbox 398 4179 1966 4265; baseline 0.004 -24"><span class='ocrx_word' id='word_1_664' title='bbox 398 4191 725 4261; x_wconf 82' lang='grc' dir='ltr'>προσφάτων</span> <span class='ocrx_word' id='word_1_665' title='bbox 762 4193 914 4263; x_wconf 82' lang='grc' dir='ltr'>όρᾷν,</span> <span class='ocrx_word' id='word_1_666' title='bbox 963 4192 1228 4260; x_wconf 83' lang='grc' dir='ltr'>δαιμόνων</span> <span class='ocrx_word' id='word_1_667' title='bbox 1263 4179 1516 4265; x_wconf 80' lang='grc' dir='ltr'>λατρείαν</span> <span class='ocrx_word' id='word_1_668' title='bbox 1551 4196 1579 4246; x_wconf 93' lang='lat'><strong>6</strong></span> <span class='ocrx_word' id='word_1_669' title='bbox 1616 4195 1821 4265; x_wconf 78' lang='grc' dir='ltr'>Μωσῆς</span> <span class='ocrx_word' id='word_1_670' title='bbox 1848 4194 1966 4247; x_wconf 87' lang='grc' dir='ltr'>ὀνο·</span> 
     </span>
    </p>
   </div>
   <div class='ocr_carea' id='block_1_83' title="bbox 402 4281 1964 4353">
    <p class='ocr_par' dir='ltr' id='par_1_83' title="bbox 402 4281 1964 4353">
     <span class='ocr_line' id='line_1_83' title="bbox 402 4281 1964 4353; baseline 0.004 -20"><span class='ocrx_word' id='word_1_671' title='bbox 402 4281 594 4353; x_wconf 83' lang='grc' dir='ltr'>μάζει,</span> <span class='ocrx_word' id='word_1_672' title='bbox 638 4281 838 4349; x_wconf 83' lang='grc' dir='ltr'>λέγων’</span> <span class='ocrx_word' id='word_1_673' title='bbox 882 4283 1149 4337; x_wconf 73' lang='grc' dir='ltr'>Ἔθυσαν</span> <span class='ocrx_word' id='word_1_674' title='bbox 1193 4282 1522 4351; x_wconf 77' lang='grc' dir='ltr'>δαιμονίοις</span> <span class='ocrx_word' id='word_1_675' title='bbox 1558 4285 1654 4338; x_wconf 75' lang='grc' dir='ltr'>καὶ</span> <span class='ocrx_word' id='word_1_676' title='bbox 1689 4286 1761 4338; x_wconf 90' lang='grc' dir='ltr'>οὺ</span> <span class='ocrx_word' id='word_1_677' title='bbox 1808 4284 1964 4351; x_wconf 81' lang='grc' dir='ltr'>Θεῷ’</span> 
     </span>
    </p>
   </div>
   <div class='ocr_carea' id='block_1_84' title="bbox 400 4364 1970 4441">
    <p class='ocr_par' dir='ltr' id='par_1_84' title="bbox 400 4364 1970 4441">
     <span class='ocr_line' id='line_1_84' title="bbox 400 4364 1970 4441; baseline 0.002 -18"><span class='ocrx_word' id='word_1_678' title='bbox 400 4369 555 4435; x_wconf 82' lang='grc' dir='ltr'>θεοῖς</span> <span class='ocrx_word' id='word_1_679' title='bbox 573 4364 661 4435; x_wconf 83' lang='grc' dir='ltr'>οἶς</span> <span class='ocrx_word' id='word_1_680' title='bbox 682 4372 791 4423; x_wconf 78' lang='grc' dir='ltr'>οὐκ</span> <span class='ocrx_word' id='word_1_681' title='bbox 814 4370 1065 4439; x_wconf 70' lang='grc' dir='ltr'>ᾔδεισαν-</span> <span class='ocrx_word' id='word_1_682' title='bbox 1081 4375 1135 4425; x_wconf 83' lang='grc' dir='ltr'><strong>οι</strong></span> <span class='ocrx_word' id='word_1_683' title='bbox 1157 4373 1409 4441; x_wconf 78' lang='grc' dir='ltr'>πατέρες</span> <span class='ocrx_word' id='word_1_684' title='bbox 1426 4373 1640 4437; x_wconf 78' lang='grc' dir='ltr'>αὐτῶν,</span> <span class='ocrx_word' id='word_1_685' title='bbox 1660 4374 1851 4428; x_wconf 79' lang='grc' dir='ltr'>καινοὶ</span> <span class='ocrx_word' id='word_1_686' title='bbox 1872 4372 1970 4428; x_wconf 79' lang='grc' dir='ltr'><strong>καί</strong></span> 
     </span>
    </p>
   </div>
   <div class='ocr_carea' id='block_1_85' title="bbox 398 4460 1969 4534">
    <p class='ocr_par' dir='ltr' id='par_1_85' title="bbox 398 4460 1969 4534">
     <span class='ocr_line' id='line_1_85' title="bbox 398 4460 1969 4534; baseline 0.003 -22"><span class='ocrx_word' id='word_1_687' title='bbox 398 4462 731 4530; x_wconf 74' lang='grc' dir='ltr'>πρόσφατοι</span> <span class='ocrx_word' id='word_1_688' title='bbox 760 4460 1002 4528; x_wconf 71' lang='grc' dir='ltr'>ἥκωσιν.</span> <span class='ocrx_word' id='word_1_689' title='bbox 1028 4464 1091 4516; x_wconf 83' lang='grc' dir='ltr'>Εἰ</span> <span class='ocrx_word' id='word_1_690' title='bbox 1123 4460 1217 4516; x_wconf 81' lang='grc' dir='ltr'><strong>οὖν</strong></span> <span class='ocrx_word' id='word_1_691' title='bbox 1247 4462 1307 4516; x_wconf 84' lang='grc' dir='ltr'><strong>τὸ</strong></span> <span class='ocrx_word' id='word_1_692' title='bbox 1365 4464 1676 4534; x_wconf 79' lang='grc' dir='ltr'>πρόσφατον</span> <span class='ocrx_word' id='word_1_693' title='bbox 1708 4465 1767 4519; x_wconf 82' lang='grc' dir='ltr'><strong>ἐν</strong></span> <span class='ocrx_word' id='word_1_694' title='bbox 1805 4464 1969 4517; x_wconf 81' lang='grc' dir='ltr'>σεϐά-</span> 
     </span>
    </p>
   </div>
   <div class='ocr_carea' id='block_1_86' title="bbox 400 4553 1968 4626">
    <p class='ocr_par' dir='ltr' id='par_1_86' title="bbox 400 4553 1968 4626">
     <span class='ocr_line' id='line_1_86' title="bbox 400 4553 1968 4626; baseline 0.003 -23"><span class='ocrx_word' id='word_1_695' title='bbox 400 4567 585 4623; x_wconf 84' lang='grc' dir='ltr'>σματι,</span> <span class='ocrx_word' id='word_1_696' title='bbox 608 4553 873 4623; x_wconf 82' lang='grc' dir='ltr'>δαιμόνων</span> <span class='ocrx_word' id='word_1_697' title='bbox 899 4556 1013 4607; x_wconf 71' lang='grc' dir='ltr'>ἐστὶ</span> <span class='ocrx_word' id='word_1_698' title='bbox 1032 4555 1278 4626; x_wconf 89' lang='grc' dir='ltr'>λατρεία,</span> <span class='ocrx_word' id='word_1_699' title='bbox 1307 4556 1401 4609; x_wconf 76' lang='grc' dir='ltr'><strong>καὶ</strong></span> <span class='ocrx_word' id='word_1_700' title='bbox 1426 4555 1526 4625; x_wconf 87' lang='grc' dir='ltr'><strong>τῆς</strong></span> <span class='ocrx_word' id='word_1_701' title='bbox 1558 4555 1814 4626; x_wconf 84' lang='grc' dir='ltr'>ἀληθινῆς</span> <span class='ocrx_word' id='word_1_702' title='bbox 1838 4556 1968 4608; x_wconf 86' lang='grc' dir='ltr'>Θεό-</span> 
     </span>
    </p>
   </div>
   <div class='ocr_carea' id='block_1_87' title="bbox 398 4644 1967 4715">
    <p class='ocr_par' dir='ltr' id='par_1_87' title="bbox 398 4644 1967 4715">
     <span class='ocr_line' id='line_1_87' title="bbox 398 4644 1967 4715; baseline 0.003 -20"><span class='ocrx_word' id='word_1_703' title='bbox 398 4660 558 4715; x_wconf 85' lang='grc' dir='ltr'>τητος</span> <span class='ocrx_word' id='word_1_704' title='bbox 584 4644 937 4714; x_wconf 78' lang='grc' dir='ltr'>ἠλλοτρίωται</span> <span class='ocrx_word' id='word_1_705' title='bbox 960 4663 974 4677; x_wconf 76' lang='grc' dir='ltr'><strong>ο</strong></span> <span class='ocrx_word' id='word_1_706' title='bbox 1005 4647 1035 4702; x_wconf 84' lang='grc' dir='ltr'>ὃ</span> <span class='ocrx_word' id='word_1_707' title='bbox 1070 4646 1126 4698; x_wconf 83' lang='grc' dir='ltr'>δὲ</span> <span class='ocrx_word' id='word_1_708' title='bbox 1167 4646 1262 4699; x_wconf 83' lang='grc' dir='ltr'><strong>νῦν</strong></span> <span class='ocrx_word' id='word_1_709' title='bbox 1304 4647 1401 4715; x_wconf 86' lang='grc' dir='ltr'><strong>μέν</strong></span> <span class='ocrx_word' id='word_1_710' title='bbox 1451 4649 1627 4709; x_wconf 78' lang='grc' dir='ltr'>ἐστιν,</span> <span class='ocrx_word' id='word_1_711' title='bbox 1663 4646 1831 4699; x_wconf 75' lang='grc' dir='ltr'>ἀεὶδὲ</span> <span class='ocrx_word' id='word_1_712' title='bbox 1868 4646 1967 4699; x_wconf 84' lang='grc' dir='ltr'><strong>οὐκ</strong></span> 
     </span>
    </p>
   </div>
   <div class='ocr_carea' id='block_1_88' title="bbox 397 4727 1969 4806">
    <p class='ocr_par' dir='ltr' id='par_1_88' title="bbox 397 4727 1969 4806">
     <span class='ocr_line' id='line_1_88' title="bbox 397 4727 1969 4806; baseline 0.002 -23"><span class='ocrx_word' id='word_1_713' title='bbox 397 4727 487 4802; x_wconf 82' lang='grc' dir='ltr'>ἦν,</span> <span class='ocrx_word' id='word_1_714' title='bbox 516 4733 828 4803; x_wconf 78' lang='grc' dir='ltr'>πρόσφατόν</span> <span class='ocrx_word' id='word_1_715' title='bbox 854 4734 971 4785; x_wconf 80' lang='grc' dir='ltr'>ἐστι</span> <span class='ocrx_word' id='word_1_716' title='bbox 1002 4734 1095 4786; x_wconf 77' lang='grc' dir='ltr'>καὶ</span> <span class='ocrx_word' id='word_1_717' title='bbox 1122 4735 1222 4787; x_wconf 83' lang='grc' dir='ltr'><strong>οὐκ</strong></span> <span class='ocrx_word' id='word_1_718' title='bbox 1262 4735 1452 4796; x_wconf 76' lang='grc' dir='ltr'>ἀΐδιον,</span> <span class='ocrx_word' id='word_1_719' title='bbox 1479 4735 1791 4803; x_wconf 80' lang='grc' dir='ltr'>ἀναγκαίως</span> <span class='ocrx_word' id='word_1_720' title='bbox 1831 4734 1969 4806; x_wconf 79' lang='grc' dir='ltr'>πρὸς</span> 
     </span>
    </p>
   </div>
   <div class='ocr_carea' id='block_1_89' title="bbox 397 4824 1969 4899">
    <p class='ocr_par' dir='ltr' id='par_1_89' title="bbox 397 4824 1969 4899">
     <span class='ocr_line' id='line_1_89' title="bbox 397 4824 1969 4899; baseline 0.003 -23"><span class='ocrx_word' id='word_1_721' title='bbox 397 4824 460 4876; x_wconf 91' lang='lat' dir='ltr'><strong>1b</strong></span> <span class='ocrx_word' id='word_1_722' title='bbox 493 4824 551 4877; x_wconf 79' lang='grc' dir='ltr'>ὃν</span> <span class='ocrx_word' id='word_1_723' title='bbox 580 4824 866 4895; x_wconf 82' lang='grc' dir='ltr'>βλέποντες</span> <span class='ocrx_word' id='word_1_724' title='bbox 890 4867 904 4892; x_wconf 94' lang='grc'><strong>,</strong></span> <span class='ocrx_word' id='word_1_725' title='bbox 930 4828 1055 4888; x_wconf 80' lang='grc' dir='ltr'>τοὺς</span> <span class='ocrx_word' id='word_1_726' title='bbox 1084 4826 1144 4879; x_wconf 84' lang='grc' dir='ltr'><strong>τὸ</strong></span> <span class='ocrx_word' id='word_1_727' title='bbox 1171 4826 1245 4897; x_wconf 85' lang='grc' dir='ltr'><strong>μὴ</strong></span> <span class='ocrx_word' id='word_1_728' title='bbox 1271 4826 1329 4880; x_wconf 81' lang='grc' dir='ltr'>ὃν</span> <span class='ocrx_word' id='word_1_729' title='bbox 1352 4827 1429 4897; x_wconf 85' lang='grc' dir='ltr'>τῷ</span> <span class='ocrx_word' id='word_1_730' title='bbox 1459 4828 1571 4880; x_wconf 90' lang='grc' dir='ltr'>ὄντι</span> <span class='ocrx_word' id='word_1_731' title='bbox 1607 4827 1969 4899; x_wconf 72' lang='grc' dir='ltr'>συνθεωροῦνο</span> 
     </span>
    </p>
   </div>
   <div class='ocr_carea' id='block_1_90' title="bbox 397 4913 1971 4988">
    <p class='ocr_par' dir='ltr' id='par_1_90' title="bbox 397 4913 1971 4988">
     <span class='ocr_line' id='line_1_90' title="bbox 397 4913 1971 4988; baseline 0.002 -21"><span class='ocrx_word' id='word_1_732' title='bbox 397 4928 498 4978; x_wconf 88' lang='grc' dir='ltr'><strong>τας</strong></span> <span class='ocrx_word' id='word_1_733' title='bbox 531 4917 624 4968; x_wconf 79' lang='grc' dir='ltr'><strong>καὶ</strong></span> <span class='ocrx_word' id='word_1_734' title='bbox 650 4915 924 4983; x_wconf 82' lang='grc' dir='ltr'>λέγοντας,</span> <span class='ocrx_word' id='word_1_735' title='bbox 952 4918 1034 4969; x_wconf 83' lang='grc' dir='ltr'><strong>ὅτι</strong></span> <span class='ocrx_word' id='word_1_736' title='bbox 1068 4917 1198 4969; x_wconf 82' lang='grc' dir='ltr'>ποτὲ</span> <span class='ocrx_word' id='word_1_737' title='bbox 1230 4918 1330 4969; x_wconf 83' lang='grc' dir='ltr'><strong>οὐκ</strong></span> <span class='ocrx_word' id='word_1_738' title='bbox 1360 4913 1450 4987; x_wconf 79' lang='grc' dir='ltr'>ἦν,</span> <span class='ocrx_word' id='word_1_739' title='bbox 1469 4920 1580 4981; x_wconf 89' lang='grc' dir='ltr'>τοῖς</span> <span class='ocrx_word' id='word_1_740' title='bbox 1608 4918 1971 4988; x_wconf 88' lang='grc' dir='ltr'>θεραπευταῖς</span> 
     </span>
    </p>
   </div>
   <div class='ocr_carea' id='block_1_91' title="bbox 398 5006 1967 5081">
    <p class='ocr_par' dir='ltr' id='par_1_91' title="bbox 398 5006 1967 5081">
     <span class='ocr_line' id='line_1_91' title="bbox 398 5006 1967 5081; baseline 0.001 -20"><span class='ocrx_word' id='word_1_741' title='bbox 398 5007 507 5061; x_wconf 83' lang='grc' dir='ltr'><strong>τῶν</strong></span> <span class='ocrx_word' id='word_1_742' title='bbox 530 5006 759 5060; x_wconf 84' lang='grc' dir='ltr'>εἰδώλων</span> <span class='ocrx_word' id='word_1_743' title='bbox 788 5010 1245 5079; x_wconf 82' lang='grc' dir='ltr'>ὲγκαταλέγομεν.</span> <span class='ocrx_word' id='word_1_744' title='bbox 1280 5011 1387 5063; x_wconf 83' lang='grc' dir='ltr'>Καὶ</span> <span class='ocrx_word' id='word_1_745' title='bbox 1409 5010 1517 5080; x_wconf 84' lang='grc' dir='ltr'>γὰρ</span> <span class='ocrx_word' id='word_1_746' title='bbox 1538 5013 1565 5063; x_wconf 93' lang='lat'><strong>6</strong></span> <span class='ocrx_word' id='word_1_747' title='bbox 1587 5010 1758 5081; x_wconf 83' lang='grc' dir='ltr'>μέγας</span> <span class='ocrx_word' id='word_1_748' title='bbox 1791 5010 1967 5064; x_wconf 84' lang='grc' dir='ltr'>Ἰωάν-</span> 
     </span>
    </p>
   </div>
   <div class='ocr_carea' id='block_1_92' title="bbox 399 5099 1971 5172">
    <p class='ocr_par' dir='ltr' id='par_1_92' title="bbox 399 5099 1971 5172">
     <span class='ocr_line' id='line_1_92' title="bbox 399 5099 1971 5172; baseline 0.001 -21"><span class='ocrx_word' id='word_1_749' title='bbox 399 5115 497 5169; x_wconf 84' lang='grc' dir='ltr'><strong>νης</strong></span> <span class='ocrx_word' id='word_1_750' title='bbox 515 5099 605 5152; x_wconf 71' lang='grc' dir='ltr'><strong>τὸν</strong></span> <span class='ocrx_word' id='word_1_751' title='bbox 639 5102 899 5171; x_wconf 86' lang='grc' dir='ltr'>μονογενῆ</span> <span class='ocrx_word' id='word_1_752' title='bbox 925 5100 1055 5154; x_wconf 74' lang='grc' dir='ltr'>Θεὸν</span> <span class='ocrx_word' id='word_1_753' title='bbox 1088 5100 1202 5171; x_wconf 82' lang='grc' dir='ltr'>ἰδίῳ</span> <span class='ocrx_word' id='word_1_754' title='bbox 1223 5101 1605 5169; x_wconf 84' lang='grc' dir='ltr'>καταγγέλλων</span> <span class='ocrx_word' id='word_1_755' title='bbox 1636 5100 1971 5172; x_wconf 87' lang='grc' dir='ltr'>κηρύγματι,</span> 
     </span>
    </p>
   </div>
   <div class='ocr_carea' id='block_1_93' title="bbox 400 5192 1973 5263">
    <p class='ocr_par' dir='ltr' id='par_1_93' title="bbox 400 5192 1973 5263">
     <span class='ocr_line' id='line_1_93' title="bbox 400 5192 1973 5263; baseline 0.002 -21"><span class='ocrx_word' id='word_1_756' title='bbox 400 5192 667 5255; x_wconf 81' lang='grc' dir='ltr'>παντοίως</span> <span class='ocrx_word' id='word_1_757' title='bbox 714 5195 803 5244; x_wconf 81' lang='grc' dir='ltr'><strong>τὸν</strong></span> <span class='ocrx_word' id='word_1_758' title='bbox 843 5193 1036 5247; x_wconf 77' lang='grc' dir='ltr'>ἑαυτοῦ</span> <span class='ocrx_word' id='word_1_759' title='bbox 1070 5193 1531 5262; x_wconf 78' lang='grc' dir='ltr'>κατασφαλίζεται</span> <span class='ocrx_word' id='word_1_760' title='bbox 1569 5192 1743 5261; x_wconf 89' lang='grc' dir='ltr'>λόγον,</span> <span class='ocrx_word' id='word_1_761' title='bbox 1779 5193 1854 5257; x_wconf 84' lang='grc' dir='ltr'>ὡς</span> <span class='ocrx_word' id='word_1_762' title='bbox 1898 5194 1973 5263; x_wconf 78' lang='grc' dir='ltr'>μή</span> 
     </span>
    </p>
   </div>
   <div class='ocr_carea' id='block_1_94' title="bbox 400 5279 1967 5355">
    <p class='ocr_par' dir='ltr' id='par_1_94' title="bbox 400 5279 1967 5355">
     <span class='ocr_line' id='line_1_94' title="bbox 400 5279 1967 5355; baseline 0.003 -22"><span class='ocrx_word' id='word_1_763' title='bbox 400 5297 521 5334; x_wconf 86' lang='grc' dir='ltr'>τινα</span> <span class='ocrx_word' id='word_1_764' title='bbox 556 5284 789 5353; x_wconf 76' lang='grc' dir='ltr'>πάροδον</span> <span class='ocrx_word' id='word_1_765' title='bbox 829 5282 925 5355; x_wconf 84' lang='grc' dir='ltr'><strong>τὴν</strong></span> <span class='ocrx_word' id='word_1_766' title='bbox 965 5284 1059 5337; x_wconf 82' lang='grc' dir='ltr'>τοῦ</span> <span class='ocrx_word' id='word_1_767' title='bbox 1096 5283 1170 5355; x_wconf 82' lang='grc' dir='ltr'><strong>μὴ</strong></span> <span class='ocrx_word' id='word_1_768' title='bbox 1220 5279 1357 5337; x_wconf 87' lang='grc' dir='ltr'>εἷναι</span> <span class='ocrx_word' id='word_1_769' title='bbox 1395 5283 1660 5353; x_wconf 72' lang='grc' dir='ltr'>ὑπόληψιν</span> <span class='ocrx_word' id='word_1_770' title='bbox 1690 5284 1831 5337; x_wconf 86' lang='grc' dir='ltr'><strong>κατὰ</strong></span> <span class='ocrx_word' id='word_1_771' title='bbox 1873 5283 1967 5337; x_wconf 78' lang='grc' dir='ltr'>τοῦ</span> 
     </span>
    </p>
   </div>
   <div class='ocr_carea' id='block_1_95' title="bbox 401 5368 1971 5445">
    <p class='ocr_par' dir='ltr' id='par_1_95' title="bbox 401 5368 1971 5445">
     <span class='ocr_line' id='line_1_95' title="bbox 401 5368 1971 5445; baseline 0.001 -21"><span class='ocrx_word' id='word_1_772' title='bbox 401 5371 551 5434; x_wconf 86' lang='grc' dir='ltr'>ὄντος</span> <span class='ocrx_word' id='word_1_773' title='bbox 578 5371 779 5427; x_wconf 74' lang='grc' dir='ltr'>λαϐεῖν.</span> <span class='ocrx_word' id='word_1_774' title='bbox 806 5373 967 5441; x_wconf 85' lang='grc' dir='ltr'>Λέγει</span> <span class='ocrx_word' id='word_1_775' title='bbox 1006 5374 1113 5445; x_wconf 79' lang='grc' dir='ltr'>γὰρ</span> <span class='ocrx_word' id='word_1_776' title='bbox 1132 5412 1147 5438; x_wconf 90' lang='grc'><strong>,</strong></span> <span class='ocrx_word' id='word_1_777' title='bbox 1187 5375 1266 5427; x_wconf 78' lang='grc' dir='ltr'>ὅτι</span> <span class='ocrx_word' id='word_1_778' title='bbox 1314 5373 1400 5426; x_wconf 86' lang='grc' dir='ltr'><strong>Ἐν</strong></span> <span class='ocrx_word' id='word_1_779' title='bbox 1431 5374 1572 5443; x_wconf 80' lang='grc' dir='ltr'>ἀρχῇ</span> <span class='ocrx_word' id='word_1_780' title='bbox 1596 5368 1684 5443; x_wconf 85' lang='grc' dir='ltr'>ἦν,</span> <span class='ocrx_word' id='word_1_781' title='bbox 1718 5372 1971 5443; x_wconf 71' lang='grc' dir='ltr'>καὶπρὸς</span> 
     </span>
    </p>
   </div>
   <div class='ocr_carea' id='block_1_96' title="bbox 402 5460 1972 5538">
    <p class='ocr_par' dir='ltr' id='par_1_96' title="bbox 402 5460 1972 5538">
     <span class='ocr_line' id='line_1_96' title="bbox 402 5460 1972 5538; baseline 0.002 -22"><span class='ocrx_word' id='word_1_782' title='bbox 402 5466 493 5517; x_wconf 81' lang='grc' dir='ltr'><strong>τὸν</strong></span> <span class='ocrx_word' id='word_1_783' title='bbox 520 5465 652 5518; x_wconf 87' lang='grc' dir='ltr'>Θεὸν</span> <span class='ocrx_word' id='word_1_784' title='bbox 677 5460 763 5536; x_wconf 81' lang='grc' dir='ltr'>ἦν,</span> <span class='ocrx_word' id='word_1_785' title='bbox 794 5468 888 5519; x_wconf 76' lang='grc' dir='ltr'>καὶ</span> <span class='ocrx_word' id='word_1_786' title='bbox 919 5466 1049 5528; x_wconf 82' lang='grc' dir='ltr'>Θεὸς</span> <span class='ocrx_word' id='word_1_787' title='bbox 1072 5463 1163 5538; x_wconf 83' lang='grc' dir='ltr'>ἦν,</span> <span class='ocrx_word' id='word_1_788' title='bbox 1201 5467 1297 5519; x_wconf 76' lang='grc' dir='ltr'><strong>καὶ</strong></span> <span class='ocrx_word' id='word_1_789' title='bbox 1326 5466 1442 5535; x_wconf 83' lang='grc' dir='ltr'><strong>φῶς</strong></span> <span class='ocrx_word' id='word_1_790' title='bbox 1474 5462 1565 5536; x_wconf 81' lang='grc' dir='ltr'><strong>ῆν,</strong></span> <span class='ocrx_word' id='word_1_791' title='bbox 1600 5466 1694 5518; x_wconf 77' lang='grc' dir='ltr'><strong>καὶ</strong></span> <span class='ocrx_word' id='word_1_792' title='bbox 1729 5466 1841 5536; x_wconf 80' lang='grc' dir='ltr'><strong>ζωὴ</strong></span> <span class='ocrx_word' id='word_1_793' title='bbox 1876 5467 1972 5520; x_wconf 76' lang='grc' dir='ltr'>καὶ</span> 
     </span>
    </p>
   </div>
   <div class='ocr_carea' id='block_1_97' title="bbox 403 5551 1975 5626">
    <p class='ocr_par' dir='ltr' id='par_1_97' title="bbox 403 5551 1975 5626">
     <span class='ocr_line' id='line_1_97' title="bbox 403 5551 1975 5626; baseline 0.002 -19"><span class='ocrx_word' id='word_1_794' title='bbox 403 5554 649 5622; x_wconf 83' lang='grc' dir='ltr'>ἀλήθεια,</span> <span class='ocrx_word' id='word_1_795' title='bbox 681 5556 774 5608; x_wconf 73' lang='grc' dir='ltr'>καὶ</span> <span class='ocrx_word' id='word_1_796' title='bbox 804 5555 981 5610; x_wconf 82' lang='grc' dir='ltr'>πάντα</span> <span class='ocrx_word' id='word_1_797' title='bbox 1009 5557 1077 5609; x_wconf 76' lang='grc' dir='ltr'><strong>τὰ</strong></span> <span class='ocrx_word' id='word_1_798' title='bbox 1104 5556 1283 5625; x_wconf 84' lang='grc' dir='ltr'>ἁγαθά</span> <span class='ocrx_word' id='word_1_799' title='bbox 1312 5556 1542 5609; x_wconf 84' lang='grc' dir='ltr'>πάντοτε</span> <span class='ocrx_word' id='word_1_800' title='bbox 1569 5551 1661 5626; x_wconf 84' lang='grc' dir='ltr'>ἦν,</span> <span class='ocrx_word' id='word_1_801' title='bbox 1690 5556 1784 5609; x_wconf 74' lang='grc' dir='ltr'>καὶ</span> <span class='ocrx_word' id='word_1_802' title='bbox 1820 5555 1975 5610; x_wconf 77' lang='grc' dir='ltr'>οὐδὲν</span> 
     </span>
    </p>
   </div>
   <div class='ocr_carea' id='block_1_98' title="bbox 404 5644 1964 5720">
    <p class='ocr_par' dir='ltr' id='par_1_98' title="bbox 404 5644 1964 5720">
     <span class='ocr_line' id='line_1_98' title="bbox 404 5644 1964 5720; baseline 0.003 -20"><span class='ocrx_word' id='word_1_803' title='bbox 404 5645 656 5700; x_wconf 80' lang='grc' dir='ltr'>οὐδέποτέ</span> <span class='ocrx_word' id='word_1_804' title='bbox 687 5663 739 5699; x_wconf 86' lang='grc' dir='ltr'><strong>τι</strong></span> <span class='ocrx_word' id='word_1_805' title='bbox 766 5646 873 5700; x_wconf 82' lang='grc' dir='ltr'>τῶν</span> <span class='ocrx_word' id='word_1_806' title='bbox 903 5647 1083 5702; x_wconf 83' lang='grc' dir='ltr'>καλῶν</span> <span class='ocrx_word' id='word_1_807' title='bbox 1110 5650 1209 5702; x_wconf 76' lang='grc' dir='ltr'><strong>οὐκ</strong></span> <span class='ocrx_word' id='word_1_808' title='bbox 1238 5644 1339 5719; x_wconf 80' lang='grc' dir='ltr'>ἦν,</span> <span class='ocrx_word' id='word_1_809' title='bbox 1377 5651 1406 5702; x_wconf 91' lang='lat'><strong>6</strong></span> <span class='ocrx_word' id='word_1_810' title='bbox 1431 5650 1648 5704; x_wconf 85' lang='grc' dir='ltr'>πάντων</span> <span class='ocrx_word' id='word_1_811' title='bbox 1671 5648 1781 5704; x_wconf 83' lang='grc' dir='ltr'>τῶν</span> <span class='ocrx_word' id='word_1_812' title='bbox 1825 5649 1964 5720; x_wconf 84' lang='grc' dir='ltr'>ἀγα-</span> 
     </span>
    </p>
   </div>
   <div class='ocr_carea' id='block_1_99' title="bbox 471 5824 2009 5898">
    <p class='ocr_par' dir='ltr' id='par_1_99' title="bbox 471 5824 2009 5898">
     <span class='ocr_line' id='line_1_99' title="bbox 471 5824 2009 5898; baseline 0.003 -18"><span class='ocrx_word' id='word_1_813' title='bbox 471 5830 487 5860; x_wconf 79' lang='grc' dir='ltr'><strong>ι</strong></span> <span class='ocrx_word' id='word_1_814' title='bbox 508 5831 525 5850; x_wconf 84' lang='lat'><strong>’</strong></span> <span class='ocrx_word' id='word_1_815' title='bbox 553 5825 673 5883; x_wconf 78' lang='lat' dir='ltr'><strong>lsai.</strong></span> <span class='ocrx_word' id='word_1_816' title='bbox 720 5840 843 5893; x_wconf 71' lang='lat' dir='ltr'><strong>xu,</strong></span> <span class='ocrx_word' id='word_1_817' title='bbox 893 5826 946 5881; x_wconf 86' lang='lat'><strong>5.</strong></span> <span class='ocrx_word' id='word_1_818' title='bbox 1020 5827 1041 5858; x_wconf 80' lang='grc'>¹</span> <span class='ocrx_word' id='word_1_819' title='bbox 1068 5824 1247 5883; x_wconf 82' lang='lat' dir='ltr'><strong>Judic.</strong></span> <span class='ocrx_word' id='word_1_820' title='bbox 1280 5841 1399 5898; x_wconf 82' lang='lat' dir='ltr'><strong>xm,</strong></span> <span class='ocrx_word' id='word_1_821' title='bbox 1430 5826 1519 5884; x_wconf 76' lang='lat' dir='ltr'><strong>I8.</strong></span> <span class='ocrx_word' id='word_1_822' title='bbox 1595 5827 1615 5860; x_wconf 90' lang='grc'><strong><em>³</em></strong></span> <span class='ocrx_word' id='word_1_823' title='bbox 1639 5824 1786 5887; x_wconf 79' lang='lat' dir='ltr'><strong>Psal.</strong></span> <span class='ocrx_word' id='word_1_824' title='bbox 1821 5841 1896 5896; x_wconf 75' lang='lat' dir='ltr'><strong>cr,</strong></span> <span class='ocrx_word' id='word_1_825' title='bbox 1919 5828 2009 5886; x_wconf 67' lang='lat'><strong>28.</strong></span> 
     </span>
    </p>
   </div>
   <div class='ocr_carea' id='block_1_100' title="bbox 2065 4012 3635 4082">
    <p class='ocr_par' dir='ltr' id='par_1_100' title="bbox 2065 4012 3635 4082">
     <span class='ocr_line' id='line_1_100' title="bbox 2065 4012 3635 4082; baseline 0.003 -16"><span class='ocrx_word' id='word_1_826' title='bbox 2065 4012 2388 4067; x_wconf 75' lang='lat' dir='ltr'><strong>et-alienum</strong></span> <span class='ocrx_word' id='word_1_827' title='bbox 2421 4027 2450 4065; x_wconf 72' lang='grc' dir='ltr'><strong>ει</strong></span> <span class='ocrx_word' id='word_1_828' title='bbox 2483 4027 2613 4065; x_wconf 87' lang='lat' dir='ltr'><strong>vera</strong></span> <span class='ocrx_word' id='word_1_829' title='bbox 2667 4012 2900 4076; x_wconf 61' lang='lat' dir='ltr'><strong>licitate,</strong></span> <span class='ocrx_word' id='word_1_830' title='bbox 2936 4012 3263 4079; x_wconf 87' lang='lat' dir='ltr'><strong>idololatris,</strong></span> <span class='ocrx_word' id='word_1_831' title='bbox 3312 4016 3363 4069; x_wconf 87' lang='lat' dir='ltr'><strong>id</strong></span> <span class='ocrx_word' id='word_1_832' title='bbox 3418 4027 3522 4082; x_wconf 90' lang='lat' dir='ltr'><strong>est,</strong></span> <span class='ocrx_word' id='word_1_833' title='bbox 3570 4019 3635 4071; x_wconf 84' lang='lat' dir='ltr'><strong>ﬁ-</strong></span> 
     </span>
    </p>
   </div>
   <div class='ocr_carea' id='block_1_101' title="bbox 2066 4102 3634 4164">
    <p class='ocr_par' dir='ltr' id='par_1_101' title="bbox 2066 4102 3634 4164">
     <span class='ocr_line' id='line_1_101' title="bbox 2066 4102 3634 4164; baseline 0.004 -6"><span class='ocrx_word' id='word_1_834' title='bbox 2066 4102 2349 4158; x_wconf 85' lang='lat' dir='ltr'><strong>ctitiorum</strong></span> <span class='ocrx_word' id='word_1_835' title='bbox 2375 4105 2602 4158; x_wconf 89' lang='lat' dir='ltr'><strong>deorum</strong></span> <span class='ocrx_word' id='word_1_836' title='bbox 2627 4103 2929 4161; x_wconf 89' lang='lat' dir='ltr'><strong>cultoribus</strong></span> <span class='ocrx_word' id='word_1_837' title='bbox 2958 4103 3293 4160; x_wconf 83' lang='lat' dir='ltr'><strong>adorandum</strong></span> <span class='ocrx_word' id='word_1_838' title='bbox 3332 4124 3442 4163; x_wconf 91' lang='lat' dir='ltr'><strong>non</strong></span> <span class='ocrx_word' id='word_1_839' title='bbox 3470 4110 3634 4164; x_wconf 86' lang='lat' dir='ltr'><strong>relin-</strong></span> 
     </span>
    </p>
   </div>
   <div class='ocr_carea' id='block_1_102' title="bbox 2067 4193 3635 4266">
    <p class='ocr_par' dir='ltr' id='par_1_102' title="bbox 2067 4193 3635 4266">
     <span class='ocr_line' id='line_1_102' title="bbox 2067 4193 3635 4266; baseline 0.007 -20"><span class='ocrx_word' id='word_1_840' title='bbox 2067 4193 2327 4262; x_wconf 83' lang='lat' dir='ltr'><strong>quimus?</strong></span> <span class='ocrx_word' id='word_1_841' title='bbox 2361 4193 2518 4258; x_wconf 85' lang='lat' dir='ltr'><strong>Quod</strong></span> <span class='ocrx_word' id='word_1_842' title='bbox 2565 4195 2710 4247; x_wconf 89' lang='lat' dir='ltr'><strong>enim</strong></span> <span class='ocrx_word' id='word_1_843' title='bbox 2760 4210 2909 4250; x_wconf 89' lang='lat' dir='ltr'><strong>nunc</strong></span> <span class='ocrx_word' id='word_1_844' title='bbox 2971 4203 3077 4259; x_wconf 85' lang='lat' dir='ltr'><strong>est,</strong></span> <span class='ocrx_word' id='word_1_845' title='bbox 3102 4198 3254 4266; x_wconf 86' lang='lat' dir='ltr'><strong>prius</strong></span> <span class='ocrx_word' id='word_1_846' title='bbox 3295 4208 3475 4256; x_wconf 86' lang='lat' dir='ltr'><strong>autem</strong></span> <span class='ocrx_word' id='word_1_847' title='bbox 3522 4219 3635 4257; x_wconf 87' lang='lat' dir='ltr'><strong>non</strong></span> 
     </span>
    </p>
   </div>
   <div class='ocr_carea' id='block_1_103' title="bbox 2067 4285 3637 4357">
    <p class='ocr_par' dir='ltr' id='par_1_103' title="bbox 2067 4285 3637 4357">
     <span class='ocr_line' id='line_1_103' title="bbox 2067 4285 3637 4357; baseline 0.007 -17"><span class='ocrx_word' id='word_1_848' title='bbox 2067 4292 2204 4351; x_wconf 90' lang='lat' dir='ltr'><strong>erat,</strong></span> <span class='ocrx_word' id='word_1_849' title='bbox 2265 4298 2460 4339; x_wconf 89' lang='lat' dir='ltr'><strong>recens</strong></span> <span class='ocrx_word' id='word_1_850' title='bbox 2483 4292 2568 4339; x_wconf 89' lang='lat' dir='ltr'><strong>est</strong></span> <span class='ocrx_word' id='word_1_851' title='bbox 2595 4285 2821 4340; x_wconf 91' lang='lat' dir='ltr'><strong>omnino</strong></span> <span class='ocrx_word' id='word_1_852' title='bbox 2847 4301 2947 4341; x_wconf 92' lang='lat' dir='ltr'><strong>nec</strong></span> <span class='ocrx_word' id='word_1_853' title='bbox 2974 4296 3276 4357; x_wconf 64' lang='lat' dir='ltr'><strong>aeternum;</strong></span> <span class='ocrx_word' id='word_1_854' title='bbox 3311 4293 3512 4350; x_wconf 89' lang='lat' dir='ltr'><strong>intueri</strong></span> <span class='ocrx_word' id='word_1_855' title='bbox 3539 4313 3637 4351; x_wconf 84' lang='lat' dir='ltr'><strong>au~</strong></span> 
     </span>
    </p>
   </div>
   <div class='ocr_carea' id='block_1_104' title="bbox 2068 4373 3636 4443">
    <p class='ocr_par' dir='ltr' id='par_1_104' title="bbox 2068 4373 3636 4443">
     <span class='ocr_line' id='line_1_104' title="bbox 2068 4373 3636 4443; baseline 0.009 -17"><span class='ocrx_word' id='word_1_856' title='bbox 2068 4382 2176 4427; x_wconf 89' lang='lat' dir='ltr'><strong>tem</strong></span> <span class='ocrx_word' id='word_1_857' title='bbox 2210 4373 2263 4427; x_wconf 88' lang='lat' dir='ltr'><strong>in</strong></span> <span class='ocrx_word' id='word_1_858' title='bbox 2297 4373 2503 4443; x_wconf 87' lang='lat' dir='ltr'><strong>aliquid</strong></span> <span class='ocrx_word' id='word_1_859' title='bbox 2537 4376 2863 4441; x_wconf 88' lang='lat' dir='ltr'><strong>recentium,</strong></span> <span class='ocrx_word' id='word_1_860' title='bbox 2890 4376 3198 4433; x_wconf 79' lang='lat' dir='ltr'><strong>daemonum</strong></span> <span class='ocrx_word' id='word_1_861' title='bbox 3234 4382 3443 4438; x_wconf 91' lang='lat' dir='ltr'><strong>cultum</strong></span> <span class='ocrx_word' id='word_1_862' title='bbox 3477 4395 3636 4441; x_wconf 87' lang='lat' dir='ltr'><strong>vocat</strong></span> 
     </span>
    </p>
   </div>
   <div class='ocr_carea' id='block_1_105' title="bbox 2072 4464 3637 4538">
    <p class='ocr_par' dir='ltr' id='par_1_105' title="bbox 2072 4464 3637 4538">
     <span class='ocr_line' id='line_1_105' title="bbox 2072 4464 3637 4538; baseline 0.008 -22"><span class='ocrx_word' id='word_1_863' title='bbox 2072 4464 2275 4531; x_wconf 84' lang='lat' dir='ltr'><strong>Moses,</strong></span> <span class='ocrx_word' id='word_1_864' title='bbox 2326 4464 2516 4520; x_wconf 87' lang='lat' dir='ltr'><strong>dicens</strong></span> <span class='ocrx_word' id='word_1_865' title='bbox 2559 4483 2575 4519; x_wconf 88' lang='lat'><strong>:</strong></span> <span class='ocrx_word' id='word_1_866' title='bbox 2639 4464 3054 4521; x_wconf 78' lang='lat' dir='ltr'><strong>Immolaverunt</strong></span> <span class='ocrx_word' id='word_1_867' title='bbox 3116 4468 3411 4538; x_wconf 77' lang='lat' dir='ltr'><strong>dwmom&#39;is,</strong></span> <span class='ocrx_word' id='word_1_868' title='bbox 3440 4482 3491 4527; x_wconf 83' lang='lat' dir='ltr'><strong>et</strong></span> <span class='ocrx_word' id='word_1_869' title='bbox 3532 4492 3637 4530; x_wconf 87' lang='lat' dir='ltr'><strong>non</strong></span> 
     </span>
    </p>
   </div>
   <div class='ocr_carea' id='block_1_106' title="bbox 2071 4555 3637 4631">
    <p class='ocr_par' dir='ltr' id='par_1_106' title="bbox 2071 4555 3637 4631">
     <span class='ocr_line' id='line_1_106' title="bbox 2071 4555 3637 4631; baseline 0.007 -21"><span class='ocrx_word' id='word_1_870' title='bbox 2071 4557 2182 4611; x_wconf 87' lang='lat' dir='ltr'><strong>Deo</strong></span> <span class='ocrx_word' id='word_1_871' title='bbox 2224 4571 2242 4609; x_wconf 94' lang='lat'><strong><em>:</em></strong></span> <span class='ocrx_word' id='word_1_872' title='bbox 2291 4555 2396 4611; x_wconf 77' lang='lat' dir='ltr'><strong>diis</strong></span> <span class='ocrx_word' id='word_1_873' title='bbox 2433 4574 2561 4626; x_wconf 84' lang='lat' dir='ltr'><strong>quos</strong></span> <span class='ocrx_word' id='word_1_874' title='bbox 2608 4559 2922 4628; x_wconf 75' lang='lat' dir='ltr'><strong>ignorarunt</strong></span> <span class='ocrx_word' id='word_1_875' title='bbox 2974 4569 3150 4629; x_wconf 78' lang='lat' dir='ltr'><strong>patres</strong></span> <span class='ocrx_word' id='word_1_876' title='bbox 3194 4563 3464 4631; x_wconf 72' lang='lat' dir='ltr'><strong>ipsorum,</strong></span> <span class='ocrx_word' id='word_1_877' title='bbox 3519 4569 3637 4621; x_wconf 79' lang='lat' dir='ltr'><strong>novi</strong></span> 
     </span>
    </p>
   </div>
   <div class='ocr_carea' id='block_1_107' title="bbox 2070 4649 3637 4722">
    <p class='ocr_par' dir='ltr' id='par_1_107' title="bbox 2070 4649 3637 4722">
     <span class='ocr_line' id='line_1_107' title="bbox 2070 4649 3637 4722; baseline 0.007 -20"><span class='ocrx_word' id='word_1_878' title='bbox 2070 4659 2399 4718; x_wconf 75' lang='lat' dir='ltr'><strong>recentesque</strong></span> <span class='ocrx_word' id='word_1_879' title='bbox 2430 4660 2676 4704; x_wconf 69' lang='lat' dir='ltr'><strong>venerunt</strong></span> <span class='ocrx_word' id='word_1_880' title='bbox 2726 4653 2769 4705; x_wconf 65' lang='grc'>⁸.</span> <span class='ocrx_word' id='word_1_881' title='bbox 2806 4649 2863 4705; x_wconf 90' lang='lat' dir='ltr'><strong>Si</strong></span> <span class='ocrx_word' id='word_1_882' title='bbox 2891 4651 3057 4721; x_wconf 81' lang='lat' dir='ltr'><strong>igitur</strong></span> <span class='ocrx_word' id='word_1_883' title='bbox 3081 4654 3226 4722; x_wconf 91' lang='lat' dir='ltr'><strong>quod</strong></span> <span class='ocrx_word' id='word_1_884' title='bbox 3253 4670 3445 4710; x_wconf 90' lang='lat' dir='ltr'><strong>recens</strong></span> <span class='ocrx_word' id='word_1_885' title='bbox 3473 4667 3557 4713; x_wconf 78' lang='lat' dir='ltr'><strong>est</strong></span> <span class='ocrx_word' id='word_1_886' title='bbox 3582 4660 3637 4713; x_wconf 94' lang='lat' dir='ltr'><strong>in</strong></span> 
     </span>
    </p>
   </div>
   <div class='ocr_carea' id='block_1_108' title="bbox 2067 4741 3640 4811">
    <p class='ocr_par' dir='ltr' id='par_1_108' title="bbox 2067 4741 3640 4811">
     <span class='ocr_line' id='line_1_108' title="bbox 2067 4741 3640 4811; baseline 0.006 -16"><span class='ocrx_word' id='word_1_887' title='bbox 2067 4741 2153 4795; x_wconf 93' lang='lat' dir='ltr'><strong>his</strong></span> <span class='ocrx_word' id='word_1_888' title='bbox 2180 4756 2301 4810; x_wconf 72' lang='lat' dir='ltr'><strong>quae</strong></span> <span class='ocrx_word' id='word_1_889' title='bbox 2330 4742 2607 4807; x_wconf 88' lang='lat' dir='ltr'><strong>coluntur,</strong></span> <span class='ocrx_word' id='word_1_890' title='bbox 2638 4743 2942 4796; x_wconf 66' lang='lat' dir='ltr'><strong>daemonum</strong></span> <span class='ocrx_word' id='word_1_891' title='bbox 2967 4751 3053 4798; x_wconf 88' lang='lat' dir='ltr'><strong>est</strong></span> <span class='ocrx_word' id='word_1_892' title='bbox 3085 4745 3318 4811; x_wconf 84' lang='lat' dir='ltr'><strong>cultura,</strong></span> <span class='ocrx_word' id='word_1_893' title='bbox 3358 4755 3413 4801; x_wconf 88' lang='lat' dir='ltr'><strong>et</strong></span> <span class='ocrx_word' id='word_1_894' title='bbox 3458 4763 3489 4801; x_wconf 86' lang='lat' dir='ltr'><strong>a</strong></span> <span class='ocrx_word' id='word_1_895' title='bbox 3512 4765 3640 4805; x_wconf 80' lang='lat' dir='ltr'><strong>vera</strong></span> 
     </span>
    </p>
   </div>
   <div class='ocr_carea' id='block_1_109' title="bbox 2068 4829 3641 4901">
    <p class='ocr_par' dir='ltr' id='par_1_109' title="bbox 2068 4829 3641 4901">
     <span class='ocr_line' id='line_1_109' title="bbox 2068 4829 3641 4901; baseline 0.004 -17"><span class='ocrx_word' id='word_1_896' title='bbox 2068 4829 2274 4885; x_wconf 87' lang='lat' dir='ltr'><strong>Deitate</strong></span> <span class='ocrx_word' id='word_1_897' title='bbox 2320 4831 2556 4885; x_wconf 66' lang='lat' dir='ltr'><strong>alienum</strong></span> <span class='ocrx_word' id='word_1_898' title='bbox 2587 4839 2710 4886; x_wconf 81' lang='lat' dir='ltr'><strong>est:</strong></span> <span class='ocrx_word' id='word_1_899' title='bbox 2757 4831 2903 4901; x_wconf 91' lang='lat' dir='ltr'><strong>quod</strong></span> <span class='ocrx_word' id='word_1_900' title='bbox 2939 4839 3119 4887; x_wconf 85' lang='lat' dir='ltr'><strong>autem</strong></span> <span class='ocrx_word' id='word_1_901' title='bbox 3178 4849 3325 4887; x_wconf 90' lang='lat' dir='ltr'><strong>nunc</strong></span> <span class='ocrx_word' id='word_1_902' title='bbox 3357 4844 3463 4898; x_wconf 86' lang='lat' dir='ltr'><strong>est,</strong></span> <span class='ocrx_word' id='word_1_903' title='bbox 3498 4852 3641 4892; x_wconf 85' lang='lat' dir='ltr'><strong>sem-</strong></span> 
     </span>
    </p>
   </div>
   <div class='ocr_carea' id='block_1_110' title="bbox 2068 4928 3643 4991">
    <p class='ocr_par' dir='ltr' id='par_1_110' title="bbox 2068 4928 3643 4991">
     <span class='ocr_line' id='line_1_110' title="bbox 2068 4928 3643 4991; baseline 0.003 -15"><span class='ocrx_word' id='word_1_904' title='bbox 2068 4937 2165 4991; x_wconf 89' lang='lat' dir='ltr'><strong>per</strong></span> <span class='ocrx_word' id='word_1_905' title='bbox 2191 4928 2369 4975; x_wconf 81' lang='lat' dir='ltr'><strong>autem</strong></span> <span class='ocrx_word' id='word_1_906' title='bbox 2398 4936 2506 4975; x_wconf 91' lang='lat' dir='ltr'><strong>non</strong></span> <span class='ocrx_word' id='word_1_907' title='bbox 2531 4928 2671 4984; x_wconf 89' lang='lat' dir='ltr'><strong>erat,</strong></span> <span class='ocrx_word' id='word_1_908' title='bbox 2691 4936 2886 4976; x_wconf 90' lang='lat' dir='ltr'><strong>recens</strong></span> <span class='ocrx_word' id='word_1_909' title='bbox 2912 4930 2997 4975; x_wconf 75' lang='grc' dir='ltr'><strong>εει</strong></span> <span class='ocrx_word' id='word_1_910' title='bbox 3037 4931 3092 4976; x_wconf 85' lang='grc' dir='ltr'><strong>ει</strong></span> <span class='ocrx_word' id='word_1_911' title='bbox 3114 4936 3220 4976; x_wconf 91' lang='lat' dir='ltr'><strong>non</strong></span> <span class='ocrx_word' id='word_1_912' title='bbox 3245 4930 3504 4978; x_wconf 60' lang='lat' dir='ltr'><strong>aeternum</strong></span> <span class='ocrx_word' id='word_1_913' title='bbox 3522 4940 3643 4981; x_wconf 85' lang='lat' dir='ltr'><strong>:ne-</strong></span> 
     </span>
    </p>
   </div>
   <div class='ocr_carea' id='block_1_111' title="bbox 2071 5010 3641 5085">
    <p class='ocr_par' dir='ltr' id='par_1_111' title="bbox 2071 5010 3641 5085">
     <span class='ocr_line' id='line_1_111' title="bbox 2071 5010 3641 5085; baseline 0.002 -19"><span class='ocrx_word' id='word_1_914' title='bbox 2071 5013 2317 5067; x_wconf 87' lang='lat' dir='ltr'><strong>cessario</strong></span> <span class='ocrx_word' id='word_1_915' title='bbox 2338 5027 2442 5068; x_wconf 89' lang='lat' dir='ltr'><strong>nos</strong></span> <span class='ocrx_word' id='word_1_916' title='bbox 2470 5011 2564 5082; x_wconf 89' lang='lat' dir='ltr'><strong>qui</strong></span> <span class='ocrx_word' id='word_1_917' title='bbox 2593 5012 2646 5067; x_wconf 92' lang='lat' dir='ltr'><strong>id</strong></span> <span class='ocrx_word' id='word_1_918' title='bbox 2661 5010 2809 5081; x_wconf 93' lang='lat' dir='ltr'><strong>quod</strong></span> <span class='ocrx_word' id='word_1_919' title='bbox 2838 5020 2923 5067; x_wconf 90' lang='lat' dir='ltr'><strong>est</strong></span> <span class='ocrx_word' id='word_1_920' title='bbox 2953 5014 3247 5077; x_wconf 89' lang='lat' dir='ltr'><strong>intuemur,</strong></span> <span class='ocrx_word' id='word_1_921' title='bbox 3267 5028 3363 5069; x_wconf 92' lang='lat' dir='ltr'><strong>eos</strong></span> <span class='ocrx_word' id='word_1_922' title='bbox 3384 5016 3474 5084; x_wconf 93' lang='lat' dir='ltr'><strong>qui</strong></span> <span class='ocrx_word' id='word_1_923' title='bbox 3494 5017 3641 5085; x_wconf 89' lang='lat' dir='ltr'><strong>quod</strong></span> 
     </span>
    </p>
   </div>
   <div class='ocr_carea' id='block_1_112' title="bbox 2072 5104 3644 5174">
    <p class='ocr_par' dir='ltr' id='par_1_112' title="bbox 2072 5104 3644 5174">
     <span class='ocr_line' id='line_1_112' title="bbox 2072 5104 3644 5174; baseline 0.003 -16"><span class='ocrx_word' id='word_1_924' title='bbox 2072 5119 2182 5158; x_wconf 90' lang='lat' dir='ltr'><strong>non</strong></span> <span class='ocrx_word' id='word_1_925' title='bbox 2206 5110 2289 5158; x_wconf 89' lang='lat' dir='ltr'><strong>est</strong></span> <span class='ocrx_word' id='word_1_926' title='bbox 2336 5119 2459 5158; x_wconf 91' lang='lat' dir='ltr'><strong>cum</strong></span> <span class='ocrx_word' id='word_1_927' title='bbox 2484 5118 2550 5159; x_wconf 92' lang='lat' dir='ltr'><strong>eo</strong></span> <span class='ocrx_word' id='word_1_928' title='bbox 2601 5104 2743 5173; x_wconf 90' lang='lat' dir='ltr'><strong>quod</strong></span> <span class='ocrx_word' id='word_1_929' title='bbox 2771 5110 2852 5158; x_wconf 88' lang='lat' dir='ltr'><strong>est</strong></span> <span class='ocrx_word' id='word_1_930' title='bbox 2884 5105 3341 5174; x_wconf 88' lang='lat' dir='ltr'><strong>contemplantur,</strong></span> <span class='ocrx_word' id='word_1_931' title='bbox 3377 5115 3431 5159; x_wconf 90' lang='lat' dir='ltr'><strong>et</strong></span> <span class='ocrx_word' id='word_1_932' title='bbox 3451 5106 3644 5163; x_wconf 89' lang='lat' dir='ltr'><strong>dicunt</strong></span> 
     </span>
    </p>
   </div>
   <div class='ocr_carea' id='block_1_113' title="bbox 2072 5192 3643 5265">
    <p class='ocr_par' dir='ltr' id='par_1_113' title="bbox 2072 5192 3643 5265">
     <span class='ocr_line' id='line_1_113' title="bbox 2072 5192 3643 5265; baseline 0.001 -16"><span class='ocrx_word' id='word_1_933' title='bbox 2072 5194 2218 5264; x_wconf 92' lang='lat' dir='ltr'><strong>quod</strong></span> <span class='ocrx_word' id='word_1_934' title='bbox 2262 5192 2541 5265; x_wconf 86' lang='lat' dir='ltr'><strong>quondam</strong></span> <span class='ocrx_word' id='word_1_935' title='bbox 2577 5208 2688 5247; x_wconf 92' lang='lat' dir='ltr'><strong>non</strong></span> <span class='ocrx_word' id='word_1_936' title='bbox 2723 5201 2863 5255; x_wconf 86' lang='lat' dir='ltr'><strong>erat,</strong></span> <span class='ocrx_word' id='word_1_937' title='bbox 2910 5192 3177 5247; x_wconf 90' lang='lat' dir='ltr'><strong>idolorum</strong></span> <span class='ocrx_word' id='word_1_938' title='bbox 3204 5194 3505 5250; x_wconf 82' lang='lat' dir='ltr'><strong>cultoribus</strong></span> <span class='ocrx_word' id='word_1_939' title='bbox 3544 5212 3643 5251; x_wconf 88' lang='lat' dir='ltr'><strong>an-</strong></span> 
     </span>
    </p>
   </div>
   <div class='ocr_carea' id='block_1_114' title="bbox 2076 5282 3641 5355">
    <p class='ocr_par' dir='ltr' id='par_1_114' title="bbox 2076 5282 3641 5355">
     <span class='ocr_line' id='line_1_114' title="bbox 2076 5282 3641 5355; baseline -0.001 -14"><span class='ocrx_word' id='word_1_940' title='bbox 2076 5300 2454 5341; x_wconf 86' lang='lat' dir='ltr'><strong>numeramus.</strong></span> <span class='ocrx_word' id='word_1_941' title='bbox 2496 5283 2708 5339; x_wconf 89' lang='lat' dir='ltr'><strong>Etenim</strong></span> <span class='ocrx_word' id='word_1_942' title='bbox 2751 5299 2980 5354; x_wconf 80' lang='lat' dir='ltr'><strong>magnus</strong></span> <span class='ocrx_word' id='word_1_943' title='bbox 3017 5282 3257 5339; x_wconf 84' lang='lat' dir='ltr'><strong>Joannes</strong></span> <span class='ocrx_word' id='word_1_944' title='bbox 3302 5286 3641 5355; x_wconf 81' lang='lat' dir='ltr'><strong>unigenitum</strong></span> 
     </span>
    </p>
   </div>
   <div class='ocr_carea' id='block_1_115' title="bbox 2077 5376 3643 5447">
    <p class='ocr_par' dir='ltr' id='par_1_115' title="bbox 2077 5376 3643 5447">
     <span class='ocr_line' id='line_1_115' title="bbox 2077 5376 3643 5447; baseline 0.001 -16"><span class='ocrx_word' id='word_1_945' title='bbox 2077 5378 2249 5433; x_wconf 88' lang='lat' dir='ltr'><strong>Deum</strong></span> <span class='ocrx_word' id='word_1_946' title='bbox 2275 5391 2376 5433; x_wconf 89' lang='lat' dir='ltr'><strong>suo</strong></span> <span class='ocrx_word' id='word_1_947' title='bbox 2406 5376 2699 5447; x_wconf 69' lang='lat' dir='ltr'><strong>praeconio</strong></span> <span class='ocrx_word' id='word_1_948' title='bbox 2761 5377 3118 5439; x_wconf 86' lang='lat' dir='ltr'><strong>annuntians,</strong></span> <span class='ocrx_word' id='word_1_949' title='bbox 3176 5392 3338 5432; x_wconf 90' lang='lat' dir='ltr'><strong>suum</strong></span> <span class='ocrx_word' id='word_1_950' title='bbox 3387 5380 3643 5433; x_wconf 83' lang='lat' dir='ltr'><strong>omnibus</strong></span> 
     </span>
    </p>
   </div>
   <div class='ocr_carea' id='block_1_116' title="bbox 2079 5467 3647 5536">
    <p class='ocr_par' dir='ltr' id='par_1_116' title="bbox 2079 5467 3647 5536">
     <span class='ocr_line' id='line_1_116' title="bbox 2079 5467 3647 5536; baseline 0 -13"><span class='ocrx_word' id='word_1_951' title='bbox 2079 5467 2259 5523; x_wconf 86' lang='lat' dir='ltr'><strong>modis</strong></span> <span class='ocrx_word' id='word_1_952' title='bbox 2285 5467 2573 5536; x_wconf 63' lang='lat' dir='ltr'><strong>praemuniit</strong></span> <span class='ocrx_word' id='word_1_953' title='bbox 2603 5480 2937 5530; x_wconf 89' lang='lat' dir='ltr'><strong>sermonem,</strong></span> <span class='ocrx_word' id='word_1_954' title='bbox 2963 5474 3024 5520; x_wconf 89' lang='grc' dir='ltr'><strong>ιιι</strong></span> <span class='ocrx_word' id='word_1_955' title='bbox 3056 5467 3241 5523; x_wconf 91' lang='lat' dir='ltr'><strong>nullus</strong></span> <span class='ocrx_word' id='word_1_956' title='bbox 3268 5467 3341 5521; x_wconf 92' lang='lat' dir='ltr'><strong>sit</strong></span> <span class='ocrx_word' id='word_1_957' title='bbox 3369 5468 3553 5523; x_wconf 79' lang='lat' dir='ltr'><strong>aditus</strong></span> <span class='ocrx_word' id='word_1_958' title='bbox 3577 5468 3647 5523; x_wconf 82' lang='lat' dir='ltr'><strong>ad</strong></span> 
     </span>
    </p>
   </div>
   <div class='ocr_carea' id='block_1_117' title="bbox 2083 5556 3646 5628">
    <p class='ocr_par' dir='ltr' id='par_1_117' title="bbox 2083 5556 3646 5628">
     <span class='ocr_line' id='line_1_117' title="bbox 2083 5556 3646 5628; baseline 0.001 -16"><span class='ocrx_word' id='word_1_959' title='bbox 2083 5557 2392 5628; x_wconf 90' lang='lat' dir='ltr'><strong>opinionem</strong></span> <span class='ocrx_word' id='word_1_960' title='bbox 2418 5556 2829 5626; x_wconf 89' lang='lat' dir='ltr'><strong>concipiendam</strong></span> <span class='ocrx_word' id='word_1_961' title='bbox 2852 5564 3044 5612; x_wconf 88' lang='lat' dir='ltr'><strong>contra</strong></span> <span class='ocrx_word' id='word_1_962' title='bbox 3085 5557 3136 5611; x_wconf 92' lang='lat' dir='ltr'><strong>id</strong></span> <span class='ocrx_word' id='word_1_963' title='bbox 3168 5561 3310 5627; x_wconf 88' lang='lat' dir='ltr'><strong>quod</strong></span> <span class='ocrx_word' id='word_1_964' title='bbox 3343 5567 3426 5613; x_wconf 86' lang='lat' dir='ltr'><strong>est</strong></span> <span class='ocrx_word' id='word_1_965' title='bbox 3469 5560 3646 5628; x_wconf 88' lang='lat' dir='ltr'><strong>ipsum</strong></span> 
     </span>
    </p>
   </div>
   <div class='ocr_carea' id='block_1_118' title="bbox 2076 5646 3645 5722">
    <p class='ocr_par' dir='ltr' id='par_1_118' title="bbox 2076 5646 3645 5722">
     <span class='ocr_line' id='line_1_118' title="bbox 2076 5646 3645 5722; baseline -0.001 -17"><span class='ocrx_word' id='word_1_966' title='bbox 2076 5664 2188 5705; x_wconf 89' lang='lat' dir='ltr'><strong>non</strong></span> <span class='ocrx_word' id='word_1_967' title='bbox 2219 5647 2515 5719; x_wconf 84' lang='lat' dir='ltr'><strong>aliquando</strong></span> <span class='ocrx_word' id='word_1_968' title='bbox 2543 5646 2745 5705; x_wconf 81' lang='lat' dir='ltr'><strong>fuisse:</strong></span> <span class='ocrx_word' id='word_1_969' title='bbox 2776 5648 3097 5717; x_wconf 87' lang='lat' dir='ltr'><strong>diciteuim,</strong></span> <span class='ocrx_word' id='word_1_970' title='bbox 3128 5650 3186 5705; x_wconf 91' lang='lat' dir='ltr'><strong>In</strong></span> <span class='ocrx_word' id='word_1_971' title='bbox 3221 5650 3645 5722; x_wconf 85' lang='lat' dir='ltr'><strong>principiocrat,</strong></span> 
     </span>
    </p>
   </div>
   <div class='ocr_carea' id='block_1_119' title="bbox 2087 5828 2629 5898">
    <p class='ocr_par' dir='ltr' id='par_1_119' title="bbox 2087 5828 2629 5898">
     <span class='ocr_line' id='line_1_119' title="bbox 2087 5828 2629 5898; baseline 0.013 -16"><span class='ocrx_word' id='word_1_972' title='bbox 2087 5830 2109 5862; x_wconf 73' lang='grc' dir='ltr'>δ</span> <span class='ocrx_word' id='word_1_973' title='bbox 2144 5828 2302 5887; x_wconf 82' lang='lat' dir='ltr'><strong>Deut.</strong></span> <span class='ocrx_word' id='word_1_974' title='bbox 2334 5845 2511 5898; x_wconf 72' lang='lat' dir='ltr'><strong>xxx&quot;,</strong></span> <span class='ocrx_word' id='word_1_975' title='bbox 2540 5832 2629 5889; x_wconf 78' lang='lat' dir='ltr'><strong>l7.</strong></span> 
     </span>
    </p>
   </div>
  </div>
