4142 6374
483 463 583 518 ΠΙ

1723 451 1779 505 S.
1807 447 2133 505 GREGORII
2173 445 2461 501 NYSSENI

3623 442 3726 497 ΠΩ

478 591 535 633 et
563 574 705 648 apud
739 573 905 629 Deum
936 578 1076 634 erat,
1109 579 1164 625 et
1209 569 1352 624 Deus
1394 574 1536 627 erat.
1567 573 1622 620 et
1656 567 1747 618 lux
1819 573 1938 619 erat
1959 603 1975 626 ,
2001 571 2053 618 et

2158 560 2267 614 θῶν
2294 562 2354 614 τὸ
2376 561 2649 631 πλήρωμα
2681 559 2774 623 ὢν,
2801 560 2894 614 καὶ
2924 561 2980 612 tv
3007 560 3118 623 τοῖς
3140 558 3361 620 κόλποις
3385 556 3478 611 τοῦ
3511 558 3724 629 Πατρδς

482 674 588 727 vita
619 678 674 724 et
695 668 919 729 veritas,
940 675 995 720 et
1019 663 1202 718 omnia
1233 662 1373 715 bona
1406 674 1620 728 semper
1650 669 1767 711 erat
1803 659 1854 710 δε
1889 669 1942 710 ει
1969 657 2051 709 ni-

481 761 556 815 hil
586 772 827 828 unquam
874 753 1177 825 quidquam
1211 751 1480 804 bonorum
1518 755 1788 807 nouerat,
1829 745 1921 813 qui
1969 752 2051 797 est

481 853 723 908 omnium
769 851 1036 905 bonorum
1067 843 1370 914 plenitudo,
1405 852 1458 894 et
1506 839 1560 892 in
1613 838 1825 894 sinibus
1855 832 2046 888 Patris.

483 947 542 1001 Si
605 945 772 1015 igitur
819 940 1000 994 Moses
1031 937 1182 992 velut
1215 950 1359 989 verae
1396 931 1623 986 Deitatis
1677 929 2046 985 characterem

483 1038 718 1106 aliquem
753 1032 910 1087 nobis
928 1032 1043 1098 lege
1064 1027 1268 1089 sanxit,
1300 1024 1434 1079 nihil
1463 1035 1654 1090 nempe
1682 1019 1827 1073 aliud
1850 1019 1916 1073 de
1940 1017 2049 1071 Deo

480 1140 812 1198 cognoscere
854 1136 1017 1192 quam
1049 1120 1152 1173 hoc
1177 1118 1352 1173 solum
1398 1113 1546 1184 quod
1584 1121 1710 1168 est:
1755 1111 1858 1166 hoc
1902 1113 2045 1165 enim

481 1221 846 1278 demonstrat,
874 1213 986 1283 Ego
1019 1226 1135 1264 sum
1165 1207 1253 1279 qui
1299 1223 1416 1260 sum
1467 1205 1506 1257 ‘.
1532 1205 1704 1260 Isaias
1736 1210 1916 1257 autem
1944 1217 2046 1254 un-

482 1309 647 1378 dique
677 1305 999 1360 inﬁnitatem
1031 1300 1173 1356 entis
1203 1312 1305 1353 suo
1351 1294 1631 1367 praeconio
1683 1291 2045 1364 pronuntiat,

481 1415 659 1470 neque
689 1400 742 1452 in
776 1394 1063 1466 principio,
1097 1405 1278 1460 neque
1299 1389 1353 1443 in
1389 1390 1494 1442 ﬁne
1522 1401 1621 1441 ens
1653 1385 1708 1439 in
1761 1385 1873 1441 Deo
1904 1382 2045 1439 litui-

481 1500 654 1545 tatum
685 1499 737 1544 et
767 1487 1046 1542 delinitum
1070 1484 1310 1537 intuens.
1351 1479 1487 1533 Nam
1522 1491 1646 1532 cum
1701 1474 1834 1527 dixit
1867 1490 1880 1526 :
1935 1470 2047 1542 Ego

481 1586 682 1653 primus
710 1589 758 1634 et
786 1595 878 1649 ego
909 1583 1025 1646 post
1054 1574 1163 1628 haec
1215 1573 1259 1637 τ,
1289 1571 1345 1626 in
1381 1576 1574 1624 neutro
1599 1563 1914 1620 aeternitatis
1949 1571 2051 1617 ter-

480 1675 690 1729 minum
726 1669 938 1727 statuit.
969 1669 1044 1722 Ita
1080 1675 1139 1721 ut
1160 1677 1338 1734 neque
1365 1661 1430 1716 ad
1459 1659 1786 1732 principium
1817 1670 2050 1711 cernen-

481 1778 585 1831 tes,
626 1763 967 1818 inveniamus
995 1757 1210 1828 signum
1247 1753 1463 1824 aliquod
1486 1767 1516 1804 a
1543 1765 1652 1820 quo
1697 1764 1819 1804 esse
1868 1761 2050 1814 crepe-

484 1857 573 1919 rit,
601 1864 654 1908 et
685 1861 807 1923 post
825 1849 968 1920 quod
1001 1863 1112 1902 nou
1132 1854 1251 1902 erat
1277 1865 1288 1900 :
1328 1859 1506 1911 neque
1533 1842 1600 1895 ad
1631 1839 1682 1892 id
1714 1836 1860 1908 quod
1889 1837 2047 1891 dein-

2155 651 2248 704 ῶν.
2293 652 2352 703 Εἰ
2386 653 2563 704 τοίνυν
2595 651 2792 721 Μωσῆς
2827 651 2924 721 μὲν
2964 645 3075 704 οἷόν
3104 667 3226 702 τινα
3273 651 3591 720 χαρακτῆρα
3623 649 3726 719 τῆς

2155 742 2410 813 ἀληθινῆς
2457 742 2718 812 Θεότητος
2767 745 2897 813 ἡμῖν
2947 741 3245 811 νομοθετεῖ,
3280 741 3340 794 τὸ
3391 741 3553 811 μηδὲν
3598 740 3726 795 ἄλλο

2158 837 2285 905 περὶ
2310 835 2445 886 Θεοῦ
2479 835 2787 902 γινώσκειν,
2822 834 2854 904 ἢ
2883 833 3039 886 τοῦτο
3080 834 3236 904 μόνον
3272 833 3354 886 ὅτι
3383 831 3517 884 ἐστι.
3557 831 3724 884 Τοῦτο

2155 927 2262 996 γάρ
2303 926 2634 980 ἐνδείκνυται
2673 925 2914 996 regem
2937 927 3051 995 εἰμι
3096 928 3128 980 ό
3165 924 3269 977 ὢν.
3322 924 3548 986 Ἡσαΐας
3579 921 3635 974 δὲ
3664 922 3725 975 τὸ

2157 1017 2494 1088 πανταχόθεν
2531 1019 2776 1086 ἀόριστον
2813 1017 2906 1070 τοῦ
2943 1017 3092 1079 ὄντος
3133 1015 3231 1086 βοᾷ.
3263 1015 3338 1085 τῷ
3376 1013 3722 1084 κηρύγματι,

2157 1111 2295 1180 μήτε
2327 1109 2394 1162 δι’
2432 1110 2638 1180 ἀρχῆς,
2678 1110 2813 1179 μήτε
2857 1109 2946 1163 διά
2986 1107 3171 1170 τέλους
3203 1106 3413 1177 βλέπων
3454 1105 3514 1158 τὸ
3544 1104 3601 1158 ὃν
3631 1103 3722 1156 ἐπὶ

2152 1198 2246 1252 τοῦ
2277 1199 2410 1253 Θεοῦ
2440 1198 2770 1270 ὁριζόμενον.
2789 1199 2847 1252 '0
2872 1199 2979 1271 γὰρ
3001 1197 3188 1263 εἰπὼν,
3214 1198 3295 1250 ὅτι
3332 1196 3478 1266 Ἐγὼ
3493 1195 3723 1264 πρῶτος

2153 1291 2252 1344 καὶ
2280 1293 2430 1359 μετὰ
2459 1291 2643 1345 ταῦτα
2662 1332 2676 1356 ,
2713 1293 2771 1345 ἐν
2798 1291 3068 1363 ούθετὲρῳ
3094 1291 3183 1344 τὸν
3210 1291 3334 1361 ὅρον
3361 1291 3460 1360 τῆς
3489 1288 3724 1357 ἀῖδιότη·

2151 1398 2244 1445 τος
2274 1381 2505 1452 ἵστησιν·
2530 1382 2605 1446 ὡς
2639 1384 2778 1452 μήτε
2805 1383 2940 1454 πρὸς
2961 1385 3060 1454 τὴν
3081 1382 3252 1454 ἀρχὴν
3281 1381 3524 1452 ὁρῶντας
3543 1380 3723 1450 εὑρεῖν

2153 1491 2207 1526 τι
2239 1476 2466 1543 σημεῖον
2511 1474 2602 1541 ἀφ’
2649 1467 2711 1526 οῦ
2749 1475 2901 1538 ἐστι,
2939 1477 3032 1526 καὶ
3080 1472 3195 1544 μεθ’
3231 1469 3290 1526 οῦ
3322 1471 3419 1524 οὐκ
3457 1467 3547 1542 ἦν,
3586 1471 3721 1541 μήτε

2156 1565 2293 1637 πρὸς
2338 1566 2399 1618 τὸ
2445 1566 2641 1636 ἑφεξῆς
2681 1567 2780 1638 τὴν
2819 1566 3056 1620 διάνοιαν
3107 1565 3436 1632 ἀνάγοντας,
3463 1564 3574 1633 ὅρῳ
3617 1560 3723 1615 τινὶ

2155 1656 2462 1709 διακόπτειν
2495 1655 2586 1709 τοῦ
2611 1655 2761 1720 δντος
2795 1656 2893 1727 τὴν
2932 1655 3023 1708 ἐπὶ
3049 1657 3110 1708 τὸ
3141 1655 3308 1708 ἀΐδιον
3343 1653 3594 1724 πρόοδον⁶
3628 1650 3721 1705 τοῦ

2154 1747 2211 1802 δὲ
2237 1749 2512 1820 προφήτου
2545 1748 2708 1802 Δαόὶδ
2738 1748 3044 1820 πρόσφατόν
3073 1764 3124 1800 τι
3154 1749 3244 1800 καὶ
3288 1746 3565 1817 ἀλλότριον
3601 1743 3723 1797 θεὸν

2160 1839 2580 1910 προσκυνεῖσθαι
2608 1841 3039 1911 ἀπαγορεύοντος
3061 1881 3073 1900 ,
3109 1832 3184 1892 ὧν
3221 1838 3481 1909 ἑκάτερον
3511 1837 3567 1890 tv
3614 1835 3722 1896 τοῖς

483 1960 609 2014 ceps
643 1920 892 2012 sequitur
935 1937 1352 2007 intelligentiam
1394 1932 1751 2003 appellentes,
1817 1929 2050 1982 termino

2155 1933 2410 2001 δόγμασιν
2433 1934 2548 1986 ἐστι
2574 1933 2673 2002 τῆς
2705 1933 2984 2004 αἱρέσεως.
3029 1933 3116 1984 ’Ev
3149 1933 3245 2002 μὲν
3269 1930 3347 2001 τῷ
3372 1929 3444 2000 μὴ
3473 1927 3626 1999 ἀϊδίῳ
3661 1920 3723 1979 τὸ

483 2034 668 2104 aliquo
697 2032 816 2102 ejus
860 2029 1006 2100 quod
1048 2036 1133 2082 est
1179 2025 1573 2081 intercidamus
1629 2035 1942 2093 processum
1995 2017 2050 2072 in

479 2136 759 2183 internum.
808 2123 942 2179 Cum
962 2119 1265 2192 praesertim
1295 2116 1462 2170 David
1491 2116 1753 2184 propheta
1777 2119 2050 2166 recentem

2159 2023 2491 2093 πρόσφατον,
2541 2025 2596 2077 ἐν
2621 2023 2677 2075 δὲ
2706 2023 2783 2093 τῷ
2808 2025 2905 2093 τῆς
2930 2022 3022 2075 τοῦ
3050 2021 3304 2094 ἀληθινοῦ
3338 2020 3472 2074 Θεοῦ
3509 2018 3724 2086 φύσεως

2159 2112 2548 2179 ἀπεξενῶσθαι,
2577 2115 2636 2168 τὸ
2655 2115 2931 2186 ἀλλότριον
2959 2115 3140 2184 σαφῶς
3174 2113 3550 2167 ἐπιδείκνυται.

480 2233 538 2278 et
551 2222 785 2276 alienum
824 2217 982 2271 deum
1003 2213 1228 2267 adorare
1255 2218 1399 2264 vetet
1427 2209 1482 2263 οε
1512 2209 1564 2261 in
1584 2221 1812 2276 quorum
1835 2219 2124 2273 utrumque
2140 2206 2445 2277 impingunt
2461 2208 2731 2263 haereseos
2749 2208 3021 2278 dogmata.
3046 2205 3177 2259 Nam
3199 2205 3252 2260 in
3268 2221 3332 2260 eo
3349 2203 3492 2274 quod
3510 2203 3720 2265 dicunt,

483 2329 592 2369 non
633 2327 756 2367 esse
781 2319 1066 2370 teternum,
1104 2314 1373 2360 recentem
1398 2338 1414 2367 ,
1451 2303 1506 2356 in
1535 2315 1600 2356 eo
1634 2298 1778 2370 quod
1811 2306 2054 2352 anatura
2073 2301 2184 2353 veri
2240 2300 2332 2355 Dei
2381 2301 2788 2365 abhorrentem,
2838 2301 3076 2354 alienum
3111 2309 3297 2370 aperte
3322 2299 3722 2354 demonstrant.

555 2405 678 2459 llaec
704 2404 869 2473 igitur
884 2416 1008 2455 cum
1039 2400 1111 2452 ita
1139 2413 1198 2453 se
1224 2396 1482 2458 habeant,
1501 2390 1765 2462 quidquid
1791 2388 2062 2460 ejusmodi

483 2514 580 2569 per
621 2496 846 2550 cavillos
891 2497 1246 2563 prasstruuut,
1290 2485 1434 2556 quod
1471 2483 1724 2538 videlicet
1767 2480 2060 2550 aliquando

484 2608 594 2647 non
625 2589 789 2644 fuerit
816 2587 906 2642 ille
934 2585 1028 2654 qui
1058 2598 1188 2637 vere
1213 2589 1317 2641 est,
1349 2579 1482 2632 nihil
1507 2576 1655 2630 aliud
1688 2589 1853 2646 quam
1881 2581 2063 2626 trans-

481 2685 820 2756 gressionem
850 2674 1286 2737 Cltristianismi,
1318 2682 1370 2727 et
1392 2671 1460 2724 ad
1495 2670 1762 2724 idolorum
1787 2666 2058 2720 culturam

484 2776 849 2830 reversionem
874 2782 999 2823 esse
1019 2765 1332 2821 delinimus.
1367 2760 1504 2815 Cum
1536 2759 1682 2813 enim
1721 2756 2059 2825 evangelista

484 2881 581 2938 per
608 2861 939 2931 theologiam
974 2856 1215 2926 undique
1250 2869 1316 2908 ex
1355 2868 1420 2906 eo
1448 2849 1591 2921 quod
1620 2855 1727 2912 est,
1758 2847 1905 2918 quod
1942 2860 2051 2900 non

482 2967 568 3014 est
615 2950 1014 3015 exterminarit,
1075 2959 1129 3003 et
1177 2961 1274 3017 per
1326 2943 1642 2999 continuam
1688 2939 1866 3002 verbi,
1913 2949 2048 3000 erat,

484 3048 886 3121 repetitionem,
917 3041 1060 3114 quod
1094 3055 1203 3095 non
1238 3038 1331 3101 sit,
1357 3033 1673 3106 suspicandi
1701 3031 2050 3087 occasionem

483 3139 771 3211 diligenter
816 3131 1164 3204 expunrerit,
1201 3130 1383 3200 ipsum
1431 3140 1560 3181 vero
1594 3122 1973 3194 Unigenitutn,
1997 3129 2053 3176 et

486 3231 677 3297 Deum,
723 3234 777 3281 et
808 3225 1045 3280 Verbum
1085 3222 1198 3283 Dei,
1237 3229 1290 3274 ct
1330 3217 1527 3271 Filium
1560 3215 1674 3277 Dei,
1705 3221 1758 3268 et
1789 3212 2048 3282 aequalem
2081 3260 2127 3322 C

484 3325 618 3389 Deo,
651 3332 705 3379 et
734 3321 914 3377 omnia
951 3333 1074 3389 qua:
1099 3321 1228 3371 sunt
1271 3309 1589 3382 ltujustuodi
1637 3308 1836 3376 ubique
1876 3304 2054 3359 nomi-

487 3415 719 3481 naverit,
764 3413 981 3468 ﬁrmum
1014 3409 1281 3463 habemus
1331 3405 1436 3458 hoc
1482 3404 1536 3457 in
1569 3399 1866 3468 nobisipsis
1902 3397 2055 3467 judi-

484 3511 630 3564 cium
662 3515 825 3575 atque
857 3500 1215 3561 immutabile,
1252 3495 1398 3567 quod
1446 3495 1493 3549 si
1525 3492 1668 3547 Deus
1701 3499 1784 3546 est
1813 3490 2057 3559 unigenio

484 3611 578 3658 tus
611 3600 776 3662 Deus,
806 3609 1020 3664 semper
1048 3591 1381 3647 credendum
1413 3595 1497 3643 est
1528 3586 1709 3656 ipsum
1737 3599 1861 3639 esse
1882 3581 2053 3637 Deutn

485 3695 580 3764 qui
615 3690 859 3747 creditus
891 3694 993 3742 est.
1026 3683 1339 3750 Quinetiam
1377 3679 1422 3735 si
1445 3694 1571 3734 vere
1595 3686 1678 3734 est
1714 3676 1878 3741 Deus,
1905 3690 2054 3730 sem-

487 3801 582 3858 per
613 3783 837 3838 omnino
867 3789 969 3842 est,
1001 3787 1055 3832 et
1084 3787 1362 3844 nunquam
1395 3785 1502 3824 tton
1543 3784 1667 3824 esse
1693 3765 2054 3836 compreltena

485 3881 654 3933 ditur.
713 3874 853 3929 Deus
898 3871 1066 3932 enim,
1122 3867 1266 3922 sicut
1313 3878 1457 3934 saepe
1508 3860 1770 3925 diximus,
1814 3859 1859 3914 si
1905 3870 2052 3911 nunc

483 3977 589 4033 est,
643 3976 697 4023 et
743 3977 961 4033 semper
1006 3960 1231 4016 omnino
1281 3957 1382 4010 fuit
1421 3952 1616 4024 :quod
1661 3952 1708 4007 si
1756 3949 2054 4020 aliquando

484 4077 590 4119 non
624 4058 749 4123 fuit,
781 4056 916 4110 nihil
955 4067 1104 4108 nunc
1131 4058 1213 4106 est
1239 4047 1506 4103 funditus.
1543 4045 1649 4100 Sed
1675 4043 1932 4114 quoniam
1965 4038 2056 4093 Εἰς

486 4153 616 4206 lium
646 4163 770 4205 esse
809 4144 1148 4215 unigenitum
1185 4139 1350 4193 Deum
1385 4145 1437 4192 et
1481 4137 1533 4190 in
1581 4141 1898 4204 perpetuum
1931 4146 2057 4202 per—

485 4257 731 4304 manere,
780 4238 941 4294 etiam
985 4225 1057 4289 ab
1103 4231 1347 4286 inimicis
1389 4226 1636 4282 veritatis
1685 4223 2052 4280 conceditur:

487 4336 593 4390 hoc
638 4332 873 4387 dicimus
906 4326 1052 4398 quod
1087 4324 1182 4394 qui
1225 4335 1444 4390 semper
1476 4328 1560 4374 est
1603 4320 1658 4372 in
1707 4315 1891 4379 Patre,
1944 4329 2055 4368 non

485 4424 788 4484 secundum
825 4435 993 4474 unum
1038 4418 1214 4472 solum
1247 4423 1331 4469 est
1363 4416 1414 4466 itt
1449 4412 1590 4482 ipso,
1627 4409 1723 4464 sed
1751 4406 2052 4462 secundum

485 4519 670 4573 ontnia
699 4529 820 4585 quae
847 4513 1008 4567 Pater
1035 4524 1158 4564 esse
1180 4505 1521 4575 intelligitur,
1556 4516 1650 4572 per
1677 4501 1860 4555 omnia
1891 4499 2052 4553 estin

491 4613 630 4680 ipso.
665 4601 1138 4673 Quemadmodum
1171 4598 1337 4668 igitur
1367 4597 1415 4651 is
1439 4596 1529 4666 qui
1562 4595 1614 4647 in
1642 4592 2054 4660 incorruptione

488 4700 666 4755 Patris
705 4704 814 4759 est,
857 4689 1295 4760 incorruptibilis
1357 4696 1442 4743 est
1489 4694 1542 4740 et
1588 4684 1642 4737 in
1672 4683 1920 4736 bonitate
1954 4681 2052 4734 ho-

484 4808 612 4855 nus,
645 4797 701 4845 et
744 4789 798 4841 in
845 4790 1115 4855 potestate
1160 4788 1374 4848 potens,
1407 4785 1461 4832 et
1511 4777 1567 4829 iu
1597 4789 1815 4844 quoque
1863 4785 2054 4826 eorum

485 4895 607 4955 qua:
637 4875 1020 4949 praestantiora
1052 4872 1106 4926 in
1138 4868 1298 4923 Patre
1324 4866 1725 4936 intelliguntur,
1759 4861 1892 4916 illud
1921 4869 2006 4916 est
2036 4876 2049 4911 :

487 4953 570 5029 sic
621 4971 785 5026 etiam
832 4967 927 5037 qui
979 4966 1032 5019 in
1092 4962 1398 5018 aeternitate
1450 4957 1628 5013 Patris
1668 4964 1771 5022 est,
1830 4953 2054 5010 ontnino

484 5072 725 5120 aeternus
774 5067 880 5113 est.
922 5056 1101 5110 Patris
1146 5061 1326 5108 autem
1371 5050 1652 5106 aeternitas
1686 5046 1814 5102 inde
1862 5045 2054 5117 digno-

487 5155 683 5215 scitur,
717 5148 864 5218 quod
897 5146 1149 5202 videlicet
1184 5159 1361 5212 neque
1400 5158 1462 5196 ex
1498 5157 1606 5195 non
1639 5147 1761 5194 ente
1802 5139 2052 5208 coeperit,

485 5259 662 5314 neque
713 5242 769 5297 itt
807 5240 859 5295 id
905 5237 1052 5309 quod
1105 5246 1325 5290 nonest
1365 5233 1597 5287 desinat.
1639 5229 1778 5299 Ergo
1821 5229 1912 5283 ille
1960 5227 2054 5297 qui

484 5337 668 5392 omnia
697 5350 818 5405 quae
845 5340 974 5387 sunt
1001 5330 1178 5384 Patris
1215 5328 1397 5388 habet,
1429 5334 1594 5395 atque
1624 5324 1677 5376 in
1705 5322 1853 5376 omni
1881 5321 2053 5392 gloria

483 5424 665 5481 Patris
715 5421 1122 5482 consideratur,
1167 5413 1627 5488 quemadmodum
1670 5412 1945 5467 exsistens
1996 5415 2051 5464 in

485 5515 596 5568 vita
626 5513 806 5567 Patris
833 5511 936 5565 line
962 5508 1225 5570 carentis,
1253 5507 1412 5560 linem
1443 5505 1567 5558 vita:
1603 5519 1710 5556 ttou
1736 5503 1898 5556 habet
1930 5520 1942 5554 :
1973 5503 2053 5556 sic

485 5609 540 5664 ιιι
576 5607 736 5662 Patre
763 5605 1030 5673 originem
1060 5616 1166 5656 non
1192 5599 1449 5660 habente,
1476 5596 1687 5651 dierum
1723 5595 2049 5665 principium

485 5717 593 5756 non
624 5699 804 5762 habet,
839 5696 984 5753 sicut
1011 5693 1186 5764 inquit
1217 5691 1512 5763 Apostolus
1557 5691 1602 5752 ’,
1637 5688 1733 5744 sed
1764 5697 1818 5742 et
1853 5704 1916 5742 ex
1951 5687 2052 5741 Pa-

551 5860 574 5893 '
610 5857 747 5915 Joan
779 5859 816 5924 i,
854 5856 880 5912 ι
937 5872 1057 5925 sqq.
1134 5854 1156 5886 ⁸
1185 5852 1351 5909 Exod.
1388 5869 1474 5920 ttt,
1517 5852 1596 5908 Η.

2230 2391 2448 2446 Τούτων
2493 2390 2586 2448 οῦν
2627 2393 2801 2458 οὕτως
2845 2393 3096 2464 ἑχόντων,
3138 2394 3317 2446 πᾶσαν
3351 2391 3448 2462 τὴν
3493 2390 3581 2443 διά
3618 2389 3724 2443 τῶν

2159 2484 2507 2554 σοφισμάτων
2537 2485 2880 2555 κατασκευὴν
2914 2483 3010 2554 τὴν
3038 2483 3167 2555 περὶ
3193 2481 3285 2536 τοῦ
3327 2482 3401 2552 μὴ
3426 2479 3562 2534 εἷναί
3595 2490 3723 2532 ποτε

2157 2574 2247 2626 τὸν
2279 2574 2447 2638 ὅντως
2475 2575 2603 2628 ὂντα
2629 2615 2642 2639 ,
2667 2575 2818 2627 οὐδὲν
2856 2573 2983 2628 ἄλλο
3019 2575 3051 2644 ἦ
3105 2573 3414 2644 παράϐασιν
3462 2570 3556 2624 τοῦ
3592 2569 3726 2641 Χρι-

2160 2665 2501 2735 στιανισμοῦ,
2527 2667 2620 2719 καὶ
2645 2665 2849 2736 τροπὴν
2865 2668 2944 2728 εἰς
2973 2665 3374 2736 εἰδωλολατρίαν
3399 2660 3536 2716 εἶναι
3562 2661 3726 2733 διορι-

2157 2756 2384 2825 ζόμεθα.
2432 2755 2539 2809 Τοῦ
2586 2756 2694 2827 γάρ
2742 2755 3125 2824 εὐαγγελιστοῦ
3167 2755 3256 2808 διὰ
3305 2755 3404 2824 τῆς
3451 2752 3724 2821 θεολογίας

2160 2847 2494 2917 πανταχόθεν
2529 2847 2870 2917 ὲξορίσαντος
2899 2848 2959 2901 τὸ
2989 2845 3063 2918 μὴ
3095 2846 3155 2900 ὃν
3187 2849 3254 2900 ὲκ
3291 2845 3382 2899 τοῦ
3410 2845 3561 2907 ὄντος
3583 2883 3599 2907 ,
3631 2842 3723 2895 καὶ

2158 2936 2245 2990 διὰ
2281 2938 2381 3006 τῆς
2419 2939 2672 3009 συνεχοῦς
2703 2938 2798 2992 τοῦ
2829 2935 2910 3011 ἦν
2939 2939 3329 3010 ὲπαναλήψεως
3367 2937 3466 3009 τὴν
3508 2937 3603 2990 τοῦ
3648 2936 3724 3008 μὴ

2158 3026 2296 3082 εἶναι
2333 3030 2587 3084 ὑπόνοιαν
2629 3031 2904 3102 ἐπιμελῶς
2935 3031 3332 3102 ἐξαλείψαντος,
3375 3031 3633 3101 μονογενῆ
3665 3031 3725 3082 δὲ

2157 3119 2310 3181 Θεὸν.
2345 3123 2438 3174 καὶ
2457 3123 2626 3190 Λόγον
2647 3121 2800 3185 Θεοῦ,
2831 3123 2925 3176 καὶ
2957 3123 3085 3176 Υἱὸν
3117 3121 3275 3184 Θεοῦ,
3310 3121 3404 3176 καὶ
3425 3115 3545 3174 ἴσον
3578 3120 3719 3189 Θεῷ.

2158 3215 2252 3266 καὶ
2285 3214 2463 3268 πάντα
2487 3216 2556 3270 τὰ
2583 3214 2803 3268 τοιαῦτα
2831 3214 3318 3285 κατονομάσαντος,
3350 3212 3552 3281 παγίαν
3594 3210 3715 3281 ἔχο-

2160 3321 2260 3374 μεν
2293 3307 2497 3375 ταύτην
2531 3308 2589 3360 ὲν
2631 3308 2843 3370 ἑαυτοῖς
2886 3307 2986 3378 τὴν
3027 3305 3208 3377 κρίσιν
3241 3306 3334 3358 καὶ
3367 3303 3723 3374 ἀμετάθετον,

2155 3397 2238 3450 ὅτι
2260 3398 2308 3450 εἰ
2336 3396 2469 3461 Θεός
2495 3397 2642 3451 ἐστιν
2659 3399 2687 3452 ό
2719 3396 3012 3469 μονογενὴς
3035 3396 3187 3463 Θεὸς,
3211 3397 3297 3450 ἀεὶ
3324 3396 3428 3466 χρὴ
3451 3392 3726 3447 πιστεύειν

2155 3483 2317 3537 αὐτὸν
2363 3480 2503 3538 εἶναι
2547 3485 2640 3538 τὸν
2700 3484 2832 3539 Θεὸν
2885 3485 3335 3556 πεπιστευμένον.
3401 3484 3561 3538 Ἀλλά
3619 3483 3727 3554 μὴν

2157 3573 2370 3646 άληθῶς
2417 3576 2534 3629 ἔστι
2569 3575 2700 3640 Θεὸς
2719 3618 2732 3644 ,
2767 3577 2856 3631 ἀεὶ
2882 3578 3058 3631 πάντα
3084 3578 3221 3641 ἐστὶ,
3261 3577 3355 3631 καὶ
3383 3576 3634 3630 οὐδέποτε
3665 3577 3722 3628 tv

2155 3665 2233 3736 τῷ
2260 3666 2334 3738 μὴ
2363 3663 2501 3720 εἷναι
2532 3667 3023 3738 καταλαμϐάνεται,
3056 3669 3187 3734 Θεὸς
3215 3670 3345 3741 γὰρ,
3377 3667 3561 3730 καθὼς
3594 3667 3728 3721 πολ-

2155 3755 2313 3820 λάκις
2344 3758 2662 3829 εἰρήκαμεν,
2701 3761 2750 3812 εἱ
2781 3759 2876 3814 νῦν
2905 3761 3043 3824 ἐστι,
3068 3761 3162 3814 καὶ
3191 3762 3277 3814 ἀεὶ
3307 3763 3524 3824 πάντως
3547 3755 3638 3834 ἦν,
3677 3761 3728 3814 εὶ

2154 3847 2213 3901 δέ
2241 3867 2372 3903 ποτε
2401 3851 2475 3922 μὴ
2502 3847 2590 3923 ἦν,
2611 3853 2732 3907 οὐδὲ
2753 3853 2845 3908 νῦν
2877 3856 3023 3907 ἐστιν
3053 3854 3206 3917 ὅλως.
3257 3855 3395 3906 Ἀλλ’
3427 3855 3615 3926 ἐπειδὴ
3635 3855 3729 3908 τὸν

2158 3941 2286 3996 Υἱδν
2311 3938 2449 3997 εἶναι
2493 3945 2585 3997 τὸν
2620 3945 2886 4016 μονογενῆ
2928 3945 3062 4000 Θεὸν
3089 3947 3181 3998 καὶ
3231 3947 3404 4000 εἰσαεὶ⁸
3430 3946 3728 4018 διαμένειν,

2157 4033 2252 4087 καὶ
2293 4034 2445 4106 παρὰ
2487 4037 2598 4090 τῶν
2633 4037 2841 4108 ἐχθρῶν
2891 4039 2990 4108 τῆς
3040 4037 3296 4108 ἀληθείας
3344 4036 3724 4108 ὁμολογεῖται·

2155 4126 2312 4180 τοῦτό
2369 4145 2566 4198 φαμεν,
2614 4129 2756 4182 ὅτιὸ
2794 4132 2850 4182 tv
2901 4129 2978 4200 τῷ
3019 4130 3196 4198 Πατρὶ
3255 4129 3362 4192 ῶν,
3405 4127 3468 4182 οὐ
3501 4129 3626 4182 καθ’
3668 4125 3730 4182 ἓν

2161 4217 2320 4288 μόνον
2351 4220 2498 4273 ἐστὶν
2530 4222 2587 4272 tv
2629 4220 2776 4290 αύτῷ
2799 4259 2814 4281 .
2857 4220 2990 4274 άλλά
3016 4222 3157 4274 κατὰ
3195 4222 3370 4274 πάντα
3398 4221 3498 4274 ὅσα
3530 4220 3729 4274 νοεῖται

2157 4307 2186 4359 ὁ
2216 4307 2423 4378 Πατὴρ,
2456 4310 2545 4362 διά
2588 4312 2804 4364 πάντων
2845 4312 2992 4364 ἐστὶν
3022 4313 3079 4364 ὲν
3120 4311 3286 4381 αύτῷ.
3334 4303 3420 4374 Ὠς
3449 4307 3541 4364 οῦν
3570 4312 3627 4363 ἐν
3650 4308 3730 4379 τῷ

2159 4399 2419 4472 ἀφθάρτῳ
2448 4403 2540 4456 τοῦ
2587 4404 2797 4475 Πατρὸς
2835 4403 2930 4467 ὢν,
2962 4401 3236 4474 ἄφθαρτός
3272 4405 3415 4464 ἐστι,
3443 4402 3536 4455 καὶ
3571 4404 3627 4456 ὲν
3651 4396 3729 4473 τῷ

2160 4491 2350 4560 ἀγαθῴ
2396 4493 2626 4560 ἀγαθὸς,
2657 4496 2750 4546 καὶ
2794 4495 2850 4546 ὲν
2877 4493 2956 4563 τῷ
2995 4492 3206 4563 δυνατῷ
3246 4491 3501 4555 δυνατὸς.
3533 4493 3628 4548 καὶ
3670 4495 3730 4546 ὲν

2088 4621 2130 4676 D
2163 4583 2376 4653 ἑκάστῳ
2407 4583 2482 4638 ὢν
2511 4584 2619 4637 τῶν
2648 4581 2783 4656 πρὸς
2816 4585 2874 4639 τὸ
2904 4589 3150 4657 κρεῖττον
3180 4587 3236 4637 tv
3264 4578 3342 4657 τῷ
3377 4587 3550 4657 Πατρὶ
3578 4603 3730 4638 νοου-

2166 4673 2363 4742 μένων,
2391 4674 2566 4728 ὲκεῖνό
2603 4677 2748 4728 ἐστιν
2769 4692 2782 4705 ’
2809 4675 2981 4738 οὕτως
3013 4677 3106 4730 καὶ
3135 4677 3192 4728 ἐν
3218 4675 3296 4746 τῷ
3335 4675 3489 4746 ἀῖδίῳ
3513 4679 3730 4740 πάντως

2166 4766 2357 4830 ἀΐδιος.
2393 4765 2458 4818 Ἦ
2483 4767 2537 4819 δὲ
2563 4765 2656 4818 τοῦ
2698 4764 2906 4837 Πατρὸς
2933 4765 3172 4836 ἀῖδιότης
3197 4767 3254 4820 ἐν
3283 4765 3362 4836 τῷ
3387 4765 3521 4836 μήτε
3547 4767 3609 4819 ὲκ
3633 4759 3728 4818 τοῦ

2165 4859 2241 4928 μὴ
2299 4855 2448 4919 ὅντες
2492 4856 2792 4926 ἄρξασθαι,
2850 4858 2986 4927 μήτε
3039 4858 3120 4920 εἰς
3174 4853 3234 4910 τὸ
3281 4857 3354 4927 μὴ
3395 4850 3453 4910 ὃν
3497 4858 3731 4927 καταλή-

2132 4965 2280 5016 ,γειν
2328 4947 2669 5020 γνωρίζεται.
2716 4947 2925 5001 Οὐκοῦν
2956 4949 2985 5000 ό
3021 4940 3237 5011 πάντως
3267 4947 3335 5000 τὰ
3379 4947 3473 5000 τοῦ
3518 4947 3731 5018 Πατρὺς

2159 5039 2318 5110 ἔχων,
2367 5041 2464 5092 καὶ
2511 5042 2570 5092 tv
2617 5039 2766 5111 πάσῃ
2808 5042 2872 5110 τῇ
2923 5038 3049 5111 δόξῃ
3093 5037 3186 5091 τοῦ
3235 5035 3444 5108 Πατρὸς
3497 5035 3729 5109 θεωρούα

2160 5149 2319 5202 μενος
2351 5173 2365 5196 ,
2422 5130 2610 5202 ὥσπερ
2657 5133 2714 5183 ὲν
2747 5131 2824 5202 τῷ
2871 5130 3208 5200 ἀτελευτήτῳ
3239 5130 3330 5181 τοῦ
3372 5129 3584 5199 Πατρὸς
3628 5128 3726 5190 ὢν,

2159 5222 2306 5292 ζωῆς
2341 5221 2492 5286 τέλος
2524 5223 2623 5274 οὐκ
2652 5222 2764 5292 ἔχει
2790 5240 2803 5252 ο
2852 5221 2993 5275 οῦτω
3032 5221 3126 5275 καὶ
3165 5223 3220 5274 tv
3253 5219 3332 5290 τῷ
3377 5219 3597 5290 ἀνάρχῳ
3633 5220 3727 5274 τοῦ

2162 5314 2376 5382 Πατρὸς
2407 5313 2502 5374 ὢν,
2533 5313 2705 5384 ἀρχὴν
2731 5312 2952 5385 ἡμερῶν
2989 5309 3088 5366 οὐκ
3112 5310 3224 5382 ἔχει
3251 5353 3266 5375 ,
3299 5311 3478 5376 καθώς
3505 5329 3668 5382 φησιν
3699 5309 3729 5362 ὁ

2174 5404 2510 5465 Ἀπόστολος.
2542 5404 2674 5456 ἀλλά
2705 5404 2795 5456 καὶ
2826 5405 2890 5457 ἐκ
2913 5404 3008 5456 τοῦ
3040 5402 3251 5473 Πατρός
3279 5404 3414 5466 ἐστι,
3446 5403 3539 5455 καὶ
3563 5401 3622 5454 ὲν
3661 5400 3724 5473 τῇ

2161 5493 2420 5562 ἀῖδιότητι
2440 5493 2534 5546 τοῦ
2572 5493 2782 5564 Πατρὸς
2817 5493 3134 5564 καθορᾶται,
3166 5493 3260 5546 καὶ⁵
3287 5491 3460 5562 τούτῳ
3494 5488 3730 5561 μάλιστα

2160 5582 2239 5654 τῷ
2268 5583 2472 5654 τρόπῳ,
2494 5584 2555 5636 τὸ
2577 5583 2662 5636 διὰ
2691 5584 2905 5637 πάντων
2932 5583 3030 5654 τῆς
3055 5583 3260 5645 εἰκόνος
3291 5582 3724 5654 ἀπαράλλακτον,

2157 5673 2294 5742 πρὸς
2321 5672 2412 5726 τὸν
2442 5667 2503 5727 οὗ
2524 5674 2669 5726 ἐστιν
2689 5673 2871 5735 εἰκὼν,
2902 5672 3206 5744 θεωρεῖται.
3227 5673 3337 5726 Καὶ
3361 5673 3566 5744 ἀληθὺς
3583 5672 3612 5726 ὁ
3634 5671 3725 5725 λό-

1680 5853 1697 5883 “¹
1753 5854 1876 5911 lsai.
1912 5869 2035 5922 xcv,
2073 5855 2124 5910 5.
2202 5852 2226 5885 ⁸
2259 5851 2405 5906 Psal.
2437 5865 2601 5918 Lxxx,
2641 5851 2697 5907 9.
2761 5853 2781 5884 ⁸
2825 5849 2990 5905 Hebr.
3031 5863 3128 5913 vn,
3164 5848 3219 5905 5.
