4142 6374
335 442 443 500 773

1420 442 1696 500 CONTRA
1737 441 2120 507 EUNOMIUM,
2165 438 2293 497 LIB.
2339 439 2467 495 Vill.

3502 441 3605 499 774

331 572 428 624 γος
458 556 514 606 ἐν
541 552 751 618 τούτοις
782 554 1091 626 εὑρίσκεται
1112 596 1127 621 ,
1163 556 1191 607 6
1216 553 1406 618 εἰπὼν,
1438 557 1518 608 ὅτι
1550 558 1579 609 6
1616 550 1907 623 Ἑωρακὼς

2019 561 2101 605 tre
2135 562 2241 617 est,
2286 561 2339 605 et
2376 552 2428 604 in
2481 550 2658 604 Patris
2688 551 2993 606 mternitate
3023 553 3380 625 conspicitur,
3411 563 3466 610 et
3499 556 3604 612 hoc

331 648 436 715 ἐμὲ
450 645 669 715 ἑώρακε
684 646 793 699 τὸν
808 647 1055 715 Πατέρα.
1088 647 1245 701 Ἀλλὰ
1272 650 1364 702 καὶ
1383 648 1443 701 τὸ
1463 647 1613 718 παρά
1640 646 1734 700 τοῦ
1752 648 1913 699 Ἀπο-

334 739 520 793 στόλου
544 739 834 809 εἰρημένον
890 738 1061 801 οὕτως
1096 738 1162 791 ἂν
1198 738 1432 809 μάλιστα
1461 738 1673 809 νοηθείη
1693 780 1707 802 ,
1734 736 1914 801 καλῶς

331 832 426 883 καὶ
453 831 748 901 προσφυῶς
771 829 892 900 ἔχον
905 870 920 895 ,
952 830 1014 882 τὸ
1031 828 1369 901 ἀπαύγασμα
1388 826 1525 883 εἶναι
1543 831 1640 901 τῆς
1656 829 1810 901 δόξης
1824 829 1916 883 καὶ

342 922 671 994 χαρακτῆρα
696 921 800 993 τῆς
830 919 1183 987 ὑποστάσεως
1211 923 1303 976 τὸν
1332 922 1479 976 Υίόν.
1508 923 1632 986 Τοῖς
1660 922 1767 993 γὰρ
1793 922 1917 976 ἀδυ-

334 1015 587 1067 νατοῦσιν
626 1014 719 1067 ἐπὶ
750 1013 811 1067 τὸ
843 1011 978 1083 ὕψος
1020 1015 1118 1084 τῆς
1160 1014 1494 1083 θεογνωσίας
1533 1015 1626 1067 τὸν
1658 1013 1915 1084 λογισμὸν

334 1107 559 1174 ἀγαγεῖν
585 1105 672 1159 διὰ
692 1106 793 1175 τῆς
815 1105 924 1159 τῶν
950 1105 1157 1176 νοητῶν
1179 1105 1411 1177 θεωρίας
1431 1122 1443 1134 ·
1468 1104 1679 1168 τούτοις
1716 1105 1781 1157 ὲκ
1808 1103 1916 1158 τῶν

332 1201 399 1269 τῇ
430 1197 680 1267 αἰσθήσει
708 1198 1153 1268 προφαινομένων
1174 1199 1395 1269 ἐμποιεῖ
1419 1215 1541 1252 τινα
1559 1200 1671 1260 τοῖς
1688 1197 1918 1251 ἀκούου-

335 1307 417 1342 σιν
445 1292 475 1343 6
514 1290 833 1354 Ἀπόστολος
851 1293 945 1345 τοῦ
973 1289 1208 1361 ἀληθοῦς
1240 1288 1564 1358 φαντασίαν.
1601 1289 1688 1354 Ὠς
1718 1290 1826 1361 γὰρ
1854 1289 1917 1343 τὺ

330 1380 555 1450 ἡλιακὸν
593 1381 752 1453 σῶμα
782 1381 888 1453 ὅλῳ
910 1382 989 1452 τῷ
1016 1382 1325 1453 περιέχοντι
1359 1380 1543 1452 κύκλῳ
1569 1382 1916 1453 χαρακτηρί-

333 1473 506 1536 ζεται,
529 1473 623 1527 καὶ
655 1476 684 1527 6
703 1473 793 1527 τὸν
822 1473 1020 1526 κύκλον
1046 1472 1191 1537 ἰδὼν,
1215 1471 1338 1525 ὅλου
1363 1470 1459 1524 τοῦ
1489 1473 1631 1526 κατά
1656 1472 1717 1525 τὸ
1748 1471 1913 1542 βάθος

333 1564 697 1634 ὑποκειμένου
726 1566 826 1635 τὴν
866 1565 1164 1619 ὑπόστασιν
1204 1563 1294 1617 διὰ
1317 1564 1412 1618 τοῦ
1443 1564 1769 1635 φαινομένου
1830 1566 1917 1619 ἀν-

333 1655 613 1723 ελογίσατο
631 1673 643 1686 ·
675 1657 847 1720 οὕτως
863 1654 1014 1711 εἶπεν
1036 1660 1092 1711 ἐν
1109 1656 1187 1728 τῷ
1208 1657 1427 1728 μεγέθει
1449 1659 1548 1729 τῆς
1574 1656 1666 1710 τοῦ
1683 1656 1813 1711 Υἰοῦ
1831 1658 1917 1712 δυ-

332 1747 548 1815 νάμεως
568 1746 630 1799 τὸ
650 1747 743 1800 τοῦ
761 1748 973 1819 Πατρὸς
990 1749 1275 1819 μεγαλεῖον
1294 1749 1811 1820 χαρακτηρίςεσθαι,
1826 1752 1914 1805 ἵνα

331 1840 454 1893 ὅσον
482 1840 650 1903 ,τοῦτο
681 1840 1016 1913 γινώσκηται
1039 1881 1054 1905 ,
1097 1842 1349 1896 τοσοῦτον
1378 1836 1516 1895 εἶναι
1571 1843 1797 1896 κάκεῖνο
1822 1860 1913 1896 πι-

2020 646 2261 699 maxime
2310 645 2473 699 modo
2502 644 2647 714 quod
2684 661 2779 711 per
2802 646 3173 701 omnimodam
3214 655 3266 701 et
3303 648 3605 701 invariabi-

2018 731 2121 785 lem
2170 733 2424 802 imaginis
2468 733 2906 801 similitudinem,
2956 754 3119 806 quam
3172 738 3494 793 habetcum
3535 754 3605 794 eo

2018 822 2180 891 cujus
2216 830 2302 878 est
2341 823 2542 893 imago,
2576 833 2880 893 spectatur.
2913 824 2978 878 Et
3009 842 3172 883 verus
3203 826 3257 880 in
3307 827 3393 881 his
3420 842 3604 882 sermo

2024 917 2324 981 invenitur,
2385 918 2478 987 qui
2533 916 2669 970 dixit
2702 937 2715 971 :
2744 916 2850 983 Qui
2893 919 3022 972 vidit
3081 936 3182 983 me,
3212 921 3340 973 vidit
3386 930 3436 974 et
3488 919 3602 975 Pa-

2021 1016 2156 1062 trem
2183 1008 2247 1062 ¹⁰.
2285 1006 2391 1063 Sed
2437 1016 2491 1062 et
2525 1008 2628 1061 hoc
2662 1009 2807 1077 quod
2851 1009 3058 1063 dictum
3088 1018 3174 1066 est
3216 1011 3285 1064 ab
3315 1011 3601 1080 Apostolo,

2019 1101 2099 1155 sic
2124 1100 2355 1171 intelligi
2389 1108 2591 1169 potest,
2621 1101 2883 1169 pra-clare
2917 1110 2971 1155 et
2998 1102 3248 1172 apposite
3277 1118 3337 1158 se
3368 1102 3598 1169 habens,

2017 1193 2163 1263 quod
2202 1194 2458 1246 nimirum
2504 1191 2678 1247 Filius
2712 1193 2785 1249 sit
2811 1194 3071 1265 splendor
3101 1195 3307 1265 gloriae,
3340 1204 3395 1249 et
3426 1195 3602 1265 ﬁgura

2016 1284 2342 1340 Substantiae
2370 1283 2553 1340 Patris
2585 1285 2649 1337 “.
2704 1284 2800 1340 His
2827 1286 2972 1340 enim
3010 1287 3103 1357 qui
3155 1287 3381 1342 minime
3418 1288 3603 1342 valent

2018 1377 2087 1432 ad
2142 1376 2525 1432 celsitudinem
2581 1378 2913 1447 cognitionis
2962 1377 3056 1432 Dei
3117 1378 3600 1434 ratiocinationem

2015 1468 2253 1524 educere
2288 1484 2385 1539 per
2419 1470 2848 1542 intelligibilium
2895 1471 3332 1540 speculationem
3368 1489 3381 1524 :
3410 1486 3474 1525 ex
3513 1471 3600 1527 his

2015 1575 2139 1630 qua:
2182 1560 2437 1616 sensibus
2486 1569 2787 1615 occurrunt
2829 1560 3120 1632 quamdam
3165 1563 3276 1618 veri
3328 1563 3598 1618 visionem

2015 1653 2132 1709 sive
2161 1655 2605 1726 imaginationem
2637 1656 2938 1726 Apostolus
2981 1657 3336 1713 audientibus
3372 1658 3599 1727 ingene-

2014 1754 2121 1800 rat.
2168 1743 2238 1799 Ut
2279 1747 2425 1800 enim
2461 1747 2645 1802 solare
2686 1763 2890 1818 corpus
2942 1757 3058 1803 toto
3108 1750 3599 1821 eircumplceteute

2014 1836 2225 1891 circulo
2252 1836 2537 1906 ﬁguratur,
2568 1846 2622 1893 et
2651 1839 2744 1909 qui
2772 1839 3040 1894 circulum
3067 1840 3221 1907 vidit,
3260 1844 3429 1898 totius
3463 1844 3599 1898 sub-

334 1931 609 2003 στεύηται.
633 1936 743 1988 Καὶ
770 1934 931 1989 πάλιν
952 1935 1028 1999 ὡς
1053 1936 1118 1988 ἐκ
1144 1935 1344 1999 παντὸς
1358 1934 1454 1988 τοῦ
1471 1934 1696 2005 ἡλιακοῦ
1712 1935 1907 1989 κύκλου

2016 1925 2148 1995 jecti
2199 1927 2619 1982 subsistentiam
2670 1930 2976 1983 secundum
3020 1932 3479 2000 profunditatem,
3526 1949 3596 1989 ex

332 2027 396 2095 τῇ
411 2024 503 2077 τοῦ
522 2027 697 2094 φωτὸς
718 2025 1025 2097 λαμπηδόνι
1038 2026 1415 2093 ἀπαυγάζεται
1429 2043 1444 2058 ο
1461 2026 1521 2080 ού
1536 2025 1716 2096 γάρτὸ
1740 2027 1838 2097 μέν
1858 2044 1910 2080 τι

332 2111 559 2181 λάμπει,
594 2112 656 2165 τὸ
685 2112 741 2166 δὲ
768 2112 1018 2185 ἀλαμπές
1058 2115 1175 2167 ἐστι
1201 2114 1295 2167 τοῦ
1321 2113 1522 2167 κύκλου
1550 2130 1564 2143 ·
1600 2113 1775 2177 οὕτως
1813 2113 1907 2185 ὅλη

334 2201 367 2269 ἡ
402 2200 526 2264 δόξα
555 2201 675 2272 ἥτις
702 2201 868 2264 ἐστὶν,
908 2203 936 2254 6
965 2201 1153 2273 Πατὴρ
1176 2240 1190 2263 ,
1225 2200 1302 2272 τῷ
1328 2200 1387 2265 ἐξ
1425 2200 1622 2271 ἑαυτῆς
1658 2201 1911 2271 ἀπαυγά-

335 2306 501 2362 σματι
523 2331 538 2355 ,
573 2292 719 2347 τοῦτ’
754 2292 871 2346 ἐστι
902 2293 980 2363 τῷ
1012 2292 1250 2364 ἀληθινῷ
1278 2294 1419 2363 φωτὶ
1444 2293 1781 2365 πανταχόθεν
1810 2312 1907 2348 πε-

336 2384 709 2453 ριαυγάζεται.
739 2386 849 2439 Καὶ
872 2384 946 2447 ὡς
978 2385 1043 2438 ὲκ
1072 2383 1167 2438 τοῦ
1209 2385 1360 2455 ἡλίου
1415 2385 1514 2455 μέν
1555 2387 1703 2438 ἐστιν
1729 2388 1763 2457 ἡ
1805 2387 1909 2440 ἀκ-

341 2474 423 2536 τίς
445 2492 458 2504 ·
492 2475 552 2527 οὐ
582 2475 691 2546 γὰρ
716 2474 781 2528 ἂν
808 2470 876 2546 ἦν
906 2476 1061 2539 ἀκτὶς
1089 2515 1104 2537 ,
1138 2477 1186 2528 εἰ
1232 2474 1307 2546 μὴ
1345 2476 1374 2527 6
1415 2475 1563 2547 ἥλιος
1593 2471 1681 2547 ἦν,
1710 2477 1769 2530 ού
1801 2479 1909 2549 μήν

332 2582 463 2618 ποτε
489 2568 657 2638 χωρὶς
682 2567 781 2637 τῆς
826 2566 1290 2639 ἀπαυγαζομένης
1326 2569 1545 2631 ἀκτῖνος
1586 2569 1671 2638 ἐφ’
1711 2569 1906 2623 ἑαυτοῦ

331 2662 578 2713 νοεῖταιό
606 2660 753 2730 ἣλιος
775 2678 787 2690 ·
818 2660 961 2714 οὕτω
991 2661 1050 2714 τὸ
1074 2659 1306 2729 συναφές
1328 2677 1386 2713 τε
1409 2660 1500 2715 καὶ
1530 2661 1699 2715 ἀΐδιον
1720 2663 1817 2733 τῆς
1844 2665 1909 2718 ὲκ

332 2751 426 2805 τοῦ
453 2751 665 2823 Πατρὺς
692 2753 981 2824 ὑπάρξεως
1014 2752 1109 2806 τοῦ
1151 2752 1494 2822 Μονογενοῦς
1522 2753 1852 2825 παραδιδοὺς
1879 2756 1909 2808 6

345 2842 686 2911 Ἀπόστολος,
715 2844 1058 2916 ἀπαύγασμα
1078 2844 1237 2915 δόξης
1256 2844 1347 2898 τὸν
1373 2844 1504 2898 Υἱὸν
1527 2845 1901 2916 κατωνόμασε.

2020 2026 2318 2088 apparente
2348 2018 2563 2073 circulo
2606 2019 2818 2090 colligit
2848 2038 2861 2074 :
2893 2020 2975 2075 sic
3012 2022 3177 2076 etiam
3209 2022 3350 2077 dixit
3378 2023 3431 2077 in
3480 2041 3597 2079 ma-

2019 2111 2306 2180 gnitudine
2362 2112 2619 2181 potentiae
2676 2112 2837 2177 Filii,
2885 2110 3066 2169 Patris
3136 2116 3596 2185 magniﬁcentiam

2016 2204 2271 2274 exprimi,
2312 2212 2372 2257 ut
2426 2215 2630 2273 quanta
2680 2205 2796 2260 haec.
2838 2215 3230 2276 cognoscatur,
3280 2216 3430 2262 tanta
3473 2224 3598 2263 esse

2016 2297 2181 2351 etiam
2207 2297 2296 2350 illa
2336 2297 2613 2352 credatur.
2645 2298 2723 2353 Ac
2753 2313 2947 2353 rursus
2972 2300 3120 2355 sicut
3144 2315 3211 2354 ex
3241 2301 3388 2354 omni
3429 2300 3595 2356 solari

2020 2389 2233 2445 circulo
2278 2389 2420 2444 lucis
2459 2388 2673 2460 fulgore
2728 2390 3078 2460 resplendet:
3118 2407 3227 2445 non
3270 2393 3415 2446 enim
3465 2408 3598 2462 pars

2016 2480 2197 2550 aliqua
2248 2480 2416 2547 lucet,
2467 2496 2595 2552 pars
2638 2496 2770 2536 vero
2816 2483 3010 2536 circuli
3057 2483 3163 2537 alia
3195 2484 3432 2538 obscura
3467 2492 3594 2539 est:

2017 2570 2097 2625 sic
2130 2579 2557 2641 quantacunque
2597 2580 2679 2628 est
2710 2573 2889 2627 omnis
2928 2572 3101 2642 gloria
3135 2579 3278 2643 ejus,
3313 2572 3497 2641 Pater,
3528 2592 3598 2629 ex

2016 2663 2309 2734 Splendore
2353 2664 2423 2720 ab
2466 2666 2584 2736 ipsa
2628 2674 3014 2735 promanante.
3067 2667 3171 2720 hoc
3214 2675 3298 2721 est
3330 2682 3461 2722 vero
3507 2669 3596 2721 lu-

2017 2755 2187 2820 mine,
2250 2755 2494 2827 undique
2542 2758 2753 2813 circum
2809 2758 3139 2813 illustratur.
3200 2757 3381 2829 Atque
3429 2768 3487 2814 ut
3530 2775 3598 2814 cx

2017 2847 2134 2902 sole
2162 2848 2381 2917 quidem
2405 2857 2488 2903 est
2514 2850 2735 2905 radius:
2762 2864 2871 2903 non
2893 2850 3038 2903 enim
3071 2859 3220 2905 esset
3247 2851 3457 2914 radius,
3490 2851 3599 2906 nisi

334 2937 416 2990 sol
447 2943 615 3002 esset,
645 2951 923 3006 nunquam
959 2937 1105 2991 enim
1153 2936 1274 2992 sine
1307 2936 1605 3006 refulgente
1651 2937 1805 2991 radio
1848 2937 1903 2991 in
1942 2936 2128 3007 seipse
2160 2939 2242 2993 sol
2290 2939 2656 3010 intelligitur:
2691 2942 2771 2996 sic
2842 2941 3285 3010 conjunctionem
3352 2949 3408 2995 et
3451 2957 3596 2996 coae-

336 3028 646 3083 ternitatem
697 3029 1033 3083 exsistentiae
1065 3028 1340 3099 Unigeniti
1379 3043 1411 3082 a
1457 3028 1617 3084 Patre
1662 3028 1886 3084 tradens
1941 3029 2239 3101 Apostolus
2265 3033 2344 3099 ¹²,
2385 3031 2730 3102 splendorem
2792 3031 2979 3102 gloria:
3042 3028 3241 3086 Filium
3279 3032 3594 3101 appellavit.

402 3118 619 3173 Τούτων
652 3115 744 3173 οῦν
774 3121 905 3191 ἡμῖν
936 3119 1078 3173 οὕτω
1105 3118 1481 3191 διῃρημένων,
1520 3119 1698 3173 οὐκέτ’
1725 3122 1790 3176 ἀν
1821 3137 1905 3185 τις

2080 3120 2177 3178 His
2225 3122 2393 3193 igitur
2434 3138 2465 3176 a
2503 3123 2663 3178 nobis
2712 3122 2787 3177 ita
2832 3122 3136 3186 distinctis,
3187 3139 3297 3177 non
3349 3123 3596 3192 amplius

332 3212 683 3283 ἁμφιϐάλλοι,
719 3212 836 3277 πῶς
870 3213 961 3266 καὶ
984 3216 1048 3266 ὲκ
1068 3212 1162 3266 τοῦ
1188 3214 1400 3284 Πατρὸς
1427 3213 1734 3285 Μονογενὴς
1756 3207 1901 3266 εἶναι

333 3304 729 3369 πεπίστευται,
783 3305 878 3359 καὶ
923 3304 1109 3368 ἀῖδίως
1149 3306 1265 3358 ἐστὶ
1290 3348 1303 3371 ,
1334 3306 1437 3358 κᾶν
1469 3305 1599 3377 δοκῇ
1631 3305 1771 3360 κατὰ
1811 3305 1908 3376 τὴν

333 3397 620 3468 πρόχειρον
646 3397 853 3450 ἔννοιαν
897 3398 971 3469 μὴ
1000 3398 1317 3469 συμϐαίνειν
1341 3400 1369 3451 6
1395 3397 1550 3467 λόγος
1568 3397 1647 3471 τῷ
1679 3398 1820 3469 λόγῳ
1838 3441 1852 3463 ,
1881 3402 1910 3453 6

333 3491 397 3543 ἐκ
431 3489 526 3543 τοῦ
578 3491 792 3562 Πατρὸς
821 3491 981 3543 αὐτὸν
1026 3486 1164 3544 εἶναι
1202 3491 1395 3559 λέγων,
1426 3491 1505 3562 τῷ
1541 3491 1909 3564 μαρτυροῦντι

333 3580 484 3652 αύτῷ
511 3580 571 3634 τὸ
591 3581 778 3635 ἀΐδιον.
803 3582 867 3634 Ei
893 3581 948 3636 δὲ
968 3583 1074 3653 χρὴ
1102 3582 1196 3636 καὶ
1217 3583 1387 3655 ἑτέρῳ
1407 3584 1497 3637 τὸν
1523 3584 1679 3653 λόγον
1706 3583 1911 3637 πιστώο

335 3674 567 3739 σασθαι,
598 3671 821 3728 δυνατὸν
864 3674 931 3728 ἂν
970 3676 1182 3744 γένοιτο
1223 3675 1414 3746 νοῆσαι
1446 3675 1507 3729 τὸ
1543 3676 1672 3748 περὶ
1714 3675 1908 3730 τούτου

331 3764 509 3836 δόγμα
564 3766 654 3819 διά
683 3784 845 3820 τινων
876 3766 985 3820 τῶν
1020 3769 1163 3821 κατὰ
1189 3768 1289 3837 τὴν
1328 3767 1579 3839 αἴσθησιν
1612 3770 1743 3839 ἡμῖν
1766 3786 1908 3838 γνω-

334 3857 655 3927 ριζομένων.
724 3857 930 3929 Μηδεὶς
970 3858 1027 3911 δὲ
1085 3858 1438 3931 ὲπηρεαζέτω
1481 3860 1561 3930 τῷ
1613 3859 1785 3929 λόγῳ,
1833 3860 1909 3931 μὴ

331 3949 618 4020 δυναμένῳ
649 3951 905 4021 τοιαύτην
940 3951 998 4003 ὲν
1038 3953 1149 4014 τοῖς
1190 3945 1340 4004 οὖσιν
1373 3951 1555 4021 εὑρεῖν
1602 3950 1786 4003 είκόνα
1814 3950 1907 4003 τοῦ

333 4041 706 4114 ζητουμένου,
750 4043 785 4114 ἢ
831 4043 921 4098 διὰ
968 4043 1187 4097 πάντων
1229 4044 1454 4115 ἀρκέσει
1503 4043 1571 4096 δι’
1618 4043 1908 4112 ἀναλογίας

329 4135 476 4198 τινὸς
523 4135 617 4188 καὶ
681 4136 1000 4206 ὁμοιότητος
1052 4136 1187 4207 πρὸς
1232 4135 1330 4206 τὴν
1390 4135 1486 4189 τοῦ
1545 4135 1907 4207 προκειμένου

332 4227 696 4296 παράστασιν.
724 4226 1034 4297 Βουλόμεθα
1064 4228 1171 4299 γάρ
1204 4230 1327 4291 τοὺς
1352 4227 1608 4295 λέγοντας
1638 4228 1905 4300 πρότερον

333 4318 694 4389 βεϐουλῆσθαι
733 4320 823 4373 τὸν
862 4321 1116 4391 Πατέρα,
1172 4316 1273 4373 εἷθ’
1309 4320 1482 4385 οὕτως
1509 4322 1681 4375 ἐλθεῖν
1713 4324 1805 4376 ἐπὶ
1844 4321 1905 4375 τὸ

329 4411 584 4478 γενέσθαι
620 4414 839 4484 Πατέρα
859 4454 873 4479 ,
904 4414 999 4467 καὶ
1024 4413 1114 4467 διὰ
1144 4414 1333 4467 τούτου
1359 4414 1418 4468 τὸ
1448 4415 1904 4485 μεταγενέστερον

2008 3214 2298 3283 quisquam
2324 3213 2559 3279 dubitet,
2589 3214 2865 3282 quomodo
2893 3215 3057 3268 etiam
3089 3230 3153 3269 ex
3188 3213 3349 3269 Patre
3388 3212 3594 3286 Unigc-

2009 3305 2159 3360 nitus
2188 3320 2313 3360 esse
2346 3306 2592 3360 creditur
2620 3311 2676 3359 et
2715 3314 2960 3362 aeternus
2991 3314 3097 3372 est,
3123 3306 3377 3376 quamvis
3405 3307 3595 3361 videa-

2010 3407 2103 3454 tur
2133 3400 2435 3456 secundum
2482 3414 2600 3454 eam
2631 3414 2752 3469 quae
2788 3398 2966 3468 primo
3011 3406 3066 3454 et
3100 3399 3155 3453 in
3204 3408 3459 3469 promptu
3493 3417 3591 3470 ap-

2011 3498 2168 3560 paret
2199 3490 2475 3553 notitiam,
2516 3504 2699 3544 sermo
2730 3488 2969 3543 sermoni
3021 3502 3130 3541 non
3171 3490 3491 3556 convenire,
3539 3498 3595 3545 et

2010 3582 2104 3653 qui
2134 3597 2201 3637 ex
2245 3581 2407 3637 Patre
2434 3581 2616 3652 ipsum
2646 3596 2769 3637 esse
2806 3581 2961 3646 dicit,
3009 3590 3065 3635 et
3088 3580 3183 3650 qui
3226 3581 3593 3636 aeternitatem

2010 3672 2116 3744 ipsi
2154 3673 2427 3728 attribuit.
2463 3671 2619 3739 Quod
2666 3671 2714 3729 si
2763 3673 2872 3727 alio
2911 3681 3239 3743 argumento
3280 3687 3592 3728 sermonem

2009 3773 2224 3836 oportet
2264 3765 2612 3831 conﬁrmare,
2644 3764 2873 3835 intelligi
2910 3775 3097 3835 posset
3131 3764 3297 3834 hujus
3322 3767 3593 3822 assertio~

2009 3858 2096 3912 nis
2140 3858 2343 3913 veritas
2389 3873 2455 3912 ex
2518 3857 2849 3926 quibusdam
2877 3872 2999 3927 quae
3049 3857 3308 3914 sensibus
3352 3872 3383 3911 a
3429 3857 3591 3914 nobis

2009 3949 2415 4020 percipiuntur.
2448 3949 2645 4004 Nullus
2677 3958 2860 4004 autem
2896 3965 3208 4005 sermonem
3259 3952 3374 4005 risu
3411 3961 3466 4005 et
3497 3967 3592 4005 ca-

2008 4044 2228 4099 chinnis
2274 4043 2534 4113 excipiat,
2564 4044 2711 4112 quod
2753 4050 2990 4113 nequeat
3032 4042 3282 4098 invenire
3332 4046 3496 4098 talem
3533 4046 3591 4099 in

2007 4134 2096 4190 his
2124 4150 2245 4205 quae
2277 4146 2407 4189 sunt
2436 4135 2489 4188 in
2519 4150 2704 4189 rerum
2743 4144 2963 4199 natura,
2986 4134 3107 4204 ejus
3140 4135 3287 4206 quod
3322 4137 3591 4205 quaeritur

2009 4225 2329 4295 imaginem,
2381 4240 2501 4294 qua:
2555 4240 2652 4295 per
2698 4226 2885 4281 omnia
2938 4223 3192 4291 suﬁieiat,
3236 4227 3592 4296 proportione

2007 4317 2241 4386 quadam
2287 4324 2342 4371 et
2385 4318 2745 4373 similitudine
2778 4319 3121 4389 propositum
3163 4328 3585 4389 repraesentare.

2010 4408 2280 4464 Volumus
2324 4410 2473 4464 enim
2506 4418 2564 4463 ut
2598 4410 2689 4465 isti
2719 4411 2813 4480 qui
2842 4410 3036 4464 dicunt
3064 4410 3219 4481 prius
3247 4410 3464 4466 Patrem
3501 4427 3591 4467 vo-

327 4504 406 4576 τῷ
433 4506 594 4576 Λόγῳ
619 4507 1156 4571 κατασκευάζοντας,
1178 4510 1363 4561 πεῖσαι
1391 4507 1457 4561 δι’
1486 4501 1562 4562 ὧν
1596 4507 1661 4561 ἂν
1692 4509 1906 4577 γένοιτο

2012 4503 2204 4565 luisse,
2239 4501 2437 4557 deinde
2465 4502 2545 4558 sic
2579 4502 2797 4558 venisse
2827 4502 2894 4556 ad
2920 4502 2996 4567 id,
3027 4512 3085 4556 ut
3123 4501 3286 4557 Pater
3317 4502 3497 4567 ﬁeret,
3526 4512 3583 4558 et

326 4596 550 4650 δυνατὸν
579 4600 710 4668 ἡμῖν
744 4599 1178 4669 ὑποδειγμάτων,
1211 4599 1471 4670 μετάγειν
1506 4600 1643 4671 πρὸς
1666 4600 1728 4652 τὸ
1759 4600 1909 4653 εὐσε-

327 4690 417 4753 ϐὲς
444 4690 543 4761 τὴν
568 4690 807 4745 διάνοιαν
830 4709 842 4722 ο
874 4691 995 4745 οὔτε
1036 4692 1144 4763 γὰρ
1171 4694 1203 4763 ὴ
1241 4693 1444 4763 ἄμεσος
1470 4692 1609 4761 α’ύτη
1639 4694 1904 4763 συνάφεια

325 4782 578 4836 ἐκϐάλλει
611 4784 709 4854 τὴν
741 4783 993 4855 βούλησιν
1015 4783 1106 4837 τοῦ
1135 4784 1463 4855 Πατρὸς,ὼς
1493 4785 1637 4839 κατά
1662 4802 1784 4838 τινα
1809 4785 1906 4856 φύ-

324 4891 463 4937 σεως
519 4876 764 4945 ἀνάγκην
816 4876 1195 4947 ἀπροαιρέτως
1244 4876 1335 4929 τὸν
1394 4876 1522 4930 Υίὺν
1574 4877 1900 4949 ἐσχηκότος⁹

324 4965 449 5019 οὔτε
484 4968 517 5037 ἡ
544 4966 798 5038 βούλησις
825 4968 1062 5039 διίστησι
1092 4967 1183 5021 τοῦ
1216 4967 1427 5039 Πατρὸς
1455 4968 1547 5022 τὸν
1572 4970 1721 5036 Υίὸν,
1757 4970 1833 5034 ὥς
1851 4989 1904 5025 τι

321 5056 597 5127 διάστημα
638 5057 838 5127 μεταξὺ
885 5058 1371 5129 παρεμπίπτουσα.
1420 5059 1506 5122 Ὠς
1537 5060 1675 5130 μήτε
1703 5060 1903 5114 ἐκϐάλ-

321 5148 433 5201 λειν
458 5149 551 5201 τοῦ
579 5148 847 5219 δόγματος
882 5149 981 5220 τὴν
1005 5148 1099 5203 ἐπὶ
1127 5148 1205 5218 τῷ
1234 5149 1351 5220 Υἱῷ
1381 5149 1634 5221 βούλησιν
1664 5151 1758 5204 τοῦ
1783 5170 1906 5220 γεν-

322 5241 603 5308 νήσαντος,
640 5235 752 5293 οἷον
784 5240 1291 5312 στενοχωρουμένην
1318 5243 1376 5294 ἐν
1402 5244 1468 5313 τῇ
1506 5243 1771 5315 συναφείά
1801 5243 1904 5314 τῆς

320 5330 413 5382 τοῦ
447 5330 574 5384 Υίοῦ
615 5332 751 5402 πρὸς
779 5331 870 5386 τὸν
911 5332 1130 5403 Πατέρα
1166 5332 1435 5403 ἐνότητος,
1476 5334 1617 5404 μήτε
1653 5334 1760 5405 μὴν
1798 5335 1898 5405 τὴν

320 5423 640 5475 ἀδιάστατον
678 5421 915 5477 διαλύειν
954 5424 1280 5491 συνάφειαν,
1313 5423 1441 5476 ὅταν
1473 5422 1805 5495 ἐνθεωρῆται
1830 5426 1898 5496 τῇ

319 5517 569 5584 γεννήσει
602 5513 875 5584 βούλησις.
906 5514 1076 5567 Τοῦτο
1099 5513 1209 5585 γὰρ
1248 5514 1347 5584 τῆς
1370 5513 1593 5585 βαρείας
1614 5513 1771 5586 ἡμῶν
1800 5516 1896 5571 καὶ

319 5605 641 5674 δυσκινήτου
680 5603 895 5673 φύσεώς
922 5606 1067 5658 ἐστιν
1095 5604 1247 5671 ίδιον,
1270 5605 1329 5657 τὸ
1354 5604 1428 5676 μὴ
1468 5607 1526 5659 ὲν
1565 5605 1746 5678 ταύτῷ
1772 5606 1895 5661 πολ-

319 5695 443 5761 λοὺς
473 5698 727 5769 παρεῖναι
753 5698 905 5768 ἡμῖν,
926 5696 1093 5751 καὶτὸ
1113 5696 1258 5768 ἔχειν
1284 5714 1358 5762 τι,
1378 5698 1471 5751 καὶ
1493 5697 1555 5751 τὸ
1575 5696 1855 5770 βούλεσθαι
1871 5710 1888 5728 ⁸

394 5880 439 5912 ¹⁶
469 5875 622 5933 Joan.
656 5893 767 5947 xw,
806 5878 858 5936 9.
946 5878 984 5909 "
1016 5874 1176 5933 Hebr.
1217 5893 1255 5945 ι,
1280 5877 1334 5933 5.
1413 5878 1455 5911 ¹²
1491 5877 1626 5934 ibid.

2016 4609 2115 4664 per
2160 4594 2264 4648 hoc
2298 4594 2759 4663 posterioritatem
2799 4592 2979 4649 Verbo
3017 4602 3307 4661 astruunt,
3351 4612 3588 4667 persua-

2007 4701 2127 4741 sum
2158 4686 2393 4741 habeant
2433 4693 2491 4740 ut
2522 4701 2589 4741 ex
2632 4686 2718 4741 his
2751 4702 2872 4756 quae
2916 4701 3215 4757 possumus
3240 4688 3297 4741 in
3343 4688 3584 4743 medium

2007 4777 2253 4848 proferre
2281 4777 2568 4846 exemplis,
2610 4777 3001 4847 cogitationem
3043 4792 3199 4833 suam
3233 4778 3301 4832 ad
3346 4779 3397 4833 id
3437 4780 3586 4850 quod

2006 4871 2155 4941 pium
2172 4878 2257 4925 est
2274 4869 2342 4925 de
2364 4868 2473 4923 Deo
2492 4869 2696 4924 sentire
2714 4868 3048 4924 transferant
3068 4890 3083 4935 ;
3106 4885 3283 4940 neque
3303 4870 3450 4925 enim
3468 4872 3583 4927 haec

2006 4963 2324 5018 immediata
2366 4962 2685 5032 conjunctio
2723 4962 2905 5018 Patris
2935 4964 3273 5017 voluntatem
3301 4964 3581 5027 excludit,

2000 5062 2059 5108 ut
2087 5054 2325 5124 quadam
2356 5055 2686 5110 necessitate
2716 5063 2948 5120 natura},
2982 5063 3038 5109 et
3078 5055 3453 5110 involuntarie
3484 5054 3582 5109 Fi-

1999 5136 2134 5200 lium
2169 5146 2367 5200 habeat
2395 5165 2409 5201 :
2442 5161 2621 5216 neque
2651 5147 2906 5202 voluntas
2937 5145 3135 5201 Filium
3193 5162 3221 5200 a
3248 5145 3412 5202 Patre
3462 5148 3581 5201 dis-

1997 5236 2199 5308 jungit,
2237 5246 2299 5292 ut
2333 5238 2684 5293 intervallum
2734 5237 3010 5308 quoddam
3062 5237 3452 5293 intermedium
3492 5238 3581 5293 in-

1998 5328 2209 5386 cidens.
2246 5328 2430 5395 Quare
2460 5345 2641 5399 neque
2676 5330 2746 5384 ab
2774 5330 2879 5383 hoc
2910 5330 3162 5401 dogmate
3207 5330 3334 5385 licet
3390 5332 3583 5385 exclu-

1998 5418 2130 5476 dere
2164 5420 2219 5474 in
2248 5418 2373 5475 Filii
2405 5419 2760 5490 generatione
2812 5420 3148 5475 voluntatem
3196 5420 3318 5490 ejus
3352 5421 3446 5490 qui
3487 5438 3583 5489 ge-

2002 5512 2147 5574 nuit,
2175 5512 2345 5566 veluti
2377 5512 2435 5566 in
2474 5513 2763 5584 angustias
2810 5512 3101 5567 adductam
3136 5513 3191 5567 in
3247 5512 3581 5569 cohaerentia

2003 5604 2227 5661 unionis
2253 5602 2376 5660 Filii
2410 5619 2535 5659 eum
2564 5603 2745 5670 Patre,
2780 5606 2959 5676 neque
3007 5604 3399 5675 indisjunetam
3463 5604 3581 5660 dis-

2002 5697 2215 5755 solvere
2241 5696 2629 5765 cohaesionem,
2656 5712 2780 5755 cum
2811 5698 2869 5753 in
2898 5699 3252 5771 generatione
3286 5696 3581 5768 inspicitur
