4142 6374
517 466 621 525 775

1741 458 1798 516 S.
1830 455 2156 515 GREGORII
2199 455 2493 513 NYSSENI

3656 456 3759 509 776

514 581 793 637 voluntas.
827 576 943 631 lloc
969 578 1114 631 enim
1147 583 1232 630 est
1267 581 1471 629 nostrae
1503 574 1687 644 gravis
1716 585 1768 628 et
1802 583 1950 627 motu
1984 572 2087 627 dif-

2191 572 2322 626 ἀλλὰ
2352 571 2445 625 νῦν
2472 573 2569 643 μὲν
2591 572 2893 643 βουλόμεθα
2916 590 2967 625 τι
2994 570 3134 642 ἔχειν
3159 571 3237 625 ὢν
3253 574 3352 627 οὐκ
3377 572 3589 645 ἔχομεν,
3624 574 3760 644 μετὰ

516 674 680 728 ﬂcilis
738 677 950 725 natum
1006 668 1311 738 proprium,
1347 682 1456 720 non
1503 667 1556 720 in
1611 666 1805 720 eodem
1858 665 2086 718 instanti

518 766 713 821 adesse
741 763 901 819 nobis
963 761 1182 825 multos,
1220 767 1275 814 et
1325 758 1530 828 aliquid
1565 758 1766 813 habere
1802 767 1858 812 et
1907 757 2085 811 velle:

520 858 616 913 sed
651 855 815 910 modo
857 853 1067 924 aliquid
1113 867 1303 907 eorum
1340 865 1463 921 qua:
1491 865 1601 904 non
1639 848 1903 903 habemus
1932 847 2089 900 volu-

519 960 645 1006 mus
675 950 897 1012 habere,
936 956 1057 1017 post
1087 959 1217 999 vero
1253 942 1598 1011 assequimur
1618 953 1681 994 ea
1718 954 1839 1009 qua:
1870 939 2090 992 minime

520 1045 807 1100 vellemus.
836 1040 896 1094 In
927 1036 1163 1106 simplici
1192 1043 1373 1088 autem
1405 1040 1459 1086 et
1499 1031 1860 1100 omnipotenti
1895 1037 2088 1083 natura

520 1134 687 1193 simul
716 1131 899 1189 omnia
931 1137 984 1182 et
1018 1130 1070 1181 in
1110 1125 1299 1181 eodem
1340 1124 1564 1178 instanti
1596 1122 1994 1192 intelliguntur,
2037 1128 2089 1174 et

527 1228 669 1282 Velle
693 1226 918 1287 bonum,
959 1227 1013 1274 et
1041 1218 1241 1272 habere
1274 1214 1420 1286 quod
1452 1213 1642 1269 voluit.
1679 1211 1913 1267 Omnino
1943 1212 2087 1265 enim

519 1319 710 1375 eﬂit-ax
744 1324 798 1372 et
825 1311 1206 1369 coessentialis
1235 1322 1471 1376 vereque
1504 1307 1812 1361 subsistens
1839 1305 1895 1359 in
1940 1314 2088 1358 aeter-

521 1428 592 1467 na
626 1418 819 1465 natura
870 1409 1015 1461 bona
1064 1400 1509 1471 sempiternaque
1568 1396 1949 1451 consideratur
1988 1409 2086 1447 vo-

522 1504 730 1562 luntas,
764 1512 942 1568 neque
972 1495 1038 1548 ab
1074 1494 1182 1546 alio
1215 1504 1490 1561 quoquam
1523 1494 1779 1557 separato
1812 1484 2087 1554 principio

522 1591 852 1652 innascitur,
889 1601 1064 1657 neque
1098 1586 1305 1652 absque
1351 1596 1415 1635 eo
1450 1579 1595 1649 quod
1636 1578 1688 1631 in
1750 1577 2086 1631 voluntatem

520 1685 689 1749 c'adit,
717 1684 800 1738 vel
833 1682 1031 1735 bonam
1062 1676 1399 1729 voluntatem
1434 1686 1547 1725 non
1575 1684 1717 1735 esse,
1752 1668 1835 1723 vel
1884 1668 2087 1721 bonum

522 1775 686 1831 simul
732 1787 855 1827 cum
893 1770 1173 1823 voluntate
1207 1778 1317 1818 non
1352 1762 1584 1816 adesse:
1635 1773 1760 1813 cum
1816 1757 1965 1811 nulla
2016 1757 2087 1811 sit

522 1880 713 1926 causa,
749 1878 869 1932 quae
900 1859 1044 1929 quod
1072 1856 1220 1909 Patri
1255 1852 1528 1917 convenit,
1574 1850 1869 1920 quominus
1914 1858 2083 1901 totum

2187 663 2359 715 ταῦτα
2404 657 2837 734 δὲ’τυγχάνομεν
2867 658 2942 715 ὧν
2981 666 3162 733 τυχεῖν
3209 664 3309 717 οὐκ
3356 665 3757 735 ἡδουλήθημεν.

2202 755 2323 806 Ἐπὶ
2355 754 2411 806 δὲ
2442 756 2541 825 τῆς
2582 756 2759 825 ἁπλῆς
2787 756 2879 808 καὶ
2911 755 3320 825 παντοδυνάμου
3350 756 3592 823 φύσεως,
3626 756 3757 826 ὁμοῦ

2192 848 2260 900 τὰ
2299 848 2475 900 πάντα
2520 848 2613 901 καὶ
2644 848 2784 901 κατὰ
2822 847 3016 901 ταύτὸν
3042 849 3260 908 νοεῖται,
3300 848 3393 899 καὶ
3421 846 3482 899 τὸ
3506 846 3677 899 θέλειν
3699 847 3759 900 τὸ

2191 940 2422 1006 ἀγαθὸν,
2474 940 2567 993 καὶ
2621 941 2681 994 τὸ
2716 940 2861 1009 ἔχειν
2907 940 3042 1009 ὅπερ
3103 939 3352 1008 ἠθέλησε.
3400 939 3584 991 Πάντα
3643 938 3749 1009 γὰρ

2189 1032 2407 1102 ἐνεργὸν
2464 1031 2561 1085 καὶ
2618 1030 2877 1093 ὲνούσιον,
2928 1031 3022 1082 καὶ
3070 1030 3431 1082 ἐνυπόστατον
3489 1033 3555 1100 τῇ
3610 1029 3757 1098 ἀϊδίῳ

2190 1119 2347 1188 φύσει
2378 1120 2439 1173 τὸ
2458 1119 2658 1188 ἀγαθόν
2678 1137 2734 1172 τε
2758 1118 2932 1173 καὶτὸ
2959 1119 3126 1171 ἀΐδιον
3156 1120 3499 1189 ἐνθεωρεῖται
3528 1120 3755 1189 θέλημα,

2186 1210 2309 1263 οὐτε
2343 1211 2448 1263 ἀπό
2483 1228 2625 1274 τινος
2674 1209 2978 1280 ίδιαζούσης
3018 1209 3190 1281 ἀρχῆς
3229 1212 3601 1280 ἐγγινόμενον,
3637 1210 3758 1263 οὐτε

2188 1301 2308 1370 δίχα
2339 1299 2433 1353 τοῦ
2465 1301 2685 1370 θελητού
2718 1301 2972 1371 νοηθῆναι
3018 1300 3333 1371 δυνάμενον.
3370 1302 3503 1354 Οὐδὲ
3536 1302 3643 1370 γὰρ
3672 1305 3757 1354 ὲν-

2186 1391 2401 1460 δέχεται
2433 1392 2581 1461 παρὰ
2609 1391 2685 1461 τῷ
2707 1391 2845 1461 Θεῷ,
2879 1392 2911 1461 ἢ
2941 1392 3002 1444 τὸ
3031 1391 3234 1459 ἀγαθὸν
3262 1392 3472 1463 θέλημα
3504 1393 3578 1463 μὴ
3604 1391 3755 1456 εἶναι,

2186 1482 2219 1553 ἢ
2258 1481 2332 1552 μὴ
2368 1485 2603 1535 συνεῖναι
2637 1483 2715 1553 τῷ
2750 1483 3043 1553 θελήματι·
3080 1484 3333 1554 οὐδεμιᾶς
3358 1486 3538 1549 αἰτίας
3559 1487 3675 1539 οὐδὲ
3700 1487 3759 1540 τὸ

2189 1575 2396 1644 πρέπον
2414 1573 2492 1644 τῷ
2521 1575 2693 1644 Πατρὶ
2722 1575 2793 1645 μὴ
2816 1576 2989 1629 πάντα
3009 1572 3147 1629 εἶναι
3175 1576 3449 1646 μειούσης,
3477 1577 3598 1629 οὐτε
3623 1578 3759 1648 πρὸς

2185 1667 2246 1720 τὸ
2273 1666 2416 1736 ἔχειν
2444 1668 2503 1719 τὸ
2538 1666 2793 1736 βουλητὸν
2831 1666 3249 1737 ἐμποδιζούσης.
3296 1668 3448 1720 Ἐπεὶ
3481 1664 3573 1721 οὖν
3604 1668 3759 1735 φύσει

2185 1754 2247 1807 τὸ
2274 1754 2493 1820 ἀγαθὸν,
2539 1754 2735 1824 μᾶλλον
2761 1755 2817 1807 δὲ
2847 1756 3043 1819 παντὸς
3082 1755 3286 1823 ἀγαθοῦ
3318 1757 3574 1809 ἐπέκεινα
3607 1760 3633 1809 ό
3667 1776 3761 1827 μο-

2187 1848 2409 1917 νογενὴς
2430 1848 2581 1912 Θεὸς,
2601 1850 2700 1901 οὐκ
2727 1847 3020 1918 ἀϐούλητον
3042 1848 3101 1901 δὲ
3130 1848 3209 1919 τῷ
3240 1850 3415 1920 Πατρὶ
3442 1851 3500 1902 τὸ
3524 1850 3725 1918 ἀγαθόν
3742 1869 3757 1882 ’

522 1972 630 2011 non
673 1917 837 2013 adsit,
896 1917 1125 2012 minuat,
1169 1946 1252 2000 vel
1314 1941 1609 2014 quominus
1668 1940 1724 1995 id
1776 1938 1921 2010 quod
1970 1938 2085 1993 vult

2191 1936 2434 2007 φανερῶς
2480 1938 2863 1991 ἀποδείκνυται
2905 1939 2991 1991 διὰ
3042 1938 3266 2000 τούτων,
3300 1941 3380 1992 ὅτι
3419 1942 3513 1994 καὶ
3558 1944 3760 2011 ἄμεσός

522 2047 725 2102 habere
772 2041 1053 2111 impediat.
1114 2037 1383 2103 Quoniam
1420 2034 1589 2104 igitur
1643 2043 1835 2086 natura
1862 2032 2089 2094 bonum,

521 2138 630 2203 vel,
658 2146 719 2191 ut
750 2134 955 2190 rectius
990 2132 1192 2193 dicam,
1222 2142 1389 2198 supra
1436 2141 1599 2181 omne
1622 2125 1850 2185 bonum,
1889 2122 2090 2192 Unige—

520 2228 667 2282 nitus
700 2232 784 2279 est
816 2263 830 2287 ,
867 2230 922 2275 at
978 2220 1125 2274 Patri
1186 2218 1386 2272 bonum
1424 2231 1535 2269 non
1592 2222 1676 2269 est
1733 2216 2002 2283 ingratum
2036 2218 2090 2265 et

523 2327 717 2389 prmter
743 2316 1081 2370 voluntatem
1110 2329 1122 2365 :
1156 2306 1444 2362 manifeste
1468 2320 1564 2375 per
1589 2305 1703 2358 haec
1754 2303 2092 2357 demonstra.

521 2423 629 2476 tur,
662 2408 805 2479 quod
863 2406 1027 2461 etiatn
1076 2400 1387 2456 immediata
1437 2406 1523 2452 est
1554 2395 1679 2450 Filii
1731 2409 1859 2449 cum
1918 2394 2077 2447 Patre

2187 2031 2303 2083 ἐστι
2333 2032 2428 2083 τοῦ
2456 2031 2586 2083 Υἱοῦ
2617 2032 2649 2100 ή
2679 2032 2815 2103 πρὸς
2838 2032 2934 2083 τὸν
2965 2031 3185 2101 Πατέρα
3216 2031 3495 2099 συνάφεια,
3529 2033 3623 2085 καὶ
3664 2033 3763 2086 οὐκ

2187 2123 2464 2186 ἐξωθεῖται
2490 2125 2610 2177 οὐδέ
2644 2125 2944 2196 ἐξείργεται
2976 2123 3080 2177 ὐπὸ
3143 2125 3241 2193 τῆς
3287 2124 3603 2177 ἀδιαστάτου
3644 2143 3763 2177 συν-

2197 2217 2392 2286 αιρείας
2434 2218 2493 2271 τὺ
2542 2218 2785 2288 βούλημα
2833 2218 2893 2270 τὸ
2933 2221 2997 2287 τῇ
3032 2216 3207 2287 ἀγαθῇ
3242 2217 3407 2285 φύσει
3453 2219 3538 2271 διὰ
3568 2219 3764 2282 παντὸς

2186 2308 2508 2377 ἐνυπάρχον.
2543 2309 2604 2361 Εἰ
2626 2309 2681 2361 δέ
2703 2328 2786 2374 τις
2809 2309 3232 2379 ἀνεπηρεάστως
3276 2311 3465 2363 ἀκούει
3490 2314 3583 2363 τοῦ
3606 2311 3765 2379 λόγου

2184 2398 2279 2451 καὶ
2310 2399 2548 2452 τοιοῦτόν
2575 2417 2626 2453 τι
2649 2403 2761 2463 τοῖς
2779 2400 3085 2472 εἰρημένοις
3114 2401 3428 2471 προσθεῖναι
3483 2403 3761 2472 βούλομαι.

430 2520 433 2522 ·
520 2503 810 2566 connexio,
848 2514 1023 2569 neque
1051 2494 1355 2551 extruditur
1382 2502 1475 2547 aut
1504 2502 1723 2545 arcetur
1772 2488 1840 2541 ab
1879 2486 2159 2541 individua
2191 2490 2499 2546 cobmsione
2556 2493 2809 2548 voluntas
2874 2510 2997 2563 quae
3070 2495 3225 2548 bona!
3284 2505 3495 2551 natura
3553 2512 3768 2566 semper

520 2599 687 2653 inest.
721 2594 878 2662 Quod
917 2593 960 2648 si
987 2592 1110 2661 quis
1135 2588 1400 2644 inoffenso
1431 2587 1613 2640 animo
1639 2584 1787 2637 hunc
1817 2580 2091 2636 auscultat
2130 2599 2458 2644 sermonem.
2497 2588 2603 2640 tale
2630 2586 2758 2655 quid
2788 2588 2949 2642 etiam
2989 2593 3153 2646 dictis
3184 2591 3305 2645 volo
3335 2590 3593 2658 adjicere.

596 2684 1063 2757 Quemadmodum
1095 2684 1141 2738 si
1177 2683 1322 2752 quis,
1356 2681 1479 2733 dico
1509 2685 1689 2731 autem
1720 2690 1784 2729 ex
1825 2674 2082 2744 supposi-

2257 2678 2465 2748 Ὥσπερ
2486 2680 2539 2731 εί
2560 2696 2663 2742 τις,
2694 2678 2837 2747 λέγω
2861 2681 2917 2733 δὲ
2940 2683 3060 2736 καθ’
3088 2682 3359 2744 ὑπόθεσιν,
3377 2685 3763 2755 προαιρετική-δ

521 2785 693 2845 tione,
729 2779 1017 2836 electivam
1039 2776 1156 2830 sive
1195 2769 1563 2827 voluntariam
1587 2768 1825 2835 aliquam
1857 2765 2091 2819 flammae

2191 2785 2311 2821 τινα
2361 2772 2424 2840 τῇ
2473 2769 2630 2837 φλογὶ
2661 2768 2886 2840 δύναμιν
2920 2772 3034 2843 δοίη
3056 2815 3069 2837 ,
3116 2774 3270 2843 δῆλον
3309 2776 3375 2827 ἂν
3402 2776 3485 2844 εἴη
3517 2776 3597 2827 ὅτι
3631 2777 3763 2846 ὁμοῦ

522 2876 838 2931 facultatem
865 2867 1101 2929 dederit,
1154 2865 1505 2935 perspicuum
1546 2859 1707 2913 fuerit
1751 2857 1896 2927 quod
1928 2855 2091 2911 simul

2191 2860 2266 2928 τῷ
2295 2856 2431 2914 εἶναι
2457 2863 2489 2931 ἠ
2523 2862 2652 2930 φλὸξ
2680 2865 2774 2917 xui.
2800 2865 2899 2934 τὴν
2928 2866 3103 2936 αὐγὴν
3126 2866 3426 2936 ἐκλάμπειν
3452 2868 3543 2935 ἀφ’
3569 2869 3765 2937 ἑαυτῆς

523 2974 687 3035 atque
725 2975 847 3016 esse
882 2956 1135 3026 coeperit,
1181 2954 1396 3007 ﬂamma
1442 2948 1607 3003 etiam
1645 2962 1711 3000 ex
1764 2946 1947 3015 seipsa
1983 2942 2091 2996 fni-

2191 2952 2405 3021 θελήσει
2430 2969 2444 2983 ο
2495 2953 2770 3025 θελήσασα
2810 2956 2867 3009 δὲ
2908 2958 3123 3021 πάντως
3154 2958 3253 3010 οὐκ
3292 2959 3631 3028 ἀδυνατήσει,
3666 2960 3764 3029 τῆς

523 3070 711 3129 gorem
744 3051 877 3108 velit
902 3050 1120 3104 elucere
1145 3064 1159 3099 :
1189 3044 1375 3097 volens
1414 3048 1599 3094 autem
1630 3052 1737 3091 non
1779 3038 1883 3091 erit
1915 3036 2089 3105 impe-

2194 3045 2427 3113 φυσικῆς
2451 3045 2727 3117 δυνάμεως
2749 3049 2995 3113 ἐπιτελὲς
3024 3049 3281 3118 ποιούσης
3306 3050 3441 3121 ὁμοῦ
3468 3049 3547 3121 τῷ
3576 3053 3765 3119 συστῆ-

523 3125 670 3213 tens,
700 3161 825 3201 cum
864 3139 1133 3197 naturalis
1159 3136 1280 3206 ejus
1311 3132 1540 3186 facultas
1574 3129 1626 3183 id
1652 3127 1863 3183 edicere
1893 3125 2086 3196 possit,

2194 3149 2283 3185 ναι
2326 3132 2424 3203 τὴν
2476 3133 2685 3203 φλόγα,
2729 3137 2790 3189 τὸ
2836 3137 2962 3208 περὶ
3006 3139 3103 3210 τῆς
3150 3139 3324 3209 αὐγῆς
3370 3139 3651 3210 βούλημαο
3692 3140 3766 3202 ὡς

524 3249 584 3295 ut
610 3238 771 3295 simul
799 3248 863 3290 ac
914 3232 1131 3286 liantma
1187 3224 1513 3286 constiterit,
1561 3221 1894 3274 voluntatem
1927 3218 2088 3272 etiam

2195 3226 2601 3297 ἀναντιρῤήτως
2636 3230 2682 3281 εί
2704 3228 2860 3283 τοῦτο
2887 3230 3063 3299 δοθείη
3092 3231 3151 3283 τὸ
3180 3231 3571 3302 προαιρετικῶς
3605 3236 3765 3284 κινεῖ-

802 3287 1009 3378 ἰιᾎιυθθι
1044 3320 1159 3375 :ita
1202 3325 1262 3370 ut
1297 3316 1431 3369 citra
1485 3309 1993 3373 contradictionem,
2044 3308 2091 3362 si

2196 3316 2316 3370 σθαι
2476 3287 2667 3387 ιρλόγα,
2705 3322 2921 3375 πάντων
2946 3287 3083 3375 κατά
3116 3287 3315 3393 ταυτην
3467 3287 3766 3394 συνδρομὴν

527 3424 629 3484 hoc
656 3421 840 3473 datum
872 3416 1055 3473 fuerit,
1083 3408 1392 3463 voluntario
1418 3419 1613 3473 nempe
1642 3410 1790 3457 motu
1818 3400 2091 3455 flammam

528 3507 752 3568 moveri,
783 3505 898 3558 [nec
928 3501 1114 3557 omnia
1139 3510 1473 3553 concurrere
1502 3493 1667 3548 simul
1697 3490 2087 3560 intelligantur,

524 3608 579 3654 et
612 3597 751 3667 ignis
796 3593 1045 3648 accensio
1083 3598 1137 3645 et
1172 3588 1407 3656 fulgendi
1447 3585 1724 3647 voluntas,
1762 3597 1826 3636 ac
1858 3581 2092 3649 denique

530 3691 707 3760 lnlgor
737 3688 874 3757 ipse,
927 3699 1055 3738 cum
1100 3679 1447 3735 voluntarius
1478 3676 1579 3731 iste
1625 3682 1805 3729 motus
1865 3673 2093 3743 fulgoris

526 3777 897 3835 subsistentia:
917 3775 1239 3844 dignitatem
1278 3771 1427 3824 nullo
1461 3767 1626 3821 modo
1674 3764 1935 3834 impediat
1964 3782 1977 3817 :
2011 3765 2092 3818 sic

527 3888 623 3942 per
654 3872 755 3924 hoc
783 3866 928 3936 quod
955 3881 984 3918 a
1004 3864 1163 3919 nobis
1193 3862 1415 3915 allatum
1442 3866 1527 3913 est
1546 3857 1877 3925 exemplum,
1902 3853 2093 3908 etiam-

526 3963 572 4015 si
607 3958 753 4013 Patri
790 3958 991 4010 bonam
1024 3953 1357 4006 voluntatem
1398 3949 1580 4002 inesse
1609 3945 1944 4008 conﬁtearis,
1984 3958 2091 3997 non

530 4059 712 4103 tamen
744 4053 969 4117 propter
1003 4041 1269 4113 ejusmodi
1309 4041 1639 4093 voluntatem
1674 4035 1873 4089 Filium
1907 4050 1941 4088 a
1992 4033 2094 4087 Pa-

526 4152 609 4196 tre
650 4139 971 4210 separabis;
1030 4150 1204 4204 neque
1234 4134 1380 4188 enim
1412 4140 1837 4185 consentaneum
1892 4136 1995 4190 est,
2034 4135 2092 4180 ut

527 4233 661 4287 illud
692 4232 835 4301 quod
877 4228 1131 4283 videlicet
1164 4227 1281 4295 ipse
1310 4223 1480 4278 Filios
1505 4223 1785 4275 voluntate
1814 4220 1989 4275 Patris
2021 4221 2092 4274 sit

527 4322 768 4389 genitus,
810 4317 1199 4387 impedimento
1230 4315 1303 4368 sit
1331 4313 1624 4383 quominus
1659 4312 1805 4365 illico
1835 4326 1959 4364 cum
1993 4326 2091 4365 vo-

528 4416 737 4468 luntate
765 4412 837 4465 sit
871 4409 1104 4478 genitus.
1155 4406 1260 4461 Sed
1311 4405 1769 4475 quemadmodum
1825 4404 1876 4456 in
1932 4403 2093 4457 oculo

527 4506 711 4560 videre
742 4512 797 4557 et
843 4501 978 4556 velle
1003 4499 1230 4561 'videre,
1290 4496 1425 4550 illud
1479 4496 1695 4567 quidem
1736 4507 1821 4550 est
1884 4504 2093 4549 natura:

525 4595 903 4669 operationis,
969 4593 1103 4647 velle
1153 4598 1339 4644 autem
1391 4588 1645 4652 arbitrii;
1708 4596 1948 4641 attamen
2001 4587 2089 4640 hic
2121 4616 2164 4670 Ι)

524 4688 824 4744 voluntatis
860 4696 1043 4739 motus
1070 4698 1179 4737 non
1209 4682 1673 4751 impedimentum,
1704 4680 1799 4734 sed
1837 4680 2086 4733 volunta-

523 4790 634 4837 tem
686 4788 811 4835 actu
848 4777 1068 4833 videndi
1123 4775 1189 4829 ad
1219 4778 1322 4829 boc
1356 4776 1535 4845 ipsum
1583 4774 1903 4842 ingenerat;
1962 4788 2088 4826 nam

526 4873 808 4944 sigillatim
849 4879 904 4925 et
964 4870 1259 4940 separatim
1322 4867 1516 4919 borum
1555 4864 1983 4934 unumquodque
2035 4866 2089 4918 in
2130 4908 2131 4911 η

524 4979 707 5034 seipse
736 4962 1137 5024 consideratur,
1174 4966 1228 5013 et
1264 4959 1493 5012 alterum
1524 4955 1682 5010 alteri
1718 4971 1827 5010 non
1864 4963 1949 5009 est
1986 4956 2089 5008 im-

526 5057 840 5128 pedimento
870 5064 927 5107 ut
979 5054 1073 5116 sit,
1112 5052 1207 5106 sed
1259 5052 1373 5105 haec
1428 5048 1538 5103 duo
1573 5050 1715 5104 inter
1776 5064 1841 5103 se
1898 5056 2089 5102 mutuo

524 5145 928 5218 quodammodo
956 5150 1120 5198 sunt:
1154 5156 1277 5194 nam
1307 5148 1361 5194 et
1388 5138 1655 5194 naturalis
1681 5137 1902 5193 videndi
1934 5150 2090 5192 actus

520 5241 856 5295 voluntatem
887 5235 1157 5303 sequitur,
1191 5241 1246 5286 et
1295 5246 1514 5285 rursum
1550 5232 1802 5285 voluntas
1858 5230 1927 5284 ab
1986 5230 2090 5284 hoc

524 5337 673 5385 tnotu
710 5325 927 5381 videndi
968 5323 1059 5393 qui
1092 5331 1178 5377 est
1215 5320 1517 5376 secundum
1554 5329 1832 5384 naturam,
1865 5335 1972 5372 non
1993 5320 2089 5374 de-

521 5420 765 5475 seritur:
802 5422 862 5469 ut
890 5414 1057 5484 igitur
1085 5412 1244 5465 oculo
1276 5411 1544 5480 inspectio
1578 5426 1673 5463 seu
1708 5410 1848 5463 visio
1893 5418 2087 5463 natura

521 5510 689 5565 insita
719 5513 823 5573 est,
855 5515 911 5561 et
940 5503 1161 5559 videndi
1212 5504 1468 5557 voluntas
1530 5501 1734 5554 nullam
1770 5500 2085 5554 dilationem

522 5602 594 5656 ad
619 5601 794 5671 ipsum
826 5596 1048 5653 videndi
1081 5607 1263 5651 actum
1296 5595 1494 5657 attulit,
1524 5592 1619 5647 sed
1644 5593 1757 5645 vult
1792 5593 1843 5646 ei
1870 5593 2084 5655 adesse,

521 5704 575 5749 et
605 5694 748 5764 (ιιιοὰ
776 5692 893 5745 volt
920 5698 1043 5747 est:
1073 5688 1149 5743 sic
1166 5696 1221 5742 et
1240 5686 1292 5741 in
1317 5685 1590 5747 inetIabili,
1614 5696 1939 5753 omnemque
1993 5700 2085 5737 co-

522 5784 838 5857 gitationem
876 5788 1170 5851 superante
1201 5786 1418 5837 natura,
1448 5774 1631 5827 omnia
1678 5774 1841 5828 simul
1877 5780 1932 5825 et
1996 5789 2085 5826 se-

534 5878 772 5934 cundum
805 5874 945 5930 idem
975 5887 1097 5929 esse
1144 5869 1515 5939 intelligimus,
1554 5875 1607 5919 et
1659 5868 1847 5921 aeterni
1910 5864 2085 5921 Patris

2192 3409 2450 3468 νοεῖσθαι,
2493 3411 2593 3480 τῆς
2626 3430 2682 3464 τε
2730 3412 2823 3466 τοῦ
2874 3415 3040 3485 πυρὸς
3079 3415 3339 3483 ἐξάψεως,
3391 3417 3483 3469 καὶ
3514 3416 3607 3469 τοῦ
3640 3417 3767 3486 περὶ

2192 3501 2290 3570 τὴν
2323 3502 2495 3572 αὐγήν
2528 3503 2850 3574 θελήματος,
2882 3508 2974 3560 καὶ
3005 3508 3172 3577 αὐτῆς
3196 3510 3295 3578 τῆς
3328 3508 3519 3577 αὐγῆς,
3553 3509 3628 3571 ὡς
3660 3526 3763 3577 μη·

2191 3594 2280 3647 δὲν
2314 3596 2412 3664 τῆς
2457 3598 2844 3667 προαιρετικῆς
2876 3602 3140 3668 κινήσεως
3182 3600 3316 3671 πρὸς
3353 3599 3450 3671 τὴν
3483 3601 3640 3666 ἀξίαν
3670 3604 3767 3671 τῆς

2191 3685 2365 3753 αὐγῆς
2399 3686 2695 3739 ὑπόστασιν
2725 3688 3120 3757 ἐμποδιζούσης
3150 3706 3161 3717 ⁸
3209 3689 3381 3752 οὕτως
3416 3689 3553 3743 κατά
3589 3691 3644 3742 τὸ
3670 3694 3768 3760 ρη-

2196 3776 2291 3829 θέν
2323 3778 2451 3846 ἡμῖν
2472 3777 2790 3847 ὑπόδειγμα,
2816 3780 2909 3830 καὶ
2933 3778 3009 3848 τῷ
3039 3780 3209 3849 Πατρὶ
3234 3780 3292 3832 τὸ
3318 3779 3520 3847 ἀγαθὸν
3558 3778 3767 3849 θέλημα

2194 3867 2585 3936 συνομολογῶν,
2613 3869 2711 3921 οὐκ
2748 3870 3073 3941 ἀποστήσεις
3101 3872 3187 3923 διὰ
3224 3870 3316 3923 τοῦ
3350 3870 3649 3941 θελήματος
3671 3871 3764 3922 τοῦ

2194 3958 2406 4028 Πατρὸς
2436 3959 2526 4011 τὸν
2571 3960 2721 4013 Υίόν.
2769 3962 2899 4014 Οὐδὲ
2929 3963 3037 4033 γὰρ
3076 3964 3218 4025 είκός
3253 3965 3366 4015 ἐστι
3402 3965 3462 4015 τὸ
3506 3962 3596 4015 τοῦ
3627 3958 3766 4016 εἶναι

2193 4049 2355 4101 αὐτὸν
2400 4049 2661 4120 βούλημα,
2712 4053 2964 4121 ἐμπόδιον
3007 4053 3100 4105 τοῦ
3140 4054 3302 4117 εὐθὺς
3332 4049 3470 4107 εἶναι
3499 4054 3764 4121 γίνεσθαι.

2208 4141 2339 4194 Ἀλλ’
2370 4143 2555 4213 ὥσπερ
2588 4145 2643 4195 ἐν
2676 4143 2753 4213 τῷ
2785 4144 3045 4215 ὀφθαλμῷ
3077 4146 3135 4198 τό
3194 4163 3253 4198 τε
3301 4145 3520 4215 βλέπειν
3573 4147 3663 4198 καὶ
3702 4146 3763 4198 τὸ

2194 4233 2367 4286 θέλειν
2399 4233 2634 4304 βλέπειν,
2670 4235 2728 4287 τὸ
2760 4236 2857 4306 μὲν
2883 4237 2980 4305 τῆς
3005 4235 3216 4305 φύσεώς
3237 4238 3385 4289 ἐστιν
3414 4238 3679 4308 ἐνέργεια,
3703 4236 3765 4288 τὸ

2192 4326 2248 4379 δὲ
2286 4325 2608 4396 ὁρμηθῆναι,
2662 4327 2760 4395 τῆς
2792 4327 3185 4397 προαιρέσεως,
3232 4329 3290 4380 οὐ
3347 4329 3452 4399 μὴν
3486 4328 3763 4399 ἐμπόδιον,

2194 4411 2329 4465 ἀλλὰ
2362 4410 2553 4480 βουλὴν
2584 4415 2801 4481 ἐμποιεί
2831 4417 2897 4483 τῇ
2942 4416 3192 4487 ἐνεργείᾳ
3231 4415 3321 4468 τοῦ
3363 4416 3578 4485 βλέπειν
3630 4416 3767 4488 πρὸς

2194 4502 2321 4554 αὐτὸ
2357 4501 2516 4554 τοῦτο
2559 4503 2657 4572 τῆς
2696 4504 3066 4575 προαιρέσεως
3114 4507 3145 4575 ἡ
3195 4506 3409 4576 κίνησις
3444 4523 3457 4537 ·
3514 4506 3617 4577 ἰδίᾳ
3657 4506 3765 4575 γὰρ

2193 4591 2395 4644 τούτων
2450 4591 2711 4663 ἑκάτερον
2760 4594 2853 4645 καὶ
2903 4593 2987 4661 ἐφ’
3038 4595 3226 4648 ἑαυτοῦ
3269 4595 3567 4667 θεωρεῖται,
3614 4597 3764 4650 οὐδὲν

2194 4683 2448 4752 ἐμπόδιον
2472 4683 2605 4754 πρὸς
2625 4684 2685 4736 τὸ
2708 4679 2847 4737 εἶναι
2866 4684 2927 4737 τὸ
2950 4684 3035 4737 ’έτε
3045 4702 3132 4755 ρον
3155 4685 3232 4756 τῷ
3254 4666 3423 4758 ἑτέρῳ
3460 4687 3761 4758 γινόμενον,
3834 4666 3837 4667 ν

2191 4774 2325 4827 ἀλλὰ
2337 4775 2403 4827 τὲι
2417 4775 2531 4839 δύο,
2545 4774 2742 4847 τρόπον
2759 4775 2877 4828 τινὰ
2898 4778 3012 4844 μετ’
3026 4776 3266 4845 ἀλλήλων
3284 4780 3417 4842 ἐστὶ,
3435 4779 3533 4848 τῆς
3545 4796 3603 4830 τε
3618 4796 3686 4847 φυ
3696 4796 3765 4831 σι-

2193 4867 2295 4934 κῆς
2318 4867 2595 4936 ἐνεργείας
2627 4870 2692 4937 τῇ
2726 4867 3037 4937 προαιρέσει
3065 4870 3538 4941 παρομαρτοῦσης,
3560 4872 3763 4941 καὶτῆς

2192 4954 2558 5021 προαιρέσεως
2588 4953 2746 5006 πάλιν
2776 4954 2872 5006 τοῦ
2902 4956 3042 5009 κατά
3074 4956 3232 5024 φύσιν
3269 4960 3369 5011 οὐκ
3400 4959 3763 5029 ἀπολιμπανο·

2197 5044 2364 5113 μένης
2383 5046 2679 5114 κινήματος
2711 5062 2723 5076 ⁸
2772 5046 2845 5109 ὡς
2874 5043 2965 5099 οὖν
2996 5047 3072 5117 τῷ
3095 5047 3357 5121 ὀφθαλμῷ
3385 5052 3418 5120 ὴ
3442 5051 3761 5119 κατανόησις

2193 5138 2443 5206 συμφυής
2492 5139 2628 5204 ἐστι,
2679 5138 2963 5209 καὶτοῦ
3029 5142 3159 5211 ὁρᾷν
3208 5140 3458 5212 βούλησις
3512 5142 3763 5212 οὐδεμίαν

2193 5226 2482 5296 ὑπέρθεσιν
2502 5226 2640 5295 πρὸς
2670 5229 2799 5279 αὐτὸ
2823 5228 2955 5300 ὁρᾷν
2981 5229 3315 5298 ἐνεποίησεν,
3338 5230 3472 5283 ἀλλά
3505 5232 3598 5283 καὶ
3620 5231 3760 5283 θέλει

2191 5321 2338 5390 αὐτῷ
2366 5317 2502 5375 εἶναι
2529 5322 2627 5392 τὴν
2655 5323 2870 5393 ὅρασιν,
2908 5323 3001 5376 καὶ
3028 5323 3057 5376 ὃ
3088 5323 3229 5376 θέλει
3275 5326 3420 5377 ἐστίν
3443 5339 3457 5353 ⁸
3506 5325 3647 5379 οὕτω
3674 5329 3765 5380 καὶ

2190 5413 2282 5463 ἐπὶ
2327 5412 2424 5480 τῆς
2472 5414 2709 5485 ἀρρήτου
2757 5414 2850 5466 καὶ
2879 5414 3019 5485 ὑπὲρ
3060 5417 3240 5467 πᾶσαν
3270 5415 3475 5468 ἔννοιαν
3520 5417 3760 5485 φύσεως,

2193 5504 2408 5555 πάντων
2431 5503 2546 5573 ἅμα
2591 5505 2732 5556 κατὰ
2762 5506 2959 5558 ταυτὸν
2985 5507 3255 5575 ἐγγίνεται
3288 5511 3420 5579 ἡμῖν
3464 5512 3496 5579 ή
3537 5510 3761 5572 διάνοια,

2189 5594 2290 5662 si};
2323 5611 2379 5645 τε
2410 5594 2577 5646 ἀϊδίου
2594 5593 2686 5647 τοῦ
2719 5596 2928 5666 Πατρὸς
2945 5597 3247 5666 ὑπάρξεως.
3276 5603 3368 5653 καὶ
3389 5603 3517 5673 περὶ
3533 5602 3623 5654 τὸν
3641 5603 3764 5655 Υίὸν

2195 5684 2512 5755 θελήματος,
2552 5688 2644 5739 καὶ
2671 5688 2832 5740 αὐτοῦ
2864 5688 2957 5740 τοῦ
2986 5689 3135 5753 Υίοῦ,
3181 5690 3297 5756 τοῦ,
3335 5692 3517 5755 καθώς
3546 5711 3708 5764 φησιν
3739 5696 3767 5748 ὁ

2208 5779 2478 5846 Ἰωάννης,
2515 5778 2571 5829 ἐν
2603 5780 2667 5848 τῇ
2702 5780 2841 5849 ἀρχῇ
2874 5780 3046 5842 ὄντος,
3079 5783 3171 5833 καί
3202 5783 3261 5834 οὐ
3297 5783 3434 5852 μετά
3464 5785 3561 5853 τὴν
3594 5786 3766 5856 ἀρχὴν

2197 5866 2507 5935 νοουμένου.
2550 5868 2714 5939 Ἀρχὴ
2743 5868 2798 5921 δὲ
2830 5868 2920 5921 τοῦ
2951 5870 3146 5933 παντὸς
3172 5874 3199 5924 ὁ
3220 5872 3410 5947 Πατήρ
3435 5891 3446 5903 ·
3480 5874 3595 5929 ἀλλ’
3617 5876 3674 5933 ὲν
3698 5876 3764 5947 τῇ
