4142 6374
514 338 625 396 779

1797 344 1852 399 S.
1897 346 2226 402 GREGOllH
2247 343 2548 405 ‘NYSSENI

3651 347 3757 407 780

515 469 602 528 [ta
637 461 944 524 inciderint,
977 462 1066 531 pia
1107 465 1328 517 notione
1357 479 1417 516 ac
1452 464 1810 532 intelligentia
1845 483 2081 536 prtemu-

2192 473 2508 541 μονογενοῦς
2555 472 2688 525 Θεοῦ
2726 473 2785 524 τὸ
2831 473 2904 543 μὴ
2940 467 3075 524 εἶναι
3125 472 3218 524 τοῦ
3248 467 3387 524 εἶναι
3418 486 3758 523 κατασκευα-

515 551 644 605 nilis
676 552 1014 606 manifestior
1046 552 1137 606 ﬁat
1158 555 1590 609 adversariorum
1613 558 2082 630 hlasphcmia,qui

513 644 568 697 in
621 644 902 713 unigenito
955 643 1066 700 Deo
1124 663 1234 700 non
1289 663 1605 716 essequam
1645 665 1766 704 esse
1829 660 2084 706 astruunt

511 737 808 804 antiquius.

583 828 771 894 Operm
789 829 1022 896 pretium
1041 839 1220 883 autem
1249 831 1376 884 tnihi
1413 832 1646 894 videtur,
1671 835 1801 904 quid
1842 851 2078 905 genera-

513 918 680 970 tionis
710 935 909 973 nomen
941 921 1230 990 signiﬁcet.
1289 925 1565 978 exactiore
1596 931 1844 982 examine
1892 930 1943 982 in
1979 930 2081 982 hac

513 1009 884 1077 disputatione
939 1013 1293 1080 perpendere.
1336 1013 1493 1078 Quod
1564 1016 1730 1084 igitur
1783 1033 1847 1074 ex
1899 1020 2079 1089 aliqua

512 1114 678 1153 causa
710 1115 832 1155 esse
859 1117 1054 1156 nomen
1086 1104 1216 1158 illud
1260 1115 1631 1175 repraesentet,
1656 1109 1829 1163 cuivis
1863 1112 2071 1180 perspi-

512 1204 676 1242 cuum
702 1199 806 1255 est,
834 1207 935 1245 nec
966 1191 1067 1245 hac
1097 1192 1163 1248 de
1184 1209 1244 1250 re
1270 1193 1637 1250 dimicandum
1673 1213 1794 1252 esse
1822 1201 2074 1256 arbitror.

513 1278 619 1334 Sed
654 1284 912 1350 quoniam
947 1299 1139 1338 eorum
1175 1301 1295 1355 quae
1320 1303 1386 1341 ex
1442 1289 1622 1357 aliqua
1679 1304 1845 1345 causa
1893 1291 2078 1346 subsi-

511 1380 665 1425 stunt
709 1373 967 1429 differens
997 1385 1080 1430 est
1112 1379 1271 1438 ratio,
1325 1379 1430 1432 hoc
1460 1379 1717 1434 existimo
1763 1383 2076 1444 convenire,

509 1461 558 1514 si
610 1462 907 1517 artiﬁciosa
947 1465 1125 1534 aliqua
1172 1465 1439 1520 divisione
1495 1469 1710 1538 planius
1751 1471 2074 1539 explicetur.

511 1548 709 1605 Eorum
746 1555 912 1621 igitur
941 1571 1062 1624 qum
1093 1556 1162 1610 ab
1197 1559 1378 1626 aliquo
1415 1559 1579 1614 ﬁunt.
1612 1561 1712 1614 bas
1743 1561 2078 1616 differentias

510 1644 1051 1712 comprehendimus.
1083 1646 1340 1712 Quadam
1387 1651 1530 1703 enim
1559 1668 1623 1706 ex
1674 1653 1900 1706 materia
1951 1660 2080 1706 sunt

509 1742 563 1786 et
591 1744 728 1799 arte,
770 1744 830 1788 ut
854 1736 1206 1791 aediﬁciorum
1237 1747 1290 1793 et
1325 1741 1656 1808 reliquorum
1708 1758 1932 1812 operum
1983 1758 2078 1797 ex-

2192 583 2197 590 ν

2187 566 2385 630 ςόντων
2417 566 2806 638 πρεσϐύτερον.

2253 827 2410 878 Δοκεῖ
2434 825 2488 878 δέ
2523 842 2610 895 μοι
2656 824 2835 887 καλῶς
2881 823 3021 893 ἔχειν
3051 822 3182 876 αὑτὸ
3213 821 3315 891 τῆς
3358 823 3660 892 γεννήσεως
3689 821 3751 874 τὸ

2184 919 2605 988 σημαινόμενον,
2661 918 2724 970 δι’
2754 917 3180 987 ἐπιμελεστέρας
3207 915 3506 982 ἐξετάσεως
3537 914 3752 966 διασκο-

2181 1015 2350 1084 πῆσαι
2371 1011 2447 1081 τῷ
2472 1012 2630 1081 λύγῳ.
2663 1012 2783 1064 Ὅτι
2818 1013 2914 1081 μὲν
2943 1006 3034 1063 οὖν
3066 1009 3125 1062 τὸ
3155 1010 3211 1073 ἐξ
3236 1009 3414 1071 αἰτίας
3447 1004 3584 1060 εἷναί
3607 1025 3750 1070 τινος

2179 1105 2237 1156 τὸ
2268 1105 2436 1174 ὄνομα
2465 1103 2618 1156 τοῦτο
2649 1101 2962 1174 παρίστησι,
2999 1102 3158 1154 παντὶ
3190 1100 3346 1170 δῆλόν
3373 1103 3508 1163 ἐστι,
3542 1098 3632 1152 καὶ
3659 1099 3750 1150 οὑέ

2179 1196 2264 1248 δἐν
2291 1192 2444 1266 οἶμαι
2482 1197 2678 1266 χρῆναι
2713 1195 2839 1267 περὶ
2884 1194 3071 1248 τούτου
3118 1191 3544 1261 διαγωνίζεσθαι.
3608 1191 3750 1243 Ἀλλ’

2178 1288 2363 1357 ἐπειδὴ
2407 1287 2662 1357 διάφορος
2689 1285 2795 1338 τῶν
2823 1285 2883 1349 ἐξ
2916 1285 3091 1347 αἰτίας
3123 1283 3504 1352 ὑφεστηκότων
3540 1281 3684 1333 ἐστὶν
3718 1282 3749 1332 ὁ

2178 1378 2370 1447 λόγος,
2415 1378 2561 1431 τοῦτ’
2609 1374 2760 1449 οἶμαι
2806 1377 3101 1446 προσήκειν
3153 1375 3242 1428 διά
3294 1391 3438 1438 τινος
3495 1373 3748 1442 τεχνικῆς

2177 1469 2490 1538 διαιρέσεως
2528 1468 2920 1539 σαφηνισθῆναι
2965 1465 3042 1534 τῷ
3086 1466 3248 1535 λόγῳ.
3299 1464 3418 1515 Τῶν
3458 1463 3635 1515 τοίνυν
3685 1463 3750 1514 ἐκ

2177 1577 2318 1622 τινος
2340 1563 2640 1631 γινομένων
2682 1561 2881 1622 ταύτας
2907 1557 3006 1621 τὰς
3029 1555 3290 1626 διαφορὰς
3316 1554 3743 1624 κατειλήφαμεν,

2180 1652 2260 1704 Τά
2298 1653 2393 1720 μὲν
2427 1654 2534 1724 γὰρ
2565 1653 2623 1716 ἐξ
2654 1652 2786 1721 ὕλης
2813 1652 2929 1703 ἐστὶ
2961 1650 3053 1702 καὶ
3083 1649 3294 1718 τέχνης,
3339 1646 3416 1708 ὡς
3444 1647 3499 1699 αἱ
3530 1644 3637 1697 τῶν
3668 1647 3748 1695 οἱ-

2180 1743 2378 1812 κοόομη
2389 1744 2569 1811 μάτων
2593 1743 2687 1795 καὶ
2712 1742 2819 1794 τῶν
2851 1741 3050 1794 λοιπῶν
3078 1739 3254 1810 ἔργων
3277 1735 3630 1798 κατασκευαὶ,
3659 1735 3746 1788 διὰ

509 1825 862 1890 strnctiones,
894 1843 1016 1896 quae
1042 1843 1111 1882 ex
1137 1832 1546 1899 congrua.ﬁunt
1582 1834 1830 1895 materia,
1875 1835 2076 1904 quibus

2184 1833 2274 1900 τῆς
2296 1832 2624 1901 καταλλήλου
2649 1832 2779 1898 ὑλης
2801 1832 3111 1901 γινόμεναι·
3142 1827 3462 1898 καθηγεῖται
3481 1843 3562 1888 τις
3583 1826 3744 1895 τέχνη

509 1925 708 1984 ιιι-ποδὶ
735 1932 825 1970 ars
857 1919 1061 1987 aliqua,
1095 1935 1213 1988 qua:
1249 1922 1314 1975 ad
1357 1924 1640 1992 proprium
1681 1939 1908 1994 scopum
1967 1927 2081 1981 sive

509 2007 670 2061 tinem
703 2009 1040 2078 propositum
1072 2012 1176 2066 sibi
1205 2013 1534 2080 subjectum,
1567 2030 1632 2069 ex
1659 2014 1726 2070 iis
1747 2030 1867 2084 qua:
1924 2015 2077 2081 ﬁunt,

509 2097 760 2164 perducit
797 2113 860 2151 ac.
907 2099 1176 2154 absolvit:
1211 2101 1458 2170 quaedam
1507 2117 1572 2154 ex
1611 2105 1839 2158 materia
1886 2115 1940 2159 et
1982 2121 2081 2159 na-

508 2196 676 2255 tura;
735 2206 860 2244 nam
926 2193 1267 2246 successivas
1319 2193 1631 2246 animalium
1701 2198 2080 2264 generationes

509 2288 704 2332 natura
739 2282 993 2345 exstruit,
1027 2298 1088 2334 ex
1131 2285 1392 2337 materiali
1435 2301 1727 2354 corporum
1785 2289 2083 2342 subsisten-

511 2371 584 2424 tia
610 2386 770 2425 snum
809 2388 946 2442 opus
977 2374 1252 2428 ciﬁciens:
1285 2375 1389 2427 alia
1428 2392 1557 2430 vero
1590 2394 1653 2431 ex
1691 2380 1956 2433 materiali
1987 2381 2079 2434 dt:-

510 2459 679 2526 ﬂuxu,
737 2463 792 2515 in
845 2463 1042 2532 quibus
1096 2476 1147 2518 et
1185 2467 1484 2535 principale
1536 2466 1840 2537 subjectum
1895 2478 2081 2525 manet

510 2554 670 2620 quale
703 2561 805 2616 est,
847 2564 900 2609 et
938 2557 1081 2624 quod
1115 2557 1181 2610 ab
1227 2558 1319 2611 illo
1348 2558 1464 2611 ﬂuit
1510 2559 1562 2612 in
1613 2561 1794 2631 seipso
1827 2563 2082 2617 conside-

512 2652 690 2707 ratur,
715 2655 776 2698 ut
805 2647 856 2699 in
881 2649 996 2700 sole
1017 2661 1063 2701 et
1099 2650 1274 2712 radio,
1306 2652 1388 2703 vel
1420 2652 1473 2704 in
1508 2652 1726 2706 lucerna
1757 2661 1810 2707 et
1843 2653 2073 2724 fulgore,

508 2735 594 2788 vel
626 2736 679 2787 in
709 2737 1081 2791 odoramentis
1110 2747 1163 2792 et
1198 2743 1512 2807 unguentis.
1546 2751 1599 2796 et
1626 2743 1750 2796 inde
1789 2754 2078 2812 evaporata

511 2825 779 2894 qualitate
810 2845 822 2879 :
855 2829 966 2880 btec
1002 2831 1142 2880 enim
1181 2831 1307 2882 licet
1344 2831 1396 2882 in
1454 2832 1649 2900 St'iPSiS
1683 2847 1788 2886 non
1814 2833 2078 2886 diminuta

510 2924 786 2977 maneant,
823 2919 1005 2970 statim
1045 2919 1242 2973 habent
1269 2921 1478 2987 singula
1523 2925 1978 2978 concomitantem
2008 2941 2072 2978 ex

510 3009 706 3078 seipsis
731 3017 1070 3063 emanantem
1113 3013 1412 3068 naturalem
1443 3015 1848 3083 proprietatem,
1890 3025 1949 3068 ut
1993 3017 2076 3071 sol

509 3097 746 3161 radium,
771 3099 990 3153 lucerna
1024 3100 1310 3170 fulgorem,
1334 3103 1686 3156 odoramenta
1720 3105 1772 3157 in
1798 3120 1922 3159 aere
1955 3120 2077 3159 sua-

510 3204 629 3243 vem
683 3205 747 3243 ex
783 3191 913 3259 ipsis
971 3192 1172 3245 editam
1242 3191 1618 3262 fragrantiam.
1659 3193 1754 3249 Est
1815 3205 2078 3263 praeterea

511 3283 722 3351 species
757 3285 860 3338 alia
887 3285 1278 3353 generationis,
1313 3286 1471 3354 cujus
1501 3302 1668 3341 causa
1701 3288 1921 3357 quidem
1975 3289 2080 3342 im-

508 3375 814 3430 tnaterialis
848 3387 931 3430 est
968 3386 1021 3430 et
1050 3379 1396 3445 incorporea,
1448 3379 1725 3447 generatio
1757 3396 1882 3434 vero
1911 3382 2083 3436 sensi-

509 3468 636 3523 bilis
661 3476 715 3521 et
745 3469 1079 3537 corporalis:
1110 3468 1232 3523 dico
1263 3477 1442 3523 autem
1467 3485 1771 3524 sermonem
1804 3487 1869 3525 ex
1903 3479 2084 3526 mente

509 3570 827 3631 generatum
856 3577 872 3613 :
900 3577 1020 3614 cum
1051 3561 1194 3614 enim
1241 3562 1313 3614 sit
1365 3561 1688 3630 incorporea
1755 3579 1928 3628 meus,
1984 3579 2083 3633 per

511 3653 878 3708 instrumenta
922 3652 1200 3704 sensibilia
1255 3667 1562 3705 sermonem
1614 3654 1774 3722 parit.
1831 3653 2079 3707 Totidem

510 3746 881 3814 generationis
906 3743 1242 3798 differentias
1295 3744 1444 3797 velut
1487 3744 1539 3796 in
1570 3745 1806 3811 generali
1844 3745 2078 3814 quadam

512 3836 885 3905 speculatione
938 3834 1316 3903 cognovimus.
1375 3832 1506 3886 Nam
1555 3850 1892 3903 quzecunque
1943 3835 2082 3888 miro

509 3927 745 3996 quodam
779 3934 833 3980 et
883 3925 1198 3994 prodigioso
1231 3924 1396 3977 modo
1434 3939 1463 3976 a
1521 3937 1713 3977 natura
1761 3927 2081 3994 gignuntur,

512 4034 609 4072 seu
649 4034 772 4072 cum
827 4033 1057 4086 corpora
1099 4018 1459 4086 quormndam
1525 4018 1841 4071 animalium
1878 4019 1931 4071 in
1977 4019 2085 4072 alia

511 4108 758 4178 qumdam
794 4107 1022 4161 diversa:
1047 4109 1245 4176 speciei
1283 4117 1476 4171 mutat,
1512 4123 1608 4161 seu
1652 4123 1777 4161 cum
1808 4108 1876 4162 ab
1907 4109 2084 4178 aliqua

511 4201 864 4266 humidorum
897 4201 1242 4261 alteratione,
1273 4201 1356 4253 vel
1388 4200 1661 4254 seminum
1709 4202 2080 4269 corruptione,

509 4294 598 4347 vel
628 4295 897 4363 lignorum
927 4291 1216 4360 putredine
1240 4289 1501 4344 animalia
1521 4292 1767 4360 qumdam
1789 4292 2041 4360 producit
2067 4309 2081 4356 ;

511 4387 596 4439 vel
629 4402 752 4438 cum
792 4403 855 4439 ex
892 4387 1032 4455 ignis
1066 4385 1496 4438 condensatione
1559 4384 1842 4438 humidum
1883 4400 1950 4438 ex
1982 4395 2086 4437 tor-

2183 1923 2318 1993 πρὸς
2363 1923 2454 1975 τὸν
2501 1923 2629 1975 ἴδιον
2679 1924 2876 1976 σκοπὸν
2918 1923 3024 1974 τῶν
3074 1920 3368 1990 γινομένων
3399 1917 3461 1971 τὸ
3489 1917 3746 1986 προτεθὲν

2182 2015 2643 2087 συμπεραίνουσα·
2675 2015 2744 2068 τὰ
2769 2015 2825 2066 δὲ
2853 2014 2911 2079 ἐξ
2941 2013 3072 2084 ὕλης
3105 2015 3199 2066 καὶ
3231 2011 3444 2082 φύσεως
3467 2027 3482 2042 ·
3513 2009 3612 2072 τὰς
3637 2008 3747 2078 γὰρ

2181 2105 2238 2172 ἐξ
2258 2105 2498 2175 ἀλλήλων
2525 2105 2762 2174 γενέσεις
2786 2105 2891 2156 τῶν
2923 2105 3126 2176 ζώωνή
3157 2105 3318 2174 φύσις
3346 2103 3634 2173 οἰκοδομεῖ,
3658 2101 3745 2153 διὰ

2179 2198 2277 2266 τῆς
2309 2200 2365 2250 ἐν
2396 2199 2509 2261 τοῖς
2540 2196 2784 2267 σώμασιν
2817 2198 3004 2268 ὑλικῆς
3052 2196 3399 2259 ὑποστάσεως
3447 2194 3508 2247 τὸ
3545 2193 3744 2262 ἑαυτῆς

2181 2285 2475 2355 ὲνεργοῦσα
2500 2303 2512 2314 ’
2544 2286 2612 2342 τὰ
2637 2287 2693 2338 δὲ
2714 2284 2770 2350 ἐξ
2790 2285 2979 2356 ὑλικῆς
3007 2287 3321 2358 ἀπορροίας,
3361 2284 3444 2354 ἐφ’
3469 2278 3544 2337 ὧν
3567 2283 3659 2338 καὶ
3685 2283 3749 2333 τὸ

2181 2376 2588 2447 προηγούμενον
2629 2377 2776 2446 μένει
2820 2371 2928 2430 οἷόν
2968 2379 3103 2442 ἐστι,
3149 2379 3243 2429 καὶ
3291 2376 3353 2428 τὸ
3393 2376 3486 2427 ἀπ’
3535 2374 3744 2426 ἐκείνου

2184 2468 2306 2538 ῥέον
2348 2467 2433 2536 ἐφ’
2469 2468 2662 2520 ἑαυτοῦ
2715 2470 2932 2529 νοεῖται,
2960 2467 3036 2528 ὡς
3074 2468 3166 2519 ἐπὶ
3207 2465 3301 2518 τοῦ
3343 2465 3494 2535 ἡλίου
3526 2465 3619 2518 καὶ
3645 2461 3744 2530 τῆς

2181 2560 2414 2621 ἀκτῖνος,
2445 2559 2478 2629 ἢ
2509 2558 2601 2610 ἐπὶ
2633 2559 2731 2628 τῆς
2763 2556 3042 2628 λαμπάδος
3072 2557 3166 2610 καὶ
3209 2557 3309 2625 τῆς
3341 2555 3534 2624 αὑγῆς,
3578 2553 3611 2622 ἢ
3651 2551 3744 2605 ἐπὶ

2179 2650 2288 2702 τῶν
2310 2649 2614 2718 ἀρωμάτων
2648 2667 2706 2701 τε
2739 2650 2834 2702 καὶ
2879 2648 3084 2718 μύρων,
3132 2647 3226 2701 καὶ
3252 2647 3350 2716 τῆς
3377 2645 3581 2699 ἐκεῖθεν
3608 2643 3746 2696 ὲνδιο

2179 2741 2408 2810 δομένης
2447 2742 2728 2811 ποιότητος
2761 2759 2774 2772 ο
2816 2741 2984 2794 ταῦτα
3017 2739 3125 2810 γὰρ
3151 2742 3234 2808 ἐφ’
3269 2739 3474 2793 ἑαυτῶν
3500 2738 3743 2808 ἁμείωτα

2184 2830 2432 2899 μένοντα,
2466 2831 2627 2894 εὐθὺς
2667 2831 2779 2901 ἔχει
2812 2829 3382 2901 συμπαρομαρτοῦσαν
3408 2829 3620 2896 ἑκάστῳ
3645 2831 3747 2898 τὴν

2180 2921 2273 2973 ἀπ’
2305 2921 2483 2974 αὑτῶν
2519 2922 2866 2992 ἐκδιδομένην
2892 2921 3122 2993 φυσικὴν
3152 2923 3386 2992 ἰδιότητα
3409 2936 3424 2951 ·
3466 2915 3576 2973 οἷον
3597 2922 3625 2972 ὁ
3647 2920 3746 2990 μὲν

2180 3015 2328 3085 ἥλιος
2350 3015 2449 3085 τὴν
2474 3015 2684 3078 ἀκτῖνα,
2711 3016 2742 3084 ἡ
2776 3015 2830 3067 δὲ
2858 3015 3078 3082 λαμπὰς
3099 3015 3195 3084 τὴν
3221 3013 3413 3082 αὑγήν,
3438 3012 3506 3065 τὰ
3524 3012 3580 3066 δὲ
3599 3009 3745 3082 ἀρώ-

2187 3123 2328 3175 ματα
2361 3106 2457 3176 τὴν
2483 3105 2560 3176 τῷ
2586 3107 2753 3176 ἁερίῳ
2783 3106 2842 3171 ἐξ
2867 3106 3040 3158 αὑτῶν
3078 3106 3460 3176 ἐντικτομένην
3486 3104 3732 3157 εὐωδίαν.

2186 3199 2340 3250 Ἔστι
2376 3199 2468 3250 καὶ
2511 3198 2693 3268 ἕτερον
2721 3195 2858 3260 εἶδος
2891 3197 3043 3268 παρά
3071 3197 3238 3250 ταῦτα
3263 3198 3584 3267 γεννήσεως,
3621 3189 3681 3247 οὗ
3710 3197 3744 3264 ἡ

2185 3290 2281 3360 μὲν
2309 3290 2455 3342 αἰτία
2494 3289 2654 3352 ἄῦλός
2681 3291 2797 3341 ἐστι
2836 3291 2928 3342 καὶ
2963 3288 3249 3360 ἀσώματος
3271 3329 3286 3350 ,
3329 3291 3361 3359 ἡ
3411 3289 3467 3342 δὲ
3498 3289 3746 3356 γέννησις

2182 3382 2410 3451 αἰσθητή
2435 3400 2492 3435 τε
2516 3381 2607 3435 καὶ
2641 3381 2727 3433 διὰ
2767 3381 3042 3450 σώματος·
3075 3381 3218 3449 λέγω
3238 3381 3294 3433 δὲ
3322 3380 3413 3432 τὸν
3446 3381 3510 3432 ὲκ
3530 3379 3622 3431 τοῦ
3653 3378 3746 3430 νοῦ

2181 3474 2514 3544 γεννώμενον
2542 3475 2697 3543 λόγον
2716 3493 2730 3506 ·
2776 3476 3063 3546 ἀσώματος
3095 3476 3205 3547 γὰρ
3231 3475 3304 3528 ὢν
3349 3474 3470 3530 καθ’
3506 3472 3694 3528 ἑαυτὸν
3719 3475 3751 3526 ὁ

2182 3564 2324 3626 νοῦς,
2355 3563 2442 3616 διὰ
2484 3565 2592 3617 τῶν
2634 3565 2904 3635 αἰσθητῶν
2951 3567 3195 3637 ὀργάνων
3229 3567 3399 3619 τίκτει
3444 3565 3535 3618 τὸν
3568 3565 3746 3633 λόγον.

2183 3655 2460 3719 Τοσαύτας
2504 3658 2806 3727 γεννήσεως
2852 3658 3111 3729 διαφορὰς
3165 3656 3276 3711 οἷον
3322 3660 3379 3711 ἐν
3427 3661 3612 3730 γενικῇ
3642 3675 3748 3710 τινι

2184 3743 2386 3814 θεωρία
2416 3748 2837 3815 κατενοήσαμεν.
2886 3747 2966 3798 Τὰ
2999 3746 3106 3814 γὰρ
3133 3747 3232 3800 ὅσα
3259 3746 3746 3819 Θαυματουργείται

2185 3835 2334 3902 παρὰ
2359 3838 2458 3905 τῆς
2486 3835 2719 3903 φύσεως,
2745 3837 2842 3905 τῆς
2873 3835 3096 3906 σώματα
3120 3836 3271 3901 ζώων
3291 3839 3447 3892 τινῶν
3471 3841 3550 3902 εἰς
3575 3841 3751 3909 ἑτερο-

2185 3924 2291 3993 φυῆ
2341 3941 2460 3977 τινα
2496 3925 2950 3996 μεταϐαλλούσης,
3019 3928 3052 3998 ἢ
3091 3929 3198 3982 ἀπό
3242 3947 3384 3993 τινος
3427 3929 3535 3983 τῶν
3567 3930 3748 4002 ὑγρῶν

2185 4020 2538 4082 ἀλλοιώσεως,
2577 4020 2609 4090 ἢ
2647 4018 2975 4088 σπερμάτων
3014 4019 3238 4091 φθορᾶς,
3283 4022 3316 4092 ἦ
3367 4019 3536 4086 ξύλων
3583 4037 3750 4091 σηπε-

2184 4111 2330 4172 δόνος
2360 4109 2475 4173 ζῶά
2505 4126 2626 4162 τινα
2657 4109 3110 4179 δημιουργούσης,
3146 4111 3178 4180 ἢ
3220 4111 3283 4163 ὲκ
3323 4112 3422 4181 τῆς
3447 4112 3540 4166 τοῦ
3579 4113 3755 4182 πυρὸς

2193 4201 2574 4272 συμπιλήσεως
2627 4200 2718 4253 τὸν
2768 4200 2973 4271 ψυχρὸν
3023 4202 3088 4253 ὲκ
3129 4201 3238 4253 τῶν
3266 4201 3440 4255 δαλῶν
3467 4203 3636 4274 ἀτμὸν
3662 4205 3752 4256 ὲν-

2186 4291 2564 4361 οιποληφθέντα
2629 4290 2708 4360 τῷ
2760 4291 2910 4360 βάθει
2961 4291 3094 4362 πρὸς
3142 4291 3280 4355 ζώου
3325 4293 3534 4359 γένεσιν
3585 4312 3751 4365 μετα-

2187 4384 2463 4454 ποιούσης,
2483 4385 2510 4436 ὃ
2533 4383 2912 4454 σαλαμάνδραν
2945 4384 3438 4454 προσαγορεύουσιν
3461 4427 3475 4447 ,
3522 4387 3624 4440 κᾶν
3647 4387 3758 4453 ἔξω

513 4477 669 4532 ribus
703 4477 930 4528 halitum
963 4477 1016 4529 in
1053 4476 1221 4529 fundo
1258 4477 1526 4535 relictum,
1552 4473 1623 4528 ad
1645 4475 1897 4530 animalis
1922 4491 2081 4544 gene-

2187 4476 2292 4529 τῶν
2330 4475 2701 4545 διορισθέντων
2733 4471 2870 4527 εἶναι
2901 4475 3052 4544 δοκῇ,
3086 4475 3236 4528 οὐδὲν
3264 4471 3425 4548 ἦττον
3456 4479 3512 4529 ὲν
3539 4478 3649 4542 τοῖς
3676 4480 3754 4529 εἰ-

514 4568 780 4622 rationem
822 4575 1173 4634 transmutat,
1227 4567 1396 4637 quod‘
1448 4565 1852 4620 salatnandram
1901 4567 2086 4637 appel-

513 4659 662 4724 lant,
693 4659 904 4713 etiamsi
939 4668 1091 4713 extra
1122 4675 1215 4714 eas
1244 4658 1658 4729 generationum
1694 4660 1903 4727 species
1947 4675 2086 4729 quas

513 4766 683 4820 supra
713 4750 1083 4812 deﬁnivimus,
1121 4765 1242 4805 esse
1273 4749 1582 4811 videantur,
1620 4749 1977 4805 nihilominus
2002 4759 2090 4804 ta-

513 4858 638 4896 men
672 4844 724 4895 in
756 4841 890 4911 ipsis
922 4850 1149 4910 possunt
1205 4841 1612 4909 comprehendi.
1667 4840 1872 4894 Natura
1925 4843 2071 4896 enim

513 4948 612 5003 per
645 4947 876 5001 corpora
908 4935 1056 4986 varia
1088 4933 1201 4985 haec
1228 4933 1543 4985 animalium
1574 4947 1772 5000 genera
1806 4933 2076 5002 producit;

515 5025 696 5094 qualis
730 5026 876 5078 enim
909 5026 1156 5094 corporis
1189 5026 1366 5079 vcrsio
1403 5024 1586 5089 fuerit,
1615 5025 1797 5077 taliter
1830 5040 1860 5077 a
1893 5034 2087 5078 natura

518 5114 708 5169 aﬂ‘ecta
763 5115 879 5169 sive
933 5115 1233 5184 disposita.
1272 5116 1432 5168 talem
1484 5115 1776 5183 quamdam
1835 5116 2088 5172 animalis

519 5207 757 5276 speciem
788 5207 1007 5262 ell‘ecit:
1040 5223 1160 5277 qua:
1192 5207 1412 5276 quidem
1451 5223 1560 5261 non
1607 5207 1713 5260 alia
1759 5217 1842 5264 est
1865 5223 2090 5278 genera-

519 5301 688 5354 tionis
720 5302 954 5370 species,
989 5309 1185 5370 praater
1217 5316 1337 5356 eam
1371 5317 1492 5368 qua:
1519 5317 1585 5354 es
1632 5309 1828 5354 natura
1867 5309 1920 5356 et
1969 5317 2089 5354 ma-

521 5392 656 5447 teria
693 5392 1014 5446 absolvitur.
1052 5391 1188 5446 Cum
1225 5392 1390 5462 igitur
1430 5392 1484 5445 hi
1517 5393 1661 5447 modi
1725 5392 2091 5462 generationis

521 5485 841 5541 hominibus
880 5493 1064 5539 essent
1094 5486 1320 5554 cogniti,
1362 5485 1641 5539 hominum
1695 5486 1876 5554 generi
1931 5485 2091 5540 bene-

519 5579 644 5632 vola
675 5577 852 5631 sancti
885 5575 1123 5646 Spiritus
1153 5577 1490 5646 dispensatio
1525 5576 1684 5630 nobis
1709 5575 1930 5630 tradens
1955 5576 2093 5629 divi-

523 5687 593 5726 na
630 5671 909 5742 mysteria,
935 5686 1030 5740 per
1059 5685 1120 5725 ea
1156 5686 1276 5740 quae
1307 5685 1338 5724 a
1367 5669 1524 5725 nobis
1551 5668 1932 5739 comprehendi
1967 5683 2094 5736 pos-

527 5771 676 5825 sunt,
735 5761 1041 5816 doctrinam
1079 5760 1210 5818 facit
1235 5775 1422 5818 eorum
1459 5774 1581 5829 quae
1610 5773 1827 5815 omnem
1880 5774 2087 5815 sermo-

2191 4566 2442 4637 ρημένοις
2477 4566 2612 4618 ἐστί.
2643 4565 2741 4618 Διά
2767 4564 2874 4636 γὰρ
2905 4565 3170 4635 σωμάτων
3203 4565 3235 4634 ή
3261 4565 3422 4634 φύσις
3451 4567 3517 4620 τά
3537 4568 3754 4621 ποικίλα

2185 4657 2356 4710 ταῦτα
2400 4656 2509 4710 τῶν
2561 4656 2712 4720 ζώων
2744 4656 2858 4725 εἴδη
2904 4653 3221 4725 τεχνάζεται
3247 4673 3262 4686 ⁸
3302 4658 3335 4728 ἡ
3369 4656 3476 4730 γὰρ
3506 4658 3632 4711 ποιὰ
3656 4659 3756 4712 τοῦ

2189 4747 2435 4817 σώματος
2478 4746 2678 4816 τροπὴ,
2723 4744 2941 4798 τοιῶσδε
2987 4744 3136 4815 παρά
3185 4746 3284 4816 τῆς
3329 4746 3539 4816 φύσεως
3579 4747 3753 4802 διατε-

2189 4838 2361 4900 θεῖσα,
2409 4837 2471 4890 τὸ
2508 4838 2564 4890 δέ
2605 4855 2657 4888 τι
2701 4835 2794 4889 τοῦ
2824 4836 2963 4900 ζώου
3009 4836 3070 4889 τὸ
3115 4832 3251 4900 εἶδος
3291 4839 3750 4911 ἐδημιούργησεν*

2187 4930 2323 4999 ὅπερ
2351 4929 2451 4981 οὐκ
2489 4927 2616 4982 ἄλλο
2638 4929 2692 4980 τί
2726 4930 2872 4980 ἐστιν
2897 4923 3037 4990 εῐδος
3069 4930 3400 4998 γεννήσεως,
3426 4931 3578 5001 παρὰ
3603 4933 3660 4984 τὸ
3689 4935 3754 4985 ἐκ

2189 5020 2400 5090 φύσεως
2426 5021 2521 5073 καὶ
2567 5018 2696 5089 ὑλης
2723 5020 3171 5090 ἀποτελούμενον.
3203 5022 3418 5076 Τούτων
3449 5025 3621 5077 τοίνυν
3645 5025 3752 5076 τῶν

2188 5114 2287 5183 τῆς
2320 5115 2622 5183 γεννήσεως
2647 5115 2859 5184 τρόπων
2891 5115 3140 5186 φανερῶν
3175 5118 3287 5178 τοῖς
3328 5115 3633 5187 ἀνθρώποις
3668 5119 3756 5170 δν-

2189 5221 2318 5269 των,
2352 5206 2384 5273 ἡ
2420 5203 2795 5274 φιλάνθρωπος
2824 5205 2916 5258 τοῦ
2949 5207 3103 5272 ἁγίου
3137 5205 3450 5277 Πνεύματος
3479 5208 3754 5278 οἰκονομία

2191 5293 2556 5364 παραδιδοῦσα
2601 5297 2730 5365 ἡμῖν
2775 5295 2842 5348 τὰ
2875 5295 2994 5349 θεῖα
3040 5300 3329 5368 μυστήρια,
3376 5297 3463 5350 διὰ
3491 5297 3598 5349 τῶν
3625 5299 3756 5366 ἡμῖν

2191 5388 2452 5458 χωρητῶν
2505 5388 2600 5457 τὴν
2636 5389 2980 5442 διδασκαλίαν
3009 5393 3239 5444 ποιεῖται
3271 5390 3380 5444 τῶν
3411 5390 3549 5460 ὑπὲρ
3577 5389 3754 5457 λόγον.

2191 5481 2264 5543 ώς
2298 5481 2390 5532 καὶ
2417 5483 2473 5531 ὲν
2504 5483 2616 5542 τοῖς
2655 5479 2830 5544 ἄλλοις
2863 5483 3030 5534 ἀπασι
3060 5481 3214 5533 τοῦτο
3237 5485 3394 5544 ποιεῖ,
3425 5483 3550 5534 ὅταν
3569 5497 3756 5552 σωμα-

2193 5571 2356 5633 τικῶς
2385 5571 2660 5642 διαγράφῃ
2709 5571 2769 5622 τὸ
2814 5571 2984 5634 Θεῖον,
3017 5571 3308 5640 ὀφθαλμὸν,
3356 5572 3448 5624 καὶ
3492 5571 3758 5640 βλέφαρα,

2194 5664 2286 5717 καὶ
2331 5659 2444 5725 οὖς,
2477 5664 2572 5717 καὶ
2608 5664 2921 5726 δακτύλους,
2952 5665 3039 5716 καὶ
3076 5666 3250 5734 χεῖρα,
3296 5665 3388 5716 καὶ
3431 5663 3629 5728 δεξιάν,
3665 5664 3758 5714 καὶ

2197 5755 2470 5827 βραχίονα,
2515 5757 2606 5809 καὶ
2633 5756 2785 5820 πόδα,
2825 5757 2918 5808 καὶ
2957 5755 3295 5827 ὑποδήματα,
3327 5755 3417 5809 καὶ
3444 5756 3510 5810 τά
3535 5754 3759 5812 τοιαῦτα
