4142 6374
319 415 422 479 7M

1419 419 1700 483 CONTRA
1737 418 2130 495 EUNOMIUM,
2176 416 2307 481 Lm.
2353 426 2488 483 vm.

3493 436 3600 492 73?.

325 544 455 612 περὶ
503 541 636 595 Θεοῦ
665 541 958 607 διεξιοῦσα,
999 539 1073 599 ὧν
1117 534 1270 598 οὐδὲν
1312 547 1452 598 κατὰ
1485 546 1585 616 τὴν
1625 547 1918 618 πρόχειρον

2028 563 2148 602 nem
2177 556 2232 600 et
2260 547 2528 601 rationem
2564 554 2846 617 snperant,
2879 549 3021 603 sicut
3065 545 3119 602 in
3169 549 3292 604 aliis
3343 553 3600 608 omnibus

323 632 558 698 ἔννοιαν,
587 635 644 686 ἐν
683 637 748 704 τῇ
778 635 896 704 θείᾳ.
927 635 1403 706 καταλαμϐάνεται
1436 637 1615 705 φύσει.

2024 641 2132 696 hoc
2159 642 2313 704 facit,
2335 657 2458 695 cum
2483 642 2846 710 corporaliter
2873 641 3042 696 Deum
3068 643 3350 708 describit,
3379 645 3599 699 oculum

330 729 386 773 et
419 722 733 790 palpebras,
757 737 919 776 aures
949 731 1002 776 et
1029 724 1233 793 digitos
1263 732 1318 778 et
1341 740 1562 778 manum
1591 727 1754 781 etiam
1784 727 2086 792 dexteram,
2118 737 2172 784 et
2236 730 2543 794 brachium,
2609 738 2663 783 et
2728 731 2942 798 pedem,
2997 737 3052 785 et
3111 732 3478 787 calceamenta
3549 743 3604 788 et

326 830 448 882 qaa:
484 824 612 868 sunt
644 817 914 884 ejusmodi
945 816 1013 872 de
1034 817 1143 872 Deo
1174 831 1464 886 enarrans,
1531 838 1765 891 quorum
1815 824 1951 877 nihil
1990 824 2292 879 secundum
2325 835 2644 881 consuetam
2677 826 3095 897 intelligentiam
3143 829 3197 880 in
3270 828 3454 883 divina
3508 831 3603 884 de—

327 908 686 974 prehenditur
717 919 932 963 natura.

422 997 586 1053 Ἀλλὰ
639 1000 777 1071 πρὸς
812 1001 873 1055 τὸ
921 1004 1052 1073 ἡμῖν
1101 1003 1429 1058 εὐσύνοπτον
1449 1006 1549 1076 τὴν
1571 1005 1916 1060 διδασκαλίαν

327 1093 562 1158 ἄγουσα,
612 1093 731 1154 ταῖς
767 1093 1154 1162 τετριμμέναις
1191 1097 1248 1147 ἐν
1280 1098 1344 1165 τῇ
1389 1098 1646 1168 συνηθείᾳ
1677 1099 1786 1152 τῶν
1825 1101 1918 1152 άν-

331 1187 566 1258 θρώπων
616 1191 822 1254 φωναῖς
877 1189 945 1242 τὰ
1021 1191 1156 1260 ὑπὲρ
1218 1196 1400 1246 πᾶσαν
1453 1197 1725 1264 σημασίαν
1775 1193 1939 1269 πράέ

328 1296 515 1349 γματοι
557 1278 797 1346 διορίζει,
851 1281 1188 1349 ἀναλογικῶς
1220 1286 1397 1355 ἡμῶν,
1444 1287 1510 1338 δι’
1545 1290 1777 1342 ἑκάστου
1809 1290 1917 1342 τῶν

330 1372 459 1440 περὶ
483 1371 616 1425 Θεοῦ
646 1374 974 1446 λεγομένων,
1013 1380 1148 1448 πρός
1181 1389 1302 1429 τινα
1339 1379 1691 1447 ἀναγομένων
1719 1380 1916 1450 ὑψηλο-

329 1457 496 1531 τέραν
540 1466 794 1520 ὑπόνοιαν
818 1508 831 1521 .
863 1469 1054 1532 Οὖτως
1098 1467 1191 1522 οὖν
1231 1471 1325 1521 καὶ
1369 1469 1436 1521 τὰ
1474 1470 1644 1523 πολλὰ
1672 1473 1770 1541 τῆς
1796 1489 1918 1540 γεν-

331 1556 540 1624 νήσεως
582 1559 696 1628 εἴδη
732 1560 884 1632 παρὰ
911 1565 1010 1632 τῆς
1058 1560 1420 1616 θεοπνεύστου
1461 1563 1809 1628 διδασκαλίας
1838 1568 1919 1629 είς

333 1647 677 1718 παράστασιν
697 1654 794 1721 τῆς
816 1655 1057 1724 ἀρρήτου
1083 1653 1176 1707 τοῦ
1206 1654 1550 1722 Μονογενοῦς
1570 1656 1919 1720 ὑποστάσεως

333 1749 409 1785 πα
418 1734 549 1801 ραλα
559 1736 667 1804 μϐἀ
677 1755 771 1798 νει,
788 1741 1039 1794 τοσοῦτον
1057 1743 1147 1810 ἀφ’
1165 1744 1393 1796 ἑκάστου
1409 1743 1474 1795 λα
1483 1743 1682 1812 μὸάνου
1691 1763 1778 1808 σα,
1797 1748 1918 1798 ὅσον

330 1825 526 1892 εὐαγές
547 1831 691 1880 ἐστιν
710 1833 788 1893 είς
804 1833 900 1895 τὰς
931 1835 1205 1904 περἰΘεοῦ
1237 1835 1528 1905 ὑπολήψεις
1562 1835 1922 1908 παραληφθῆ-

332 1928 442 1972 ναι.
459 1919 545 1981 Ὠς
561 1921 632 1987 γα
641 1938 669 1990 ρ
681 1923 712 1990 ἡ
725 1923 831 1975 τῶν
848 1923 1122 1979 δακτύλων
1144 1931 1328 2000 μνήμη
1342 1932 1534 1984 ὲπὶτοῦ
1551 1930 1706 1992 Θεοῦ,
1720 1931 1925 1999 καὶτῆς

333 2011 512 2080 χειρὸς
527 2014 620 2066 καὶ
630 2014 722 2066 τοῦ
745 2016 1042 2086 βραχίονος,
1059 2022 1116 2073 οὑ
1135 2021 1231 2089 τὴν
1320 2023 1491 2077 ὀστῶν
1509 2026 1600 2076 καὶ
1613 2023 1816 2093 νεύρων
1834 2027 1926 2077 καὶ

335 2101 553 2169 σαρκῶν
566 2104 657 2156 καὶ
670 2108 978 2178 συνδέσμων
995 2110 1087 2162 τοῦ
1110 2111 1302 2180 μέλους
1319 2115 1663 2184 κατασκευὴν
1683 2116 1927 2185 ὑπογρά-

335 2211 425 2263 φει
459 2195 536 2265 τῷ
555 2197 696 2268 λόγῳ
713 2241 727 2262 ,
767 2201 903 2253 ἀλλὰ
921 2203 1019 2272 τὴν
1046 2207 1356 2275 πρακτικὴν
1392 2206 1555 2259 αὑτοῦ
1578 2210 1671 2260 καὶ
1697 2211 1924 2278 ἐνεργη-

334 2291 490 2360 τικὴν
511 2290 734 2361 δύναμιν
762 2295 838 2363 τῷ
857 2296 1081 2366 τοιούτῳ
1103 2298 1260 2366 διαση
1270 2301 1448 2367 μαίνει
1471 2301 1714 2370 ὀνόματι,
1739 2303 1910 2354 mar

337 2381 566 2462 ἑκάστου
617 2383 723 2436 τῶν
756 2385 929 2438 ἄλλων
1000 2389 1068 2442 τὰ
1105 2391 1413 2460 κατάλληλα
1455 2392 1564 2444 τῶν
1615 2395 1742 2458 περὶ
1776 2394 1913 2447 Θεοῦ

336 2473 638 2543 νοουμένων
664 2476 1013 2543 ἐνδείκνυται,
1037 2481 1098 2532 οὑ
1128 2483 1674 2554 συμπαραδεχομένη⁶
1701 2485 1801 2554 τῆς
1827 2504 1926 2538 σω-

340 2566 574 2635 ματικῆς
600 2566 706 2620 τῶν
731 2568 1010 2632 ὀνομάτων
1032 2572 1320 2640 ἐμφάσεως
1337 2589 1350 2602 ·
1403 2575 1576 2634 οὕτως
1601 2578 1695 2629 καὶ
1721 2577 1789 2629 τὰ
1819 2578 1924 2631 τῶν

337 2656 608 2722 γενέσεων
646 2659 852 2712 τούτων
885 2662 998 2728 εἴδη
1039 2661 1186 2731 λέγει
1229 2665 1327 2734 μὲν
1361 2668 1453 2718 ἐπὶ
1494 2670 1594 2737 τῆς
1630 2668 1781 2730 Θείας
1825 2670 1925 2736 φύ-

341 2765 498 2812 σεως,
530 2751 588 2802 οὑ
620 2750 726 2820 μὴν
753 2751 894 2805 οὑτω
928 2753 1097 2821 λέγει,
1123 2756 1197 2818 ὡς
1224 2761 1362 2809 νοεῖν
1397 2754 1534 2811 οἶδεν
1564 2762 1595 2828 ἡ
1629 2761 1748 2812 καθ’
1775 2765 1924 2831 ἡμᾶς

341 2839 615 2908 συνήθεια.
652 2841 756 2894 Τὰ⁴
787 2845 886 2913 μὲν
937 2847 1046 2916 γὰρ
1091 2849 1218 2917 περὶ
1263 2849 1364 2917 τῆς
1413 2857 1924 2924 κατασκευαστικῆς

339 2929 474 3002 λέγῃ
515 2933 816 3003 δυνάμεως,
846 2937 1100 3006 γέννησιν
1140 2940 1237 3006 μὲν
1265 2940 1522 3010 ὀνομάζει
1550 2944 1645 3014 τὴν
1669 2946 1922 3014 τοιαύτην

341 3021 642 3094 ἐνέργειαν,
674 3025 760 3078 διὰ
789 3026 852 3078 τὸ
894 3026 1003 3079 δεῖν
1053 3025 1189 3098 πρὸς
1236 3030 1295 3082 τὸ
1344 3031 1593 3085 ταπεινὸν
1638 3035 1737 3104 τῆς
1774 3036 1924 3097 θείας

341 3111 621 3184 δυνάμεως
663 3115 964 3186 καταϐῆναι
993 3118 1084 3170 τὸν
1110 3119 1266 3188 λόγον
1294 3136 1307 3150 ·
1349 3121 1410 3173 οὑ
1445 3122 1549 3193 μὴν
1590 3123 1920 3179 ἐνδείκνυται

340 3202 412 3256 τὰ
451 3205 552 3258 ὅσα
582 3208 711 3276 παρ’
746 3209 875 3278 ἡμῖν
912 3210 978 3278 τῇ
1020 3216 1492 3284 κατασκευαστικῇ
1535 3216 1744 3282 γενέσει
1795 3236 1920 3272 συν-
1950 3236 1990 3287 α

349 3287 650 3366 θεωρεῖται,
682 3298 744 3349 οὑ
781 3299 964 3360 τόπον,
1015 3301 1074 3352 οὑ
1111 3303 1322 3372 χρόνον,
1370 3305 1468 3376 οὑχ
1495 3307 1522 3357 ὁ
1551 3306 1707 3375 λόγος
1748 3327 1922 3381 παρα-

346 3386 563 3457 σκευὴν,
607 3389 706 3440 οὐκ
735 3388 982 3457 ὀργάνων
1015 3393 1325 3460 συνεργίαν,
1371 3395 1430 3446 οὐ
1458 3396 1548 3448 τὸν
1577 3398 1672 3449 ἐπὶ
1697 3402 1814 3462 τοῖς
1839 3418 1923 3468 γι-

345 3480 590 3548 νομένοις
635 3479 882 3550 θόρυϐον,
931 3481 1067 3536 ἀλλὰ
1100 3483 1271 3537 ταῦτα
1322 3485 1452 3556 ἡμῖν
1498 3489 1919 3553 καταλείπουσα,

351 3572 702 3642 μεγαλοφυῶς
745 3577 838 3627 καὶ
867 3573 1084 3644 ὑψηλῶς
1123 3575 1198 3646 τῷ
1225 3577 1344 3647 Θεῷ
1370 3581 1782 3652 προσμαρτυρεῖ
1811 3583 1914 3636 τῶν

344 3661 512 3716 ὄντων
575 3661 672 3733 τὴν
732 3662 1020 3732 γέννησιν·
1073 3665 1148 3727 ὡς
1203 3667 1330 3720 ὅταν
1381 3668 1552 3735 λέγει,
1598 3671 1678 3723 ὅτι
1735 3674 1923 3738 Adtl‘q

347 3748 514 3806 εἶπεν
534 3753 632 3809 καὶ
651 3753 1046 3823 ἐγενήθησαν,
1078 3757 1261 3822 αὐτὸς
1285 3758 1621 3813 ἐνετείλατο
1641 3762 1738 3815 καὶ
1758 3764 1922 3815 ἐκτί-

349 3848 607 3912 σθησαν.
656 3847 823 3900 Πάλιν
869 3848 996 3901 ὅταν
1043 3849 1140 3919 τὴν
1195 3851 1509 3921 ἀπόρρητόν
1545 3870 1604 3904 τε
1649 3855 1742 3906 καὶ
1785 3855 1923 3926 ὑπὲρ

350 3935 504 4004 λόγον
550 3935 643 3988 τοῦ
688 3936 1023 4005 Μονογενοῦς
1073 3937 1180 3990 ἀπὸ
1233 3938 1325 3991 τοῦ
1373 3940 1584 4010 Πατρὸς
1630 3941 1924 3995 ὑπόστασιν

351 4026 662 4096 ὲρμηνεύῃ,
707 4026 793 4079 διὰ
840 4027 902 4078 τὸ
947 4026 1232 4099 ἀχώρητον
1269 4026 1406 4083 εἶναι
1447 4031 1546 4100 τὴν
1579 4033 1923 4104 ἀνθρωπίνην

351 4115 622 4186 πτωχείαν
654 4117 759 4169 τῶν
790 4117 929 4188 ὑπὲρ
949 4118 1105 4186 λόγον
1125 4136 1185 4172 τε
1214 4120 1307 4174 καὶ
1330 4121 1535 4178 ἔννοιαν
1561 4123 1921 4195 διδαγμάτων,

351 4209 468 4263 ἐκεῖ
484 4213 595 4267 τοῖς
636 4209 928 4280 ἡμετέροις
962 4211 1458 4283 συγκέχρηται,κα“ι
1490 4215 1616 4270 Υἱὸν
1646 4217 1922 4286 ὀνομάζει,

352 4299 488 4369 ὅπερ
519 4299 552 4368 ἡ
590 4298 717 4368 παρ’
738 4299 867 4368 ἡμῖν
886 4299 1138 4370 συνήθεια
1159 4303 1273 4365 τοῖς
1305 4302 1412 4354 ἀπὸ
1431 4303 1562 4374 ὖλης
1591 4305 1685 4356 καὶ
1714 4305 1925 4373 φύσεως

356 4391 794 4461 ἁποτικτομένοις
806 4391 973 4462 ὄνομα
987 4392 1212 4450 τίθεται.
1241 4394 1377 4447 Ἀλλ’
1391 4394 1539 4448 ῶσπε
1547 4414 1578 4467 ρ
1591 4397 1689 4467 τὴν
1705 4399 1802 4468 τῆς
1821 4399 1928 4450 κτί-

357 4502 493 4548 σεως
522 4484 735 4552 γένεσιν
755 4484 846 4536 ἐπὶ
865 4484 957 4537 τοῦ
978 4484 1111 4538 Θεοῦ
1141 4487 1170 4537 ὀ
1203 4485 1357 4553 λόγος
1375 4487 1562 4553 εἰπὼν,
1597 4489 1656 4541 τὺ
1675 4489 1763 4545 διά
1785 4507 1926 4553 τινος

2099 1001 2207 1056 Sed
2247 1003 2314 1057 ad
2347 1003 2397 1057 id
2437 1004 2582 1072 quod
2615 1018 2647 1056 a
2681 1005 2838 1058 nobis
2862 1005 3095 1074 perspici
3130 1004 3364 1060 faciliter
3399 1015 3601 1077 potest,

2026 1095 2333 1148 doctrinam
2362 1095 2662 1160 adducens,
2691 1095 2836 1149 tritis
2870 1105 2924 1151 et
2955 1097 3189 1166 vulgatis
3231 1099 3285 1151 in
3320 1099 3604 1153 hominum

2026 1187 2426 1241 mansuetudine
2456 1187 2706 1251 vocibus,
2751 1203 2840 1242 res
2867 1202 2987 1256 qua:
3021 1204 3238 1242 omnem
3270 1203 3605 1258 exsuperant

2029 1279 2448 1349 signillcantiam
2479 1279 2830 1344 determinat,
2868 1281 2995 1333 dum
3029 1297 3126 1350 per
3155 1281 3460 1350 analogiam
3507 1288 3605 1336 sc'u

2027 1373 2442 1442 proportionem
2476 1375 2788 1444 quamdam,
2825 1391 2920 1445 per
2943 1390 3007 1430 ea
3035 1391 3156 1444 quae
3177 1376 3244 1430 de
3275 1375 3386 1432 Deo
3413 1376 3608 1431 di'cun-

2024 1471 2133 1529 tur,
2165 1463 2231 1516 ad
2269 1465 2512 1533 aliquam
2546 1465 2922 1520 sublimiorem
2988 1467 3372 1536 cogitationem
3419 1468 3609 1523 suble-

2025 1570 2236 1608 vamur.
2276 1555 2367 1609 Sic
2405 1556 2571 1627 igitur
2607 1558 2811 1610 multas
2877 1558 3246 1626 generationis
3302 1560 3514 1628 species
3571 1575 3604 1614 a

2029 1646 2137 1702 Deo
2172 1649 2436 1716 inspirata
2468 1650 2718 1702 doctrina
2751 1650 2818 1703 ad
2869 1652 3407 1720 repraasentationem
3468 1652 3608 1706 inef-

2031 1737 2214 1792 fabilis
2243 1739 2617 1794 subsistentia:
2649 1738 2926 1809 Unigeniti
2977 1742 3232 1806 assumit,
3268 1749 3481 1796 tantum
3536 1741 3606 1796 ab

2033 1844 2364 1898 unoquoque
2393 1845 2704 1894 assumens,
2734 1838 3000 1899 quantum
3032 1831 3100 1884 ad
3130 1845 3226 1886 eas
3254 1847 3377 1900 qua:
3405 1832 3472 1886 de
3495 1831 3606 1886 Deo

2031 1927 2160 1974 sunt
2189 1920 2496 1989 opiniones,
2553 1922 2699 1990 pium
2764 1931 2848 1976 est
2879 1923 3108 1977 assumi.
3174 1921 3244 1977 Ut
3276 1923 3423 1976 enim
3479 1937 3606 1976 cum

2028 2012 2320 2081 digitorum
2351 2011 2410 2064 ﬁt
2434 2013 2641 2066 mentio
2672 2013 2726 2065 in
2771 2012 2898 2075 Deo,
2930 2021 2986 2066 et
3036 2022 3234 2067 manus
3268 2021 3322 2066 et
3373 2012 3604 2077 brachii,

2029 2117 2140 2154 non
2173 2117 2238 2155 ex
2267 2102 2490 2156 ossibus
2515 2111 2570 2156 et
2623 2105 2807 2157 nervis
2857 2111 2912 2157 et
2945 2103 3206 2157 carnibus
3263 2111 3318 2156 et
3371 2103 3607 2158 vinculis

2029 2194 2258 2248 membri
2328 2195 2779 2249 constitutionem
2839 2210 3092 2251 sermone
3147 2195 3450 2260 describit,
3509 2196 3606 2252 sed

2031 2287 2264 2338 activam
2295 2287 2469 2355 ipsius
2503 2297 2554 2340 et
2594 2286 2866 2341 eﬁicaccm
2900 2287 3006 2340 vim
3051 2301 3115 2341 ac
3145 2294 3476 2358 potestatem
3505 2287 3606 2342 tali

2031 2380 2253 2432 nomine
2301 2379 2592 2448 signiﬁcat,
2635 2389 2688 2433 et
2739 2395 2833 2448 per
2879 2380 3112 2434 aliorum
3157 2378 3603 2450 unumquodque,

2029 2481 2149 2533 qua:
2187 2466 2254 2521 de
2297 2467 2405 2521 Deo
2434 2468 2839 2538 intelliguntur,
2887 2470 2975 2526 his
3011 2471 3326 2526 nominibus
3377 2485 3608 2541 resporv

2029 2556 2238 2621 dentia,
2291 2557 2767 2622 demonstrantur,
2828 2575 2938 2613 non
2994 2567 3174 2614 tamen
3203 2559 3367 2614 simul
3405 2561 3605 2633 accipit

2029 2663 2346 2715 corpoream
2411 2651 2695 2704 nominum
2765 2650 3221 2719 signiﬁcantiam:
3286 2651 3366 2704 sic
3438 2650 3604 2703 etiam

2028 2738 2226 2791 harum
2263 2743 2683 2808 generationum
2713 2743 2925 2811 species
2951 2742 3018 2796 dc
3048 2742 3233 2796 divina
3261 2739 3480 2810 quidem
3511 2755 3608 2794 na-

2028 2839 2152 2882 tura
2179 2831 2335 2898 dicit,
2366 2848 2477 2886 non
2513 2841 2692 2888 tamen
2725 2834 2806 2888 sic
2841 2833 2997 2895 dicit,
3031 2842 3088 2886 ut
3131 2840 3321 2886 nostra
3372 2846 3610 2887 consue-

2027 2923 2160 2977 tudo
2189 2925 2340 2978 novit
2375 2925 2700 2995 intelligere.
2729 2925 2864 2978 Nam
2894 2941 3018 2979 cum
3054 2925 3121 2979 de
3147 2939 3212 2978 ea
3241 2925 3292 2978 vi
3325 2939 3389 2977 ac
3415 2933 3610 2994 poten-

2029 3016 2102 3068 tia
2137 3031 2247 3085 qua
2274 3027 2474 3072 cuncta
2503 3018 2774 3079 condidit.
2811 3019 3073 3087 loquitur,
3132 3017 3276 3071 hanc
3331 3015 3609 3085 operatioe

2026 3122 2152 3162 nem
2192 3111 2603 3180 generationem
2657 3109 2876 3180 quidem
2904 3109 3172 3173 nominat,
3232 3107 3451 3176 quando
3485 3105 3608 3176 qui-

2025 3202 2148 3257 dem
2190 3218 2419 3257 necesse
2466 3211 2548 3256 est
2612 3201 2680 3255 de
2710 3201 2897 3255 divina
2931 3202 3134 3255 virtute
3187 3212 3496 3254 sermonem
3536 3195 3608 3250 ad

2027 3296 2386 3350 humilitatem
2421 3305 2668 3349 nostram
2694 3295 3050 3357 descendere,
3079 3309 3188 3347 non
3215 3301 3396 3346 tamen
3419 3289 3604 3344 omnia

2025 3401 2365 3457 quaecunque
2393 3387 2537 3455 apud
2565 3401 2666 3440 nos
2703 3386 2756 3438 in
2788 3399 2851 3439 ea
2879 3384 3256 3452 generatione,
3306 3396 3412 3450 qua
3470 3378 3604 3450 quid

2025 3478 2388 3539 construitur,
2425 3485 2765 3546 spectantur,
2802 3475 3064 3539 ostendit,
3107 3489 3215 3527 non
3266 3473 3468 3535 locum,
3492 3485 3604 3525 non

2024 3581 2260 3640 tempus,
2292 3585 2400 3623 non
2438 3583 2619 3624 sermo
2671 3567 3161 3629 constitutionem,
3227 3579 3338 3618 non
3386 3564 3598 3618 instru-

2027 3672 2334 3716 mentorum
2362 3661 2686 3730 adjutricem
2719 3674 2966 3729 operam,
3000 3673 3108 3712 non
3137 3657 3191 3710 in
3219 3656 3302 3712 his
3342 3671 3464 3726 qua:
3496 3655 3602 3709 hu-

2027 3766 2190 3808 mano
2222 3769 2373 3808 more
2406 3753 2545 3806 ﬁunt
2575 3753 2894 3818 tumultum,
2937 3750 3030 3805 sed
3079 3751 3193 3803 haec
3226 3748 3383 3803 nobis
3433 3748 3604 3801 relino

2025 3862 2221 3915 quens,
2268 3845 2490 3900 sublimi
2538 3843 2776 3914 quodam
2828 3854 2882 3898 et
2931 3842 3221 3912 magniﬁco
3271 3840 3452 3903 modo,
3488 3838 3602 3894 Deo

2026 3940 2277 3994 attribuit
2340 3954 2529 3993 eorum
2587 3952 2708 4008 quae
2754 3942 2884 3991 sunt
2940 3935 3388 4005 generationem,
3447 3933 3601 3987 verbi

2025 4035 2200 4102 gratia
2232 4047 2356 4086 cum
2389 4033 2486 4096 ait,
2524 4029 2644 4099 Ipse
2675 4030 2812 4083 dixit
2835 4040 2884 4084 et
2917 4029 3063 4096 facta
3102 4038 3266 4090 sunt;
3299 4043 3410 4095 Ipse
3449 4042 3604 4078 man-

2025 4124 2171 4178 davit
2210 4132 2259 4178 et
2288 4133 2469 4176 creata
2497 4133 2621 4177 sunt
2650 4123 2715 4175 η.
2749 4121 2964 4177 Rursus
2992 4137 3116 4174 cum
3178 4119 3602 4173 inenarrabilem

2027 4196 2081 4271 et
2129 4231 2349 4272 omnem
2400 4230 2711 4272 sermonem
2738 4223 3160 4284 exsuperantem
3199 4211 3476 4283 Unigeniti
3533 4225 3601 4265 ex

2029 4307 2186 4362 Patre
2216 4307 2632 4363 subsistentiam
2657 4306 2919 4369 declarat,
2971 4305 3098 4374 quia
3136 4319 3244 4357 non
3296 4310 3380 4357 est
3429 4315 3603 4371 capax

2028 4400 2265 4453 humana
2297 4407 2509 4470 egestas
2533 4408 2587 4454 et
2625 4398 2950 4454 mendicitas
2997 4396 3449 4450 documentorum
3482 4405 3604 4460 (mae

2031 4500 2160 4546 sunt
2193 4506 2359 4560 supra
2391 4505 2699 4546 sermonem
2741 4496 2796 4544 et
2831 4489 3083 4543 notitiam
3112 4494 3468 4556 exsuperant,
3514 4485 3604 4538 ille

356 4578 486 4648 ὕλης
531 4578 774 4644 γίνεσθαι
807 4578 974 4648 αὐτὴν
1004 4579 1064 4631 οὐ
1107 4580 1445 4650 προσέθηκεν
1471 4621 1486 4645 ,
1539 4583 1724 4636 οὐσίαν
1773 4583 1923 4654 ὕλης,

2032 4584 2312 4639 vocabulis
2356 4584 2559 4638 nostris
2586 4583 2779 4645 utitur,
2809 4589 2864 4636 et
2890 4579 3090 4634 Filium
3151 4578 3420 4641 nominat,
3456 4573 3603 4646 quod

356 4667 449 4721 καὶ
495 4669 674 4729 τόπον,
713 4669 807 4722 καὶ
853 4668 1065 4740 χρόνον,
1115 4670 1208 4722 καὶ
1241 4669 1419 4723 πάντα
1458 4670 1525 4724 τὰ
1555 4671 1798 4737 τοιαῦτα,
1831 4675 1928 4743 τὴν

354 4759 448 4812 τοῦ
493 4759 794 4829 θελήματος
839 4758 1065 4830 δύναμιν
1112 4755 1249 4813 εἶναι
1295 4763 1708 4833 ἀποφηνάμενος
1735 4781 1748 4794 ·
1789 4763 1930 4818 οὕτω

357 4853 452 4904 καὶ
475 4850 704 4904 ἐνταῦθα
719 4850 847 4904 Υίὺν
875 4851 1065 4915 εἰπὼν,
1091 4853 1268 4923 ἀφῆκε
1301 4855 1479 4908 πάντα
1505 4873 1561 4908 τε
1585 4857 1651 4909 τὰ
1678 4856 1809 4910 ἄλλα
1832 4858 1930 4910 ὅσα

358 4943 486 5011 περὶ
535 4941 630 5011 τὴν
674 4943 822 4996 κάτω
869 4943 1120 5014 γέννησιν
1167 4946 1200 5015 ἡ
1248 4945 1556 5017 ἀνθρωπίνη
1607 4948 1768 5018 φύσις
1806 4951 1928 5020 ὁρᾷ,

360 5034 504 5106 πάθη
539 5035 682 5103 λέγω
707 5036 799 5088 καὶ
825 5035 1092 5098 διαθέσεις
1118 5039 1210 5090 καὶ
1246 5039 1343 5110 τὴν
1368 5041 1432 5094 ὲκ
1462 5041 1554 5094 τοῦ
1588 5042 1778 5113 χρόνου
1809 5060 1931 5095 συνο

360 5126 598 5197 έργειαν,
632 5129 724 5180 καὶ
768 5127 865 5198 τὴν
890 5128 984 5180 τοῦ
1017 5130 1182 5182 τόπου
1213 5131 1421 5201 χρείαν,
1459 5134 1551 5185 καὶ
1582 5132 1689 5203 πρὸ
1717 5134 1934 5187 πάντων

359 5216 456 5287 τὴν
484 5217 635 5287 ὕλην,
662 5211 736 5271 ὧν
761 5219 887 5272 ἄνευ
920 5222 1174 5275 ἁπάντων
1229 5225 1261 5293 ὴ
1292 5223 1441 5276 κάτω
1466 5224 1716 5294 γέννησις
1744 5226 1807 5278 ἐκ
1838 5225 1936 5294 τῆς

363 5308 574 5376 φύσεως
618 5310 678 5362 οὐ
720 5312 1047 5366 συνίσταται.
1105 5315 1292 5384 ΙΙάσης
1336 5316 1392 5368 δὲ
1441 5316 1694 5387 τοιαύτης
1729 5318 1936 5380 ἐννοίας

363 5400 550 5470 ὑλικῆς
577 5419 634 5454 τε
663 5405 755 5456 καὶ
784 5404 1212 5476 διαστηματικῆς
1255 5409 1328 5478 μὴ
1377 5411 1933 5482 συμπαραληφθείσης

363 5495 420 5546 ὲν
446 5493 511 5563 τῇ
558 5493 650 5546 τοῦ
688 5495 813 5547 Υἱοῦ
845 5498 1102 5568 σημασίᾳ,
1145 5498 1279 5567 μόνη
1330 5496 1688 5572 ὑπελείφθηὴ
1730 5501 1891 5569 φύσις
1915 5519 1930 5533 ·

363 5584 456 5636 καὶ
483 5583 569 5638 διὰ
597 5584 751 5637 τοῦτο
775 5589 840 5656 τῇ
870 5587 963 5640 τοῦ
999 5587 1129 5640 Υἰοῦ
1157 5593 1306 5660 φωνῇ
1355 5591 1414 5643 τὸ
1438 5593 1634 5644 οἰκεῖον
1663 5594 1755 5645 καὶ
1794 5594 1929 5662 γνή-

367 5694 478 5732 σιον
519 5677 618 5746 τῆς
660 5680 724 5731 ἐκ
769 5679 862 5731 τοῦ
894 5678 1103 5755 [ἰατρὸς
1137 5679 1454 5750 ἀναδείξεως
1494 5685 1584 5739 ἐπὶ
1630 5685 1722 5740 τοῦ
1760 5686 1933 5742 Move.

432 5852 475 5885 ³³
505 5853 647 5912 Psal.
681 5871 904 5925 CXLVIII,
957 5858 1010 5914 5.

2029 4675 2248 4747 quidem
2278 4683 2463 4731 nostra
2510 4672 2849 4729 consuetudo
2890 4672 2977 4727 his
3007 4671 3098 4741 qui
3129 4686 3197 4725 ex
3256 4668 3482 4722 materia
3539 4677 3595 4719 et

2030 4777 2226 4823 natura
2281 4769 2580 4838 gignuntur
2632 4779 2832 4820 nomen
2891 4763 3142 4833 imponit.
3173 4759 3278 4816 Sed
3333 4759 3604 4829 quemad-

2033 4859 2250 4914 modum
2283 4858 2579 4913 creationis
2611 4855 3021 4925 generationem
3050 4868 3178 4907 cum
3207 4850 3430 4905 divinus
3489 4865 3606 4903 ser-

2033 4968 2122 5008 mo
2150 4952 2307 5014 dixit,
2338 4953 2464 5020 quia
2490 4967 2554 5004 ex
2605 4949 2790 5017 aliqua
2849 4946 3079 5002 materia
3128 4943 3272 4999 facta
3325 4949 3430 5007 est,
3485 4941 3604 5010 ipse

2034 5061 2143 5100 non
2176 5043 2392 5112 adjecit,
2426 5042 2522 5097 sed
2575 5045 2874 5097 essentiam
2922 5037 3167 5093 materiae
3220 5043 3274 5091 et
3309 5035 3489 5089 locum
3549 5042 3606 5088 et

2032 5145 2247 5207 tempus
2273 5143 2326 5190 et
2374 5150 2496 5204 quze
2552 5140 2683 5189 sunt
2737 5130 3039 5201 ejusmodi,
3106 5129 3242 5183 nihil
3277 5127 3427 5182 aliud
3482 5140 3608 5181 esse

2034 5235 2227 5296 praeter
2255 5225 2452 5279 divinae
2497 5223 2798 5278 voluntatis
2849 5219 3147 5290 potentiam
3183 5217 3466 5273 declarat:
3523 5218 3606 5271 sic

2035 5319 2197 5373 etiam
2226 5319 2315 5372 hic
2349 5315 2546 5370 Filium
2594 5330 2720 5370 cum
2779 5314 2941 5376 dixit,
2995 5311 3179 5366 omisit
3231 5309 3414 5363 omnia
3477 5308 3607 5370 alia,

2037 5424 2378 5480 quaecunque
2418 5410 2472 5461 in
2506 5407 2695 5460 inﬁma
2730 5404 3084 5475 generatione
3138 5401 3376 5456 humana
3407 5406 3608 5453 natura

2037 5513 2266 5574 spectat,
2297 5504 2420 5557 dico
2453 5501 2739 5571 passiones
2765 5507 2820 5554 et
2880 5495 3296 5567 dispositiones,
3363 5501 3417 5547 et
3481 5502 3604 5546 eam

2035 5612 2155 5665 quae
2193 5595 2251 5649 ﬁt
2288 5610 2354 5649 ex
2391 5608 2632 5663 tempore
2666 5591 3063 5662 operationem,
3095 5595 3150 5642 et
3203 5586 3306 5641 loci
3363 5585 3606 5640 necessia

2035 5695 2222 5755 tatem,
2257 5693 2312 5742 et
2344 5692 2470 5742 ante
2502 5683 2681 5740 omnia
2711 5682 3018 5750 materiam,
3051 5681 3171 5738 sine
3186 5679 3388 5750 quibus
3418 5679 3599 5739 oinnta
