4142 6374
507 397 612 477 7s;
1762 395 1819 450 s.

1875 395 2205 450 GllEGORIl
2243 395 2536 448 NYSSENI

3673 404 3778 458 τιτι

508 512 614 565 bus
648 508 831 564 inﬁma
861 507 1142 579 generatio
1173 522 1292 577 qua:
1320 517 1405 561 est
1445 521 1475 560 ιι
1509 515 1723 570 natura,
1790 524 1897 562 non
1945 524 2077 562 con-

2185 509 2374 577 γενοῦς
2426 508 2804 580 ἑρμηνεύεται.
2857 511 2966 561 Καὶ
3001 511 3186 578 ἐπειδὴ
3221 513 3318 581 οὑχ
3371 514 3554 566 ἱκανὸν
3598 511 3665 584 ἧν
3712 517 3773 568 τὸ

509 607 674 660 sistit.
710 605 847 659 Cum
873 613 1053 658 autem
1085 605 1137 656 in
1191 604 1545 673 generatione
1582 600 1702 655 Filii
1741 602 1855 657 haec
1899 603 2084 656 omnia

509 713 633 766 qua:
675 696 743 751 de
779 696 1006 749 materia
1056 703 1110 749 et
1139 695 1383 748 locorum
1426 710 1521 748 seu
1570 703 1872 763 temporum
1915 695 2086 749 inter-

508 789 664 843 vallis
699 788 1104 858 intelligimtur,
1138 802 1244 841 non
1295 786 1822 857 comprehendisset,
1866 787 1920 840 in
1958 786 2084 840 Filii

507 881 909 950 signiﬁcatione
931 881 1048 935 sola
1075 879 1371 934 subrelicta
1405 888 1489 934 est
1511 887 1702 932 natura
1729 897 1743 932 :
1775 887 2086 948 propterea-

507 988 614 1041 que
641 987 772 1026 voce
806 970 925 1026 Filii
982 972 1289 1041 proprietas
1310 978 1522 1024 natura:
1552 978 1605 1025 et
1637 971 1876 1038 legitima
1907 972 2081 1041 origo,

506 1079 628 1131 quae
657 1071 742 1118 est
790 1065 844 1116 in
870 1077 935 1117 ea
967 1063 1321 1130 generatione
1345 1079 1467 1132 quae
1524 1077 1553 1115 a
1582 1059 1740 1117 Patre
1801 1062 1983 1116 editur
2027 1066 2084 1116 in

509 1155 794 1224 unigenito
825 1153 922 1207 Dei
975 1152 1112 1207 Filio
1168 1154 1492 1224 explicatur.
1551 1152 1617 1206 Et
1665 1153 1925 1223 quoniam
1961 1154 2084 1209 talis

507 1246 876 1314 generationis
906 1245 1118 1314 species
1147 1261 1254 1299 non
1283 1253 1400 1300 erat
1424 1244 1619 1300 idonea
1645 1246 1710 1298 ad
1742 1244 2080 1299 inferendam

507 1336 671 1392 nobis
705 1335 1063 1392 sulﬁcientem
1106 1337 1400 1392 ineﬁ‘abilis
1427 1338 1761 1393 cxsistcutiae
1804 1331 2084 1408 Unigeniti

506 1429 951 1499 imaginationem
979 1472 993 1496 ,
1026 1431 1254 1484 alteram
1299 1431 1671 1497 generationis
1725 1432 1960 1500 speciem
2004 1431 2083 1485 si-

509 1521 623 1574 mul
656 1521 889 1575 assumit
934 1521 1204 1590 theologia
1266 1519 1335 1574 ad
1370 1521 1784 1590 signiﬁcandam
1838 1519 1958 1576 Filii
1988 1537 2083 1591 ge-

508 1614 873 1678 nerationem,
904 1629 1024 1668 eam
1063 1628 1261 1682 nempe
1289 1629 1412 1682 quae
1444 1613 1500 1666 ﬁt
1535 1629 1601 1668 ex
1656 1614 1928 1669 materiali
1983 1615 2083 1668 de-

508 1704 683 1770 ﬂuxu,
715 1713 768 1760 et
794 1706 926 1760 dicit
984 1706 1332 1776 splendorem
1392 1706 1604 1776 gloriae.
1641 1714 1692 1761 et
1751 1707 2083 1762 suavitatem

510 1797 796 1867 unguenti,
829 1813 1086 1867 vaporem
1130 1797 1245 1860 Dei,
1277 1812 1420 1867 qum,
1456 1806 1515 1851 ut
1549 1797 1818 1866 superiori
1845 1806 2082 1853 tractatu

2187 602 2398 655 τοιοῦτο
2435 605 2533 672 τῆς
2561 604 2862 674 γεννήσεως
2895 598 3032 664 εἶδος
3059 602 3334 673 ἀρκοῦσαν
3365 605 3495 676 ἡμῖν
3535 608 3772 676 ἐμποιῆ-

2189 708 2277 745 σαι
2311 693 2406 762 τῆς
2444 693 2682 763 ἀρρήτου
2718 690 2961 762 περὶτοῦ
2997 691 3331 758 Μονογενοῦς
3368 692 3653 764 ὑπάρξεως
3675 696 3776 766 τὴν

2189 782 2506 852 φαντασίαν,
2545 781 3075 854 συμπαραλαμϐάνει
3111 783 3207 835 καὶ
3248 782 3433 854 ἕτερον
3460 788 3556 855 τῆς
3583 788 3776 855 γεννή-

2190 894 2324 939 σεως
2357 873 2516 938 εἶδος,
2538 876 2672 946 πρὸς
2691 893 2754 946 ση
2765 875 2962 945 μασίαν
3005 877 3102 945 τῆς
3127 876 3220 928 τοῦ
3240 875 3394 928 Υίοῦ¹
3427 877 3688 946 θεολογία,
3709 879 3775 932 τὸ

2188 971 2252 1022 ὲκ
2285 969 2383 1038 τῆς
2417 969 2606 1038 ὑλικῆς
2640 969 2956 1040 ἀπορροίας,
2995 969 3084 1020 καί
3117 984 3281 1039 φησιν
3309 969 3651 1039 ἀπαύγασμα
3681 971 3770 1023 δό-

2187 1059 2304 1130 ξης,
2340 1061 2431 1113 καὶ
2460 1060 2632 1130 ὀσμὴν
2663 1059 2833 1130 μύρου
2881 1060 2973 1112 καὶ
3005 1059 3202 1129 ἀτμίδα
3246 1059 3400 1121 Θεοῦ,
3445 1061 3586 1132 ἅπερ
3620 1065 3676 1114 ἐν
3701 1066 3767 1132 τῇ

2188 1152 2582 1224 προεκτεθείσῃ
2633 1151 2762 1222 παρ’
2811 1149 2966 1221 ἡμῶν
3008 1150 3321 1220 τεχνολογίᾳ
3388 1151 3421 1219 ἡ
3469 1151 3588 1203 καθ’
3624 1153 3773 1221 ἡμᾶς

2190 1243 2447 1313 συνήθεια
2476 1241 2666 1311 ὑλικὴν
2695 1243 2994 1313 ἀπόρροιαν
3024 1241 3292 1311 ὀνομάζει.
3334 1242 3471 1294 Ἀλλ’
3500 1243 3686 1312 ὥσπερ
3714 1246 3772 1294 ἐν

2186 1340 2296 1400 τοῖς
2324 1336 2742 1408 προειρημένοις
2791 1333 2914 1387 οὑτε
2944 1335 2976 1405 ἡ
3008 1335 3106 1403 τῆς
3132 1333 3359 1396 κτίσεως
3391 1335 3625 1402 ποίησις,
3648 1333 3773 1386 οὗτε

2188 1431 2221 1499 ἡ
2252 1428 2343 1482 τοῦ
2377 1427 2508 1481 Υίοῦ
2568 1427 2810 1496 σημασία
2877 1426 3088 1496 χρόνον,
3135 1425 3167 1492 ἢ
3217 1423 3369 1492 ὓλην,
3416 1422 3450 1493 ἦ
3497 1423 3684 1482 κόπον,
3737 1423 3770 1492 ἦ

2188 1521 2357 1582 πάθος
2384 1518 2824 1590 συμπαρεδέξατο
2849 1535 2862 1546 ·
2894 1517 3062 1576 οὕτως
3085 1515 3178 1568 καὶ
3213 1513 3445 1566 ἐνταῦθα
3473 1515 3650 1582 πάσης
3674 1513 3772 1582 τῆς

2187 1612 2379 1681 ὑλικῆς
2414 1612 2621 1672 ἐννοίας
2680 1609 2992 1678 ἐκκαθάρας
3036 1608 3135 1678 τὴν
3193 1606 3287 1658 τοῦ
3341 1606 3774 1674 ἀπαυγάσματος

2188 1706 2281 1759 καὶ⁸
2307 1705 2414 1757 τῶν
2441 1703 2641 1757 λοιπῶν
2677 1702 2784 1754 τῶν
2831 1699 3306 1772 μνημονευθέντων
3336 1699 3634 1768 σημασίαν,
3673 1700 3773 1767 μό-

2187 1815 2276 1851 νον
2309 1798 2368 1850 τὸ
2405 1795 2705 1867 θεοπρεπὲς
2733 1795 2824 1848 τοῦ
2856 1793 3096 1846 τοιούτου
3129 1793 3228 1862 τῆς
3268 1795 3570 1863 γεννήσεως
3601 1793 3772 1854 εἴδους

507 1891 890 1958 exposuimus,
923 1897 1113 1948 nostra
1149 1889 1492 1943 consuetudo
1520 1889 1795 1945 deﬁnxum
1826 1893 2082 1946 materia-

2184 1891 2216 1942 ’ὁ
2257 1891 2412 1958 λόγος
2457 1887 2804 1959 παραλαϐὼν,
2841 1887 3169 1940 ἐνδείκνυται
3199 1885 3258 1937 τὸ
3292 1883 3350 1949 ἐξ
3393 1885 3556 1937 αὑτοῦ
3587 1901 3645 1936 τε
3677 1884 3773 1936 καὶ

510 1981 615 2034 lem
674 1982 940 2036 nominat.
1005 1979 1110 2036 Sed
1169 1981 1625 2051 quemadmodum
1693 1982 1747 2036 in
1794 1984 1878 2039 his
1964 1999 2086 2050 quae

509 2073 661 2140 prius
721 2075 1102 2128 recensuimns
1178 2089 1356 2143 neque
1419 2085 1687 2130 creaturae
1762 2077 2082 2145 generatio,

507 2177 685 2232 neque
757 2161 882 2216 Filii
956 2164 1362 2234 signiﬁcantia,
1449 2173 1697 2236 tempus,
1752 2168 1836 2221 vel
1913 2177 2086 2221 mate-

507 2253 671 2316 riam,
700 2253 786 2306 vel
820 2253 1085 2314 laborem,
1119 2254 1200 2307 vel
1235 2253 1580 2308 adeetiorieiii
1613 2257 1777 2310 simul
1824 2257 2083 2322 admisit;

506 2343 588 2396 sic
628 2349 681 2395 et
705 2341 796 2394 hic
849 2342 998 2395 omni
1053 2342 1324 2396 matcriali
1377 2343 1713 2412 cogitatione
1765 2360 2082 2416 expurgans

505 2430 819 2501 splendoris
849 2438 903 2484 et
935 2438 1257 2485 cmterorum
1292 2447 1527 2502 quorum
1570 2432 1774 2487 mentio
1801 2431 1945 2487 facta
1971 2442 2075 2497 est,

509 2525 960 2598 signiﬁeantiam,
997 2525 1174 2579 solum
1215 2525 1268 2579 id
1303 2525 1448 2595 quod
1481 2526 1589 2580 Deo
1617 2525 1872 2580 convenit
1901 2533 1954 2580 et
1989 2524 2084 2578 de-

507 2635 698 2675 corum
722 2626 828 2685 est,
854 2619 908 2673 in
939 2619 1063 2674 talis
1095 2619 1465 2688 generationis
1493 2620 1695 2689 specie,
1739 2634 1921 2674 sermo
1955 2635 2079 2672 cum

506 2711 827 2780 assumpsit,
857 2725 955 2780 per
983 2709 1312 2780 emphasim,
1343 2725 1436 2765 seu
1465 2711 1669 2763 claram
1696 2709 1859 2778 hujus
1887 2708 2083 2763 dictio-

507 2802 596 2856 nis
624 2801 1064 2872 signiﬁcantium,
1095 2817 1160 2854 ex
1197 2802 1318 2870 ipso
1348 2815 1472 2855 esse
1503 2808 1702 2853 etcum
1736 2800 1855 2870 ipso
1895 2807 2081 2869 aperte

505 2895 766 2947 ostendit.
800 2893 989 2964 Neque
1016 2893 1161 2948 enim
1193 2908 1364 2964 vapor
1395 2894 1511 2947 sive
1544 2893 1748 2947 halitus
1796 2894 1851 2948 in
1896 2907 2079 2947 aerem

505 2983 854 3040 dill'usioneni
878 3001 945 3040 ex
972 2985 1218 3054 subjecta
1235 2986 1461 3040 materia
1493 2984 1674 3038 animo
1708 2990 2080 3055 repraesentat,

506 3091 684 3144 neque
713 3076 847 3130 odor
886 3092 954 3130 ex
992 3077 1255 3146 qualitate
1288 3077 1553 3146 unguenti
1601 3077 1654 3129 in
1685 3091 1862 3130 aerem
1905 3083 2080 3128 trans-

507 3169 891 3233 mutationem,
955 3184 1133 3238 neque
1158 3168 1420 3238 splendor
1446 3185 1509 3222 ex
1542 3167 1706 3222 solari
1724 3183 1960 3236 corpore
1983 3182 2079 3237 per
2110 3205 2152 3260 ρ

507 3259 696 3313 radios
725 3257 1027 3323 deﬁuxum,
1059 3259 1157 3313 sed
1189 3259 1292 3313 hoc
1325 3260 1502 3313 solum
1537 3274 1602 3317 ex
1640 3259 1918 3324 omnibus,
1941 3260 2084 3313 sicut

508 3351 715 3405 dictum
761 3360 867 3413 est,
910 3362 1004 3421 per
1049 3352 1211 3408 talem
1241 3352 1614 3424 generationis
1646 3352 1865 3406 modum
1903 3352 2085 3406 decla-

423 3462 426 3463 ν
506 3450 682 3506 ratur,
712 3457 777 3497 ex
807 3443 900 3496 illo
939 3458 1062 3498 esse
1101 3452 1155 3498 et
1192 3459 1316 3498 cum
1355 3445 1452 3498 illo
1485 3443 1754 3514 intelligi,
1795 3445 1947 3498 nullo
2002 3445 2085 3498 in-

511 3537 741 3590 tervallo
772 3538 917 3592 inter
943 3538 1159 3592 Patrem
1186 3547 1240 3592 et
1274 3553 1398 3592 eum
1425 3540 1518 3608 qui
1547 3553 1615 3592 ex
1647 3539 1766 3607 ipso
1788 3547 1872 3592 est
1913 3539 2085 3593 inter-

503 3625 670 3694 jecto.
702 3626 808 3681 Sed
837 3630 1094 3697 quoniam
1122 3628 1193 3682 ob
1228 3629 1489 3697 majorem
1525 3629 1580 3683 in
1624 3629 1873 3682 homines
1919 3629 2085 3683 bene-

502 3718 798 3772 volentiam
853 3720 1028 3774 sancti
1081 3719 1320 3789 Spiritus
1372 3721 1546 3789 gratia
1587 3721 1775 3774 inultis
1821 3737 1885 3774 ex
1946 3719 2082 3775 locis

505 3809 667 3864 nobis
719 3810 1026 3880 ingenerari
1077 3811 1294 3866 divinas
1343 3811 1412 3866 de
1461 3809 1754 3883 Unigenite
1794 3811 2082 3880 opiniones

503 3899 890 3969 dispensavit:
930 3901 1017 3958 his
1069 3903 1234 3957 etiam
1291 3902 1501 3957 addidit
1560 3902 1824 3972 reliquam
1889 3918 2081 3956 eorum

503 4006 628 4060 quae
664 3991 717 4046 in
764 3993 1116 4060 generatione
1152 3993 1574 4048 considerantur
1626 3995 1888 4064 speciem,
1957 3993 2082 4047 dico

501 4096 622 4136 eam
655 4099 776 4152 qua:
801 4100 866 4137 ex
894 4093 1074 4138 mente
1095 4092 1149 4139 et
1169 4099 1446 4140 sermone.
1473 4083 1578 4139 Sed
1607 4084 1813 4153 majore
1840 4099 1973 4138 usus
1995 4093 2082 4139 εει

500 4173 843 4241 providentia
873 4174 1127 4230 sublimis
1143 4173 1405 4240 Joannes,
1438 4182 1498 4228 ut
1522 4189 1799 4241 nunquam
1827 4188 1938 4244 prae
1962 4173 2084 4228 lan-

500 4279 672 4334 guore
728 4273 782 4319 et
813 4265 979 4320 animi
1006 4267 1188 4335 pusilli
1233 4267 1514 4321 debilitate
1555 4266 1831 4322 audientis
1876 4266 2080 4322 intelli-

501 4354 685 4421 gentia
722 4354 940 4410 decidat
967 4356 1038 4411 ad
1090 4373 1434 4413 communem
1480 4359 1731 4415 notitiam
1778 4359 1972 4426 verbi,
2020 4366 2081 4414 ut

501 4443 674 4499 Filius
705 4444 888 4503 Patris
916 4463 1088 4504 sonus
1133 4451 1523 4506 existimetur:
1564 4458 1850 4521 propterea
1890 4452 1944 4506 in
1989 4467 2078 4506 es-

2189 1982 2306 2050 μετ⁹
2337 1979 2498 2030 αὑτοῦ
2539 1977 2794 2039 νοεῖσθαι,
2831 1977 2918 2029 διὰ
2955 1978 3053 2048 τῆς
3086 1975 3230 2029 κατὰ
3263 1976 3360 2046 τὴν
3393 1974 3536 2039 λέξιν
3565 1975 3770 2042 ταύτην

2187 2074 2496 2143 ἐμφάσεως.
2553 2069 2688 2122 Οὑτε
2727 2070 2835 2139 γὰρ
2866 2071 2897 2140 ἠ
2928 2070 3092 2140 ἀτμὶς
3126 2069 3223 2139 τὴν
3253 2070 3333 2130 εἰς
3360 2067 3498 2137 ἀέρα
3525 2067 3774 2137 διάχυσιν

2185 2166 2250 2216 ἐκ
2297 2163 2398 2232 τῆς
2445 2161 2809 2231 ὑποκειμένης
2854 2160 2984 2230 ὕλης
3015 2161 3364 2230 παρίστησιν,
3415 2158 3534 2212 οὔτε
3565 2163 3596 2229 ἡ
3623 2160 3766 2229 ὀσμὴ

2183 2257 2282 2326 ’τὴν
2315 2257 2503 2324 sxxii;
2546 2254 2826 2323 ποιότητος
2853 2250 2945 2305 τοῦ
2981 2251 3152 2322 μύρου
3188 2251 3474 2321 γινομένου
3514 2252 3648 2318 πρὸς
3677 2251 3768 2304 τὸν

2183 2349 2321 2419 ἀέρα
2352 2348 2699 2418 μετάστασιν,
2735 2344 2856 2398 οὔτε
2884 2346 3222 2414 ἀπαύγασμα
3263 2344 3360 2414 τὴν
3394 2346 3455 2397 ὲκ
3485 2344 3578 2396 τοῦ
3611 2344 3768 2410 ἡλια-

2185 2437 2281 2492 κοῦ
2328 2437 2576 2504 σώματος
2623 2436 2710 2488 διὰ
2751 2435 2858 2486 τῶν
2914 2433 3146 2485 ἀκτίνων
3206 2432 3526 2502 ἀπόρροιαν.
3605 2429 3769 2482 Ἀλλὰ

2182 2531 2339 2582 τοῦτο
2387 2529 2542 2598 μόνον
2591 2528 2656 2580 ὲκ
2709 2527 2968 2589 πάντων,
3020 2522 3200 2587 καθὼς
3248 2524 3499 2593 εἴρηται,
3545 2522 3632 2574 διὰ
3671 2520 3767 2574 τοῦ

2182 2622 2420 2675 τοιούτου
2444 2623 2540 2690 τῆς
2561 2623 2859 2688 γεννήσεως
2876 2620 3075 2691 τρόπου
3099 2616 3372 2688 δηλοῦται,
3393 2617 3452 2669 τὸ
3472 2616 3531 2681 ἐξ
3556 2617 3767 2670 ἐκείνου

2181 2731 2240 2767 τε
2285 2710 2422 2766 εἶναι
2456 2713 2547 2764 καὶ
2580 2713 2693 2782 μετ’
2727 2711 2935 2764 ἐκείνου
2966 2710 3236 2764 νοεῖσθαι·
3297 2709 3520 2781 μηδενὸς
3545 2709 3768 2777 διαστή-

2185 2822 2352 2876 ματος
2380 2803 2582 2875 μεταξὺ
2616 2802 2710 2856 τοῦ
2745 2803 2956 2874 [ἰατρὸς
2991 2805 3082 2856 καὶ
3108 2803 3200 2856 τοῦ
3237 2802 3296 2866 ea
3326 2802 3488 2855 αὑτοῦ
3517 2800 3764 2871 μεσιτεύ-

2181 2911 2350 2957 οντος.
2390 2893 2542 2946 Ἐπεὶ
2558 2893 2614 2946 δὲ
2638 2892 2724 2945 διὰ
2749 2891 2965 2945 πλείονα
2994 2893 3404 2962 φιλανθρωπίαν
3434 2893 3467 2959 ἡ
3489 2890 3582 2942 τοῦ
3608 2890 3763 2957 ἁγίου

2181 2989 2319 3041 ΙΙνεὺ
2329 3006 2492 3058 ματος
2508 2987 2662 3058 χάρις
2685 2985 3012 3056 πολλαχόθεν
3023 2988 3052 3056 η
3062 2990 3150 3056 μῖν
3174 2984 3488 3053 ἐγγενέσθαι
3507 2983 3604 3047 τὰς
3617 2981 3767 3044 θείας

2182 3099 2248 3134 πε
2258 3083 2309 3150 ρ“ι
2331 3080 2422 3133 τοῦ
2447 3078 2782 3147 Μονογενοῦς
2807 3079 3102 3148 ὑπολήψεις
3131 3078 3516 3148 ᾠκονομήσατο
3535 3092 3548 3103 ·
3607 3091 3768 3145 προσ-

2186 3171 2350 3241 έθηκε
2381 3172 2473 3224 καὶ
2497 3169 2557 3222 τὸ
2580 3170 2897 3240 λειπόμενον
2916 3170 3022 3222 τῶν
3053 3171 3107 3221 ὲν
3142 3170 3350 3236 γενέσει
3379 3166 3770 3236 θεωρουμένων

2187 3261 2344 3328 εἶδος,
2399 3263 2458 3316 τὸ
2501 3265 2564 3316 ἐκ
2609 3262 2704 3315 τοῦ
2749 3261 2838 3315 νοῦ
2885 3279 3024 3332 φημι
3071 3262 3164 3313 καὶ
3212 3259 3305 3312 τοῦ
3357 3259 3537 3326 λόγου.
3603 3256 3770 3310 Ἀλλὰ

2185 3355 2388 3408 πλείονι
2423 3355 2619 3425 χρῆται
2649 3355 2716 3424 τῇ
2751 3353 3060 3424 προμηθείᾳ
3087 3355 3114 3405 ὀ
3141 3351 3340 3420 ὑψηλὸς
3380 3349 3656 3419 Ἰωάννης,
3689 3347 3765 3410 ὡς

2188 3447 2397 3517 μήποτε
2433 3445 2537 3498 ὑπὸ
2569 3444 2785 3508 ἀτονίας
2817 3460 2876 3497 τε
2905 3444 3001 3498 καὶ
3033 3441 3394 3513 μικροψυχίας
3435 3441 3764 3494 καταπεσεῖν

2181 3538 2274 3592 τὸν
2309 3537 2574 3591 ἀκούοντα
2601 3537 2736 3608 πρὸς
2767 3536 2952 3607 κοινὴν
2975 3533 3182 3589 ἔννοιαν
3211 3534 3390 3601 λόγου,
3422 3533 3498 3596 ὡς
3529 3532 3768 3601 φθόγγον

2182 3629 2273 3682 τοῦ
2310 3629 2518 3699 Πατρὸς
2545 3630 2636 3680 τὸν
2664 3629 2788 3681 Υἱὸν
2819 3627 3142 3698 νομισθῆναι
3166 3642 3179 3654 ·
3216 3625 3304 3678 διὰ
3331 3625 3489 3678 τοῦτο
3517 3626 3574 3678 ὲν
3605 3623 3764 3693 οὐσίᾳ

2184 3722 2399 3796 βλέπειν
2439 3723 2528 3776 τὸν
2553 3723 2724 3791 Λόγον
2774 3721 3185 3792 παρασκευάζει
3230 3719 3307 3790 τῷ
3356 3718 3556 3788 πρώτῳ
3588 3715 3762 3787 κηρύ-

2182 3830 2373 3883 γματι,
2403 3813 2496 3864 καὶ
2551 3813 2609 3864 ἐν
2641 3811 2799 3882 οὐσίᾳ
2832 3812 2932 3864 οὑκ
2959 3810 3342 3880 ἀπεξενωμένῃ
3381 3809 3486 3861 τινὶ
3515 3809 3762 3879 ἀπερῤηο

2181 3905 2308 3976 γυίᾳ
2332 3903 2429 3972 τῆς
2457 3903 2577 3956 ὅθεν
2605 3903 2772 3966 ἐστὶν,
2805 3901 2918 3955 ἀλλ’
2948 3901 3006 3954 ὲν
3037 3901 3183 3970 αὑτῷ
3211 3899 3303 3952 καὶ
3347 3901 3413 3969 τῇ
3446 3897 3643 3970 πρώτῃ,
3669 3898 3762 3950 καὶ

2185 3996 2431 4066 μακαρίᾳ
2479 3994 2660 4063 φύσει.
2705 3992 2890 4046 Ταῦτα
2939 3992 3047 4064 γὰρ
3097 3991 3356 4053 διδάσκει,
3406 3989 3619 4056 λέγων,
3679 3990 3762 4044 ὃτι

2193 4087 2290 4140 Ἐν
2349 4083 2507 4154 ἀρχῇ
2563 4082 2643 4155 ἦν
2679 4087 2712 4138 ό
2763 4085 2986 4154 Λόγος,
3037 4083 3132 4137 καὶ
3207 4080 3357 4150 πρὸς
3424 4079 3531 4133 τὸν
3577 4079 3760 4144 Θεὸνν

2179 4178 2279 4232 καὶ
2301 4178 2464 4244 Θεὸς,
2489 4178 2583 4230 καὶ
2604 4176 2780 4230 πάντα
2805 4177 2904 4229 ὅσα
2931 4175 3079 4228 ἐστὶν
3103 4176 3136 4246 ἡ
3164 4174 3327 4244 ἀρχὴ.
3359 4172 3452 4225 καὶ
3475 4170 3636 4234 αὐτὸς
3658 4169 3758 4225 ὧν.

2179 4268 2365 4332 Οὕτως
2391 4269 2505 4340 γὰρ
2533 4269 2659 4340 περὶ
2699 4269 2797 4339 τῆς
2825 4267 3122 4337 ἀῖδιότητος
3149 4265 3244 4320 τοῦ
3276 4263 3612 4332 Μαινογενοὺς
3641 4263 3760 4316 θεο-

2178 4361 2351 4430 λογῶν
2388 4361 2738 4433 διεξέρχεται.
2759 4359 2975 4412 Τούτων
3000 4358 3176 4411 τοίνυν
3207 4356 3311 4410 τῶν
3340 4356 3438 4426 τῆς
3455 4355 3763 4424 γεννήσεως

2178 4453 2414 4524 τρόπων,
2451 4453 2569 4523 ἦτοι
2597 4451 2702 4506 τῶν
2740 4451 2800 4517 ἐξ
2831 4451 3008 4514 αἰτίας
3033 4449 3433 4519 ὑφεστηκότων,
3456 4449 3515 4500 ἐν
3539 4450 3606 4518 τῇ
3636 4447 3758 4500 καθ’

502 4539 681 4592 sentia
736 4547 985 4608 spectare
1025 4539 1264 4600 Verbum
1313 4545 1534 4599 instruit
1573 4545 1748 4615 prima
1810 4544 2074 4613 praedicao

2184 4545 2325 4615 ἡμᾶς
2355 4544 2612 4614 συνηθείᾳ
2638 4543 3076 4613 γινωσκομένων,
3105 4540 3565 4611 παραληφθέντων
3585 4539 3642 4592 δὲ
3661 4538 3759 4592 καὶ

499 4629 670 4695 tione,
707 4639 760 4685 et
793 4646 903 4686 non
921 4632 976 4686 in
991 4635 1228 4689 essentia
1259 4636 1439 4706 aliqua
1464 4637 1750 4706 peregrina
1767 4643 1821 4690 et
1841 4635 2072 4704 abrupta

499 4720 569 4774 ab
602 4736 665 4775 ea
696 4737 817 4791 quae
847 4723 990 4780 Deus
1019 4733 1124 4790 est,
1160 4726 1255 4782 sed
1286 4727 1340 4781 in
1373 4727 1493 4797 ipso
1523 4735 1578 4781 et
1601 4728 1654 4780 in
1691 4727 1865 4796 prima
1887 4726 2074 4780 beata-

499 4827 609 4881 que
634 4821 853 4868 natura.
886 4814 1010 4870 Haec
1038 4818 1182 4872 cnim
1215 4819 1393 4884 docet,
1431 4819 1622 4874 dicens
1660 4837 1673 4871 :
1704 4817 1771 4871 In
1813 4817 2072 4887 principio

497 4912 616 4956 erat
662 4904 908 4971 Verbum,
932 4917 980 4963 et
1019 4909 1160 4978 apud
1193 4909 1361 4964 Deam
1384 4950 1401 4977 ,
1430 4920 1479 4966 et
1511 4911 1650 4965 Deus
1672 4910 1736 4976 "‘,
1787 4918 1843 4964 et
1888 4910 2072 4964 omnia

499 5013 622 5067 quae
662 5001 987 5070 principium
1023 5012 1126 5068 est,
1163 5012 1218 5059 et
1248 5005 1365 5074 ipse
1398 5011 1503 5059 est.
1541 5003 1634 5058 Sic
1656 5004 1801 5057 enim
1829 5003 1897 5058 de
1917 5011 2073 5056 teter-

497 5087 673 5145 nitate
706 5089 978 5162 Unigeniti
1021 5094 1325 5164 theologice
1349 5095 1630 5151 disserens
1661 5097 1903 5165 exponit.
1933 5097 2068 5152 Cum

2180 4633 2332 4709 παρὰ
2357 4636 2458 4707 τῆς
2481 4635 2643 4704 ἁγίας
2667 4634 2892 4706 Γραφῆς
2920 4634 3054 4706 πρὸς
3082 4634 3178 4706 τὴν
3209 4633 3317 4686 τῶν
3345 4630 3755 4702 ὑπερκειμένων

2178 4728 2523 4782 διδασκαλίαν
2543 4769 2557 4792 ,
2611 4726 2782 4790 οὕτως
2810 4727 2884 4790 ὡς
2913 4727 3059 4790 εἰκός
3085 4728 3201 4779 ὲστι
3236 4725 3372 4797 πρὸς
3411 4723 3754 4794 παράστασιν

2178 4822 2285 4876 τῶν
2309 4822 2468 4875 θείων
2497 4820 2814 4891 ὑπολήψεων
2845 4819 3070 4872 ἕκαστον
3093 4817 3297 4872 τούτων
3321 4813 3751 4887 μεταληφθῆναι,

2179 4913 2419 4986 κρινάτω
2442 4911 2656 4966 δικαίαν
2687 4911 2866 4982 κρίσιν
2893 4913 2922 4964 ὁ
2947 4910 3288 4981 ἐντυγχάνων
3312 4908 3390 4980 τῷ
3421 4907 3562 4976 λόγῳ
3583 4923 3596 4936 ·
3625 4904 3676 4956 εί
3702 4921 3756 4957 τι

2177 5005 2286 5058 τῶν
2315 5005 2441 5076 περὶ
2476 5006 2574 5077 τῆς
2617 5005 2878 5075 αἱρέσεως
2914 5003 3226 5074 φερομένων
3279 5000 3430 5070 ἰσχύν
3463 5013 3585 5051 τινα
3615 4997 3755 5049 κατὰ

2177 5100 2275 5168 τῆς
2300 5097 2555 5168 ἀληθείας
2591 5095 2722 5166 ἔχει.

501 5181 670 5250 igitur
698 5183 833 5239 tales
853 5184 1353 5254 sintgenerationis
1384 5187 1550 5249 modi,
1578 5201 1675 5240 seu
1707 5196 1856 5243 certe
1875 5202 2062 5242 eorum
2104 5204 2226 5257 qua:
2255 5204 2320 5242 ex
2361 5203 2530 5242 causa
2563 5188 2894 5248 subsistunt,
2926 5186 3019 5252 qui
3090 5184 3310 5254 quidem
3355 5190 3544 5238 nostra
3614 5194 3750 5233 con-

498 5277 790 5333 suetudine
816 5289 1241 5348 cognoscuntur,
1263 5295 1400 5348 quos
1422 5280 1720 5351 assumpsit
1739 5295 1894 5336 sacra
1927 5279 2206 5351 Scriptura
2240 5282 2307 5335 ad
2357 5281 2882 5352 supereminentium-
2918 5278 3224 5333 doctrinam
3263 5290 3496 5347 quorum
3554 5288 3754 5327 unum.

498 5371 754 5443 quodque
783 5371 863 5427 sic
883 5373 1082 5429 debeat
1113 5373 1320 5428 assumi
1351 5381 1410 5428 ut
1441 5385 1868 5430 consentaneum
1901 5374 2074 5430 estad
2117 5373 2410 5430 ﬁrmandas
2441 5382 2494 5430 et
2537 5374 2890 5428 stabiliendas
2967 5385 3151 5426 rerum
3219 5368 3522 5425 divinarum
3569 5369 3748 5420 notio-

499 5480 619 5531 nes,
645 5463 853 5535 judicet
890 5465 1001 5534 jarn
1046 5474 1256 5523 rectum
1283 5466 1587 5537 judicium,
1639 5469 1730 5525 ille
1778 5469 1873 5539 qui
1924 5469 2068 5526 hunc
2105 5484 2416 5526 sermonem
2466 5468 2634 5540 legit,

497 5556 855 5629 proferuntur
882 5558 1048 5616 robur
1073 5559 1294 5631 aliquod
1330 5561 1496 5618 habet
1530 5569 1722 5618 contra
1756 5563 2061 5618 veritatem.

569 5653 678 5710 Sed
715 5670 910 5712 rursus
949 5656 1398 5746 adjiciammipsam
1423 5661 1488 5718 ad
1517 5661 1738 5720 verbum
1769 5659 2066 5716 adversarii

570 5828 815 5890 "Joan.
865 5835 986 5890 ιι.

2722 5468 2767 5522 si
2823 5465 2952 5537 quid
3006 5479 3197 5522 eorum
3269 5477 3393 5532 quae
3443 5461 3512 5517 ab
3555 5459 3748 5514 haeresi

2245 5653 2621 5729 Ilpoaliijcwﬁ‘s
2651 5651 2810 5707 πάλιν
2841 5651 3011 5724 αὐτην
3038 5651 3130 5706 ἐπὶ
3162 5649 3357 5719 λέξεως
3384 5648 3474 5704 τοῦ
3508 5645 3748 5702 ἐναντίου
