  <div class='ocr_page' id='page_1' title='image "/cluster/home/n/w/nwhite01/storage/ocr_20150623/45/nnc1.0046978445/404.png"; bbox 0 0 4142 6374; ppageno 0'>
   <div class='ocr_carea' id='block_1_1' title="bbox 316 444 423 499">
    <p class='ocr_par' dir='ltr' id='par_1_1' title="bbox 316 444 423 499">
     <span class='ocr_line' id='line_1_1' title="bbox 316 444 423 499; baseline -0.009 0"><span class='ocrx_word' id='word_1_1' title='bbox 316 444 423 499; x_wconf 81' lang='grc'><strong><em>’185</em></strong></span> 
     </span>
    </p>
   </div>
   <div class='ocr_carea' id='block_1_2' title="bbox 1439 446 2490 516">
    <p class='ocr_par' dir='ltr' id='par_1_2' title="bbox 1439 446 2490 516">
     <span class='ocr_line' id='line_1_2' title="bbox 1439 446 2490 516; baseline 0.001 -16"><span class='ocrx_word' id='word_1_2' title='bbox 1439 446 1718 502; x_wconf 68' lang='lat' dir='ltr'><strong><em>CONTRA</em></strong></span> <span class='ocrx_word' id='word_1_3' title='bbox 1759 449 2151 516; x_wconf 75' lang='lat' dir='ltr'><strong><em>EUNOMIUM,</em></strong></span> <span class='ocrx_word' id='word_1_4' title='bbox 2186 450 2316 503; x_wconf 82' lang='lat' dir='ltr'><strong><em>LIB.</em></strong></span> <span class='ocrx_word' id='word_1_5' title='bbox 2363 448 2490 503; x_wconf 82' lang='lat' dir='ltr'><strong>VIII.</strong></span> 
     </span>
    </p>
   </div>
   <div class='ocr_carea' id='block_1_3' title="bbox 3476 436 3578 496">
    <p class='ocr_par' dir='ltr' id='par_1_3' title="bbox 3476 436 3578 496">
     <span class='ocr_line' id='line_1_3' title="bbox 3476 436 3578 496; baseline -0.02 -1"><span class='ocrx_word' id='word_1_6' title='bbox 3476 436 3578 496; x_wconf 82' lang='lat'><strong>786</strong></span> 
     </span>
    </p>
   </div>
   <div class='ocr_carea' id='block_1_4' title="bbox 320 553 1898 632">
    <p class='ocr_par' dir='ltr' id='par_1_4' title="bbox 320 553 1896 629">
     <span class='ocr_line' id='line_1_4' title="bbox 320 553 1896 629; baseline 0.004 -22"><span class='ocrx_word' id='word_1_7' title='bbox 320 553 420 622; x_wconf 78' lang='grc' dir='ltr'>τὴν</span> <span class='ocrx_word' id='word_1_8' title='bbox 456 555 610 627; x_wconf 78' lang='grc' dir='ltr'>ῥῆσιν</span> <span class='ocrx_word' id='word_1_9' title='bbox 631 555 872 626; x_wconf 75' lang='grc' dir='ltr'>,ἔχουσαν</span> <span class='ocrx_word' id='word_1_10' title='bbox 901 556 1104 621; x_wconf 48' lang='grc' dir='ltr'>οὑτως]</span> <span class='ocrx_word' id='word_1_11' title='bbox 1139 559 1272 624; x_wconf 85' lang='grc' dir='ltr'><strong><em>Δύο,</em></strong></span> <span class='ocrx_word' id='word_1_12' title='bbox 1302 560 1465 629; x_wconf 70' lang='grc' dir='ltr'>φησιν</span> <span class='ocrx_word' id='word_1_13' title='bbox 1489 600 1501 622; x_wconf 90' lang='grc'><strong><em>,</em></strong></span> <span class='ocrx_word' id='word_1_14' title='bbox 1553 562 1742 615; x_wconf 75' lang='grc' dir='ltr'>ὄντων</span> <span class='ocrx_word' id='word_1_15' title='bbox 1777 561 1896 614; x_wconf 82' lang='grc' dir='ltr'><strong><em>τῶν</em></strong></span> 
     </span>
    </p>
   </div>
   <div class='ocr_carea' id='block_1_5' title="bbox 1998 553 3579 632">
    <p class='ocr_par' dir='ltr' id='par_1_5' title="bbox 1998 555 3579 632">
     <span class='ocr_line' id='line_1_5' title="bbox 1998 555 3579 632; baseline -0.004 -15"><span class='ocrx_word' id='word_1_16' title='bbox 1998 562 2322 626; x_wconf 89' lang='lat' dir='ltr'><strong><em>orationem,</em></strong></span> <span class='ocrx_word' id='word_1_17' title='bbox 2351 576 2472 632; x_wconf 69' lang='lat' dir='ltr'><strong><em>qua:</em></strong></span> <span class='ocrx_word' id='word_1_18' title='bbox 2505 559 2586 615; x_wconf 89' lang='lat' dir='ltr'><strong><em>sic</em></strong></span> <span class='ocrx_word' id='word_1_19' title='bbox 2615 560 2780 614; x_wconf 82' lang='lat' dir='ltr'><strong><em>habet</em></strong></span> <span class='ocrx_word' id='word_1_20' title='bbox 2805 580 2817 612; x_wconf 96' lang='lat'>:</span> <span class='ocrx_word' id='word_1_21' title='bbox 2851 559 2992 624; x_wconf 81' lang='lat' dir='ltr'><strong><em>Duo,</em></strong></span> <span class='ocrx_word' id='word_1_22' title='bbox 3031 558 3210 629; x_wconf 85' lang='lat' dir='ltr'><strong><em>inquit</em></strong></span> <span class='ocrx_word' id='word_1_23' title='bbox 3233 597 3248 621; x_wconf 87' lang='lat'><strong><em>,</em></strong></span> <span class='ocrx_word' id='word_1_24' title='bbox 3284 572 3404 610; x_wconf 86' lang='lat' dir='ltr'><strong><em>cum</em></strong></span> <span class='ocrx_word' id='word_1_25' title='bbox 3427 555 3579 610; x_wconf 75' lang='lat' dir='ltr'><strong><em>dixe-</em></strong></span> 
     </span>
    </p>
   </div>
   <div class='ocr_carea' id='block_1_6' title="bbox 319 646 1884 722">
    <p class='ocr_par' dir='ltr' id='par_1_6' title="bbox 319 646 1884 722">
     <span class='ocr_line' id='line_1_6' title="bbox 319 646 1884 722; baseline 0.004 -22"><span class='ocrx_word' id='word_1_26' title='bbox 319 650 454 716; x_wconf 71' lang='lat' dir='ltr'><strong><em>:mp&#39;</em></strong></span> <span class='ocrx_word' id='word_1_27' title='bbox 485 646 654 717; x_wconf 68' lang='grc' dir='ltr'><strong><em>ἡμῶν</em></strong></span> <span class='ocrx_word' id='word_1_28' title='bbox 685 649 1030 717; x_wconf 79' lang='grc' dir='ltr'>εὶρημένων,</span> <span class='ocrx_word' id='word_1_29' title='bbox 1063 652 1168 704; x_wconf 85' lang='grc' dir='ltr'><strong><em>τοῦ</em></strong></span> <span class='ocrx_word' id='word_1_30' title='bbox 1197 667 1259 704; x_wconf 83' lang='grc' dir='ltr'><strong><em>τε</em></strong></span> <span class='ocrx_word' id='word_1_31' title='bbox 1293 652 1404 720; x_wconf 82' lang='grc' dir='ltr'>πρὸ</span> <span class='ocrx_word' id='word_1_32' title='bbox 1433 652 1543 721; x_wconf 81' lang='grc' dir='ltr'>τῆς</span> <span class='ocrx_word' id='word_1_33' title='bbox 1568 653 1721 718; x_wconf 72' lang='grc' dir='ltr'>ιδίας</span> <span class='ocrx_word' id='word_1_34' title='bbox 1755 671 1884 722; x_wconf 75' lang='grc' dir='ltr'>γεν-</span> 
     </span>
    </p>
   </div>
   <div class='ocr_carea' id='block_1_7' title="bbox 317 735 1895 814">
    <p class='ocr_par' dir='ltr' id='par_1_7' title="bbox 317 735 1895 814">
     <span class='ocr_line' id='line_1_7' title="bbox 317 735 1895 814; baseline 0.003 -21"><span class='ocrx_word' id='word_1_35' title='bbox 317 737 552 804; x_wconf 75' lang='grc' dir='ltr'>νήσεως</span> <span class='ocrx_word' id='word_1_36' title='bbox 583 736 669 808; x_wconf 82' lang='grc' dir='ltr'><strong><em>μὴ</em></strong></span> <span class='ocrx_word' id='word_1_37' title='bbox 725 735 880 794; x_wconf 78' lang='grc' dir='ltr'>εἶναι</span> <span class='ocrx_word' id='word_1_38' title='bbox 922 740 1037 809; x_wconf 80' lang='grc' dir='ltr'><strong><em>τὴν</em></strong></span> <span class='ocrx_word' id='word_1_39' title='bbox 1077 745 1297 796; x_wconf 73' lang='grc' dir='ltr'>οὐσίαν</span> <span class='ocrx_word' id='word_1_40' title='bbox 1344 745 1448 797; x_wconf 79' lang='grc' dir='ltr'><strong><em>τοῦ</em></strong></span> <span class='ocrx_word' id='word_1_41' title='bbox 1498 745 1895 814; x_wconf 74' lang='grc' dir='ltr'>Μονογενοῦς,</span> 
     </span>
    </p>
   </div>
   <div class='ocr_carea' id='block_1_8' title="bbox 319 826 1897 898">
    <p class='ocr_par' dir='ltr' id='par_1_8' title="bbox 319 826 1897 898">
     <span class='ocr_line' id='line_1_8' title="bbox 319 826 1897 898; baseline 0.004 -18"><span class='ocrx_word' id='word_1_42' title='bbox 319 826 420 880; x_wconf 75' lang='grc' dir='ltr'>καὶ</span> <span class='ocrx_word' id='word_1_43' title='bbox 467 826 572 880; x_wconf 86' lang='grc' dir='ltr'><strong><em>τοῦ</em></strong></span> <span class='ocrx_word' id='word_1_44' title='bbox 614 828 1010 896; x_wconf 60' lang='grc' dir='ltr'>γεννηθεῖσαν</span> <span class='ocrx_word' id='word_1_45' title='bbox 1060 830 1173 898; x_wconf 81' lang='grc' dir='ltr'>πρὸ</span> <span class='ocrx_word' id='word_1_46' title='bbox 1222 831 1464 885; x_wconf 77' lang='grc' dir='ltr'>πάντων</span> <span class='ocrx_word' id='word_1_47' title='bbox 1513 829 1684 887; x_wconf 79' lang='grc' dir='ltr'>εἶναι.</span> <span class='ocrx_word' id='word_1_48' title='bbox 1742 835 1897 897; x_wconf 83' lang='grc' dir='ltr'>Ποῖον</span> 
     </span>
    </p>
   </div>
   <div class='ocr_carea' id='block_1_9' title="bbox 318 915 1896 994">
    <p class='ocr_par' dir='ltr' id='par_1_9' title="bbox 318 915 1896 994">
     <span class='ocr_line' id='line_1_9' title="bbox 318 915 1896 994; baseline 0.004 -24"><span class='ocrx_word' id='word_1_49' title='bbox 318 921 624 988; x_wconf 82' lang='grc' dir='ltr'><strong><em>γεννήσεως</em></strong></span> <span class='ocrx_word' id='word_1_50' title='bbox 673 915 812 981; x_wconf 82' lang='grc' dir='ltr'>εἶδος</span> <span class='ocrx_word' id='word_1_51' title='bbox 862 920 889 972; x_wconf 98' lang='lat'><strong><em>6</em></strong></span> <span class='ocrx_word' id='word_1_52' title='bbox 933 921 1298 992; x_wconf 84' lang='grc' dir='ltr'>δογματιστὴς</span> <span class='ocrx_word' id='word_1_53' title='bbox 1346 926 1479 993; x_wconf 85' lang='grc' dir='ltr'>ἡμῖν</span> <span class='ocrx_word' id='word_1_54' title='bbox 1528 923 1896 994; x_wconf 83' lang='grc' dir='ltr'>προτείνεται;</span> 
     </span>
    </p>
   </div>
   <div class='ocr_carea' id='block_1_10' title="bbox 323 1000 1899 1082">
    <p class='ocr_par' dir='ltr' id='par_1_10' title="bbox 323 1000 1899 1082">
     <span class='ocr_line' id='line_1_10' title="bbox 323 1000 1899 1082; baseline 0.003 -20"><span class='ocrx_word' id='word_1_55' title='bbox 323 1000 466 1082; x_wconf 76' lang='grc' dir='ltr'>Ἀρα</span> <span class='ocrx_word' id='word_1_56' title='bbox 488 1011 546 1063; x_wconf 75' lang='grc' dir='ltr'><strong><em>τὸ</em></strong></span> <span class='ocrx_word' id='word_1_57' title='bbox 573 1011 777 1082; x_wconf 77' lang='grc' dir='ltr'>πρέπον</span> <span class='ocrx_word' id='word_1_58' title='bbox 800 1013 890 1064; x_wconf 76' lang='grc' dir='ltr'>ἐπὶ</span> <span class='ocrx_word' id='word_1_59' title='bbox 913 1013 1045 1066; x_wconf 84' lang='grc' dir='ltr'>Θεοῦ</span> <span class='ocrx_word' id='word_1_60' title='bbox 1079 1017 1218 1067; x_wconf 84' lang='grc' dir='ltr'>νοεῖν</span> <span class='ocrx_word' id='word_1_61' title='bbox 1248 1032 1305 1066; x_wconf 86' lang='grc' dir='ltr'><strong><em>τε</em></strong></span> <span class='ocrx_word' id='word_1_62' title='bbox 1332 1016 1425 1068; x_wconf 75' lang='grc' dir='ltr'><strong><em>καὶ</em></strong></span> <span class='ocrx_word' id='word_1_63' title='bbox 1451 1015 1660 1080; x_wconf 83' lang='grc' dir='ltr'>λέγειν;</span> <span class='ocrx_word' id='word_1_64' title='bbox 1688 1017 1794 1069; x_wconf 75' lang='grc' dir='ltr'>Καὶ</span> <span class='ocrx_word' id='word_1_65' title='bbox 1817 1015 1899 1078; x_wconf 88' lang='grc' dir='ltr'><strong><em>τίς</em></strong></span> 
     </span>
    </p>
   </div>
   <div class='ocr_carea' id='block_1_11' title="bbox 319 1101 1894 1178">
    <p class='ocr_par' dir='ltr' id='par_1_11' title="bbox 319 1101 1894 1178">
     <span class='ocr_line' id='line_1_11' title="bbox 319 1101 1894 1178; baseline 0.004 -24"><span class='ocrx_word' id='word_1_66' title='bbox 319 1101 490 1166; x_wconf 76' lang='grc' dir='ltr'>οὕτως</span> <span class='ocrx_word' id='word_1_67' title='bbox 518 1103 674 1167; x_wconf 76' lang='grc' dir='ltr'>ἄθεος</span> <span class='ocrx_word' id='word_1_68' title='bbox 703 1104 842 1157; x_wconf 84' lang='grc' dir='ltr'>ὥστε</span> <span class='ocrx_word' id='word_1_69' title='bbox 871 1110 1209 1175; x_wconf 85' lang='grc' dir='ltr'>προεπινοεῖν</span> <span class='ocrx_word' id='word_1_70' title='bbox 1250 1106 1343 1159; x_wconf 82' lang='grc' dir='ltr'><strong><em>τοῦ</em></strong></span> <span class='ocrx_word' id='word_1_71' title='bbox 1372 1106 1505 1160; x_wconf 86' lang='grc' dir='ltr'>Θεοῦ</span> <span class='ocrx_word' id='word_1_72' title='bbox 1526 1108 1586 1160; x_wconf 86' lang='grc' dir='ltr'><strong><em>τὸ</em></strong></span> <span class='ocrx_word' id='word_1_73' title='bbox 1623 1108 1695 1178; x_wconf 82' lang='grc' dir='ltr'>μὴ</span> <span class='ocrx_word' id='word_1_74' title='bbox 1729 1102 1894 1172; x_wconf 61' lang='lat' dir='ltr'><strong><em>sint;</em></strong></span> 
     </span>
    </p>
   </div>
   <div class='ocr_carea' id='block_1_12' title="bbox 334 1194 1899 1270">
    <p class='ocr_par' dir='ltr' id='par_1_12' title="bbox 334 1194 1899 1270">
     <span class='ocr_line' id='line_1_12' title="bbox 334 1194 1899 1270; baseline 0.004 -24"><span class='ocrx_word' id='word_1_75' title='bbox 334 1194 492 1247; x_wconf 84' lang='grc' dir='ltr'>Ἀλλά</span> <span class='ocrx_word' id='word_1_76' title='bbox 541 1195 695 1266; x_wconf 79' lang='grc' dir='ltr'>δῆλον</span> <span class='ocrx_word' id='word_1_77' title='bbox 740 1197 821 1249; x_wconf 84' lang='grc' dir='ltr'><strong><em>ὃτι</em></strong></span> <span class='ocrx_word' id='word_1_78' title='bbox 871 1198 1006 1265; x_wconf 83' lang='grc' dir='ltr'>πρὸς</span> <span class='ocrx_word' id='word_1_79' title='bbox 1053 1198 1150 1263; x_wconf 80' lang='grc' dir='ltr'>τὴν</span> <span class='ocrx_word' id='word_1_80' title='bbox 1200 1198 1388 1270; x_wconf 78' lang='grc' dir='ltr'>ὑλικὴν</span> <span class='ocrx_word' id='word_1_81' title='bbox 1438 1199 1640 1270; x_wconf 76' lang='grc' dir='ltr'>ταύτην</span> <span class='ocrx_word' id='word_1_82' title='bbox 1689 1199 1899 1269; x_wconf 83' lang='grc' dir='ltr'><strong><em>βλέπων</em></strong></span> 
     </span>
    </p>
   </div>
   <div class='ocr_carea' id='block_1_13' title="bbox 318 1285 1898 1360">
    <p class='ocr_par' dir='ltr' id='par_1_13' title="bbox 318 1285 1898 1360">
     <span class='ocr_line' id='line_1_13' title="bbox 318 1285 1898 1360; baseline 0.003 -22"><span class='ocrx_word' id='word_1_83' title='bbox 318 1285 559 1354; x_wconf 80' lang='grc' dir='ltr'>γένεσιν,</span> <span class='ocrx_word' id='word_1_84' title='bbox 603 1286 701 1358; x_wconf 84' lang='grc' dir='ltr'>τὴν</span> <span class='ocrx_word' id='word_1_85' title='bbox 750 1289 899 1342; x_wconf 83' lang='grc' dir='ltr'><strong><em>κάτω</em></strong></span> <span class='ocrx_word' id='word_1_86' title='bbox 929 1288 1088 1356; x_wconf 75' lang='grc' dir='ltr'>φύσιν</span> <span class='ocrx_word' id='word_1_87' title='bbox 1129 1290 1228 1358; x_wconf 81' lang='grc' dir='ltr'><strong><em>τῆς</em></strong></span> <span class='ocrx_word' id='word_1_88' title='bbox 1275 1291 1401 1360; x_wconf 76' lang='grc' dir='ltr'>περὶ</span> <span class='ocrx_word' id='word_1_89' title='bbox 1431 1289 1524 1353; x_wconf 80' lang='grc' dir='ltr'><strong><em>τοῦ</em></strong></span> <span class='ocrx_word' id='word_1_90' title='bbox 1580 1291 1898 1360; x_wconf 77' lang='grc' dir='ltr'>μονογενοῦς</span> 
     </span>
    </p>
   </div>
   <div class='ocr_carea' id='block_1_14' title="bbox 320 1378 1897 1451">
    <p class='ocr_par' dir='ltr' id='par_1_14' title="bbox 320 1378 1897 1451">
     <span class='ocr_line' id='line_1_14' title="bbox 320 1378 1897 1451; baseline 0.002 -20"><span class='ocrx_word' id='word_1_91' title='bbox 320 1378 456 1432; x_wconf 82' lang='grc' dir='ltr'>Θεοῦ</span> <span class='ocrx_word' id='word_1_92' title='bbox 513 1379 832 1450; x_wconf 80' lang='grc' dir='ltr'><strong><em>ὑπολήψεως</em></strong></span> <span class='ocrx_word' id='word_1_93' title='bbox 886 1383 1116 1434; x_wconf 86' lang='grc' dir='ltr'>ποιεῖται</span> <span class='ocrx_word' id='word_1_94' title='bbox 1166 1381 1480 1439; x_wconf 71' lang='grc' dir='ltr'>διδάσκαλον</span> <span class='ocrx_word' id='word_1_95' title='bbox 1505 1398 1518 1412; x_wconf 90' lang='grc'><strong>·</strong></span> <span class='ocrx_word' id='word_1_96' title='bbox 1570 1383 1666 1435; x_wconf 74' lang='grc' dir='ltr'><strong><em>καὶ</em></strong></span> <span class='ocrx_word' id='word_1_97' title='bbox 1713 1382 1897 1451; x_wconf 76' lang='grc' dir='ltr'>ἐπειδὴ</span> 
     </span>
    </p>
   </div>
   <div class='ocr_carea' id='block_1_15' title="bbox 323 1469 1899 1544">
    <p class='ocr_par' dir='ltr' id='par_1_15' title="bbox 323 1469 1899 1544">
     <span class='ocr_line' id='line_1_15' title="bbox 323 1469 1899 1544; baseline 0.001 -20"><span class='ocrx_word' id='word_1_98' title='bbox 323 1469 469 1541; x_wconf 85' lang='grc' dir='ltr'>βοῦς,</span> <span class='ocrx_word' id='word_1_99' title='bbox 515 1471 548 1541; x_wconf 86' lang='grc' dir='ltr'>ἢ</span> <span class='ocrx_word' id='word_1_100' title='bbox 588 1471 727 1535; x_wconf 78' lang='grc' dir='ltr'>ὄνος,</span> <span class='ocrx_word' id='word_1_101' title='bbox 765 1472 798 1542; x_wconf 85' lang='grc' dir='ltr'>ἧ</span> <span class='ocrx_word' id='word_1_102' title='bbox 844 1472 1089 1543; x_wconf 73' lang='grc' dir='ltr'>κάμηλος</span> <span class='ocrx_word' id='word_1_103' title='bbox 1134 1473 1240 1544; x_wconf 84' lang='grc' dir='ltr'>πρὸ</span> <span class='ocrx_word' id='word_1_104' title='bbox 1283 1473 1382 1542; x_wconf 85' lang='grc' dir='ltr'>τῆς</span> <span class='ocrx_word' id='word_1_105' title='bbox 1423 1473 1558 1537; x_wconf 77' lang='grc' dir='ltr'>ἰδίας</span> <span class='ocrx_word' id='word_1_106' title='bbox 1592 1475 1899 1543; x_wconf 83' lang='grc' dir='ltr'>γεννήσεως</span> 
     </span>
    </p>
   </div>
   <div class='ocr_carea' id='block_1_16' title="bbox 320 1557 1896 1633">
    <p class='ocr_par' dir='ltr' id='par_1_16' title="bbox 320 1557 1896 1633">
     <span class='ocr_line' id='line_1_16' title="bbox 320 1557 1896 1633; baseline 0.004 -24"><span class='ocrx_word' id='word_1_107' title='bbox 320 1558 421 1610; x_wconf 80' lang='grc' dir='ltr'>οὐκ</span> <span class='ocrx_word' id='word_1_108' title='bbox 458 1557 637 1624; x_wconf 81' lang='grc' dir='ltr'>ἔστιν,</span> <span class='ocrx_word' id='word_1_109' title='bbox 671 1559 828 1614; x_wconf 86' lang='grc' dir='ltr'>τοῦτο</span> <span class='ocrx_word' id='word_1_110' title='bbox 872 1562 962 1614; x_wconf 75' lang='grc' dir='ltr'><strong><em>καὶ</em></strong></span> <span class='ocrx_word' id='word_1_111' title='bbox 997 1563 1089 1614; x_wconf 78' lang='grc' dir='ltr'>ἐπὶ</span> <span class='ocrx_word' id='word_1_112' title='bbox 1133 1559 1225 1614; x_wconf 86' lang='grc' dir='ltr'><strong><em>τοῦ</em></strong></span> <span class='ocrx_word' id='word_1_113' title='bbox 1276 1561 1613 1630; x_wconf 84' lang='grc' dir='ltr'>Μονογενοῦς</span> <span class='ocrx_word' id='word_1_114' title='bbox 1651 1563 1896 1633; x_wconf 83' lang='grc' dir='ltr'>βούλεται</span> 
     </span>
    </p>
   </div>
   <div class='ocr_carea' id='block_1_17' title="bbox 319 1645 1898 1720">
    <p class='ocr_par' dir='ltr' id='par_1_17' title="bbox 319 1645 1898 1720">
     <span class='ocr_line' id='line_1_17' title="bbox 319 1645 1898 1720; baseline 0.003 -22"><span class='ocrx_word' id='word_1_115' title='bbox 319 1645 520 1714; x_wconf 81' lang='grc' dir='ltr'>λέγειν,</span> <span class='ocrx_word' id='word_1_116' title='bbox 547 1647 576 1700; x_wconf 82' lang='lat'><strong><em>6</em></strong></span> <span class='ocrx_word' id='word_1_117' title='bbox 604 1649 695 1701; x_wconf 73' lang='grc' dir='ltr'>ἐπὶ</span> <span class='ocrx_word' id='word_1_118' title='bbox 721 1650 828 1702; x_wconf 82' lang='grc' dir='ltr'><strong><em>τῶν</em></strong></span> <span class='ocrx_word' id='word_1_119' title='bbox 860 1650 1012 1715; x_wconf 79' lang='grc' dir='ltr'>ζώων</span> <span class='ocrx_word' id='word_1_120' title='bbox 1046 1652 1078 1720; x_wconf 86' lang='grc' dir='ltr'>ἠ</span> <span class='ocrx_word' id='word_1_121' title='bbox 1117 1651 1436 1705; x_wconf 84' lang='grc' dir='ltr'>ἀκολούθεια</span> <span class='ocrx_word' id='word_1_122' title='bbox 1470 1652 1570 1720; x_wconf 85' lang='grc' dir='ltr'>τῆς</span> <span class='ocrx_word' id='word_1_123' title='bbox 1609 1653 1758 1709; x_wconf 77' lang='grc' dir='ltr'>κάτω</span> <span class='ocrx_word' id='word_1_124' title='bbox 1799 1651 1898 1720; x_wconf 79' lang='grc' dir='ltr'><strong><em>φύ-</em></strong></span> 
     </span>
    </p>
   </div>
   <div class='ocr_carea' id='block_1_18' title="bbox 323 1737 1897 1812">
    <p class='ocr_par' dir='ltr' id='par_1_18' title="bbox 323 1737 1897 1812">
     <span class='ocr_line' id='line_1_18' title="bbox 323 1737 1897 1812; baseline 0.004 -24"><span class='ocrx_word' id='word_1_125' title='bbox 323 1753 460 1804; x_wconf 78' lang='grc' dir='ltr'>σεως</span> <span class='ocrx_word' id='word_1_126' title='bbox 505 1737 685 1792; x_wconf 88' lang='grc' dir='ltr'>δίδωσι</span> <span class='ocrx_word' id='word_1_127' title='bbox 723 1739 975 1809; x_wconf 80' lang='grc' dir='ltr'>βλέπειν,</span> <span class='ocrx_word' id='word_1_128' title='bbox 1005 1742 1126 1805; x_wconf 81' lang='grc' dir='ltr'>οὑδὲ</span> <span class='ocrx_word' id='word_1_129' title='bbox 1156 1741 1312 1795; x_wconf 85' lang='grc' dir='ltr'>τοῦτο</span> <span class='ocrx_word' id='word_1_130' title='bbox 1340 1743 1475 1796; x_wconf 79' lang='grc' dir='ltr'>νοῶν</span> <span class='ocrx_word' id='word_1_131' title='bbox 1515 1745 1543 1795; x_wconf 86' lang='grc' dir='ltr'>ὁ</span> <span class='ocrx_word' id='word_1_132' title='bbox 1591 1744 1897 1812; x_wconf 77' lang='grc' dir='ltr'>σωματικὺς</span> 
     </span>
    </p>
   </div>
   <div class='ocr_carea' id='block_1_19' title="bbox 321 1828 1896 1905">
    <p class='ocr_par' dir='ltr' id='par_1_19' title="bbox 321 1828 1896 1905">
     <span class='ocr_line' id='line_1_19' title="bbox 321 1828 1896 1905; baseline 0.006 -24"><span class='ocrx_word' id='word_1_133' title='bbox 321 1828 587 1899; x_wconf 84' lang='grc' dir='ltr'>θεολόγος,</span> <span class='ocrx_word' id='word_1_134' title='bbox 612 1830 693 1883; x_wconf 87' lang='grc' dir='ltr'><strong><em>ὄτι</em></strong></span> <span class='ocrx_word' id='word_1_135' title='bbox 723 1831 782 1884; x_wconf 81' lang='grc' dir='ltr'><strong><em>τὸ</em></strong></span> <span class='ocrx_word' id='word_1_136' title='bbox 825 1834 1108 1901; x_wconf 80' lang='grc' dir='ltr'>μονογενὲς</span> <span class='ocrx_word' id='word_1_137' title='bbox 1132 1835 1223 1886; x_wconf 74' lang='grc' dir='ltr'>ἐπὶ</span> <span class='ocrx_word' id='word_1_138' title='bbox 1248 1833 1382 1896; x_wconf 82' lang='grc' dir='ltr'>Θεοῦ</span> <span class='ocrx_word' id='word_1_139' title='bbox 1413 1833 1721 1904; x_wconf 85' lang='grc' dir='ltr'>λεγόμενον,</span> <span class='ocrx_word' id='word_1_140' title='bbox 1748 1834 1896 1905; x_wconf 81' lang='grc' dir='ltr'>αὑτῷ</span> 
     </span>
    </p>
   </div>
   <div class='ocr_carea' id='block_1_20' title="bbox 2002 650 3576 723">
    <p class='ocr_par' dir='ltr' id='par_1_20' title="bbox 2002 650 3576 723">
     <span class='ocr_line' id='line_1_20' title="bbox 2002 650 3576 723; baseline -0.005 -15"><span class='ocrx_word' id='word_1_141' title='bbox 2002 657 2200 719; x_wconf 85' lang='lat' dir='ltr'><strong><em>rimus,</em></strong></span> <span class='ocrx_word' id='word_1_142' title='bbox 2234 663 2283 708; x_wconf 87' lang='lat' dir='ltr'><strong><em>et</em></strong></span> <span class='ocrx_word' id='word_1_143' title='bbox 2317 665 2437 708; x_wconf 82' lang='lat' dir='ltr'><strong><em>ante</em></strong></span> <span class='ocrx_word' id='word_1_144' title='bbox 2471 654 2863 723; x_wconf 74' lang='lat' dir='ltr'><strong><em>generationem</em></strong></span> <span class='ocrx_word' id='word_1_145' title='bbox 2908 668 3025 721; x_wconf 70' lang='lat' dir='ltr'><strong><em>quae</em></strong></span> <span class='ocrx_word' id='word_1_146' title='bbox 3062 652 3166 720; x_wconf 81' lang='lat' dir='ltr'><strong><em>ipsi</em></strong></span> <span class='ocrx_word' id='word_1_147' title='bbox 3214 650 3431 717; x_wconf 77' lang='lat' dir='ltr'><strong><em>propria</em></strong></span> <span class='ocrx_word' id='word_1_148' title='bbox 3476 658 3576 712; x_wconf 75' lang='lat' dir='ltr'><strong><em>est,</em></strong></span> 
     </span>
    </p>
   </div>
   <div class='ocr_carea' id='block_1_21' title="bbox 2000 742 3579 815">
    <p class='ocr_par' dir='ltr' id='par_1_21' title="bbox 2000 742 3579 815">
     <span class='ocr_line' id='line_1_21' title="bbox 2000 742 3579 815; baseline -0.005 -15"><span class='ocrx_word' id='word_1_149' title='bbox 2000 763 2104 800; x_wconf 86' lang='lat' dir='ltr'><strong><em>non</em></strong></span> <span class='ocrx_word' id='word_1_150' title='bbox 2132 763 2242 801; x_wconf 78' lang='lat' dir='ltr'><strong><em>esse</em></strong></span> <span class='ocrx_word' id='word_1_151' title='bbox 2285 744 2550 815; x_wconf 84' lang='lat' dir='ltr'><strong><em>Unigeniti</em></strong></span> <span class='ocrx_word' id='word_1_152' title='bbox 2587 746 2900 808; x_wconf 73' lang='lat' dir='ltr'><strong><em>essentiam,</em></strong></span> <span class='ocrx_word' id='word_1_153' title='bbox 2943 753 2994 799; x_wconf 86' lang='lat' dir='ltr'><strong><em>et</em></strong></span> <span class='ocrx_word' id='word_1_154' title='bbox 3035 753 3157 797; x_wconf 84' lang='lat' dir='ltr'><strong><em>ante</em></strong></span> <span class='ocrx_word' id='word_1_155' title='bbox 3199 742 3380 796; x_wconf 81' lang='lat' dir='ltr'><strong><em>omnia</em></strong></span> <span class='ocrx_word' id='word_1_156' title='bbox 3425 757 3579 810; x_wconf 81' lang='lat' dir='ltr'><strong><em>gene-</em></strong></span> 
     </span>
    </p>
   </div>
   <div class='ocr_carea' id='block_1_22' title="bbox 2001 831 3580 905">
    <p class='ocr_par' dir='ltr' id='par_1_22' title="bbox 2001 831 3580 905">
     <span class='ocr_line' id='line_1_22' title="bbox 2001 831 3580 905; baseline -0.003 -15"><span class='ocrx_word' id='word_1_157' title='bbox 2001 848 2175 891; x_wconf 82' lang='lat' dir='ltr'><strong><em>ratam</em></strong></span> <span class='ocrx_word' id='word_1_158' title='bbox 2211 855 2337 892; x_wconf 74' lang='lat' dir='ltr'><strong><em>esse.</em></strong></span> <span class='ocrx_word' id='word_1_159' title='bbox 2379 837 2684 904; x_wconf 83' lang='lat' dir='ltr'><strong><em>Quamnam</em></strong></span> <span class='ocrx_word' id='word_1_160' title='bbox 2718 836 3090 905; x_wconf 84' lang='lat' dir='ltr'><strong><em>generationis</em></strong></span> <span class='ocrx_word' id='word_1_161' title='bbox 3138 834 3372 904; x_wconf 85' lang='lat' dir='ltr'><strong><em>speciem</em></strong></span> <span class='ocrx_word' id='word_1_162' title='bbox 3421 831 3580 886; x_wconf 90' lang='lat' dir='ltr'><strong><em>nobis</em></strong></span> 
     </span>
    </p>
   </div>
   <div class='ocr_carea' id='block_1_23' title="bbox 2001 923 3578 1000">
    <p class='ocr_par' dir='ltr' id='par_1_23' title="bbox 2001 923 3578 1000">
     <span class='ocr_line' id='line_1_23' title="bbox 2001 923 3578 1000; baseline -0.005 -16"><span class='ocrx_word' id='word_1_163' title='bbox 2001 931 2104 985; x_wconf 88' lang='lat' dir='ltr'><strong><em>iste</em></strong></span> <span class='ocrx_word' id='word_1_164' title='bbox 2140 931 2467 1000; x_wconf 85' lang='lat' dir='ltr'><strong><em>dogmatista</em></strong></span> <span class='ocrx_word' id='word_1_165' title='bbox 2498 929 2978 1000; x_wconf 88' lang='lat' dir='ltr'><strong><em>protendit?—num</em></strong></span> <span class='ocrx_word' id='word_1_166' title='bbox 3014 927 3081 982; x_wconf 89' lang='lat' dir='ltr'><strong><em>de</em></strong></span> <span class='ocrx_word' id='word_1_167' title='bbox 3105 925 3216 980; x_wconf 91' lang='lat' dir='ltr'><strong><em>Deo</em></strong></span> <span class='ocrx_word' id='word_1_168' title='bbox 3245 923 3387 994; x_wconf 91' lang='lat' dir='ltr'><strong><em>quod</em></strong></span> <span class='ocrx_word' id='word_1_169' title='bbox 3428 923 3578 992; x_wconf 89' lang='lat' dir='ltr'><strong><em>pium</em></strong></span> 
     </span>
    </p>
   </div>
   <div class='ocr_carea' id='block_1_24' title="bbox 1999 1014 3580 1090">
    <p class='ocr_par' dir='ltr' id='par_1_24' title="bbox 1999 1014 3580 1090">
     <span class='ocr_line' id='line_1_24' title="bbox 1999 1014 3580 1090; baseline -0.007 -12"><span class='ocrx_word' id='word_1_170' title='bbox 1999 1034 2082 1078; x_wconf 89' lang='lat' dir='ltr'><strong><em>est</em></strong></span> <span class='ocrx_word' id='word_1_171' title='bbox 2103 1031 2156 1078; x_wconf 89' lang='lat' dir='ltr'><strong><em>et</em></strong></span> <span class='ocrx_word' id='word_1_172' title='bbox 2185 1017 2443 1077; x_wconf 85' lang='lat' dir='ltr'><strong><em>decorth</em></strong></span> <span class='ocrx_word' id='word_1_173' title='bbox 2474 1022 2632 1077; x_wconf 90' lang='lat' dir='ltr'><strong><em>decet</em></strong></span> <span class='ocrx_word' id='word_1_174' title='bbox 2666 1021 2969 1090; x_wconf 74' lang='lat' dir='ltr'><strong><em>intelligere</em></strong></span> <span class='ocrx_word' id='word_1_175' title='bbox 2995 1027 3057 1073; x_wconf 83' lang='lat' dir='ltr'><strong><em>et.</em></strong></span> <span class='ocrx_word' id='word_1_176' title='bbox 3087 1016 3307 1072; x_wconf 87' lang='lat' dir='ltr'><strong><em>dicere?</em></strong></span> <span class='ocrx_word' id='word_1_177' title='bbox 3346 1014 3413 1068; x_wconf 89' lang='lat' dir='ltr'><strong><em>Et</em></strong></span> <span class='ocrx_word' id='word_1_178' title='bbox 3456 1015 3580 1083; x_wconf 83' lang='lat' dir='ltr'><strong><em>quis</em></strong></span> 
     </span>
    </p>
   </div>
   <div class='ocr_carea' id='block_1_25' title="bbox 1999 1105 3580 1182">
    <p class='ocr_par' dir='ltr' id='par_1_25' title="bbox 1999 1105 3580 1182">
     <span class='ocr_line' id='line_1_25' title="bbox 1999 1105 3580 1182; baseline -0.006 -14"><span class='ocrx_word' id='word_1_179' title='bbox 1999 1117 2134 1170; x_wconf 85' lang='lat' dir='ltr'><strong><em>adeo</em></strong></span> <span class='ocrx_word' id='word_1_180' title='bbox 2159 1113 2358 1182; x_wconf 90' lang='lat' dir='ltr'><strong><em>impius</em></strong></span> <span class='ocrx_word' id='word_1_181' title='bbox 2391 1123 2445 1168; x_wconf 91' lang='lat' dir='ltr'><strong><em>et</em></strong></span> <span class='ocrx_word' id='word_1_182' title='bbox 2483 1111 2576 1168; x_wconf 91' lang='lat' dir='ltr'><strong><em>Dei</em></strong></span> <span class='ocrx_word' id='word_1_183' title='bbox 2609 1123 2859 1182; x_wconf 72' lang='lat' dir='ltr'><strong><em>negator,</em></strong></span> <span class='ocrx_word' id='word_1_184' title='bbox 2910 1118 2972 1164; x_wconf 90' lang='lat' dir='ltr'><strong><em>ut</em></strong></span> <span class='ocrx_word' id='word_1_185' title='bbox 3029 1124 3139 1164; x_wconf 90' lang='lat' dir='ltr'><strong><em>non</em></strong></span> <span class='ocrx_word' id='word_1_186' title='bbox 3189 1123 3314 1164; x_wconf 88' lang='lat' dir='ltr'><strong><em>esse</em></strong></span> <span class='ocrx_word' id='word_1_187' title='bbox 3367 1108 3422 1161; x_wconf 89' lang='lat' dir='ltr'><strong><em>in</em></strong></span> <span class='ocrx_word' id='word_1_188' title='bbox 3470 1105 3580 1160; x_wconf 91' lang='lat' dir='ltr'><strong><em>Deo</em></strong></span> 
     </span>
    </p>
   </div>
   <div class='ocr_carea' id='block_1_26' title="bbox 1998 1195 3578 1274">
    <p class='ocr_par' dir='ltr' id='par_1_26' title="bbox 1998 1195 3578 1274">
     <span class='ocr_line' id='line_1_26' title="bbox 1998 1195 3578 1274; baseline -0.006 -17"><span class='ocrx_word' id='word_1_189' title='bbox 1998 1205 2152 1273; x_wconf 89' lang='lat' dir='ltr'><strong><em>prius</em></strong></span> <span class='ocrx_word' id='word_1_190' title='bbox 2186 1203 2490 1274; x_wconf 77' lang='lat' dir='ltr'><strong><em>intelligat?</em></strong></span> <span class='ocrx_word' id='word_1_191' title='bbox 2520 1201 2626 1258; x_wconf 85' lang='lat' dir='ltr'><strong><em>Sed</em></strong></span> <span class='ocrx_word' id='word_1_192' title='bbox 2657 1201 3003 1271; x_wconf 87' lang='lat' dir='ltr'><strong><em>perspicuum</em></strong></span> <span class='ocrx_word' id='word_1_193' title='bbox 3037 1198 3185 1269; x_wconf 89' lang='lat' dir='ltr'><strong><em>quod</em></strong></span> <span class='ocrx_word' id='word_1_194' title='bbox 3215 1198 3282 1252; x_wconf 88' lang='lat' dir='ltr'><strong><em>ad</em></strong></span> <span class='ocrx_word' id='word_1_195' title='bbox 3316 1195 3578 1251; x_wconf 84' lang='lat' dir='ltr'><strong><em>materia-</em></strong></span> 
     </span>
    </p>
   </div>
   <div class='ocr_carea' id='block_1_27' title="bbox 2000 1292 3572 1366">
    <p class='ocr_par' dir='ltr' id='par_1_27' title="bbox 2000 1292 3572 1366">
     <span class='ocr_line' id='line_1_27' title="bbox 2000 1292 3572 1366; baseline -0.006 -15"><span class='ocrx_word' id='word_1_196' title='bbox 2000 1298 2105 1352; x_wconf 85' lang='lat' dir='ltr'><strong><em>Iem</em></strong></span> <span class='ocrx_word' id='word_1_197' title='bbox 2136 1297 2276 1353; x_wconf 87' lang='lat' dir='ltr'><strong><em>hanc</em></strong></span> <span class='ocrx_word' id='word_1_198' title='bbox 2310 1297 2611 1366; x_wconf 83' lang='lat' dir='ltr'><strong><em>respiciens</em></strong></span> <span class='ocrx_word' id='word_1_199' title='bbox 2649 1294 3078 1363; x_wconf 83' lang='lat' dir='ltr'><strong><em>generationem,</em></strong></span> <span class='ocrx_word' id='word_1_200' title='bbox 3120 1292 3362 1346; x_wconf 88' lang='lat' dir='ltr'><strong><em>inﬁmam</em></strong></span> <span class='ocrx_word' id='word_1_201' title='bbox 3408 1301 3572 1343; x_wconf 87' lang='lat' dir='ltr'><strong><em>natu-</em></strong></span> 
     </span>
    </p>
   </div>
   <div class='ocr_carea' id='block_1_28' title="bbox 2000 1381 3575 1456">
    <p class='ocr_par' dir='ltr' id='par_1_28' title="bbox 2000 1381 3575 1456">
     <span class='ocr_line' id='line_1_28' title="bbox 2000 1381 3575 1456; baseline -0.006 -16"><span class='ocrx_word' id='word_1_202' title='bbox 2000 1402 2118 1440; x_wconf 88' lang='lat' dir='ltr'><strong><em>ram</em></strong></span> <span class='ocrx_word' id='word_1_203' title='bbox 2159 1387 2226 1442; x_wconf 90' lang='lat' dir='ltr'><strong><em>de</em></strong></span> <span class='ocrx_word' id='word_1_204' title='bbox 2272 1385 2557 1456; x_wconf 85' lang='lat' dir='ltr'><strong><em>unigenito</em></strong></span> <span class='ocrx_word' id='word_1_205' title='bbox 2588 1385 2699 1440; x_wconf 88' lang='lat' dir='ltr'><strong><em>Deo</em></strong></span> <span class='ocrx_word' id='word_1_206' title='bbox 2734 1383 3012 1454; x_wconf 90' lang='lat' dir='ltr'><strong><em>opinionis</em></strong></span> <span class='ocrx_word' id='word_1_207' title='bbox 3064 1382 3196 1436; x_wconf 79' lang='lat' dir='ltr'><strong><em>facit</em></strong></span> <span class='ocrx_word' id='word_1_208' title='bbox 3237 1381 3575 1451; x_wconf 79' lang='lat' dir='ltr'><strong><em>magistram.</em></strong></span> 
     </span>
    </p>
   </div>
   <div class='ocr_carea' id='block_1_29' title="bbox 1998 1474 3576 1548">
    <p class='ocr_par' dir='ltr' id='par_1_29' title="bbox 1998 1474 3576 1548">
     <span class='ocr_line' id='line_1_29' title="bbox 1998 1474 3576 1548; baseline -0.006 -17"><span class='ocrx_word' id='word_1_209' title='bbox 1998 1476 2066 1536; x_wconf 84' lang='lat' dir='ltr'><strong><em>Et</em></strong></span> <span class='ocrx_word' id='word_1_210' title='bbox 2094 1477 2353 1548; x_wconf 88' lang='lat' dir='ltr'><strong><em>quoniam</em></strong></span> <span class='ocrx_word' id='word_1_211' title='bbox 2381 1478 2500 1541; x_wconf 90' lang='lat' dir='ltr'><strong><em>bos,</em></strong></span> <span class='ocrx_word' id='word_1_212' title='bbox 2534 1478 2620 1532; x_wconf 89' lang='lat' dir='ltr'><strong><em>vel</em></strong></span> <span class='ocrx_word' id='word_1_213' title='bbox 2649 1476 2861 1538; x_wconf 85' lang='lat' dir='ltr'><strong><em>asinus,</em></strong></span> <span class='ocrx_word' id='word_1_214' title='bbox 2887 1476 2969 1530; x_wconf 86' lang='lat' dir='ltr'><strong><em>vel</em></strong></span> <span class='ocrx_word' id='word_1_215' title='bbox 2993 1474 3235 1529; x_wconf 90' lang='lat' dir='ltr'><strong><em>camelus</em></strong></span> <span class='ocrx_word' id='word_1_216' title='bbox 3267 1478 3392 1526; x_wconf 84' lang='lat' dir='ltr'><strong><em>ante</em></strong></span> <span class='ocrx_word' id='word_1_217' title='bbox 3421 1485 3576 1526; x_wconf 80' lang='lat' dir='ltr'><strong><em>suam</em></strong></span> 
     </span>
    </p>
   </div>
   <div class='ocr_carea' id='block_1_30' title="bbox 1999 1558 3579 1634">
    <p class='ocr_par' dir='ltr' id='par_1_30' title="bbox 1999 1558 3579 1634">
     <span class='ocr_line' id='line_1_30' title="bbox 1999 1558 3579 1634; baseline -0.006 -12"><span class='ocrx_word' id='word_1_218' title='bbox 1999 1567 2404 1634; x_wconf 74' lang='lat' dir='ltr'><strong><em>generationem</em></strong></span> <span class='ocrx_word' id='word_1_219' title='bbox 2435 1581 2544 1621; x_wconf 88' lang='lat' dir='ltr'><strong><em>non</em></strong></span> <span class='ocrx_word' id='word_1_220' title='bbox 2571 1578 2674 1629; x_wconf 76' lang='grc' dir='ltr'>εει,</span> <span class='ocrx_word' id='word_1_221' title='bbox 2706 1567 2808 1619; x_wconf 88' lang='lat' dir='ltr'><strong><em>hoc</em></strong></span> <span class='ocrx_word' id='word_1_222' title='bbox 2830 1565 2992 1618; x_wconf 90' lang='lat' dir='ltr'><strong><em>etiam</em></strong></span> <span class='ocrx_word' id='word_1_223' title='bbox 3024 1565 3078 1621; x_wconf 87' lang='lat' dir='ltr'><strong><em>in</em></strong></span> <span class='ocrx_word' id='word_1_224' title='bbox 3120 1559 3414 1630; x_wconf 88' lang='lat' dir='ltr'><strong><em>Unigenito</em></strong></span> <span class='ocrx_word' id='word_1_225' title='bbox 3461 1558 3579 1613; x_wconf 87' lang='lat' dir='ltr'><strong><em>vult</em></strong></span> 
     </span>
    </p>
   </div>
   <div class='ocr_carea' id='block_1_31' title="bbox 1999 1652 3578 1725">
    <p class='ocr_par' dir='ltr' id='par_1_31' title="bbox 1999 1652 3578 1725">
     <span class='ocr_line' id='line_1_31' title="bbox 1999 1652 3578 1725; baseline -0.003 -17"><span class='ocrx_word' id='word_1_226' title='bbox 1999 1671 2267 1722; x_wconf 87' lang='lat' dir='ltr'><strong><em>asserere,</em></strong></span> <span class='ocrx_word' id='word_1_227' title='bbox 2301 1655 2448 1725; x_wconf 91' lang='lat' dir='ltr'><strong><em>quod</em></strong></span> <span class='ocrx_word' id='word_1_228' title='bbox 2481 1657 2533 1709; x_wconf 91' lang='lat' dir='ltr'><strong><em>in</em></strong></span> <span class='ocrx_word' id='word_1_229' title='bbox 2558 1654 2886 1710; x_wconf 87' lang='lat' dir='ltr'><strong><em>animalibus</em></strong></span> <span class='ocrx_word' id='word_1_230' title='bbox 2909 1653 3080 1708; x_wconf 89' lang='lat' dir='ltr'><strong><em>series</em></strong></span> <span class='ocrx_word' id='word_1_231' title='bbox 3107 1659 3163 1706; x_wconf 88' lang='lat' dir='ltr'><strong><em>et</em></strong></span> <span class='ocrx_word' id='word_1_232' title='bbox 3197 1652 3333 1705; x_wconf 87' lang='lat' dir='ltr'><strong><em>ordo</em></strong></span> <span class='ocrx_word' id='word_1_233' title='bbox 3364 1657 3578 1704; x_wconf 71' lang='lat' dir='ltr'><strong><em>natura:</em></strong></span> 
     </span>
    </p>
   </div>
   <div class='ocr_carea' id='block_1_32' title="bbox 2001 1742 3577 1816">
    <p class='ocr_par' dir='ltr' id='par_1_32' title="bbox 2001 1742 3577 1816">
     <span class='ocr_line' id='line_1_32' title="bbox 2001 1742 3577 1816; baseline -0.003 -16"><span class='ocrx_word' id='word_1_234' title='bbox 2001 1746 2166 1816; x_wconf 85' lang='lat' dir='ltr'><strong><em>hujus</em></strong></span> <span class='ocrx_word' id='word_1_235' title='bbox 2206 1745 2405 1800; x_wconf 74' lang='lat' dir='ltr'><strong><em>inﬁmae</em></strong></span> <span class='ocrx_word' id='word_1_236' title='bbox 2434 1747 2528 1800; x_wconf 87' lang='lat' dir='ltr'><strong><em>dat</em></strong></span> <span class='ocrx_word' id='word_1_237' title='bbox 2575 1744 2764 1800; x_wconf 89' lang='lat' dir='ltr'><strong><em>videre</em></strong></span> <span class='ocrx_word' id='word_1_238' title='bbox 2785 1785 2801 1812; x_wconf 92' lang='lat'><strong><em>,</em></strong></span> <span class='ocrx_word' id='word_1_239' title='bbox 2836 1760 3013 1815; x_wconf 88' lang='lat' dir='ltr'><strong><em>neque</em></strong></span> <span class='ocrx_word' id='word_1_240' title='bbox 3047 1744 3154 1799; x_wconf 86' lang='lat' dir='ltr'><strong><em>hoc</em></strong></span> <span class='ocrx_word' id='word_1_241' title='bbox 3185 1742 3577 1798; x_wconf 85' lang='lat' dir='ltr'><strong><em>animadvertit</em></strong></span> 
     </span>
    </p>
   </div>
   <div class='ocr_carea' id='block_1_33' title="bbox 1998 1833 3578 1909">
    <p class='ocr_par' dir='ltr' id='par_1_33' title="bbox 1998 1833 3578 1909">
     <span class='ocr_line' id='line_1_33' title="bbox 1998 1833 3578 1909; baseline -0.004 -16"><span class='ocrx_word' id='word_1_242' title='bbox 1998 1838 2234 1893; x_wconf 84' lang='lat' dir='ltr'><strong><em>carnalis</em></strong></span> <span class='ocrx_word' id='word_1_243' title='bbox 2260 1839 2362 1893; x_wconf 86' lang='lat' dir='ltr'><strong><em>iste</em></strong></span> <span class='ocrx_word' id='word_1_244' title='bbox 2385 1838 2688 1909; x_wconf 87' lang='lat' dir='ltr'><strong><em>theologus,</em></strong></span> <span class='ocrx_word' id='word_1_245' title='bbox 2712 1837 2858 1907; x_wconf 87' lang='lat' dir='ltr'><strong><em>quod</em></strong></span> <span class='ocrx_word' id='word_1_246' title='bbox 2885 1851 3010 1890; x_wconf 88' lang='lat' dir='ltr'><strong><em>cum</em></strong></span> <span class='ocrx_word' id='word_1_247' title='bbox 3029 1834 3356 1906; x_wconf 88' lang='lat' dir='ltr'><strong><em>Unigenitus</em></strong></span> <span class='ocrx_word' id='word_1_248' title='bbox 3387 1835 3444 1889; x_wconf 89' lang='lat' dir='ltr'><strong><em>in</em></strong></span> <span class='ocrx_word' id='word_1_249' title='bbox 3465 1833 3578 1888; x_wconf 89' lang='lat' dir='ltr'><strong><em>Deo</em></strong></span> 
     </span>
    </p>
   </div>
   <div class='ocr_carea' id='block_1_34' title="bbox 318 1902 1898 1997">
    <p class='ocr_par' dir='ltr' id='par_1_34' title="bbox 318 1902 1897 1996">
     <span class='ocr_line' id='line_1_34' title="bbox 318 1902 1897 1996; baseline 0.003 -24"><span class='ocrx_word' id='word_1_250' title='bbox 318 1921 396 1992; x_wconf 80' lang='grc' dir='ltr'><strong><em>τῷ</em></strong></span> <span class='ocrx_word' id='word_1_251' title='bbox 423 1923 625 1992; x_wconf 75' lang='grc' dir='ltr'>ῥήματι</span> <span class='ocrx_word' id='word_1_252' title='bbox 649 1923 709 1974; x_wconf 84' lang='grc' dir='ltr'><strong><em>τὸ</em></strong></span> <span class='ocrx_word' id='word_1_253' title='bbox 733 1924 868 1994; x_wconf 82' lang='grc' dir='ltr'>πρὸς</span> <span class='ocrx_word' id='word_1_254' title='bbox 898 1927 1077 1978; x_wconf 74' lang='grc' dir='ltr'>πᾶσαν</span> <span class='ocrx_word' id='word_1_255' title='bbox 1101 1927 1310 1993; x_wconf 88' lang='grc' dir='ltr'>γένεσιν</span> <span class='ocrx_word' id='word_1_256' title='bbox 1336 1902 1700 1996; x_wconf 83' lang='grc' dir='ltr'>ἀκοινώνητόν</span> <span class='ocrx_word' id='word_1_257' title='bbox 1723 1943 1781 1978; x_wconf 88' lang='grc' dir='ltr'><strong><em>τε</em></strong></span> <span class='ocrx_word' id='word_1_258' title='bbox 1803 1902 1897 1978; x_wconf 56' lang='grc' dir='ltr'><strong><em>καλ</em></strong></span> 
     </span>
    </p>
   </div>
   <div class='ocr_carea' id='block_1_35' title="bbox 1998 1902 3577 1997">
    <p class='ocr_par' dir='ltr' id='par_1_35' title="bbox 1998 1902 3577 1997">
     <span class='ocr_line' id='line_1_35' title="bbox 1998 1902 3577 1997; baseline -0.003 -17"><span class='ocrx_word' id='word_1_259' title='bbox 1998 1926 2218 1992; x_wconf 88' lang='lat' dir='ltr'><strong><em>dicitur,</em></strong></span> <span class='ocrx_word' id='word_1_260' title='bbox 2237 1928 2340 1983; x_wconf 91' lang='lat' dir='ltr'><strong><em>hoc</em></strong></span> <span class='ocrx_word' id='word_1_261' title='bbox 2367 1928 2485 1997; x_wconf 91' lang='lat' dir='ltr'><strong><em>ipso</em></strong></span> <span class='ocrx_word' id='word_1_262' title='bbox 2509 1927 2858 1997; x_wconf 88' lang='lat' dir='ltr'><strong><em>verbo,quod</em></strong></span> <span class='ocrx_word' id='word_1_263' title='bbox 2887 1941 3015 1981; x_wconf 91' lang='lat' dir='ltr'><strong><em>cum</em></strong></span> <span class='ocrx_word' id='word_1_264' title='bbox 3043 1902 3192 1980; x_wconf 79' lang='lat' dir='ltr'><strong><em>omni</em></strong></span> <span class='ocrx_word' id='word_1_265' title='bbox 3220 1923 3577 1993; x_wconf 84' lang='lat' dir='ltr'><strong><em>generatione</em></strong></span> 
     </span>
    </p>
   </div>
   <div class='ocr_carea' id='block_1_36' title="bbox 325 2014 1896 2090">
    <p class='ocr_par' dir='ltr' id='par_1_36' title="bbox 325 2014 1896 2090">
     <span class='ocr_line' id='line_1_36' title="bbox 325 2014 1896 2090; baseline 0.003 -24"><span class='ocrx_word' id='word_1_266' title='bbox 325 2014 524 2079; x_wconf 74' lang='grc' dir='ltr'>ἰδιάζον</span> <span class='ocrx_word' id='word_1_267' title='bbox 573 2015 956 2085; x_wconf 77' lang='grc' dir='ltr'>ἀποσημαίνει.</span> <span class='ocrx_word' id='word_1_268' title='bbox 1014 2018 1138 2080; x_wconf 83' lang='grc' dir='ltr'>Πῶς</span> <span class='ocrx_word' id='word_1_269' title='bbox 1181 2018 1290 2088; x_wconf 84' lang='grc' dir='ltr'><strong><em>γὰρ</em></strong></span> <span class='ocrx_word' id='word_1_270' title='bbox 1340 2018 1404 2070; x_wconf 89' lang='grc' dir='ltr'><strong><em>ἂν</em></strong></span> <span class='ocrx_word' id='word_1_271' title='bbox 1453 2017 1536 2088; x_wconf 81' lang='grc' dir='ltr'><strong><em>εἴη</em></strong></span> <span class='ocrx_word' id='word_1_272' title='bbox 1603 2019 1896 2090; x_wconf 85' lang='grc' dir='ltr'>μονογενὴς</span> 
     </span>
    </p>
   </div>
   <div class='ocr_carea' id='block_1_37' title="bbox 320 2105 1898 2178">
    <p class='ocr_par' dir='ltr' id='par_1_37' title="bbox 320 2105 1898 2178">
     <span class='ocr_line' id='line_1_37' title="bbox 320 2105 1898 2178; baseline -0.001 -19"><span class='ocrx_word' id='word_1_273' title='bbox 320 2105 457 2175; x_wconf 79' lang='grc' dir='ltr'>αὕτη</span> <span class='ocrx_word' id='word_1_274' title='bbox 491 2107 782 2176; x_wconf 83' lang='grc' dir='ltr'>ήγένεσις,</span> <span class='ocrx_word' id='word_1_275' title='bbox 807 2109 860 2178; x_wconf 28' lang='grc' dir='ltr'>,εἰ</span> <span class='ocrx_word' id='word_1_276' title='bbox 894 2106 1178 2160; x_wconf 76' lang='grc' dir='ltr'>κοινωνίαν</span> <span class='ocrx_word' id='word_1_277' title='bbox 1208 2107 1347 2160; x_wconf 85' lang='grc' dir='ltr'>κατὰ</span> <span class='ocrx_word' id='word_1_278' title='bbox 1377 2108 1474 2177; x_wconf 80' lang='grc' dir='ltr'>τὴν</span> <span class='ocrx_word' id='word_1_279' title='bbox 1519 2106 1754 2176; x_wconf 75' lang='grc' dir='ltr'>ἔμφασιν</span> <span class='ocrx_word' id='word_1_280' title='bbox 1804 2106 1898 2158; x_wconf 84' lang='grc' dir='ltr'>καὶ</span> 
     </span>
    </p>
   </div>
   <div class='ocr_carea' id='block_1_38' title="bbox 319 2196 1895 2270">
    <p class='ocr_par' dir='ltr' id='par_1_38' title="bbox 319 2196 1895 2270">
     <span class='ocr_line' id='line_1_38' title="bbox 319 2196 1895 2270; baseline -0.003 -17"><span class='ocrx_word' id='word_1_281' title='bbox 319 2199 620 2270; x_wconf 83' lang='grc' dir='ltr'>ταυτότητα</span> <span class='ocrx_word' id='word_1_282' title='bbox 656 2200 793 2270; x_wconf 82' lang='grc' dir='ltr'>πρὸς</span> <span class='ocrx_word' id='word_1_283' title='bbox 829 2199 994 2269; x_wconf 79' lang='grc' dir='ltr'>ἄλλην</span> <span class='ocrx_word' id='word_1_284' title='bbox 1043 2199 1253 2267; x_wconf 89' lang='grc' dir='ltr'>γένεσιν</span> <span class='ocrx_word' id='word_1_285' title='bbox 1293 2197 1438 2268; x_wconf 59' lang='lat' dir='ltr'><strong><em>Exn;</em></strong></span> <span class='ocrx_word' id='word_1_286' title='bbox 1474 2198 1546 2250; x_wconf 84' lang='lat' dir='ltr'>T6</span> <span class='ocrx_word' id='word_1_287' title='bbox 1581 2199 1690 2268; x_wconf 81' lang='grc' dir='ltr'><strong><em>γὰρ</em></strong></span> <span class='ocrx_word' id='word_1_288' title='bbox 1739 2196 1895 2267; x_wconf 88' lang='grc' dir='ltr'>μόνον</span> 
     </span>
    </p>
   </div>
   <div class='ocr_carea' id='block_1_39' title="bbox 325 2287 1898 2362">
    <p class='ocr_par' dir='ltr' id='par_1_39' title="bbox 325 2287 1898 2362">
     <span class='ocr_line' id='line_1_39' title="bbox 325 2287 1898 2362; baseline -0.001 -19"><span class='ocrx_word' id='word_1_289' title='bbox 325 2287 696 2362; x_wconf 82' lang='grc' dir='ltr'>κατεξαίρετον</span> <span class='ocrx_word' id='word_1_290' title='bbox 732 2290 816 2344; x_wconf 74' lang='grc' dir='ltr'>ἐπ’</span> <span class='ocrx_word' id='word_1_291' title='bbox 847 2289 1010 2342; x_wconf 87' lang='grc' dir='ltr'>αὑτοῦ</span> <span class='ocrx_word' id='word_1_292' title='bbox 1040 2293 1259 2352; x_wconf 81' lang='grc' dir='ltr'>νοεῖται,</span> <span class='ocrx_word' id='word_1_293' title='bbox 1296 2289 1323 2340; x_wconf 83' lang='grc' dir='ltr'><strong>ὃ</strong></span> <span class='ocrx_word' id='word_1_294' title='bbox 1355 2290 1455 2343; x_wconf 90' lang='grc' dir='ltr'><strong><em>οὑκ</em></strong></span> <span class='ocrx_word' id='word_1_295' title='bbox 1500 2289 1645 2349; x_wconf 80' lang='grc' dir='ltr'>ἔστιν</span> <span class='ocrx_word' id='word_1_296' title='bbox 1686 2290 1774 2340; x_wconf 79' lang='grc' dir='ltr'><strong><em>ἐπ’</em></strong></span> <span class='ocrx_word' id='word_1_297' title='bbox 1806 2289 1898 2341; x_wconf 82' lang='grc' dir='ltr'><strong><em>ἆλ-</em></strong></span> 
     </span>
    </p>
   </div>
   <div class='ocr_carea' id='block_1_40' title="bbox 321 2379 1897 2452">
    <p class='ocr_par' dir='ltr' id='par_1_40' title="bbox 321 2379 1897 2452">
     <span class='ocr_line' id='line_1_40' title="bbox 321 2379 1897 2452; baseline -0.003 -16"><span class='ocrx_word' id='word_1_298' title='bbox 321 2382 418 2452; x_wconf 86' lang='grc' dir='ltr'><strong><em>λης</em></strong></span> <span class='ocrx_word' id='word_1_299' title='bbox 450 2384 781 2452; x_wconf 76' lang='grc' dir='ltr'>κατανοῆσαι</span> <span class='ocrx_word' id='word_1_300' title='bbox 815 2383 1139 2452; x_wconf 80' lang='grc' dir='ltr'>γεννήσεως,</span> <span class='ocrx_word' id='word_1_301' title='bbox 1167 2380 1371 2451; x_wconf 78' lang='grc' dir='ltr'>κυρίως</span> <span class='ocrx_word' id='word_1_302' title='bbox 1395 2397 1455 2432; x_wconf 91' lang='grc' dir='ltr'><strong><em>τε</em></strong></span> <span class='ocrx_word' id='word_1_303' title='bbox 1484 2381 1577 2434; x_wconf 74' lang='grc' dir='ltr'><strong><em>καὶ</em></strong></span> <span class='ocrx_word' id='word_1_304' title='bbox 1604 2379 1897 2449; x_wconf 79' lang='grc' dir='ltr'>προσφυῶς</span> 
     </span>
    </p>
   </div>
   <div class='ocr_carea' id='block_1_41' title="bbox 319 2468 1904 2549">
    <p class='ocr_par' dir='ltr' id='par_1_41' title="bbox 319 2468 1904 2549">
     <span class='ocr_line' id='line_1_41' title="bbox 319 2468 1904 2549; baseline -0.004 -21"><span class='ocrx_word' id='word_1_305' title='bbox 319 2475 415 2549; x_wconf 80' lang='grc' dir='ltr'><strong><em>τῷ,</em></strong></span> <span class='ocrx_word' id='word_1_306' title='bbox 444 2477 793 2546; x_wconf 78' lang='grc' dir='ltr'>προσρήματι</span> <span class='ocrx_word' id='word_1_307' title='bbox 824 2473 918 2527; x_wconf 86' lang='grc' dir='ltr'><strong><em>τοῦ</em></strong></span> <span class='ocrx_word' id='word_1_308' title='bbox 959 2473 1294 2542; x_wconf 85' lang='grc' dir='ltr'>Μονογενοῦς</span> <span class='ocrx_word' id='word_1_309' title='bbox 1327 2472 1682 2543; x_wconf 79' lang='grc' dir='ltr'>ἑρμηνεύεται</span> <span class='ocrx_word' id='word_1_310' title='bbox 1703 2487 1714 2499; x_wconf 91' lang='grc'><strong>·</strong></span> <span class='ocrx_word' id='word_1_311' title='bbox 1745 2471 1820 2533; x_wconf 83' lang='grc' dir='ltr'>ὡς</span> <span class='ocrx_word' id='word_1_312' title='bbox 1849 2468 1904 2523; x_wconf 80' lang='grc' dir='ltr'>εἴ</span> 
     </span>
    </p>
   </div>
   <div class='ocr_carea' id='block_1_42' title="bbox 321 2564 1895 2637">
    <p class='ocr_par' dir='ltr' id='par_1_42' title="bbox 321 2564 1895 2637">
     <span class='ocr_line' id='line_1_42' title="bbox 321 2564 1895 2637; baseline -0.003 -17"><span class='ocrx_word' id='word_1_313' title='bbox 321 2568 386 2635; x_wconf 84' lang='grc' dir='ltr'><strong><em>γέ</em></strong></span> <span class='ocrx_word' id='word_1_314' title='bbox 411 2586 460 2621; x_wconf 91' lang='grc' dir='ltr'><strong><em>τι</em></strong></span> <span class='ocrx_word' id='word_1_315' title='bbox 484 2568 582 2637; x_wconf 79' lang='grc' dir='ltr'><strong><em>τῆς</em></strong></span> <span class='ocrx_word' id='word_1_316' title='bbox 612 2568 760 2621; x_wconf 77' lang='grc' dir='ltr'>κάτω</span> <span class='ocrx_word' id='word_1_317' title='bbox 788 2567 1093 2637; x_wconf 81' lang='grc' dir='ltr'>γεννήσεως</span> <span class='ocrx_word' id='word_1_318' title='bbox 1134 2567 1226 2620; x_wconf 71' lang='grc' dir='ltr'><strong><em>καὶ</em></strong></span> <span class='ocrx_word' id='word_1_319' title='bbox 1271 2567 1359 2619; x_wconf 76' lang='grc' dir='ltr'><strong><em>ἐπ’</em></strong></span> <span class='ocrx_word' id='word_1_320' title='bbox 1402 2565 1561 2618; x_wconf 86' lang='grc' dir='ltr'>αὑτοῦ</span> <span class='ocrx_word' id='word_1_321' title='bbox 1593 2564 1895 2634; x_wconf 85' lang='grc' dir='ltr'>θεωρεῖται,</span> 
     </span>
    </p>
   </div>
   <div class='ocr_carea' id='block_1_43' title="bbox 320 2655 1896 2730">
    <p class='ocr_par' dir='ltr' id='par_1_43' title="bbox 320 2655 1896 2730">
     <span class='ocr_line' id='line_1_43' title="bbox 320 2655 1896 2730; baseline -0.003 -18"><span class='ocrx_word' id='word_1_322' title='bbox 320 2659 592 2729; x_wconf 69' lang='grc' dir='ltr'>οὐκέτ’ἀν</span> <span class='ocrx_word' id='word_1_323' title='bbox 624 2659 710 2730; x_wconf 76' lang='grc' dir='ltr'>εἴη</span> <span class='ocrx_word' id='word_1_324' title='bbox 741 2659 1072 2729; x_wconf 78' lang='grc' dir='ltr'>Μονογενὴς,</span> <span class='ocrx_word' id='word_1_325' title='bbox 1099 2660 1126 2711; x_wconf 90' lang='lat'><strong><em>6</em></strong></span> <span class='ocrx_word' id='word_1_326' title='bbox 1148 2660 1258 2711; x_wconf 78' lang='grc' dir='ltr'>τισὶ</span> <span class='ocrx_word' id='word_1_327' title='bbox 1286 2659 1386 2728; x_wconf 81' lang='grc' dir='ltr'>τῆς</span> <span class='ocrx_word' id='word_1_328' title='bbox 1414 2659 1716 2728; x_wconf 78' lang='grc' dir='ltr'>γεννήσεως</span> <span class='ocrx_word' id='word_1_329' title='bbox 1751 2655 1896 2708; x_wconf 81' lang='grc' dir='ltr'>ἰδιώ-</span> 
     </span>
    </p>
   </div>
   <div class='ocr_carea' id='block_1_44' title="bbox 323 2746 1898 2823">
    <p class='ocr_par' dir='ltr' id='par_1_44' title="bbox 323 2746 1898 2823">
     <span class='ocr_line' id='line_1_44' title="bbox 323 2746 1898 2823; baseline -0.004 -19"><span class='ocrx_word' id='word_1_330' title='bbox 323 2769 456 2823; x_wconf 86' lang='grc' dir='ltr'>μασι</span> <span class='ocrx_word' id='word_1_331' title='bbox 493 2752 631 2822; x_wconf 80' lang='grc' dir='ltr'>πρὸς</span> <span class='ocrx_word' id='word_1_332' title='bbox 657 2751 726 2804; x_wconf 81' lang='grc' dir='ltr'><strong><em>τά</em></strong></span> <span class='ocrx_word' id='word_1_333' title='bbox 761 2749 925 2804; x_wconf 84' lang='grc' dir='ltr'>λοιπὰ</span> <span class='ocrx_word' id='word_1_334' title='bbox 953 2749 1060 2802; x_wconf 84' lang='grc' dir='ltr'><strong><em>τῶν</em></strong></span> <span class='ocrx_word' id='word_1_335' title='bbox 1088 2749 1457 2820; x_wconf 80' lang='grc' dir='ltr'>γεννηθέντων</span> <span class='ocrx_word' id='word_1_336' title='bbox 1493 2746 1898 2817; x_wconf 82' lang='grc' dir='ltr'>κοινοποιούμε-</span> 
     </span>
    </p>
   </div>
   <div class='ocr_carea' id='block_1_45' title="bbox 321 2837 1909 2912">
    <p class='ocr_par' dir='ltr' id='par_1_45' title="bbox 321 2837 1909 2912">
     <span class='ocr_line' id='line_1_45' title="bbox 321 2837 1909 2912; baseline -0.004 -15"><span class='ocrx_word' id='word_1_337' title='bbox 321 2861 442 2906; x_wconf 84' lang='grc' dir='ltr'>νος·</span> <span class='ocrx_word' id='word_1_338' title='bbox 472 2844 521 2896; x_wconf 84' lang='grc' dir='ltr'><strong><em>εί</em></strong></span> <span class='ocrx_word' id='word_1_339' title='bbox 565 2842 672 2912; x_wconf 81' lang='grc' dir='ltr'>γὰρ</span> <span class='ocrx_word' id='word_1_340' title='bbox 699 2841 766 2910; x_wconf 75' lang='grc' dir='ltr'><strong><em>τα</em></strong></span> <span class='ocrx_word' id='word_1_341' title='bbox 803 2841 941 2895; x_wconf 86' lang='grc' dir='ltr'><strong><em>αὑτά</em></strong></span> <span class='ocrx_word' id='word_1_342' title='bbox 985 2841 1079 2897; x_wconf 70' lang='grc' dir='ltr'><strong><em>καὶ</em></strong></span> <span class='ocrx_word' id='word_1_343' title='bbox 1113 2841 1203 2893; x_wconf 78' lang='grc' dir='ltr'>ἐπὶ</span> <span class='ocrx_word' id='word_1_344' title='bbox 1247 2840 1433 2897; x_wconf 75' lang='grc' dir='ltr'>τούτου</span> <span class='ocrx_word' id='word_1_345' title='bbox 1459 2840 1667 2906; x_wconf 79' lang='grc' dir='ltr'>λέγοιτο</span> <span class='ocrx_word' id='word_1_346' title='bbox 1687 2881 1700 2904; x_wconf 88' lang='grc'><strong><em>,</em></strong></span> <span class='ocrx_word' id='word_1_347' title='bbox 1731 2837 1766 2891; x_wconf 80' lang='grc' dir='ltr'><strong>ἆ</strong></span> <span class='ocrx_word' id='word_1_348' title='bbox 1805 2838 1909 2890; x_wconf 70' lang='grc' dir='ltr'>καὶ</span> 
     </span>
    </p>
   </div>
   <div class='ocr_carea' id='block_1_46' title="bbox 320 2929 1898 3003">
    <p class='ocr_par' dir='ltr' id='par_1_46' title="bbox 320 2929 1898 3003">
     <span class='ocr_line' id='line_1_46' title="bbox 320 2929 1898 3003; baseline -0.005 -14"><span class='ocrx_word' id='word_1_349' title='bbox 320 2936 415 2989; x_wconf 65' lang='grc' dir='ltr'><strong><em>ἰπὶ</em></strong></span> <span class='ocrx_word' id='word_1_350' title='bbox 444 2933 552 2988; x_wconf 83' lang='grc' dir='ltr'><strong><em>τῶν</em></strong></span> <span class='ocrx_word' id='word_1_351' title='bbox 588 2933 761 2987; x_wconf 82' lang='grc' dir='ltr'>ἄλλων</span> <span class='ocrx_word' id='word_1_352' title='bbox 791 2933 897 2984; x_wconf 82' lang='grc' dir='ltr'><strong><em>τῶν</em></strong></span> <span class='ocrx_word' id='word_1_353' title='bbox 935 2932 1020 2985; x_wconf 85' lang='grc' dir='ltr'>διὰ</span> <span class='ocrx_word' id='word_1_354' title='bbox 1045 2933 1348 3001; x_wconf 83' lang='grc' dir='ltr'>γεννήσεως</span> <span class='ocrx_word' id='word_1_355' title='bbox 1393 2933 1684 3003; x_wconf 82' lang='grc' dir='ltr'>προϊόντων</span> <span class='ocrx_word' id='word_1_356' title='bbox 1727 2931 1806 2992; x_wconf 87' lang='grc' dir='ltr'>εἰς</span> <span class='ocrx_word' id='word_1_357' title='bbox 1837 2929 1898 2981; x_wconf 85' lang='grc' dir='ltr'><strong><em>τὸ</em></strong></span> 
     </span>
    </p>
   </div>
   <div class='ocr_carea' id='block_1_47' title="bbox 323 3020 1898 3096">
    <p class='ocr_par' dir='ltr' id='par_1_47' title="bbox 323 3020 1898 3096">
     <span class='ocr_line' id='line_1_47' title="bbox 323 3020 1898 3096; baseline -0.003 -18"><span class='ocrx_word' id='word_1_358' title='bbox 323 3020 462 3096; x_wconf 71' lang='grc' dir='ltr'>εἶναι</span> <span class='ocrx_word' id='word_1_359' title='bbox 494 3026 744 3095; x_wconf 86' lang='grc' dir='ltr'>λέγεται,</span> <span class='ocrx_word' id='word_1_360' title='bbox 779 3027 858 3086; x_wconf 85' lang='grc' dir='ltr'><strong><em>εἰς</em></strong></span> <span class='ocrx_word' id='word_1_361' title='bbox 889 3024 1181 3094; x_wconf 80' lang='grc' dir='ltr'>ἀδελφικήν</span> <span class='ocrx_word' id='word_1_362' title='bbox 1209 3040 1327 3075; x_wconf 89' lang='grc' dir='ltr'>τινα</span> <span class='ocrx_word' id='word_1_363' title='bbox 1359 3024 1539 3093; x_wconf 78' lang='grc' dir='ltr'>σχέσιν</span> <span class='ocrx_word' id='word_1_364' title='bbox 1572 3022 1634 3074; x_wconf 90' lang='grc' dir='ltr'><strong><em>τὸ</em></strong></span> <span class='ocrx_word' id='word_1_365' title='bbox 1677 3021 1761 3074; x_wconf 85' lang='grc' dir='ltr'><strong><em>τοῦ</em></strong></span> <span class='ocrx_word' id='word_1_366' title='bbox 1789 3022 1898 3074; x_wconf 88' lang='grc' dir='ltr'><strong><em>Μο-</em></strong></span> 
     </span>
    </p>
   </div>
   <div class='ocr_carea' id='block_1_48' title="bbox 320 3111 1899 3199">
    <p class='ocr_par' dir='ltr' id='par_1_48' title="bbox 320 3111 1899 3199">
     <span class='ocr_line' id='line_1_48' title="bbox 320 3111 1899 3199; baseline -0.005 -27"><span class='ocrx_word' id='word_1_367' title='bbox 320 3116 572 3189; x_wconf 87' lang='grc' dir='ltr'>νογενοῦς</span> <span class='ocrx_word' id='word_1_368' title='bbox 619 3118 1011 3199; x_wconf 52' lang='grc' dir='ltr'>σημαινόμενον</span> <span class='ocrx_word' id='word_1_369' title='bbox 1049 3115 1438 3186; x_wconf 86' lang='grc' dir='ltr'>μετασκευάσει</span> <span class='ocrx_word' id='word_1_370' title='bbox 1483 3113 1725 3182; x_wconf 49' lang='grc' dir='ltr'>διλόγος.</span> <span class='ocrx_word' id='word_1_371' title='bbox 1758 3111 1899 3164; x_wconf 84' lang='grc' dir='ltr'>Οὑκ-</span> 
     </span>
    </p>
   </div>
   <div class='ocr_carea' id='block_1_49' title="bbox 318 3202 1911 3279">
    <p class='ocr_par' dir='ltr' id='par_1_49' title="bbox 318 3202 1911 3279">
     <span class='ocr_line' id='line_1_49' title="bbox 318 3202 1911 3279; baseline -0.004 -16"><span class='ocrx_word' id='word_1_372' title='bbox 318 3211 412 3264; x_wconf 89' lang='grc' dir='ltr'><strong><em>οῦν</em></strong></span> <span class='ocrx_word' id='word_1_373' title='bbox 451 3212 499 3262; x_wconf 83' lang='grc' dir='ltr'>εἰ</span> <span class='ocrx_word' id='word_1_374' title='bbox 524 3209 585 3262; x_wconf 79' lang='lat'><strong><em>16</em></strong></span> <span class='ocrx_word' id='word_1_375' title='bbox 605 3209 832 3279; x_wconf 65' lang='grc' dir='ltr'>ἄμικτον</span> <span class='ocrx_word' id='word_1_376' title='bbox 860 3225 918 3261; x_wconf 87' lang='grc' dir='ltr'><strong><em>τε</em></strong></span> <span class='ocrx_word' id='word_1_377' title='bbox 951 3208 1044 3260; x_wconf 75' lang='grc' dir='ltr'><strong><em>καὶ</em></strong></span> <span class='ocrx_word' id='word_1_378' title='bbox 1073 3205 1434 3276; x_wconf 82' lang='grc' dir='ltr'>ἀκοινώνητον</span> <span class='ocrx_word' id='word_1_379' title='bbox 1461 3205 1597 3275; x_wconf 83' lang='grc' dir='ltr'>πρὸς</span> <span class='ocrx_word' id='word_1_380' title='bbox 1623 3206 1692 3257; x_wconf 70' lang='grc' dir='ltr'>τὰ</span> <span class='ocrx_word' id='word_1_381' title='bbox 1736 3202 1911 3264; x_wconf 76' lang='grc' dir='ltr'>λοιπὰ</span> 
     </span>
    </p>
   </div>
   <div class='ocr_carea' id='block_1_50' title="bbox 319 3296 1896 3372">
    <p class='ocr_par' dir='ltr' id='par_1_50' title="bbox 319 3296 1896 3372">
     <span class='ocr_line' id='line_1_50' title="bbox 319 3296 1896 3372; baseline -0.005 -16"><span class='ocrx_word' id='word_1_382' title='bbox 319 3301 428 3356; x_wconf 82' lang='grc' dir='ltr'>τῶν</span> <span class='ocrx_word' id='word_1_383' title='bbox 453 3301 754 3372; x_wconf 75' lang='grc' dir='ltr'>γινομένων</span> <span class='ocrx_word' id='word_1_384' title='bbox 782 3300 1110 3353; x_wconf 76' lang='grc' dir='ltr'>ἐνδείκνυται</span> <span class='ocrx_word' id='word_1_385' title='bbox 1132 3300 1194 3351; x_wconf 80' lang='grc' dir='ltr'>τὸ</span> <span class='ocrx_word' id='word_1_386' title='bbox 1214 3297 1308 3350; x_wconf 86' lang='grc' dir='ltr'><strong><em>τοῦ</em></strong></span> <span class='ocrx_word' id='word_1_387' title='bbox 1335 3296 1669 3366; x_wconf 86' lang='grc' dir='ltr'>Μονογενοῦς</span> <span class='ocrx_word' id='word_1_388' title='bbox 1697 3313 1763 3365; x_wconf 92' lang='grc' dir='ltr'><strong><em>ση</em></strong></span> <span class='ocrx_word' id='word_1_389' title='bbox 1773 3313 1896 3365; x_wconf 85' lang='grc' dir='ltr'>μαι-</span> 
     </span>
    </p>
   </div>
   <div class='ocr_carea' id='block_1_51' title="bbox 314 3387 1898 3463">
    <p class='ocr_par' dir='ltr' id='par_1_51' title="bbox 314 3387 1898 3463">
     <span class='ocr_line' id='line_1_51' title="bbox 314 3387 1898 3463; baseline -0.004 -17"><span class='ocrx_word' id='word_1_390' title='bbox 314 3398 560 3463; x_wconf 79' lang='grc' dir='ltr'>νόμενον,</span> <span class='ocrx_word' id='word_1_391' title='bbox 610 3392 761 3445; x_wconf 79' lang='grc' dir='ltr'>οὑδὲν</span> <span class='ocrx_word' id='word_1_392' title='bbox 785 3390 898 3455; x_wconf 52' lang='grc' dir='ltr'>τῶν,</span> <span class='ocrx_word' id='word_1_393' title='bbox 936 3391 1063 3460; x_wconf 70' lang='grc' dir='ltr'>περὶ</span> <span class='ocrx_word' id='word_1_394' title='bbox 1094 3390 1191 3460; x_wconf 83' lang='grc' dir='ltr'>τὴν</span> <span class='ocrx_word' id='word_1_395' title='bbox 1218 3390 1365 3444; x_wconf 84' lang='grc' dir='ltr'><strong><em>κάτω</em></strong></span> <span class='ocrx_word' id='word_1_396' title='bbox 1391 3388 1644 3459; x_wconf 82' lang='grc' dir='ltr'>γέννησιν</span> <span class='ocrx_word' id='word_1_397' title='bbox 1684 3387 1898 3459; x_wconf 87' lang='grc' dir='ltr'>ὁρωμέ-</span> 
     </span>
    </p>
   </div>
   <div class='ocr_carea' id='block_1_52' title="bbox 319 3481 1895 3554">
    <p class='ocr_par' dir='ltr' id='par_1_52' title="bbox 319 3481 1895 3554">
     <span class='ocr_line' id='line_1_52' title="bbox 319 3481 1895 3554; baseline -0.004 -14"><span class='ocrx_word' id='word_1_398' title='bbox 319 3504 445 3548; x_wconf 88' lang='grc' dir='ltr'>νων,</span> <span class='ocrx_word' id='word_1_399' title='bbox 500 3487 594 3542; x_wconf 77' lang='grc' dir='ltr'><strong><em>καὶ</em></strong></span> <span class='ocrx_word' id='word_1_400' title='bbox 635 3485 725 3538; x_wconf 76' lang='grc' dir='ltr'>ἐπὶ</span> <span class='ocrx_word' id='word_1_401' title='bbox 768 3485 865 3554; x_wconf 76' lang='grc' dir='ltr'>τῆς</span> <span class='ocrx_word' id='word_1_402' title='bbox 913 3485 978 3536; x_wconf 84' lang='grc' dir='ltr'>ὲκ</span> <span class='ocrx_word' id='word_1_403' title='bbox 1025 3483 1118 3535; x_wconf 87' lang='grc' dir='ltr'><strong><em>τοῦ</em></strong></span> <span class='ocrx_word' id='word_1_404' title='bbox 1158 3483 1370 3553; x_wconf 84' lang='grc' dir='ltr'>Πατρὸς</span> <span class='ocrx_word' id='word_1_405' title='bbox 1419 3483 1766 3544; x_wconf 72' lang='grc' dir='ltr'>ὑποστάσεως</span> <span class='ocrx_word' id='word_1_406' title='bbox 1803 3481 1895 3534; x_wconf 88' lang='grc' dir='ltr'><strong><em>τοῦ</em></strong></span> 
     </span>
    </p>
   </div>
   <div class='ocr_carea' id='block_1_53' title="bbox 323 3571 1896 3643">
    <p class='ocr_par' dir='ltr' id='par_1_53' title="bbox 323 3571 1896 3643">
     <span class='ocr_line' id='line_1_53' title="bbox 323 3571 1896 3643; baseline -0.004 -14"><span class='ocrx_word' id='word_1_407' title='bbox 323 3577 449 3630; x_wconf 83' lang='grc' dir='ltr'>Υίοῦ</span> <span class='ocrx_word' id='word_1_408' title='bbox 478 3575 710 3628; x_wconf 84' lang='grc' dir='ltr'>νοεῖσθαι</span> <span class='ocrx_word' id='word_1_409' title='bbox 737 3572 1158 3643; x_wconf 73' lang='grc' dir='ltr'>καταδεξόμεοα.</span> <span class='ocrx_word' id='word_1_410' title='bbox 1204 3572 1363 3626; x_wconf 78' lang='grc' dir='ltr'>Ἀλλὰ</span> <span class='ocrx_word' id='word_1_411' title='bbox 1393 3573 1497 3643; x_wconf 81' lang='grc' dir='ltr'>μὴν</span> <span class='ocrx_word' id='word_1_412' title='bbox 1524 3571 1652 3625; x_wconf 77' lang='grc' dir='ltr'>ἴδιον</span> <span class='ocrx_word' id='word_1_413' title='bbox 1681 3573 1896 3625; x_wconf 84' lang='grc' dir='ltr'>πάντων</span> 
     </span>
    </p>
   </div>
   <div class='ocr_carea' id='block_1_54' title="bbox 326 3660 1898 3737">
    <p class='ocr_par' dir='ltr' id='par_1_54' title="bbox 326 3660 1898 3737">
     <span class='ocr_line' id='line_1_54' title="bbox 326 3660 1898 3737; baseline -0.003 -17"><span class='ocrx_word' id='word_1_414' title='bbox 326 3668 433 3735; x_wconf 76' lang='grc' dir='ltr'><strong><em>τῶν</em></strong></span> <span class='ocrx_word' id='word_1_415' title='bbox 473 3668 562 3722; x_wconf 77' lang='grc' dir='ltr'>διὰ</span> <span class='ocrx_word' id='word_1_416' title='bbox 609 3668 911 3737; x_wconf 88' lang='grc' dir='ltr'>γεννήσεως</span> <span class='ocrx_word' id='word_1_417' title='bbox 945 3666 1361 3734; x_wconf 56' lang='grc' dir='ltr'>ὑςεεστηκοτων,</span> <span class='ocrx_word' id='word_1_418' title='bbox 1411 3665 1470 3717; x_wconf 84' lang='grc' dir='ltr'><strong><em>τὸ</em></strong></span> <span class='ocrx_word' id='word_1_419' title='bbox 1506 3665 1581 3735; x_wconf 83' lang='grc' dir='ltr'><strong><em>μὴ</em></strong></span> <span class='ocrx_word' id='word_1_420' title='bbox 1614 3660 1750 3716; x_wconf 85' lang='grc' dir='ltr'>εἶναι</span> <span class='ocrx_word' id='word_1_421' title='bbox 1792 3662 1898 3733; x_wconf 73' lang='grc' dir='ltr'>πρὸ</span> 
     </span>
    </p>
   </div>
   <div class='ocr_carea' id='block_1_55' title="bbox 320 3754 1897 3832">
    <p class='ocr_par' dir='ltr' id='par_1_55' title="bbox 320 3754 1897 3832">
     <span class='ocr_line' id='line_1_55' title="bbox 320 3754 1897 3832; baseline -0.004 -19"><span class='ocrx_word' id='word_1_422' title='bbox 320 3763 417 3832; x_wconf 72' lang='grc' dir='ltr'>τῆς</span> <span class='ocrx_word' id='word_1_423' title='bbox 450 3761 778 3830; x_wconf 81' lang='grc' dir='ltr'>γεννήσεως’</span> <span class='ocrx_word' id='word_1_424' title='bbox 820 3757 1094 3827; x_wconf 82' lang='grc' dir='ltr'>ἀλλότριον</span> <span class='ocrx_word' id='word_1_425' title='bbox 1142 3756 1250 3828; x_wconf 79' lang='grc' dir='ltr'><strong><em>ἄρα</em></strong></span> <span class='ocrx_word' id='word_1_426' title='bbox 1289 3755 1444 3809; x_wconf 89' lang='grc' dir='ltr'>τοῦτο</span> <span class='ocrx_word' id='word_1_427' title='bbox 1477 3754 1574 3825; x_wconf 80' lang='grc' dir='ltr'>τῆς</span> <span class='ocrx_word' id='word_1_428' title='bbox 1599 3755 1690 3807; x_wconf 90' lang='grc' dir='ltr'><strong><em>τοῦ</em></strong></span> <span class='ocrx_word' id='word_1_429' title='bbox 1724 3756 1897 3808; x_wconf 78' lang='grc' dir='ltr'>Μονο-</span> 
     </span>
    </p>
   </div>
   <div class='ocr_carea' id='block_1_56' title="bbox 321 3841 1897 3920">
    <p class='ocr_par' dir='ltr' id='par_1_56' title="bbox 321 3841 1897 3920">
     <span class='ocr_line' id='line_1_56' title="bbox 321 3841 1897 3920; baseline -0.004 -17"><span class='ocrx_word' id='word_1_430' title='bbox 321 3849 509 3920; x_wconf 87' lang='grc' dir='ltr'>γενοῦς</span> <span class='ocrx_word' id='word_1_431' title='bbox 558 3850 844 3918; x_wconf 83' lang='grc' dir='ltr'>ἰδιότητος,</span> <span class='ocrx_word' id='word_1_432' title='bbox 875 3841 919 3915; x_wconf 80' lang='grc' dir='ltr'>ᾧ</span> <span class='ocrx_word' id='word_1_433' title='bbox 968 3848 1132 3918; x_wconf 85' lang='grc' dir='ltr'>μηδὲν</span> <span class='ocrx_word' id='word_1_434' title='bbox 1189 3847 1283 3903; x_wconf 83' lang='grc' dir='ltr'><strong><em>τοῦ</em></strong></span> <span class='ocrx_word' id='word_1_435' title='bbox 1324 3847 1526 3918; x_wconf 87' lang='grc' dir='ltr'>τρόπου</span> <span class='ocrx_word' id='word_1_436' title='bbox 1568 3847 1667 3914; x_wconf 82' lang='grc' dir='ltr'>τῆς</span> <span class='ocrx_word' id='word_1_437' title='bbox 1713 3845 1897 3914; x_wconf 78' lang='grc' dir='ltr'>κοινῆς</span> 
     </span>
    </p>
   </div>
   <div class='ocr_carea' id='block_1_57' title="bbox 321 3934 1895 4010">
    <p class='ocr_par' dir='ltr' id='par_1_57' title="bbox 321 3934 1895 4010">
     <span class='ocr_line' id='line_1_57' title="bbox 321 3934 1895 4010; baseline -0.003 -19"><span class='ocrx_word' id='word_1_438' title='bbox 321 3939 626 4010; x_wconf 82' lang='grc' dir='ltr'>γεννήσεως</span> <span class='ocrx_word' id='word_1_439' title='bbox 656 3939 826 4000; x_wconf 74' lang='grc' dir='ltr'>εἴδους</span> <span class='ocrx_word' id='word_1_440' title='bbox 869 3937 929 3988; x_wconf 82' lang='grc' dir='ltr'><strong><em>τὸ</em></strong></span> <span class='ocrx_word' id='word_1_441' title='bbox 962 3935 1374 4005; x_wconf 81' lang='grc' dir='ltr'>πεπλανημένον</span> <span class='ocrx_word' id='word_1_442' title='bbox 1409 3937 1688 4006; x_wconf 84' lang='grc' dir='ltr'>προσεῖναι</span> <span class='ocrx_word' id='word_1_443' title='bbox 1731 3937 1764 4006; x_wconf 86' lang='grc' dir='ltr'>ἡ</span> <span class='ocrx_word' id='word_1_444' title='bbox 1801 3934 1895 3986; x_wconf 87' lang='grc' dir='ltr'><strong><em>τοῦ</em></strong></span> 
     </span>
    </p>
   </div>
   <div class='ocr_carea' id='block_1_58' title="bbox 321 4015 1898 4100">
    <p class='ocr_par' dir='ltr' id='par_1_58' title="bbox 321 4015 1898 4100">
     <span class='ocr_line' id='line_1_58' title="bbox 321 4015 1898 4100; baseline -0.004 -16"><span class='ocrx_word' id='word_1_445' title='bbox 321 4030 655 4100; x_wconf 79' lang='grc' dir='ltr'>Μονογενοῦς</span> <span class='ocrx_word' id='word_1_446' title='bbox 707 4029 987 4098; x_wconf 77' lang='grc' dir='ltr'>ἐπωνυμία</span> <span class='ocrx_word' id='word_1_447' title='bbox 1037 4027 1388 4098; x_wconf 76' lang='grc' dir='ltr'>μαρτύρεται.</span> <span class='ocrx_word' id='word_1_448' title='bbox 1444 4015 1650 4085; x_wconf 72' lang='grc' dir='ltr'>Οὐκοῦν</span> <span class='ocrx_word' id='word_1_449' title='bbox 1699 4042 1898 4078; x_wconf 90' lang='grc' dir='ltr'>πιστω-</span> 
     </span>
    </p>
   </div>
   <div class='ocr_carea' id='block_1_59' title="bbox 325 4113 1896 4192">
    <p class='ocr_par' dir='ltr' id='par_1_59' title="bbox 325 4113 1896 4192">
     <span class='ocr_line' id='line_1_59' title="bbox 325 4113 1896 4192; baseline -0.006 -17"><span class='ocrx_word' id='word_1_450' title='bbox 325 4123 471 4192; x_wconf 85' lang='grc' dir='ltr'>θήτω</span> <span class='ocrx_word' id='word_1_451' title='bbox 499 4124 526 4174; x_wconf 91' lang='lat'><strong><em>6</em></strong></span> <span class='ocrx_word' id='word_1_452' title='bbox 554 4121 733 4184; x_wconf 82' lang='grc' dir='ltr'>ὑλικὸς</span> <span class='ocrx_word' id='word_1_453' title='bbox 765 4114 916 4181; x_wconf 71' lang='grc' dir='ltr'>οὗτος</span> <span class='ocrx_word' id='word_1_454' title='bbox 947 4118 1042 4172; x_wconf 72' lang='grc' dir='ltr'><strong><em>καὶ</em></strong></span> <span class='ocrx_word' id='word_1_455' title='bbox 1070 4120 1134 4188; x_wconf 80' lang='grc' dir='ltr'>τῇ</span> <span class='ocrx_word' id='word_1_456' title='bbox 1173 4117 1419 4187; x_wconf 74' lang='grc' dir='ltr'>αἰσθήσει</span> <span class='ocrx_word' id='word_1_457' title='bbox 1454 4116 1631 4184; x_wconf 78' lang='grc' dir='ltr'>φίλος,</span> <span class='ocrx_word' id='word_1_458' title='bbox 1675 4113 1764 4167; x_wconf 75' lang='grc' dir='ltr'><strong><em>διὰ</em></strong></span> <span class='ocrx_word' id='word_1_459' title='bbox 1803 4113 1896 4166; x_wconf 85' lang='grc' dir='ltr'><strong><em>τοῦ</em></strong></span> 
     </span>
    </p>
   </div>
   <div class='ocr_carea' id='block_1_60' title="bbox 325 4205 1897 4286">
    <p class='ocr_par' dir='ltr' id='par_1_60' title="bbox 325 4205 1897 4286">
     <span class='ocr_line' id='line_1_60' title="bbox 325 4205 1897 4286; baseline -0.006 -18"><span class='ocrx_word' id='word_1_460' title='bbox 325 4217 510 4286; x_wconf 79' lang='grc' dir='ltr'>ἑτέρου</span> <span class='ocrx_word' id='word_1_461' title='bbox 556 4216 654 4286; x_wconf 80' lang='grc' dir='ltr'>τῆς</span> <span class='ocrx_word' id='word_1_462' title='bbox 697 4214 999 4284; x_wconf 85' lang='grc' dir='ltr'>γεννήσεως</span> <span class='ocrx_word' id='word_1_463' title='bbox 1043 4212 1213 4274; x_wconf 81' lang='grc' dir='ltr'>εἴδους</span> <span class='ocrx_word' id='word_1_464' title='bbox 1241 4206 1751 4278; x_wconf 62' lang='grc' dir='ltr'>τὸιπεπλανημένον</span> <span class='ocrx_word' id='word_1_465' title='bbox 1789 4205 1897 4258; x_wconf 81' lang='grc' dir='ltr'><strong><em>τῶν</em></strong></span> 
     </span>
    </p>
   </div>
   <div class='ocr_carea' id='block_1_61' title="bbox 323 4299 1895 4377">
    <p class='ocr_par' dir='ltr' id='par_1_61' title="bbox 323 4299 1895 4377">
     <span class='ocr_line' id='line_1_61' title="bbox 323 4299 1895 4377; baseline -0.006 -17"><span class='ocrx_word' id='word_1_466' title='bbox 323 4306 639 4377; x_wconf 73' lang='grc' dir='ltr'>ὑπολήψεων</span> <span class='ocrx_word' id='word_1_467' title='bbox 678 4304 840 4358; x_wconf 87' lang='grc' dir='ltr'>αὑτοῦ</span> <span class='ocrx_word' id='word_1_468' title='bbox 890 4301 1301 4374; x_wconf 84' lang='grc' dir='ltr'>διορθώσασθαι.</span> <span class='ocrx_word' id='word_1_469' title='bbox 1363 4300 1501 4352; x_wconf 82' lang='grc' dir='ltr'>Ἀλλ’</span> <span class='ocrx_word' id='word_1_470' title='bbox 1547 4299 1680 4362; x_wconf 78' lang='grc' dir='ltr'>ἴσως</span> <span class='ocrx_word' id='word_1_471' title='bbox 1724 4300 1895 4367; x_wconf 83' lang='grc' dir='ltr'>ἐρεῖς,</span> 
     </span>
    </p>
   </div>
   <div class='ocr_carea' id='block_1_62' title="bbox 324 4387 1895 4462">
    <p class='ocr_par' dir='ltr' id='par_1_62' title="bbox 324 4387 1895 4462">
     <span class='ocr_line' id='line_1_62' title="bbox 324 4387 1895 4462; baseline -0.005 -16"><span class='ocrx_word' id='word_1_472' title='bbox 324 4393 450 4451; x_wconf 75' lang='grc' dir='ltr'>ᾰταν</span> <span class='ocrx_word' id='word_1_473' title='bbox 496 4391 835 4462; x_wconf 79' lang='grc' dir='ltr'>ἀπαύγασμα</span> <span class='ocrx_word' id='word_1_474' title='bbox 882 4390 1038 4460; x_wconf 78' lang='grc' dir='ltr'>δόξης</span> <span class='ocrx_word' id='word_1_475' title='bbox 1071 4391 1165 4442; x_wconf 72' lang='grc' dir='ltr'><strong><em>καὶ</em></strong></span> <span class='ocrx_word' id='word_1_476' title='bbox 1205 4387 1379 4459; x_wconf 83' lang='grc' dir='ltr'>ὀσμὴν</span> <span class='ocrx_word' id='word_1_477' title='bbox 1424 4387 1595 4458; x_wconf 68' lang='grc' dir='ltr'>μύρου</span> <span class='ocrx_word' id='word_1_478' title='bbox 1635 4387 1895 4457; x_wconf 73' lang='grc' dir='ltr'>ἀκούσῃς,</span> 
     </span>
    </p>
   </div>
   <div class='ocr_carea' id='block_1_63' title="bbox 327 4475 1924 4554">
    <p class='ocr_par' dir='ltr' id='par_1_63' title="bbox 327 4475 1924 4554">
     <span class='ocr_line' id='line_1_63' title="bbox 327 4475 1924 4554; baseline -0.006 -20"><span class='ocrx_word' id='word_1_479' title='bbox 327 4481 407 4537; x_wconf 75' lang='grc' dir='ltr'><strong><em>ὅτι</em></strong></span> <span class='ocrx_word' id='word_1_480' title='bbox 432 4483 530 4534; x_wconf 85' lang='grc' dir='ltr'><strong><em>οὑκ</em></strong></span> <span class='ocrx_word' id='word_1_481' title='bbox 553 4477 621 4554; x_wconf 82' lang='grc' dir='ltr'>ἦν</span> <span class='ocrx_word' id='word_1_482' title='bbox 653 4480 712 4532; x_wconf 80' lang='grc' dir='ltr'><strong><em>τὸ</em></strong></span> <span class='ocrx_word' id='word_1_483' title='bbox 747 4478 1085 4547; x_wconf 69' lang='grc' dir='ltr'>ἀπαύγασμα</span> <span class='ocrx_word' id='word_1_484' title='bbox 1123 4477 1228 4547; x_wconf 79' lang='grc' dir='ltr'><strong><em>πρὸ</em></strong></span> <span class='ocrx_word' id='word_1_485' title='bbox 1257 4478 1353 4546; x_wconf 81' lang='grc' dir='ltr'><strong><em>τῆς</em></strong></span> <span class='ocrx_word' id='word_1_486' title='bbox 1389 4475 1520 4538; x_wconf 82' lang='grc' dir='ltr'>ἰδίας</span> <span class='ocrx_word' id='word_1_487' title='bbox 1555 4475 1858 4544; x_wconf 75' lang='grc' dir='ltr'>γεννήσεως</span> <span class='ocrx_word' id='word_1_488' title='bbox 1879 4491 1893 4503; x_wconf 90' lang='grc'><strong>·</strong></span> <span class='ocrx_word' id='word_1_489' title='bbox 1919 4511 1924 4515; x_wconf 92' lang='grc'><strong>-</strong></span> 
     </span>
    </p>
   </div>
   <div class='ocr_carea' id='block_1_64' title="bbox 1998 2012 3577 2088">
    <p class='ocr_par' dir='ltr' id='par_1_64' title="bbox 1998 2012 3577 2088">
     <span class='ocr_line' id='line_1_64' title="bbox 1998 2012 3577 2088; baseline -0.003 -16"><span class='ocrx_word' id='word_1_490' title='bbox 1998 2020 2206 2072; x_wconf 90' lang='lat' dir='ltr'><strong><em>nullam</em></strong></span> <span class='ocrx_word' id='word_1_491' title='bbox 2247 2019 2410 2073; x_wconf 87' lang='lat' dir='ltr'><strong><em>habet</em></strong></span> <span class='ocrx_word' id='word_1_492' title='bbox 2447 2033 2676 2088; x_wconf 87' lang='lat' dir='ltr'><strong><em>prorsus</em></strong></span> <span class='ocrx_word' id='word_1_493' title='bbox 2705 2018 3170 2080; x_wconf 83' lang='lat' dir='ltr'><strong><em>communionem,</em></strong></span> <span class='ocrx_word' id='word_1_494' title='bbox 3213 2021 3268 2069; x_wconf 89' lang='lat' dir='ltr'><strong><em>et</em></strong></span> <span class='ocrx_word' id='word_1_495' title='bbox 3306 2013 3454 2084; x_wconf 91' lang='lat' dir='ltr'><strong><em>quod</em></strong></span> <span class='ocrx_word' id='word_1_496' title='bbox 3507 2012 3577 2068; x_wconf 87' lang='lat' dir='ltr'><strong><em>ab</em></strong></span> 
     </span>
    </p>
   </div>
   <div class='ocr_carea' id='block_1_65' title="bbox 1996 2105 3575 2180">
    <p class='ocr_par' dir='ltr' id='par_1_65' title="bbox 1996 2105 3575 2180">
     <span class='ocr_line' id='line_1_65' title="bbox 1996 2105 3575 2180; baseline -0.003 -15"><span class='ocrx_word' id='word_1_497' title='bbox 1996 2126 2062 2165; x_wconf 78' lang='lat' dir='ltr'><strong><em>ea</em></strong></span> <span class='ocrx_word' id='word_1_498' title='bbox 2093 2111 2443 2180; x_wconf 85' lang='lat' dir='ltr'><strong><em>peculiariter</em></strong></span> <span class='ocrx_word' id='word_1_499' title='bbox 2471 2118 2743 2164; x_wconf 83' lang='lat' dir='ltr'><strong><em>secretum</em></strong></span> <span class='ocrx_word' id='word_1_500' title='bbox 2777 2116 2862 2165; x_wconf 90' lang='lat' dir='ltr'><strong><em>est</em></strong></span> <span class='ocrx_word' id='word_1_501' title='bbox 2896 2107 3258 2178; x_wconf 84' lang='lat' dir='ltr'><strong><em>signiﬁcatur.</em></strong></span> <span class='ocrx_word' id='word_1_502' title='bbox 3289 2105 3575 2172; x_wconf 84' lang='lat' dir='ltr'><strong><em>Quomodo</em></strong></span> 
     </span>
    </p>
   </div>
   <div class='ocr_carea' id='block_1_66' title="bbox 1997 2198 3577 2274">
    <p class='ocr_par' dir='ltr' id='par_1_66' title="bbox 1997 2198 3577 2274">
     <span class='ocr_line' id='line_1_66' title="bbox 1997 2198 3577 2274; baseline -0.004 -17"><span class='ocrx_word' id='word_1_503' title='bbox 1997 2204 2143 2258; x_wconf 87' lang='lat' dir='ltr'><strong><em>enim</em></strong></span> <span class='ocrx_word' id='word_1_504' title='bbox 2181 2203 2344 2257; x_wconf 83' lang='lat' dir='ltr'><strong><em>fuerit</em></strong></span> <span class='ocrx_word' id='word_1_505' title='bbox 2383 2203 2726 2274; x_wconf 86' lang='lat' dir='ltr'><strong><em>Unigenitus,</em></strong></span> <span class='ocrx_word' id='word_1_506' title='bbox 2748 2203 2794 2258; x_wconf 91' lang='lat' dir='ltr'><strong><em>si</em></strong></span> <span class='ocrx_word' id='word_1_507' title='bbox 2827 2203 2940 2257; x_wconf 87' lang='lat' dir='ltr'><strong><em>haec</em></strong></span> <span class='ocrx_word' id='word_1_508' title='bbox 2970 2204 3089 2271; x_wconf 88' lang='lat' dir='ltr'><strong><em>ipsa</em></strong></span> <span class='ocrx_word' id='word_1_509' title='bbox 3119 2198 3397 2271; x_wconf 84' lang='lat' dir='ltr'><strong><em>generatio</em></strong></span> <span class='ocrx_word' id='word_1_510' title='bbox 3421 2212 3577 2251; x_wconf 90' lang='lat' dir='ltr'><strong><em>com-</em></strong></span> 
     </span>
    </p>
   </div>
   <div class='ocr_carea' id='block_1_67' title="bbox 1997 2291 3566 2365">
    <p class='ocr_par' dir='ltr' id='par_1_67' title="bbox 1997 2291 3566 2365">
     <span class='ocr_line' id='line_1_67' title="bbox 1997 2291 3566 2365; baseline -0.001 -19"><span class='ocrx_word' id='word_1_511' title='bbox 1997 2295 2310 2348; x_wconf 90' lang='lat' dir='ltr'><strong><em>munionem</em></strong></span> <span class='ocrx_word' id='word_1_512' title='bbox 2340 2295 2638 2349; x_wconf 88' lang='lat' dir='ltr'><strong><em>secundum</em></strong></span> <span class='ocrx_word' id='word_1_513' title='bbox 2667 2294 3119 2365; x_wconf 87' lang='lat' dir='ltr'><strong><em>signiﬁcationem</em></strong></span> <span class='ocrx_word' id='word_1_514' title='bbox 3147 2302 3202 2348; x_wconf 91' lang='lat' dir='ltr'><strong><em>et</em></strong></span> <span class='ocrx_word' id='word_1_515' title='bbox 3221 2291 3566 2347; x_wconf 86' lang='lat' dir='ltr'><strong><em>identitatem</em></strong></span> 
     </span>
    </p>
   </div>
   <div class='ocr_carea' id='block_1_68' title="bbox 1998 2381 3574 2455">
    <p class='ocr_par' dir='ltr' id='par_1_68' title="bbox 1998 2381 3574 2455">
     <span class='ocr_line' id='line_1_68' title="bbox 1998 2381 3574 2455; baseline 0 -19"><span class='ocrx_word' id='word_1_516' title='bbox 1998 2399 2124 2438; x_wconf 88' lang='lat' dir='ltr'><strong><em>cum</em></strong></span> <span class='ocrx_word' id='word_1_517' title='bbox 2160 2385 2266 2437; x_wconf 88' lang='lat' dir='ltr'><strong><em>alia</em></strong></span> <span class='ocrx_word' id='word_1_518' title='bbox 2324 2386 2674 2455; x_wconf 81' lang='lat' dir='ltr'><strong><em>generatione</em></strong></span> <span class='ocrx_word' id='word_1_519' title='bbox 2730 2385 2932 2440; x_wconf 89' lang='lat' dir='ltr'><strong><em>habet?</em></strong></span> <span class='ocrx_word' id='word_1_520' title='bbox 2989 2385 3176 2438; x_wconf 87' lang='lat' dir='ltr'><strong><em>Solum</em></strong></span> <span class='ocrx_word' id='word_1_521' title='bbox 3232 2383 3379 2439; x_wconf 92' lang='lat' dir='ltr'><strong><em>enim</em></strong></span> <span class='ocrx_word' id='word_1_522' title='bbox 3428 2381 3574 2452; x_wconf 88' lang='lat' dir='ltr'><strong><em>quod</em></strong></span> 
     </span>
    </p>
   </div>
   <div class='ocr_carea' id='block_1_69' title="bbox 1998 2471 3576 2544">
    <p class='ocr_par' dir='ltr' id='par_1_69' title="bbox 1998 2471 3576 2544">
     <span class='ocr_line' id='line_1_69' title="bbox 1998 2471 3576 2544; baseline -0.003 -14"><span class='ocrx_word' id='word_1_523' title='bbox 1998 2476 2260 2530; x_wconf 74' lang='lat' dir='ltr'><strong><em>eximium</em></strong></span> <span class='ocrx_word' id='word_1_524' title='bbox 2295 2483 2348 2529; x_wconf 93' lang='lat' dir='ltr'><strong><em>et</em></strong></span> <span class='ocrx_word' id='word_1_525' title='bbox 2406 2475 2744 2544; x_wconf 56' lang='lat' dir='ltr'><strong><em>praecipuum</em></strong></span> <span class='ocrx_word' id='word_1_526' title='bbox 2779 2474 2834 2528; x_wconf 93' lang='lat' dir='ltr'><strong><em>in</em></strong></span> <span class='ocrx_word' id='word_1_527' title='bbox 2867 2472 3342 2544; x_wconf 84' lang='lat' dir='ltr'><strong><em>ipso-intelligitur</em></strong></span> <span class='ocrx_word' id='word_1_528' title='bbox 3367 2514 3383 2539; x_wconf 95' lang='lat'><strong><em>,</em></strong></span> <span class='ocrx_word' id='word_1_529' title='bbox 3427 2471 3576 2542; x_wconf 84' lang='lat' dir='ltr'><strong><em>quod</em></strong></span> 
     </span>
    </p>
   </div>
   <div class='ocr_carea' id='block_1_70' title="bbox 1998 2564 3577 2636">
    <p class='ocr_par' dir='ltr' id='par_1_70' title="bbox 1998 2564 3577 2636">
     <span class='ocr_line' id='line_1_70' title="bbox 1998 2564 3577 2636; baseline -0.003 -15"><span class='ocrx_word' id='word_1_530' title='bbox 1998 2584 2108 2622; x_wconf 89' lang='lat' dir='ltr'><strong><em>non</em></strong></span> <span class='ocrx_word' id='word_1_531' title='bbox 2135 2569 2190 2621; x_wconf 91' lang='lat' dir='ltr'><strong><em>in</em></strong></span> <span class='ocrx_word' id='word_1_532' title='bbox 2221 2567 2326 2620; x_wconf 89' lang='lat' dir='ltr'><strong><em>alia</em></strong></span> <span class='ocrx_word' id='word_1_533' title='bbox 2351 2567 2700 2636; x_wconf 84' lang='lat' dir='ltr'><strong><em>generatione</em></strong></span> <span class='ocrx_word' id='word_1_534' title='bbox 2719 2567 3089 2636; x_wconf 85' lang='lat' dir='ltr'><strong><em>cognoscitur,</em></strong></span> <span class='ocrx_word' id='word_1_535' title='bbox 3122 2564 3340 2635; x_wconf 88' lang='lat' dir='ltr'><strong><em>proprie</em></strong></span> <span class='ocrx_word' id='word_1_536' title='bbox 3367 2571 3420 2618; x_wconf 88' lang='lat' dir='ltr'><strong><em>ct</em></strong></span> <span class='ocrx_word' id='word_1_537' title='bbox 3442 2579 3577 2618; x_wconf 80' lang='lat' dir='ltr'><strong><em>con-</em></strong></span> 
     </span>
    </p>
   </div>
   <div class='ocr_carea' id='block_1_71' title="bbox 2001 2658 3574 2732">
    <p class='ocr_par' dir='ltr' id='par_1_71' title="bbox 2001 2658 3574 2732">
     <span class='ocr_line' id='line_1_71' title="bbox 2001 2658 3574 2732; baseline -0.004 -16"><span class='ocrx_word' id='word_1_538' title='bbox 2001 2670 2258 2731; x_wconf 79' lang='lat' dir='ltr'><strong><em>gruenter</em></strong></span> <span class='ocrx_word' id='word_1_539' title='bbox 2295 2660 2572 2732; x_wconf 88' lang='lat' dir='ltr'><strong><em>Unigeniti</em></strong></span> <span class='ocrx_word' id='word_1_540' title='bbox 2620 2659 2840 2714; x_wconf 89' lang='lat' dir='ltr'><strong><em>nomine</em></strong></span> <span class='ocrx_word' id='word_1_541' title='bbox 2890 2659 3234 2729; x_wconf 77' lang='lat' dir='ltr'><strong><em>signiﬁcatur</em></strong></span> <span class='ocrx_word' id='word_1_542' title='bbox 3266 2676 3279 2712; x_wconf 92' lang='lat'><strong>:</strong></span> <span class='ocrx_word' id='word_1_543' title='bbox 3317 2659 3390 2712; x_wconf 86' lang='lat' dir='ltr'><strong><em>ita</em></strong></span> <span class='ocrx_word' id='word_1_544' title='bbox 3434 2664 3492 2711; x_wconf 90' lang='lat' dir='ltr'><strong><em>ut</em></strong></span> <span class='ocrx_word' id='word_1_545' title='bbox 3527 2658 3574 2712; x_wconf 90' lang='lat' dir='ltr'><strong><em>si</em></strong></span> 
     </span>
    </p>
   </div>
   <div class='ocr_carea' id='block_1_72' title="bbox 2000 2747 3576 2824">
    <p class='ocr_par' dir='ltr' id='par_1_72' title="bbox 2000 2747 3576 2824">
     <span class='ocr_line' id='line_1_72' title="bbox 2000 2747 3576 2824; baseline -0.005 -15"><span class='ocrx_word' id='word_1_546' title='bbox 2000 2753 2132 2824; x_wconf 88' lang='lat' dir='ltr'><strong><em>quid</em></strong></span> <span class='ocrx_word' id='word_1_547' title='bbox 2161 2769 2228 2808; x_wconf 78' lang='lat' dir='ltr'><strong><em>ex</em></strong></span> <span class='ocrx_word' id='word_1_548' title='bbox 2260 2753 2330 2808; x_wconf 91' lang='lat' dir='ltr'><strong><em>iis</em></strong></span> <span class='ocrx_word' id='word_1_549' title='bbox 2367 2768 2490 2822; x_wconf 63' lang='lat' dir='ltr'><strong><em>qua:</em></strong></span> <span class='ocrx_word' id='word_1_550' title='bbox 2528 2753 2729 2806; x_wconf 91' lang='lat' dir='ltr'><strong><em>inﬁmae</em></strong></span> <span class='ocrx_word' id='word_1_551' title='bbox 2758 2749 3097 2821; x_wconf 89' lang='lat' dir='ltr'><strong><em>generationi</em></strong></span> <span class='ocrx_word' id='word_1_552' title='bbox 3143 2749 3477 2804; x_wconf 83' lang='lat' dir='ltr'><strong><em>conveniunt</em></strong></span> <span class='ocrx_word' id='word_1_553' title='bbox 3518 2747 3576 2802; x_wconf 88' lang='lat' dir='ltr'><strong><em>in</em></strong></span> 
     </span>
    </p>
   </div>
   <div class='ocr_carea' id='block_1_73' title="bbox 1997 2840 3578 2915">
    <p class='ocr_par' dir='ltr' id='par_1_73' title="bbox 1997 2840 3578 2915">
     <span class='ocr_line' id='line_1_73' title="bbox 1997 2840 3578 2915; baseline -0.004 -15"><span class='ocrx_word' id='word_1_554' title='bbox 1997 2847 2120 2915; x_wconf 91' lang='lat' dir='ltr'><strong><em>ipso</em></strong></span> <span class='ocrx_word' id='word_1_555' title='bbox 2153 2853 2450 2913; x_wconf 90' lang='lat' dir='ltr'><strong><em>spectetur,</em></strong></span> <span class='ocrx_word' id='word_1_556' title='bbox 2477 2858 2584 2897; x_wconf 91' lang='lat' dir='ltr'><strong><em>non</em></strong></span> <span class='ocrx_word' id='word_1_557' title='bbox 2618 2842 2858 2912; x_wconf 78' lang='lat' dir='ltr'><strong><em>amplius</em></strong></span> <span class='ocrx_word' id='word_1_558' title='bbox 2885 2841 2957 2896; x_wconf 89' lang='lat' dir='ltr'><strong><em>sit</em></strong></span> <span class='ocrx_word' id='word_1_559' title='bbox 3007 2840 3351 2911; x_wconf 83' lang='lat' dir='ltr'><strong><em>Unigenitus,</em></strong></span> <span class='ocrx_word' id='word_1_560' title='bbox 3389 2847 3578 2910; x_wconf 89' lang='lat' dir='ltr'><strong><em>utpote</em></strong></span> 
     </span>
    </p>
   </div>
   <div class='ocr_carea' id='block_1_74' title="bbox 1998 2928 3579 3006">
    <p class='ocr_par' dir='ltr' id='par_1_74' title="bbox 1998 2928 3579 3006">
     <span class='ocr_line' id='line_1_74' title="bbox 1998 2928 3579 3006; baseline -0.004 -17"><span class='ocrx_word' id='word_1_561' title='bbox 1998 2936 2090 3006; x_wconf 90' lang='lat' dir='ltr'><strong><em>qui</em></strong></span> <span class='ocrx_word' id='word_1_562' title='bbox 2118 2935 2391 3004; x_wconf 87' lang='lat' dir='ltr'><strong><em>aliquibus</em></strong></span> <span class='ocrx_word' id='word_1_563' title='bbox 2420 2931 2792 3004; x_wconf 78' lang='lat' dir='ltr'><strong><em>generationis</em></strong></span> <span class='ocrx_word' id='word_1_564' title='bbox 2821 2931 3247 3002; x_wconf 66' lang='lat' dir='ltr'><strong><em>proyrietatibus</em></strong></span> <span class='ocrx_word' id='word_1_565' title='bbox 3285 2944 3408 2984; x_wconf 91' lang='lat' dir='ltr'><strong><em>cum</em></strong></span> <span class='ocrx_word' id='word_1_566' title='bbox 3449 2928 3579 2985; x_wconf 89' lang='lat' dir='ltr'><strong><em>reli-</em></strong></span> 
     </span>
    </p>
   </div>
   <div class='ocr_carea' id='block_1_75' title="bbox 1999 3019 3578 3096">
    <p class='ocr_par' dir='ltr' id='par_1_75' title="bbox 1999 3019 3578 3096">
     <span class='ocr_line' id='line_1_75' title="bbox 1999 3019 3578 3096; baseline -0.004 -16"><span class='ocrx_word' id='word_1_567' title='bbox 1999 3027 2125 3096; x_wconf 86' lang='lat' dir='ltr'><strong><em>quis</em></strong></span> <span class='ocrx_word' id='word_1_568' title='bbox 2155 3025 2355 3095; x_wconf 81' lang='lat' dir='ltr'><strong><em>genitis</em></strong></span> <span class='ocrx_word' id='word_1_569' title='bbox 2384 3023 2748 3078; x_wconf 89' lang='lat' dir='ltr'><strong><em>communicet</em></strong></span> <span class='ocrx_word' id='word_1_570' title='bbox 2775 3039 2789 3076; x_wconf 90' lang='lat'><strong>:</strong></span> <span class='ocrx_word' id='word_1_571' title='bbox 2820 3022 2868 3077; x_wconf 89' lang='lat' dir='ltr'><strong><em>si</em></strong></span> <span class='ocrx_word' id='word_1_572' title='bbox 2897 3023 3043 3077; x_wconf 89' lang='lat' dir='ltr'><strong><em>enim</em></strong></span> <span class='ocrx_word' id='word_1_573' title='bbox 3075 3021 3262 3076; x_wconf 87' lang='lat' dir='ltr'><strong><em>eadem</em></strong></span> <span class='ocrx_word' id='word_1_574' title='bbox 3306 3021 3363 3075; x_wconf 91' lang='lat' dir='ltr'><strong><em>in</em></strong></span> <span class='ocrx_word' id='word_1_575' title='bbox 3395 3034 3460 3074; x_wconf 92' lang='lat' dir='ltr'><strong><em>eo</em></strong></span> <span class='ocrx_word' id='word_1_576' title='bbox 3495 3019 3578 3074; x_wconf 84' lang='lat' dir='ltr'><strong><em>di-</em></strong></span> 
     </span>
    </p>
   </div>
   <div class='ocr_carea' id='block_1_76' title="bbox 1998 3111 3575 3186">
    <p class='ocr_par' dir='ltr' id='par_1_76' title="bbox 1998 3111 3575 3186">
     <span class='ocr_line' id='line_1_76' title="bbox 1998 3111 3575 3186; baseline -0.005 -14"><span class='ocrx_word' id='word_1_577' title='bbox 1998 3127 2272 3182; x_wconf 89' lang='lat' dir='ltr'><strong><em>cerentur,</em></strong></span> <span class='ocrx_word' id='word_1_578' title='bbox 2326 3132 2445 3186; x_wconf 75' lang='lat' dir='ltr'><strong><em>qua:</em></strong></span> <span class='ocrx_word' id='word_1_579' title='bbox 2483 3116 2537 3169; x_wconf 92' lang='lat' dir='ltr'><strong><em>in</em></strong></span> <span class='ocrx_word' id='word_1_580' title='bbox 2577 3115 2697 3170; x_wconf 89' lang='lat' dir='ltr'><strong><em>aliis</em></strong></span> <span class='ocrx_word' id='word_1_581' title='bbox 2769 3131 2890 3185; x_wconf 69' lang='lat' dir='ltr'><strong><em>qua:</em></strong></span> <span class='ocrx_word' id='word_1_582' title='bbox 2933 3130 3031 3184; x_wconf 89' lang='lat' dir='ltr'><strong><em>per</em></strong></span> <span class='ocrx_word' id='word_1_583' title='bbox 3061 3113 3468 3183; x_wconf 87' lang='lat' dir='ltr'><strong><em>generationem</em></strong></span> <span class='ocrx_word' id='word_1_584' title='bbox 3519 3111 3575 3165; x_wconf 91' lang='lat' dir='ltr'><strong><em>in</em></strong></span> 
     </span>
    </p>
   </div>
   <div class='ocr_carea' id='block_1_77' title="bbox 2000 3205 3577 3277">
    <p class='ocr_par' dir='ltr' id='par_1_77' title="bbox 2000 3205 3577 3277">
     <span class='ocr_line' id='line_1_77' title="bbox 2000 3205 3577 3277; baseline -0.003 -14"><span class='ocrx_word' id='word_1_585' title='bbox 2000 3226 2183 3265; x_wconf 84' lang='lat' dir='ltr'><strong><em>rerum</em></strong></span> <span class='ocrx_word' id='word_1_586' title='bbox 2213 3208 2719 3277; x_wconf 87' lang='lat' dir='ltr'><strong><em>natura-prodeunt,</em></strong></span> <span class='ocrx_word' id='word_1_587' title='bbox 2751 3207 2817 3261; x_wconf 88' lang='lat' dir='ltr'><strong><em>ad</em></strong></span> <span class='ocrx_word' id='word_1_588' title='bbox 2854 3206 3154 3260; x_wconf 78' lang='lat' dir='ltr'><strong><em>fraternam</em></strong></span> <span class='ocrx_word' id='word_1_589' title='bbox 3196 3205 3436 3274; x_wconf 88' lang='lat' dir='ltr'><strong><em>aliquam</em></strong></span> <span class='ocrx_word' id='word_1_590' title='bbox 3488 3218 3577 3258; x_wconf 89' lang='lat' dir='ltr'><strong><em>re-</em></strong></span> 
     </span>
    </p>
   </div>
   <div class='ocr_carea' id='block_1_78' title="bbox 1988 3293 3574 3370">
    <p class='ocr_par' dir='ltr' id='par_1_78' title="bbox 1988 3293 3574 3370">
     <span class='ocr_line' id='line_1_78' title="bbox 1988 3293 3574 3370; baseline -0.005 -16"><span class='ocrx_word' id='word_1_591' title='bbox 1988 3302 2261 3356; x_wconf 76' lang='lat' dir='ltr'><strong><em>lationem</em></strong></span> <span class='ocrx_word' id='word_1_592' title='bbox 2291 3298 2569 3370; x_wconf 87' lang='lat' dir='ltr'><strong><em>Unigeniti</em></strong></span> <span class='ocrx_word' id='word_1_593' title='bbox 2618 3297 2985 3368; x_wconf 83' lang='lat' dir='ltr'><strong><em>signiﬁcatum</em></strong></span> <span class='ocrx_word' id='word_1_594' title='bbox 3013 3310 3194 3351; x_wconf 91' lang='lat' dir='ltr'><strong><em>sermo</em></strong></span> <span class='ocrx_word' id='word_1_595' title='bbox 3223 3293 3574 3349; x_wconf 83' lang='lat' dir='ltr'><strong><em>transferret.</em></strong></span> 
     </span>
    </p>
   </div>
   <div class='ocr_carea' id='block_1_79' title="bbox 1999 3386 3578 3459">
    <p class='ocr_par' dir='ltr' id='par_1_79' title="bbox 1999 3386 3578 3459">
     <span class='ocr_line' id='line_1_79' title="bbox 1999 3386 3578 3459; baseline -0.003 -17"><span class='ocrx_word' id='word_1_596' title='bbox 1999 3390 2179 3456; x_wconf 88' lang='lat' dir='ltr'><strong><em>Quare</em></strong></span> <span class='ocrx_word' id='word_1_597' title='bbox 2231 3389 2278 3444; x_wconf 92' lang='lat' dir='ltr'><strong><em>si</em></strong></span> <span class='ocrx_word' id='word_1_598' title='bbox 2327 3388 2474 3459; x_wconf 86' lang='lat' dir='ltr'><strong><em>quod</em></strong></span> <span class='ocrx_word' id='word_1_599' title='bbox 2525 3402 2651 3442; x_wconf 88' lang='lat' dir='ltr'><strong><em>cum</em></strong></span> <span class='ocrx_word' id='word_1_600' title='bbox 2701 3386 2823 3440; x_wconf 87' lang='lat' dir='ltr'><strong><em>aliis</em></strong></span> <span class='ocrx_word' id='word_1_601' title='bbox 2869 3401 2992 3456; x_wconf 64' lang='lat' dir='ltr'><strong><em>qua:</em></strong></span> <span class='ocrx_word' id='word_1_602' title='bbox 3020 3390 3370 3454; x_wconf 90' lang='lat' dir='ltr'><strong><em>generantur,</em></strong></span> <span class='ocrx_word' id='word_1_603' title='bbox 3402 3398 3578 3452; x_wconf 86' lang='lat' dir='ltr'><strong><em>neque</em></strong></span> 
     </span>
    </p>
   </div>
   <div class='ocr_carea' id='block_1_80' title="bbox 1999 3471 3578 3548">
    <p class='ocr_par' dir='ltr' id='par_1_80' title="bbox 1999 3471 3578 3548">
     <span class='ocr_line' id='line_1_80' title="bbox 1999 3471 3578 3548; baseline -0.006 -14"><span class='ocrx_word' id='word_1_604' title='bbox 1999 3481 2332 3544; x_wconf 84' lang='lat' dir='ltr'><strong><em>mistionem,</em></strong></span> <span class='ocrx_word' id='word_1_605' title='bbox 2360 3493 2536 3548; x_wconf 90' lang='lat' dir='ltr'><strong><em>neque</em></strong></span> <span class='ocrx_word' id='word_1_606' title='bbox 2564 3476 3003 3532; x_wconf 87' lang='lat' dir='ltr'><strong><em>communionem</em></strong></span> <span class='ocrx_word' id='word_1_607' title='bbox 3039 3475 3262 3544; x_wconf 88' lang='lat' dir='ltr'><strong><em>patitur,</em></strong></span> <span class='ocrx_word' id='word_1_608' title='bbox 3303 3471 3578 3543; x_wconf 88' lang='lat' dir='ltr'><strong><em>Unigeniti</em></strong></span> 
     </span>
    </p>
   </div>
   <div class='ocr_carea' id='block_1_81' title="bbox 1999 3563 3578 3640">
    <p class='ocr_par' dir='ltr' id='par_1_81' title="bbox 1999 3563 3578 3640">
     <span class='ocr_line' id='line_1_81' title="bbox 1999 3563 3578 3640; baseline -0.004 -16"><span class='ocrx_word' id='word_1_609' title='bbox 1999 3570 2364 3640; x_wconf 86' lang='lat' dir='ltr'><strong><em>signiﬁcatum</em></strong></span> <span class='ocrx_word' id='word_1_610' title='bbox 2383 3569 2645 3635; x_wconf 85' lang='lat' dir='ltr'><strong><em>ostendit,</em></strong></span> <span class='ocrx_word' id='word_1_611' title='bbox 2677 3567 2811 3621; x_wconf 86' lang='lat' dir='ltr'><strong><em>nihil</em></strong></span> <span class='ocrx_word' id='word_1_612' title='bbox 2839 3575 2988 3622; x_wconf 89' lang='lat' dir='ltr'><strong><em>certe</em></strong></span> <span class='ocrx_word' id='word_1_613' title='bbox 3019 3581 3206 3621; x_wconf 90' lang='lat' dir='ltr'><strong><em>eorum</em></strong></span> <span class='ocrx_word' id='word_1_614' title='bbox 3235 3580 3356 3634; x_wconf 78' lang='lat' dir='ltr'><strong><em>quae</em></strong></span> <span class='ocrx_word' id='word_1_615' title='bbox 3384 3565 3439 3618; x_wconf 90' lang='lat' dir='ltr'><strong><em>in</em></strong></span> <span class='ocrx_word' id='word_1_616' title='bbox 3468 3563 3578 3618; x_wconf 90' lang='lat' dir='ltr'><strong><em>ima</em></strong></span> 
     </span>
    </p>
   </div>
   <div class='ocr_carea' id='block_1_82' title="bbox 1997 3655 3579 3731">
    <p class='ocr_par' dir='ltr' id='par_1_82' title="bbox 1997 3655 3579 3731">
     <span class='ocr_line' id='line_1_82' title="bbox 1997 3655 3579 3731; baseline -0.003 -16"><span class='ocrx_word' id='word_1_617' title='bbox 1997 3663 2343 3731; x_wconf 86' lang='lat' dir='ltr'><strong><em>generatione</em></strong></span> <span class='ocrx_word' id='word_1_618' title='bbox 2392 3668 2712 3724; x_wconf 87' lang='lat' dir='ltr'><strong><em>cernuntur,</em></strong></span> <span class='ocrx_word' id='word_1_619' title='bbox 2754 3660 2808 3713; x_wconf 92' lang='lat' dir='ltr'><strong><em>in</em></strong></span> <span class='ocrx_word' id='word_1_620' title='bbox 2847 3659 3125 3730; x_wconf 89' lang='lat' dir='ltr'><strong><em>hypostasi</em></strong></span> <span class='ocrx_word' id='word_1_621' title='bbox 3155 3655 3314 3723; x_wconf 86' lang='lat' dir='ltr'><strong><em>Filii,</em></strong></span> <span class='ocrx_word' id='word_1_622' title='bbox 3346 3672 3472 3726; x_wconf 79' lang='lat' dir='ltr'><strong><em>quae</em></strong></span> <span class='ocrx_word' id='word_1_623' title='bbox 3508 3671 3579 3711; x_wconf 77' lang='lat' dir='ltr'><strong><em>ex</em></strong></span> 
     </span>
    </p>
   </div>
   <div class='ocr_carea' id='block_1_83' title="bbox 1997 3749 3577 3822">
    <p class='ocr_par' dir='ltr' id='par_1_83' title="bbox 1997 3749 3577 3822">
     <span class='ocr_line' id='line_1_83' title="bbox 1997 3749 3577 3822; baseline -0.001 -16"><span class='ocrx_word' id='word_1_624' title='bbox 1997 3753 2159 3808; x_wconf 81' lang='lat' dir='ltr'><strong><em>Patre</em></strong></span> <span class='ocrx_word' id='word_1_625' title='bbox 2191 3761 2311 3816; x_wconf 83' lang='lat' dir='ltr'><strong><em>est,</em></strong></span> <span class='ocrx_word' id='word_1_626' title='bbox 2365 3754 2594 3822; x_wconf 84' lang='lat' dir='ltr'><strong><em>intelligi</em></strong></span> <span class='ocrx_word' id='word_1_627' title='bbox 2645 3752 3016 3807; x_wconf 89' lang='lat' dir='ltr'><strong><em>admittemus.</em></strong></span> <span class='ocrx_word' id='word_1_628' title='bbox 3066 3750 3232 3821; x_wconf 82' lang='lat' dir='ltr'><strong><em>Atqui</em></strong></span> <span class='ocrx_word' id='word_1_629' title='bbox 3292 3749 3577 3820; x_wconf 88' lang='lat' dir='ltr'><strong><em>proprium</em></strong></span> 
     </span>
    </p>
   </div>
   <div class='ocr_carea' id='block_1_84' title="bbox 1997 3843 3580 3916">
    <p class='ocr_par' dir='ltr' id='par_1_84' title="bbox 1997 3843 3580 3916">
     <span class='ocr_line' id='line_1_84' title="bbox 1997 3843 3580 3916; baseline -0.004 -14"><span class='ocrx_word' id='word_1_630' title='bbox 1997 3857 2090 3903; x_wconf 90' lang='lat' dir='ltr'><strong><em>est-</em></strong></span> <span class='ocrx_word' id='word_1_631' title='bbox 2115 3848 2360 3901; x_wconf 85' lang='lat' dir='ltr'><strong><em>omnium</em></strong></span> <span class='ocrx_word' id='word_1_632' title='bbox 2391 3860 2514 3916; x_wconf 71' lang='lat' dir='ltr'><strong><em>quae</em></strong></span> <span class='ocrx_word' id='word_1_633' title='bbox 2539 3860 2634 3914; x_wconf 87' lang='lat' dir='ltr'><strong><em>per</em></strong></span> <span class='ocrx_word' id='word_1_634' title='bbox 2659 3845 3062 3916; x_wconf 87' lang='lat' dir='ltr'><strong><em>generationem</em></strong></span> <span class='ocrx_word' id='word_1_635' title='bbox 3089 3843 3421 3906; x_wconf 88' lang='lat' dir='ltr'><strong><em>subsistunt,</em></strong></span> <span class='ocrx_word' id='word_1_636' title='bbox 3455 3851 3580 3896; x_wconf 90' lang='lat' dir='ltr'><strong><em>ante</em></strong></span> 
     </span>
    </p>
   </div>
   <div class='ocr_carea' id='block_1_85' title="bbox 1999 3933 3579 4007">
    <p class='ocr_par' dir='ltr' id='par_1_85' title="bbox 1999 3933 3579 4007">
     <span class='ocr_line' id='line_1_85' title="bbox 1999 3933 3579 4007; baseline -0.004 -14"><span class='ocrx_word' id='word_1_637' title='bbox 1999 3938 2403 4007; x_wconf 84' lang='lat' dir='ltr'><strong><em>generationem</em></strong></span> <span class='ocrx_word' id='word_1_638' title='bbox 2462 3952 2571 3992; x_wconf 91' lang='lat' dir='ltr'><strong><em>non</em></strong></span> <span class='ocrx_word' id='word_1_639' title='bbox 2628 3951 2789 3996; x_wconf 84' lang='lat' dir='ltr'><strong><em>esse;</em></strong></span> <span class='ocrx_word' id='word_1_640' title='bbox 2840 3936 2945 3991; x_wconf 91' lang='lat' dir='ltr'><strong><em>hoc</em></strong></span> <span class='ocrx_word' id='word_1_641' title='bbox 2992 3935 3159 4005; x_wconf 82' lang='lat' dir='ltr'><strong><em>igitur</em></strong></span> <span class='ocrx_word' id='word_1_642' title='bbox 3217 3935 3454 3990; x_wconf 88' lang='lat' dir='ltr'><strong><em>alienum</em></strong></span> <span class='ocrx_word' id='word_1_643' title='bbox 3509 3933 3579 3987; x_wconf 89' lang='lat' dir='ltr'><strong><em>ab</em></strong></span> 
     </span>
    </p>
   </div>
   <div class='ocr_carea' id='block_1_86' title="bbox 2002 4028 3575 4100">
    <p class='ocr_par' dir='ltr' id='par_1_86' title="bbox 2002 4028 3575 4100">
     <span class='ocr_line' id='line_1_86' title="bbox 2002 4028 3575 4100; baseline -0.004 -15"><span class='ocrx_word' id='word_1_644' title='bbox 2002 4029 2283 4100; x_wconf 88' lang='lat' dir='ltr'><strong><em>Unigeniti</em></strong></span> <span class='ocrx_word' id='word_1_645' title='bbox 2318 4028 2671 4099; x_wconf 86' lang='lat' dir='ltr'><strong><em>proprietate,</em></strong></span> <span class='ocrx_word' id='word_1_646' title='bbox 2696 4029 2785 4084; x_wconf 90' lang='lat' dir='ltr'><strong><em>cui</em></strong></span> <span class='ocrx_word' id='word_1_647' title='bbox 2814 4028 2950 4082; x_wconf 90' lang='lat' dir='ltr'><strong><em>nihil</em></strong></span> <span class='ocrx_word' id='word_1_648' title='bbox 2978 4042 3174 4098; x_wconf 88' lang='lat' dir='ltr'><strong><em>vagum</em></strong></span> <span class='ocrx_word' id='word_1_649' title='bbox 3207 4035 3261 4081; x_wconf 91' lang='lat' dir='ltr'><strong><em>et</em></strong></span> <span class='ocrx_word' id='word_1_650' title='bbox 3286 4041 3575 4081; x_wconf 88' lang='lat' dir='ltr'><strong><em>erroneum</em></strong></span> 
     </span>
    </p>
   </div>
   <div class='ocr_carea' id='block_1_87' title="bbox 1999 4115 3580 4189">
    <p class='ocr_par' dir='ltr' id='par_1_87' title="bbox 1999 4115 3580 4189">
     <span class='ocr_line' id='line_1_87' title="bbox 1999 4115 3580 4189; baseline -0.004 -13"><span class='ocrx_word' id='word_1_651' title='bbox 1999 4122 2054 4176; x_wconf 91' lang='lat' dir='ltr'><strong><em>in</em></strong></span> <span class='ocrx_word' id='word_1_652' title='bbox 2107 4121 2216 4176; x_wconf 86' lang='lat' dir='ltr'><strong><em>ulla</em></strong></span> <span class='ocrx_word' id='word_1_653' title='bbox 2268 4119 2574 4177; x_wconf 90' lang='lat' dir='ltr'><strong><em>communis</em></strong></span> <span class='ocrx_word' id='word_1_654' title='bbox 2641 4119 3011 4189; x_wconf 86' lang='lat' dir='ltr'><strong><em>generationis</em></strong></span> <span class='ocrx_word' id='word_1_655' title='bbox 3073 4117 3256 4188; x_wconf 89' lang='lat' dir='ltr'><strong><em>specie</em></strong></span> <span class='ocrx_word' id='word_1_656' title='bbox 3303 4126 3358 4173; x_wconf 86' lang='lat' dir='ltr'><strong><em>et</em></strong></span> <span class='ocrx_word' id='word_1_657' title='bbox 3414 4115 3580 4170; x_wconf 88' lang='lat' dir='ltr'><strong><em>modo</em></strong></span> 
     </span>
    </p>
   </div>
   <div class='ocr_carea' id='block_1_88' title="bbox 1998 4209 3576 4282">
    <p class='ocr_par' dir='ltr' id='par_1_88' title="bbox 1998 4209 3576 4282">
     <span class='ocr_line' id='line_1_88' title="bbox 1998 4209 3576 4282; baseline -0.004 -15"><span class='ocrx_word' id='word_1_658' title='bbox 1998 4213 2190 4267; x_wconf 89' lang='lat' dir='ltr'><strong><em>adesse</em></strong></span> <span class='ocrx_word' id='word_1_659' title='bbox 2223 4220 2277 4267; x_wconf 86' lang='lat' dir='ltr'><strong><em>et</em></strong></span> <span class='ocrx_word' id='word_1_660' title='bbox 2311 4218 2621 4280; x_wconf 88' lang='lat' dir='ltr'><strong><em>competere</em></strong></span> <span class='ocrx_word' id='word_1_661' title='bbox 2650 4211 2935 4282; x_wconf 87' lang='lat' dir='ltr'><strong><em>Unigeniti</em></strong></span> <span class='ocrx_word' id='word_1_662' title='bbox 2987 4209 3280 4279; x_wconf 88' lang='lat' dir='ltr'><strong><em>appellatio</em></strong></span> <span class='ocrx_word' id='word_1_663' title='bbox 3321 4216 3576 4264; x_wconf 87' lang='lat' dir='ltr'><strong><em>testatur.</em></strong></span> 
     </span>
    </p>
   </div>
   <div class='ocr_carea' id='block_1_89' title="bbox 1999 4299 3578 4374">
    <p class='ocr_par' dir='ltr' id='par_1_89' title="bbox 1999 4299 3578 4374">
     <span class='ocr_line' id='line_1_89' title="bbox 1999 4299 3578 4374; baseline -0.004 -16"><span class='ocrx_word' id='word_1_664' title='bbox 1999 4304 2138 4374; x_wconf 83' lang='lat' dir='ltr'><strong><em>Ergo</em></strong></span> <span class='ocrx_word' id='word_1_665' title='bbox 2172 4305 2275 4358; x_wconf 91' lang='lat' dir='ltr'><strong><em>iste</em></strong></span> <span class='ocrx_word' id='word_1_666' title='bbox 2321 4303 2618 4358; x_wconf 89' lang='lat' dir='ltr'><strong><em>materialis</em></strong></span> <span class='ocrx_word' id='word_1_667' title='bbox 2661 4311 2714 4358; x_wconf 89' lang='lat' dir='ltr'><strong><em>et</em></strong></span> <span class='ocrx_word' id='word_1_668' title='bbox 2759 4302 2944 4358; x_wconf 90' lang='lat' dir='ltr'><strong><em>sensui</em></strong></span> <span class='ocrx_word' id='word_1_669' title='bbox 2993 4301 3201 4358; x_wconf 88' lang='lat' dir='ltr'><strong><em>amicus</em></strong></span> <span class='ocrx_word' id='word_1_670' title='bbox 3229 4299 3423 4355; x_wconf 88' lang='lat' dir='ltr'><strong><em>doctor</em></strong></span> <span class='ocrx_word' id='word_1_671' title='bbox 3450 4314 3578 4370; x_wconf 90' lang='lat' dir='ltr'><strong><em>per-</em></strong></span> 
     </span>
    </p>
   </div>
   <div class='ocr_carea' id='block_1_90' title="bbox 2000 4394 3580 4466">
    <p class='ocr_par' dir='ltr' id='par_1_90' title="bbox 2000 4394 3580 4466">
     <span class='ocr_line' id='line_1_90' title="bbox 2000 4394 3580 4466; baseline -0.005 -14"><span class='ocrx_word' id='word_1_672' title='bbox 2000 4398 2317 4460; x_wconf 86' lang='lat' dir='ltr'><strong><em>suadeatur,</em></strong></span> <span class='ocrx_word' id='word_1_673' title='bbox 2351 4411 2448 4466; x_wconf 85' lang='lat' dir='ltr'><strong><em>per</em></strong></span> <span class='ocrx_word' id='word_1_674' title='bbox 2476 4395 2640 4449; x_wconf 91' lang='lat' dir='ltr'><strong><em>aliam</em></strong></span> <span class='ocrx_word' id='word_1_675' title='bbox 2679 4394 3046 4466; x_wconf 84' lang='lat' dir='ltr'><strong><em>generationis</em></strong></span> <span class='ocrx_word' id='word_1_676' title='bbox 3077 4395 3310 4463; x_wconf 90' lang='lat' dir='ltr'><strong><em>speciem</em></strong></span> <span class='ocrx_word' id='word_1_677' title='bbox 3354 4406 3580 4448; x_wconf 88' lang='lat' dir='ltr'><strong><em>suarum</em></strong></span> 
     </span>
    </p>
   </div>
   <div class='ocr_carea' id='block_1_91' title="bbox 1998 4485 3582 4558">
    <p class='ocr_par' dir='ltr' id='par_1_91' title="bbox 1998 4485 3582 4558">
     <span class='ocr_line' id='line_1_91' title="bbox 1998 4485 3582 4558; baseline -0.001 -16"><span class='ocrx_word' id='word_1_678' title='bbox 1998 4489 2317 4558; x_wconf 84' lang='lat' dir='ltr'><strong><em>Opinionum</em></strong></span> <span class='ocrx_word' id='word_1_679' title='bbox 2370 4502 2566 4557; x_wconf 85' lang='lat' dir='ltr'><strong><em>vagum</em></strong></span> <span class='ocrx_word' id='word_1_680' title='bbox 2621 4501 2864 4542; x_wconf 90' lang='lat' dir='ltr'><strong><em>errorem</em></strong></span> <span class='ocrx_word' id='word_1_681' title='bbox 2915 4486 3227 4542; x_wconf 88' lang='lat' dir='ltr'><strong><em>emendare.</em></strong></span> <span class='ocrx_word' id='word_1_682' title='bbox 3282 4485 3388 4542; x_wconf 88' lang='lat' dir='ltr'><strong><em>Sed</em></strong></span> <span class='ocrx_word' id='word_1_683' title='bbox 3441 4486 3582 4541; x_wconf 82' lang='lat' dir='ltr'><strong><em>forte</em></strong></span> 
     </span>
    </p>
   </div>
   <div class='ocr_carea' id='block_1_92' title="bbox 323 4563 1898 4649">
    <p class='ocr_par' dir='ltr' id='par_1_92' title="bbox 323 4563 1896 4641">
     <span class='ocr_line' id='line_1_92' title="bbox 323 4563 1896 4641; baseline -0.006 -14"><span class='ocrx_word' id='word_1_684' title='bbox 323 4574 436 4627; x_wconf 80' lang='grc' dir='ltr'>ἀλλ’</span> <span class='ocrx_word' id='word_1_685' title='bbox 478 4576 604 4627; x_wconf 82' lang='grc' dir='ltr'>ὅταν</span> <span class='ocrx_word' id='word_1_686' title='bbox 633 4571 790 4625; x_wconf 86' lang='grc' dir='ltr'>τοῦτο</span> <span class='ocrx_word' id='word_1_687' title='bbox 817 4572 974 4641; x_wconf 76' lang='grc' dir='ltr'>εἴπῃς</span> <span class='ocrx_word' id='word_1_688' title='bbox 993 4611 1008 4634; x_wconf 96' lang='grc'><strong><em>,</em></strong></span> <span class='ocrx_word' id='word_1_689' title='bbox 1039 4569 1188 4631; x_wconf 78' lang='grc' dir='ltr'>οὐδὲν</span> <span class='ocrx_word' id='word_1_690' title='bbox 1217 4571 1315 4640; x_wconf 81' lang='grc' dir='ltr'><strong><em>τὴν</em></strong></span> <span class='ocrx_word' id='word_1_691' title='bbox 1338 4568 1494 4632; x_wconf 80' lang='grc' dir='ltr'>δόξαν</span> <span class='ocrx_word' id='word_1_692' title='bbox 1522 4568 1735 4629; x_wconf 82' lang='grc' dir='ltr'>πάντως</span> <span class='ocrx_word' id='word_1_693' title='bbox 1759 4563 1896 4619; x_wconf 79' lang='grc' dir='ltr'>εἶναι</span> 
     </span>
    </p>
   </div>
   <div class='ocr_carea' id='block_1_93' title="bbox 1998 4563 3576 4649">
    <p class='ocr_par' dir='ltr' id='par_1_93' title="bbox 1999 4576 3576 4648">
     <span class='ocr_line' id='line_1_93' title="bbox 1999 4576 3576 4648; baseline -0.004 -12"><span class='ocrx_word' id='word_1_694' title='bbox 1999 4582 2171 4644; x_wconf 90' lang='lat' dir='ltr'><strong><em>dices,</em></strong></span> <span class='ocrx_word' id='word_1_695' title='bbox 2196 4594 2320 4634; x_wconf 90' lang='lat' dir='ltr'><strong><em>cum</em></strong></span> <span class='ocrx_word' id='word_1_696' title='bbox 2352 4579 2696 4648; x_wconf 87' lang='lat' dir='ltr'><strong><em>splendorem</em></strong></span> <span class='ocrx_word' id='word_1_697' title='bbox 2731 4579 2916 4647; x_wconf 82' lang='lat' dir='ltr'><strong><em>gloriae</em></strong></span> <span class='ocrx_word' id='word_1_698' title='bbox 2945 4593 3000 4633; x_wconf 84' lang='grc' dir='ltr'><strong><em>ει</em></strong></span> <span class='ocrx_word' id='word_1_699' title='bbox 3037 4578 3298 4648; x_wconf 88' lang='lat' dir='ltr'><strong><em>unguenti</em></strong></span> <span class='ocrx_word' id='word_1_700' title='bbox 3352 4576 3576 4632; x_wconf 90' lang='lat' dir='ltr'><strong><em>odorem</em></strong></span> 
     </span>
    </p>
   </div>
   <div class='ocr_carea' id='block_1_94' title="bbox 322 4659 1898 4735">
    <p class='ocr_par' dir='ltr' id='par_1_94' title="bbox 322 4659 1898 4735">
     <span class='ocr_line' id='line_1_94' title="bbox 322 4659 1898 4735; baseline -0.004 -16"><span class='ocrx_word' id='word_1_701' title='bbox 322 4667 543 4729; x_wconf 76' lang='grc' dir='ltr'>δώσειςο</span> <span class='ocrx_word' id='word_1_702' title='bbox 575 4664 696 4719; x_wconf 74' lang='grc' dir='ltr'>οὔτε</span> <span class='ocrx_word' id='word_1_703' title='bbox 724 4665 783 4717; x_wconf 85' lang='grc' dir='ltr'><strong><em>τὸ</em></strong></span> <span class='ocrx_word' id='word_1_704' title='bbox 823 4664 1014 4735; x_wconf 81' lang='grc' dir='ltr'>μύρον,</span> <span class='ocrx_word' id='word_1_705' title='bbox 1045 4665 1106 4722; x_wconf 87' lang='grc' dir='ltr'><strong><em>οὑ</em></strong></span> <span class='ocrx_word' id='word_1_706' title='bbox 1138 4661 1243 4732; x_wconf 77' lang='grc' dir='ltr'><strong><em>γὰρ</em></strong></span> <span class='ocrx_word' id='word_1_707' title='bbox 1282 4661 1459 4714; x_wconf 74' lang='grc' dir='ltr'>ἐστιν’</span> <span class='ocrx_word' id='word_1_708' title='bbox 1494 4659 1526 4731; x_wconf 87' lang='grc' dir='ltr'>ἢ</span> <span class='ocrx_word' id='word_1_709' title='bbox 1568 4661 1772 4732; x_wconf 68' lang='grc' dir='ltr'>τυφλὴν</span> <span class='ocrx_word' id='word_1_710' title='bbox 1811 4659 1898 4729; x_wconf 67' lang='grc' dir='ltr'><strong><em>ἐφ’¹</em></strong></span> 
     </span>
    </p>
   </div>
   <div class='ocr_carea' id='block_1_95' title="bbox 325 4749 1923 4829">
    <p class='ocr_par' dir='ltr' id='par_1_95' title="bbox 325 4749 1923 4829">
     <span class='ocr_line' id='line_1_95' title="bbox 325 4749 1923 4829; baseline -0.004 -17"><span class='ocrx_word' id='word_1_711' title='bbox 325 4760 522 4829; x_wconf 77' lang='grc' dir='ltr'>ἑαυτῆς</span> <span class='ocrx_word' id='word_1_712' title='bbox 553 4761 646 4811; x_wconf 73' lang='grc' dir='ltr'><strong><em>καὶ</em></strong></span> <span class='ocrx_word' id='word_1_713' title='bbox 675 4757 902 4827; x_wconf 81' lang='grc' dir='ltr'>ἀλαμπῆ</span> <span class='ocrx_word' id='word_1_714' title='bbox 928 4773 1054 4809; x_wconf 91' lang='grc' dir='ltr'>ποτε</span> <span class='ocrx_word' id='word_1_715' title='bbox 1084 4755 1401 4826; x_wconf 84' lang='grc' dir='ltr'>νομισθῆναι</span> <span class='ocrx_word' id='word_1_716' title='bbox 1434 4755 1532 4820; x_wconf 80' lang='grc' dir='ltr'><strong><em>τὴν</em></strong></span> <span class='ocrx_word' id='word_1_717' title='bbox 1557 4754 1710 4820; x_wconf 80' lang='grc' dir='ltr'>δόξαν</span> <span class='ocrx_word' id='word_1_718' title='bbox 1734 4749 1923 4817; x_wconf 54' lang='grc' dir='ltr'>εἷναι,,</span> 
     </span>
    </p>
   </div>
   <div class='ocr_carea' id='block_1_96' title="bbox 324 4843 1897 4922">
    <p class='ocr_par' dir='ltr' id='par_1_96' title="bbox 324 4843 1897 4922">
     <span class='ocr_line' id='line_1_96' title="bbox 324 4843 1897 4922; baseline -0.005 -18"><span class='ocrx_word' id='word_1_719' title='bbox 324 4853 366 4922; x_wconf 84' lang='grc' dir='ltr'><strong><em>ἢ·</em></strong></span> <span class='ocrx_word' id='word_1_720' title='bbox 392 4852 452 4904; x_wconf 68' lang='grc' dir='ltr'>τὸ</span> <span class='ocrx_word' id='word_1_721' title='bbox 484 4849 654 4921; x_wconf 76' lang='grc' dir='ltr'>μῦρον</span> <span class='ocrx_word' id='word_1_722' title='bbox 686 4851 782 4920; x_wconf 71' lang='grc' dir='ltr'><strong><em>τῆς</em></strong></span> <span class='ocrx_word' id='word_1_723' title='bbox 824 4848 1077 4911; x_wconf 69' lang='grc' dir='ltr'>εὐπνοίας</span> <span class='ocrx_word' id='word_1_724' title='bbox 1109 4849 1321 4915; x_wconf 86' lang='grc' dir='ltr'>ἄγονον.</span> <span class='ocrx_word' id='word_1_725' title='bbox 1351 4849 1507 4901; x_wconf 83' lang='grc' dir='ltr'>Ὥστε</span> <span class='ocrx_word' id='word_1_726' title='bbox 1537 4848 1586 4898; x_wconf 86' lang='grc' dir='ltr'><strong><em>εί</em></strong></span> <span class='ocrx_word' id='word_1_727' title='bbox 1624 4846 1683 4898; x_wconf 82' lang='grc' dir='ltr'>τὸ</span> <span class='ocrx_word' id='word_1_728' title='bbox 1715 4843 1897 4899; x_wconf 81' lang='grc' dir='ltr'>ἀπαύ-</span> 
     </span>
    </p>
   </div>
   <div class='ocr_carea' id='block_1_97' title="bbox 323 4935 1896 5014">
    <p class='ocr_par' dir='ltr' id='par_1_97' title="bbox 323 4935 1896 5014">
     <span class='ocr_line' id='line_1_97' title="bbox 323 4935 1896 5014; baseline -0.003 -19"><span class='ocrx_word' id='word_1_729' title='bbox 323 4960 509 5012; x_wconf 88' lang='grc' dir='ltr'>γασμα</span> <span class='ocrx_word' id='word_1_730' title='bbox 527 4943 626 4996; x_wconf 87' lang='grc' dir='ltr'><strong><em>οὑκ</em></strong></span> <span class='ocrx_word' id='word_1_731' title='bbox 648 4938 734 5014; x_wconf 80' lang='grc' dir='ltr'>ἦν,</span> <span class='ocrx_word' id='word_1_732' title='bbox 763 4942 880 4995; x_wconf 80' lang='grc' dir='ltr'>οὑδὲ</span> <span class='ocrx_word' id='word_1_733' title='bbox 912 4943 946 5009; x_wconf 78' lang='grc' dir='ltr'><strong><em>ή</em></strong></span> <span class='ocrx_word' id='word_1_734' title='bbox 977 4940 1102 5003; x_wconf 78' lang='grc' dir='ltr'>δόξα</span> <span class='ocrx_word' id='word_1_735' title='bbox 1120 4935 1187 5010; x_wconf 76' lang='grc' dir='ltr'>ἦν</span> <span class='ocrx_word' id='word_1_736' title='bbox 1214 4940 1447 5001; x_wconf 79' lang='grc' dir='ltr'>πάντως.</span> <span class='ocrx_word' id='word_1_737' title='bbox 1478 4940 1584 4991; x_wconf 70' lang='grc' dir='ltr'>Καὶ</span> <span class='ocrx_word' id='word_1_738' title='bbox 1604 4940 1700 5008; x_wconf 76' lang='grc' dir='ltr'><strong><em>τῆς</em></strong></span> <span class='ocrx_word' id='word_1_739' title='bbox 1721 4939 1896 5008; x_wconf 82' lang='grc' dir='ltr'>ὀσμῆς</span> 
     </span>
    </p>
   </div>
   <div class='ocr_carea' id='block_1_98' title="bbox 323 5016 1896 5104">
    <p class='ocr_par' dir='ltr' id='par_1_98' title="bbox 323 5016 1896 5104">
     <span class='ocr_line' id='line_1_98' title="bbox 323 5016 1896 5104; baseline -0.004 -18"><span class='ocrx_word' id='word_1_740' title='bbox 323 5016 423 5087; x_wconf 86' lang='grc' dir='ltr'><strong><em>οὑκ</em></strong></span> <span class='ocrx_word' id='word_1_741' title='bbox 451 5032 636 5103; x_wconf 77' lang='grc' dir='ltr'>οὔσης,</span> <span class='ocrx_word' id='word_1_742' title='bbox 671 5033 732 5086; x_wconf 85' lang='grc' dir='ltr'><strong><em>τὸ</em></strong></span> <span class='ocrx_word' id='word_1_743' title='bbox 763 5033 896 5104; x_wconf 76' lang='grc' dir='ltr'>μηδὲ</span> <span class='ocrx_word' id='word_1_744' title='bbox 925 5032 986 5084; x_wconf 80' lang='grc' dir='ltr'><strong><em>τὸ</em></strong></span> <span class='ocrx_word' id='word_1_745' title='bbox 1014 5030 1182 5100; x_wconf 78' lang='grc' dir='ltr'>μύρον</span> <span class='ocrx_word' id='word_1_746' title='bbox 1212 5025 1350 5081; x_wconf 81' lang='grc' dir='ltr'>εἶναι</span> <span class='ocrx_word' id='word_1_747' title='bbox 1389 5028 1800 5098; x_wconf 83' lang='grc' dir='ltr'>συναπεδείχθῃ.</span> <span class='ocrx_word' id='word_1_748' title='bbox 1834 5029 1896 5079; x_wconf 84' lang='lat' dir='ltr'><strong>EI</strong></span> 
     </span>
    </p>
   </div>
   <div class='ocr_carea' id='block_1_99' title="bbox 322 5118 1907 5194">
    <p class='ocr_par' dir='ltr' id='par_1_99' title="bbox 322 5118 1907 5194">
     <span class='ocr_line' id='line_1_99' title="bbox 322 5118 1907 5194; baseline 0.001 -17"><span class='ocrx_word' id='word_1_749' title='bbox 322 5125 707 5194; x_wconf 32' lang='grc' dir='ltr'>δὲ-,φοϐεῖςτινα</span> <span class='ocrx_word' id='word_1_750' title='bbox 734 5124 906 5177; x_wconf 79' lang='grc' dir='ltr'>ταῦτα</span> <span class='ocrx_word' id='word_1_751' title='bbox 935 5122 1082 5192; x_wconf 87' lang='grc' dir='ltr'>παρὰ</span> <span class='ocrx_word' id='word_1_752' title='bbox 1104 5122 1202 5191; x_wconf 76' lang='grc' dir='ltr'>τῆς</span> <span class='ocrx_word' id='word_1_753' title='bbox 1231 5120 1452 5191; x_wconf 75' lang='grc' dir='ltr'>Γραφῆς</span> <span class='ocrx_word' id='word_1_754' title='bbox 1480 5118 1907 5190; x_wconf 61' lang='grc' dir='ltr'>παραληφθέντα.</span> 
     </span>
    </p>
   </div>
   <div class='ocr_carea' id='block_1_100' title="bbox 322 5211 1897 5288">
    <p class='ocr_par' dir='ltr' id='par_1_100' title="bbox 322 5211 1897 5288">
     <span class='ocr_line' id='line_1_100' title="bbox 322 5211 1897 5288; baseline -0.006 -17"><span class='ocrx_word' id='word_1_755' title='bbox 322 5220 392 5272; x_wconf 75' lang='grc' dir='ltr'><strong><em>τὰ</em></strong></span> <span class='ocrx_word' id='word_1_756' title='bbox 427 5218 818 5288; x_wconf 81' lang='grc' dir='ltr'>ὑποδείγματα,</span> <span class='ocrx_word' id='word_1_757' title='bbox 867 5217 943 5278; x_wconf 82' lang='grc' dir='ltr'><strong><em>ὡς</em></strong></span> <span class='ocrx_word' id='word_1_758' title='bbox 980 5216 1079 5267; x_wconf 88' lang='grc' dir='ltr'><strong><em>οὑκ</em></strong></span> <span class='ocrx_word' id='word_1_759' title='bbox 1117 5213 1358 5283; x_wconf 80' lang='grc' dir='ltr'>ἀκριϐῶς</span> <span class='ocrx_word' id='word_1_760' title='bbox 1394 5213 1456 5264; x_wconf 84' lang='grc' dir='ltr'><strong><em>τὸ</em></strong></span> <span class='ocrx_word' id='word_1_761' title='bbox 1491 5211 1773 5286; x_wconf 84' lang='grc' dir='ltr'>μεγαλεῖον</span> <span class='ocrx_word' id='word_1_762' title='bbox 1803 5211 1897 5262; x_wconf 80' lang='grc' dir='ltr'><strong><em>τοῦ</em></strong></span> 
     </span>
    </p>
   </div>
   <div class='ocr_carea' id='block_1_101' title="bbox 322 5298 1898 5378">
    <p class='ocr_par' dir='ltr' id='par_1_101' title="bbox 322 5298 1898 5378">
     <span class='ocr_line' id='line_1_101' title="bbox 322 5298 1898 5378; baseline -0.008 -14"><span class='ocrx_word' id='word_1_763' title='bbox 322 5309 659 5376; x_wconf 84' lang='grc' dir='ltr'>Μονογενοῦς</span> <span class='ocrx_word' id='word_1_764' title='bbox 697 5306 1064 5378; x_wconf 83' lang='grc' dir='ltr'>παριστῶντα,</span> <span class='ocrx_word' id='word_1_765' title='bbox 1098 5304 1274 5366; x_wconf 76' lang='grc' dir='ltr'>διὰτὸ</span> <span class='ocrx_word' id='word_1_766' title='bbox 1308 5302 1381 5374; x_wconf 83' lang='grc' dir='ltr'><strong><em>μή</em></strong></span> <span class='ocrx_word' id='word_1_767' title='bbox 1413 5302 1608 5356; x_wconf 80' lang='grc' dir='ltr'>ταύτὸν</span> <span class='ocrx_word' id='word_1_768' title='bbox 1643 5299 1780 5354; x_wconf 83' lang='grc' dir='ltr'>εἶναι</span> <span class='ocrx_word' id='word_1_769' title='bbox 1820 5298 1898 5370; x_wconf 82' lang='grc' dir='ltr'>τῷ</span> 
     </span>
    </p>
   </div>
   <div class='ocr_carea' id='block_1_102' title="bbox 325 5393 1897 5471">
    <p class='ocr_par' dir='ltr' id='par_1_102' title="bbox 325 5393 1897 5471">
     <span class='ocr_line' id='line_1_102' title="bbox 325 5393 1897 5471; baseline -0.008 -17"><span class='ocrx_word' id='word_1_770' title='bbox 325 5401 666 5471; x_wconf 71' lang='grc' dir='ltr'>ὑποκειμένῳ</span> <span class='ocrx_word' id='word_1_771' title='bbox 690 5399 830 5454; x_wconf 84' lang='grc' dir='ltr'><strong><em>κατά</em></strong></span> <span class='ocrx_word' id='word_1_772' title='bbox 856 5400 954 5468; x_wconf 83' lang='grc' dir='ltr'>τὴν</span> <span class='ocrx_word' id='word_1_773' title='bbox 984 5397 1190 5460; x_wconf 85' lang='grc' dir='ltr'>οὐσίαν,</span> <span class='ocrx_word' id='word_1_774' title='bbox 1223 5397 1255 5469; x_wconf 85' lang='grc' dir='ltr'>ἢ</span> <span class='ocrx_word' id='word_1_775' title='bbox 1288 5396 1378 5448; x_wconf 80' lang='grc' dir='ltr'><strong><em>τὸν</em></strong></span> <span class='ocrx_word' id='word_1_776' title='bbox 1416 5396 1586 5464; x_wconf 75' lang='grc' dir='ltr'>ἀτμὸν</span> <span class='ocrx_word' id='word_1_777' title='bbox 1615 5393 1690 5463; x_wconf 81' lang='grc' dir='ltr'>τῷ</span> <span class='ocrx_word' id='word_1_778' title='bbox 1720 5393 1897 5463; x_wconf 79' lang='grc' dir='ltr'>μύρῳ,</span> 
     </span>
    </p>
   </div>
   <div class='ocr_carea' id='block_1_103' title="bbox 322 5485 1900 5563">
    <p class='ocr_par' dir='ltr' id='par_1_103' title="bbox 322 5485 1900 5563">
     <span class='ocr_line' id='line_1_103' title="bbox 322 5485 1900 5563; baseline -0.004 -17"><span class='ocrx_word' id='word_1_779' title='bbox 322 5493 354 5562; x_wconf 80' lang='grc' dir='ltr'>ἣ</span> <span class='ocrx_word' id='word_1_780' title='bbox 378 5492 474 5563; x_wconf 84' lang='grc' dir='ltr'>τὴν</span> <span class='ocrx_word' id='word_1_781' title='bbox 503 5495 696 5545; x_wconf 81' lang='grc' dir='ltr'>ἀκτῖνα</span> <span class='ocrx_word' id='word_1_782' title='bbox 826 5490 978 5562; x_wconf 78' lang='grc' dir='ltr'>ἡλίῳ,</span> <span class='ocrx_word' id='word_1_783' title='bbox 999 5493 1028 5543; x_wconf 89' lang='lat'><strong><em>6</em></strong></span> <span class='ocrx_word' id='word_1_784' title='bbox 1055 5489 1306 5559; x_wconf 83' lang='grc' dir='ltr'>ἀληθινὸς</span> <span class='ocrx_word' id='word_1_785' title='bbox 1319 5489 1490 5556; x_wconf 83' lang='grc' dir='ltr'>Λόγος</span> <span class='ocrx_word' id='word_1_786' title='bbox 1513 5485 1900 5556; x_wconf 71' lang='grc' dir='ltr'>διορθωσὰσθω</span> 
     </span>
    </p>
   </div>
   <div class='ocr_carea' id='block_1_104' title="bbox 322 5577 1898 5654">
    <p class='ocr_par' dir='ltr' id='par_1_104' title="bbox 322 5577 1898 5654">
     <span class='ocr_line' id='line_1_104' title="bbox 322 5577 1898 5654; baseline -0.003 -20"><span class='ocrx_word' id='word_1_787' title='bbox 322 5582 612 5651; x_wconf 69' lang='grc' dir='ltr'>τὸνφόϐον,</span> <span class='ocrx_word' id='word_1_788' title='bbox 638 5584 666 5634; x_wconf 82' lang='lat'><strong><em>6</em></strong></span> <span class='ocrx_word' id='word_1_789' title='bbox 697 5585 754 5635; x_wconf 74' lang='grc' dir='ltr'>ὲν</span> <span class='ocrx_word' id='word_1_790' title='bbox 779 5585 843 5653; x_wconf 80' lang='grc' dir='ltr'>τῇ</span> <span class='ocrx_word' id='word_1_791' title='bbox 869 5585 1008 5654; x_wconf 80' lang='grc' dir='ltr'>ἀρχῇ</span> <span class='ocrx_word' id='word_1_792' title='bbox 1035 5581 1129 5646; x_wconf 80' lang='grc' dir='ltr'><strong><em>ὢν,</em></strong></span> <span class='ocrx_word' id='word_1_793' title='bbox 1163 5583 1257 5635; x_wconf 61' lang='grc' dir='ltr'>καὶ</span> <span class='ocrx_word' id='word_1_794' title='bbox 1288 5582 1459 5634; x_wconf 81' lang='grc' dir='ltr'>πάντα</span> <span class='ocrx_word' id='word_1_795' title='bbox 1489 5578 1585 5644; x_wconf 82' lang='grc' dir='ltr'><strong><em>ὢν,</em></strong></span> <span class='ocrx_word' id='word_1_796' title='bbox 1620 5579 1719 5632; x_wconf 87' lang='grc' dir='ltr'><strong><em>ὃσα</em></strong></span> <span class='ocrx_word' id='word_1_797' title='bbox 1753 5577 1898 5630; x_wconf 71' lang='grc' dir='ltr'>ἐστιν</span> 
     </span>
    </p>
   </div>
   <div class='ocr_carea' id='block_1_105' title="bbox 324 5669 1898 5750">
    <p class='ocr_par' dir='ltr' id='par_1_105' title="bbox 324 5669 1898 5750">
     <span class='ocr_line' id='line_1_105' title="bbox 324 5669 1898 5750; baseline -0.007 -19"><span class='ocrx_word' id='word_1_798' title='bbox 324 5679 358 5744; x_wconf 80' lang='grc' dir='ltr'>ἡ</span> <span class='ocrx_word' id='word_1_799' title='bbox 380 5678 546 5750; x_wconf 83' lang='grc' dir='ltr'>ἀρχὴ,</span> <span class='ocrx_word' id='word_1_800' title='bbox 598 5677 692 5728; x_wconf 71' lang='grc' dir='ltr'><strong><em>καὶ</em></strong></span> <span class='ocrx_word' id='word_1_801' title='bbox 732 5675 821 5728; x_wconf 85' lang='grc' dir='ltr'><strong><em>τοῦ</em></strong></span> <span class='ocrx_word' id='word_1_802' title='bbox 850 5677 1048 5738; x_wconf 72' lang='grc' dir='ltr'>παντὸς</span> <span class='ocrx_word' id='word_1_803' title='bbox 1094 5675 1482 5745; x_wconf 75' lang='grc' dir='ltr'>προῦπάρχων,</span> <span class='ocrx_word' id='word_1_804' title='bbox 1536 5671 1706 5734; x_wconf 82' lang='grc' dir='ltr'>οὑτως</span> <span class='ocrx_word' id='word_1_805' title='bbox 1737 5671 1794 5722; x_wconf 85' lang='grc' dir='ltr'><strong><em>ἐν</em></strong></span> <span class='ocrx_word' id='word_1_806' title='bbox 1823 5669 1898 5740; x_wconf 81' lang='grc' dir='ltr'>τῷ</span> 
     </span>
    </p>
   </div>
   <div class='ocr_carea' id='block_1_106' title="bbox 323 5765 1900 5836">
    <p class='ocr_par' dir='ltr' id='par_1_106' title="bbox 323 5765 1900 5836">
     <span class='ocr_line' id='line_1_106' title="bbox 323 5765 1900 5836; baseline -0.001 -18"><span class='ocrx_word' id='word_1_807' title='bbox 323 5767 637 5834; x_wconf 73' lang='grc' dir='ltr'>κηρύγματι</span> <span class='ocrx_word' id='word_1_808' title='bbox 658 5767 748 5818; x_wconf 87' lang='grc' dir='ltr'><strong><em>τοῦ</em></strong></span> <span class='ocrx_word' id='word_1_809' title='bbox 785 5768 1029 5819; x_wconf 73' lang='grc' dir='ltr'>Ἰωάννου</span> <span class='ocrx_word' id='word_1_810' title='bbox 1054 5765 1363 5836; x_wconf 80' lang='grc' dir='ltr'>βοήσαντος,</span> <span class='ocrx_word' id='word_1_811' title='bbox 1388 5767 1468 5818; x_wconf 80' lang='grc' dir='ltr'><strong><em>ὅτι</em></strong></span> <span class='ocrx_word' id='word_1_812' title='bbox 1495 5765 1605 5819; x_wconf 81' lang='grc' dir='ltr'><strong><em>Καὶ</em></strong></span> <span class='ocrx_word' id='word_1_813' title='bbox 1626 5766 1774 5833; x_wconf 75' lang='grc' dir='ltr'>πρὸς</span> <span class='ocrx_word' id='word_1_814' title='bbox 1795 5765 1900 5817; x_wconf 73' lang='grc' dir='ltr'><strong><em>τὸν</em></strong></span> 
     </span>
    </p>
   </div>
   <div class='ocr_carea' id='block_1_107' title="bbox 319 5853 1898 5931">
    <p class='ocr_par' dir='ltr' id='par_1_107' title="bbox 319 5853 1898 5931">
     <span class='ocr_line' id='line_1_107' title="bbox 319 5853 1898 5931; baseline 0.002 -23"><span class='ocrx_word' id='word_1_815' title='bbox 319 5855 466 5909; x_wconf 69' lang='grc' dir='ltr'><strong><em>Θεὸν</em></strong></span> <span class='ocrx_word' id='word_1_816' title='bbox 496 5853 571 5931; x_wconf 74' lang='grc' dir='ltr'><em>ἦν</em></span> <span class='ocrx_word' id='word_1_817' title='bbox 597 5862 628 5915; x_wconf 84' lang='grc' dir='ltr'><em>ὁ</em></span> <span class='ocrx_word' id='word_1_818' title='bbox 650 5864 855 5930; x_wconf 61' lang='grc' dir='ltr'>Λόγος,</span> <span class='ocrx_word' id='word_1_819' title='bbox 880 5860 971 5914; x_wconf 73' lang='grc' dir='ltr'>καὶ</span> <span class='ocrx_word' id='word_1_820' title='bbox 1006 5859 1147 5926; x_wconf 73' lang='grc' dir='ltr'>Θεὸς</span> <span class='ocrx_word' id='word_1_821' title='bbox 1165 5856 1243 5930; x_wconf 70' lang='grc' dir='ltr'><strong><em>ἦν</em></strong></span> <span class='ocrx_word' id='word_1_822' title='bbox 1269 5863 1299 5914; x_wconf 85' lang='lat' dir='ltr'><strong><em>o&#39;</em></strong></span> <span class='ocrx_word' id='word_1_823' title='bbox 1328 5861 1535 5928; x_wconf 79' lang='grc' dir='ltr'>Λόγος.</span> <span class='ocrx_word' id='word_1_824' title='bbox 1562 5861 1624 5914; x_wconf 83' lang='grc' dir='ltr'>Εἰ</span> <span class='ocrx_word' id='word_1_825' title='bbox 1648 5856 1739 5913; x_wconf 71' lang='grc' dir='ltr'><strong><em>οὖν</em></strong></span> <span class='ocrx_word' id='word_1_826' title='bbox 1768 5860 1898 5921; x_wconf 64' lang='grc' dir='ltr'>Θεὸς</span> 
     </span>
    </p>
   </div>
   <div class='ocr_carea' id='block_1_108' title="bbox 1997 4667 3577 4739">
    <p class='ocr_par' dir='ltr' id='par_1_108' title="bbox 1997 4667 3577 4739">
     <span class='ocr_line' id='line_1_108' title="bbox 1997 4667 3577 4739; baseline -0.001 -15"><span class='ocrx_word' id='word_1_827' title='bbox 1997 4670 2177 4733; x_wconf 84' lang='lat' dir='ltr'><strong><em>audis,</em></strong></span> <span class='ocrx_word' id='word_1_828' title='bbox 2210 4667 2354 4739; x_wconf 85' lang='lat' dir='ltr'><strong><em>quod</em></strong></span> <span class='ocrx_word' id='word_1_829' title='bbox 2380 4684 2487 4722; x_wconf 92' lang='lat' dir='ltr'><strong><em>non</em></strong></span> <span class='ocrx_word' id='word_1_830' title='bbox 2519 4677 2637 4724; x_wconf 87' lang='lat' dir='ltr'><strong><em>erat</em></strong></span> <span class='ocrx_word' id='word_1_831' title='bbox 2669 4669 2926 4737; x_wconf 85' lang='lat' dir='ltr'><strong><em>splendor</em></strong></span> <span class='ocrx_word' id='word_1_832' title='bbox 2955 4675 3084 4723; x_wconf 88' lang='lat' dir='ltr'><strong><em>ante</em></strong></span> <span class='ocrx_word' id='word_1_833' title='bbox 3106 4668 3378 4738; x_wconf 86' lang='lat' dir='ltr'><strong><em>propriam</em></strong></span> <span class='ocrx_word' id='word_1_834' title='bbox 3415 4683 3577 4737; x_wconf 61' lang='lat' dir='ltr'><strong><em>geuev</em></strong></span> 
     </span>
    </p>
   </div>
   <div class='ocr_carea' id='block_1_109' title="bbox 1997 4760 3581 4829">
    <p class='ocr_par' dir='ltr' id='par_1_109' title="bbox 1997 4760 3581 4829">
     <span class='ocr_line' id='line_1_109' title="bbox 1997 4760 3581 4829; baseline -0.003 -13"><span class='ocrx_word' id='word_1_835' title='bbox 1997 4765 2294 4829; x_wconf 87' lang='lat' dir='ltr'><strong><em>rationem;</em></strong></span> <span class='ocrx_word' id='word_1_836' title='bbox 2325 4761 2584 4818; x_wconf 88' lang='lat' dir='ltr'><strong><em>sed.cum</em></strong></span> <span class='ocrx_word' id='word_1_837' title='bbox 2619 4761 2722 4815; x_wconf 90' lang='lat' dir='ltr'><strong><em>hoc</em></strong></span> <span class='ocrx_word' id='word_1_838' title='bbox 2753 4760 2982 4826; x_wconf 81' lang='lat' dir='ltr'><strong><em>dixeris,</em></strong></span> <span class='ocrx_word' id='word_1_839' title='bbox 3017 4761 3154 4815; x_wconf 91' lang='lat' dir='ltr'><strong><em>nihil</em></strong></span> <span class='ocrx_word' id='word_1_840' title='bbox 3185 4772 3412 4829; x_wconf 86' lang='lat' dir='ltr'><strong><em>prorsus</em></strong></span> <span class='ocrx_word' id='word_1_841' title='bbox 3457 4772 3581 4812; x_wconf 87' lang='lat' dir='ltr'><strong><em>esse</em></strong></span> 
     </span>
    </p>
   </div>
   <div class='ocr_carea' id='block_1_110' title="bbox 1999 4849 3577 4925">
    <p class='ocr_par' dir='ltr' id='par_1_110' title="bbox 1999 4849 3577 4925">
     <span class='ocr_line' id='line_1_110' title="bbox 1999 4849 3577 4925; baseline -0.003 -18"><span class='ocrx_word' id='word_1_842' title='bbox 1999 4853 2226 4925; x_wconf 88' lang='lat' dir='ltr'><strong><em>gloriam</em></strong></span> <span class='ocrx_word' id='word_1_843' title='bbox 2261 4853 2420 4908; x_wconf 85' lang='lat' dir='ltr'><strong><em>dabis</em></strong></span> <span class='ocrx_word' id='word_1_844' title='bbox 2453 4892 2467 4918; x_wconf 92' lang='lat'><strong><em>,</em></strong></span> <span class='ocrx_word' id='word_1_845' title='bbox 2501 4867 2679 4922; x_wconf 88' lang='lat' dir='ltr'><strong><em>neque</em></strong></span> <span class='ocrx_word' id='word_1_846' title='bbox 2710 4859 3069 4921; x_wconf 87' lang='lat' dir='ltr'><strong><em>unguentum,</em></strong></span> <span class='ocrx_word' id='word_1_847' title='bbox 3118 4865 3230 4904; x_wconf 88' lang='lat' dir='ltr'><strong><em>non</em></strong></span> <span class='ocrx_word' id='word_1_848' title='bbox 3270 4849 3414 4904; x_wconf 91' lang='lat' dir='ltr'><strong><em>enim</em></strong></span> <span class='ocrx_word' id='word_1_849' title='bbox 3447 4857 3532 4903; x_wconf 87' lang='lat' dir='ltr'><strong><em>est</em></strong></span> <span class='ocrx_word' id='word_1_850' title='bbox 3564 4867 3577 4902; x_wconf 94' lang='lat'>:</span> 
     </span>
    </p>
   </div>
   <div class='ocr_carea' id='block_1_111' title="bbox 1997 4939 3580 5016">
    <p class='ocr_par' dir='ltr' id='par_1_111' title="bbox 1997 4939 3580 5016">
     <span class='ocr_line' id='line_1_111' title="bbox 1997 4939 3580 5016; baseline -0.008 -12"><span class='ocrx_word' id='word_1_851' title='bbox 1997 4951 2081 5006; x_wconf 82' lang='lat' dir='ltr'><strong><em>vel</em></strong></span> <span class='ocrx_word' id='word_1_852' title='bbox 2112 4963 2312 5004; x_wconf 68' lang='lat' dir='ltr'><strong><em>caecam</em></strong></span> <span class='ocrx_word' id='word_1_853' title='bbox 2349 4948 2402 5001; x_wconf 94' lang='lat' dir='ltr'><strong><em>in</em></strong></span> <span class='ocrx_word' id='word_1_854' title='bbox 2451 4946 2634 5016; x_wconf 89' lang='lat' dir='ltr'><strong><em>seipsa</em></strong></span> <span class='ocrx_word' id='word_1_855' title='bbox 2680 4953 2732 5001; x_wconf 85' lang='lat' dir='ltr'><strong><em>et</em></strong></span> <span class='ocrx_word' id='word_1_856' title='bbox 2784 4945 2905 5000; x_wconf 90' lang='lat' dir='ltr'><strong><em>luce</em></strong></span> <span class='ocrx_word' id='word_1_857' title='bbox 2958 4951 3236 4998; x_wconf 91' lang='lat' dir='ltr'><strong><em>carentem</em></strong></span> <span class='ocrx_word' id='word_1_858' title='bbox 3284 4939 3580 5010; x_wconf 86' lang='lat' dir='ltr'><strong><em>aliquando</em></strong></span> 
     </span>
    </p>
   </div>
   <div class='ocr_carea' id='block_1_112' title="bbox 1999 5032 3582 5105">
    <p class='ocr_par' dir='ltr' id='par_1_112' title="bbox 1999 5032 3582 5105">
     <span class='ocr_line' id='line_1_112' title="bbox 1999 5032 3582 5105; baseline -0.004 -10"><span class='ocrx_word' id='word_1_859' title='bbox 1999 5041 2171 5096; x_wconf 82' lang='lat' dir='ltr'><strong><em>fuisse</em></strong></span> <span class='ocrx_word' id='word_1_860' title='bbox 2207 5039 2434 5104; x_wconf 80' lang='lat' dir='ltr'><strong><em>gloriam</em></strong></span> <span class='ocrx_word' id='word_1_861' title='bbox 2458 5035 2904 5102; x_wconf 74' lang='lat' dir='ltr'><strong><em>existimandum,</em></strong></span> <span class='ocrx_word' id='word_1_862' title='bbox 2926 5037 3011 5091; x_wconf 90' lang='lat' dir='ltr'><strong><em>vel</em></strong></span> <span class='ocrx_word' id='word_1_863' title='bbox 3035 5044 3368 5105; x_wconf 85' lang='lat' dir='ltr'><strong><em>unguentum</em></strong></span> <span class='ocrx_word' id='word_1_864' title='bbox 3395 5032 3582 5090; x_wconf 89' lang='lat' dir='ltr'><strong><em>suavis</em></strong></span> 
     </span>
    </p>
   </div>
   <div class='ocr_carea' id='block_1_113' title="bbox 1998 5127 3580 5202">
    <p class='ocr_par' dir='ltr' id='par_1_113' title="bbox 1998 5127 3580 5202">
     <span class='ocr_line' id='line_1_113' title="bbox 1998 5127 3580 5202; baseline -0.006 -15"><span class='ocrx_word' id='word_1_865' title='bbox 1998 5131 2390 5202; x_wconf 80' lang='lat' dir='ltr'><strong><em>exspirationis</em></strong></span> <span class='ocrx_word' id='word_1_866' title='bbox 2437 5131 2644 5186; x_wconf 89' lang='lat' dir='ltr'><strong><em>sterile.</em></strong></span> <span class='ocrx_word' id='word_1_867' title='bbox 2695 5129 2875 5196; x_wconf 87' lang='lat' dir='ltr'><strong><em>Quare</em></strong></span> <span class='ocrx_word' id='word_1_868' title='bbox 2915 5130 2963 5181; x_wconf 92' lang='lat' dir='ltr'><strong><em>si</em></strong></span> <span class='ocrx_word' id='word_1_869' title='bbox 3013 5127 3273 5197; x_wconf 91' lang='lat' dir='ltr'><strong><em>splendor</em></strong></span> <span class='ocrx_word' id='word_1_870' title='bbox 3296 5143 3408 5181; x_wconf 91' lang='lat' dir='ltr'><strong><em>non</em></strong></span> <span class='ocrx_word' id='word_1_871' title='bbox 3439 5136 3580 5190; x_wconf 85' lang='lat' dir='ltr'><strong><em>erat,</em></strong></span> 
     </span>
    </p>
   </div>
   <div class='ocr_carea' id='block_1_114' title="bbox 1999 5219 3583 5293">
    <p class='ocr_par' dir='ltr' id='par_1_114' title="bbox 1999 5219 3583 5293">
     <span class='ocr_line' id='line_1_114' title="bbox 1999 5219 3583 5293; baseline -0.003 -16"><span class='ocrx_word' id='word_1_872' title='bbox 1999 5239 2176 5293; x_wconf 87' lang='lat' dir='ltr'><strong><em>neque</em></strong></span> <span class='ocrx_word' id='word_1_873' title='bbox 2195 5224 2368 5292; x_wconf 88' lang='lat' dir='ltr'><strong><em>gloria</em></strong></span> <span class='ocrx_word' id='word_1_874' title='bbox 2396 5230 2516 5277; x_wconf 91' lang='lat' dir='ltr'><strong><em>erat</em></strong></span> <span class='ocrx_word' id='word_1_875' title='bbox 2541 5222 2786 5276; x_wconf 91' lang='lat' dir='ltr'><strong><em>omnino.</em></strong></span> <span class='ocrx_word' id='word_1_876' title='bbox 2814 5222 2879 5274; x_wconf 88' lang='lat' dir='ltr'><strong><em>Et</em></strong></span> <span class='ocrx_word' id='word_1_877' title='bbox 2901 5222 2946 5276; x_wconf 90' lang='lat' dir='ltr'><strong><em>si</em></strong></span> <span class='ocrx_word' id='word_1_878' title='bbox 2973 5219 3108 5274; x_wconf 89' lang='lat' dir='ltr'><strong><em>odor</em></strong></span> <span class='ocrx_word' id='word_1_879' title='bbox 3135 5235 3246 5274; x_wconf 91' lang='lat' dir='ltr'><strong><em>non</em></strong></span> <span class='ocrx_word' id='word_1_880' title='bbox 3273 5228 3377 5282; x_wconf 88' lang='lat' dir='ltr'><strong><em>est,</em></strong></span> <span class='ocrx_word' id='word_1_881' title='bbox 3404 5233 3583 5287; x_wconf 88' lang='lat' dir='ltr'><strong><em>neque</em></strong></span> 
     </span>
    </p>
   </div>
   <div class='ocr_carea' id='block_1_115' title="bbox 2001 5306 3580 5382">
    <p class='ocr_par' dir='ltr' id='par_1_115' title="bbox 2001 5306 3580 5382">
     <span class='ocr_line' id='line_1_115' title="bbox 2001 5306 3580 5382; baseline -0.003 -16"><span class='ocrx_word' id='word_1_882' title='bbox 2001 5320 2341 5382; x_wconf 86' lang='lat' dir='ltr'><strong><em>unguentum</em></strong></span> <span class='ocrx_word' id='word_1_883' title='bbox 2365 5327 2488 5366; x_wconf 89' lang='lat' dir='ltr'><strong><em>esse</em></strong></span> <span class='ocrx_word' id='word_1_884' title='bbox 2524 5327 2670 5366; x_wconf 91' lang='lat' dir='ltr'><strong><em>nunc</em></strong></span> <span class='ocrx_word' id='word_1_885' title='bbox 2703 5311 3136 5365; x_wconf 89' lang='lat' dir='ltr'><strong><em>demonstratum</em></strong></span> <span class='ocrx_word' id='word_1_886' title='bbox 3176 5316 3281 5363; x_wconf 85' lang='lat' dir='ltr'><strong><em>est.</em></strong></span> <span class='ocrx_word' id='word_1_887' title='bbox 3331 5306 3488 5374; x_wconf 89' lang='lat' dir='ltr'><strong><em>Quod</em></strong></span> <span class='ocrx_word' id='word_1_888' title='bbox 3531 5307 3580 5362; x_wconf 85' lang='lat' dir='ltr'><strong><em>si</em></strong></span> 
     </span>
    </p>
   </div>
   <div class='ocr_carea' id='block_1_116' title="bbox 1999 5398 3583 5471">
    <p class='ocr_par' dir='ltr' id='par_1_116' title="bbox 1999 5398 3583 5471">
     <span class='ocr_line' id='line_1_116' title="bbox 1999 5398 3583 5471; baseline -0.003 -15"><span class='ocrx_word' id='word_1_889' title='bbox 1999 5411 2209 5457; x_wconf 77' lang='lat' dir='ltr'><strong><em>terrent</em></strong></span> <span class='ocrx_word' id='word_1_890' title='bbox 2252 5403 2490 5471; x_wconf 83' lang='lat' dir='ltr'><strong><em>aliquem</em></strong></span> <span class='ocrx_word' id='word_1_891' title='bbox 2533 5403 2650 5455; x_wconf 78' lang='lat' dir='ltr'><strong><em>ha:c</em></strong></span> <span class='ocrx_word' id='word_1_892' title='bbox 2677 5417 2800 5470; x_wconf 57' lang='lat' dir='ltr'><strong><em>qua;</em></strong></span> <span class='ocrx_word' id='word_1_893' title='bbox 2828 5415 2859 5455; x_wconf 86' lang='lat' dir='ltr'><strong><em>a</em></strong></span> <span class='ocrx_word' id='word_1_894' title='bbox 2900 5398 3184 5470; x_wconf 89' lang='lat' dir='ltr'><strong><em>Scriptura</em></strong></span> <span class='ocrx_word' id='word_1_895' title='bbox 3223 5407 3583 5455; x_wconf 88' lang='lat' dir='ltr'><strong><em>assumuntur</em></strong></span> 
     </span>
    </p>
   </div>
   <div class='ocr_carea' id='block_1_117' title="bbox 1999 5489 3582 5564">
    <p class='ocr_par' dir='ltr' id='par_1_117' title="bbox 1999 5489 3582 5564">
     <span class='ocr_line' id='line_1_117' title="bbox 1999 5489 3582 5564; baseline -0.004 -15"><span class='ocrx_word' id='word_1_896' title='bbox 1999 5498 2265 5564; x_wconf 82' lang='lat' dir='ltr'><strong><em>exempla,</em></strong></span> <span class='ocrx_word' id='word_1_897' title='bbox 2306 5501 2367 5547; x_wconf 88' lang='lat' dir='ltr'><strong><em>ut</em></strong></span> <span class='ocrx_word' id='word_1_898' title='bbox 2410 5509 2515 5546; x_wconf 91' lang='lat' dir='ltr'><strong><em>non</em></strong></span> <span class='ocrx_word' id='word_1_899' title='bbox 2562 5502 2752 5548; x_wconf 74' lang='lat' dir='ltr'><strong><em>exacte</em></strong></span> <span class='ocrx_word' id='word_1_900' title='bbox 2804 5490 3080 5562; x_wconf 87' lang='lat' dir='ltr'><strong><em>Unigeniti</em></strong></span> <span class='ocrx_word' id='word_1_901' title='bbox 3123 5489 3582 5561; x_wconf 85' lang='lat' dir='ltr'><strong><em>magniﬁcentiam</em></strong></span> 
     </span>
    </p>
   </div>
   <div class='ocr_carea' id='block_1_118' title="bbox 1999 5582 3583 5655">
    <p class='ocr_par' dir='ltr' id='par_1_118' title="bbox 1999 5582 3583 5655">
     <span class='ocr_line' id='line_1_118' title="bbox 1999 5582 3583 5655; baseline -0.003 -15"><span class='ocrx_word' id='word_1_902' title='bbox 1999 5585 2382 5655; x_wconf 79' lang='lat' dir='ltr'><strong><em>exprimentia,</em></strong></span> <span class='ocrx_word' id='word_1_903' title='bbox 2417 5585 2544 5654; x_wconf 88' lang='lat' dir='ltr'><strong><em>quia</em></strong></span> <span class='ocrx_word' id='word_1_904' title='bbox 2576 5601 2682 5638; x_wconf 89' lang='lat' dir='ltr'><strong><em>non</em></strong></span> <span class='ocrx_word' id='word_1_905' title='bbox 2719 5583 2860 5637; x_wconf 89' lang='lat' dir='ltr'><strong><em>idem</em></strong></span> <span class='ocrx_word' id='word_1_906' title='bbox 2909 5584 2980 5639; x_wconf 89' lang='lat' dir='ltr'><strong><em>sit</em></strong></span> <span class='ocrx_word' id='word_1_907' title='bbox 3015 5599 3140 5637; x_wconf 87' lang='lat' dir='ltr'><strong><em>cum</em></strong></span> <span class='ocrx_word' id='word_1_908' title='bbox 3194 5582 3446 5650; x_wconf 83' lang='lat' dir='ltr'><strong><em>subjecto</em></strong></span> <span class='ocrx_word' id='word_1_909' title='bbox 3493 5596 3583 5636; x_wconf 86' lang='lat' dir='ltr'><strong><em>se-</em></strong></span> 
     </span>
    </p>
   </div>
   <div class='ocr_carea' id='block_1_119' title="bbox 1999 5675 3578 5744">
    <p class='ocr_par' dir='ltr' id='par_1_119' title="bbox 1999 5675 3578 5744">
     <span class='ocr_line' id='line_1_119' title="bbox 1999 5675 3578 5744; baseline -0.003 -12"><span class='ocrx_word' id='word_1_910' title='bbox 1999 5679 2239 5734; x_wconf 89' lang='lat' dir='ltr'><strong><em>cundum</em></strong></span> <span class='ocrx_word' id='word_1_911' title='bbox 2287 5677 2694 5739; x_wconf 83' lang='lat' dir='ltr'><strong><em>substantiam.</em></strong></span> <span class='ocrx_word' id='word_1_912' title='bbox 2741 5676 2828 5731; x_wconf 91' lang='lat' dir='ltr'><strong><em>vel</em></strong></span> <span class='ocrx_word' id='word_1_913' title='bbox 2856 5675 3055 5730; x_wconf 88' lang='lat' dir='ltr'><strong><em>halitus</em></strong></span> <span class='ocrx_word' id='word_1_914' title='bbox 3098 5690 3222 5729; x_wconf 91' lang='lat' dir='ltr'><strong><em>cum</em></strong></span> <span class='ocrx_word' id='word_1_915' title='bbox 3278 5680 3578 5744; x_wconf 83' lang='lat' dir='ltr'><strong><em>unguento,</em></strong></span> 
     </span>
    </p>
   </div>
   <div class='ocr_carea' id='block_1_120' title="bbox 2000 5764 3580 5835">
    <p class='ocr_par' dir='ltr' id='par_1_120' title="bbox 2000 5764 3580 5835">
     <span class='ocr_line' id='line_1_120' title="bbox 2000 5764 3580 5835; baseline -0.001 -13"><span class='ocrx_word' id='word_1_916' title='bbox 2000 5771 2083 5823; x_wconf 82' lang='lat' dir='ltr'><strong><em>vel</em></strong></span> <span class='ocrx_word' id='word_1_917' title='bbox 2114 5769 2300 5822; x_wconf 88' lang='lat' dir='ltr'><strong><em>radius</em></strong></span> <span class='ocrx_word' id='word_1_918' title='bbox 2323 5783 2444 5822; x_wconf 92' lang='lat' dir='ltr'><strong><em>cum</em></strong></span> <span class='ocrx_word' id='word_1_919' title='bbox 2475 5769 2610 5832; x_wconf 85' lang='lat' dir='ltr'><strong><em>sole,</em></strong></span> <span class='ocrx_word' id='word_1_920' title='bbox 2644 5781 2806 5822; x_wconf 87' lang='lat' dir='ltr'><strong><em>verus</em></strong></span> <span class='ocrx_word' id='word_1_921' title='bbox 2839 5781 3020 5821; x_wconf 92' lang='lat' dir='ltr'><strong><em>sermo</em></strong></span> <span class='ocrx_word' id='word_1_922' title='bbox 3047 5776 3249 5820; x_wconf 90' lang='lat' dir='ltr'><strong><em>metum</em></strong></span> <span class='ocrx_word' id='word_1_923' title='bbox 3302 5766 3422 5835; x_wconf 87' lang='lat' dir='ltr'><strong><em>ejus</em></strong></span> <span class='ocrx_word' id='word_1_924' title='bbox 3461 5764 3580 5820; x_wconf 73' lang='lat' dir='ltr'><strong><em>exi-</em></strong></span> 
     </span>
    </p>
   </div>
   <div class='ocr_carea' id='block_1_121' title="bbox 2004 5856 3574 5930">
    <p class='ocr_par' dir='ltr' id='par_1_121' title="bbox 2004 5856 3574 5930">
     <span class='ocr_line' id='line_1_121' title="bbox 2004 5856 3574 5930; baseline -0.003 -16"><span class='ocrx_word' id='word_1_925' title='bbox 2004 5869 2132 5923; x_wconf 84' lang='lat' dir='ltr'><strong><em>mat,</em></strong></span> <span class='ocrx_word' id='word_1_926' title='bbox 2159 5861 2250 5930; x_wconf 86' lang='lat' dir='ltr'><strong><em>qui</em></strong></span> <span class='ocrx_word' id='word_1_927' title='bbox 2277 5860 2428 5924; x_wconf 86' lang='lat' dir='ltr'><strong><em>dicit,</em></strong></span> <span class='ocrx_word' id='word_1_928' title='bbox 2465 5859 2610 5930; x_wconf 84' lang='lat' dir='ltr'><strong><em>quod</em></strong></span> <span class='ocrx_word' id='word_1_929' title='bbox 2640 5869 2757 5916; x_wconf 83' lang='lat' dir='ltr'><strong><em>erat</em></strong></span> <span class='ocrx_word' id='word_1_930' title='bbox 2787 5859 2839 5914; x_wconf 92' lang='lat' dir='ltr'><strong><em>in</em></strong></span> <span class='ocrx_word' id='word_1_931' title='bbox 2873 5857 3162 5928; x_wconf 85' lang='lat' dir='ltr'><strong><em>principio,</em></strong></span> <span class='ocrx_word' id='word_1_932' title='bbox 3194 5867 3248 5912; x_wconf 86' lang='lat' dir='ltr'><strong><em>et</em></strong></span> <span class='ocrx_word' id='word_1_933' title='bbox 3287 5856 3431 5928; x_wconf 86' lang='lat' dir='ltr'><strong><em>quod</em></strong></span> <span class='ocrx_word' id='word_1_934' title='bbox 3453 5871 3574 5912; x_wconf 89' lang='lat' dir='ltr'><strong><em>om-</em></strong></span> 
     </span>
    </p>
   </div>
  </div>
