  <div class='ocr_page' id='page_1' title='image "/cluster/home/n/w/nwhite01/storage/ocr_20150623/45/nnc1.0046978445/406.png"; bbox 0 0 4142 6374; ppageno 0'>
   <div class='ocr_carea' id='block_1_1' title="bbox 374 541 478 602">
    <p class='ocr_par' dir='ltr' id='par_1_1' title="bbox 374 541 478 602">
     <span class='ocr_line' id='line_1_1' title="bbox 374 541 478 602; baseline 0.058 -6"><span class='ocrx_word' id='word_1_1' title='bbox 374 541 478 602; x_wconf 82' lang='lat'><strong>789</strong></span> 
     </span>
    </p>
   </div>
   <div class='ocr_carea' id='block_1_2' title="bbox 1361 541 2425 609">
    <p class='ocr_par' dir='ltr' id='par_1_2' title="bbox 1361 541 2425 609">
     <span class='ocr_line' id='line_1_2' title="bbox 1361 541 2425 609; baseline -0.002 -9"><span class='ocrx_word' id='word_1_2' title='bbox 1361 544 1641 602; x_wconf 82' lang='lat' dir='ltr'><strong>CONTRA</strong></span> <span class='ocrx_word' id='word_1_3' title='bbox 1681 541 2072 609; x_wconf 52' lang='lat' dir='ltr'><strong>EUROMIUM,</strong></span> <span class='ocrx_word' id='word_1_4' title='bbox 2125 545 2254 600; x_wconf 83' lang='lat' dir='ltr'><strong>LIB.</strong></span> <span class='ocrx_word' id='word_1_5' title='bbox 2293 543 2425 600; x_wconf 79' lang='grc' dir='ltr'>νιιι.</span> 
     </span>
    </p>
   </div>
   <div class='ocr_carea' id='block_1_3' title="bbox 3525 543 3636 605">
    <p class='ocr_par' dir='ltr' id='par_1_3' title="bbox 3525 543 3636 605">
     <span class='ocr_line' id='line_1_3' title="bbox 3525 543 3636 605; baseline 0.018 -2"><span class='ocrx_word' id='word_1_6' title='bbox 3525 543 3636 605; x_wconf 79' lang='grc' dir='ltr'><strong>-ηο</strong></span> 
     </span>
    </p>
   </div>
   <div class='ocr_carea' id='block_1_4' title="bbox 369 665 1931 739">
    <p class='ocr_par' dir='ltr' id='par_1_4' title="bbox 369 665 1931 739">
     <span class='ocr_line' id='line_1_4' title="bbox 369 665 1931 739; baseline 0.001 -21"><span class='ocrx_word' id='word_1_7' title='bbox 369 665 498 720; x_wconf 81' lang='grc' dir='ltr'>Υίδν</span> <span class='ocrx_word' id='word_1_8' title='bbox 529 666 638 735; x_wconf 80' lang='grc' dir='ltr'><strong>πρὸ</strong></span> <span class='ocrx_word' id='word_1_9' title='bbox 675 668 768 720; x_wconf 82' lang='grc' dir='ltr'>τοῦ</span> <span class='ocrx_word' id='word_1_10' title='bbox 805 668 1096 736; x_wconf 85' lang='grc' dir='ltr'>γενέσθαι,</span> <span class='ocrx_word' id='word_1_11' title='bbox 1131 670 1160 722; x_wconf 84' lang='grc' dir='ltr'>ὅ</span> <span class='ocrx_word' id='word_1_12' title='bbox 1219 671 1368 724; x_wconf 76' lang='grc' dir='ltr'>ἐστιν</span> <span class='ocrx_word' id='word_1_13' title='bbox 1415 669 1756 739; x_wconf 83' lang='grc' dir='ltr'><strong>ἀπαύγασμα</strong></span> <span class='ocrx_word' id='word_1_14' title='bbox 1790 667 1931 738; x_wconf 69' lang='grc' dir='ltr'>δόξης</span> 
     </span>
    </p>
   </div>
   <div class='ocr_carea' id='block_1_5' title="bbox 2034 665 3638 739">
    <p class='ocr_par' dir='ltr' id='par_1_5' title="bbox 2051 665 3638 734">
     <span class='ocr_line' id='line_1_5' title="bbox 2051 665 3638 734; baseline 0.004 -16"><span class='ocrx_word' id='word_1_15' title='bbox 2051 677 2201 720; x_wconf 90' lang='lat' dir='ltr'><strong>ctum</strong></span> <span class='ocrx_word' id='word_1_16' title='bbox 2237 667 2286 720; x_wconf 88' lang='lat' dir='ltr'><strong>ei</strong></span> <span class='ocrx_word' id='word_1_17' title='bbox 2323 666 2564 720; x_wconf 67' lang='lat' dir='ltr'><strong>adhaeret</strong></span> <span class='ocrx_word' id='word_1_18' title='bbox 2599 665 2763 720; x_wconf 87' lang='lat' dir='ltr'><strong>simul</strong></span> <span class='ocrx_word' id='word_1_19' title='bbox 2801 667 3100 722; x_wconf 84' lang='lat' dir='ltr'><strong>evanescit.</strong></span> <span class='ocrx_word' id='word_1_20' title='bbox 3155 665 3424 732; x_wconf 84' lang='lat' dir='ltr'><strong>Quoniam</strong></span> <span class='ocrx_word' id='word_1_21' title='bbox 3470 667 3638 734; x_wconf 82' lang='lat' dir='ltr'><strong>igitur</strong></span> 
     </span>
    </p>
   </div>
   <div class='ocr_carea' id='block_1_6' title="bbox 369 757 1952 830">
    <p class='ocr_par' dir='ltr' id='par_1_6' title="bbox 369 757 1952 830">
     <span class='ocr_line' id='line_1_6' title="bbox 369 757 1952 830; baseline 0 -20"><span class='ocrx_word' id='word_1_22' title='bbox 369 757 422 826; x_wconf 79' lang='grc' dir='ltr'><strong>(ἡ</strong></span> <span class='ocrx_word' id='word_1_23' title='bbox 467 757 524 810; x_wconf 78' lang='grc' dir='ltr'>δὲ</span> <span class='ocrx_word' id='word_1_24' title='bbox 575 757 892 812; x_wconf 85' lang='grc' dir='ltr'>ἀκολούθεια</span> <span class='ocrx_word' id='word_1_25' title='bbox 935 762 1246 830; x_wconf 83' lang='grc' dir='ltr'>συναναιρεῖ</span> <span class='ocrx_word' id='word_1_26' title='bbox 1284 763 1349 830; x_wconf 84' lang='grc' dir='ltr'>τῇ</span> <span class='ocrx_word' id='word_1_27' title='bbox 1375 759 1469 813; x_wconf 78' lang='grc' dir='ltr'>τοῦ</span> <span class='ocrx_word' id='word_1_28' title='bbox 1523 759 1952 828; x_wconf 82' lang='grc' dir='ltr'>ἁπανγάσματος</span> 
     </span>
    </p>
   </div>
   <div class='ocr_carea' id='block_1_7' title="bbox 366 849 1952 924">
    <p class='ocr_par' dir='ltr' id='par_1_7' title="bbox 366 849 1952 924">
     <span class='ocr_line' id='line_1_7' title="bbox 366 849 1952 924; baseline 0.001 -23"><span class='ocrx_word' id='word_1_29' title='bbox 366 849 674 922; x_wconf 82' lang='grc' dir='ltr'>ἀνυπαρξίᾳ</span> <span class='ocrx_word' id='word_1_30' title='bbox 701 853 794 906; x_wconf 78' lang='grc' dir='ltr'>καὶ</span> <span class='ocrx_word' id='word_1_31' title='bbox 823 851 922 922; x_wconf 79' lang='grc' dir='ltr'>τὴν</span> <span class='ocrx_word' id='word_1_32' title='bbox 959 853 1057 922; x_wconf 81' lang='grc' dir='ltr'><strong>τῆς</strong></span> <span class='ocrx_word' id='word_1_33' title='bbox 1091 852 1250 924; x_wconf 76' lang='grc' dir='ltr'>δόξης</span> <span class='ocrx_word' id='word_1_34' title='bbox 1291 853 1568 921; x_wconf 79' lang='grc' dir='ltr'>ἀϊδιότητα</span> <span class='ocrx_word' id='word_1_35' title='bbox 1595 868 1608 881; x_wconf 88' lang='grc'><strong>·</strong></span> <span class='ocrx_word' id='word_1_36' title='bbox 1658 849 1784 914; x_wconf 77' lang='grc' dir='ltr'>δόξα</span> <span class='ocrx_word' id='word_1_37' title='bbox 1825 850 1880 902; x_wconf 82' lang='grc' dir='ltr'>δὲ</span> <span class='ocrx_word' id='word_1_38' title='bbox 1923 852 1952 902; x_wconf 87' lang='grc' dir='ltr'><strong>ὀ</strong></span> 
     </span>
    </p>
   </div>
   <div class='ocr_carea' id='block_1_8' title="bbox 366 939 1951 1015">
    <p class='ocr_par' dir='ltr' id='par_1_8' title="bbox 366 939 1951 1015">
     <span class='ocr_line' id='line_1_8' title="bbox 366 939 1951 1015; baseline 0.002 -22"><span class='ocrx_word' id='word_1_39' title='bbox 366 939 576 1011; x_wconf 85' lang='grc' dir='ltr'>Πατὴρ,</span> <span class='ocrx_word' id='word_1_40' title='bbox 596 942 716 996; x_wconf 83' lang='grc' dir='ltr'>ὅθεν</span> <span class='ocrx_word' id='word_1_41' title='bbox 744 943 805 995; x_wconf 77' lang='grc' dir='ltr'><strong>τὺ</strong></span> <span class='ocrx_word' id='word_1_42' title='bbox 829 945 1112 1014; x_wconf 82' lang='grc' dir='ltr'><strong>μονογενὲς</strong></span> <span class='ocrx_word' id='word_1_43' title='bbox 1140 944 1254 1012; x_wconf 84' lang='grc' dir='ltr'>φῶς</span> <span class='ocrx_word' id='word_1_44' title='bbox 1281 942 1654 1015; x_wconf 84' lang='grc' dir='ltr'>ἁπηυγὰσθη).</span> <span class='ocrx_word' id='word_1_45' title='bbox 1675 943 1951 1012; x_wconf 84' lang='grc' dir='ltr'>νοησάτω-</span> 
     </span>
    </p>
   </div>
   <div class='ocr_carea' id='block_1_9' title="bbox 370 1033 1949 1108">
    <p class='ocr_par' dir='ltr' id='par_1_9' title="bbox 370 1033 1949 1108">
     <span class='ocr_line' id='line_1_9' title="bbox 370 1033 1949 1108; baseline 0.001 -24"><span class='ocrx_word' id='word_1_46' title='bbox 370 1048 470 1086; x_wconf 88' lang='grc' dir='ltr'>σαν</span> <span class='ocrx_word' id='word_1_47' title='bbox 494 1033 544 1084; x_wconf 86' lang='grc' dir='ltr'><strong>οί</strong></span> <span class='ocrx_word' id='word_1_48' title='bbox 573 1035 820 1107; x_wconf 77' lang='grc' dir='ltr'>περιττοὶ</span> <span class='ocrx_word' id='word_1_49' title='bbox 843 1034 943 1106; x_wconf 81' lang='grc' dir='ltr'><strong>τὴν</strong></span> <span class='ocrx_word' id='word_1_50' title='bbox 981 1037 1194 1104; x_wconf 85' lang='grc' dir='ltr'><strong>σοφίαν,</strong></span> <span class='ocrx_word' id='word_1_51' title='bbox 1223 1037 1304 1089; x_wconf 85' lang='grc' dir='ltr'>ὅτι</span> <span class='ocrx_word' id='word_1_52' title='bbox 1344 1037 1622 1108; x_wconf 81' lang='grc' dir='ltr'>σύμμαχοι</span> <span class='ocrx_word' id='word_1_53' title='bbox 1649 1035 1758 1088; x_wconf 80' lang='grc' dir='ltr'>τῶν</span> <span class='ocrx_word' id='word_1_54' title='bbox 1797 1035 1949 1087; x_wconf 52' lang='grc' dir='ltr'>Ἑπιφ</span> 
     </span>
    </p>
   </div>
   <div class='ocr_carea' id='block_1_10' title="bbox 366 1125 1950 1199">
    <p class='ocr_par' dir='ltr' id='par_1_10' title="bbox 366 1125 1950 1199">
     <span class='ocr_line' id='line_1_10' title="bbox 366 1125 1950 1199; baseline 0.002 -23"><span class='ocrx_word' id='word_1_55' title='bbox 366 1125 630 1194; x_wconf 77' lang='grc' dir='ltr'><strong>κουρείων</strong></span> <span class='ocrx_word' id='word_1_56' title='bbox 662 1125 946 1196; x_wconf 83' lang='grc' dir='ltr'><strong>δογμάτων</strong></span> <span class='ocrx_word' id='word_1_57' title='bbox 979 1127 1392 1198; x_wconf 79' lang='grc' dir='ltr'>ἀναπεφῄνασιν</span> <span class='ocrx_word' id='word_1_58' title='bbox 1411 1169 1428 1189; x_wconf 94' lang='grc'><strong>,</strong></span> <span class='ocrx_word' id='word_1_59' title='bbox 1475 1131 1570 1182; x_wconf 70' lang='grc' dir='ltr'>καὶ</span> <span class='ocrx_word' id='word_1_60' title='bbox 1603 1129 1950 1199; x_wconf 78' lang='grc' dir='ltr'><strong>προσχήματι</strong></span> 
     </span>
    </p>
   </div>
   <div class='ocr_carea' id='block_1_11' title="bbox 365 1217 1950 1290">
    <p class='ocr_par' dir='ltr' id='par_1_11' title="bbox 365 1217 1950 1290">
     <span class='ocr_line' id='line_1_11' title="bbox 365 1217 1950 1290; baseline 0.001 -21"><span class='ocrx_word' id='word_1_61' title='bbox 365 1217 778 1287; x_wconf 82' lang='grc' dir='ltr'>χριστιανισμοῦ</span> <span class='ocrx_word' id='word_1_62' title='bbox 831 1219 930 1288; x_wconf 81' lang='grc' dir='ltr'><strong>τὴν</strong></span> <span class='ocrx_word' id='word_1_63' title='bbox 953 1218 1142 1272; x_wconf 86' lang='grc' dir='ltr'>ἀθεῖαν</span> <span class='ocrx_word' id='word_1_64' title='bbox 1173 1219 1587 1290; x_wconf 77' lang='grc' dir='ltr'>πρεσϐεύοντες.</span> <span class='ocrx_word' id='word_1_65' title='bbox 1619 1219 1819 1288; x_wconf 83' lang='grc' dir='ltr'>Διπλῆς</span> <span class='ocrx_word' id='word_1_66' title='bbox 1847 1219 1950 1270; x_wconf 87' lang='grc' dir='ltr'>τοί-</span> 
     </span>
    </p>
   </div>
   <div class='ocr_carea' id='block_1_12' title="bbox 364 1304 1944 1378">
    <p class='ocr_par' dir='ltr' id='par_1_12' title="bbox 364 1304 1944 1378">
     <span class='ocr_line' id='line_1_12' title="bbox 364 1304 1944 1378; baseline 0.004 -24"><span class='ocrx_word' id='word_1_67' title='bbox 364 1319 462 1356; x_wconf 85' lang='grc' dir='ltr'>νυν</span> <span class='ocrx_word' id='word_1_68' title='bbox 499 1304 640 1356; x_wconf 84' lang='grc' dir='ltr'><strong>κατὰ</strong></span> <span class='ocrx_word' id='word_1_69' title='bbox 671 1305 732 1357; x_wconf 74' lang='grc' dir='ltr'>τὸ</span> <span class='ocrx_word' id='word_1_70' title='bbox 761 1306 1053 1359; x_wconf 83' lang='grc' dir='ltr'>ἀκόλουθον</span> <span class='ocrx_word' id='word_1_71' title='bbox 1083 1309 1181 1376; x_wconf 81' lang='grc' dir='ltr'>τῆς</span> <span class='ocrx_word' id='word_1_72' title='bbox 1213 1308 1440 1370; x_wconf 80' lang='grc' dir='ltr'><strong>ἀτοπίας</strong></span> <span class='ocrx_word' id='word_1_73' title='bbox 1475 1309 1860 1378; x_wconf 77' lang='grc' dir='ltr'>ἀναφανείσης,</span> <span class='ocrx_word' id='word_1_74' title='bbox 1911 1307 1944 1378; x_wconf 91' lang='grc' dir='ltr'>ἢ</span> 
     </span>
    </p>
   </div>
   <div class='ocr_carea' id='block_1_13' title="bbox 363 1393 1942 1471">
    <p class='ocr_par' dir='ltr' id='par_1_13' title="bbox 363 1393 1942 1471">
     <span class='ocr_line' id='line_1_13' title="bbox 363 1393 1942 1471; baseline 0.004 -26"><span class='ocrx_word' id='word_1_75' title='bbox 363 1393 590 1447; x_wconf 84' lang='grc' dir='ltr'>καθόλου</span> <span class='ocrx_word' id='word_1_76' title='bbox 615 1393 848 1467; x_wconf 74' lang='grc' dir='ltr'>μὴεῖναι</span> <span class='ocrx_word' id='word_1_77' title='bbox 869 1397 960 1450; x_wconf 87' lang='grc' dir='ltr'>τὸν</span> <span class='ocrx_word' id='word_1_78' title='bbox 984 1399 1114 1452; x_wconf 82' lang='grc' dir='ltr'>Θεὸν</span> <span class='ocrx_word' id='word_1_79' title='bbox 1135 1399 1332 1468; x_wconf 79' lang='grc' dir='ltr'>λέγειν,</span> <span class='ocrx_word' id='word_1_80' title='bbox 1357 1401 1388 1470; x_wconf 86' lang='grc' dir='ltr'>ἢ</span> <span class='ocrx_word' id='word_1_81' title='bbox 1421 1401 1494 1471; x_wconf 83' lang='grc' dir='ltr'>μὴ</span> <span class='ocrx_word' id='word_1_82' title='bbox 1517 1401 1764 1471; x_wconf 87' lang='grc' dir='ltr'>ἀνάρχως</span> <span class='ocrx_word' id='word_1_83' title='bbox 1785 1395 1942 1462; x_wconf 83' lang='grc' dir='ltr'>εἶναι,</span> 
     </span>
    </p>
   </div>
   <div class='ocr_carea' id='block_1_14' title="bbox 364 1483 1945 1560">
    <p class='ocr_par' dir='ltr' id='par_1_14' title="bbox 364 1483 1945 1560">
     <span class='ocr_line' id='line_1_14' title="bbox 364 1483 1945 1560; baseline 0.003 -24"><span class='ocrx_word' id='word_1_84' title='bbox 364 1483 665 1540; x_wconf 81' lang='grc' dir='ltr'>ὲλέσθωσαν</span> <span class='ocrx_word' id='word_1_85' title='bbox 727 1489 788 1542; x_wconf 89' lang='grc' dir='ltr'>τὸ</span> <span class='ocrx_word' id='word_1_86' title='bbox 817 1489 1004 1543; x_wconf 79' lang='grc' dir='ltr'>δοκοῦν</span> <span class='ocrx_word' id='word_1_87' title='bbox 1045 1493 1108 1542; x_wconf 84' lang='grc' dir='ltr'>ὲκ</span> <span class='ocrx_word' id='word_1_88' title='bbox 1143 1490 1251 1544; x_wconf 85' lang='grc' dir='ltr'><strong>τῶν</strong></span> <span class='ocrx_word' id='word_1_89' title='bbox 1287 1492 1584 1560; x_wconf 79' lang='grc' dir='ltr'>φανέντων,</span> <span class='ocrx_word' id='word_1_90' title='bbox 1615 1491 1647 1560; x_wconf 77' lang='grc' dir='ltr'><strong>ἢ</strong></span> <span class='ocrx_word' id='word_1_91' title='bbox 1679 1490 1827 1544; x_wconf 81' lang='grc' dir='ltr'><strong>ἄθεοι</strong></span> <span class='ocrx_word' id='word_1_92' title='bbox 1855 1489 1945 1541; x_wconf 81' lang='grc' dir='ltr'>λέ-</span> 
     </span>
    </p>
   </div>
   <div class='ocr_carea' id='block_1_15' title="bbox 363 1577 1944 1652">
    <p class='ocr_par' dir='ltr' id='par_1_15' title="bbox 363 1577 1944 1652">
     <span class='ocr_line' id='line_1_15' title="bbox 363 1577 1944 1652; baseline 0.003 -24"><span class='ocrx_word' id='word_1_93' title='bbox 363 1577 575 1644; x_wconf 85' lang='grc' dir='ltr'>γεσθαι,</span> <span class='ocrx_word' id='word_1_94' title='bbox 609 1579 642 1650; x_wconf 81' lang='grc' dir='ltr'><strong>ἢ</strong></span> <span class='ocrx_word' id='word_1_95' title='bbox 683 1581 880 1652; x_wconf 82' lang='grc' dir='ltr'><strong>μηκέτι</strong></span> <span class='ocrx_word' id='word_1_96' title='bbox 914 1583 1150 1652; x_wconf 84' lang='grc' dir='ltr'>ἄναρχον</span> <span class='ocrx_word' id='word_1_97' title='bbox 1183 1578 1322 1634; x_wconf 78' lang='grc' dir='ltr'>εἶναι</span> <span class='ocrx_word' id='word_1_98' title='bbox 1370 1581 1450 1652; x_wconf 84' lang='grc' dir='ltr'>τῷ</span> <span class='ocrx_word' id='word_1_99' title='bbox 1497 1584 1672 1650; x_wconf 83' lang='grc' dir='ltr'>Πατρὶ</span> <span class='ocrx_word' id='word_1_100' title='bbox 1709 1583 1808 1652; x_wconf 79' lang='grc' dir='ltr'>τὴν</span> <span class='ocrx_word' id='word_1_101' title='bbox 1852 1581 1944 1634; x_wconf 83' lang='grc' dir='ltr'>ού-</span> 
     </span>
    </p>
   </div>
   <div class='ocr_carea' id='block_1_16' title="bbox 365 1665 1944 1742">
    <p class='ocr_par' dir='ltr' id='par_1_16' title="bbox 365 1665 1944 1742">
     <span class='ocr_line' id='line_1_16' title="bbox 365 1665 1944 1742; baseline 0.011 -26"><span class='ocrx_word' id='word_1_102' title='bbox 365 1665 481 1718; x_wconf 86' lang='grc' dir='ltr'>σίαν</span> <span class='ocrx_word' id='word_1_103' title='bbox 533 1667 732 1734; x_wconf 87' lang='grc' dir='ltr'>λέγειν.</span> <span class='ocrx_word' id='word_1_104' title='bbox 800 1669 959 1724; x_wconf 85' lang='grc' dir='ltr'><strong>Ἀλλά</strong></span> <span class='ocrx_word' id='word_1_105' title='bbox 1017 1672 1122 1742; x_wconf 87' lang='grc' dir='ltr'><strong>μὴν</strong></span> <span class='ocrx_word' id='word_1_106' title='bbox 1177 1671 1400 1740; x_wconf 77' lang='grc' dir='ltr'><strong>φεύγειν</strong></span> <span class='ocrx_word' id='word_1_107' title='bbox 1451 1672 1597 1734; x_wconf 84' lang='grc' dir='ltr'>εἰκὸς</span> <span class='ocrx_word' id='word_1_108' title='bbox 1645 1671 1840 1733; x_wconf 78' lang='grc' dir='ltr'>αὐτοὺς</span> <span class='ocrx_word' id='word_1_109' title='bbox 1883 1670 1944 1722; x_wconf 73' lang='grc' dir='ltr'>τὸ</span> 
     </span>
    </p>
   </div>
   <div class='ocr_carea' id='block_1_17' title="bbox 361 1757 1941 1832">
    <p class='ocr_par' dir='ltr' id='par_1_17' title="bbox 361 1757 1941 1832">
     <span class='ocr_line' id='line_1_17' title="bbox 361 1757 1941 1832; baseline 0.003 -22"><span class='ocrx_word' id='word_1_110' title='bbox 361 1757 554 1822; x_wconf 83' lang='grc' dir='ltr'><strong>ἀθέους</strong></span> <span class='ocrx_word' id='word_1_111' title='bbox 597 1759 934 1830; x_wconf 81' lang='grc' dir='ltr'>νομίζεσθαι.</span> <span class='ocrx_word' id='word_1_112' title='bbox 989 1762 1198 1815; x_wconf 78' lang='grc' dir='ltr'>Οὐκοῦν</span> <span class='ocrx_word' id='word_1_113' title='bbox 1248 1762 1525 1816; x_wconf 80' lang='grc' dir='ltr'><strong>λείπονται</strong></span> <span class='ocrx_word' id='word_1_114' title='bbox 1572 1763 1632 1815; x_wconf 74' lang='grc' dir='ltr'><strong>τὸ</strong></span> <span class='ocrx_word' id='word_1_115' title='bbox 1685 1763 1758 1832; x_wconf 84' lang='grc' dir='ltr'>μὴ</span> <span class='ocrx_word' id='word_1_116' title='bbox 1803 1758 1941 1816; x_wconf 85' lang='grc' dir='ltr'>εἶναι</span> 
     </span>
    </p>
   </div>
   <div class='ocr_carea' id='block_1_18' title="bbox 359 1847 1942 1918">
    <p class='ocr_par' dir='ltr' id='par_1_18' title="bbox 359 1847 1942 1918">
     <span class='ocr_line' id='line_1_18' title="bbox 359 1847 1942 1918; baseline 0.001 -19"><span class='ocrx_word' id='word_1_117' title='bbox 359 1847 528 1901; x_wconf 77' lang='grc' dir='ltr'>ἀΐδιον</span> <span class='ocrx_word' id='word_1_118' title='bbox 559 1849 652 1902; x_wconf 86' lang='grc' dir='ltr'>τὸν</span> <span class='ocrx_word' id='word_1_119' title='bbox 687 1849 820 1904; x_wconf 85' lang='grc' dir='ltr'><strong>Θεὸν</strong></span> <span class='ocrx_word' id='word_1_120' title='bbox 861 1849 1312 1915; x_wconf 83' lang='grc' dir='ltr'><strong>κατασκευάζειν.</strong></span> <span class='ocrx_word' id='word_1_121' title='bbox 1355 1852 1418 1903; x_wconf 85' lang='grc' dir='ltr'><strong>Εἰ</strong></span> <span class='ocrx_word' id='word_1_122' title='bbox 1466 1852 1522 1903; x_wconf 88' lang='grc' dir='ltr'>δὲ</span> <span class='ocrx_word' id='word_1_123' title='bbox 1561 1851 1718 1902; x_wconf 84' lang='grc' dir='ltr'>τοῦτο</span> <span class='ocrx_word' id='word_1_124' title='bbox 1759 1851 1794 1918; x_wconf 84' lang='grc' dir='ltr'>ἡ</span> <span class='ocrx_word' id='word_1_125' title='bbox 1831 1847 1942 1902; x_wconf 84' lang='grc' dir='ltr'>τῶν</span> 
     </span>
    </p>
   </div>
   <div class='ocr_carea' id='block_1_19' title="bbox 357 1939 1942 2010">
    <p class='ocr_par' dir='ltr' id='par_1_19' title="bbox 357 1939 1942 2010">
     <span class='ocr_line' id='line_1_19' title="bbox 357 1939 1942 2010; baseline 0 -19"><span class='ocrx_word' id='word_1_126' title='bbox 357 1939 784 2010; x_wconf 80' lang='grc' dir='ltr'><strong>ἀποδειχθέντων</strong></span> <span class='ocrx_word' id='word_1_127' title='bbox 812 1941 1130 1995; x_wconf 86' lang='grc' dir='ltr'>ἀκολούθεια</span> <span class='ocrx_word' id='word_1_128' title='bbox 1165 1942 1580 2010; x_wconf 79' lang='grc' dir='ltr'>συναναγκάζει,</span> <span class='ocrx_word' id='word_1_129' title='bbox 1613 1941 1714 1992; x_wconf 84' lang='grc' dir='ltr'><strong>ποῦ</strong></span> <span class='ocrx_word' id='word_1_130' title='bbox 1743 1941 1801 1992; x_wconf 84' lang='grc' dir='ltr'><strong>αἱ</strong></span> <span class='ocrx_word' id='word_1_131' title='bbox 1828 1957 1942 1992; x_wconf 86' lang='grc' dir='ltr'>ποι-</span> 
     </span>
    </p>
   </div>
   <div class='ocr_carea' id='block_1_20' title="bbox 2056 757 3635 828">
    <p class='ocr_par' dir='ltr' id='par_1_20' title="bbox 2056 757 3635 828">
     <span class='ocr_line' id='line_1_20' title="bbox 2056 757 3635 828; baseline 0.001 -18"><span class='ocrx_word' id='word_1_132' title='bbox 2056 758 2124 810; x_wconf 84' lang='lat' dir='ltr'><strong>ab</strong></span> <span class='ocrx_word' id='word_1_133' title='bbox 2161 758 2296 826; x_wconf 84' lang='lat' dir='ltr'><strong>ipsis</strong></span> <span class='ocrx_word' id='word_1_134' title='bbox 2323 757 2494 812; x_wconf 88' lang='lat' dir='ltr'><strong>Filius</strong></span> <span class='ocrx_word' id='word_1_135' title='bbox 2531 773 2640 811; x_wconf 89' lang='lat' dir='ltr'><strong>non</strong></span> <span class='ocrx_word' id='word_1_136' title='bbox 2668 772 2792 812; x_wconf 90' lang='lat' dir='ltr'><strong>esse</strong></span> <span class='ocrx_word' id='word_1_137' title='bbox 2821 759 3090 812; x_wconf 90' lang='lat' dir='ltr'><strong>astruitur</strong></span> <span class='ocrx_word' id='word_1_138' title='bbox 3118 759 3438 827; x_wconf 84' lang='lat' dir='ltr'><strong>priusquam</strong></span> <span class='ocrx_word' id='word_1_139' title='bbox 3485 762 3635 828; x_wconf 80' lang='lat' dir='ltr'><strong>geni-</strong></span> 
     </span>
    </p>
   </div>
   <div class='ocr_carea' id='block_1_21' title="bbox 2055 850 3635 920">
    <p class='ocr_par' dir='ltr' id='par_1_21' title="bbox 2055 850 3635 920">
     <span class='ocr_line' id='line_1_21' title="bbox 2055 850 3635 920; baseline 0.001 -18"><span class='ocrx_word' id='word_1_140' title='bbox 2055 859 2142 903; x_wconf 91' lang='lat' dir='ltr'><strong>tus</strong></span> <span class='ocrx_word' id='word_1_141' title='bbox 2182 858 2366 914; x_wconf 89' lang='lat' dir='ltr'><strong>esset,</strong></span> <span class='ocrx_word' id='word_1_142' title='bbox 2415 850 2507 920; x_wconf 93' lang='lat' dir='ltr'><strong>qui</strong></span> <span class='ocrx_word' id='word_1_143' title='bbox 2554 859 2639 904; x_wconf 91' lang='lat' dir='ltr'><strong>est</strong></span> <span class='ocrx_word' id='word_1_144' title='bbox 2685 850 2872 919; x_wconf 69' lang='lat' dir='ltr'><strong>gloria:</strong></span> <span class='ocrx_word' id='word_1_145' title='bbox 2913 851 3171 920; x_wconf 83' lang='lat' dir='ltr'><strong>splendor</strong></span> <span class='ocrx_word' id='word_1_146' title='bbox 3204 853 3635 919; x_wconf 70' lang='lat' dir='ltr'><strong>(consequentia</strong></span> 
     </span>
    </p>
   </div>
   <div class='ocr_carea' id='block_1_22' title="bbox 2059 942 3634 1010">
    <p class='ocr_par' dir='ltr' id='par_1_22' title="bbox 2059 942 3634 1010">
     <span class='ocr_line' id='line_1_22' title="bbox 2059 942 3634 1010; baseline 0.002 -17"><span class='ocrx_word' id='word_1_147' title='bbox 2059 950 2240 995; x_wconf 89' lang='lat' dir='ltr'><strong>autem</strong></span> <span class='ocrx_word' id='word_1_148' title='bbox 2276 943 2438 996; x_wconf 88' lang='lat' dir='ltr'><strong>simul</strong></span> <span class='ocrx_word' id='word_1_149' title='bbox 2466 959 2588 996; x_wconf 90' lang='lat' dir='ltr'><strong>cum</strong></span> <span class='ocrx_word' id='word_1_150' title='bbox 2620 942 2927 1010; x_wconf 79' lang='lat' dir='ltr'><strong>splendoris</strong></span> <span class='ocrx_word' id='word_1_151' title='bbox 2959 943 3422 996; x_wconf 65' lang='lat' dir='ltr'><strong>uou-essistentia</strong></span> <span class='ocrx_word' id='word_1_152' title='bbox 3490 945 3634 996; x_wconf 88' lang='lat' dir='ltr'><strong>tollit</strong></span> 
     </span>
    </p>
   </div>
   <div class='ocr_carea' id='block_1_23' title="bbox 2051 1032 3630 1102">
    <p class='ocr_par' dir='ltr' id='par_1_23' title="bbox 2051 1032 3630 1102">
     <span class='ocr_line' id='line_1_23' title="bbox 2051 1032 3630 1102; baseline 0 -18"><span class='ocrx_word' id='word_1_153' title='bbox 2051 1033 2216 1084; x_wconf 85' lang='lat' dir='ltr'><strong>etiam</strong></span> <span class='ocrx_word' id='word_1_154' title='bbox 2249 1033 2434 1102; x_wconf 69' lang='lat' dir='ltr'><strong>gloriae</strong></span> <span class='ocrx_word' id='word_1_155' title='bbox 2469 1033 2826 1086; x_wconf 65' lang='lat' dir='ltr'><strong>aeternitatem</strong></span> <span class='ocrx_word' id='word_1_156' title='bbox 2857 1049 2870 1096; x_wconf 94' lang='lat'>;</span> <span class='ocrx_word' id='word_1_157' title='bbox 2916 1032 3084 1100; x_wconf 79' lang='lat' dir='ltr'><strong>gloria</strong></span> <span class='ocrx_word' id='word_1_158' title='bbox 3120 1041 3298 1085; x_wconf 83' lang='lat' dir='ltr'><strong>autem</strong></span> <span class='ocrx_word' id='word_1_159' title='bbox 3332 1041 3416 1086; x_wconf 89' lang='lat' dir='ltr'><strong>est</strong></span> <span class='ocrx_word' id='word_1_160' title='bbox 3448 1032 3630 1093; x_wconf 79' lang='lat' dir='ltr'><strong>l’ater,</strong></span> 
     </span>
    </p>
   </div>
   <div class='ocr_carea' id='block_1_24' title="bbox 2051 1123 3632 1194">
    <p class='ocr_par' dir='ltr' id='par_1_24' title="bbox 2051 1123 3632 1194">
     <span class='ocr_line' id='line_1_24' title="bbox 2051 1123 3632 1194; baseline 0 -18"><span class='ocrx_word' id='word_1_161' title='bbox 2051 1127 2200 1177; x_wconf 84' lang='lat' dir='ltr'><strong>unde</strong></span> <span class='ocrx_word' id='word_1_162' title='bbox 2233 1125 2510 1194; x_wconf 85' lang='lat' dir='ltr'><strong>unigenita</strong></span> <span class='ocrx_word' id='word_1_163' title='bbox 2542 1125 2628 1177; x_wconf 88' lang='lat' dir='ltr'><strong>lux</strong></span> <span class='ocrx_word' id='word_1_164' title='bbox 2663 1123 3372 1192; x_wconf 82' lang='lat' dir='ltr'><strong>respleutluit),intelligant</strong></span> <span class='ocrx_word' id='word_1_165' title='bbox 3401 1125 3486 1176; x_wconf 92' lang='lat' dir='ltr'><strong>isti</strong></span> <span class='ocrx_word' id='word_1_166' title='bbox 3537 1124 3632 1192; x_wconf 86' lang='lat' dir='ltr'><strong>qui</strong></span> 
     </span>
    </p>
   </div>
   <div class='ocr_carea' id='block_1_25' title="bbox 2051 1215 3630 1286">
    <p class='ocr_par' dir='ltr' id='par_1_25' title="bbox 2051 1215 3630 1286">
     <span class='ocr_line' id='line_1_25' title="bbox 2051 1215 3630 1286; baseline -0.002 -14"><span class='ocrx_word' id='word_1_167' title='bbox 2051 1219 2318 1286; x_wconf 85' lang='lat' dir='ltr'><strong>sapientia</strong></span> <span class='ocrx_word' id='word_1_168' title='bbox 2357 1219 2660 1272; x_wconf 76' lang='lat' dir='ltr'><strong>emberant</strong></span> <span class='ocrx_word' id='word_1_169' title='bbox 2686 1258 2700 1280; x_wconf 92' lang='lat'><strong>,</strong></span> <span class='ocrx_word' id='word_1_170' title='bbox 2746 1231 2806 1270; x_wconf 85' lang='lat' dir='ltr'><strong>se</strong></span> <span class='ocrx_word' id='word_1_171' title='bbox 2849 1216 3238 1284; x_wconf 76' lang='lat' dir='ltr'><strong>Epicureorum</strong></span> <span class='ocrx_word' id='word_1_172' title='bbox 3281 1215 3630 1270; x_wconf 69' lang='lat' dir='ltr'><strong>decretorum</strong></span> 
     </span>
    </p>
   </div>
   <div class='ocr_carea' id='block_1_26' title="bbox 2051 1306 3630 1376">
    <p class='ocr_par' dir='ltr' id='par_1_26' title="bbox 2051 1306 3630 1376">
     <span class='ocr_line' id='line_1_26' title="bbox 2051 1306 3630 1376; baseline 0 -16"><span class='ocrx_word' id='word_1_173' title='bbox 2051 1319 2312 1376; x_wconf 87' lang='lat' dir='ltr'><strong>patronus</strong></span> <span class='ocrx_word' id='word_1_174' title='bbox 2342 1315 2394 1361; x_wconf 91' lang='lat' dir='ltr'><strong>et</strong></span> <span class='ocrx_word' id='word_1_175' title='bbox 2423 1307 2742 1361; x_wconf 79' lang='lat' dir='ltr'><strong>defensores</strong></span> <span class='ocrx_word' id='word_1_176' title='bbox 2771 1306 3091 1360; x_wconf 81' lang='lat' dir='ltr'><strong>manifestos</strong></span> <span class='ocrx_word' id='word_1_177' title='bbox 3113 1323 3254 1370; x_wconf 90' lang='lat' dir='ltr'><strong>esse,</strong></span> <span class='ocrx_word' id='word_1_178' title='bbox 3286 1315 3340 1360; x_wconf 90' lang='lat' dir='ltr'><strong>et</strong></span> <span class='ocrx_word' id='word_1_179' title='bbox 3369 1308 3630 1362; x_wconf 84' lang='lat' dir='ltr'><strong>christia-</strong></span> 
     </span>
    </p>
   </div>
   <div class='ocr_carea' id='block_1_27' title="bbox 2049 1396 3630 1468">
    <p class='ocr_par' dir='ltr' id='par_1_27' title="bbox 2049 1396 3630 1468">
     <span class='ocr_line' id='line_1_27' title="bbox 2049 1396 3630 1468; baseline 0 -18"><span class='ocrx_word' id='word_1_180' title='bbox 2049 1399 2216 1452; x_wconf 89' lang='lat' dir='ltr'><strong>nismi</strong></span> <span class='ocrx_word' id='word_1_181' title='bbox 2253 1406 2522 1468; x_wconf 72' lang='lat' dir='ltr'><strong>praetextu</strong></span> <span class='ocrx_word' id='word_1_182' title='bbox 2555 1414 2618 1450; x_wconf 84' lang='lat' dir='ltr'><strong>ac</strong></span> <span class='ocrx_word' id='word_1_183' title='bbox 2651 1399 2832 1466; x_wconf 87' lang='lat' dir='ltr'><strong>specie</strong></span> <span class='ocrx_word' id='word_1_184' title='bbox 2865 1396 3210 1468; x_wconf 77' lang='lat' dir='ltr'><strong>atlieiam(id</strong></span> <span class='ocrx_word' id='word_1_185' title='bbox 3253 1408 3338 1451; x_wconf 89' lang='lat' dir='ltr'><strong>est</strong></span> <span class='ocrx_word' id='word_1_186' title='bbox 3385 1399 3630 1466; x_wconf 80' lang='lat' dir='ltr'><strong>impieta-</strong></span> 
     </span>
    </p>
   </div>
   <div class='ocr_carea' id='block_1_28' title="bbox 2049 1487 3628 1558">
    <p class='ocr_par' dir='ltr' id='par_1_28' title="bbox 2049 1487 3628 1558">
     <span class='ocr_line' id='line_1_28' title="bbox 2049 1487 3628 1558; baseline 0.001 -17"><span class='ocrx_word' id='word_1_187' title='bbox 2049 1500 2187 1552; x_wconf 80' lang='lat' dir='ltr'><strong>tem,</strong></span> <span class='ocrx_word' id='word_1_188' title='bbox 2243 1490 2358 1542; x_wconf 77' lang='lat' dir='ltr'><strong>sive.</strong></span> <span class='ocrx_word' id='word_1_189' title='bbox 2405 1489 2502 1542; x_wconf 78' lang='lat' dir='ltr'><strong>Dei</strong></span> <span class='ocrx_word' id='word_1_190' title='bbox 2547 1489 3244 1558; x_wconf 81' lang='lat' dir='ltr'><strong>abuegatiouem)asserere.</strong></span> <span class='ocrx_word' id='word_1_191' title='bbox 3283 1487 3421 1542; x_wconf 87' lang='lat' dir='ltr'><strong>Cum</strong></span> <span class='ocrx_word' id='word_1_192' title='bbox 3456 1490 3628 1558; x_wconf 77' lang='lat' dir='ltr'><strong>igitur</strong></span> 
     </span>
    </p>
   </div>
   <div class='ocr_carea' id='block_1_29' title="bbox 2049 1580 3626 1650">
    <p class='ocr_par' dir='ltr' id='par_1_29' title="bbox 2049 1580 3626 1650">
     <span class='ocr_line' id='line_1_29' title="bbox 2049 1580 3626 1650; baseline 0.003 -18"><span class='ocrx_word' id='word_1_193' title='bbox 2049 1582 2122 1634; x_wconf 84' lang='lat' dir='ltr'><strong>sit</strong></span> <span class='ocrx_word' id='word_1_194' title='bbox 2151 1580 2354 1650; x_wconf 83' lang='lat' dir='ltr'><strong>duplex</strong></span> <span class='ocrx_word' id='word_1_195' title='bbox 2387 1597 2450 1634; x_wconf 77' lang='lat' dir='ltr'><strong>ex</strong></span> <span class='ocrx_word' id='word_1_196' title='bbox 2477 1583 2864 1634; x_wconf 82' lang='lat' dir='ltr'><strong>consecutione</strong></span> <span class='ocrx_word' id='word_1_197' title='bbox 2890 1581 3262 1634; x_wconf 87' lang='lat' dir='ltr'><strong>demonstrata</strong></span> <span class='ocrx_word' id='word_1_198' title='bbox 3289 1580 3626 1646; x_wconf 87' lang='lat' dir='ltr'><strong>absurditas,</strong></span> 
     </span>
    </p>
   </div>
   <div class='ocr_carea' id='block_1_30' title="bbox 2051 1671 3630 1735">
    <p class='ocr_par' dir='ltr' id='par_1_30' title="bbox 2051 1671 3630 1735">
     <span class='ocr_line' id='line_1_30' title="bbox 2051 1671 3630 1735; baseline 0.001 -10"><span class='ocrx_word' id='word_1_199' title='bbox 2051 1673 2134 1726; x_wconf 89' lang='lat' dir='ltr'><strong>vel</strong></span> <span class='ocrx_word' id='word_1_200' title='bbox 2161 1675 2388 1726; x_wconf 85' lang='lat' dir='ltr'><strong>omnino</strong></span> <span class='ocrx_word' id='word_1_201' title='bbox 2411 1671 2578 1726; x_wconf 90' lang='lat' dir='ltr'><strong>Deum</strong></span> <span class='ocrx_word' id='word_1_202' title='bbox 2605 1689 2714 1726; x_wconf 83' lang='lat' dir='ltr'><strong>non</strong></span> <span class='ocrx_word' id='word_1_203' title='bbox 2747 1687 2872 1726; x_wconf 84' lang='lat' dir='ltr'><strong>esse</strong></span> <span class='ocrx_word' id='word_1_204' title='bbox 2931 1681 2989 1724; x_wconf 92' lang='lat' dir='ltr'><strong>ut</strong></span> <span class='ocrx_word' id='word_1_205' title='bbox 3016 1673 3228 1735; x_wconf 75' lang='lat' dir='ltr'><strong>dicant,</strong></span> <span class='ocrx_word' id='word_1_206' title='bbox 3259 1673 3342 1728; x_wconf 87' lang='lat' dir='ltr'><strong>vel</strong></span> <span class='ocrx_word' id='word_1_207' title='bbox 3373 1690 3480 1726; x_wconf 89' lang='lat' dir='ltr'><strong>non</strong></span> <span class='ocrx_word' id='word_1_208' title='bbox 3504 1689 3630 1728; x_wconf 83' lang='lat' dir='ltr'><strong>esse</strong></span> 
     </span>
    </p>
   </div>
   <div class='ocr_carea' id='block_1_31' title="bbox 2043 1765 3627 1835">
    <p class='ocr_par' dir='ltr' id='par_1_31' title="bbox 2043 1765 3627 1835">
     <span class='ocr_line' id='line_1_31' title="bbox 2043 1765 3627 1835; baseline 0.003 -18"><span class='ocrx_word' id='word_1_209' title='bbox 2043 1766 2250 1833; x_wconf 84' lang='lat' dir='ltr'><strong>absque</strong></span> <span class='ocrx_word' id='word_1_210' title='bbox 2285 1765 2596 1834; x_wconf 89' lang='lat' dir='ltr'><strong>principio:</strong></span> <span class='ocrx_word' id='word_1_211' title='bbox 2634 1765 2780 1833; x_wconf 91' lang='lat' dir='ltr'><strong>quod</strong></span> <span class='ocrx_word' id='word_1_212' title='bbox 2818 1781 2882 1818; x_wconf 78' lang='lat' dir='ltr'><strong>ex</strong></span> <span class='ocrx_word' id='word_1_213' title='bbox 2919 1766 3001 1818; x_wconf 90' lang='lat' dir='ltr'><strong>his</strong></span> <span class='ocrx_word' id='word_1_214' title='bbox 3048 1767 3334 1820; x_wconf 80' lang='lat' dir='ltr'><strong>manifeste</strong></span> <span class='ocrx_word' id='word_1_215' title='bbox 3379 1767 3627 1835; x_wconf 74' lang='lat' dir='ltr'><strong>probatis</strong></span> 
     </span>
    </p>
   </div>
   <div class='ocr_carea' id='block_1_32' title="bbox 2043 1856 3628 1926">
    <p class='ocr_par' dir='ltr' id='par_1_32' title="bbox 2043 1856 3628 1926">
     <span class='ocr_line' id='line_1_32' title="bbox 2043 1856 3628 1926; baseline 0.001 -18"><span class='ocrx_word' id='word_1_216' title='bbox 2043 1857 2178 1924; x_wconf 84' lang='lat' dir='ltr'><strong>ipsis</strong></span> <span class='ocrx_word' id='word_1_217' title='bbox 2219 1856 2495 1912; x_wconf 71' lang='lat' dir='ltr'><strong>videbitur</strong></span> <span class='ocrx_word' id='word_1_218' title='bbox 2541 1857 2776 1925; x_wconf 84' lang='lat' dir='ltr'><strong>eligant,</strong></span> <span class='ocrx_word' id='word_1_219' title='bbox 2821 1858 2902 1908; x_wconf 82' lang='lat' dir='ltr'><strong>vel</strong></span> <span class='ocrx_word' id='word_1_220' title='bbox 2945 1867 3004 1909; x_wconf 93' lang='lat' dir='ltr'><strong>ut</strong></span> <span class='ocrx_word' id='word_1_221' title='bbox 3046 1857 3346 1910; x_wconf 77' lang='lat' dir='ltr'><strong>divinitatis</strong></span> <span class='ocrx_word' id='word_1_222' title='bbox 3394 1860 3628 1926; x_wconf 85' lang='lat' dir='ltr'><strong>abnega-</strong></span> 
     </span>
    </p>
   </div>
   <div class='ocr_carea' id='block_1_33' title="bbox 2043 1949 3628 2019">
    <p class='ocr_par' dir='ltr' id='par_1_33' title="bbox 2043 1949 3628 2019">
     <span class='ocr_line' id='line_1_33' title="bbox 2043 1949 3628 2019; baseline 0.003 -19"><span class='ocrx_word' id='word_1_223' title='bbox 2043 1956 2190 2003; x_wconf 89' lang='lat' dir='ltr'><strong>tores</strong></span> <span class='ocrx_word' id='word_1_224' title='bbox 2231 1949 2512 2012; x_wconf 84' lang='lat' dir='ltr'><strong>dicantur,</strong></span> <span class='ocrx_word' id='word_1_225' title='bbox 2549 1951 2632 2003; x_wconf 96' lang='lat' dir='ltr'><strong>vel</strong></span> <span class='ocrx_word' id='word_1_226' title='bbox 2661 1960 2718 2003; x_wconf 88' lang='lat' dir='ltr'><strong>ut</strong></span> <span class='ocrx_word' id='word_1_227' title='bbox 2745 1969 2852 2003; x_wconf 91' lang='lat' dir='ltr'><strong>non</strong></span> <span class='ocrx_word' id='word_1_228' title='bbox 2882 1953 3114 2018; x_wconf 84' lang='lat' dir='ltr'><strong>amplius</strong></span> <span class='ocrx_word' id='word_1_229' title='bbox 3139 1951 3431 2005; x_wconf 85' lang='lat' dir='ltr'><strong>essentiam</strong></span> <span class='ocrx_word' id='word_1_230' title='bbox 3475 1951 3628 2019; x_wconf 88' lang='lat' dir='ltr'><strong>prin-</strong></span> 
     </span>
    </p>
   </div>
   <div class='ocr_carea' id='block_1_34' title="bbox 361 2013 1931 2108">
    <p class='ocr_par' dir='ltr' id='par_1_34' title="bbox 361 2030 1931 2104">
     <span class='ocr_line' id='line_1_34' title="bbox 361 2030 1931 2104; baseline -0.003 -18"><span class='ocrx_word' id='word_1_231' title='bbox 361 2030 508 2086; x_wconf 68' lang='grc' dir='ltr'>κελαι</span> <span class='ocrx_word' id='word_1_232' title='bbox 543 2033 634 2086; x_wconf 81' lang='grc' dir='ltr'>καὶ</span> <span class='ocrx_word' id='word_1_233' title='bbox 671 2032 930 2104; x_wconf 83' lang='grc' dir='ltr'>ἄστροφοι</span> <span class='ocrx_word' id='word_1_234' title='bbox 957 2033 1064 2086; x_wconf 84' lang='grc' dir='ltr'>τῶν</span> <span class='ocrx_word' id='word_1_235' title='bbox 1089 2033 1370 2101; x_wconf 85' lang='grc' dir='ltr'>ὀνομάτων</span> <span class='ocrx_word' id='word_1_236' title='bbox 1407 2031 1794 2100; x_wconf 75' lang='grc' dir='ltr'>ἀντιστροφαίς</span> <span class='ocrx_word' id='word_1_237' title='bbox 1825 2031 1931 2084; x_wconf 82' lang='grc' dir='ltr'>Ποῦ</span> 
     </span>
    </p>
   </div>
   <div class='ocr_carea' id='block_1_35' title="bbox 2034 2013 3626 2108">
    <p class='ocr_par' dir='ltr' id='par_1_35' title="bbox 2038 2039 3626 2108">
     <span class='ocr_line' id='line_1_35' title="bbox 2038 2039 3626 2108; baseline 0.001 -17"><span class='ocrx_word' id='word_1_238' title='bbox 2038 2039 2182 2108; x_wconf 88' lang='lat' dir='ltr'><strong>cipio</strong></span> <span class='ocrx_word' id='word_1_239' title='bbox 2206 2049 2482 2094; x_wconf 87' lang='lat' dir='ltr'><strong>carentem</strong></span> <span class='ocrx_word' id='word_1_240' title='bbox 2515 2041 2658 2093; x_wconf 87' lang='lat' dir='ltr'><strong>Patri</strong></span> <span class='ocrx_word' id='word_1_241' title='bbox 2685 2057 2805 2094; x_wconf 69' lang='lat' dir='ltr'><strong>esse</strong></span> <span class='ocrx_word' id='word_1_242' title='bbox 2835 2041 3119 2094; x_wconf 73' lang='lat' dir='ltr'><strong>allii-ment.</strong></span> <span class='ocrx_word' id='word_1_243' title='bbox 3166 2040 3455 2094; x_wconf 83' lang='lat' dir='ltr'><strong>Enimvero</strong></span> <span class='ocrx_word' id='word_1_244' title='bbox 3483 2041 3626 2094; x_wconf 88' lang='lat' dir='ltr'><strong>veri-</strong></span> 
     </span>
    </p>
   </div>
   <div class='ocr_carea' id='block_1_36' title="bbox 361 2121 1940 2194">
    <p class='ocr_par' dir='ltr' id='par_1_36' title="bbox 361 2121 1940 2194">
     <span class='ocr_line' id='line_1_36' title="bbox 361 2121 1940 2194; baseline 0 -20"><span class='ocrx_word' id='word_1_245' title='bbox 361 2125 398 2194; x_wconf 81' lang='grc' dir='ltr'><strong>ή</strong></span> <span class='ocrx_word' id='word_1_246' title='bbox 427 2123 708 2192; x_wconf 86' lang='grc' dir='ltr'>ἀμήχανος</span> <span class='ocrx_word' id='word_1_247' title='bbox 733 2123 844 2178; x_wconf 84' lang='grc' dir='ltr'><strong>τῶν</strong></span> <span class='ocrx_word' id='word_1_248' title='bbox 885 2124 1256 2194; x_wconf 79' lang='grc' dir='ltr'>συλλογισμῶν</span> <span class='ocrx_word' id='word_1_249' title='bbox 1305 2124 1540 2193; x_wconf 83' lang='grc' dir='ltr'>ἀνάγκη,</span> <span class='ocrx_word' id='word_1_250' title='bbox 1584 2123 1672 2176; x_wconf 88' lang='grc' dir='ltr'><strong>διά</strong></span> <span class='ocrx_word' id='word_1_251' title='bbox 1715 2123 1814 2194; x_wconf 85' lang='grc' dir='ltr'>τῆς</span> <span class='ocrx_word' id='word_1_252' title='bbox 1847 2121 1940 2176; x_wconf 78' lang='grc' dir='ltr'>τοῦ</span> 
     </span>
    </p>
   </div>
   <div class='ocr_carea' id='block_1_37' title="bbox 359 2213 1942 2288">
    <p class='ocr_par' dir='ltr' id='par_1_37' title="bbox 359 2213 1942 2288">
     <span class='ocr_line' id='line_1_37' title="bbox 359 2213 1942 2288; baseline 0.001 -22"><span class='ocrx_word' id='word_1_253' title='bbox 359 2215 654 2284; x_wconf 82' lang='grc' dir='ltr'>ἀγεννήτου</span> <span class='ocrx_word' id='word_1_254' title='bbox 697 2215 835 2286; x_wconf 85' lang='grc' dir='ltr'>πρὸς</span> <span class='ocrx_word' id='word_1_255' title='bbox 875 2215 936 2268; x_wconf 86' lang='grc' dir='ltr'><strong>τὺ</strong></span> <span class='ocrx_word' id='word_1_256' title='bbox 963 2217 1218 2286; x_wconf 80' lang='grc' dir='ltr'>γεννητὸν</span> <span class='ocrx_word' id='word_1_257' title='bbox 1245 2215 1528 2286; x_wconf 72' lang='grc' dir='ltr'>διαστφλῆς</span> <span class='ocrx_word' id='word_1_258' title='bbox 1551 2213 1650 2279; x_wconf 81' lang='grc' dir='ltr'>τὰς</span> <span class='ocrx_word' id='word_1_259' title='bbox 1674 2213 1942 2288; x_wconf 79' lang='grc' dir='ltr'>γραώδεις</span> 
     </span>
    </p>
   </div>
   <div class='ocr_carea' id='block_1_38' title="bbox 359 2306 1005 2378">
    <p class='ocr_par' dir='ltr' id='par_1_38' title="bbox 359 2306 1005 2378">
     <span class='ocr_line' id='line_1_38' title="bbox 359 2306 1005 2378; baseline 0.006 -20"><span class='ocrx_word' id='word_1_260' title='bbox 359 2307 528 2370; x_wconf 71' lang='grc' dir='ltr'>ἀκοὰς</span> <span class='ocrx_word' id='word_1_261' title='bbox 563 2323 628 2360; x_wconf 89' lang='grc' dir='ltr'>πε</span> <span class='ocrx_word' id='word_1_262' title='bbox 636 2306 970 2378; x_wconf 76' lang='grc' dir='ltr'>ριδομϐοὖσα</span> <span class='ocrx_word' id='word_1_263' title='bbox 992 2325 1005 2372; x_wconf 89' lang='lat'>;</span> 
     </span>
    </p>
   </div>
   <div class='ocr_carea' id='block_1_39' title="bbox 2039 2131 3618 2202">
    <p class='ocr_par' dir='ltr' id='par_1_39' title="bbox 2039 2131 3618 2202">
     <span class='ocr_line' id='line_1_39' title="bbox 2039 2131 3618 2202; baseline 0.003 -20"><span class='ocrx_word' id='word_1_264' title='bbox 2039 2132 2219 2186; x_wconf 88' lang='lat' dir='ltr'><strong>simile</strong></span> <span class='ocrx_word' id='word_1_265' title='bbox 2267 2140 2353 2186; x_wconf 90' lang='lat' dir='ltr'><strong>est</strong></span> <span class='ocrx_word' id='word_1_266' title='bbox 2393 2133 2541 2200; x_wconf 91' lang='lat' dir='ltr'><strong>ipsos</strong></span> <span class='ocrx_word' id='word_1_267' title='bbox 2593 2131 2779 2202; x_wconf 78' lang='lat' dir='ltr'><strong>fugere</strong></span> <span class='ocrx_word' id='word_1_268' title='bbox 2827 2132 2920 2186; x_wconf 62' lang='lat' dir='ltr'><strong>Dei</strong></span> <span class='ocrx_word' id='word_1_269' title='bbox 2975 2145 3259 2202; x_wconf 80' lang='lat' dir='ltr'><strong>negatores</strong></span> <span class='ocrx_word' id='word_1_270' title='bbox 3291 2133 3618 2188; x_wconf 73' lang='lat' dir='ltr'><strong>existimari.</strong></span> 
     </span>
    </p>
   </div>
   <div class='ocr_carea' id='block_1_40' title="bbox 2043 2205 3623 2292">
    <p class='ocr_par' dir='ltr' id='par_1_40' title="bbox 2043 2205 3623 2292">
     <span class='ocr_line' id='line_1_40' title="bbox 2043 2205 3623 2292; baseline 0.003 -19"><span class='ocrx_word' id='word_1_271' title='bbox 2043 2222 2332 2291; x_wconf 79' lang='lat' dir='ltr'><strong>Reliquum</strong></span> <span class='ocrx_word' id='word_1_272' title='bbox 2375 2233 2460 2276; x_wconf 89' lang='lat' dir='ltr'><strong>est</strong></span> <span class='ocrx_word' id='word_1_273' title='bbox 2500 2225 2665 2292; x_wconf 86' lang='lat' dir='ltr'><strong>igitur</strong></span> <span class='ocrx_word' id='word_1_274' title='bbox 2697 2241 2796 2279; x_wconf 81' lang='lat' dir='ltr'><strong>eos</strong></span> <span class='ocrx_word' id='word_1_275' title='bbox 2836 2205 3084 2279; x_wconf 79' lang='lat' dir='ltr'><strong>astruere</strong></span> <span class='ocrx_word' id='word_1_276' title='bbox 3139 2226 3302 2278; x_wconf 81' lang='lat' dir='ltr'><strong>Deum</strong></span> <span class='ocrx_word' id='word_1_277' title='bbox 3343 2241 3448 2278; x_wconf 87' lang='lat' dir='ltr'><strong>non</strong></span> <span class='ocrx_word' id='word_1_278' title='bbox 3499 2241 3623 2279; x_wconf 82' lang='lat' dir='ltr'><strong>esse</strong></span> 
     </span>
    </p>
   </div>
   <div class='ocr_carea' id='block_1_41' title="bbox 2041 2313 3622 2382">
    <p class='ocr_par' dir='ltr' id='par_1_41' title="bbox 2041 2313 3622 2382">
     <span class='ocr_line' id='line_1_41' title="bbox 2041 2313 3622 2382; baseline -0.001 -14"><span class='ocrx_word' id='word_1_279' title='bbox 2041 2321 2326 2376; x_wconf 67' lang='lat' dir='ltr'><strong>aeternum.</strong></span> <span class='ocrx_word' id='word_1_280' title='bbox 2376 2315 2530 2378; x_wconf 78' lang='lat' dir='ltr'><strong>Quod</strong></span> <span class='ocrx_word' id='word_1_281' title='bbox 2581 2315 2626 2368; x_wconf 92' lang='lat' dir='ltr'><strong>si</strong></span> <span class='ocrx_word' id='word_1_282' title='bbox 2693 2315 3028 2374; x_wconf 87' lang='lat' dir='ltr'><strong>lioc_eoruin</strong></span> <span class='ocrx_word' id='word_1_283' title='bbox 3080 2329 3200 2382; x_wconf 75' lang='lat' dir='ltr'><strong>qua:</strong></span> <span class='ocrx_word' id='word_1_284' title='bbox 3247 2313 3622 2368; x_wconf 82' lang='lat' dir='ltr'><strong>demonstrata</strong></span> 
     </span>
    </p>
   </div>
   <div class='ocr_carea' id='block_1_42' title="bbox 358 2401 3624 2474">
    <p class='ocr_par' dir='ltr' id='par_1_42' title="bbox 358 2401 3624 2474">
     <span class='ocr_line' id='line_1_42' title="bbox 358 2401 3624 2474; baseline 0.002 -22"><span class='ocrx_word' id='word_1_285' title='bbox 358 2410 488 2453; x_wconf 83' lang='lat' dir='ltr'><strong>sunt</strong></span> <span class='ocrx_word' id='word_1_286' title='bbox 508 2403 896 2472; x_wconf 87' lang='lat' dir='ltr'><strong>consequentia</strong></span> <span class='ocrx_word' id='word_1_287' title='bbox 925 2403 1068 2472; x_wconf 86' lang='lat' dir='ltr'><strong>cogit</strong></span> <span class='ocrx_word' id='word_1_288' title='bbox 1101 2402 1436 2465; x_wconf 85' lang='lat' dir='ltr'><strong>necessario,</strong></span> <span class='ocrx_word' id='word_1_289' title='bbox 1465 2402 1554 2456; x_wconf 90' lang='lat' dir='ltr'><strong>ubi</strong></span> <span class='ocrx_word' id='word_1_290' title='bbox 1587 2401 1752 2456; x_wconf 73' lang='lat' dir='ltr'><strong>varia-</strong></span> <span class='ocrx_word' id='word_1_291' title='bbox 1780 2411 1835 2456; x_wconf 90' lang='lat' dir='ltr'><strong>et</strong></span> <span class='ocrx_word' id='word_1_292' title='bbox 1857 2402 2128 2460; x_wconf 77' lang='lat' dir='ltr'><strong>irretortu:</strong></span> <span class='ocrx_word' id='word_1_293' title='bbox 2160 2411 2440 2460; x_wconf 90' lang='lat' dir='ltr'><strong>nominum</strong></span> <span class='ocrx_word' id='word_1_294' title='bbox 2485 2409 2786 2474; x_wconf 84' lang='lat' dir='ltr'><strong>reciprocae</strong></span> <span class='ocrx_word' id='word_1_295' title='bbox 2849 2408 3277 2462; x_wconf 87' lang='lat' dir='ltr'><strong>conversiones?</strong></span> <span class='ocrx_word' id='word_1_296' title='bbox 3343 2407 3434 2461; x_wconf 88' lang='lat' dir='ltr'><strong>ubi</strong></span> <span class='ocrx_word' id='word_1_297' title='bbox 3503 2407 3624 2462; x_wconf 85' lang='lat' dir='ltr'><strong>ine-</strong></span> 
     </span>
    </p>
   </div>
   <div class='ocr_carea' id='block_1_43' title="bbox 355 2493 3623 2569">
    <p class='ocr_par' dir='ltr' id='par_1_43' title="bbox 355 2493 3623 2569">
     <span class='ocr_line' id='line_1_43' title="bbox 355 2493 3623 2569; baseline 0.001 -21"><span class='ocrx_word' id='word_1_298' title='bbox 355 2493 634 2551; x_wconf 85' lang='lat' dir='ltr'><strong>luctahilis</strong></span> <span class='ocrx_word' id='word_1_299' title='bbox 675 2495 1116 2566; x_wconf 73' lang='lat' dir='ltr'><strong>syllogismorum</strong></span> <span class='ocrx_word' id='word_1_300' title='bbox 1161 2496 1502 2559; x_wconf 81' lang='lat' dir='ltr'><strong>necessitas,</strong></span> <span class='ocrx_word' id='word_1_301' title='bbox 1549 2511 1647 2566; x_wconf 86' lang='lat' dir='ltr'><strong>per</strong></span> <span class='ocrx_word' id='word_1_302' title='bbox 1705 2495 1942 2566; x_wconf 81' lang='lat' dir='ltr'><strong>ingeniti</strong></span> <span class='ocrx_word' id='word_1_303' title='bbox 1978 2511 2102 2554; x_wconf 90' lang='lat' dir='ltr'><strong>cum</strong></span> <span class='ocrx_word' id='word_1_304' title='bbox 2143 2499 2325 2569; x_wconf 85' lang='lat' dir='ltr'><strong>genito</strong></span> <span class='ocrx_word' id='word_1_305' title='bbox 2359 2499 2720 2554; x_wconf 86' lang='lat' dir='ltr'><strong>dill‘erentiam</strong></span> <span class='ocrx_word' id='word_1_306' title='bbox 2757 2499 2964 2554; x_wconf 89' lang='lat' dir='ltr'><strong>circum</strong></span> <span class='ocrx_word' id='word_1_307' title='bbox 2995 2500 3167 2554; x_wconf 90' lang='lat' dir='ltr'><strong>aniles</strong></span> <span class='ocrx_word' id='word_1_308' title='bbox 3227 2509 3389 2552; x_wconf 82' lang='lat' dir='ltr'><strong>aures</strong></span> <span class='ocrx_word' id='word_1_309' title='bbox 3467 2497 3623 2552; x_wconf 88' lang='lat' dir='ltr'><strong>hom-</strong></span> 
     </span>
    </p>
   </div>
   <div class='ocr_carea' id='block_1_44' title="bbox 357 2589 574 2644">
    <p class='ocr_par' dir='ltr' id='par_1_44' title="bbox 357 2589 574 2644">
     <span class='ocr_line' id='line_1_44' title="bbox 357 2589 574 2644; baseline -0.005 -2"><span class='ocrx_word' id='word_1_310' title='bbox 357 2589 574 2644; x_wconf 84' lang='lat' dir='ltr'><strong>bilans?</strong></span> 
     </span>
    </p>
   </div>
   <div class='ocr_carea' id='block_1_45' title="bbox 437 2685 1950 2757">
    <p class='ocr_par' dir='ltr' id='par_1_45' title="bbox 437 2685 1950 2757">
     <span class='ocr_line' id='line_1_45' title="bbox 437 2685 1950 2757; baseline 0.001 -19"><span class='ocrx_word' id='word_1_311' title='bbox 437 2685 597 2738; x_wconf 83' lang='grc' dir='ltr'><strong>Ἀλλά</strong></span> <span class='ocrx_word' id='word_1_312' title='bbox 633 2685 806 2739; x_wconf 80' lang='grc' dir='ltr'>ταῦτα</span> <span class='ocrx_word' id='word_1_313' title='bbox 838 2687 935 2756; x_wconf 83' lang='grc' dir='ltr'>μὲν</span> <span class='ocrx_word' id='word_1_314' title='bbox 965 2688 1046 2748; x_wconf 84' lang='grc' dir='ltr'>είς</span> <span class='ocrx_word' id='word_1_315' title='bbox 1087 2685 1358 2738; x_wconf 80' lang='grc' dir='ltr'>τοσοῦτον.</span> <span class='ocrx_word' id='word_1_316' title='bbox 1403 2685 1594 2750; x_wconf 80' lang='grc' dir='ltr'>Καλῶς</span> <span class='ocrx_word' id='word_1_317' title='bbox 1637 2687 1682 2738; x_wconf 82' lang='grc' dir='ltr'>δ’</span> <span class='ocrx_word' id='word_1_318' title='bbox 1728 2688 1794 2740; x_wconf 80' lang='grc' dir='ltr'><strong>ἂν</strong></span> <span class='ocrx_word' id='word_1_319' title='bbox 1825 2687 1950 2757; x_wconf 73' lang='grc' dir='ltr'>ἔχει</span> 
     </span>
    </p>
   </div>
   <div class='ocr_carea' id='block_1_46' title="bbox 359 2774 1936 2848">
    <p class='ocr_par' dir='ltr' id='par_1_46' title="bbox 359 2774 1936 2848">
     <span class='ocr_line' id='line_1_46' title="bbox 359 2774 1936 2848; baseline 0.001 -21"><span class='ocrx_word' id='word_1_320' title='bbox 359 2774 494 2845; x_wconf 83' lang='grc' dir='ltr'>μηδὲ</span> <span class='ocrx_word' id='word_1_321' title='bbox 520 2775 582 2828; x_wconf 83' lang='grc' dir='ltr'>τὸ</span> <span class='ocrx_word' id='word_1_322' title='bbox 610 2775 808 2846; x_wconf 80' lang='grc' dir='ltr'>ἑφεξῆς</span> <span class='ocrx_word' id='word_1_323' title='bbox 843 2777 1089 2848; x_wconf 78' lang='grc' dir='ltr'>παριδεῖν</span> <span class='ocrx_word' id='word_1_324' title='bbox 1127 2777 1484 2842; x_wconf 81' lang='grc' dir='ltr'>ἀνεξέταστον</span> <span class='ocrx_word' id='word_1_325' title='bbox 1507 2794 1522 2808; x_wconf 72' lang='grc' dir='ltr'>σ</span> <span class='ocrx_word' id='word_1_326' title='bbox 1551 2778 1846 2831; x_wconf 86' lang='grc' dir='ltr'>σιωπάσθω</span> <span class='ocrx_word' id='word_1_327' title='bbox 1877 2779 1936 2830; x_wconf 80' lang='grc' dir='ltr'>δὲ</span> 
     </span>
    </p>
   </div>
   <div class='ocr_carea' id='block_1_47' title="bbox 352 2862 1936 2939">
    <p class='ocr_par' dir='ltr' id='par_1_47' title="bbox 352 2862 1936 2939">
     <span class='ocr_line' id='line_1_47' title="bbox 352 2862 1936 2939; baseline 0 -19"><span class='ocrx_word' id='word_1_328' title='bbox 352 2867 424 2920; x_wconf 76' lang='grc' dir='ltr'>τὰ</span> <span class='ocrx_word' id='word_1_329' title='bbox 444 2867 532 2920; x_wconf 89' lang='grc' dir='ltr'><strong>διά</strong></span> <span class='ocrx_word' id='word_1_330' title='bbox 563 2867 728 2934; x_wconf 80' lang='grc' dir='ltr'>μέσου</span> <span class='ocrx_word' id='word_1_331' title='bbox 761 2867 1007 2936; x_wconf 86' lang='grc' dir='ltr'>παίγνια.</span> <span class='ocrx_word' id='word_1_332' title='bbox 1040 2867 1120 2931; x_wconf 77' lang='grc' dir='ltr'>οἷς</span> <span class='ocrx_word' id='word_1_333' title='bbox 1153 2870 1182 2920; x_wconf 90' lang='grc' dir='ltr'><strong>ό</strong></span> <span class='ocrx_word' id='word_1_334' title='bbox 1213 2868 1384 2931; x_wconf 79' lang='grc' dir='ltr'>δεινὸς</span> <span class='ocrx_word' id='word_1_335' title='bbox 1413 2862 1568 2931; x_wconf 70' lang='grc' dir='ltr'>οὗτος</span> <span class='ocrx_word' id='word_1_336' title='bbox 1599 2869 1781 2939; x_wconf 75' lang='grc' dir='ltr'>ῥήτωρ</span> <span class='ocrx_word' id='word_1_337' title='bbox 1819 2887 1936 2938; x_wconf 77' lang='grc' dir='ltr'>μει-</span> 
     </span>
    </p>
   </div>
   <div class='ocr_carea' id='block_1_48' title="bbox 357 2958 1936 3030">
    <p class='ocr_par' dir='ltr' id='par_1_48' title="bbox 357 2958 1936 3030">
     <span class='ocr_line' id='line_1_48' title="bbox 357 2958 1936 3030; baseline 0.001 -19"><span class='ocrx_word' id='word_1_338' title='bbox 357 2958 633 3030; x_wconf 83' lang='grc' dir='ltr'>ρακιωδῶς</span> <span class='ocrx_word' id='word_1_339' title='bbox 655 2959 1028 3029; x_wconf 77' lang='grc' dir='ltr'>ἐναϐρύνεται,</span> <span class='ocrx_word' id='word_1_340' title='bbox 1079 2961 1186 3012; x_wconf 76' lang='grc' dir='ltr'>εἴτε</span> <span class='ocrx_word' id='word_1_341' title='bbox 1213 2961 1422 3024; x_wconf 79' lang='grc' dir='ltr'>παίζων</span> <span class='ocrx_word' id='word_1_342' title='bbox 1443 3003 1456 3022; x_wconf 88' lang='grc'><strong>,</strong></span> <span class='ocrx_word' id='word_1_343' title='bbox 1481 2960 1590 3011; x_wconf 78' lang='grc' dir='ltr'>εἴτε</span> <span class='ocrx_word' id='word_1_344' title='bbox 1623 2961 1936 3024; x_wconf 70' lang='grc' dir='ltr'>σπουδάζων</span> 
     </span>
    </p>
   </div>
   <div class='ocr_carea' id='block_1_49' title="bbox 357 3050 1936 3122">
    <p class='ocr_par' dir='ltr' id='par_1_49' title="bbox 357 3050 1936 3122">
     <span class='ocr_line' id='line_1_49' title="bbox 357 3050 1936 3122; baseline 0.001 -19"><span class='ocrx_word' id='word_1_345' title='bbox 357 3053 416 3103; x_wconf 81' lang='grc' dir='ltr'>ὲν</span> <span class='ocrx_word' id='word_1_346' title='bbox 447 3053 567 3113; x_wconf 87' lang='grc' dir='ltr'>ταῖς</span> <span class='ocrx_word' id='word_1_347' title='bbox 591 3050 712 3104; x_wconf 83' lang='grc' dir='ltr'>καθ’</span> <span class='ocrx_word' id='word_1_348' title='bbox 739 3053 772 3120; x_wconf 89' lang='grc' dir='ltr'><strong>ή</strong></span> <span class='ocrx_word' id='word_1_349' title='bbox 781 3050 897 3121; x_wconf 86' lang='grc' dir='ltr'><strong>μῶν</strong></span> <span class='ocrx_word' id='word_1_350' title='bbox 926 3051 1231 3120; x_wconf 80' lang='grc' dir='ltr'>λοιδορίαις,</span> <span class='ocrx_word' id='word_1_351' title='bbox 1255 3051 1329 3114; x_wconf 86' lang='grc' dir='ltr'>ὡς</span> <span class='ocrx_word' id='word_1_352' title='bbox 1355 3052 1442 3104; x_wconf 80' lang='grc' dir='ltr'>διὰ</span> <span class='ocrx_word' id='word_1_353' title='bbox 1463 3051 1652 3103; x_wconf 88' lang='grc' dir='ltr'>τούτου</span> <span class='ocrx_word' id='word_1_354' title='bbox 1673 3052 1936 3122; x_wconf 75' lang='grc' dir='ltr'>κρείττων</span> 
     </span>
    </p>
   </div>
   <div class='ocr_carea' id='block_1_50' title="bbox 356 3143 1935 3214">
    <p class='ocr_par' dir='ltr' id='par_1_50' title="bbox 356 3143 1935 3214">
     <span class='ocr_line' id='line_1_50' title="bbox 356 3143 1935 3214; baseline 0.001 -19"><span class='ocrx_word' id='word_1_355' title='bbox 356 3144 497 3195; x_wconf 82' lang='grc' dir='ltr'><strong>κατά</strong></span> <span class='ocrx_word' id='word_1_356' title='bbox 549 3143 639 3196; x_wconf 78' lang='grc' dir='ltr'><strong>τὸν</strong></span> <span class='ocrx_word' id='word_1_357' title='bbox 673 3143 828 3212; x_wconf 82' lang='grc' dir='ltr'>λόγον</span> <span class='ocrx_word' id='word_1_358' title='bbox 876 3143 1152 3212; x_wconf 79' lang='grc' dir='ltr'>ἐσόμενος.</span> <span class='ocrx_word' id='word_1_359' title='bbox 1195 3143 1270 3196; x_wconf 88' lang='grc' dir='ltr'><strong>Οὐ</strong></span> <span class='ocrx_word' id='word_1_360' title='bbox 1314 3143 1423 3214; x_wconf 82' lang='grc' dir='ltr'><strong>γὰρ</strong></span> <span class='ocrx_word' id='word_1_361' title='bbox 1455 3143 1517 3214; x_wconf 83' lang='grc' dir='ltr'>δὴ</span> <span class='ocrx_word' id='word_1_362' title='bbox 1572 3143 1816 3213; x_wconf 85' lang='grc' dir='ltr'>βιάσεταί</span> <span class='ocrx_word' id='word_1_363' title='bbox 1852 3161 1935 3206; x_wconf 89' lang='grc' dir='ltr'><strong>τις</strong></span> 
     </span>
    </p>
   </div>
   <div class='ocr_carea' id='block_1_51' title="bbox 355 3233 1934 3306">
    <p class='ocr_par' dir='ltr' id='par_1_51' title="bbox 355 3233 1934 3306">
     <span class='ocr_line' id='line_1_51' title="bbox 355 3233 1934 3306; baseline -0.003 -17"><span class='ocrx_word' id='word_1_364' title='bbox 355 3237 521 3305; x_wconf 79' lang='grc' dir='ltr'>ἡμᾶς,</span> <span class='ocrx_word' id='word_1_365' title='bbox 564 3236 740 3304; x_wconf 82' lang='grc' dir='ltr'>ἣτοίς</span> <span class='ocrx_word' id='word_1_366' title='bbox 783 3237 952 3302; x_wconf 81' lang='grc' dir='ltr'>λοξοῖς</span> <span class='ocrx_word' id='word_1_367' title='bbox 979 3237 1047 3289; x_wconf 82' lang='grc' dir='ltr'>τὰ</span> <span class='ocrx_word' id='word_1_368' title='bbox 1094 3237 1316 3306; x_wconf 70' lang='grc' dir='ltr'>ὄμματα</span> <span class='ocrx_word' id='word_1_369' title='bbox 1359 3235 1794 3305; x_wconf 83' lang='grc' dir='ltr'>συνδιαστρέφειν</span> <span class='ocrx_word' id='word_1_370' title='bbox 1835 3233 1934 3296; x_wconf 86' lang='grc' dir='ltr'>τὰς</span> 
     </span>
    </p>
   </div>
   <div class='ocr_carea' id='block_1_52' title="bbox 353 3325 1928 3398">
    <p class='ocr_par' dir='ltr' id='par_1_52' title="bbox 353 3325 1928 3398">
     <span class='ocr_line' id='line_1_52' title="bbox 353 3325 1928 3398; baseline -0.003 -18"><span class='ocrx_word' id='word_1_371' title='bbox 353 3327 574 3398; x_wconf 56' lang='grc' dir='ltr'>ὕψειςῆ</span> <span class='ocrx_word' id='word_1_372' title='bbox 595 3331 710 3392; x_wconf 86' lang='grc' dir='ltr'>τοῖς</span> <span class='ocrx_word' id='word_1_373' title='bbox 725 3327 1126 3398; x_wconf 51' lang='grc' dir='ltr'>ὑπὸ-δαιμονίας</span> <span class='ocrx_word' id='word_1_374' title='bbox 1146 3328 1300 3380; x_wconf 85' lang='grc' dir='ltr'>νόσου</span> <span class='ocrx_word' id='word_1_375' title='bbox 1325 3325 1786 3396; x_wconf 83' lang='grc' dir='ltr'>παραπεπληγόσι</span> <span class='ocrx_word' id='word_1_376' title='bbox 1805 3342 1928 3377; x_wconf 88' lang='grc' dir='ltr'>συν-</span> 
     </span>
    </p>
   </div>
   <div class='ocr_carea' id='block_1_53' title="bbox 353 3385 1930 3492">
    <p class='ocr_par' dir='ltr' id='par_1_53' title="bbox 353 3385 1930 3492">
     <span class='ocr_line' id='line_1_53' title="bbox 353 3385 1930 3492; baseline -0.004 -17"><span class='ocrx_word' id='word_1_377' title='bbox 353 3385 856 3492; x_wconf 53' lang='grc' dir='ltr'>διαστρεϐλοῦσθαιτ</span> <span class='ocrx_word' id='word_1_378' title='bbox 893 3417 1306 3483; x_wconf 79' lang='grc' dir='ltr'>συνεξὰλλεσθαι</span> <span class='ocrx_word' id='word_1_379' title='bbox 1336 3417 1427 3470; x_wconf 76' lang='grc' dir='ltr'>καὶ</span> <span class='ocrx_word' id='word_1_380' title='bbox 1467 3417 1930 3486; x_wconf 77' lang='grc' dir='ltr'>συγκαταπίπτειν</span> 
     </span>
    </p>
   </div>
   <div class='ocr_carea' id='block_1_54' title="bbox 351 3508 1930 3582">
    <p class='ocr_par' dir='ltr' id='par_1_54' title="bbox 351 3508 1930 3582">
     <span class='ocr_line' id='line_1_54' title="bbox 351 3508 1930 3582; baseline -0.004 -17"><span class='ocrx_word' id='word_1_381' title='bbox 351 3513 432 3582; x_wconf 87' lang='grc' dir='ltr'>τῷ</span> <span class='ocrx_word' id='word_1_382' title='bbox 475 3511 706 3581; x_wconf 83' lang='grc' dir='ltr'>σώματι.</span> <span class='ocrx_word' id='word_1_383' title='bbox 757 3510 894 3562; x_wconf 71' lang='grc' dir='ltr'><strong>Ἀλλ’</strong></span> <span class='ocrx_word' id='word_1_384' title='bbox 934 3511 1176 3572; x_wconf 77' lang='grc' dir='ltr'>ἐκείνους</span> <span class='ocrx_word' id='word_1_385' title='bbox 1208 3509 1306 3578; x_wconf 79' lang='grc' dir='ltr'>μὲν</span> <span class='ocrx_word' id='word_1_386' title='bbox 1332 3510 1644 3578; x_wconf 75' lang='grc' dir='ltr'>ἐλεήσομεν,</span> <span class='ocrx_word' id='word_1_387' title='bbox 1685 3511 1844 3578; x_wconf 79' lang='grc' dir='ltr'>ἡμεῖς</span> <span class='ocrx_word' id='word_1_388' title='bbox 1875 3508 1930 3560; x_wconf 80' lang='grc' dir='ltr'>δὲ</span> 
     </span>
    </p>
   </div>
   <div class='ocr_carea' id='block_1_55' title="bbox 353 3599 1932 3670">
    <p class='ocr_par' dir='ltr' id='par_1_55' title="bbox 353 3599 1932 3670">
     <span class='ocr_line' id='line_1_55' title="bbox 353 3599 1932 3670; baseline -0.004 -15"><span class='ocrx_word' id='word_1_389' title='bbox 353 3602 446 3655; x_wconf 81' lang='grc' dir='ltr'>τοῦ</span> <span class='ocrx_word' id='word_1_390' title='bbox 464 3600 860 3669; x_wconf 83' lang='grc' dir='ltr'><strong>καθεστηκότος</strong></span> <span class='ocrx_word' id='word_1_391' title='bbox 879 3601 978 3654; x_wconf 85' lang='grc' dir='ltr'>οὑκ</span> <span class='ocrx_word' id='word_1_392' title='bbox 1000 3602 1164 3670; x_wconf 77' lang='grc' dir='ltr'>ἐκστη</span> <span class='ocrx_word' id='word_1_393' title='bbox 1175 3601 1394 3670; x_wconf 82' lang='grc' dir='ltr'>σόμεθα.</span> <span class='ocrx_word' id='word_1_394' title='bbox 1420 3601 1556 3668; x_wconf 73' lang='grc' dir='ltr'>Φησὶ</span> <span class='ocrx_word' id='word_1_395' title='bbox 1575 3599 1750 3650; x_wconf 84' lang='grc' dir='ltr'>τοίνυν</span> <span class='ocrx_word' id='word_1_396' title='bbox 1773 3599 1932 3666; x_wconf 82' lang='grc' dir='ltr'><strong>στρὲ-</strong></span> 
     </span>
    </p>
   </div>
   <div class='ocr_carea' id='block_1_56' title="bbox 353 3689 1928 3764">
    <p class='ocr_par' dir='ltr' id='par_1_56' title="bbox 353 3689 1928 3764">
     <span class='ocr_line' id='line_1_56' title="bbox 353 3689 1928 3764; baseline -0.003 -18"><span class='ocrx_word' id='word_1_397' title='bbox 353 3693 461 3762; x_wconf 79' lang='grc' dir='ltr'>ψας</span> <span class='ocrx_word' id='word_1_398' title='bbox 491 3693 626 3764; x_wconf 84' lang='grc' dir='ltr'>πρὸς</span> <span class='ocrx_word' id='word_1_399' title='bbox 655 3693 746 3746; x_wconf 81' lang='grc' dir='ltr'>τὸν</span> <span class='ocrx_word' id='word_1_400' title='bbox 776 3691 1091 3745; x_wconf 83' lang='grc' dir='ltr'>διδάσκαλον</span> <span class='ocrx_word' id='word_1_401' title='bbox 1128 3691 1286 3761; x_wconf 81' lang='grc' dir='ltr'>ὴμῶν</span> <span class='ocrx_word' id='word_1_402' title='bbox 1322 3691 1412 3743; x_wconf 75' lang='grc' dir='ltr'><strong>τὸν</strong></span> <span class='ocrx_word' id='word_1_403' title='bbox 1447 3692 1502 3742; x_wconf 78' lang='grc' dir='ltr'>ἐν</span> <span class='ocrx_word' id='word_1_404' title='bbox 1537 3689 1614 3760; x_wconf 81' lang='grc' dir='ltr'>τῷ</span> <span class='ocrx_word' id='word_1_405' title='bbox 1649 3691 1928 3760; x_wconf 77' lang='grc' dir='ltr'>πράγματι</span> 
     </span>
    </p>
   </div>
   <div class='ocr_carea' id='block_1_57' title="bbox 354 3773 1926 3855">
    <p class='ocr_par' dir='ltr' id='par_1_57' title="bbox 354 3773 1926 3855">
     <span class='ocr_line' id='line_1_57' title="bbox 354 3773 1926 3855; baseline -0.004 -19"><span class='ocrx_word' id='word_1_406' title='bbox 354 3785 508 3854; x_wconf 86' lang='grc' dir='ltr'>λόγον</span> <span class='ocrx_word' id='word_1_407' title='bbox 528 3827 540 3850; x_wconf 89' lang='grc'><strong>,</strong></span> <span class='ocrx_word' id='word_1_408' title='bbox 567 3785 641 3848; x_wconf 87' lang='grc' dir='ltr'>ὡς</span> <span class='ocrx_word' id='word_1_409' title='bbox 665 3785 728 3855; x_wconf 84' lang='grc' dir='ltr'>δὴ</span> <span class='ocrx_word' id='word_1_410' title='bbox 763 3784 902 3836; x_wconf 86' lang='grc' dir='ltr'><strong>κατά</strong></span> <span class='ocrx_word' id='word_1_411' title='bbox 933 3784 1224 3854; x_wconf 83' lang='grc' dir='ltr'>πρόσωπον</span> <span class='ocrx_word' id='word_1_412' title='bbox 1253 3781 1350 3852; x_wconf 81' lang='grc' dir='ltr'><strong>τὴν</strong></span> <span class='ocrx_word' id='word_1_413' title='bbox 1387 3773 1564 3851; x_wconf 47' lang='grc' dir='ltr'>μάᾓην</span> <span class='ocrx_word' id='word_1_414' title='bbox 1591 3780 1926 3849; x_wconf 84' lang='grc' dir='ltr'>ποιούμενος,</span> 
     </span>
    </p>
   </div>
   <div class='ocr_carea' id='block_1_58' title="bbox 353 3865 1926 3947">
    <p class='ocr_par' dir='ltr' id='par_1_58' title="bbox 353 3865 1926 3947">
     <span class='ocr_line' id='line_1_58' title="bbox 353 3865 1926 3947; baseline -0.003 -19"><span class='ocrx_word' id='word_1_415' title='bbox 353 3878 434 3930; x_wconf 82' lang='grc' dir='ltr'>ὅτι</span> <span class='ocrx_word' id='word_1_416' title='bbox 451 3865 560 3944; x_wconf 79' lang='grc' dir='ltr'>τοῖς</span> <span class='ocrx_word' id='word_1_417' title='bbox 589 3876 736 3940; x_wconf 78' lang='grc' dir='ltr'>ἰδίοις</span> <span class='ocrx_word' id='word_1_418' title='bbox 761 3875 943 3947; x_wconf 81' lang='grc' dir='ltr'><strong>ἁλώσῃ</strong></span> <span class='ocrx_word' id='word_1_419' title='bbox 968 3876 1206 3946; x_wconf 86' lang='grc' dir='ltr'>πτεροῖς.</span> <span class='ocrx_word' id='word_1_420' title='bbox 1243 3874 1478 3925; x_wconf 79' lang='grc' dir='ltr'>Ἐκείνου</span> <span class='ocrx_word' id='word_1_421' title='bbox 1505 3874 1609 3942; x_wconf 74' lang='grc' dir='ltr'><strong>γὰρ</strong></span> <span class='ocrx_word' id='word_1_422' title='bbox 1627 3873 1926 3942; x_wconf 81' lang='grc' dir='ltr'>εἰρηκότος,</span> 
     </span>
    </p>
   </div>
   <div class='ocr_carea' id='block_1_59' title="bbox 352 3961 1928 4038">
    <p class='ocr_par' dir='ltr' id='par_1_59' title="bbox 352 3961 1928 4038">
     <span class='ocr_line' id='line_1_59' title="bbox 352 3961 1928 4038; baseline -0.006 -16"><span class='ocrx_word' id='word_1_423' title='bbox 352 3971 413 4022; x_wconf 85' lang='grc' dir='ltr'>τὸ</span> <span class='ocrx_word' id='word_1_424' title='bbox 441 3969 604 4024; x_wconf 81' lang='grc' dir='ltr'>καλὸν</span> <span class='ocrx_word' id='word_1_425' title='bbox 635 3969 720 4020; x_wconf 75' lang='grc' dir='ltr'><strong>ἀεὶ</strong></span> <span class='ocrx_word' id='word_1_426' title='bbox 751 3970 1003 4038; x_wconf 86' lang='grc' dir='ltr'>παρεῖναι</span> <span class='ocrx_word' id='word_1_427' title='bbox 1033 3965 1110 4035; x_wconf 81' lang='grc' dir='ltr'>τῷ</span> <span class='ocrx_word' id='word_1_428' title='bbox 1137 3965 1228 4017; x_wconf 67' lang='grc' dir='ltr'><strong>ἐπὶ.</strong></span> <span class='ocrx_word' id='word_1_429' title='bbox 1261 3965 1472 4016; x_wconf 79' lang='grc' dir='ltr'>πάντων</span> <span class='ocrx_word' id='word_1_430' title='bbox 1501 3961 1640 4032; x_wconf 84' lang='grc' dir='ltr'>Θεῷ,</span> <span class='ocrx_word' id='word_1_431' title='bbox 1675 3962 1838 4015; x_wconf 75' lang='grc' dir='ltr'>καλὸν</span> <span class='ocrx_word' id='word_1_432' title='bbox 1872 3961 1928 4014; x_wconf 82' lang='grc' dir='ltr'>δὲ</span> 
     </span>
    </p>
   </div>
   <div class='ocr_carea' id='block_1_60' title="bbox 351 4054 1928 4126">
    <p class='ocr_par' dir='ltr' id='par_1_60' title="bbox 351 4054 1928 4126">
     <span class='ocr_line' id='line_1_60' title="bbox 351 4054 1928 4126; baseline -0.005 -11"><span class='ocrx_word' id='word_1_433' title='bbox 351 4063 412 4115; x_wconf 77' lang='grc' dir='ltr'>τὸ</span> <span class='ocrx_word' id='word_1_434' title='bbox 446 4061 686 4114; x_wconf 86' lang='grc' dir='ltr'>τοιούτου</span> <span class='ocrx_word' id='word_1_435' title='bbox 737 4059 922 4122; x_wconf 78' lang='grc' dir='ltr'>παιδὸς</span> <span class='ocrx_word' id='word_1_436' title='bbox 959 4054 1097 4111; x_wconf 75' lang='grc' dir='ltr'>εἶναι</span> <span class='ocrx_word' id='word_1_437' title='bbox 1144 4057 1382 4126; x_wconf 81' lang='grc' dir='ltr'>πατέρα·</span> <span class='ocrx_word' id='word_1_438' title='bbox 1430 4055 1624 4108; x_wconf 80' lang='grc' dir='ltr'>οὐκοῦν</span> <span class='ocrx_word' id='word_1_439' title='bbox 1660 4055 1928 4124; x_wconf 83' lang='grc' dir='ltr'>μηδέποτε</span> 
     </span>
    </p>
   </div>
   <div class='ocr_carea' id='block_1_61' title="bbox 350 4146 1927 4219">
    <p class='ocr_par' dir='ltr' id='par_1_61' title="bbox 350 4146 1927 4219">
     <span class='ocr_line' id='line_1_61' title="bbox 350 4146 1927 4219; baseline -0.005 -13"><span class='ocrx_word' id='word_1_440' title='bbox 350 4153 413 4206; x_wconf 85' lang='grc' dir='ltr'>τὸ</span> <span class='ocrx_word' id='word_1_441' title='bbox 449 4153 612 4206; x_wconf 80' lang='grc' dir='ltr'>καλὸν</span> <span class='ocrx_word' id='word_1_442' title='bbox 635 4154 853 4205; x_wconf 85' lang='grc' dir='ltr'>ἀπεῖναι</span> <span class='ocrx_word' id='word_1_443' title='bbox 885 4153 1072 4212; x_wconf 73' lang='grc' dir='ltr'>αὑτοῦ,</span> <span class='ocrx_word' id='word_1_444' title='bbox 1111 4151 1245 4219; x_wconf 73' lang='grc' dir='ltr'>μηδὲ</span> <span class='ocrx_word' id='word_1_445' title='bbox 1277 4149 1402 4202; x_wconf 87' lang='grc' dir='ltr'>ἄνευ</span> <span class='ocrx_word' id='word_1_446' title='bbox 1436 4146 1564 4199; x_wconf 78' lang='grc' dir='ltr'><strong>Υἱοῦ</strong></span> <span class='ocrx_word' id='word_1_447' title='bbox 1593 4147 1681 4198; x_wconf 80' lang='grc' dir='ltr'>τὸν</span> <span class='ocrx_word' id='word_1_448' title='bbox 1715 4147 1927 4216; x_wconf 80' lang='grc' dir='ltr'>Πατέρα</span> 
     </span>
    </p>
   </div>
   <div class='ocr_carea' id='block_1_62' title="bbox 353 4235 1926 4312">
    <p class='ocr_par' dir='ltr' id='par_1_62' title="bbox 353 4235 1926 4312">
     <span class='ocr_line' id='line_1_62' title="bbox 353 4235 1926 4312; baseline -0.006 -17"><span class='ocrx_word' id='word_1_449' title='bbox 353 4243 577 4312; x_wconf 84' lang='grc' dir='ltr'>θελῆσαι</span> <span class='ocrx_word' id='word_1_450' title='bbox 598 4256 613 4270; x_wconf 87' lang='grc'><strong>·</strong></span> <span class='ocrx_word' id='word_1_451' title='bbox 643 4241 948 4310; x_wconf 82' lang='grc' dir='ltr'>θελήσαντα</span> <span class='ocrx_word' id='word_1_452' title='bbox 976 4239 1032 4292; x_wconf 80' lang='grc' dir='ltr'>δὲ</span> <span class='ocrx_word' id='word_1_453' title='bbox 1068 4239 1140 4308; x_wconf 80' lang='grc' dir='ltr'>μὴ</span> <span class='ocrx_word' id='word_1_454' title='bbox 1175 4239 1524 4306; x_wconf 80' lang='grc' dir='ltr'>ἁδυνατῆσαι,</span> <span class='ocrx_word' id='word_1_455' title='bbox 1552 4235 1846 4302; x_wconf 74' lang='grc' dir='ltr'>δυνάμενον</span> <span class='ocrx_word' id='word_1_456' title='bbox 1871 4235 1926 4286; x_wconf 83' lang='grc' dir='ltr'>δὲ</span> 
     </span>
    </p>
   </div>
   <div class='ocr_carea' id='block_1_63' title="bbox 350 4326 1928 4404">
    <p class='ocr_par' dir='ltr' id='par_1_63' title="bbox 350 4326 1928 4404">
     <span class='ocr_line' id='line_1_63' title="bbox 350 4326 1928 4404; baseline -0.006 -16"><span class='ocrx_word' id='word_1_457' title='bbox 350 4335 445 4388; x_wconf 79' lang='grc' dir='ltr'><strong>καὶ</strong></span> <span class='ocrx_word' id='word_1_458' title='bbox 475 4333 822 4404; x_wconf 67' lang='grc' dir='ltr'>βουλόμενον,</span> <span class='ocrx_word' id='word_1_459' title='bbox 868 4333 924 4384; x_wconf 80' lang='grc' dir='ltr'>ὲν</span> <span class='ocrx_word' id='word_1_460' title='bbox 971 4330 1049 4400; x_wconf 81' lang='grc' dir='ltr'><strong>τῷ</strong></span> <span class='ocrx_word' id='word_1_461' title='bbox 1101 4331 1238 4382; x_wconf 70' lang='grc' dir='ltr'>κατὰ</span> <span class='ocrx_word' id='word_1_462' title='bbox 1280 4326 1504 4398; x_wconf 74' lang='grc' dir='ltr'>γνώμην</span> <span class='ocrx_word' id='word_1_463' title='bbox 1549 4326 1686 4380; x_wconf 77' lang='grc' dir='ltr'>εἶναι</span> <span class='ocrx_word' id='word_1_464' title='bbox 1719 4328 1811 4380; x_wconf 68' lang='grc' dir='ltr'>καὶ</span> <span class='ocrx_word' id='word_1_465' title='bbox 1841 4327 1928 4378; x_wconf 72' lang='grc' dir='ltr'><strong>ἀεὶ</strong></span> 
     </span>
    </p>
   </div>
   <div class='ocr_carea' id='block_1_64' title="bbox 349 4419 1927 4493">
    <p class='ocr_par' dir='ltr' id='par_1_64' title="bbox 349 4419 1927 4493">
     <span class='ocr_line' id='line_1_64' title="bbox 349 4419 1927 4493; baseline -0.005 -16"><span class='ocrx_word' id='word_1_466' title='bbox 349 4425 492 4493; x_wconf 72' lang='grc' dir='ltr'>ἔχειν</span> <span class='ocrx_word' id='word_1_467' title='bbox 535 4425 626 4477; x_wconf 81' lang='grc' dir='ltr'>τὸν</span> <span class='ocrx_word' id='word_1_468' title='bbox 663 4423 820 4480; x_wconf 79' lang='grc' dir='ltr'>Υἱδν.</span> <span class='ocrx_word' id='word_1_469' title='bbox 851 4421 940 4476; x_wconf 78' lang='grc' dir='ltr'><strong>διὰ</strong></span> <span class='ocrx_word' id='word_1_470' title='bbox 981 4421 1041 4473; x_wconf 81' lang='grc' dir='ltr'>τὸ</span> <span class='ocrx_word' id='word_1_471' title='bbox 1079 4423 1168 4474; x_wconf 77' lang='grc' dir='ltr'>ἀεὶ</span> <span class='ocrx_word' id='word_1_472' title='bbox 1201 4421 1375 4472; x_wconf 73' lang='grc' dir='ltr'>θέλειν</span> <span class='ocrx_word' id='word_1_473' title='bbox 1415 4421 1478 4473; x_wconf 78' lang='grc' dir='ltr'>τὸ</span> <span class='ocrx_word' id='word_1_474' title='bbox 1516 4420 1744 4488; x_wconf 84' lang='grc' dir='ltr'>ἀγαθόν·</span> <span class='ocrx_word' id='word_1_475' title='bbox 1791 4419 1927 4486; x_wconf 79' lang='grc' dir='ltr'>πρὸς</span> 
     </span>
    </p>
   </div>
   <div class='ocr_carea' id='block_1_65' title="bbox 348 4511 1927 4586">
    <p class='ocr_par' dir='ltr' id='par_1_65' title="bbox 348 4511 1927 4586">
     <span class='ocr_line' id='line_1_65' title="bbox 348 4511 1927 4586; baseline -0.005 -17"><span class='ocrx_word' id='word_1_476' title='bbox 348 4517 506 4569; x_wconf 78' lang='grc' dir='ltr'>τοῦτο</span> <span class='ocrx_word' id='word_1_477' title='bbox 533 4518 639 4586; x_wconf 79' lang='grc' dir='ltr'><strong>γὰρ</strong></span> <span class='ocrx_word' id='word_1_478' title='bbox 663 4519 696 4585; x_wconf 84' lang='grc' dir='ltr'><strong>ἡ</strong></span> <span class='ocrx_word' id='word_1_479' title='bbox 729 4516 934 4569; x_wconf 82' lang='grc' dir='ltr'>διάνοια</span> <span class='ocrx_word' id='word_1_480' title='bbox 971 4515 1078 4566; x_wconf 79' lang='grc' dir='ltr'>τῶν</span> <span class='ocrx_word' id='word_1_481' title='bbox 1109 4514 1211 4566; x_wconf 83' lang='grc' dir='ltr'><strong>ὑπὸ</strong></span> <span class='ocrx_word' id='word_1_482' title='bbox 1234 4513 1326 4565; x_wconf 76' lang='grc' dir='ltr'>τοῦ</span> <span class='ocrx_word' id='word_1_483' title='bbox 1354 4512 1556 4583; x_wconf 86' lang='grc' dir='ltr'>πατρὸς</span> <span class='ocrx_word' id='word_1_484' title='bbox 1588 4511 1743 4581; x_wconf 82' lang='grc' dir='ltr'>ἡμῶν</span> <span class='ocrx_word' id='word_1_485' title='bbox 1776 4513 1927 4580; x_wconf 82' lang='grc' dir='ltr'>εἰρη-</span> 
     </span>
    </p>
   </div>
   <div class='ocr_carea' id='block_1_66' title="bbox 353 4603 1924 4676">
    <p class='ocr_par' dir='ltr' id='par_1_66' title="bbox 353 4603 1924 4676">
     <span class='ocr_line' id='line_1_66' title="bbox 353 4603 1924 4676; baseline -0.003 -18"><span class='ocrx_word' id='word_1_486' title='bbox 353 4607 527 4676; x_wconf 82' lang='grc' dir='ltr'>μένων</span> <span class='ocrx_word' id='word_1_487' title='bbox 563 4605 750 4675; x_wconf 79' lang='grc' dir='ltr'>βλέπει</span> <span class='ocrx_word' id='word_1_488' title='bbox 774 4623 786 4635; x_wconf 91' lang='grc'>·</span> <span class='ocrx_word' id='word_1_489' title='bbox 815 4604 988 4656; x_wconf 76' lang='grc' dir='ltr'>ταῦτα</span> <span class='ocrx_word' id='word_1_490' title='bbox 1011 4604 1376 4674; x_wconf 80' lang='grc' dir='ltr'>προδιασύρας</span> <span class='ocrx_word' id='word_1_491' title='bbox 1400 4607 1426 4656; x_wconf 84' lang='grc' dir='ltr'><strong>ὁ</strong></span> <span class='ocrx_word' id='word_1_492' title='bbox 1457 4603 1716 4673; x_wconf 81' lang='grc' dir='ltr'>Εὐνόμιος</span> <span class='ocrx_word' id='word_1_493' title='bbox 1735 4604 1798 4654; x_wconf 84' lang='grc' dir='ltr'>ἐκ</span> <span class='ocrx_word' id='word_1_494' title='bbox 1827 4603 1924 4670; x_wconf 81' lang='grc' dir='ltr'>τῆς</span> 
     </span>
    </p>
   </div>
   <div class='ocr_carea' id='block_1_67' title="bbox 2115 2682 3624 2756">
    <p class='ocr_par' dir='ltr' id='par_1_67' title="bbox 2115 2682 3624 2756">
     <span class='ocr_line' id='line_1_67' title="bbox 2115 2682 3624 2756; baseline -0.001 -18"><span class='ocrx_word' id='word_1_495' title='bbox 2115 2685 2220 2740; x_wconf 87' lang='lat' dir='ltr'><strong>Sed</strong></span> <span class='ocrx_word' id='word_1_496' title='bbox 2247 2685 2360 2738; x_wconf 60' lang='lat' dir='ltr'><strong>haec.</strong></span> <span class='ocrx_word' id='word_1_497' title='bbox 2392 2686 2676 2740; x_wconf 84' lang='lat' dir='ltr'><strong>hactenus.</strong></span> <span class='ocrx_word' id='word_1_498' title='bbox 2712 2686 2904 2754; x_wconf 70' lang='lat' dir='ltr'><strong>Opera:</strong></span> <span class='ocrx_word' id='word_1_499' title='bbox 2927 2685 3162 2756; x_wconf 86' lang='lat' dir='ltr'><strong>pretium</strong></span> <span class='ocrx_word' id='word_1_500' title='bbox 3197 2692 3380 2738; x_wconf 89' lang='lat' dir='ltr'><strong>autem</strong></span> <span class='ocrx_word' id='word_1_501' title='bbox 3407 2682 3624 2737; x_wconf 84' lang='lat' dir='ltr'><strong>videre-</strong></span> 
     </span>
    </p>
   </div>
   <div class='ocr_carea' id='block_1_68' title="bbox 2034 2777 3622 2846">
    <p class='ocr_par' dir='ltr' id='par_1_68' title="bbox 2034 2777 3622 2846">
     <span class='ocr_line' id='line_1_68' title="bbox 2034 2777 3622 2846; baseline -0.003 -16"><span class='ocrx_word' id='word_1_502' title='bbox 2034 2787 2144 2840; x_wconf 90' lang='lat' dir='ltr'><strong>tur,</strong></span> <span class='ocrx_word' id='word_1_503' title='bbox 2179 2778 2322 2846; x_wconf 88' lang='lat' dir='ltr'><strong>qnod</strong></span> <span class='ocrx_word' id='word_1_504' title='bbox 2355 2777 2612 2846; x_wconf 76' lang='lat' dir='ltr'><strong>deinceps</strong></span> <span class='ocrx_word' id='word_1_505' title='bbox 2641 2778 2891 2846; x_wconf 90' lang='lat' dir='ltr'><strong>sequitur</strong></span> <span class='ocrx_word' id='word_1_506' title='bbox 2925 2793 3034 2830; x_wconf 90' lang='lat' dir='ltr'><strong>non</strong></span> <span class='ocrx_word' id='word_1_507' title='bbox 3069 2777 3440 2830; x_wconf 90' lang='lat' dir='ltr'><strong>indiscussum</strong></span> <span class='ocrx_word' id='word_1_508' title='bbox 3479 2789 3622 2842; x_wconf 72' lang='lat' dir='ltr'><strong>prie-</strong></span> 
     </span>
    </p>
   </div>
   <div class='ocr_carea' id='block_1_69' title="bbox 2041 2866 3620 2936">
    <p class='ocr_par' dir='ltr' id='par_1_69' title="bbox 2041 2866 3620 2936">
     <span class='ocr_line' id='line_1_69' title="bbox 2041 2866 3620 2936; baseline -0.003 -14"><span class='ocrx_word' id='word_1_509' title='bbox 2041 2871 2222 2923; x_wconf 90' lang='lat' dir='ltr'><strong>terire.</strong></span> <span class='ocrx_word' id='word_1_510' title='bbox 2254 2867 2358 2922; x_wconf 87' lang='lat' dir='ltr'><strong>Sed</strong></span> <span class='ocrx_word' id='word_1_511' title='bbox 2393 2869 2596 2922; x_wconf 80' lang='lat' dir='ltr'><strong>ludicra</strong></span> <span class='ocrx_word' id='word_1_512' title='bbox 2639 2869 2925 2936; x_wconf 87' lang='lat' dir='ltr'><strong>interjecta</strong></span> <span class='ocrx_word' id='word_1_513' title='bbox 2964 2868 3186 2922; x_wconf 89' lang='lat' dir='ltr'><strong>silentio</strong></span> <span class='ocrx_word' id='word_1_514' title='bbox 3249 2866 3620 2931; x_wconf 88' lang='lat' dir='ltr'><strong>involvantur,</strong></span> 
     </span>
    </p>
   </div>
   <div class='ocr_carea' id='block_1_70' title="bbox 2034 2957 3617 3028">
    <p class='ocr_par' dir='ltr' id='par_1_70' title="bbox 2034 2957 3617 3028">
     <span class='ocr_line' id='line_1_70' title="bbox 2034 2957 3617 3028; baseline -0.004 -15"><span class='ocrx_word' id='word_1_515' title='bbox 2034 2961 2236 3028; x_wconf 89' lang='lat' dir='ltr'><strong>quibus</strong></span> <span class='ocrx_word' id='word_1_516' title='bbox 2277 2961 2363 3014; x_wconf 91' lang='lat' dir='ltr'><strong>hic</strong></span> <span class='ocrx_word' id='word_1_517' title='bbox 2403 2959 2694 3014; x_wconf 84' lang='lat' dir='ltr'><strong>vehemens</strong></span> <span class='ocrx_word' id='word_1_518' title='bbox 2729 2969 2917 3012; x_wconf 91' lang='lat' dir='ltr'><strong>orator</strong></span> <span class='ocrx_word' id='word_1_519' title='bbox 2958 2957 3282 3027; x_wconf 87' lang='lat' dir='ltr'><strong>juveniliter</strong></span> <span class='ocrx_word' id='word_1_520' title='bbox 3337 2957 3617 3028; x_wconf 72' lang='lat' dir='ltr'><strong>exsultat,</strong></span> 
     </span>
    </p>
   </div>
   <div class='ocr_carea' id='block_1_71' title="bbox 2039 3049 3606 3120">
    <p class='ocr_par' dir='ltr' id='par_1_71' title="bbox 2039 3049 3606 3120">
     <span class='ocr_line' id='line_1_71' title="bbox 2039 3049 3606 3120; baseline -0.004 -13"><span class='ocrx_word' id='word_1_521' title='bbox 2039 3054 2154 3107; x_wconf 88' lang='lat' dir='ltr'><strong>sive</strong></span> <span class='ocrx_word' id='word_1_522' title='bbox 2180 3052 2393 3120; x_wconf 83' lang='lat' dir='ltr'><strong>jocans,</strong></span> <span class='ocrx_word' id='word_1_523' title='bbox 2426 3052 2542 3105; x_wconf 83' lang='lat' dir='ltr'><strong>sive</strong></span> <span class='ocrx_word' id='word_1_524' title='bbox 2563 3051 2706 3104; x_wconf 86' lang='lat' dir='ltr'><strong>serio</strong></span> <span class='ocrx_word' id='word_1_525' title='bbox 2723 3065 2890 3120; x_wconf 87' lang='lat' dir='ltr'><strong>agens</strong></span> <span class='ocrx_word' id='word_1_526' title='bbox 2921 3050 2973 3103; x_wconf 91' lang='lat' dir='ltr'><strong>in</strong></span> <span class='ocrx_word' id='word_1_527' title='bbox 2999 3049 3263 3104; x_wconf 86' lang='lat' dir='ltr'><strong>conviciis</strong></span> <span class='ocrx_word' id='word_1_528' title='bbox 3287 3055 3482 3102; x_wconf 86' lang='lat' dir='ltr'><strong>contra</strong></span> <span class='ocrx_word' id='word_1_529' title='bbox 3504 3063 3606 3101; x_wconf 88' lang='lat' dir='ltr'><strong>nos</strong></span> 
     </span>
    </p>
   </div>
   <div class='ocr_carea' id='block_1_72' title="bbox 2039 3139 3616 3212">
    <p class='ocr_par' dir='ltr' id='par_1_72' title="bbox 2039 3139 3616 3212">
     <span class='ocr_line' id='line_1_72' title="bbox 2039 3139 3616 3212; baseline 0 -18"><span class='ocrx_word' id='word_1_530' title='bbox 2039 3143 2329 3210; x_wconf 78' lang='lat' dir='ltr'><strong>conjectis,</strong></span> <span class='ocrx_word' id='word_1_531' title='bbox 2363 3143 2518 3212; x_wconf 90' lang='lat' dir='ltr'><strong>quasi</strong></span> <span class='ocrx_word' id='word_1_532' title='bbox 2559 3157 2656 3212; x_wconf 89' lang='lat' dir='ltr'><strong>per</strong></span> <span class='ocrx_word' id='word_1_533' title='bbox 2680 3141 2792 3195; x_wconf 62' lang='lat' dir='ltr'><strong>haec</strong></span> <span class='ocrx_word' id='word_1_534' title='bbox 2839 3141 3052 3200; x_wconf 86' lang='lat' dir='ltr'><strong>ratione</strong></span> <span class='ocrx_word' id='word_1_535' title='bbox 3090 3140 3344 3210; x_wconf 86' lang='lat' dir='ltr'><strong>superior</strong></span> <span class='ocrx_word' id='word_1_536' title='bbox 3377 3139 3616 3194; x_wconf 85' lang='lat' dir='ltr'><strong>futurus.</strong></span> 
     </span>
    </p>
   </div>
   <div class='ocr_carea' id='block_1_73' title="bbox 2037 3233 3620 3304">
    <p class='ocr_par' dir='ltr' id='par_1_73' title="bbox 2037 3233 3620 3304">
     <span class='ocr_line' id='line_1_73' title="bbox 2037 3233 3620 3304; baseline -0.003 -15"><span class='ocrx_word' id='word_1_537' title='bbox 2037 3234 2234 3288; x_wconf 85' lang='lat' dir='ltr'><strong>Nullus</strong></span> <span class='ocrx_word' id='word_1_538' title='bbox 2263 3235 2410 3288; x_wconf 90' lang='lat' dir='ltr'><strong>enim</strong></span> <span class='ocrx_word' id='word_1_539' title='bbox 2447 3233 2495 3286; x_wconf 88' lang='lat' dir='ltr'><strong>vi</strong></span> <span class='ocrx_word' id='word_1_540' title='bbox 2523 3251 2623 3287; x_wconf 82' lang='lat' dir='ltr'><strong>nus</strong></span> <span class='ocrx_word' id='word_1_541' title='bbox 2645 3234 2865 3304; x_wconf 81' lang='lat' dir='ltr'><strong>adiget,</strong></span> <span class='ocrx_word' id='word_1_542' title='bbox 2909 3249 3033 3286; x_wconf 85' lang='lat' dir='ltr'><strong>cum</strong></span> <span class='ocrx_word' id='word_1_543' title='bbox 3087 3233 3228 3286; x_wconf 87' lang='lat' dir='ltr'><strong>limis</strong></span> <span class='ocrx_word' id='word_1_544' title='bbox 3279 3241 3334 3286; x_wconf 89' lang='lat' dir='ltr'><strong>et</strong></span> <span class='ocrx_word' id='word_1_545' title='bbox 3380 3233 3620 3302; x_wconf 84' lang='lat' dir='ltr'><strong>obliquis</strong></span> 
     </span>
    </p>
   </div>
   <div class='ocr_carea' id='block_1_74' title="bbox 2036 3323 3616 3394">
    <p class='ocr_par' dir='ltr' id='par_1_74' title="bbox 2036 3323 3616 3394">
     <span class='ocr_line' id='line_1_74' title="bbox 2036 3323 3616 3394; baseline -0.001 -16"><span class='ocrx_word' id='word_1_546' title='bbox 2036 3327 2226 3380; x_wconf 85' lang='lat' dir='ltr'><strong>oculos</strong></span> <span class='ocrx_word' id='word_1_547' title='bbox 2263 3325 2444 3380; x_wconf 87' lang='lat' dir='ltr'><strong>itidem</strong></span> <span class='ocrx_word' id='word_1_548' title='bbox 2485 3335 2845 3394; x_wconf 67' lang='lat' dir='ltr'><strong>extorquere,</strong></span> <span class='ocrx_word' id='word_1_549' title='bbox 2897 3325 2980 3378; x_wconf 90' lang='lat' dir='ltr'><strong>vel</strong></span> <span class='ocrx_word' id='word_1_550' title='bbox 3009 3339 3147 3378; x_wconf 89' lang='lat' dir='ltr'><strong>.cum</strong></span> <span class='ocrx_word' id='word_1_551' title='bbox 3192 3325 3386 3378; x_wconf 88' lang='lat' dir='ltr'><strong>morbo</strong></span> <span class='ocrx_word' id='word_1_552' title='bbox 3413 3323 3616 3377; x_wconf 74' lang='lat' dir='ltr'><strong>danuo-</strong></span> 
     </span>
    </p>
   </div>
   <div class='ocr_carea' id='block_1_75' title="bbox 2032 3417 3620 3488">
    <p class='ocr_par' dir='ltr' id='par_1_75' title="bbox 2032 3417 3620 3488">
     <span class='ocr_line' id='line_1_75' title="bbox 2032 3417 3620 3488; baseline -0.001 -18"><span class='ocrx_word' id='word_1_553' title='bbox 2032 3419 2190 3473; x_wconf 87' lang='lat' dir='ltr'><strong>niaco</strong></span> <span class='ocrx_word' id='word_1_554' title='bbox 2222 3417 2492 3487; x_wconf 87' lang='lat' dir='ltr'><strong>perculsis</strong></span> <span class='ocrx_word' id='word_1_555' title='bbox 2521 3419 2682 3472; x_wconf 91' lang='lat' dir='ltr'><strong>simul</strong></span> <span class='ocrx_word' id='word_1_556' title='bbox 2716 3418 3004 3488; x_wconf 79' lang='lat' dir='ltr'><strong>exagitari,</strong></span> <span class='ocrx_word' id='word_1_557' title='bbox 3038 3433 3144 3470; x_wconf 90' lang='lat' dir='ltr'><strong>una</strong></span> <span class='ocrx_word' id='word_1_558' title='bbox 3178 3418 3380 3470; x_wconf 89' lang='lat' dir='ltr'><strong>saltare</strong></span> <span class='ocrx_word' id='word_1_559' title='bbox 3410 3425 3464 3470; x_wconf 90' lang='lat' dir='ltr'><strong>et</strong></span> <span class='ocrx_word' id='word_1_560' title='bbox 3494 3431 3620 3470; x_wconf 78' lang='lat' dir='ltr'><strong>cor—</strong></span> 
     </span>
    </p>
   </div>
   <div class='ocr_carea' id='block_1_76' title="bbox 2033 3504 3616 3575">
    <p class='ocr_par' dir='ltr' id='par_1_76' title="bbox 2033 3504 3616 3575">
     <span class='ocr_line' id='line_1_76' title="bbox 2033 3504 3616 3575; baseline -0.001 -17"><span class='ocrx_word' id='word_1_561' title='bbox 2033 3521 2162 3575; x_wconf 90' lang='lat' dir='ltr'><strong>pore</strong></span> <span class='ocrx_word' id='word_1_562' title='bbox 2196 3505 2504 3558; x_wconf 90' lang='lat' dir='ltr'><strong>concidere.</strong></span> <span class='ocrx_word' id='word_1_563' title='bbox 2543 3505 2654 3558; x_wconf 85' lang='lat' dir='ltr'><strong>Sed</strong></span> <span class='ocrx_word' id='word_1_564' title='bbox 2677 3505 2898 3558; x_wconf 89' lang='lat' dir='ltr'><strong>illorum</strong></span> <span class='ocrx_word' id='word_1_565' title='bbox 2937 3505 3157 3572; x_wconf 88' lang='lat' dir='ltr'><strong>quidem</strong></span> <span class='ocrx_word' id='word_1_566' title='bbox 3203 3504 3616 3568; x_wconf 88' lang='lat' dir='ltr'><strong>miserebimur,</strong></span> 
     </span>
    </p>
   </div>
   <div class='ocr_carea' id='block_1_77' title="bbox 2033 3595 3618 3664">
    <p class='ocr_par' dir='ltr' id='par_1_77' title="bbox 2033 3595 3618 3664">
     <span class='ocr_line' id='line_1_77' title="bbox 2033 3595 3618 3664; baseline 0.002 -17"><span class='ocrx_word' id='word_1_567' title='bbox 2033 3611 2134 3648; x_wconf 89' lang='lat' dir='ltr'><strong>nos</strong></span> <span class='ocrx_word' id='word_1_568' title='bbox 2164 3605 2344 3650; x_wconf 88' lang='lat' dir='ltr'><strong>autem</strong></span> <span class='ocrx_word' id='word_1_569' title='bbox 2382 3595 2450 3649; x_wconf 88' lang='lat' dir='ltr'><strong>de</strong></span> <span class='ocrx_word' id='word_1_570' title='bbox 2483 3597 2788 3664; x_wconf 86' lang='lat' dir='ltr'><strong>composito</strong></span> <span class='ocrx_word' id='word_1_571' title='bbox 2823 3597 3024 3652; x_wconf 91' lang='lat' dir='ltr'><strong>mentis</strong></span> <span class='ocrx_word' id='word_1_572' title='bbox 3053 3604 3197 3650; x_wconf 86' lang='lat' dir='ltr'><strong>statu</strong></span> <span class='ocrx_word' id='word_1_573' title='bbox 3235 3611 3348 3650; x_wconf 90' lang='lat' dir='ltr'><strong>non</strong></span> <span class='ocrx_word' id='word_1_574' title='bbox 3375 3595 3618 3650; x_wconf 88' lang='lat' dir='ltr'><strong>dimove-</strong></span> 
     </span>
    </p>
   </div>
   <div class='ocr_carea' id='block_1_78' title="bbox 2032 3687 3618 3757">
    <p class='ocr_par' dir='ltr' id='par_1_78' title="bbox 2032 3687 3618 3757">
     <span class='ocr_line' id='line_1_78' title="bbox 2032 3687 3618 3757; baseline 0.001 -17"><span class='ocrx_word' id='word_1_575' title='bbox 2032 3687 2234 3740; x_wconf 88' lang='lat' dir='ltr'><strong>bimur.</strong></span> <span class='ocrx_word' id='word_1_576' title='bbox 2271 3689 2360 3740; x_wconf 78' lang='lat' dir='ltr'><strong>Ait</strong></span> <span class='ocrx_word' id='word_1_577' title='bbox 2407 3688 2572 3756; x_wconf 79' lang='lat' dir='ltr'><strong>igitur</strong></span> <span class='ocrx_word' id='word_1_578' title='bbox 2615 3689 2669 3740; x_wconf 93' lang='lat' dir='ltr'><strong>in</strong></span> <span class='ocrx_word' id='word_1_579' title='bbox 2720 3688 3042 3757; x_wconf 86' lang='lat' dir='ltr'><strong>magistrum</strong></span> <span class='ocrx_word' id='word_1_580' title='bbox 3079 3697 3326 3742; x_wconf 90' lang='lat' dir='ltr'><strong>nostrum</strong></span> <span class='ocrx_word' id='word_1_581' title='bbox 3363 3703 3618 3742; x_wconf 88' lang='lat' dir='ltr'><strong>sermone</strong></span> 
     </span>
    </p>
   </div>
   <div class='ocr_carea' id='block_1_79' title="bbox 2031 3778 3612 3848">
    <p class='ocr_par' dir='ltr' id='par_1_79' title="bbox 2031 3778 3612 3848">
     <span class='ocr_line' id='line_1_79' title="bbox 2031 3778 3612 3848; baseline 0.003 -18"><span class='ocrx_word' id='word_1_582' title='bbox 2031 3793 2316 3838; x_wconf 87' lang='lat' dir='ltr'><strong>converso.</strong></span> <span class='ocrx_word' id='word_1_583' title='bbox 2341 3779 2500 3846; x_wconf 86' lang='lat' dir='ltr'><strong>quasi</strong></span> <span class='ocrx_word' id='word_1_584' title='bbox 2535 3778 2716 3847; x_wconf 88' lang='lat' dir='ltr'><strong>reipsa</strong></span> <span class='ocrx_word' id='word_1_585' title='bbox 2749 3787 2943 3833; x_wconf 89' lang='lat' dir='ltr'><strong>contra</strong></span> <span class='ocrx_word' id='word_1_586' title='bbox 2979 3795 3267 3848; x_wconf 84' lang='lat' dir='ltr'><strong>personam</strong></span> <span class='ocrx_word' id='word_1_587' title='bbox 3299 3779 3612 3842; x_wconf 85' lang='lat' dir='ltr'><strong>decertans,</strong></span> 
     </span>
    </p>
   </div>
   <div class='ocr_carea' id='block_1_80' title="bbox 2029 3871 3617 3940">
    <p class='ocr_par' dir='ltr' id='par_1_80' title="bbox 2029 3871 3617 3940">
     <span class='ocr_line' id='line_1_80' title="bbox 2029 3871 3617 3940; baseline 0.003 -18"><span class='ocrx_word' id='word_1_588' title='bbox 2029 3873 2174 3938; x_wconf 88' lang='lat' dir='ltr'><strong>quod</strong></span> <span class='ocrx_word' id='word_1_589' title='bbox 2229 3871 2466 3940; x_wconf 88' lang='lat' dir='ltr'><strong>prepriis</strong></span> <span class='ocrx_word' id='word_1_590' title='bbox 2523 3871 2718 3939; x_wconf 90' lang='lat' dir='ltr'><strong>pennis</strong></span> <span class='ocrx_word' id='word_1_591' title='bbox 2763 3880 2959 3940; x_wconf 89' lang='lat' dir='ltr'><strong>captus</strong></span> <span class='ocrx_word' id='word_1_592' title='bbox 3015 3873 3106 3926; x_wconf 90' lang='lat' dir='ltr'><strong>sit.</strong></span> <span class='ocrx_word' id='word_1_593' title='bbox 3155 3877 3291 3926; x_wconf 72' lang='lat' dir='ltr'><strong>Cum</strong></span> <span class='ocrx_word' id='word_1_594' title='bbox 3342 3873 3489 3926; x_wconf 89' lang='lat' dir='ltr'><strong>enim</strong></span> <span class='ocrx_word' id='word_1_595' title='bbox 3525 3873 3617 3926; x_wconf 90' lang='lat' dir='ltr'><strong>ille</strong></span> 
     </span>
    </p>
   </div>
   <div class='ocr_carea' id='block_1_81' title="bbox 2029 3963 3617 4034">
    <p class='ocr_par' dir='ltr' id='par_1_81' title="bbox 2029 3963 3617 4034">
     <span class='ocr_line' id='line_1_81' title="bbox 2029 3963 3617 4034; baseline 0.001 -19"><span class='ocrx_word' id='word_1_596' title='bbox 2029 3963 2278 4026; x_wconf 78' lang='lat' dir='ltr'><strong>dixisset,</strong></span> <span class='ocrx_word' id='word_1_597' title='bbox 2315 3963 2460 4032; x_wconf 90' lang='lat' dir='ltr'><strong>quod</strong></span> <span class='ocrx_word' id='word_1_598' title='bbox 2495 3965 2786 4032; x_wconf 87' lang='lat' dir='ltr'><strong>pulchrum</strong></span> <span class='ocrx_word' id='word_1_599' title='bbox 2825 3973 2912 4020; x_wconf 88' lang='lat' dir='ltr'><strong>est</strong></span> <span class='ocrx_word' id='word_1_600' title='bbox 2939 3966 3054 4019; x_wconf 89' lang='lat' dir='ltr'><strong>sive</strong></span> <span class='ocrx_word' id='word_1_601' title='bbox 3073 3965 3364 4018; x_wconf 87' lang='lat' dir='ltr'><strong>honestum</strong></span> <span class='ocrx_word' id='word_1_602' title='bbox 3399 3980 3617 4034; x_wconf 82' lang='lat' dir='ltr'><strong>semper</strong></span> 
     </span>
    </p>
   </div>
   <div class='ocr_carea' id='block_1_82' title="bbox 2030 4054 3614 4124">
    <p class='ocr_par' dir='ltr' id='par_1_82' title="bbox 2030 4054 3614 4124">
     <span class='ocr_line' id='line_1_82' title="bbox 2030 4054 3614 4124; baseline 0 -17"><span class='ocrx_word' id='word_1_603' title='bbox 2030 4055 2222 4109; x_wconf 89' lang='lat' dir='ltr'><strong>adesse</strong></span> <span class='ocrx_word' id='word_1_604' title='bbox 2255 4054 2398 4116; x_wconf 85' lang='lat' dir='ltr'><strong>Deo,</strong></span> <span class='ocrx_word' id='word_1_605' title='bbox 2439 4056 2532 4124; x_wconf 90' lang='lat' dir='ltr'><strong>qui</strong></span> <span class='ocrx_word' id='word_1_606' title='bbox 2573 4063 2657 4110; x_wconf 90' lang='lat' dir='ltr'><strong>est</strong></span> <span class='ocrx_word' id='word_1_607' title='bbox 2681 4057 2733 4108; x_wconf 91' lang='lat' dir='ltr'><strong>in</strong></span> <span class='ocrx_word' id='word_1_608' title='bbox 2761 4057 3038 4116; x_wconf 75' lang='lat' dir='ltr'><strong>erunibus.</strong></span> <span class='ocrx_word' id='word_1_609' title='bbox 3077 4055 3398 4124; x_wconf 67' lang='lat' dir='ltr'><strong>praeclarum</strong></span> <span class='ocrx_word' id='word_1_610' title='bbox 3428 4066 3614 4107; x_wconf 80' lang='lat' dir='ltr'><strong>autem</strong></span> 
     </span>
    </p>
   </div>
   <div class='ocr_carea' id='block_1_83' title="bbox 2030 4147 3614 4216">
    <p class='ocr_par' dir='ltr' id='par_1_83' title="bbox 2030 4147 3614 4216">
     <span class='ocr_line' id='line_1_83' title="bbox 2030 4147 3614 4216; baseline -0.001 -16"><span class='ocrx_word' id='word_1_611' title='bbox 2030 4149 2146 4200; x_wconf 83' lang='lat' dir='ltr'><strong>sive</strong></span> <span class='ocrx_word' id='word_1_612' title='bbox 2185 4147 2478 4202; x_wconf 90' lang='lat' dir='ltr'><strong>honestum</strong></span> <span class='ocrx_word' id='word_1_613' title='bbox 2517 4148 2640 4202; x_wconf 87' lang='lat' dir='ltr'><strong>talis</strong></span> <span class='ocrx_word' id='word_1_614' title='bbox 2675 4149 2772 4200; x_wconf 86' lang='lat' dir='ltr'><strong>lilii</strong></span> <span class='ocrx_word' id='word_1_615' title='bbox 2803 4163 2926 4202; x_wconf 89' lang='lat' dir='ltr'><strong>esse</strong></span> <span class='ocrx_word' id='word_1_616' title='bbox 2969 4158 3176 4216; x_wconf 88' lang='lat' dir='ltr'><strong>patrem</strong></span> <span class='ocrx_word' id='word_1_617' title='bbox 3209 4165 3220 4201; x_wconf 90' lang='lat'>:</span> <span class='ocrx_word' id='word_1_618' title='bbox 3255 4147 3422 4216; x_wconf 80' lang='lat' dir='ltr'><strong>igitur</strong></span> <span class='ocrx_word' id='word_1_619' title='bbox 3467 4163 3614 4200; x_wconf 91' lang='lat' dir='ltr'><strong>nun-</strong></span> 
     </span>
    </p>
   </div>
   <div class='ocr_carea' id='block_1_84' title="bbox 2027 4235 3616 4308">
    <p class='ocr_par' dir='ltr' id='par_1_84' title="bbox 2027 4235 3616 4308">
     <span class='ocr_line' id='line_1_84' title="bbox 2027 4235 3616 4308; baseline 0 -16"><span class='ocrx_word' id='word_1_620' title='bbox 2027 4254 2190 4306; x_wconf 85' lang='lat' dir='ltr'><strong>quam</strong></span> <span class='ocrx_word' id='word_1_621' title='bbox 2235 4241 2526 4294; x_wconf 84' lang='lat' dir='ltr'><strong>honestum</strong></span> <span class='ocrx_word' id='word_1_622' title='bbox 2573 4240 2768 4294; x_wconf 73' lang='lat' dir='ltr'><strong>abesse</strong></span> <span class='ocrx_word' id='word_1_623' title='bbox 2814 4239 2882 4292; x_wconf 85' lang='lat' dir='ltr'><strong>ab</strong></span> <span class='ocrx_word' id='word_1_624' title='bbox 2917 4240 3038 4308; x_wconf 90' lang='lat' dir='ltr'><strong>ipso</strong></span> <span class='ocrx_word' id='word_1_625' title='bbox 3063 4279 3078 4301; x_wconf 90' lang='lat'><strong>,</strong></span> <span class='ocrx_word' id='word_1_626' title='bbox 3113 4255 3292 4308; x_wconf 89' lang='lat' dir='ltr'><strong>neque</strong></span> <span class='ocrx_word' id='word_1_627' title='bbox 3325 4240 3446 4294; x_wconf 89' lang='lat' dir='ltr'><strong>sine</strong></span> <span class='ocrx_word' id='word_1_628' title='bbox 3473 4235 3616 4292; x_wconf 85' lang='lat' dir='ltr'><strong>Filio</strong></span> 
     </span>
    </p>
   </div>
   <div class='ocr_carea' id='block_1_85' title="bbox 2029 4331 3614 4402">
    <p class='ocr_par' dir='ltr' id='par_1_85' title="bbox 2029 4331 3614 4402">
     <span class='ocr_line' id='line_1_85' title="bbox 2029 4331 3614 4402; baseline 0.001 -18"><span class='ocrx_word' id='word_1_629' title='bbox 2029 4331 2243 4386; x_wconf 90' lang='lat' dir='ltr'><strong>Patrem</strong></span> <span class='ocrx_word' id='word_1_630' title='bbox 2275 4347 2398 4386; x_wconf 89' lang='lat' dir='ltr'><strong>esse</strong></span> <span class='ocrx_word' id='word_1_631' title='bbox 2422 4334 2664 4388; x_wconf 89' lang='lat' dir='ltr'><strong>voluisse</strong></span> <span class='ocrx_word' id='word_1_632' title='bbox 2699 4351 2715 4388; x_wconf 86' lang='lat'><strong>:</strong></span> <span class='ocrx_word' id='word_1_633' title='bbox 2751 4334 3026 4388; x_wconf 89' lang='lat' dir='ltr'><strong>volentem</strong></span> <span class='ocrx_word' id='word_1_634' title='bbox 3054 4341 3234 4388; x_wconf 83' lang='lat' dir='ltr'><strong>autem</strong></span> <span class='ocrx_word' id='word_1_635' title='bbox 3271 4348 3382 4386; x_wconf 89' lang='lat' dir='ltr'><strong>non</strong></span> <span class='ocrx_word' id='word_1_636' title='bbox 3437 4333 3614 4402; x_wconf 90' lang='lat' dir='ltr'><strong>impo-</strong></span> 
     </span>
    </p>
   </div>
   <div class='ocr_carea' id='block_1_86' title="bbox 2029 4423 3614 4493">
    <p class='ocr_par' dir='ltr' id='par_1_86' title="bbox 2029 4423 3614 4493">
     <span class='ocr_line' id='line_1_86' title="bbox 2029 4423 3614 4493; baseline 0.001 -18"><span class='ocrx_word' id='word_1_637' title='bbox 2029 4433 2227 4477; x_wconf 88' lang='lat' dir='ltr'><strong>tentem</strong></span> <span class='ocrx_word' id='word_1_638' title='bbox 2253 4423 2420 4478; x_wconf 79' lang='lat' dir='ltr'><strong>fuisse</strong></span> <span class='ocrx_word' id='word_1_639' title='bbox 2446 4466 2460 4488; x_wconf 91' lang='lat'><strong>,</strong></span> <span class='ocrx_word' id='word_1_640' title='bbox 2509 4423 2604 4478; x_wconf 82' lang='lat' dir='ltr'><strong>sed</strong></span> <span class='ocrx_word' id='word_1_641' title='bbox 2653 4433 2928 4493; x_wconf 85' lang='lat' dir='ltr'><strong>potentem</strong></span> <span class='ocrx_word' id='word_1_642' title='bbox 2970 4434 3024 4477; x_wconf 89' lang='lat' dir='ltr'><strong>et</strong></span> <span class='ocrx_word' id='word_1_643' title='bbox 3057 4424 3326 4476; x_wconf 84' lang='lat' dir='ltr'><strong>volentem</strong></span> <span class='ocrx_word' id='word_1_644' title='bbox 3377 4423 3489 4477; x_wconf 87' lang='lat' dir='ltr'><strong>voti</strong></span> <span class='ocrx_word' id='word_1_645' title='bbox 3523 4423 3614 4476; x_wconf 85' lang='lat' dir='ltr'><strong>sui</strong></span> 
     </span>
    </p>
   </div>
   <div class='ocr_carea' id='block_1_87' title="bbox 2028 4517 3612 4587">
    <p class='ocr_par' dir='ltr' id='par_1_87' title="bbox 2028 4517 3612 4587">
     <span class='ocr_line' id='line_1_87' title="bbox 2028 4517 3612 4587; baseline 0 -17"><span class='ocrx_word' id='word_1_646' title='bbox 2028 4527 2332 4586; x_wconf 89' lang='lat' dir='ltr'><strong>compotem</strong></span> <span class='ocrx_word' id='word_1_647' title='bbox 2395 4533 2554 4579; x_wconf 86' lang='lat' dir='ltr'><strong>esse,</strong></span> <span class='ocrx_word' id='word_1_648' title='bbox 2597 4534 2922 4587; x_wconf 88' lang='lat' dir='ltr'><strong>semperque</strong></span> <span class='ocrx_word' id='word_1_649' title='bbox 2979 4519 3178 4572; x_wconf 88' lang='lat' dir='ltr'><strong>habere</strong></span> <span class='ocrx_word' id='word_1_650' title='bbox 3205 4517 3400 4570; x_wconf 88' lang='lat' dir='ltr'><strong>Filium</strong></span> <span class='ocrx_word' id='word_1_651' title='bbox 3426 4557 3438 4578; x_wconf 87' lang='lat'><strong>,</strong></span> <span class='ocrx_word' id='word_1_652' title='bbox 3481 4519 3612 4585; x_wconf 90' lang='lat' dir='ltr'><strong>quia</strong></span> 
     </span>
    </p>
   </div>
   <div class='ocr_carea' id='block_1_88' title="bbox 2029 4611 3612 4678">
    <p class='ocr_par' dir='ltr' id='par_1_88' title="bbox 2029 4611 3612 4678">
     <span class='ocr_line' id='line_1_88' title="bbox 2029 4611 3612 4678; baseline 0.001 -18"><span class='ocrx_word' id='word_1_653' title='bbox 2029 4623 2242 4677; x_wconf 87' lang='lat' dir='ltr'><strong>semper</strong></span> <span class='ocrx_word' id='word_1_654' title='bbox 2270 4613 2382 4662; x_wconf 89' lang='lat' dir='ltr'><strong>vult</strong></span> <span class='ocrx_word' id='word_1_655' title='bbox 2425 4611 2626 4662; x_wconf 86' lang='lat' dir='ltr'><strong>bonum</strong></span> <span class='ocrx_word' id='word_1_656' title='bbox 2659 4629 2670 4664; x_wconf 92' lang='lat'>:</span> <span class='ocrx_word' id='word_1_657' title='bbox 2703 4611 2769 4662; x_wconf 87' lang='lat' dir='ltr'><strong>ad</strong></span> <span class='ocrx_word' id='word_1_658' title='bbox 2825 4611 2928 4663; x_wconf 90' lang='lat' dir='ltr'><strong>hoc</strong></span> <span class='ocrx_word' id='word_1_659' title='bbox 2972 4611 3116 4664; x_wconf 90' lang='lat' dir='ltr'><strong>enim</strong></span> <span class='ocrx_word' id='word_1_660' title='bbox 3168 4625 3357 4662; x_wconf 80' lang='lat' dir='ltr'><strong>eorum</strong></span> <span class='ocrx_word' id='word_1_661' title='bbox 3406 4625 3527 4678; x_wconf 74' lang='lat' dir='ltr'><strong>qua:</strong></span> <span class='ocrx_word' id='word_1_662' title='bbox 3579 4625 3612 4662; x_wconf 87' lang='lat' dir='ltr'><strong>a</strong></span> 
     </span>
    </p>
   </div>
   <div class='ocr_carea' id='block_1_89' title="bbox 348 4695 1931 4770">
    <p class='ocr_par' dir='ltr' id='par_1_89' title="bbox 348 4695 1921 4766">
     <span class='ocr_line' id='line_1_89' title="bbox 348 4695 1921 4766; baseline -0.004 -14"><span class='ocrx_word' id='word_1_663' title='bbox 348 4697 546 4764; x_wconf 77' lang='grc' dir='ltr'>ἔξωθεν</span> <span class='ocrx_word' id='word_1_664' title='bbox 600 4697 789 4762; x_wconf 78' lang='grc' dir='ltr'>σοφίας</span> <span class='ocrx_word' id='word_1_665' title='bbox 822 4697 1246 4766; x_wconf 80' lang='grc' dir='ltr'>ἐπεισαχθέντα,</span> <span class='ocrx_word' id='word_1_666' title='bbox 1301 4695 1554 4763; x_wconf 74' lang='grc' dir='ltr'>τοιαύτην</span> <span class='ocrx_word' id='word_1_667' title='bbox 1605 4695 1724 4748; x_wconf 76' lang='grc' dir='ltr'>τινὰ</span> <span class='ocrx_word' id='word_1_668' title='bbox 1768 4695 1921 4764; x_wconf 74' lang='grc' dir='ltr'>ῥῆσιν</span> 
     </span>
    </p>
   </div>
   <div class='ocr_carea' id='block_1_90' title="bbox 2034 4695 3612 4770">
    <p class='ocr_par' dir='ltr' id='par_1_90' title="bbox 2034 4701 3612 4770">
     <span class='ocr_line' id='line_1_90' title="bbox 2034 4701 3612 4770; baseline 0.003 -20"><span class='ocrx_word' id='word_1_669' title='bbox 2034 4710 2184 4768; x_wconf 85' lang='lat' dir='ltr'><strong>patre</strong></span> <span class='ocrx_word' id='word_1_670' title='bbox 2217 4711 2406 4755; x_wconf 85' lang='lat' dir='ltr'><strong>nostro</strong></span> <span class='ocrx_word' id='word_1_671' title='bbox 2451 4702 2596 4754; x_wconf 79' lang='lat' dir='ltr'><strong>dicta</strong></span> <span class='ocrx_word' id='word_1_672' title='bbox 2649 4710 2778 4755; x_wconf 89' lang='lat' dir='ltr'><strong>sunt</strong></span> <span class='ocrx_word' id='word_1_673' title='bbox 2832 4702 3008 4755; x_wconf 88' lang='lat' dir='ltr'><strong>tendit</strong></span> <span class='ocrx_word' id='word_1_674' title='bbox 3057 4701 3444 4770; x_wconf 80' lang='lat' dir='ltr'><strong>intelligentia:</strong></span> <span class='ocrx_word' id='word_1_675' title='bbox 3495 4701 3612 4754; x_wconf 65' lang='lat' dir='ltr'><strong>hare</strong></span> 
     </span>
    </p>
   </div>
   <div class='ocr_carea' id='block_1_91' title="bbox 347 4785 1925 4860">
    <p class='ocr_par' dir='ltr' id='par_1_91' title="bbox 347 4785 1925 4860">
     <span class='ocr_line' id='line_1_91' title="bbox 347 4785 1925 4860; baseline -0.003 -19"><span class='ocrx_word' id='word_1_676' title='bbox 347 4788 480 4860; x_wconf 77' lang='grc' dir='ltr'>πρὸς</span> <span class='ocrx_word' id='word_1_677' title='bbox 536 4788 844 4860; x_wconf 81' lang='grc' dir='ltr'>ἀνατροπὴν</span> <span class='ocrx_word' id='word_1_678' title='bbox 881 4787 988 4840; x_wconf 83' lang='grc' dir='ltr'>τῶν</span> <span class='ocrx_word' id='word_1_679' title='bbox 1037 4787 1340 4856; x_wconf 73' lang='grc' dir='ltr'>εἰρημένων</span> <span class='ocrx_word' id='word_1_680' title='bbox 1393 4787 1784 4856; x_wconf 67' lang='grc' dir='ltr'>προϐάλλεται,</span> <span class='ocrx_word' id='word_1_681' title='bbox 1832 4785 1925 4837; x_wconf 84' lang='grc' dir='ltr'><strong>καί</strong></span> 
     </span>
    </p>
   </div>
   <div class='ocr_carea' id='block_1_92' title="bbox 348 4877 1926 4950">
    <p class='ocr_par' dir='ltr' id='par_1_92' title="bbox 348 4877 1926 4950">
     <span class='ocr_line' id='line_1_92' title="bbox 348 4877 1926 4950; baseline -0.003 -18"><span class='ocrx_word' id='word_1_682' title='bbox 348 4897 498 4950; x_wconf 70' lang='grc' dir='ltr'>φησι,</span> <span class='ocrx_word' id='word_1_683' title='bbox 530 4879 936 4950; x_wconf 73' lang='grc' dir='ltr'><strong>Τίςτ·εννήσῃ;</strong></span> <span class='ocrx_word' id='word_1_684' title='bbox 963 4879 1210 4945; x_wconf 73' lang='grc' dir='ltr'>λέγοντός</span> <span class='ocrx_word' id='word_1_685' title='bbox 1241 4896 1382 4942; x_wconf 85' lang='grc' dir='ltr'>τινος</span> <span class='ocrx_word' id='word_1_686' title='bbox 1411 4878 1518 4930; x_wconf 79' lang='grc' dir='ltr'><strong>τῶν</strong></span> <span class='ocrx_word' id='word_1_687' title='bbox 1541 4881 1652 4940; x_wconf 86' lang='grc' dir='ltr'>τοῖς</span> <span class='ocrx_word' id='word_1_688' title='bbox 1667 4877 1926 4938; x_wconf 75' lang='grc' dir='ltr'>τοιούτοις</span> 
     </span>
    </p>
   </div>
   <div class='ocr_carea' id='block_1_93' title="bbox 345 4971 1928 5042">
    <p class='ocr_par' dir='ltr' id='par_1_93' title="bbox 345 4971 1928 5042">
     <span class='ocr_line' id='line_1_93' title="bbox 345 4971 1928 5042; baseline 0 -20"><span class='ocrx_word' id='word_1_689' title='bbox 345 4971 522 5039; x_wconf 77' lang='grc' dir='ltr'>λόγοις</span> <span class='ocrx_word' id='word_1_690' title='bbox 561 4972 1110 5042; x_wconf 80' lang='grc' dir='ltr'>ὲμμεμελετηκότων·</span> <span class='ocrx_word' id='word_1_691' title='bbox 1149 4971 1337 5040; x_wconf 73' lang='grc' dir='ltr'>ὥσπερ</span> <span class='ocrx_word' id='word_1_692' title='bbox 1367 4972 1526 5040; x_wconf 77' lang='grc' dir='ltr'>εἴπερ</span> <span class='ocrx_word' id='word_1_693' title='bbox 1574 4971 1634 5023; x_wconf 82' lang='grc' dir='ltr'>τὸ</span> <span class='ocrx_word' id='word_1_694' title='bbox 1673 4973 1928 5041; x_wconf 83' lang='grc' dir='ltr'>δημιουρ-</span> 
     </span>
    </p>
   </div>
   <div class='ocr_carea' id='block_1_94' title="bbox 343 5061 1924 5135">
    <p class='ocr_par' dir='ltr' id='par_1_94' title="bbox 343 5061 1924 5135">
     <span class='ocr_line' id='line_1_94' title="bbox 343 5061 1924 5135; baseline 0 -21"><span class='ocrx_word' id='word_1_695' title='bbox 343 5067 460 5130; x_wconf 84' lang='grc' dir='ltr'>γεῖν</span> <span class='ocrx_word' id='word_1_696' title='bbox 491 5063 652 5116; x_wconf 73' lang='grc' dir='ltr'>καλὸν</span> <span class='ocrx_word' id='word_1_697' title='bbox 701 5066 793 5117; x_wconf 74' lang='grc' dir='ltr'><strong>καὶ</strong></span> <span class='ocrx_word' id='word_1_698' title='bbox 833 5065 1037 5135; x_wconf 80' lang='grc' dir='ltr'>πρέπον</span> <span class='ocrx_word' id='word_1_699' title='bbox 1067 5063 1185 5131; x_wconf 81' lang='grc' dir='ltr'><strong>Θεῷ</strong></span> <span class='ocrx_word' id='word_1_700' title='bbox 1205 5103 1218 5125; x_wconf 93' lang='grc'><strong>,</strong></span> <span class='ocrx_word' id='word_1_701' title='bbox 1249 5062 1364 5125; x_wconf 83' lang='grc' dir='ltr'>πῶς</span> <span class='ocrx_word' id='word_1_702' title='bbox 1395 5065 1494 5116; x_wconf 74' lang='grc' dir='ltr'>οὐκ</span> <span class='ocrx_word' id='word_1_703' title='bbox 1527 5064 1746 5134; x_wconf 74' lang='grc' dir='ltr'>ἁνὲιρχῳ</span> <span class='ocrx_word' id='word_1_704' title='bbox 1775 5061 1924 5133; x_wconf 76' lang='grc' dir='ltr'>αὐτῷ</span> 
     </span>
    </p>
   </div>
   <div class='ocr_carea' id='block_1_95' title="bbox 343 5155 1919 5226">
    <p class='ocr_par' dir='ltr' id='par_1_95' title="bbox 343 5155 1919 5226">
     <span class='ocr_line' id='line_1_95' title="bbox 343 5155 1919 5226; baseline -0.001 -18"><span class='ocrx_word' id='word_1_705' title='bbox 343 5157 404 5208; x_wconf 78' lang='grc' dir='ltr'>τὸ</span> <span class='ocrx_word' id='word_1_706' title='bbox 431 5156 591 5208; x_wconf 77' lang='grc' dir='ltr'>καλὸν</span> <span class='ocrx_word' id='word_1_707' title='bbox 625 5156 720 5210; x_wconf 73' lang='grc' dir='ltr'>καὶ</span> <span class='ocrx_word' id='word_1_708' title='bbox 759 5156 966 5226; x_wconf 85' lang='grc' dir='ltr'>πρέπον</span> <span class='ocrx_word' id='word_1_709' title='bbox 1003 5156 1201 5226; x_wconf 76' lang='grc' dir='ltr'>παρῆν,</span> <span class='ocrx_word' id='word_1_710' title='bbox 1247 5156 1405 5226; x_wconf 80' lang='grc' dir='ltr'>εἴπερ</span> <span class='ocrx_word' id='word_1_711' title='bbox 1431 5157 1662 5225; x_wconf 81' lang='grc' dir='ltr'>ἄναρχος</span> <span class='ocrx_word' id='word_1_712' title='bbox 1692 5158 1719 5208; x_wconf 88' lang='grc' dir='ltr'><strong>ό</strong></span> <span class='ocrx_word' id='word_1_713' title='bbox 1751 5155 1880 5217; x_wconf 81' lang='grc' dir='ltr'>Θεός</span> <span class='ocrx_word' id='word_1_714' title='bbox 1906 5172 1919 5216; x_wconf 90' lang='lat'><strong>;</strong></span> 
     </span>
    </p>
   </div>
   <div class='ocr_carea' id='block_1_96' title="bbox 343 5245 1922 5316">
    <p class='ocr_par' dir='ltr' id='par_1_96' title="bbox 343 5245 1922 5316">
     <span class='ocr_line' id='line_1_96' title="bbox 343 5245 1922 5316; baseline -0.001 -16"><span class='ocrx_word' id='word_1_715' title='bbox 343 5245 448 5300; x_wconf 68' lang='grc' dir='ltr'><strong>Καὶ</strong></span> <span class='ocrx_word' id='word_1_716' title='bbox 473 5245 645 5300; x_wconf 73' lang='grc' dir='ltr'>ταῦτα</span> <span class='ocrx_word' id='word_1_717' title='bbox 682 5247 816 5316; x_wconf 75' lang='grc' dir='ltr'>μήτε</span> <span class='ocrx_word' id='word_1_718' title='bbox 858 5247 1076 5314; x_wconf 78' lang='grc' dir='ltr'>ἀγνοίας</span> <span class='ocrx_word' id='word_1_719' title='bbox 1104 5247 1437 5313; x_wconf 77' lang='grc' dir='ltr'>κωλυούσης,</span> <span class='ocrx_word' id='word_1_720' title='bbox 1478 5248 1610 5316; x_wconf 76' lang='grc' dir='ltr'>μήτε</span> <span class='ocrx_word' id='word_1_721' title='bbox 1639 5247 1922 5309; x_wconf 73' lang='grc' dir='ltr'>ἀσθενείας</span> 
     </span>
    </p>
   </div>
   <div class='ocr_carea' id='block_1_97' title="bbox 343 5337 1919 5410">
    <p class='ocr_par' dir='ltr' id='par_1_97' title="bbox 343 5337 1919 5410">
     <span class='ocr_line' id='line_1_97' title="bbox 343 5337 1919 5410; baseline 0.001 -22"><span class='ocrx_word' id='word_1_722' title='bbox 343 5337 757 5408; x_wconf 73' lang='grc' dir='ltr'>ἐμποδιζούσης,</span> <span class='ocrx_word' id='word_1_723' title='bbox 805 5339 837 5408; x_wconf 85' lang='grc' dir='ltr'>ἢ</span> <span class='ocrx_word' id='word_1_724' title='bbox 870 5340 1002 5410; x_wconf 76' lang='grc' dir='ltr'>πρὸς</span> <span class='ocrx_word' id='word_1_725' title='bbox 1056 5340 1116 5391; x_wconf 69' lang='grc' dir='ltr'>τὸ</span> <span class='ocrx_word' id='word_1_726' title='bbox 1163 5340 1512 5409; x_wconf 75' lang='grc' dir='ltr'>δημιουργεῖν</span> <span class='ocrx_word' id='word_1_727' title='bbox 1548 5338 1792 5410; x_wconf 76' lang='grc' dir='ltr'>ἡλικίας,</span> <span class='ocrx_word' id='word_1_728' title='bbox 1829 5339 1919 5391; x_wconf 72' lang='grc' dir='ltr'>καὶ</span> 
     </span>
    </p>
   </div>
   <div class='ocr_carea' id='block_1_98' title="bbox 341 5429 1918 5500">
    <p class='ocr_par' dir='ltr' id='par_1_98' title="bbox 341 5429 1918 5500">
     <span class='ocr_line' id='line_1_98' title="bbox 341 5429 1918 5500; baseline 0.001 -20"><span class='ocrx_word' id='word_1_729' title='bbox 341 5429 442 5480; x_wconf 78' lang='grc' dir='ltr'><strong>ὅσα</strong></span> <span class='ocrx_word' id='word_1_730' title='bbox 481 5431 834 5500; x_wconf 85' lang='grc' dir='ltr'>συμφορήσας</span> <span class='ocrx_word' id='word_1_731' title='bbox 879 5429 1062 5492; x_wconf 82' lang='grc' dir='ltr'>κακῶς</span> <span class='ocrx_word' id='word_1_732' title='bbox 1098 5430 1307 5499; x_wconf 81' lang='grc' dir='ltr'>σεαυτῷ</span> <span class='ocrx_word' id='word_1_733' title='bbox 1357 5431 1655 5500; x_wconf 69' lang='grc' dir='ltr'>κατέχεας*</span> <span class='ocrx_word' id='word_1_734' title='bbox 1698 5431 1758 5481; x_wconf 85' lang='grc' dir='ltr'><strong>ού</strong></span> <span class='ocrx_word' id='word_1_735' title='bbox 1811 5431 1918 5500; x_wconf 69' lang='grc' dir='ltr'>γὰρ</span> 
     </span>
    </p>
   </div>
   <div class='ocr_carea' id='block_1_99' title="bbox 341 5518 1916 5592">
    <p class='ocr_par' dir='ltr' id='par_1_99' title="bbox 341 5518 1916 5592">
     <span class='ocr_line' id='line_1_99' title="bbox 341 5518 1916 5592; baseline 0.001 -21"><span class='ocrx_word' id='word_1_736' title='bbox 341 5519 404 5591; x_wconf 80' lang='grc' dir='ltr'>δὴ</span> <span class='ocrx_word' id='word_1_737' title='bbox 431 5519 524 5572; x_wconf 78' lang='grc' dir='ltr'>τοῦ</span> <span class='ocrx_word' id='word_1_738' title='bbox 560 5521 704 5572; x_wconf 76' lang='grc' dir='ltr'>Θεοῦ</span> <span class='ocrx_word' id='word_1_739' title='bbox 731 5520 886 5591; x_wconf 86' lang='grc' dir='ltr'>θέμις</span> <span class='ocrx_word' id='word_1_740' title='bbox 915 5523 1109 5574; x_wconf 81' lang='grc' dir='ltr'>εἰπεῖν.</span> <span class='ocrx_word' id='word_1_741' title='bbox 1145 5523 1204 5574; x_wconf 79' lang='grc' dir='ltr'><strong>Εἰ</strong></span> <span class='ocrx_word' id='word_1_742' title='bbox 1239 5523 1334 5592; x_wconf 84' lang='grc' dir='ltr'><strong>μὲν</strong></span> <span class='ocrx_word' id='word_1_743' title='bbox 1360 5518 1451 5574; x_wconf 74' lang='grc' dir='ltr'>οὖν</span> <span class='ocrx_word' id='word_1_744' title='bbox 1477 5518 1543 5592; x_wconf 81' lang='grc' dir='ltr'><strong>ἦν</strong></span> <span class='ocrx_word' id='word_1_745' title='bbox 1570 5521 1790 5575; x_wconf 79' lang='grc' dir='ltr'>δυνατὸν</span> <span class='ocrx_word' id='word_1_746' title='bbox 1817 5522 1916 5574; x_wconf 80' lang='grc' dir='ltr'><strong>αὑ·-</strong></span> 
     </span>
    </p>
   </div>
   <div class='ocr_carea' id='block_1_100' title="bbox 335 5611 1912 5684">
    <p class='ocr_par' dir='ltr' id='par_1_100' title="bbox 335 5611 1912 5684">
     <span class='ocr_line' id='line_1_100' title="bbox 335 5611 1912 5684; baseline 0.002 -21"><span class='ocrx_word' id='word_1_747' title='bbox 335 5611 430 5664; x_wconf 70' lang='grc' dir='ltr'>τῗιν</span> <span class='ocrx_word' id='word_1_748' title='bbox 467 5613 556 5664; x_wconf 76' lang='grc' dir='ltr'>τὸν</span> <span class='ocrx_word' id='word_1_749' title='bbox 581 5611 896 5666; x_wconf 76' lang='grc' dir='ltr'>διδάσκαλον</span> <span class='ocrx_word' id='word_1_750' title='bbox 931 5614 1068 5684; x_wconf 78' lang='grc' dir='ltr'>πρὸς</span> <span class='ocrx_word' id='word_1_751' title='bbox 1097 5615 1158 5666; x_wconf 80' lang='grc' dir='ltr'>τὸ</span> <span class='ocrx_word' id='word_1_752' title='bbox 1186 5615 1457 5684; x_wconf 75' lang='grc' dir='ltr'>ἐρωτηθὲν</span> <span class='ocrx_word' id='word_1_753' title='bbox 1493 5613 1912 5684; x_wconf 77' lang='grc' dir='ltr'>ἀποκρίνασθαι,</span> 
     </span>
    </p>
   </div>
   <div class='ocr_carea' id='block_1_101' title="bbox 339 5701 1916 5774">
    <p class='ocr_par' dir='ltr' id='par_1_101' title="bbox 339 5701 1916 5774">
     <span class='ocr_line' id='line_1_101' title="bbox 339 5701 1916 5774; baseline 0.001 -18"><span class='ocrx_word' id='word_1_754' title='bbox 339 5703 537 5768; x_wconf 79' lang='grc' dir='ltr'>ἔδειξεν</span> <span class='ocrx_word' id='word_1_755' title='bbox 567 5702 632 5756; x_wconf 85' lang='grc' dir='ltr'>ἂν</span> <span class='ocrx_word' id='word_1_756' title='bbox 659 5703 736 5773; x_wconf 78' lang='grc' dir='ltr'>τῷ</span> <span class='ocrx_word' id='word_1_757' title='bbox 766 5705 1028 5774; x_wconf 76' lang='grc' dir='ltr'>Εὐνομίῳ,</span> <span class='ocrx_word' id='word_1_758' title='bbox 1060 5706 1140 5768; x_wconf 80' lang='grc' dir='ltr'><strong>τίς</strong></span> <span class='ocrx_word' id='word_1_759' title='bbox 1187 5707 1252 5759; x_wconf 80' lang='grc' dir='ltr'>ἂν</span> <span class='ocrx_word' id='word_1_760' title='bbox 1281 5708 1514 5774; x_wconf 79' lang='grc' dir='ltr'>ἐγένετο,</span> <span class='ocrx_word' id='word_1_761' title='bbox 1553 5705 1732 5766; x_wconf 81' lang='grc' dir='ltr'>καθὼς</span> <span class='ocrx_word' id='word_1_762' title='bbox 1764 5701 1916 5769; x_wconf 77' lang='grc' dir='ltr'>οὗτος</span> 
     </span>
    </p>
   </div>
   <div class='ocr_carea' id='block_1_102' title="bbox 336 5793 1913 5865">
    <p class='ocr_par' dir='ltr' id='par_1_102' title="bbox 336 5793 1913 5865">
     <span class='ocr_line' id='line_1_102' title="bbox 336 5793 1913 5865; baseline 0.003 -22"><span class='ocrx_word' id='word_1_763' title='bbox 336 5793 586 5862; x_wconf 72' lang='grc' dir='ltr'>ἠρώτησε</span> <span class='ocrx_word' id='word_1_764' title='bbox 623 5794 710 5846; x_wconf 68' lang='grc' dir='ltr'><strong>διὰ</strong></span> <span class='ocrx_word' id='word_1_765' title='bbox 751 5797 849 5862; x_wconf 78' lang='grc' dir='ltr'>τῆς</span> <span class='ocrx_word' id='word_1_766' title='bbox 875 5795 1256 5850; x_wconf 80' lang='grc' dir='ltr'>θεοπαιδεύτου</span> <span class='ocrx_word' id='word_1_767' title='bbox 1289 5797 1534 5865; x_wconf 81' lang='grc' dir='ltr'>γλώττης</span> <span class='ocrx_word' id='word_1_768' title='bbox 1554 5837 1568 5861; x_wconf 95' lang='grc'><strong>,</strong></span> <span class='ocrx_word' id='word_1_769' title='bbox 1595 5795 1657 5848; x_wconf 87' lang='grc' dir='ltr'><strong>τό</strong></span> <span class='ocrx_word' id='word_1_770' title='bbox 1679 5813 1740 5850; x_wconf 83' lang='grc' dir='ltr'><strong>τε</strong></span> <span class='ocrx_word' id='word_1_771' title='bbox 1773 5795 1913 5848; x_wconf 80' lang='grc' dir='ltr'>θεῖον</span> 
     </span>
    </p>
   </div>
   <div class='ocr_carea' id='block_1_103' title="bbox 335 5888 1914 5960">
    <p class='ocr_par' dir='ltr' id='par_1_103' title="bbox 335 5888 1914 5960">
     <span class='ocr_line' id='line_1_103' title="bbox 335 5888 1914 5960; baseline -0.001 -18"><span class='ocrx_word' id='word_1_772' title='bbox 335 5888 692 5944; x_wconf 68' lang='grc' dir='ltr'>ὲιικαλύπτων</span> <span class='ocrx_word' id='word_1_773' title='bbox 735 5889 1030 5958; x_wconf 75' lang='grc' dir='ltr'>μυστήριον</span> <span class='ocrx_word' id='word_1_774' title='bbox 1053 5929 1066 5950; x_wconf 92' lang='grc'><strong>,</strong></span> <span class='ocrx_word' id='word_1_775' title='bbox 1099 5891 1193 5942; x_wconf 74' lang='grc' dir='ltr'>καὶ</span> <span class='ocrx_word' id='word_1_776' title='bbox 1230 5891 1504 5960; x_wconf 77' lang='grc' dir='ltr'>μαστίζων</span> <span class='ocrx_word' id='word_1_777' title='bbox 1534 5891 1644 5951; x_wconf 71' lang='grc' dir='ltr'>τοῖς</span> <span class='ocrx_word' id='word_1_778' title='bbox 1674 5889 1914 5957; x_wconf 71' lang='grc' dir='ltr'>ἐλέγχοις</span> 
     </span>
    </p>
   </div>
   <div class='ocr_carea' id='block_1_104' title="bbox 336 5979 1910 6053">
    <p class='ocr_par' dir='ltr' id='par_1_104' title="bbox 336 5979 1910 6053">
     <span class='ocr_line' id='line_1_104' title="bbox 336 5979 1910 6053; baseline 0 -19"><span class='ocrx_word' id='word_1_779' title='bbox 336 5981 460 6043; x_wconf 64' lang='grc' dir='ltr'>τοὺς</span> <span class='ocrx_word' id='word_1_780' title='bbox 491 5979 586 6050; x_wconf 74' lang='grc' dir='ltr'>τῆς</span> <span class='ocrx_word' id='word_1_781' title='bbox 621 5980 834 6050; x_wconf 66' lang='grc' dir='ltr'>ἀπάτης</span> <span class='ocrx_word' id='word_1_782' title='bbox 873 5980 1199 6050; x_wconf 71' lang='grc' dir='ltr'>προστάτας,</span> <span class='ocrx_word' id='word_1_783' title='bbox 1228 5981 1364 6035; x_wconf 77' lang='grc' dir='ltr'>ὥστε</span> <span class='ocrx_word' id='word_1_784' title='bbox 1403 5981 1632 6053; x_wconf 66' lang='grc' dir='ltr'>φανερὸν</span> <span class='ocrx_word' id='word_1_785' title='bbox 1663 5983 1910 6050; x_wconf 70' lang='grc' dir='ltr'>γενέσθαι</span> 
     </span>
    </p>
   </div>
   <div class='ocr_carea' id='block_1_105' title="bbox 2031 4787 3610 4862">
    <p class='ocr_par' dir='ltr' id='par_1_105' title="bbox 2031 4787 3610 4862">
     <span class='ocr_line' id='line_1_105' title="bbox 2031 4787 3610 4862; baseline 0.002 -19"><span class='ocrx_word' id='word_1_786' title='bbox 2031 4787 2332 4847; x_wconf 82' lang='lat' dir='ltr'><strong>Eunumins</strong></span> <span class='ocrx_word' id='word_1_787' title='bbox 2365 4795 2516 4862; x_wconf 86' lang='lat' dir='ltr'><strong>prius</strong></span> <span class='ocrx_word' id='word_1_788' title='bbox 2547 4794 2842 4848; x_wconf 85' lang='lat' dir='ltr'><strong>traducens</strong></span> <span class='ocrx_word' id='word_1_789' title='bbox 2873 4803 2926 4846; x_wconf 82' lang='lat' dir='ltr'><strong>et</strong></span> <span class='ocrx_word' id='word_1_790' title='bbox 2955 4811 3182 4862; x_wconf 85' lang='lat' dir='ltr'><strong>carpens</strong></span> <span class='ocrx_word' id='word_1_791' title='bbox 3204 4835 3217 4856; x_wconf 87' lang='lat'><strong>,</strong></span> <span class='ocrx_word' id='word_1_792' title='bbox 3269 4795 3492 4846; x_wconf 86' lang='lat' dir='ltr'><strong>advecta</strong></span> <span class='ocrx_word' id='word_1_793' title='bbox 3541 4809 3610 4846; x_wconf 68' lang='lat' dir='ltr'><strong>ex</strong></span> 
     </span>
    </p>
   </div>
   <div class='ocr_carea' id='block_1_106' title="bbox 2029 4881 3608 4951">
    <p class='ocr_par' dir='ltr' id='par_1_106' title="bbox 2029 4881 3608 4951">
     <span class='ocr_line' id='line_1_106' title="bbox 2029 4881 3608 4951; baseline 0.002 -18"><span class='ocrx_word' id='word_1_794' title='bbox 2029 4882 2295 4950; x_wconf 82' lang='lat' dir='ltr'><strong>sapientia</strong></span> <span class='ocrx_word' id='word_1_795' title='bbox 2349 4891 2608 4948; x_wconf 78' lang='lat' dir='ltr'><strong>externa,</strong></span> <span class='ocrx_word' id='word_1_796' title='bbox 2659 4886 2822 4936; x_wconf 84' lang='lat' dir='ltr'><strong>talem</strong></span> <span class='ocrx_word' id='word_1_797' title='bbox 2871 4881 3164 4951; x_wconf 87' lang='lat' dir='ltr'><strong>quamdam</strong></span> <span class='ocrx_word' id='word_1_798' title='bbox 3203 4881 3498 4936; x_wconf 87' lang='lat' dir='ltr'><strong>dictionem</strong></span> <span class='ocrx_word' id='word_1_799' title='bbox 3538 4883 3608 4936; x_wconf 87' lang='lat' dir='ltr'><strong>ad</strong></span> 
     </span>
    </p>
   </div>
   <div class='ocr_carea' id='block_1_107' title="bbox 2025 4973 3604 5042">
    <p class='ocr_par' dir='ltr' id='par_1_107' title="bbox 2025 4973 3604 5042">
     <span class='ocr_line' id='line_1_107' title="bbox 2025 4973 3604 5042; baseline 0.001 -17"><span class='ocrx_word' id='word_1_800' title='bbox 2025 4973 2364 5027; x_wconf 87' lang='lat' dir='ltr'><strong>eversionem</strong></span> <span class='ocrx_word' id='word_1_801' title='bbox 2406 4989 2592 5027; x_wconf 87' lang='lat' dir='ltr'><strong>eorum</strong></span> <span class='ocrx_word' id='word_1_802' title='bbox 2621 4990 2742 5040; x_wconf 76' lang='lat' dir='ltr'><strong>quae</strong></span> <span class='ocrx_word' id='word_1_803' title='bbox 2771 4973 2914 5027; x_wconf 90' lang='lat' dir='ltr'><strong>dicta</strong></span> <span class='ocrx_word' id='word_1_804' title='bbox 2942 4981 3068 5027; x_wconf 85' lang='lat' dir='ltr'><strong>sunt</strong></span> <span class='ocrx_word' id='word_1_805' title='bbox 3107 4974 3379 5042; x_wconf 88' lang='lat' dir='ltr'><strong>proponit,</strong></span> <span class='ocrx_word' id='word_1_806' title='bbox 3406 4981 3458 5026; x_wconf 86' lang='lat' dir='ltr'><strong>et</strong></span> <span class='ocrx_word' id='word_1_807' title='bbox 3483 4973 3560 5025; x_wconf 87' lang='lat' dir='ltr'><strong>ait</strong></span> <span class='ocrx_word' id='word_1_808' title='bbox 3588 4991 3604 5026; x_wconf 91' lang='lat'><strong>:</strong></span> 
     </span>
    </p>
   </div>
   <div class='ocr_carea' id='block_1_108' title="bbox 2027 5064 3607 5138">
    <p class='ocr_par' dir='ltr' id='par_1_108' title="bbox 2027 5064 3607 5138">
     <span class='ocr_line' id='line_1_108' title="bbox 2027 5064 3607 5138; baseline 0.003 -21"><span class='ocrx_word' id='word_1_809' title='bbox 2027 5064 2158 5129; x_wconf 85' lang='lat' dir='ltr'><strong>Quis</strong></span> <span class='ocrx_word' id='word_1_810' title='bbox 2211 5066 2662 5138; x_wconf 79' lang='lat' dir='ltr'><strong>generabit?(cum</strong></span> <span class='ocrx_word' id='word_1_811' title='bbox 2698 5067 2928 5122; x_wconf 76' lang='lat' dir='ltr'><strong>dixisset</strong></span> <span class='ocrx_word' id='word_1_812' title='bbox 2967 5067 3167 5135; x_wconf 88' lang='lat' dir='ltr'><strong>aliquis</strong></span> <span class='ocrx_word' id='word_1_813' title='bbox 3198 5081 3388 5120; x_wconf 90' lang='lat' dir='ltr'><strong>eorum</strong></span> <span class='ocrx_word' id='word_1_814' title='bbox 3423 5068 3516 5136; x_wconf 91' lang='lat' dir='ltr'><strong>qui</strong></span> <span class='ocrx_word' id='word_1_815' title='bbox 3551 5069 3607 5122; x_wconf 86' lang='lat' dir='ltr'><strong>in</strong></span> 
     </span>
    </p>
   </div>
   <div class='ocr_carea' id='block_1_109' title="bbox 2023 5158 3606 5226">
    <p class='ocr_par' dir='ltr' id='par_1_109' title="bbox 2023 5158 3606 5226">
     <span class='ocr_line' id='line_1_109' title="bbox 2023 5158 3606 5226; baseline 0.003 -18"><span class='ocrx_word' id='word_1_816' title='bbox 2023 5158 2227 5212; x_wconf 82' lang='lat' dir='ltr'><strong>talibus</strong></span> <span class='ocrx_word' id='word_1_817' title='bbox 2281 5159 2630 5212; x_wconf 80' lang='lat' dir='ltr'><strong>sermonibus</strong></span> <span class='ocrx_word' id='word_1_818' title='bbox 2677 5159 2960 5211; x_wconf 69' lang='lat' dir='ltr'><strong>exercitati</strong></span> <span class='ocrx_word' id='word_1_819' title='bbox 3015 5160 3606 5226; x_wconf 62' lang='lat' dir='ltr'><strong>sunt),queinadino~</strong></span> 
     </span>
    </p>
   </div>
   <div class='ocr_carea' id='block_1_110' title="bbox 2022 5248 3607 5316">
    <p class='ocr_par' dir='ltr' id='par_1_110' title="bbox 2022 5248 3607 5316">
     <span class='ocr_line' id='line_1_110' title="bbox 2022 5248 3607 5316; baseline 0.001 -16"><span class='ocrx_word' id='word_1_820' title='bbox 2022 5249 2173 5310; x_wconf 88' lang='lat' dir='ltr'><strong>dum,</strong></span> <span class='ocrx_word' id='word_1_821' title='bbox 2213 5249 2484 5316; x_wconf 87' lang='lat' dir='ltr'><strong>siquidem</strong></span> <span class='ocrx_word' id='word_1_822' title='bbox 2517 5249 2754 5302; x_wconf 75' lang='lat' dir='ltr'><strong>condere</strong></span> <span class='ocrx_word' id='word_1_823' title='bbox 2787 5257 2840 5302; x_wconf 89' lang='lat' dir='ltr'><strong>et</strong></span> <span class='ocrx_word' id='word_1_824' title='bbox 2873 5265 3062 5304; x_wconf 76' lang='lat' dir='ltr'><strong>creare</strong></span> <span class='ocrx_word' id='word_1_825' title='bbox 3092 5249 3381 5302; x_wconf 75' lang='lat' dir='ltr'><strong>honestum</strong></span> <span class='ocrx_word' id='word_1_826' title='bbox 3413 5263 3465 5302; x_wconf 90' lang='lat' dir='ltr'><strong>et</strong></span> <span class='ocrx_word' id='word_1_827' title='bbox 3496 5248 3607 5302; x_wconf 88' lang='lat' dir='ltr'><strong>Deo</strong></span> 
     </span>
    </p>
   </div>
   <div class='ocr_carea' id='block_1_111' title="bbox 2021 5341 3604 5409">
    <p class='ocr_par' dir='ltr' id='par_1_111' title="bbox 2021 5341 3604 5409">
     <span class='ocr_line' id='line_1_111' title="bbox 2021 5341 3604 5409; baseline 0 -17"><span class='ocrx_word' id='word_1_828' title='bbox 2021 5341 2280 5393; x_wconf 85' lang='lat' dir='ltr'><strong>decorum</strong></span> <span class='ocrx_word' id='word_1_829' title='bbox 2303 5349 2416 5392; x_wconf 83' lang='lat' dir='ltr'><strong>est:</strong></span> <span class='ocrx_word' id='word_1_830' title='bbox 2448 5357 2556 5407; x_wconf 85' lang='lat' dir='ltr'><strong>quo</strong></span> <span class='ocrx_word' id='word_1_831' title='bbox 2591 5341 2749 5392; x_wconf 77' lang='lat' dir='ltr'><strong>modo</strong></span> <span class='ocrx_word' id='word_1_832' title='bbox 2783 5341 2884 5408; x_wconf 83' lang='lat' dir='ltr'><strong>ipsi</strong></span> <span class='ocrx_word' id='word_1_833' title='bbox 2922 5341 3135 5409; x_wconf 84' lang='lat' dir='ltr'><strong>Origine</strong></span> <span class='ocrx_word' id='word_1_834' title='bbox 3167 5341 3376 5394; x_wconf 87' lang='lat' dir='ltr'><strong>carenti</strong></span> <span class='ocrx_word' id='word_1_835' title='bbox 3428 5341 3604 5393; x_wconf 77' lang='lat' dir='ltr'><strong>liene-</strong></span> 
     </span>
    </p>
   </div>
   <div class='ocr_carea' id='block_1_112' title="bbox 2019 5433 3606 5502">
    <p class='ocr_par' dir='ltr' id='par_1_112' title="bbox 2019 5433 3606 5502">
     <span class='ocr_line' id='line_1_112' title="bbox 2019 5433 3606 5502; baseline 0.001 -16"><span class='ocrx_word' id='word_1_836' title='bbox 2019 5443 2160 5486; x_wconf 86' lang='lat' dir='ltr'><strong>stuni</strong></span> <span class='ocrx_word' id='word_1_837' title='bbox 2209 5442 2262 5485; x_wconf 86' lang='lat' dir='ltr'><strong>et</strong></span> <span class='ocrx_word' id='word_1_838' title='bbox 2307 5433 2656 5486; x_wconf 79' lang='lat' dir='ltr'><strong>decensnon</strong></span> <span class='ocrx_word' id='word_1_839' title='bbox 2698 5435 2918 5492; x_wconf 76' lang='lat' dir='ltr'><strong>aderat,</strong></span> <span class='ocrx_word' id='word_1_840' title='bbox 2967 5433 3236 5501; x_wconf 85' lang='lat' dir='ltr'><strong>siquidem</strong></span> <span class='ocrx_word' id='word_1_841' title='bbox 3291 5434 3503 5502; x_wconf 79' lang='lat' dir='ltr'><strong>origine</strong></span> <span class='ocrx_word' id='word_1_842' title='bbox 3551 5443 3606 5488; x_wconf 88' lang='lat' dir='ltr'><strong>et</strong></span> 
     </span>
    </p>
   </div>
   <div class='ocr_carea' id='block_1_113' title="bbox 2021 5523 3586 5595">
    <p class='ocr_par' dir='ltr' id='par_1_113' title="bbox 2021 5523 3586 5595">
     <span class='ocr_line' id='line_1_113' title="bbox 2021 5523 3586 5595; baseline 0.003 -21"><span class='ocrx_word' id='word_1_843' title='bbox 2021 5524 2291 5592; x_wconf 86' lang='lat' dir='ltr'><strong>principio</strong></span> <span class='ocrx_word' id='word_1_844' title='bbox 2331 5535 2480 5577; x_wconf 86' lang='lat' dir='ltr'><strong>caret</strong></span> <span class='ocrx_word' id='word_1_845' title='bbox 2515 5523 2702 5577; x_wconf 85' lang='lat' dir='ltr'><strong>Deus?</strong></span> <span class='ocrx_word' id='word_1_846' title='bbox 2734 5525 2871 5592; x_wconf 74' lang='lat' dir='ltr'><strong>Ergo</strong></span> <span class='ocrx_word' id='word_1_847' title='bbox 2905 5528 3066 5578; x_wconf 86' lang='lat' dir='ltr'><strong>etiam</strong></span> <span class='ocrx_word' id='word_1_848' title='bbox 3117 5526 3230 5580; x_wconf 59' lang='lat' dir='ltr'><strong>huic</strong></span> <span class='ocrx_word' id='word_1_849' title='bbox 3258 5543 3376 5595; x_wconf 71' lang='lat' dir='ltr'><strong>quaI</strong></span> <span class='ocrx_word' id='word_1_850' title='bbox 3403 5535 3586 5578; x_wconf 78' lang='lat' dir='ltr'><strong>creata</strong></span> 
     </span>
    </p>
   </div>
   <div class='ocr_carea' id='block_1_114' title="bbox 2019 5618 3604 5686">
    <p class='ocr_par' dir='ltr' id='par_1_114' title="bbox 2019 5618 3604 5686">
     <span class='ocr_line' id='line_1_114' title="bbox 2019 5618 3604 5686; baseline 0.001 -16"><span class='ocrx_word' id='word_1_851' title='bbox 2019 5625 2170 5676; x_wconf 88' lang='lat' dir='ltr'><strong>sunt,</strong></span> <span class='ocrx_word' id='word_1_852' title='bbox 2205 5633 2326 5668; x_wconf 77' lang='lat' dir='ltr'><strong>cum</strong></span> <span class='ocrx_word' id='word_1_853' title='bbox 2357 5633 2532 5685; x_wconf 87' lang='lat' dir='ltr'><strong>neque</strong></span> <span class='ocrx_word' id='word_1_854' title='bbox 2567 5618 2872 5684; x_wconf 80' lang='lat' dir='ltr'><strong>ignorantia</strong></span> <span class='ocrx_word' id='word_1_855' title='bbox 2905 5619 2978 5670; x_wconf 86' lang='lat' dir='ltr'><strong>sit</strong></span> <span class='ocrx_word' id='word_1_856' title='bbox 3005 5635 3126 5686; x_wconf 79' lang='lat' dir='ltr'><strong>qua:</strong></span> <span class='ocrx_word' id='word_1_857' title='bbox 3167 5618 3472 5685; x_wconf 86' lang='lat' dir='ltr'><strong>prohibeat,</strong></span> <span class='ocrx_word' id='word_1_858' title='bbox 3517 5635 3604 5672; x_wconf 50' lang='grc' dir='ltr'><strong>ηεξ</strong></span> 
     </span>
    </p>
   </div>
   <div class='ocr_carea' id='block_1_115' title="bbox 2015 5709 3598 5778">
    <p class='ocr_par' dir='ltr' id='par_1_115' title="bbox 2015 5709 3598 5778">
     <span class='ocr_line' id='line_1_115' title="bbox 2015 5709 3598 5778; baseline 0 -18"><span class='ocrx_word' id='word_1_859' title='bbox 2015 5725 2122 5776; x_wconf 88' lang='lat' dir='ltr'><strong>que</strong></span> <span class='ocrx_word' id='word_1_860' title='bbox 2153 5709 2438 5762; x_wconf 88' lang='lat' dir='ltr'><strong>inlirmitas</strong></span> <span class='ocrx_word' id='word_1_861' title='bbox 2461 5725 2581 5776; x_wconf 66' lang='lat' dir='ltr'><strong>quae</strong></span> <span class='ocrx_word' id='word_1_862' title='bbox 2599 5710 2858 5778; x_wconf 84' lang='lat' dir='ltr'><strong>impediat</strong></span> <span class='ocrx_word' id='word_1_863' title='bbox 2881 5711 2962 5763; x_wconf 88' lang='lat' dir='ltr'><strong>vel</strong></span> <span class='ocrx_word' id='word_1_864' title='bbox 2985 5718 3118 5764; x_wconf 61' lang='lat' dir='ltr'><strong>retas</strong></span> <span class='ocrx_word' id='word_1_865' title='bbox 3143 5711 3208 5762; x_wconf 87' lang='lat' dir='ltr'><strong>ad</strong></span> <span class='ocrx_word' id='word_1_866' title='bbox 3240 5709 3598 5778; x_wconf 78' lang='lat' dir='ltr'><strong>operantium,</strong></span> 
     </span>
    </p>
   </div>
   <div class='ocr_carea' id='block_1_116' title="bbox 2019 5805 3608 5874">
    <p class='ocr_par' dir='ltr' id='par_1_116' title="bbox 2019 5805 3608 5874">
     <span class='ocr_line' id='line_1_116' title="bbox 2019 5805 3608 5874; baseline -0.002 -15"><span class='ocrx_word' id='word_1_867' title='bbox 2019 5815 2074 5859; x_wconf 86' lang='lat' dir='ltr'><strong>et</strong></span> <span class='ocrx_word' id='word_1_868' title='bbox 2123 5821 2464 5874; x_wconf 75' lang='lat' dir='ltr'><strong>quaecunque</strong></span> <span class='ocrx_word' id='word_1_869' title='bbox 2509 5821 2812 5874; x_wconf 83' lang='lat' dir='ltr'><strong>congerens</strong></span> <span class='ocrx_word' id='word_1_870' title='bbox 2855 5807 2992 5858; x_wconf 89' lang='lat' dir='ltr'><strong>male</strong></span> <span class='ocrx_word' id='word_1_871' title='bbox 3046 5808 3098 5858; x_wconf 91' lang='lat' dir='ltr'><strong>in</strong></span> <span class='ocrx_word' id='word_1_872' title='bbox 3146 5815 3196 5858; x_wconf 90' lang='lat' dir='ltr'><strong>te</strong></span> <span class='ocrx_word' id='word_1_873' title='bbox 3252 5807 3428 5872; x_wconf 90' lang='lat' dir='ltr'><strong>ipsum</strong></span> <span class='ocrx_word' id='word_1_874' title='bbox 3461 5805 3608 5857; x_wconf 75' lang='lat' dir='ltr'><strong>etfu-</strong></span> 
     </span>
    </p>
   </div>
   <div class='ocr_carea' id='block_1_117' title="bbox 2015 5896 3597 5965">
    <p class='ocr_par' dir='ltr' id='par_1_117' title="bbox 2015 5896 3597 5965">
     <span class='ocr_line' id='line_1_117' title="bbox 2015 5896 3597 5965; baseline -0.004 -13"><span class='ocrx_word' id='word_1_875' title='bbox 2015 5898 2180 5961; x_wconf 86' lang='lat' dir='ltr'><strong>disti;</strong></span> <span class='ocrx_word' id='word_1_876' title='bbox 2211 5915 2334 5950; x_wconf 89' lang='lat' dir='ltr'><strong>nam</strong></span> <span class='ocrx_word' id='word_1_877' title='bbox 2375 5897 2425 5948; x_wconf 90' lang='lat' dir='ltr'><strong>in</strong></span> <span class='ocrx_word' id='word_1_878' title='bbox 2467 5897 2654 5958; x_wconf 77' lang='lat' dir='ltr'><strong>Deum,</strong></span> <span class='ocrx_word' id='word_1_879' title='bbox 2693 5899 2874 5951; x_wconf 69' lang='lat' dir='ltr'><strong>dicere</strong></span> <span class='ocrx_word' id='word_1_880' title='bbox 2909 5896 3082 5951; x_wconf 80' lang='lat' dir='ltr'><strong>nefas.</strong></span> <span class='ocrx_word' id='word_1_881' title='bbox 3120 5898 3173 5948; x_wconf 85' lang='lat' dir='ltr'><strong>Si</strong></span> <span class='ocrx_word' id='word_1_882' title='bbox 3205 5899 3369 5965; x_wconf 80' lang='lat' dir='ltr'><strong>igitur</strong></span> <span class='ocrx_word' id='word_1_883' title='bbox 3407 5903 3597 5964; x_wconf 87' lang='lat' dir='ltr'><strong>posset</strong></span> 
     </span>
    </p>
   </div>
   <div class='ocr_carea' id='block_1_118' title="bbox 2018 5986 3676 6060">
    <p class='ocr_par' dir='ltr' id='par_1_118' title="bbox 2018 5986 3676 6060">
     <span class='ocr_line' id='line_1_118' title="bbox 2018 5986 3676 6060; baseline -0.004 -18"><span class='ocrx_word' id='word_1_884' title='bbox 2018 5988 2278 6058; x_wconf 75' lang='lat' dir='ltr'><strong>magister</strong></span> <span class='ocrx_word' id='word_1_885' title='bbox 2308 5986 2371 6040; x_wconf 83' lang='lat' dir='ltr'><strong>ad</strong></span> <span class='ocrx_word' id='word_1_886' title='bbox 2403 5988 2795 6060; x_wconf 72' lang='lat' dir='ltr'><strong>interrogatum</strong></span> <span class='ocrx_word' id='word_1_887' title='bbox 2831 5989 3183 6060; x_wconf 84' lang='lat' dir='ltr'><strong>respondere,</strong></span> <span class='ocrx_word' id='word_1_888' title='bbox 3217 5987 3485 6042; x_wconf 74' lang='lat' dir='ltr'><strong>Eunomia</strong></span> <span class='ocrx_word' id='word_1_889' title='bbox 3512 6001 3601 6042; x_wconf 64' lang='grc' dir='ltr'><strong>υς·</strong></span> <span class='ocrx_word' id='word_1_890' title='bbox 3651 6014 3676 6024; x_wconf 91' lang='grc'><strong>-</strong></span> 
     </span>
    </p>
   </div>
  </div>
