4142 6374
532 370 631 424 7231

1768 372 1822 427 S.
1865 373 2188 435 GREGORII
2224 373 2512 427 NYSSEX!

3678 371 3780 424 793

532 487 808 549 tenderet,
836 486 961 557 quis
1002 488 1221 556 genitus
1250 494 1369 553 est,
1410 487 1553 542 sicut
1601 486 1690 542 hic
1742 487 2097 555 interrogavit

2202 488 2367 538 πᾶσιν
2388 486 2510 537 ὅσον
2541 484 2599 537 τὸ
2627 487 2789 553 μέσον
2817 486 2931 537 ἐστῖ
2966 485 3166 555 μεταξῦ
3190 485 3435 538 διακόνου
3466 486 3779 554 μυστηρίων

528 596 626 657 per
652 579 891 649 linguam
921 594 950 631 a
994 578 1104 631 Deo
1135 577 1433 647 eruditam,
1483 584 1537 630 et
1570 586 1700 629 tunc
1733 576 1974 630 divinum
2012 590 2103 629 re-

528 670 717 724 velans
748 669 1093 740 mysterium,
1127 678 1181 721 et
1208 666 1627 725 refutationibus
1656 666 1934 737 ﬁagellans
1959 680 2104 719 erro-

530 763 609 822 ris
631 761 913 832 praesides,
939 768 999 814 ut
1039 760 1294 825 omnibus
1329 761 1400 822 sit
1446 758 1793 813 manifestum
1838 766 2100 828 quantum

530 854 747 911 intersit
777 855 921 909 inter
955 854 1269 918 ministrum
1320 852 1704 922 mysteriorum
1752 850 1996 912 Christi,
2049 857 2103 902 et

528 946 756 1000 mimum
792 945 1109 1009 ridiculum,
1146 944 1229 1003 vel
1271 943 1507 1005 ﬁctorem
1535 959 1798 999 novorum
1829 949 1882 995 et
1913 941 2099 1010 prodi-

529 1036 812 1104 giosorum
863 1035 1213 1104 placitorum.
1264 1034 1370 1087 Sed
1404 1033 1662 1101 quoniam
1704 1033 1795 1086 ille
1839 1032 2057 1100 quidem
2083 1070 2098 1093 ,

529 1128 763 1182 sicutait
788 1129 1101 1197 Apostolus.
1125 1135 1374 1187 mortuus
1405 1126 1510 1181 Deo
1536 1128 1797 1194 loquitur,
1834 1126 1922 1178 hic
1951 1140 2099 1194 vero,

527 1225 789 1285 tanquam
824 1232 931 1270 non
962 1218 1033 1270 sit
1058 1218 1150 1286 qui
1176 1215 1538 1280 contradicat,
1565 1216 1691 1268 talia
1720 1213 1966 1283 proiicit:
1995 1214 2100 1268 etsi

527 1318 717 1363 nostra
758 1307 1045 1377 responsio
1083 1306 1270 1371 Basilii
1308 1305 1489 1375 magni
1521 1320 1705 1359 vocem
1754 1320 1859 1358 non
1902 1314 2099 1372 aequet,

526 1400 891 1456 nihilominus
924 1401 1039 1454 haec
1072 1399 1139 1453 ad
1178 1414 1418 1468 praesens
1468 1398 1828 1467 interroganti
1875 1412 2103 1466 respon-

528 1489 808 1554 debimus,
837 1489 981 1559 quod
1015 1487 1205 1553 Sermo
1233 1496 1380 1550 tuus,
1406 1503 1565 1558 quem
1598 1488 1663 1541 ad
1691 1489 2099 1542 subversionem

526 1588 840 1633 nostrorum
887 1581 1099 1648 profers
1149 1594 1461 1645 sermonum
1492 1620 1507 1644 ,
1554 1580 1671 1649 ipse
1720 1588 1952 1647 testatur
2001 1595 2101 1637 nos

524 1686 655 1724 vera
678 1670 861 1725 dicere
888 1670 943 1724 in
975 1671 1042 1726 iis
1093 1671 1147 1723 in
1190 1671 1389 1740 quibus
1443 1671 1737 1740 impietatis
1773 1681 1877 1737 tua:
1906 1673 2101 1743 dogma

525 1761 845 1816 refellimus.
873 1761 1057 1831 Neque
1081 1765 1223 1821 enim
1251 1763 1396 1816 aliud
1421 1778 1523 1827 nos
1548 1771 1656 1815 tam
1676 1764 1916 1832 graviter
1938 1779 2101 1819 accu-

2203 577 2457 647 Χριστοῦ,
2487 579 2579 629 καὶ
2606 578 2769 646 μίμου
2804 577 3032 643 γελοίου,
3058 578 3090 647 ἢ
3122 576 3343 647 ποιητοῦ
3376 576 3576 629 καινῶν
3603 594 3660 628 τε
3684 579 3777 629 καὶ

2202 668 2503 721 ἀλλοκότων
2539 668 2842 735 δογμάτων.
2897 668 3046 720 Ἐπεὶ
3084 668 3141 719 δὲ
3179 670 3205 720 6
3244 669 3360 737 μὲν,
3392 668 3573 727 καθώς
3614 685 3779 735 φησιν

2201 764 2229 813 6
2271 761 2608 823 Ἀπόστολος,
2640 760 2929 833 ἀποθανὼν,
2951 760 3029 829 τῷ
3069 760 3186 829 Θεῷ
3222 761 3392 820 λαλεῖ,
3424 763 3452 813 6
3490 760 3546 811 δὲ
3575 760 3649 821 ὡς
3679 762 3777 813 οὐκ

2201 854 2351 916 ὄντος
2376 854 2468 905 τοῦ
2498 852 2846 922 ἁντεροῦντος
2877 852 3098 911 τοιαῦτα
3130 852 3442 922 προϐάλλει,
3478 853 3581 904 κᾶν
3616 852 3687 922 μὴ
3718 852 3778 903 τὸ

2200 941 2315 997 ἴσον
2352 946 2384 1013 ἠ
2420 945 2545 1014 παρ’
2579 944 2734 1014 ἡμῶν
2777 943 3065 1011 ἀπόκρισις
3106 943 3224 1016 ἔχῃ,
3259 944 3333 1005 ὡς
3372 945 3506 1013 πρδς
3538 944 3637 1013 τὴν
3681 944 3773 995 τοῦ

2206 1024 2441 1106 μεγάλου
2482 1035 2758 1088 Βασιλείου
2802 1035 3016 1104 φωνὴν,
3050 1035 3185 1103 πλὴν
3235 1037 3291 1087 ἐν
3333 1035 3562 1105 παρόντι
3605 1035 3779 1089 ταῦτα

2204 1126 2338 1194 πρὸς
2382 1125 2472 1176 τὸν
2522 1124 2869 1193 ἐρωτήσαντα
2920 1126 3191 1193 φήσομεν,
3239 1125 3323 1176 ὅτι
3354 1125 3640 1195 Μαρτυρία
3682 1124 3781 1199 τοῦ,

2203 1215 2483 1285 ἀληθεύειν
2515 1216 2658 1285 ἡμᾶς
2686 1216 2743 1266 ἐν
2774 1208 2853 1277 οἷς
2880 1215 2937 1266 τὸ
2958 1215 3130 1283 δόγμα
3156 1214 3255 1282 τῆς
3284 1214 3536 1277 ἀσεϐείας
3563 1216 3776 1283 ἐλέγχο-

2206 1324 2321 1376 μεν,
2354 1309 2381 1359 ὁ
2406 1306 2496 1368 σὸς
2521 1306 2728 1373 γίνεται
2761 1306 2915 1373 λόγος
2945 1306 2971 1358 6
3003 1306 3094 1357 ἐπὶ
3120 1307 3398 1375 ἀνατροπῇ
3441 1304 3549 1356 τῶν
3583 1306 3777 1374 ἡμετὲ-

2207 1415 2313 1467 ρων
2348 1396 2750 1467 προφερόμενος
2773 1396 2964 1463 λόγων.
2999 1393 3133 1448 Οὔτε
3162 1396 3270 1464 γὰρ
3296 1395 3421 1449 ἄλλο
3447 1412 3498 1446 τι
3528 1394 3785 1457 τοσοῦτον

2203 1490 2363 1557 ἡμεῖς
2392 1486 2711 1557 αἰτιῴμεοα,
2743 1487 2779 1554 ἢ
2804 1487 2864 1539 τὸ
2898 1486 3063 1556 μηδὲν
3092 1485 3297 1542 οἴεσθαι
3332 1486 3605 1556 διαφέρειν
3633 1487 3778 1555 ἡμᾶς

2201 1584 2294 1633 τοῦ
2337 1580 2515 1634 κοινοῦ
2544 1581 2643 1650 τῆς
2690 1580 2919 1642 κτίσεως
2965 1579 3055 1631 τὸν
3086 1578 3359 1648 Δεσπότην
3389 1579 3487 1648 τῆς
3517 1578 3773 1639 κτίσεως·

2203 1671 2382 1725 καὶτὸ
2419 1674 2547 1743 παρ’
2582 1671 2734 1741 ὑμῶν
2775 1670 3183 1740 προτεινόμενον
3223 1668 3364 1722 κατὰ
3406 1668 3499 1721 τοῦ
3539 1669 3786 1735 Μονογεέ

2203 1764 2325 1827 νοῦς
2377 1766 2535 1835 ἡμεῖς
2563 1762 2883 1831 αἰτιώμεθα.
2916 1762 2979 1815 Εἰ
3002 1762 3108 1830 γὰρ
3132 1763 3267 1832 ὅπερ
3301 1762 3392 1812 ἐπὶ
3419 1760 3519 1829 τῆς
3548 1759 3777 1820 κτίσεως

527 1867 736 1917 samus,
768 1869 930 1923 quam
980 1854 1123 1923 quod
1170 1854 1459 1916 contendis
1502 1854 1816 1908 existimare
1861 1870 1962 1909 nos
2003 1855 2100 1910 de-

2204 1855 2437 1923 βλέπεις,
2471 1853 2627 1921 τοῦτο
2655 1854 2763 1913 δεῖν
2793 1853 2893 1906 οἴει
2919 1851 3246 1923 ἐφαρμόζειν
3277 1852 3370 1904 καὶ
3402 1850 3479 1920 τῷ
3505 1852 3783 1920 μονογενεί

525 1944 678 2009 bere,
713 1945 1001 2001 Dominum
1042 1956 1308 2001 creaturae
1352 1947 1486 2001 nihil
1521 1947 1740 2013 dimerre
1769 1950 1837 2001 ab
1882 1948 1949 2003 iis
1980 1963 2104 2017 qua:

524 2036 839 2090 communia
868 2044 995 2090 sunt
1023 2045 1288 2091 creatura:
1316 2057 1329 2090 :
1358 2045 1413 2099 et,
1452 2036 1596 2105 quod
1625 2052 1653 2088 a
1683 2038 1836 2093 vobis
1864 2045 2100 2105 praeten-

524 2125 673 2179 ditur
708 2134 897 2180 contra
935 2125 1291 2196 Unigeuitum
1317 2127 1550 2195 omnino
1579 2126 1931 2180 damnamus.
1962 2126 2097 2179 Nam

524 2217 569 2270 si
602 2215 748 2285 quod
779 2217 835 2269 in
866 2224 1121 2271 creatura
1145 2217 1317 2280 vides,
1353 2226 1513 2287 putas
1536 2225 1787 2289 oportere
1810 2218 1912 2271 hoc
1935 2218 2097 2287 etiam

527 2305 806 2375 unigenito
854 2303 966 2359 Deo
1012 2321 1353 2375 congruere,
1407 2309 1725 2361 conclusum
1781 2317 1902 2373 est,
1951 2308 2097 2377 quod

525 2412 876 2467 summopere
897 2398 1317 2466 contendimus;
1350 2415 1447 2468 per
1470 2408 1596 2454 tuos
1624 2401 1767 2455 enim
1817 2415 2097 2455 sermones

526 2490 802 2543 rationum
836 2498 1053 2544 tuarum
1083 2473 1393 2545 absurditas
1428 2492 1562 2547 satis
1610 2501 1689 2557 est
1725 2492 2096 2559 demonstrata

524 2579 894 2649 omnibusque
929 2579 1073 2634 facta
1103 2579 1431 2650 perSpicua;
1470 2590 1524 2635 et
1556 2581 1703 2649 quod
1731 2597 1832 2635 nos
1871 2582 1925 2634 in
1953 2583 2096 2636 veri-

524 2676 636 2724 tate
661 2685 967 2725 sermonem
1005 2686 1227 2741 pravum
1266 2672 1596 2741 corrigimus
1633 2688 1697 2741 ac
1740 2673 2097 2740 reprehendi-

525 2776 686 2825 mus,
730 2762 984 2831 quodque
1027 2763 1123 2815 tibi
1171 2762 1237 2817 de
1268 2764 1550 2832 unigenito
1596 2765 1705 2818 Deo
1750 2766 1935 2834 opinio
1971 2767 2097 2833 talis

508 2865 625 2914 εει,
662 2868 725 2906 ac
755 2857 820 2908 de
849 2854 1089 2925 reliquis
1109 2856 1409 2924 creaturis;
1445 2857 1679 2926 perinde
1699 2873 1761 2911 ac
1801 2858 1847 2912 si
1891 2856 1958 2911 de
1996 2858 2097 2921 ali,-

533 2943 931 3014 quadubitatio
965 2955 1143 3011 esset,
1188 2962 1296 3001 non
1336 2948 1404 3003 de
1439 2950 1724 3017 unigenito
1763 2947 1931 3013 Filio,
1961 2947 2091 3011 Deo,

525 3035 720 3104 opiﬁce
772 3036 952 3090 omnis
988 3046 1284 3101 creaturae,
1336 3039 1450 3093 sive
1488 3048 1611 3093 ante
1642 3048 1793 3102 erat,
1829 3040 1943 3094 sive
1974 3048 2095 3109 post

522 3126 669 3181 Patri
705 3126 909 3181 aderat.
940 3127 1083 3193 Quid
1110 3130 1272 3199 igitur
1302 3130 1370 3199 ad
1397 3130 1511 3183 haec
1537 3131 1654 3191 inﬁt
1687 3146 1787 3183 vox
1816 3132 2102 3202 magistri?

523 3219 680 3285 Quod
713 3228 905 3272 natura
937 3220 1139 3280 booan
1168 3228 1274 3284 est,
1302 3236 1411 3274 non
1440 3221 1587 3291 pium
1617 3230 1701 3276 est
1743 3238 1851 3275 non
1886 3238 2099 3290 semper

523 3311 579 3363 in
610 3310 717 3365 Deo
743 3326 867 3365 esse
900 3310 1146 3365 credere.
1178 3309 1395 3375 Nullam
1453 3312 1598 3365 enim
1642 3311 1827 3365 videre
1877 3327 2098 3379 causam

523 3412 750 3471 propter
772 3418 935 3472 quam
962 3412 1393 3457 consentaneum
1424 3411 1507 3459 est
1550 3404 1751 3464 bonum
1803 3405 1945 3458 bono
1988 3420 2099 3458 non

523 3492 721 3547 adesse
741 3535 755 3558 ,
789 3510 968 3562 neque
999 3502 1225 3563 propter
1254 3495 1535 3562 potestatis
1561 3494 1834 3549 defectum
1861 3538 1874 3560 ,
1922 3512 2100 3566 neque

523 3591 746 3652 propter
785 3584 1082 3639 voluntatis
1119 3586 1379 3653 inepiam.
1415 3584 1554 3650 Quid
1590 3585 1656 3638 ad
1692 3585 1806 3639 haec
1842 3586 1974 3640 dicit
2005 3587 2099 3655 qui

524 3670 613 3726 his
649 3672 1012 3729 adversatur?
1037 3674 1192 3743 Quod
1222 3675 1267 3737 si
1314 3674 1481 3728 Deum
1512 3674 1745 3729 Verbum
1785 3692 1854 3745 ex,
1890 3689 2101 3731 aeterno

524 3764 855 3819 credendum
889 3782 1011 3821 esse
1035 3766 1275 3830 dederis,
1314 3778 1368 3831 et
1392 3766 1460 3821 de
1488 3767 1758 3821 creaturis
1787 3754 1926 3821 idem
1964 3767 2102 3823 fate-

525 3858 694 3915 beris.
732 3857 776 3914 0
805 3860 1081 3928 quomodo
1111 3860 1261 3914 novit
1295 3862 1503 3914 ratione
1527 3859 1841 3914 discernere
1883 3872 2101 3915 creatu-

526 3965 710 4004 rarum
741 3958 996 4004 naturam
1051 3960 1105 4006 et
1131 3951 1370 4013 divinam
1413 3951 1780 4021 maiestatem!
1819 3951 2103 4017 Quomodo

526 4043 634 4099 scit
660 4058 779 4112 qua:
812 4045 1059 4113 utrisque
1089 4053 1215 4097 sunt
1243 4060 1501 4112 congrua,
1532 4060 1761 4113 quaeque
1799 4044 1866 4098 de
1904 4043 2013 4098 Deo
2043 4052 2096 4099 et

527 4150 647 4205 quae
679 4134 745 4189 de
771 4143 1021 4189 creatura
1060 4136 1148 4206 pie
1176 4136 1255 4203 [as
1277 4146 1360 4192 est
1385 4136 1729 4203 existimare!
1771 4136 1850 4200 Si,
1885 4136 2085 4204 inquit,

2202 1947 2338 2015 Θεῷ,
2378 1946 2551 2019 πέρας
2582 1946 2695 2015 ἔχει
2719 1946 2779 1997 τὸ
2809 1945 2937 2016 παρ’
2966 1944 3123 2015 ἡμῶν
3169 1943 3600 2019 σπουδαζόμενον
3618 1958 3631 1972 ·
3666 1942 3775 1994 ἀπ-

2204 2038 2523 2106 ελήλεγκται
2557 2036 2665 2104 γάρ
2699 2036 2787 2089 διὰ
2835 2035 2944 2089 τῶν
2987 2035 3094 2087 σῶν
3135 2033 3305 2102 λόγων
3332 2035 3393 2086 τὸ
3434 2034 3650 2095 ἄτοπον,
3682 2034 3777 2085 καὶ

2201 2130 2345 2200 πᾶσι
2362 2128 2551 2196 γέγονε
2591 2129 2898 2196 καταφανές
2921 2146 2934 2159 ·
2965 2130 3046 2182 ὃτι
3076 2146 3135 2180 τε
3164 2129 3321 2197 ἡμεῖς
3355 2128 3412 2177 ὲν
3440 2126 3662 2195 ἀληθεία
3684 2125 3777 2177 τὸν

2199 2221 2353 2288 λόγον
2386 2221 2678 2290 εύθύνομεν
2698 2264 2710 2283 ,
2742 2221 2831 2272 καὶ
2863 2222 2941 2273 ὅτι
2978 2238 3057 2272 σοι
3109 2220 3139 2289 η
3175 2218 3301 2288 περὶ
3335 2216 3427 2287 τοῦ
3461 2217 3785 2285 μονογενοῦς,

2199 2310 2333 2363 Θεοῦ
2369 2310 2632 2379 ὑπόληψις
2667 2311 2891 2381 τοιαύτη
2923 2312 3087 2374 ἐστὶν,
3119 2310 3206 2362 οἵα
3238 2310 3333 2361 καὶ
3366 2308 3493 2376 περὶ
3519 2308 3588 2360 τὰ
3616 2308 3783 2373 λοιπὰ]

2196 2402 2309 2465 τῶν
2339 2401 2681 2470 κτισμάτων,
2719 2400 2849 2470 περί
2871 2418 3013 2461 τινος
3053 2402 3084 2469 ἡ
3133 2399 3541 2468 ἀμφισϐήτησις
3581 2393 3668 2468 ἦν,
3712 2399 3774 2450 οὐ

2197 2492 2324 2563 περὶ
2350 2490 2443 2542 τοῦ
2478 2488 2797 2559 μονογενοῦς
2826 2488 2955 2541 Υῐοῦ
2984 2489 3076 2541 τοῦ
3108 2488 3242 2541 Θεοῦ
3264 2527 3278 2550 ,
3315 2488 3407 2540 τοῦ
3444 2488 3785 2559 δημιουργοῦ

2198 2585 2377 2651 πάσης
2405 2583 2501 2651 τῆς
2532 2583 2781 2644 κτίσεως,
2803 2581 2913 2634 εἴτε
2939 2581 3025 2633 ἀεὶ
3055 2576 3142 2651 ἦν,
3175 2581 3286 2633 εἴτε
3313 2580 3535 2651 ὓστερον
3561 2580 3638 2650 τῷ
3668 2582 3776 2633 Πα-

2196 2674 2285 2744 τρὶ
2316 2658 2693 2745 προσεγένετο.
2741 2672 2805 2724 Τί
2848 2670 2940 2725 οὖν
2984 2674 3113 2749 περὶ
3152 2673 3340 2727 τούτου
3384 2675 3548 2742 φησὶν
3592 2675 3625 2741 ἡ
3682 2671 3773 2723 τοῦ

2195 2764 2509 2818 διδασκάλου
2538 2765 2723 2835 φωνή;
2752 2764 2869 2816 Ὅτι
2892 2763 2952 2816 τὸ
2976 2767 3041 2834 τῇ
3072 2764 3228 2829 φύσει
3260 2765 3438 2830 καλὸν,
3465 2766 3560 2815 οὐκ
3584 2764 3776 2831 εὐαγές

2196 2857 2311 2925 ἐστι
2364 2858 2435 2927 μὴ
2470 2857 2556 2909 ἀεὶ
2599 2858 2656 2910 ἐν
2700 2855 2776 2925 τῷ
2810 2855 2929 2926 Θεῷ
2977 2856 3250 2909 πιστεύειν
3284 2854 3440 2909 εἶναι.
3493 2857 3637 2927 Μηδὲ
3668 2859 3785 2926 γὰρ,

2196 2932 2377 3021 αἰτίαν
2405 2949 2536 3019 ὁρᾷν
2568 2966 2689 2999 τινα
2733 2948 2853 3000 καθ’
2899 2948 2964 3017 ἢν
3014 2948 3159 3010 είκός
3207 2950 3319 2998 ἐστι
3360 2948 3419 3000 τὸ
3456 2948 3656 3014 ἀγαθὸν
3699 2949 3787 3019 τῷ.

2197 3039 2384 3108 ἀγαθῷ
2416 3040 2489 3109 μὴ
2528 3042 2801 3110 παρεῖναι,
2846 3040 2979 3109 μήτε
3005 3040 3146 3091 κατὰ
3189 3039 3467 3108 δυνάμεως
3512 3040 3763 3110 ἔλλειψιν,

2126 3168 2167 3223 C
2205 3132 2339 3200 μήτε
2369 3130 2511 3182 κατά
2542 3130 2637 3201 τὴν
2680 3131 2777 3200 τῆς
2818 3130 3009 3200 βουλῆς
3056 3131 3297 3200 ἀγονίαν.
3339 3132 3402 3183 Τί
3435 3132 3569 3202 πρὸς
3604 3131 3777 3189 ταῦτὰ

2203 3240 2365 3293 φησιν
2387 3225 2414 3276 6
2437 3225 2548 3285 τοῖς
2569 3223 2876 3293 εἰρημένοις
2903 3222 3242 3293 μαχόμενοςς
3270 3224 3390 3276 Ὅτι
3417 3222 3512 3274 ἐὰν
3533 3222 3621 3275 τὸν
3646 3222 3791 3295 Θεὸνν

2202 3315 2371 3382 Λόγον
2402 3312 2506 3386 δῷς
2544 3313 2603 3378 ἐξ
2635 3314 2803 3366 ἀϊδίου
2847 3314 3212 3389 πιστεύεσθαι,
3247 3316 3341 3367 καὶ
3372 3317 3499 3385 περὶ
3540 3314 3647 3365 τῶν
3682 3313 3779 3383 δη-

2204 3422 2434 3477 μιουργη
2445 3407 2626 3474 μάτων
2650 3405 2711 3457 τὸ
2735 3401 2851 3458 ἶσον
2879 3405 3087 3469 δώσεις.
3121 3408 3184 3458 Ὢ
3218 3407 3334 3469 πῶς
3358 3404 3465 3458 οἶδε
3487 3404 3781 3475 διακρίνειν

2200 3496 2276 3565 τῷ
2298 3496 2439 3566 λόγῳ
2492 3496 2983 3569 δημιουργημάτων
3014 3497 3172 3565 φύσιν
3200 3499 3289 3549 καὶ
3320 3496 3467 3550 θείαν
3500 3496 3793 3571 μεγαλειό-ι

2200 3588 2365 3656 τηταί
2408 3587 2526 3653 πῷς
2565 3587 2851 3640 ἐπίσταται
2897 3588 3026 3656 περὶ
3067 3588 3327 3656 ἑκατέρου
3374 3588 3441 3639 τὰ
3475 3588 3778 3656 πρόσφορα,

2202 3678 2303 3745 ὅσα
2331 3694 2390 3729 τε
2428 3678 2556 3748 περὶ
2582 3678 2676 3730 τοῦ
2711 3678 2866 3741 Θεοῦ,
2903 3678 2994 3730 καὶ
3026 3678 3124 3730 ὅσα
3158 3679 3281 3747 περὶ
3308 3680 3406 3747 τῆς
3435 3678 3659 3738 κτίσεως
3690 3678 3783 3727 εύ-

2204 3769 2374 3830 σεϐὦς
2409 3769 2552 3821 ἔστιν
2591 3769 2826 3821 οἴεσθαιί
2876 3771 2939 3822 El
2981 3771 3010 3821 6
3052 3769 3398 3839 δημιουργὸς,
3442 3771 3627 3839 φησιν,
3676 3770 3784 3821 ἀπὸ

2201 3862 2294 3915 τοῦ
2333 3861 2523 3932 χρόνου
2562 3864 2659 3931 τῆς
2685 3861 3043 3931 δημιουργίας
3079 3861 3325 3930 ἄρχεται.
3373 3860 3451 3913 Οὐ
3489 3860 3598 3929 γὰρ
3636 3860 3782 3928 ἄλλῳ

2201 3951 2308 4004 τινὶ
2332 3950 2429 4021 τὴν
2459 3949 2567 4003 τῶν
2591 3951 2888 4018 γεγονότων
2911 3949 3081 4021 ἀρχὴν
3107 3949 3223 4001 ἔστι
3249 3950 3677 4019 σημειώσασθαι,
3705 3951 3781 4019 μὴ

2202 4046 2259 4096 ἐν
2299 4044 2375 4113 τῷ
2408 4044 2522 4114 ἰδίῳ
2547 4044 2870 4112 διαστήματι
2895 4040 2993 4099 τοῦ,
3021 4041 3213 4111 χρόνου
3248 4042 3344 4109 τὰς
3376 4041 3548 4109 ἀρχὰς
3582 4040 3676 4092 καὶ
3714 4040 3785 4089 τά

2202 4133 2327 4201 τέλη
2362 4135 2471 4194 τοῖς
2494 4132 2801 4201 γινομένοις
2822 4129 3110 4203 ὁρίζοντος.

527 4227 709 4297 opifex
738 4242 769 4280 a
799 4234 1040 4297 tempore
1074 4229 1352 4297 Opiﬁcium
1388 4230 1726 4298 auspicatur.
1772 4228 1892 4283 Non
1939 4230 2087 4301 enim
2132 4230 2240 4281 alio
2273 4228 2457 4295 aliquo
2493 4242 2681 4281 eorum
2715 4241 2835 4294 qua:
2869 4232 2994 4277 sunt
3025 4222 3198 4293 facta,
3264 4222 3588 4291 principium
3657 4221 3791 4278 licet

529 4329 740 4384 notare,
806 4321 913 4376 nisi
962 4329 1182 4391 tempus
1237 4323 1290 4375 in
1358 4324 1580 4393 proprio
1612 4323 1897 4378 intervallo
1955 4324 2227 4393 principia
2254 4329 2308 4375 et
2341 4329 2582 4374 extrema
2624 4320 2708 4373 his
2739 4335 2859 4389 qum
2892 4318 3026 4371 ﬁunt
3056 4319 3344 4372 deﬁnierit.

597 4413 866 4479 Quocirca
895 4414 1101 4491 inquit,
1135 4423 1385 4484 oportere
1415 4415 1677 4471 factorem
1725 4426 2031 4489 temporum
2072 4434 2103 4471 ει

532 4505 800 4576 principio
822 4506 985 4561 simili
1017 4522 1142 4562 esse
1171 4508 1428 4576 cmpisse.
1466 4507 1571 4568 Sed
1601 4517 1853 4564 creatura
1882 4509 2101 4579 quidem

528 4599 859 4670 principium
878 4599 1040 4654 habet
1062 4601 1283 4667 saecula,
1319 4601 1541 4656 factoris
1570 4613 1749 4656 autem
1778 4603 2108 4675 saculorum.

528 4691 805 4758 quodnam
837 4690 1166 4760 principium
1208 4692 1512 4762 cogitabis?
1545 4691 1602 4747 Si
1629 4696 1751 4767 quis
1778 4694 1945 4753 dicat,
1971 4691 2109 4757 illud,

529 4779 855 4849 principium
889 4795 1012 4835 esse
1045 4780 1189 4850 quod
1223 4788 1307 4834 est
1340 4781 1393 4834 in
1426 4782 1742 4851 Evangelia,
1788 4781 1932 4850 quod
1979 4779 2104 4848 qui-

529 4868 652 4922 dem
684 4880 769 4924 est
793 4870 922 4923 illud
959 4870 1101 4939 quod
1125 4871 1455 4941 declaratur,
1483 4888 1605 4925 cum
1635 4886 1745 4940 quo
1768 4872 2110 4937 cohmrenter

530 4957 650 5017 Filii
684 4960 959 5016 confessio
990 4962 1152 5017 simul
1174 4963 1600 5028 demonstratur,
1627 4979 1726 5017 nec
1746 4962 1828 5017 fas
1857 4971 1940 5017 est
1962 4978 2105 5026 eum,

531 5054 623 5118 qui
664 5060 748 5105 est
790 5054 840 5106 in
873 5053 1070 5117 Patre,
1122 5056 1264 5109 sicut
1299 5056 1433 5110 dicit
1481 5054 1741 5109 Dominus
1767 5097 1779 5117 ,
1817 5055 1885 5109 ab
1926 5056 2110 5123 aliquo

531 5150 737 5212 puncto
762 5144 1045 5211 temporali
1082 5146 1336 5214 coepisse.
1376 5145 1472 5198 Sin
1511 5156 1692 5200 autem
1728 5146 1873 5198 aliud
1929 5144 2106 5213 quod-

531 5236 654 5289 dam
689 5246 883 5304 praeter
910 5237 1040 5291 illud
1071 5238 1397 5307 principium
1432 5254 1554 5292 esse
1583 5239 1798 5304 asserit,
1830 5238 1977 5301 dicat
2008 5253 2105 5291 no.

531 5341 658 5379 men
693 5342 802 5396 quo
838 5328 945 5381 Iale
972 5329 1302 5398 principium
1335 5329 1694 5398 signiﬁcatur,
1725 5345 1849 5383 cum
1893 5330 2102 5385 nullum

532 5431 661 5474 ante
714 5422 1040 5483 saeculorum
1095 5424 1537 5477 constitutionem
1588 5423 2101 5493 comprehendatur.

532 5510 675 5580 Ergo
716 5514 840 5567 talis
868 5530 1049 5568 sermo
1079 5530 1108 5566 a
1142 5516 1227 5583 pia
1261 5523 1315 5567 et
1367 5514 1621 5584 religiosa
1672 5515 1929 5583 opinione
1977 5529 2106 5581 erga

537 5602 881 5671 unigenitum
944 5610 1110 5659 Deum
1175 5606 1324 5658 nullo
1391 5606 1550 5660 modo
1610 5621 1710 5659 nos
1769 5605 2104 5663 dimovebit,

536 5696 750 5749 tametsi
794 5712 930 5752 anus
971 5698 1301 5752 muliercula:
1352 5699 1477 5752 huic
1522 5698 1811 5769 quaestioni
1850 5705 2107 5765 tanquam

535 5787 727 5849 valida:
758 5788 1110 5863 applaudant,
1172 5790 1439 5864 siqpidcm
1475 5791 1528 5845 in
1569 5790 1652 5844 his
1693 5804 1810 5863 qum
1844 5790 1910 5845 ab
1954 5790 2109 5843 initio

2279 4413 2377 4466 Διὰ
2417 4412 2571 4465 τοῦτό
2617 4431 2747 4484 φησι
2776 4414 2884 4469 δεῖν
2916 4412 3009 4465 καὶ
3039 4412 3130 4463 τὸν
3176 4413 3404 4482 πο;ητὴν
3428 4411 3536 4464 τῶν
3575 4411 3784 4481 χρόνων

2209 4507 2317 4559 ἀπὸ
2345 4508 2442 4573 τῆς
2484 4507 2671 4576 ὁμοίας
2705 4506 2875 4575 ἀρχῆς
2922 4505 3014 4559 τοῦ
3050 4500 3186 4556 εἶναι
3238 4504 3522 4575 ἄρξασθαι.
3564 4503 3701 4556 Ἀλλ’
3748 4506 3783 4573 ἡ

2212 4598 2309 4666 μὲν
2339 4597 2514 4657 κτίσις
2536 4596 2711 4666 ἀρχὴν
2742 4597 2867 4659 τοὺς
2902 4595 3102 4659 αἰῶνας
3149 4595 3281 4665 ἔχει,
3315 4596 3408 4647 τοῦ
3454 4596 3510 4646 δὲ
3562 4594 3781 4661 ποιητοῦ

2207 4686 2315 4739 τῶν
2346 4686 2552 4737 αἰώνων
2618 4683 2776 4735 ποίαν
2840 4685 3145 4754 ἐπινοήσεις
3180 4686 3392 4753 ἀρχήν;
3429 4685 3491 4741 Εἰ
3540 4684 3637 4751 μὲν
3674 4683 3781 4751 γὰρ

2208 4777 2305 4847 τὴν
2338 4779 2394 4830 ἐν
2420 4776 2497 4847 τῷ
2526 4776 2839 4845 Εύαγγελίῳ
2876 4794 2958 4838 τις
2986 4776 3114 4846 λέγῃ
3139 4818 3151 4837 ,
3187 4778 3321 4845 ὅπερ
3348 4778 3503 4829 ἐστὶν
3518 4780 3693 4829 ἐκεῖνο
3722 4777 3784 4828 τὸ

2205 4868 2550 4939 δηλούμενον,
2586 4861 2630 4934 ᾧ
2662 4870 3023 4938 συνημμένως
3052 4871 3143 4923 καὶ
3173 4870 3205 4938 ἡ
3233 4868 3324 4921 τοῦ
3356 4868 3487 4921 Υἱοῦ
3528 4868 3783 4937 ὁμολογία.

2208 4960 2706 5023 συναναδείκνυται,
2736 4959 2950 5018 καὶούκ
2976 4958 3086 5010 ἔστι
3114 4958 3206 5011 τὸν
3238 4958 3293 5009 ἐν
3322 4958 3398 5028 τῷ
3429 4959 3601 5028 Πατρὶ
3633 4958 3779 5017 ὄντα,

2208 5050 2389 5117 καθώς
2428 5068 2588 5119 φησιν
2618 5053 2645 5102 6
2680 5050 2873 5122 Κύριος
2895 5091 2908 5113 ,
2955 5050 3061 5105 ἀπὸ
3098 5068 3238 5112 τινος
3274 5049 3501 5118 σημείου
3534 5048 3783 5119 χρονικοῦ

2208 5142 2487 5213 ἄρξασθαι.
2519 5143 2578 5193 Εἰ
2623 5142 2678 5193 δὲ
2704 5141 2867 5210 ἄλλην
2900 5159 2982 5204 τις
3011 5143 3180 5211 ἀρχὴν
3218 5142 3343 5209 παρ’
3374 5140 3587 5209 ἐκείνην
3615 5140 3781 5207 λέγει,

2210 5238 2416 5292 εἰπάτω
2443 5236 2503 5287 τὺ
2541 5234 2709 5304 ὄνομα
2740 5228 2783 5301 ᾧ
2831 5234 3146 5304 σημειοῦται
3176 5233 3270 5302 τὴν
3304 5232 3555 5300 τοιαύτην
3588 5232 3783 5302 ἀρχὴν,

2215 5329 2437 5397 μηδενὸς
2466 5327 3039 5398 καταλαμϐανομένου,
3069 5327 3172 5395 πρὸ
3202 5328 3297 5394 τῆς
3328 5326 3434 5378 τῶν
3460 5323 3667 5378 αἰώνων
3691 5341 3779 5374 συ-

2213 5423 2475 5482 στάσεως.
2501 5418 2710 5473 Ούκοῦν
2743 5420 2894 5471 οὐδὲν
2935 5420 3079 5488 ἡμᾶς
3112 5420 3475 5487 παρακινήσει
3509 5418 3605 5487 τῆς
3636 5416 3759 5468 εύσε

2212 5514 2341 5575 ϐοῦς
2371 5513 2498 5583 περὶ
2540 5513 2632 5564 τὸν
2670 5512 2929 5580 μονογενῆ
2965 5512 3096 5563 Θεὸν
3128 5510 3446 5580 ὑπολήψεως
3484 5511 3510 5561 ὁ
3550 5508 3787 5568 τοιοῦτος

2214 5607 2409 5671 λόγος,
2459 5605 2561 5657 κᾶν
2611 5604 2971 5675 ὲπικροτώσιν
3027 5606 3081 5656 αἱ
3141 5604 3310 5673 γρᾶες
3360 5602 3434 5663 ὡς
3474 5600 3678 5671 ἰσχυρῷ
3712 5598 3789 5666 τῷ

2217 5698 2577 5766 προϐλήματι.
2610 5696 2861 5766 Μένομεν
2890 5693 2997 5763 γάρ
3039 5695 3129 5746 ἐπὶ
3173 5693 3280 5744 τῶν
3314 5692 3369 5757 ἐξ
3416 5692 3590 5762 ἀρχῆς
3626 5693 3789 5755 ἐγνω-

2220 5789 2452 5861 τίλένων,
2476 5787 2859 5859 ἓρηρεισμένον
2888 5787 3098 5857 ἔχοντες
3147 5786 3235 5836 ἐπὶ
3281 5785 3377 5854 τῆς
3415 5782 3661 5853 ἀληθείας
3701 5779 3789 5831 τὶν
