4142 6374
425 365 529 424 793

1489 365 1760 422 CONTRA
1798 367 2160 422 EUNOSHUM
2185 409 2197 431 ,
2235 366 2362 424 LIB.
2401 367 2538 439 \'lll._

3559 367 3662 424 79-5

425 476 608 543 λόγον·
641 475 721 528 ὅτι
775 476 872 530 ὅσα
913 477 1038 544 περὶ
1081 475 1176 530 τοῦ
1229 476 1544 546 μονογενοῦς
1595 477 1728 529 Θεοῦ
1770 477 1945 546 λέγειν
1969 479 1994 529 ὁ

2100 486 2226 530 sunt
2276 477 2490 528 decreta
2546 491 2862 537 manemus,
2916 478 3177 534 ﬁrmatam
3216 485 3376 548 atque
3420 477 3658 534 inuisam

424 567 524 636 τῆς
558 566 836 629 εὐσεϐείας
866 567 1174 620 ὑποτίθεται
1209 566 1389 633 λόγος,
1437 568 1689 637 οὐδεμίαν
1717 568 1828 637 ἔχει
1859 568 1994 639 πρὸς

425 659 522 730 τὴν
554 658 728 711 κτίσιν
753 657 852 729 τὴν
881 657 1206 726 οἰκειότητα,
1235 658 1372 711 ἀλλὰ
1399 659 1574 728 πολλῷ
1597 659 1673 730 τῷ
1703 660 1851 730 μέσῳ
1872 661 1995 712 διώ-

430 766 607 820 ρισται
645 748 738 801 τοῦ
783 766 843 801 τε
903 750 1080 802 πάντα
1127 749 1482 818 πεποιηκότος
1507 789 1522 811 ,
1563 751 1655 802 καὶ
1684 751 1787 803 τῶν
1819 750 1994 821 ἔργων

424 837 589 908 αὑτοῦ
631 837 698 889 τὰ
742 838 1114 908 γνωρίσματα.
1153 839 1213 889 Εἰ
1258 839 1354 908 μὲν
1385 834 1477 892 οὖν
1526 841 1582 891 ἐν
1623 841 1828 911 ἑτέροις
1854 841 1994 893 τισὶν

424 925 536 999 εἶχέ
565 947 685 982 τινα
715 929 992 981 κοινωνίαν
1021 932 1048 982 ὁ
1082 930 1209 990 Υἱὸς
1233 930 1366 1000 πρὸς
1391 931 1488 1001 τὴν
1510 932 1703 991 κτίσιν,
1735 930 1838 983 ἔδει
1868 930 1992 982 πάν-

422 1039 531 1084 τως
578 1021 710 1092 μηδὲ
738 1024 879 1074 κατὰ
920 1022 1010 1075 τὸν
1059 1024 1154 1092 τῆς
1209 1021 1490 1092 ὑπάρξεως
1532 1023 1730 1094 τρόπον
1781 1023 1991 1094 παρηλ-

421 1110 615 1180 λάχθαι
641 1110 836 1178 λέγειν.
876 1112 938 1163 Ei
980 1111 1035 1163 δὲ
1073 1112 1296 1182 ἄμοιρος
1327 1114 1359 1182 ἡ
1392 1113 1567 1176 κτίσις
1593 1112 1701 1165 τῶν
1737 1114 1991 1166 τοιούτων

420 1202 537 1256 ἐστὶ
565 1202 671 1254 τῶν
721 1204 820 1254 ὅσα
866 1203 993 1271 περὶ
1042 1203 1132 1254 τὸν
1177 1202 1305 1254 Υἱὸν
1353 1202 1750 1272 μεμαθήκαμεν
1776 1219 1788 1232 ·
1822 1203 1991 1270 ἀναγ-

423 1296 572 1346 καῖον
598 1293 812 1356 πάντως
830 1333 842 1356 ,
874 1294 1006 1363 μηδὲ
1032 1293 1170 1347 κατὰ
1197 1293 1351 1346 τοῦτο
1372 1293 1550 1360 λέγειν
1581 1295 1678 1363 τὴν
1708 1294 1990 1347 κοινωνίαν

421 1386 581 1455 ἔχειν.
606 1386 738 1439 Οὑδὲ
769 1385 877 1453 γάρ
907 1387 964 1437 ἐν
994 1388 1133 1456 ἀρχῇ
1163 1381 1230 1456 ἦν
1263 1386 1296 1455 ἡ
1336 1385 1511 1448 κτίσις
1535 1425 1547 1444 ,
1579 1385 1699 1438 οὔτε
1735 1387 1869 1457 πρὸς
1901 1387 1990 1440 τὸν

419 1476 552 1529 Θεὸν
578 1472 645 1547 ἦν
668 1518 682 1541 ,
725 1475 846 1529 οὔτε
886 1476 1016 1539 Θεὸς
1060 1472 1148 1546 ἦν,
1185 1477 1246 1529 οὑ
1275 1477 1386 1547 ζωὴ
1408 1517 1422 1538 ,
1457 1479 1516 1530 οὑ
1549 1478 1695 1546 φῶς,
1737 1480 1834 1532 οὑκ
1859 1480 1989 1532 ἀνά-

457 1585 610 1630 τασις
631 1608 646 1632 ,
682 1568 742 1620 οὑ
775 1568 840 1620 τά
866 1568 1027 1621 λοιπὰ
1051 1569 1158 1622 τῶν
1185 1569 1502 1638 θεοπρεπῶν
1525 1570 1825 1639 ὀνομάτων,
1857 1565 1988 1634 οἷον,

419 1657 644 1728 ἀλήθεια
668 1697 682 1720 ,
721 1657 1031 1729 δικαιοσύνη
1055 1699 1068 1720 ,
1117 1658 1386 1727 ἁγιασμὸς
1410 1697 1424 1720 ,
1474 1661 1695 1729 κριτὴς,
1745 1659 1950 1724 δίκαιος
1971 1701 1987 1725 ,

420 1749 648 1820 ποιητὴς
676 1748 771 1802 τοῦ
802 1748 1030 1813 παντὸς,
1067 1749 1326 1819 ὑπάρχων
1359 1749 1467 1820 πρὸ
1501 1749 1608 1802 τῶν
1638 1749 1865 1813 αἰώνων,
1893 1750 1988 1820 βα-

420 1841 644 1894 σιλεύων
669 1841 758 1895 τὸν
788 1841 977 1904 αἰῶνα,
1011 1842 1105 1894 καὶ
1134 1841 1218 1894 ἐπ’
1245 1841 1416 1894 αἰῶνα
1446 1841 1540 1896 καὶ
1569 1841 1669 1905 ἔτι,
1689 1841 1786 1894 οὑκ
1815 1841 1988 1894 ἀπαύ-

419 1949 608 2002 γασμα
653 1931 810 2001 δόξης
859 1933 893 2002 ἡ
925 1930 1131 1994 κτίσις,
1174 1930 1235 1983 οὑ
1271 1930 1551 2000 χαρακτὴρ
1602 1930 1988 1992 ὑποστάσεως,

419 2026 518 2080 οὑκ
571 2024 904 2093 ἀγαθότητος
947 2020 1110 2075 εἰκὼν
1134 2061 1148 2086 ,
1180 2021 1240 2074 οὑ
1274 2023 1431 2090 χάρις
1457 2061 1468 2079 ,
1496 2020 1556 2073 οὑ
1603 2019 1861 2091 δύναμις,
1894 2021 1992 2072 οὑκ

421 2115 676 2186 ἀλήθεια,
723 2115 782 2166 οὑ
835 2113 1115 2184 σωτηρία,
1165 2114 1264 2166 οὑκ
1305 2113 1718 2182 ἀπολύτρωσις,
1771 2111 1891 2164 οὑδέ
1939 2129 1992 2163 τι

419 2204 657 2257 τοιοῦτον
687 2203 821 2265 ὅλως
865 2201 972 2254 τῶν
1020 2203 1099 2264 είς
1127 2201 1283 2267 δόξαν
1316 2201 1408 2253 τοῦ
1462 2199 1796 2270 Μονογενοῦς
1844 2201 1992 2272 παρὰ

419 2301 518 2368 τῆς
541 2298 761 2370 Γραφῆς
785 2297 1112 2366 λεγομένων,
1149 2297 1296 2349 οὐδὲν
1330 2297 1420 2348 ἐπὶ
1448 2299 1544 2365 τῆς
1575 2298 1803 2359 κτίσεως
1827 2339 1840 2361 ,
1868 2297 1992 2350 οὔτε

422 2395 568 2448 ἐστὶν
596 2433 609 2455 ,
641 2392 761 2446 οὔτε
791 2394 1007 2460 λέγεται
1033 2436 1048 2459 ,
1079 2395 1164 2447 ἵνα
1194 2394 1293 2456 τὰς
1325 2395 1656 2467 ὑψηλοτέρας
1689 2395 1991 2464 παρίστημι

421 2485 632 2554 φωνάς,
659 2486 744 2548 τὸ,
795 2487 940 2554 Ἐγὼ
975 2487 1046 2538 ἐν
1091 2487 1169 2550 τῷ
1211 2488 1390 2554 Πατρὶ
1417 2530 1430 2551 ,
1458 2487 1554 2539 καί
1603 2490 1636 2540 ό
1677 2485 1877 2553 Πατὴρ
1926 2487 1994 2538 ἐν

420 2577 568 2646 ἐμοὶ,
603 2576 716 2638 καὶ,
746 2577 796 2629 Ὀ
815 2578 1083 2644 ἑωρακὼς
1113 2578 1217 2646 ἐμὲ
1243 2578 1461 2644 ἑώρακε
1482 2579 1588 2630 τὸν
1606 2576 1852 2644 Πατέρα,
1877 2577 1989 2636 καὶ,

427 2667 636 2732 Οὺὸεὶς
662 2665 782 2722 εἶδε
814 2671 920 2722 τὸν
957 2669 1094 2721 Υἱὸν
1143 2672 1196 2722 εί
1237 2669 1321 2736 μὴ
1364 2673 1395 2722 ό
1434 2669 1654 2734 Πατήρ.
1680 2671 1742 2722 Ei
1775 2670 1872 2738 μὲν
1901 2665 1992 2721 οὖν

423 2756 535 2835 εἶχε
568 2760 637 2811 τὰ
669 2759 890 2812 τοιαῦτα
920 2759 1012 2812 καὶ
1042 2759 1341 2828 τηλικαῦτα
1375 2763 1816 2832 προσμαρτυρεῖν
1846 2763 1873 2813 ὁ
1905 2760 1992 2810 λό-

422 2865 516 2916 γος
549 2853 612 2920 τῇ
636 2852 830 2912 κτίσει,
861 2851 1039 2912 καλῶς
1063 2851 1126 2903 ἂν
1154 2850 1212 2903 τὸ
1242 2853 1370 2919 περὶ
1394 2851 1594 2919 ταύτην
1625 2850 1992 2920 θεωρούμενον

427 2939 518 2990 καὶ
540 2941 660 3000 ταῖς
690 2938 928 3009 περὶτοῦ
951 2939 1280 3007 Μονογενοῦς
1305 2940 1632 3010 ὑπολήψεσιν
1665 2940 1992 3010 ἐφαρμόζειν

423 3027 556 3096 ᾤετο
579 3029 686 3080 δεῖν
709 3069 724 3091 ,
756 3031 820 3081 ἐκ
851 3029 958 3080 τῶν
987 3029 1270 3099 ὁμοφύλων
1297 3030 1432 3100 πρὸς
1459 3031 1518 3082 τὸ
1549 3031 1805 3097 συγγενὲς
1846 3045 1994 3096 γινο-

427 3119 592 3189 μένης
616 3120 712 3189 τῆς
745 3120 1115 3188 παραθέσεως.
1150 3123 1210 3174 Εἰ
1237 3121 1294 3174 δὲ
1326 3122 1498 3173 πάντα
1526 3121 1592 3174 τά
1620 3120 1839 3174 τοιαῦτα
1874 3121 1994 3189 νοή-

429 3209 578 3279 ματά
600 3226 658 3261 τε
691 3209 784 3269 καὶ
813 3211 1047 3280 ὀνόματα
1076 3212 1210 3282 πρὸς
1256 3218 1353 3280 μὲν
1393 3212 1480 3263 τον
1509 3213 1724 3282 Πατέρα
1756 3215 1854 3282 τὴν
1882 3227 1994 3263 κοι-

425 3301 622 3355 νωνίαν
648 3300 759 3371 ἔχει
783 3341 797 3362 ,
826 3303 923 3364 τῆς
953 3302 1006 3353 δὲ
1040 3303 1166 3371 περὶ
1201 3303 1298 3371 τὴν
1345 3304 1517 3355 κτίσιν
1548 3303 1798 3365 ὑπονοίας
1827 3302 1996 3371 ὑπέρ-

426 3407 602 3468 κειται
629 3407 642 3420 ⁶
693 3387 782 3461 ἄρ’
810 3393 867 3443 οὑ
901 3392 1218 3446 καταδύεται
1251 3395 1339 3447 ὑπ’
1375 3395 1632 3464 αἰσχύνης
1665 3396 1692 3447 ὁ
1719 3395 1878 3462 σοφὸς
1903 3395 1996 3446 καὶ

427 3481 676 3549 ἀγχίνους
705 3482 791 3535 διὰ
810 3482 916 3534 τῶν
950 3487 1005 3535 ἐν
1036 3486 1099 3554 τῇ
1135 3483 1305 3538 κτίσει
1338 3484 1721 3555 θεωρουμένων
1751 3485 1998 3552 φυσιολο-

426 3570 538 3635 γῶν
566 3571 664 3639 τῆς
690 3572 919 3634 κτίσεως
954 3572 1172 3642 Κύριον,
1201 3572 1352 3626 οὔπω
1378 3575 1578 3636 συνιεὶς
1616 3576 1696 3626 ὅτι
1737 3575 1870 3626 ἄλλα
1899 3575 1998 3643 τῆς

427 3661 655 3724 κτίσεώς
694 3664 810 3716 ἐστι
839 3664 907 3716 τά
932 3664 1322 3734 γνωρίσματα;
1368 3665 1487 3717 Τῶν
1518 3668 1626 3736 γάρ
1661 3667 1832 3718 ὄντων
1863 3665 1998 3717 πάν-

425 3771 534 3806 των
559 3757 594 3826 ἡ
624 3755 883 3817 ἀνωτάτω
905 3757 1166 3825 διαίρεσις
1195 3759 1273 3819 εἰς
1299 3758 1358 3808 τὸ
1384 3759 1596 3810 κτιστόν
1626 3759 1718 3811 καὶ
1747 3757 1998 3809 ἅκτιστον

427 3842 525 3910 τὴν
557 3841 728 3910 τομὴν
784 3843 927 3912 ἔχει·
958 3845 1017 3895 τὸ
1060 3846 1155 3912 μὲν
1203 3845 1275 3909 ῶς
1333 3847 1502 3898 αἴτιον
1552 3845 1641 3898 τοῦ
1678 3847 1995 3913 γεγονότος,

427 3933 488 3984 τδ
513 3933 568 3985 δὲ
634 3934 708 4002 ὡς
748 3934 954 3991 ἐκεῖθεν
980 3935 1286 4003 γενόμενον.
1313 3937 1654 4006 Διῃρημένης
1695 3937 1871 3988 τοίνυν
1899 3937 1998 4006 τῆς

427 4044 486 4080 τε
514 4027 736 4095 κτιστῆς
781 4026 989 4093 φύσεως
1021 4029 1114 4078 καὶ
1158 4027 1254 4095 τῆς
1296 4027 1440 4090 θείας
1465 4028 1681 4091 οὐσίας,
1723 4029 1815 4086 καὶ
1847 4030 1998 4080 0'36:-

434 4119 562 4187 μίαν
605 4118 882 4188 ἐπιμιξίαν
916 4118 1145 4188 ἐχούσης
1183 4119 1322 4170 κατὰ
1361 4119 1460 4182 τὰς
1486 4121 1846 4189 γνωριστικάς
1875 4119 2000 4171 tam-

429 4227 628 4278 τητας,
657 4211 867 4282 ἀνάγκη
919 4214 1065 4261 πᾶσα
1102 4210 1175 4279 μὴ
1220 4210 1305 4262 διὰ
1345 4210 1451 4261 τῶν
1493 4209 1693 4279 ὁμοίων
1735 4211 1998 4280 ἑκατέραν

431 4305 571 4354 νοεῖν
595 4344 609 4366 ,
652 4303 786 4372 μηδὲ
815 4305 883 4354 τά
915 4302 1054 4355 αὐτὰ
1101 4302 1454 4371 γνωρίσματα
1484 4302 1592 4355 τῶν
1640 4303 1998 4370 διεστηκότων

431 4391 571 4471 κατὰ
621 4391 712 4445 τὸν
763 4394 862 4462 τῆς
898 4393 1110 4459 φύσεως
1139 4393 1292 4460 λόγον
1325 4394 1629 4462 ἀναζητεῖν.
1673 4395 1780 4462 Τῆς
1822 4393 1998 4446 τοίνυν

2099 568 2309 620 veritati
2364 567 2628 619 habentes
2681 567 2988 621 rationem:
3035 568 3162 636 quia
3213 582 3551 636 qua'cunque
3595 569 3662 623 de

2096 657 2375 726 ttnigenito
2411 657 2517 710 Deo
2552 657 2733 710 dicere
2777 659 2994 726 pietatis
3033 673 3212 713 sermo
3241 661 3503 729 suggerit,
3539 661 3664 714 nul-

2095 750 2200 802 lam
2231 748 2433 801 habent
2463 764 2583 802 cum
2615 757 2866 803 creatura
2891 752 3366 820 necessitudinem.
3388 752 3481 814 sed
3504 754 3664 822 longo

2095 837 2406 899 intervallo,
2449 847 2503 892 et
2537 839 2655 906 ejus
2682 841 2774 908 qui
2811 840 2958 903 fecit,
2993 850 3044 895 et
3070 857 3293 909 operum
3329 843 3499 912 ipsius
3526 854 3666 898 nota:

2093 939 2147 982 et
2177 927 2378 982 indicia
2410 939 2536 984 sunt
2576 930 2855 984 distincta.
2891 931 2946 984 Si
2989 933 3152 999 igitur
3188 934 3240 986 in
3282 935 3405 986 aliis
3435 935 3663 1004 quihus-

2095 1018 2219 1072 dam
2259 1021 2480 1073 haberet
2533 1022 2768 1090 aliquam
2823 1023 3262 1086 comunmionem
3319 1023 3486 1078 Filius
3541 1040 3663 1076 cum

2094 1119 2371 1173 creatura,
2401 1122 2676 1180 oporteret
2701 1116 2924 1166 omnino
2968 1113 3150 1168 dicere
3192 1131 3314 1167 eum
3363 1117 3661 1169 secundum

2093 1202 2424 1256 exsistentia:
2458 1203 2673 1256 modum
2706 1219 2811 1256 non
2843 1202 3080 1258 diﬂ'crre.
3114 1205 3267 1281 Quod
3299 1209 3342 1260 si
3369 1222 3559 1260 exsors
3582 1215 3665 1261 est

2093 1302 2343 1346 creatura
2397 1293 2583 1346 talium
2635 1310 2974 1364 quaecunque
3029 1298 3082 1350 in
3135 1298 3272 1367 Filio
3323 1299 3658 1352 didicimus:

2091 1380 2463 1435 necessarium
2521 1383 2716 1451 plane,
2768 1402 2944 1454 neque
2990 1389 3288 1448 secundum
3344 1390 3444 1444 hoc
3484 1393 3664 1445 dicere

2090 1473 2290 1527 habere
2343 1475 2802 1531 communionem.
2862 1477 3046 1549 Neque
3101 1481 3244 1535 enim
3302 1481 3355 1535 in
3397 1483 3664 1551 principio

2089 1573 2201 1616 erat
2233 1573 2505 1626 creatura,
2534 1567 2877 1639 nequeapud
2917 1569 3091 1626 Deum
3117 1579 3262 1634 erat,
3298 1587 3474 1640 neque
3521 1572 3665 1626 Deus

2089 1664 2225 1718 erat,
2250 1671 2425 1726 neque
2453 1658 2582 1724 vita,
2608 1675 2781 1728 neque
2813 1662 2923 1726 lux,
2960 1678 3067 1715 non
3106 1664 3457 1722 resurrectio.
3488 1681 3666 1732 neque

2090 1751 2299 1820 reliqua
2330 1752 2548 1804 nomina
2572 1768 2691 1820 quae
2722 1751 3136 1826 Deum‘decent,
3182 1763 3238 1806 ιιι
3267 1755 3470 1808 veritas
3497 1794 3511 1816 ,
3571 1755 3664 1824 jn-

2097 1842 2269 1904 stitia,
2293 1844 2671 1907 sanctilicatio,
2697 1843 2884 1912 judcx,
2909 1843 3113 1912 justus,
3134 1847 3312 1914 opil'cx
3343 1847 3669 1916 moliturque.

2095 1933 2358 1995 universi,
2386 1935 2477 2002 qui
2497 1945 2581 1988 est
2610 1946 2735 1988 ante
2757 1937 2976 2001 szrcula,
3009 1936 3298 1990 moderans
3327 1937 3584 1990 saeculum
3611 1947 3667 1991 et

2093 2039 2326 2093 regnans
2363 2025 2416 2078 in
2452 2028 2710 2080 smculum
2745 2036 2798 2080 et
2833 2029 2995 2088 ultra,
3051 2043 3157 2080 non
3188 2029 3446 2096 splendor
3480 2029 3667 2097 gloria:

2092 2123 2376 2178 creaturae,
2412 2133 2519 2170 non
2557 2118 2861 2179 character,
2897 2119 3009 2172 sive
3044 2133 3300 2187 expressa
3334 2118 3505 2170 forma
3533 2118 3666 2173 sub-

2095 2207 2332 2270 stantiae,
2370 2223 2478 2262 non
2517 2209 2778 2263 bonitatis
2810 2209 3005 2279 imago,
3041 2225 3150 2262 non
3182 2211 3377 2279 gratia,
3407 2225 3516 2263 non
3555 2211 3668 2262 vir-

2095 2303 2204 2357 tus,
2235 2313 2342 2349 non
2373 2298 2596 2361 veritas,
2627 2314 2734 2352 non
2770 2299 2940 2357 salus,
2975 2314 3082 2350 non
3117 2299 3438 2367 redemptio,
3487 2314 3665 2368 neque

2094 2389 2222 2456 quid
2249 2388 2518 2457 ejusmodi
2546 2405 2733 2442 eormn
2759 2406 2880 2458 qua:
2929 2391 2993 2443 ad
3042 2391 3270 2459 gloriam
3311 2389 3583 2460 Unigcttiti
3637 2408 3669 2445 ιι

2097 2476 2378 2547 Scriptura
2409 2479 2690 2541 dicuntur,
2720 2481 2851 2533 nihil
2888 2481 2940 2533 in
2973 2489 3222 2534 creatura
3249 2498 3423 2550 neque
3448 2490 3530 2535 est
3575 2498 3670 2536 ne-

2097 2584 2202 2636 que
2236 2568 2455 2632 dicitur,
2497 2576 2554 2622 ut
2587 2570 2931 2624 sublimiorcs
2962 2571 3082 2624 illas
3126 2587 3287 2626 voces
3341 2573 3669 2642 praetermit-

2095 2669 2230 2723 tam,
2281 2660 2622 2730 netnpc:Ego
2660 2663 2710 2714 in
2750 2662 2908 2714 I‘alre
2935 2673 2984 2716 et
3021 2663 3179 2716 Pater
3211 2667 3267 2717 in
3304 2682 3422 2725 me;
3457 2673 3531 2726 ct,
3567 2665 3672 2728 Qui

2095 2751 2224 2803 vidit
2263 2767 2362 2814 me,
2412 2751 2541 2804 vidit
2583 2761 2632 2805 et
2678 2751 2913 2813 Patrem,
2964 2763 3041 2813 et,
3081 2753 3278 2807 Nullus
3306 2757 3431 2808 vidit
3466 2754 3672 2807 Filmm

2097 2842 2203 2893 nisi
2245 2840 2408 2893 Pater
2433 2841 2496 2895 ¹⁶.
2533 2841 2590 2894 Si
2642 2841 2806 2910 igitur
2855 2843 2979 2896 talia
3029 2852 3082 2896 et
3131 2855 3279 2897 tanta
3324 2845 3390 2898 de
3421 2854 3672 2898 creatura

2098 2939 2280 3000 posset
2313 2947 2494 2985 sermo
2527 2933 2734 2995 testari,
2774 2943 2919 2987 recte
2971 2935 3071 3003 ipsi
3104 2936 3417 2989 viderentur
3444 2953 3564 3005 qua:
3618 2938 3672 2989 iu

2098 3025 2217 3092 ipsa
2253 3032 2596 3092 spectantur,
2631 3025 3030 3078 accommodari
3059 3043 3218 3095 posse
3249 3029 3564 3082 notionihus
3587 3027 3675 3081 his

2099 3131 2235 3184 quas
2265 3117 2333 3169 de
2369 3113 2663 3185 Unigcnito
2693 3116 2909 3183 habere
2937 3118 3220 3180 debemus,
3271 3119 3675 3186 comparatione

2098 3205 2241 3260 facta
2271 3222 2460 3261 eorum
2490 3222 2610 3274 qua:
2660 3218 2787 3260 sunt
2834 3208 3077 3276 ejusdem
3126 3211 3342 3278 generis
3395 3209 3536 3264 inter
3593 3225 3672 3264 sc.

2097 3300 2251 3364 Quod
2280 3303 2324 3353 si
2356 3316 2544 3353 omnes
2579 3300 2660 3352 hic
2694 3302 2945 3354 notiones
2968 3311 3021 3354 ct
3054 3304 3272 3355 nomina
3303 3319 3424 3370 qute
3453 3305 3518 3356 de
3540 3302 3676 3356 Filio

2098 3389 2377 3448 dicuntur,
2411 3401 2535 3439 cum
2570 3385 2728 3440 Patre
2755 3387 2952 3441 habent
2988 3388 3425 3441 connuunioncm
3449 3426 3463 3450 ,
3497 3387 3676 3441 notio-

2104 3494 2202 3534 nes
2234 3489 2414 3532 autem
2445 3494 2565 3549 qua!
2590 3479 2656 3534 de
2692 3488 2940 3533 creatura
2969 3487 3098 3534 sunt
3138 3492 3397 3549 superant
3422 3519 3436 3543 ,
3491 3494 3673 3534 annon

2098 3571 2200 3624 iste
2231 3573 2445 3639 sapiens
2477 3580 2530 3624 et
2563 3571 2734 3625 solers
2766 3571 2972 3639 pudore
3005 3571 3380 3633 confunditur,
3411 3571 3538 3624 dum
3577 3587 3676 3641 per

2098 3679 2159 3716 ca
2196 3678 2317 3730 qute
2347 3664 2400 3714 in
2429 3669 2679 3714 creatura
2714 3662 3150 3722 considerantur,
3178 3661 3244 3714 de
3267 3659 3492 3714 Domino
3521 3677 3676 3714 crea-

2101 3763 2256 3815 turic,
2299 3755 2444 3807 velut
2477 3753 2708 3806 naturali
2747 3754 2953 3806 ratione
3000 3752 3263 3815 disserit,
3301 3751 3533 3804 necdum
3587 3752 3674 3804 in-

2103 3845 2352 3912 telligens
2378 3843 2482 3895 alia
2509 3859 2630 3896 esse
2662 3842 2815 3911 signa
2844 3849 2896 3896 et
2923 3841 3125 3894 iudicia
3152 3856 3246 3909 per
3274 3857 3393 3908 qua:
3422 3847 3674 3894 creatura

2100 3933 2482 4002 dignoscitur?
2498 3931 2697 3984 Eorum
2722 3931 2866 3983 enim
2886 3932 3126 3985 omnium
3151 3946 3271 3999 qutc
3289 3939 3435 3993 sunt,
3460 3946 3673 3984 summa

2101 4026 2298 4077 divisio
2350 4024 2402 4076 in
2441 4023 2491 4076 id
2516 4023 2660 4092 quod
2695 4034 2936 4075 creatqu
2969 4032 3070 4083 est,
3096 4029 3149 4075 et
3175 4021 3318 4089 quod
3348 4025 3667 4084 incrcatum,

2104 4116 2451 4184 partitionem
2509 4114 2709 4167 habet:
2744 4114 2846 4168 hoc.
2897 4114 3116 4182 quidem
3172 4120 3232 4167 ιιι
3280 4128 3500 4166 causam
3550 4115 3670 4177 eius

2102 4207 2248 4275 quod
2281 4207 2481 4280 factum
2521 4215 2625 4267 est,
2672 4205 2803 4257 illud
2837 4221 2965 4257 vero
2997 4213 3055 4257 ut
3090 4204 3237 4257 illinc
3269 4204 3496 4258 facturn.
3535 4205 3669 4258 Cum

2101 4300 2269 4368 igitur
2299 4307 2496 4350 natura
2531 4307 2712 4349 creata
2745 4305 2798 4349 et
2835 4295 3018 4349 divina
3064 4296 3303 4350 essentia
3345 4296 3417 4350 sit
3465 4296 3535 4347 ita
3588 4296 3673 4348 di-

2103 4397 2339 4456 stincta,
2393 4389 2709 4456 nullamque
2763 4391 3076 4441 societatem
3130 4387 3326 4440 habeat
3368 4385 3667 4440 secundum

430 4486 488 4534 ἐν
519 4485 584 4553 τῇ
616 4483 788 4536 κτίσει
816 4484 1057 4551 φύσεως,
1091 4483 1271 4546 καθώς
1301 4501 1432 4553 φησι
1463 4485 1562 4552 τῆς
1587 4487 1889 4554 παναρέτου
1919 4485 1994 4538 Σο

2106 4483 2484 4552 proprietates,
2519 4481 2718 4549 quibus
2746 4481 3165 4548 dignoscuntur;
3195 4479 3420 4532 omnino
3452 4493 3673 4530 necesse

431 4575 556 4641 φίας
585 4577 614 4628 ό
652 4575 835 4643 λόγος,
870 4575 1040 4645 ἀρχὴν
1072 4577 1164 4628 καὶ
1192 4575 1340 4637 τέλος
1369 4577 1461 4628 καὶ
1499 4577 1764 4646 μεσότητα
1795 4580 2000 4647 χρόνων

430 4668 514 4732 ἐφ’
541 4667 734 4738 ἑαυτῆς
753 4666 1118 4729 δεικνυούσης,
1146 4669 1240 4720 καὶ
1265 4670 1397 4720 πᾶσι
1425 4685 1486 4720 συ
1496 4671 2000 4740 μπαρατεινομένης

429 4759 542 4818 τοῖς
565 4760 830 4826 χρονικοῖς
861 4757 1214 4826 διαστήμασι,
1244 4759 1446 4828 ταύτην
1471 4761 1567 4825 τὴν
1599 4761 1852 4830 ἰδιότητα,
1887 4758 1998 4816 οἷόν

429 4863 549 4898 τινα
578 4848 900 4918 χαρακτῆρα
922 4847 1015 4899 τού
1045 4849 1402 4916 ὑποκειμένου
1427 4849 1795 4919 λαμϐάνομεν,
1832 4854 1888 4903 ἐν
1922 4851 1998 4920 τῷ

430 4940 645 5000 πάντως
690 4941 783 4990 καὶ
817 4936 989 5009 ἀρχὴν
1019 4939 1183 4992 αὑτοῦ
1236 4959 1353 4993 τινα
1395 4942 1493 5010 τῆς
1543 4943 1851 5005 συστάσεως
1881 4943 1999 5012 βλέ-

431 5048 575 5090 πειν,
599 5029 840 5100 καὶπρὸς
864 5031 922 5082 τὸ
955 5031 1116 5099 μέσον
1143 5034 1295 5102 όρᾷν,
1321 5033 1414 5084 καὶ
1444 5033 1576 5097 πρὸς
1601 5034 1662 5085 τὸ
1685 5035 1856 5104 πέρας
1881 5037 2001 5105 ταῖς

431 5121 610 5172 ἐλπίσι
679 5119 1238 5190 συμπαρατείνεσθαι.’
1275 5121 1686 5191 Μεμαθηκαμεν
1753 5123 1859 5192 γάρ
1918 5123 1999 5176 ὅτι

431 5212 554 5265 οὔτε
584 5209 644 5278 ἐξ
675 5214 842 5266 ἀϊδίου
867 5210 934 5283 ἦν
961 5215 988 5266 ὁ
1033 5214 1256 5284 οὐρανὸς
1279 5255 1292 5276 ,
1333 5216 1424 5265 καὶ
1461 5217 1492 5282 ἡ
1527 5215 1596 5284 γῆ
1617 5258 1629 5279 ,
1677 5216 1799 5268 οὗτε
1830 5217 1909 5278 εἰς
1940 5216 1999 5268 τὸ

433 5304 601 5355 ἀίδιον
636 5307 786 5356 ἕσται
812 5345 826 5368 ,
863 5306 937 5367 ὡς
969 5308 1032 5358 ἐκ
1058 5308 1243 5359 τούτου
1279 5307 1435 5375 δῆλον
1479 5303 1636 5370 εἶναι,
1667 5309 1745 5359 ὅτι
1775 5309 1864 5360 καὶ
1892 5307 2000 5360 άπὸ

430 5396 604 5464 ἀρχῆς
635 5415 776 5458 τινος
818 5397 884 5449 τὰ
908 5398 1032 5450 ὄντα
1061 5399 1264 5468 ἤρξατο
1285 5440 1298 5459 ,
1339 5401 1430 5450 καὶ
1459 5401 1536 5462 είς
1564 5417 1614 5450 τι
1650 5401 1862 5462 πάντως
1901 5415 2000 5452 κα-

428 5490 648 5557 ταλήξει
680 5489 870 5559 πέρας.
927 5491 989 5542 Ἦ
1033 5491 1089 5543 δὲ
1134 5492 1252 5543 θεία
1287 5491 1445 5558 φύσις
1491 5491 1610 5544 κατ’
1657 5491 1806 5543 οὐδὲν
1837 5492 1998 5562 μέρος

428 5580 809 5650 περατουμένη
836 5621 850 5645 ,
886 5583 1021 5635 ἀλλὰ
1061 5585 1389 5653 πανταχόθεν
1436 5586 1492 5637 ἐν
1522 5583 1598 5655 τῷ
1627 5583 1860 5656 ἀορίστῳ
1889 5586 1996 5638 πᾶν

527 5761 568 5793 ’⁵
586 5758 740 5816 Joan.
779 5777 890 5826 xtr,
920 5762 972 5818 θ.

2095 4583 2180 4629 est
2211 4590 2319 4626 non
2376 4589 2471 4641 per
2527 4574 2724 4626 similia
2767 4583 3052 4641 utramque
3103 4572 3440 4641 intelligere,
3497 4588 3672 4640 neque

2095 4667 2311 4719 easdem
2343 4673 2500 4718 notas
2543 4679 2637 4718 seu
2695 4664 3024 4732 cognitionis
3058 4664 3294 4732 insignia
3324 4680 3513 4717 eorum
3553 4680 3673 4732 qua:

2097 4757 2397 4812 secundum
2424 4765 2633 4810 natura:
2664 4759 2928 4810 rationem
2955 4757 3179 4816 distant,
3214 4759 3509 4826 inquirere.
3534 4757 3668 4810 Cum

2097 4848 2262 4917 igitur
2291 4856 2486 4898 natura
2524 4855 2730 4908 creata,
2764 4846 2906 4899 sicut
2936 4846 3010 4896 ait
3033 4841 3424 4912 omnipotentis
3443 4847 3673 4912 Sapien-

2101 4941 2187 4992 tiae
2216 4954 2418 5001 sermo,
2450 4939 2773 5008 principium
2807 4945 2860 4991 et
2896 4938 3053 4991 linem
3086 4947 3138 4990 et
3181 4937 3416 4991 medium
3464 4947 3670 5006 tempo-

2101 5046 2221 5082 rum
2259 5030 2312 5082 in
2349 5030 2527 5097 seipsa
2550 5029 2911 5089 demonstret,
2941 5036 2994 5080 et
3023 5041 3148 5080 cum
3178 5027 3433 5080 omnibus
3464 5037 3674 5096 tempo-

2103 5121 2310 5174 ralibus
2355 5119 2656 5173 intervallis
2690 5119 3014 5172 extendatur
3037 5158 3052 5182 ,
3084 5117 3227 5170 hanc
3282 5119 3670 5187 proprietatem

2104 5214 2252 5266 velut
2281 5211 2652 5264 characterem
2684 5207 2995 5279 quemdam,
3027 5207 3076 5260 id
3108 5215 3191 5261 est
3228 5219 3408 5260 notam
3439 5209 3671 5276 subjecti

2104 5305 2394 5366 sumimus,
2427 5304 2482 5357 in
2515 5318 2580 5355 eo
2615 5301 2762 5370 quod
2782 5301 3002 5370 aliquod
3041 5300 3366 5370 principium
3401 5315 3513 5354 sua:
3537 5316 3673 5354 con-

2104 5398 2407 5452 stitutionis
2455 5395 2706 5449 videmus
2729 5434 2744 5456 ,
2780 5404 2833 5448 et
2869 5393 3104 5448 medium
3151 5393 3427 5448 cernimus
3452 5433 3465 5456 ,
3501 5401 3556 5446 et
3605 5391 3671 5447 ad

2102 5499 2404 5544 extremum
2437 5487 2726 5542 terminum
2754 5502 2849 5555 spe
2877 5487 3081 5556 pariter
3109 5486 3474 5539 extendimur.
3523 5483 3674 5539 Didi~

2101 5584 2278 5639 cimus
2328 5581 2473 5638 enim
2519 5581 2663 5650 quod
2713 5580 2910 5635 coelum
2963 5594 3072 5632 non
3119 5587 3203 5633 est
3243 5577 3308 5632 ab
3343 5587 3578 5642 tctcruo,
3617 5591 3672 5637 et
