4142 6374
478 406 580 464 795

1784 409 1840 462 S.
1875 406 2196 464 GREGORII
2235 404 2527 460 NYSSENI

3619 403 3722 459 796

477 532 648 586 terra,
675 519 850 592 neque
881 522 936 576 in
968 531 1234 577 aeternum
1265 521 1394 590 erit,
1429 530 1487 574 ut
1514 535 1580 574 ex
1621 535 1686 575 eo
1722 521 1794 574 sit
1837 521 2044 592 perspi-

2151 520 2360 591 πέρας,
2400 521 2750 574 διαϐαίνουσα
2777 561 2792 586 ,
2835 519 3116 592 πόρρωθέν
3163 520 3278 572 ἐστι
3321 519 3427 572 τῶν
3479 520 3572 572 ἐπὶ
3623 521 3721 590 τῆς

475 627 661 675 cuum,
697 613 838 684 quod
875 612 944 666 ab
969 612 1152 681 aliquo
1182 612 1451 682 principio
1481 626 1601 680 qua:
1628 619 1756 664 sunt
1783 611 1836 663 in
1869 627 2048 664 rerum

475 713 672 758 natura
700 713 1006 772 cmperunt,
1034 712 1087 757 et
1115 705 1167 756 in
1205 702 1428 772 aliquod
1467 711 1772 756 extremum
1822 718 2050 770 prorsus

475 796 744 850 desinent.
779 795 968 848 Divina
1006 803 1186 850 autem
1227 805 1422 848 natura
1465 795 1616 847 nulla
1665 805 1814 863 parte
1861 796 2048 848 termi-

476 895 632 958 nata,
657 886 753 940 sed
788 887 1028 956 undique
1073 887 1129 940 in
1178 886 1454 940 infinitum
1506 901 1722 940 omnem
1759 886 2047 958 terminum

477 991 798 1048 permeans,
823 978 984 1045 longe
1009 977 1163 1032 abest
1191 978 1258 1030 ab
1285 977 1370 1031 his
1399 977 1570 1044 signis
1594 987 1647 1030 et
1677 977 1820 1030 notis
1850 993 1968 1046 quae
1995 978 2048 1030 in

477 1075 731 1122 creatura
759 1068 1135 1122 inveniuntur.
1174 1067 1386 1122 Etenim
1418 1067 1778 1122 dimensionis
1831 1083 2048 1138 expers,

475 1159 593 1214 sine
613 1160 914 1227 quantitate
936 1167 990 1213 et
1009 1159 1482 1228 incircumscripta
1509 1159 1770 1227 potentia,
1789 1159 1844 1212 in
1868 1161 2052 1229 seipsa

474 1252 844 1320 complectens
879 1250 1100 1314 saecula,
1135 1257 1188 1304 et
1214 1265 1428 1304 omnem
1457 1265 1580 1319 quae
1615 1250 1668 1302 in
1705 1250 1842 1321 ipsis
1870 1251 2050 1304 conti-

473 1348 636 1395 netur
670 1349 1003 1404 creaturam,
1035 1351 1196 1410 atque
1225 1343 1374 1394 omni
1400 1357 1466 1395 ex
1509 1349 1666 1410 parte
1716 1342 2044 1396 saeculorum

475 1431 796 1502 infinitatem
825 1434 1060 1503 propriae
1089 1443 1295 1488 natura:
1337 1434 1640 1487 :eternitate
1689 1451 2054 1504 exsuperans,

473 1523 562 1576 vel
590 1523 800 1592 nullum
831 1523 993 1576 habet
1020 1523 1233 1592 signum
1271 1521 1416 1592 quod
1443 1531 1696 1576 naturam
1727 1524 1846 1592 ejus
1885 1525 2052 1592 signi-

475 1611 622 1678 ﬁcet,
659 1613 746 1668 vel
773 1614 921 1668 aliud
949 1613 1207 1679 quiddam
1237 1612 1480 1677 omnino,
1512 1623 1565 1667 et
1611 1615 1751 1682 quod
1800 1624 2052 1684 creatura

475 1719 586 1759 non
613 1705 795 1760 habet.
829 1706 1094 1770 Quoniam
1127 1705 1292 1772 igitur
1317 1706 1599 1774 proprium
1636 1714 1905 1761 creaturae
1941 1715 2046 1768 est,

474 1797 805 1867 principium
853 1797 1092 1859 habere,
1144 1797 1380 1850 alienum
1427 1814 1651 1867 prorsus
1695 1799 1764 1852 ab
1807 1799 2049 1852 increata

2152 614 2380 673 κτίσεως
2409 611 2810 681 εὑρισκομένων
2846 610 3104 680 σημείων.
3157 610 3220 661 Ἠ
3259 608 3367 682 γὰρ
3405 609 3722 672 άδιάστατος

2152 703 2252 755 καὶ
2267 703 2467 765 ἄποτος
2496 703 2587 754 καὶ
2613 703 3021 772 ἀπερίγραπτος
3049 699 3302 770 δύναμις,
3329 703 3384 751 εν
3407 701 3570 769 ἑαυτῇ
3599 701 3721 762 τοὺς

2151 793 2349 856 αἰῶνας
2379 794 2472 845 καὶ
2511 795 2690 845 πᾶσαν
2717 792 2813 862 τὴν
2847 795 2902 844 ἐν
2929 791 3137 853 τούτοις
3167 791 3360 860 ἔχουσα
3384 790 3560 842 κτίσιν
3579 830 3593 851 ,
3627 788 3720 842 καὶ

2151 885 2485 954 πανταχόθεν
2519 885 2614 954 τῆς
2647 883 2756 937 τῶν
2795 884 3004 937 αἰώνων
3053 884 3322 954 ἀπειρίας,
3349 885 3415 954 τῇ
3463 883 3719 952 ἀῐδιότητι

2150 975 2251 1046 τῆς
2290 976 2421 1038 ιδίας
2447 976 2929 1047 ὑπερεκπίπτουσα
2953 975 3195 1042 φύσεως,
3228 975 3260 1044 ἢ
3304 975 3458 1026 οὐδὲν.
3487 975 3598 1046 ἔχει
3625 991 3720 1044 ση-

2155 1069 2305 1137 μεῖον
2333 1067 2394 1119 τὸ
2427 1065 2776 1136 καταμηνύον
2805 1067 2904 1135 τὴν
2934 1065 3092 1134 φύσιν
3112 1106 3126 1128 ,
3171 1064 3203 1134 ἢ
3239 1065 3364 1118 ἄλλο
3401 1082 3453 1116 τι
3485 1065 3718 1129 πάντως,

2151 1159 2244 1212 καὶ
2269 1160 2366 1228 οὑχ
2386 1159 2519 1229 ὅπερ
2546 1161 2579 1229 ἡ
2605 1159 2779 1221 κτίσις
2818 1157 2951 1227 ἔχει.
2995 1159 3151 1212 Ἐπεὶ
3177 1154 3268 1210 οὖν
3308 1157 3436 1210 ἴδιον
3470 1158 3570 1227 τῆς
3603 1157 3720 1210 κτί-

2153 1266 2288 1312 σεως
2312 1249 2371 1302 τὸ
2397 1248 2570 1320 ἀρχὴν
2603 1247 2744 1318 ἔχειν
2763 1290 2777 1314 ,
2803 1249 3082 1320 ἀλλότριον
3109 1251 3176 1306 ἂν
3213 1247 3296 1318 εἴη
3337 1249 3434 1318 τῆς
3467 1247 3720 1304 ἁκτίστου

2151 1341 2366 1410 φύσεως
2391 1341 2450 1392 τὸ
2485 1341 2580 1406 τῆς
2611 1340 2835 1402 κτίσεως
2869 1339 3022 1392 ἴδιον.
3049 1341 3112 1391 Εἰ
3141 1339 3246 1408 γὰρ
3275 1339 3397 1390 καθ’
3429 1338 3720 1408 ὁμοιότητα

2150 1420 2375 1494 κτίσεως
2429 1431 2522 1484 καὶ
2555 1431 2651 1500 τὴν
2689 1431 2782 1484 τοῦ
2823 1431 3158 1498 Μονογενοῦς
3212 1431 3440 1501 ὓπαρξιν
3488 1431 3552 1483 ἐκ
3580 1447 3728 1496 τινος,

2152 1523 2706 1593 καταλαμϐανομένης
2735 1524 2907 1592 ἀρχῆς
2939 1523 3284 1576 ὑποτίθεσθαί
3327 1541 3408 1585 τις
3449 1522 3726 1589 ἀξιώσειε,-

2151 1615 2272 1667 κατ’
2303 1613 2545 1684 ἀνάγκην
2595 1615 2772 1667 πάντα
2817 1614 2958 1666 κατά
2993 1613 3087 1683 τὴν
3129 1614 3235 1666 τῶν
3272 1613 3472 1666 λοιπῶν
3499 1612 3721 1665 ἀκολού-

2152 1706 2301 1760 θειαν
2345 1707 2422 1778 τῷ
2473 1701 2602 1776 περὶ
2644 1706 2832 1759 τούτου
2871 1706 3014 1776 λόγῳ
3047 1707 3467 1776 συνεφαρμόσει.
3499 1705 3572 1758 Οὑ
3611 1705 3728 1776 γὰρ,

2151 1799 2268 1852 ἔστι
2317 1801 2416 1870 τῆς
2447 1800 2616 1871 ἀρχῆς
2648 1799 2893 1870 δοθείσης
2945 1799 3022 1870 μὴ
3067 1799 3492 1869 συνομολογῆσαι
3531 1797 3623 1852 καὶ
3657 1798 3719 1852 τὸ

475 1896 694 1960 natura,
721 1888 866 1958 quod
893 1897 1156 1954 creatura:
1195 1897 1280 1943 est
1334 1892 1636 1960 preprium.
1680 1889 1738 1944 Si
1787 1891 1932 1945 enim
1976 1891 2042 1944 ad

2146 1891 2245 1944 έπό
2253 1908 2432 1962 μενον.

480 1980 895 2044 similitudinem
929 1993 1192 2036 creatura:
1241 1983 1406 2038 etiam
1447 1981 1726 2054 Unigeniti
1778 1984 2157 2038 exsistentiam
2228 1985 2298 2038 ab
2361 1984 2547 2054 aliquo
2608 1982 3084 2053 comprehensibili
3149 1981 3418 2052 principio
3463 1981 3732 2050 ccrpisse,_

474 2086 782 2143 supponere
835 2072 958 2140 quis
1004 2074 1323 2136 censuerit,
1376 2075 1686 2144 necessario
1735 2087 1789 2130 et
1824 2076 2196 2144 reliquaquze
2227 2076 2283 2129 in
2329 2085 2584 2131 creatura
2651 2076 3027 2140 inveniuntur,
3073 2074 3274 2129 rationi
3314 2073 3434 2142 ejus
3500 2089 3718 2128 accom-

472 2163 799 2218 modaverit.
829 2161 947 2216 Non
981 2165 1126 2218 enim
1156 2165 1428 2235 integrant
1477 2173 1563 2220 est
1608 2167 1736 2232 dato
1779 2167 2048 2236 principio
2084 2183 2194 2222 non
2221 2167 2384 2228 simul
2411 2167 2658 2230 confiteri
2682 2167 2824 2236 quod
2856 2168 3120 2235 sequitur.

549 2253 1020 2318 Quemadmodum
1046 2256 1191 2308 enim
1217 2257 1262 2309 si
1293 2258 1418 2326 quis
1449 2257 1724 2312 hominem
1754 2273 1876 2312 esse
1910 2273 2044 2322 con-

472 2347 730 2410 cesserit,
765 2362 888 2416 qua:
913 2355 1042 2400 sunt
1075 2358 1281 2401 natura:
1302 2349 1554 2403 humana:
1578 2366 1702 2404 eum
1728 2351 1928 2404 habere
1949 2366 2047 2420 per

475 2436 621 2490 hanc
650 2437 1059 2492 confessionem
1108 2440 1397 2501 annexuit,
1435 2447 1488 2492 et
1535 2441 1737 2493 animal
1783 2423 2050 2511 ipsumet.

472 2525 747 2579 rationale
774 2523 987 2590 dicens,
1009 2535 1064 2579 et
1083 2529 1126 2580 si
1158 2527 1290 2597 quid
1317 2527 1464 2580 aliud
1495 2529 1551 2582 it
1580 2530 1801 2586 homine
1841 2530 2045 2584 intelli-

471 2617 646 2687 gitur:
713 2616 903 2672 eadem
941 2618 1154 2684 ratione
1206 2620 1252 2673 si
1301 2635 1468 2674 unmn
1524 2621 1882 2690 quideorum
1923 2639 2045 2696 qua:

473 2709 697 2780 preprie
724 2717 991 2764 creaturae
1034 2711 1447 2782 attribuuntur,“
1481 2712 1545 2780 in,
1573 2713 1757 2778 divina
1791 2715 2036 2778 essentia

474 2800 927 2867 intellexerimus,
974 2801 1088 2869 jam
1161 2817 1269 2858 non
1310 2803 1471 2856 nobis
1507 2803 1736 2868 liberum
1784 2805 1890 2860 erit
1931 2821 2056 2864 ams

477 2893 624 2963 plius
654 2894 918 2945 rationem
973 2907 1164 2945 eorum
1211 2908 1330 2962 quze
1374 2894 1428 2944 in
1469 2893 1586 2964 ipsa
1630 2895 2048 2949 considerantur

480 2993 696 3037 naturai
734 2983 1028 3036 immortali
1070 2997 1176 3035 non
1214 2984 1505 3051 applicare.
1538 2982 1870 3054 Principium
1901 2985 2046 3039 enim

470 3075 713 3129 violente
746 3080 799 3128 et
839 3077 1156 3142 necessario
1226 3073 1371 3142 quod
1413 3083 1536 3141 post
1574 3075 1750 3148 ipsum
1801 3077 2048 3144 sequitur

471 3165 654 3236 exiget
701 3182 714 3218 :

470 3271 661 3310 eorum
690 3271 811 3324 quae
838 3265 960 3324 post
1007 3255 1190 3323 ipsum
1223 3261 1350 3308 sunt
1381 3256 1707 3326 principium
1737 3267 1838 3311 est.
1869 3257 2049 3323 Quare

471 3347 520 3400 si
551 3347 644 3399 illa
679 3345 902 3408 fuerint,
939 3355 994 3400 et
1050 3346 1154 3400 hoc
1181 3363 1302 3400 esse
1326 3333 1552 3401 necesse
1573 3355 1696 3402 est:
1731 3349 1777 3403 si
1801 3363 1930 3403 vero
1957 3349 2050 3402 illa

473 3437 685 3492 sublata
745 3437 968 3499 fuerint,
1025 3454 1200 3507 neque
1261 3439 1404 3507 quod
1471 3439 1740 3492 antecedit
1805 3455 2042 3494 manere.

763 3163 1096 3232 principium
1171 3163 1316 3218 enim
1367 3164 1512 3232 quod
1575 3165 1655 3218 sic
1705 3166 2062 3234 intelligitur,

2222 2259 2432 2330 Ὥσπερ
2484 2257 2592 2329 γὰρ
2629 2257 2683 2309 εἴ
2716 2275 2800 2320 τις
2835 2257 3118 2326 ἄνθρωπον
3161 2253 3300 2312 εἶναι
3332 2257 3444 2328 δοίη
3467 2299 3482 2322 ,
3513 2257 3603 2310 τὸν
3647 2257 3717 2312 τὰ

2144 2348 2244 2418 τῆς
2289 2348 2504 2416 φύσεωέ
2545 2349 2632 2402 διὰ
2673 2349 2771 2416 τῆς
2811 2347 3100 2416 ὁμολογίας
3143 2349 3342 2416 ταύτης
3390 2351 3730 2419 συνήρτησει

2143 2439 2240 2492 ita".
2269 2437 2404 2500 ζῶον
2436 2438 2598 2491 αὑτὸν
2645 2438 2742 2490 καὶ
2785 2437 2997 2506 λογικὸν
3027 2435 3164 2490 εἶναι
3203 2438 3372 2506 λέγων
3393 2480 3408 2502 ,
3441 2441 3532 2492 καὶ
3571 2441 3623 2492 εἴ
3661 2456 3732 2498 ’τι⁴

2144 2533 2272 2586 ἄλλο
2307 2535 2507 2586 νοεῖται
2557 2533 2684 2602 περὶ
2736 2532 2824 2585 τὸν
2875 2533 3183 2602 ἄνθρωπον*
3247 2532 3392 2586 κατά
3420 2532 3508 2584 τὸν
3553 2533 3714 2584 αὑτὸν

2144 2623 2299 2692 λόγον
2327 2663 2342 2688 ,
2372 2627 2420 2677 εί
2453 2625 2511 2676 ἓν
2543 2641 2593 2676 τι
2621 2623 2728 2676 τῶν
2758 2623 2885 2693 περὶ
2915 2625 3012 2693 τὴν
3055 2623 3232 2676 κτίσιν
3281 2625 3585 2692 ἰδιωμάτων
3624 2623 3716 2676 ἐπὶ

2143 2715 2242 2786 τῆς
2291 2714 2439 2778 θείας
2488 2715 2672 2778 οὐσίας
2717 2717 3188 2785 κατανοήσαιμεν,
3231 2715 3406 2768 οὐκέτ’
3455 2717 3539 2782 ἐφ’
3583 2718 3716 2784 ἡμῖν

2145 2805 2296 2858 ἔσται
2321 2846 2335 2870 ,
2369 2806 2459 2859 τὸν
2485 2807 2644 2874 λόγον
2671 2807 2779 2858 τῶν
2817 2806 2904 2858 ἐπ’
2955 2806 3122 2876 αὑτῆς
3170 2805 3590 2876 θεωρουμένων,
3641 2805 3714 2875 μὴ

2145 2895 2450 2966 ἐφαρμόσαι
2492 2898 2557 2965 τῇ
2603 2895 2863 2964 ἀκηράτῳ
2893 2893 3071 2962 φύσει.
3117 2891 3178 2944 Ἦ
3227 2893 3334 2962 γὰρ
3359 2893 3499 2964 ἁρχὴ
3530 2892 3712 2961 βιαίως

2144 2988 2320 3054 τεκαὶ
2343 2985 2654 3053 ἀναγκαίως
2682 2986 2744 3038 τὸ
2770 2984 2885 3055 μεθ’
2915 2983 3110 3054 ἑαυτὴν
3143 2984 3430 3036 ἀκόλουθον
3460 2984 3718 3053 ἐπιζητὴ-

2148 3096 2250 3130 σειο
2279 3081 2311 3150 ἡ
2345 3078 2452 3148 γὰρ
2473 3077 2613 3130 οὕτω
2636 3078 2900 3148 νοουμένη
2933 3079 3074 3147 ἀρχὴ
3095 3077 3202 3130 τῶν
3232 3077 3345 3146 μετ’
3367 3079 3534 3148 αὑτήν
3563 3079 3715 3132 ἐστιν

2146 3171 2315 3242 ἀρχὴ,
2349 3169 2488 3223 ὥστε
2545 3173 2591 3222 εἰ
2622 3173 2803 3223 ἐκεῖνα
2827 3171 2910 3240 εἴη
2940 3209 2956 3234 ,
2991 3172 3084 3223 καὶ
3123 3170 3326 3240 ταύτην
3355 3167 3523 3224 εἶναι·
3565 3173 3614 3224 εἰ
3656 3171 3716 3225 δὲ

2145 3249 2418 3332 ἀναιροῖτο
2447 3261 2513 3312 τὰ
2543 3263 2884 3332 συνημμένα,
2919 3263 3052 3332 μηδὲ
3089 3262 3151 3315 τὸ
3181 3264 3586 3334 προηγούμενον
3615 3265 3716 3335 μέ-

2147 3366 2278 3410 νειν.
2303 3349 2412 3418 Τῆς
2441 3349 2618 3402 τοίνυν
2645 3351 2833 3419 σοφίας,
2881 3352 2976 3404 καὶ
3037 3351 3308 3422 μεσότητα
3344 3355 3436 3406 καὶ
3463 3353 3616 3418 τέλος
3645 3357 3712 3424 τῇ

2148 3441 2287 3510 ἀρχῇ
2319 3441 2667 3512 προτιθείσης
2687 3481 2702 3504 ,
2733 3444 2782 3494 εἰ
2824 3442 3080 3512 λάϐοιμεν
3107 3443 3198 3495 ἐπὶ
3225 3444 3321 3512 τῆς
3347 3443 3441 3496 τοῦ
3475 3446 3714 3512 Μονογε-

471 3529 610 3596 (lum
637 3529 804 3598 igitur
854 3529 1122 3597 sapientia
1181 3537 1235 3581 et
1264 3529 1604 3583 medietatem
1630 3539 1683 3584 et
1711 3530 1870 3584 finem
1898 3533 2044 3600 prin-

2150 3533 2272 3600 νοῦς
2300 3534 2512 3600 φύσεως
2551 3535 2725 3604 ἀρχὴν
2754 3551 2874 3588 τινα
2900 3536 3007 3588 ἀπό
3037 3554 3180 3598 τινος
3211 3537 3433 3606 σημείου
3465 3538 3716 3608 ὁριζομέ-

471 3623 619 3692 cipio
653 3629 956 3690 praeponat,
1000 3620 1044 3674 si
1079 3621 1132 3672 in
1182 3618 1456 3689 Unigeniti
1487 3631 1677 3674 natura
1713 3623 2042 3691 principium

471 3712 694 3782 aliquod
721 3712 842 3781 ejus
875 3711 1242 3765 subsistentia:
1275 3712 1344 3764 ab
1393 3712 1575 3780 aliquo
1615 3720 1816 3780 puncto
1867 3714 2044 3768 deter-

472 3805 738 3876 minatam
771 3803 1188 3872 sumpserimus,
1245 3802 1387 3856 sicut
1428 3801 1760 3870 dogmatizat
1794 3804 2038 3867 lnercsis,

473 3895 663 3964 procul
699 3893 867 3947 dubio
916 3891 1181 3946 concedet
1203 3891 1487 3960 sapientia,
1535 3899 1588 3944 et
1622 3891 1783 3945 finem
1828 3900 1881 3945 et
1923 3909 2040 3947 me-

473 3987 622 4040 dium
651 3983 924 4054 principio
960 3983 1244 4052 copulare.
1269 3981 1424 4052 Quod
1459 3982 1503 4036 si
1527 3981 1632 4035 hoc
1661 3983 2044 4052 fiat,_invenie-

469 4085 562 4142 tur
624 4076 782 4129 nobis
825 4074 1112 4143 theologus
1165 4075 1266 4128 iste
1298 4076 1634 4146 argumentis
1669 4075 2046 4141 demonstrare

472 4167 643 4220 Deum
691 4165 981 4226 mortalem
1022 4179 1164 4222 esse.
1217 4162 1274 4217 Si
1325 4164 1466 4217 enim
1527 4166 1854 4236 principium
1913 4166 2038 4220 finis

473 4257 777 4322 secundum
805 4257 1074 4310 rationem
1104 4256 1388 4324 sapientiae
1416 4258 1729 4310 necessario
1771 4259 2040 4327 sequitur,

471 4349 714 4403 medium
764 4347 925 4401 etiam
979 4347 1121 4400 inter
1176 4355 1421 4400 extrema
1479 4347 1882 4400 consideratur:
1951 4347 2043 4422 qui

471 4455 642 4495 unum
674 4439 904 4502 dederit,
928 4447 1196 4507 potestate
1229 4445 1283 4491 et
1312 4439 1418 4491 alia
1447 4439 1608 4492 simul
1634 4439 1854 4502 astruit,
1893 4455 2044 4492 men-

473 4549 632 4587 suras
655 4540 707 4586 ct
734 4537 1036 4586 extremum
1065 4532 1188 4584 vitae
1219 4531 1376 4583 finem
1442 4539 1651 4584 naturae
1675 4531 1895 4585 infinita:
1949 4535 2044 4586 de-

475 4625 796 4679 terminans.
847 4622 1005 4688 Quod
1040 4624 1087 4676 si
1121 4627 1226 4677 hoc
1257 4625 1480 4693 impium
1513 4633 1596 4678 est
1638 4634 1691 4678 et
1721 4625 2039 4688 absurdum,

471 4716 666 4784 aequali
726 4715 811 4768 vel
849 4715 1012 4768 etiam
1048 4714 1254 4784 majore
1286 4718 1637 4768 accusatione
1682 4717 1904 4784 dignum
1935 4724 2038 4778 est,

477 4805 813 4874 principium
848 4804 978 4858 dare
1021 4806 1260 4857 serumni
1290 4805 1343 4858 in
1379 4806 1706 4873 impietatem
1739 4807 2039 4859 desinenti:

2146 3643 2242 3694 νην
2273 3628 2370 3694 τῆς
2411 3625 2756 3689 ὑποστάσεως
2783 3667 2798 3691 ,
2831 3626 3011 3690 καθὼς
3062 3628 3372 3697 δογματίζει
3416 3631 3449 3697 ἡ
3485 3631 3713 3701 αἵρεσις,

2145 3716 2206 3768 οὑ
2236 3717 2578 3786 συγχωρήσει
2610 3718 2825 3779 πάντως
2861 3719 2893 3786 ἡ
2939 3717 3097 3786 σοφία
3123 3757 3137 3780 ,
3181 3719 3254 3789 μὴ
3305 3721 3398 3772 καὶ¹
3443 3721 3504 3772 τὸ
3542 3722 3712 3792 πέρας

2145 3807 2326 3859 καὶτὸ
2359 3807 2522 3876 μέσον
2551 3810 2616 3878 τῇ
2659 3811 2798 3880 ἀρχῇ
2835 3810 3190 3880 συναρτῆσαι.
3231 3812 3293 3864 Εἰ
3326 3813 3382 3865 δὲ
3425 3813 3581 3866 τοῦτο
3623 3814 3716 3880 γέ-

2146 3914 2306 3959 νοιτο,
2337 3898 2693 3969 εὑρεθήσεται
2721 3883 2854 3968 ημῖν
2878 3901 2906 3951 ὁ
2937 3899 3179 3969 θεολόγος
3198 3940 3213 3964 ,
3247 3903 3436 3972 θνητὸν
3467 3907 3577 3967 τοῖς
3602 3908 3716 3958 ἑπι-

2145 3989 2471 4064 χειρήμασιν
2502 3988 2866 4043 ἀποδεικνύων
2906 3989 2968 4042 τὸ
3003 3989 3176 4045 Θεῐον.
3219 3993 3282 4044 Εἰ
3311 3993 3419 4064 γὰρ
3461 3997 3526 4064 τῇ
3567 3996 3712 4067 ἀρχῇ

2143 4079 2204 4130 τὸ
2225 4079 2375 4143 τέλος
2403 4075 2542 4132 κατά
2569 4080 2657 4132 τὸν
2695 4080 2795 4148 τῆς
2852 4080 3044 4150 σοφίας
3081 4081 3235 4149 λόγον
3271 4083 3579 4152 ἀναγκαίως
3619 4089 3716 4155 ἐφ·-

2146 4172 2354 4240 έπεται,
2375 4174 2469 4232 καὶ
2499 4172 2560 4224 τὸ
2587 4171 2748 4244 μέσον
2777 4173 3120 4242 ἐνθεωρεῖται
3145 4178 3256 4238 τοῖς
3291 4177 3544 4248 πέρασιν’
3599 4181 3628 4232 ὀ
3651 4179 3715 4233 τὸ

2145 4261 2202 4314 ἓν
2247 4262 2369 4324 δοὺς
2391 4303 2405 4324 ,
2438 4265 2503 4332 τῇ
2540 4263 2764 4331 δυνάμει
2814 4265 2907 4316 καὶ
2953 4265 3022 4316 τὰ
3049 4265 3182 4318 ἄλλα
3219 4267 3710 4338 συγκατεσκεύασε,

2149 4353 2321 4422 μέτρα
2353 4354 2447 4406 καὶ
2480 4355 2650 4424 πέρας
2693 4355 2840 4423 ξωῆς
2888 4356 3084 4426 ὁρίζων
3129 4361 3194 4429 τῇ
3245 4361 3478 4432 ἀορίστῳ
3531 4364 3710 4430 φύσει·

2145 4445 2208 4496 Εί
2246 4445 2300 4496 δὲ
2331 4445 2486 4496 τοῦτο
2509 4445 2704 4507 ἀσεϐές
2746 4463 2804 4498 τε
2835 4447 2927 4498 καὶ
2954 4449 3184 4514 ἄτοπον,
3221 4452 3317 4520 τῆς
3355 4451 3474 4520 ἴσης
3532 4454 3562 4520 ἦ
3617 4455 3714 4508 καὶ

2149 4535 2405 4604 μείζονος
2453 4535 2600 4600 ἄξιον
2647 4537 2982 4608 κατηγορίας
3019 4540 3135 4592 ἐστὶ
3161 4582 3176 4605 ,
3219 4542 3280 4594 τὸ
3313 4545 3483 4614 ἀρχὴν
3531 4546 3714 4601 δοῦναι

2144 4625 2221 4694 τῷ
2250 4624 2392 4694 λόγῳ
2419 4624 2494 4694 τῷ
2524 4625 2774 4680 ἀσέϐειαν
2799 4627 3045 4694 λέγοντι·
3087 4631 3228 4698 ἀρχὴ
3253 4629 3308 4682 δὲ
3341 4633 3438 4700 τῆς
3462 4635 3712 4706 τοιαύτης

2145 4716 2370 4778 ἀτοπίας
2405 4717 2610 4786 ἐφάνη,
2658 4719 2717 4770 τὸ
2753 4720 2810 4770 ὲν
2853 4720 2995 4790 ἀρχῇ
3043 4737 3147 4772 τινι
3193 4728 3712 4798 περι-γεγραμμένην

2145 4805 2237 4858 τοῦ
2279 4807 2408 4858 Ὶῖίοῦ
2443 4808 2540 4875 τὴν
2569 4807 2712 4878 ζωὴν
2744 4811 2980 4879 νομίσαι.
3019 4811 3180 4864 Ὥστε
3204 4812 3344 4865 δυοῖν
3381 4815 3603 4884 θάτερον
3629 4857 3642 4880 ,
3675 4819 3710 4887 ἢ

475 4899 644 4966 hujus
687 4905 867 4951 autem
904 4897 1266 4950 absurditatis
1302 4897 1632 4964 principium
1681 4897 1805 4949 inde
1837 4897 2036 4956 elucet,

2147 4899 2540 4969 μεταθήσονται
2575 4901 2708 4970 πρὸς
2750 4901 2840 4952 τὸν
2891 4902 3198 4970 ὑγιαίνοντα
3244 4904 3399 4970 λόγον
3452 4907 3556 4958 ὑπὸ
3601 4908 3708 4960 τῶν

476 4988 622 5056 quod
670 4987 991 5038 existiment
1043 4986 1209 5037 vitam
1274 4984 1398 5037 Filii
1456 4986 1572 5040 alio,
1623 4985 2043 5060 circumscripto

475 5076 748 5146 principio
783 5091 906 5128 esse
930 5076 1274 5127 conclusam.
1304 5073 1486 5138 Quare
1518 5074 1749 5128 duorum
1783 5075 2039 5136 alterum,

477 5167 558 5220 vel
595 5165 955 5218 mutabuntur
991 5162 1058 5214 ad
1100 5179 1295 5216 sanum
1343 5179 1651 5217 sermonem
1690 5180 1786 5232 per
1824 5179 1887 5217 ea
1919 5180 2043 5233 quae

474 5255 623 5308 dicta
673 5261 804 5306 sunt
851 5252 1048 5314 coacti,
1095 5264 1146 5306 et
1189 5267 1311 5305 cum
1355 5253 1532 5306 Patris
1566 5255 1873 5306 aeternitate
1918 5271 2040 5308 eum

473 5345 567 5412 qui
600 5359 666 5398 ex
701 5345 798 5396 illo
828 5353 932 5406 est,
961 5343 1512 5411 contemplabuntur;
1549 5347 1630 5399 vel
1673 5347 1780 5399 nisi
1813 5347 1916 5398 hoc
1953 5363 2044 5398 ve-

475 5439 599 5498 lint,
635 5445 872 5504 utroque
907 5442 1154 5488 extremo
1193 5435 1570 5489 terminabunt
1609 5435 1732 5488 Filii
1762 5437 2041 5490 mter-nita-

477 5539 609 5588 tem,
669 5541 866 5595 nempe
915 5525 1188 5594 principio
1237 5537 1291 5580 et
1348 5528 1479 5588 tine,
1544 5527 1870 5581 infinitatem
1919 5529 2043 5582 vitae

473 5619 652 5690 ipsius
684 5618 752 5672 ad
788 5619 844 5672 id
879 5619 1024 5688 quod
1060 5635 1169 5672 non
1217 5619 1440 5673 exsistit
1483 5619 1836 5674 adducentes.
1885 5618 2042 5685 Quod

474 5713 521 5766 si
567 5719 621 5764 ct
661 5711 974 5765 anitttorum
1017 5721 1070 5765 et
1102 5712 1422 5780 angelorum
1478 5720 1676 5764 natura
1727 5711 1832 5766 fine
1865 5721 2036 5774 caret,

475 5817 654 5872 neque
677 5803 999 5874 prohibetur
1025 5804 1081 5858 in
1117 5813 1382 5859 aiternum
1416 5805 1752 5874 pcrpetuari,
1798 5805 1927 5876 quia
1966 5807 2038 5860 sit

2143 4987 2446 5058 εἰρημένων
2471 4989 2924 5059 ἀναγκαζόμενοι,
2957 4992 3051 5044 καὶ
3081 4994 3146 5061 τῇ
3178 4992 3271 5044 τοῦ
3301 4995 3514 5064 [lat-:96;
3549 4997 3712 5048 ἀῖδιό-

2141 5094 2262 5147 τητι
2314 5079 2402 5131 τὸν
2433 5079 2492 5143 ἐξ
2526 5081 2735 5131 ἐκείνου
2767 5081 3251 5152 συνθεωρὴσουσιν·
3295 5085 3326 5155 ἢ
3360 5089 3407 5138 εἰ
3453 5087 3526 5156 μὴ
3556 5087 3710 5140 τοῦτο

2143 5169 2450 5238 βούλοιντο,
2490 5171 2612 5224 καθ’
2643 5172 2900 5242 ἑκάτερον
2938 5175 3317 5244 περατώσουσι
3361 5178 3454 5229 τοῦ
3485 5175 3612 5230 Υξοῦ
3651 5180 3710 5232 τὸ

2141 5261 2307 5312 ἀΐδιον
2331 5299 2346 5320 ,
2387 5263 2452 5330 τῇ
2483 5261 2622 5331 ἀρχῇ
2659 5263 2854 5332 καὶτῷ
2893 5264 3033 5316 τέλει
3071 5267 3130 5317 τὸ
3158 5266 3380 5336 ἄπειρον
3409 5269 3570 5320 αὑτοῦ
3609 5270 3710 5337 τῆς

2145 5351 2287 5422 ζωῆς
2315 5355 2393 5414 εἰς
2425 5353 2484 5404 τὸ
2520 5353 2864 5424 ἀνύπαρκτον
2905 5356 3145 5423 ἄγοντες.
3175 5357 3236 5409 Ei
3268 5357 3324 5409 δὲ
3361 5359 3712 5429 ἀτελεύτητος

2142 5443 2236 5495 καὶ
2267 5443 2372 5495 τῶν
2407 5445 2591 5512 ψυχῶν
2621 5445 2842 5496 καὶτῶν
2865 5447 3111 5512 ἀγγέλων
3143 5449 3175 5517 ἡ
3207 5447 3366 5518 φύσις
3389 5488 3403 5512 ,
3432 5451 3526 5504 καὶ
3559 5451 3708 5502 οὐδὲν

2141 5533 2408 5587 κωλύεται
2441 5537 2518 5599 είς
2551 5536 2611 5588 τὺ
2641 5537 2804 5588 ἀΐδιον
2837 5539 3098 5607 προϊέναι,
3126 5539 3214 5591 διὰ
3239 5539 3334 5592 τοῦ
3365 5544 3458 5594 καὶ
3487 5541 3710 5612 κτιττὴν

2141 5621 2300 5688 εἶναι,
2337 5626 2430 5678 καὶ
2467 5627 2574 5679 ἀπὸ
2599 5643 2742 5690 τινος
2766 5627 2861 5698 τὴν
2893 5627 3064 5698 ἀρχὴν
3091 5630 3186 5698 τῆς
3217 5631 3524 5692 συστάσεως
3548 5633 3712 5702 ἐσχη-

2147 5717 2318 5780 κέναι,
2356 5717 2547 5779 ὼς.δι5ι
2579 5719 2765 5770 τούτου
2789 5719 3049 5772 δύνασθαι
3077 5719 3140 5772 ἂν
3180 5723 3272 5773 καὶ
3312 5723 3402 5774 ἐπὶ
3437 5721 3531 5774 τοῦ
3576 5723 3710 5793 Χρι-

2149 5809 2274 5860 στοῦ
2315 5809 2375 5860 τὸ
2403 5805 2515 5863 ἴσον
2563 5811 2686 5873 τοὺς
2731 5811 3082 5876 ὑπεναντίους
3113 5813 3312 5868 εἰπεῖν’
3359 5813 3432 5876 ὡς
3485 5815 3620 5886 μήτε
3649 5813 3716 5883 ἐξ
