4142 6374
396 447 501 508 797

1512 447 1786 502 CONTRA
1815 446 2200 511 EUNONIUM,
2241 447 2368 502 LIB.
2411 447 2548 503 VIII.

3551 453 3655 512 798

397 565 571 620 ἀϊδίου
599 566 750 630 ὄντος
787 567 882 620 καὶ
923 569 1002 631 είς
1044 567 1104 620 τὸ
1131 568 1485 638 ἀτελεύτητον
1537 568 1970 642 παρατείνοντος.

2081 575 2267 620 creata
2311 575 2364 621 et
2400 567 2468 620 ab
2503 567 2690 636 aliquo
2743 569 3075 639 principium
3120 586 3232 626 sua!
3276 571 3655 634 subsistentia:

411 659 472 711 Ὁ
494 657 666 712 ταῦτα
693 660 984 730 προφέρων
1021 661 1246 714 κάκεῖνα
1273 660 1587 729 λογιζέσθω,
1617 661 1740 713 ὅσον
1771 659 1971 728 μεταξὺ

401 749 502 819 τῆς
522 751 804 820 κτίσεωςὴ
836 750 1025 821 θεότης
1057 752 1254 822 ἕστηκε
1288 755 1398 816 τοῖς
1428 752 1699 824 ίδιώμασι.
1736 752 1846 821 Τῆς
1876 751 1974 820 μὲν

401 845 509 912 γὰρ
541 842 791 912 θεότητος
821 843 951 895 ἴδιον
979 843 1041 896 τὸ
1069 844 1316 907 ἀνενδεὲς
1363 845 1566 906 παντὸς
1611 842 1705 897 τοῦ
1738 843 1878 896 κατὰ
1915 844 1975 896 τὸ

400 935 602 1002 ἀγαθὸν
638 934 1006 1004 θεωρουμένου
1047 937 1314 1006 νοήματος
1337 955 1348 968 ·
1381 936 1496 1006 ὴδέ
1543 936 1716 999 κτίσις
1751 938 1813 988 ἐκ
1847 952 1978 1005 μετο

398 1026 531 1095 οχῆς
570 1025 663 1078 τοῦ
701 1025 964 1094 βελτίονος
988 1027 1046 1078 ἐν
1069 1025 1151 1096 τῷ
1181 1025 1329 1097 καλῷ
1373 1027 1579 1096 γίνεται
1598 1045 1612 1059 ’
1641 1028 1760 1096 ἥτις
1795 1027 1852 1080 οὐ
1883 1026 1976 1096 μό-

400 1133 490 1168 νον
522 1114 616 1167 τοῦ
643 1111 781 1168 εἶναι
809 1115 1032 1186 ἤρξατο,
1067 1117 1201 1170 ἀλλὰ
1227 1118 1320 1170 καὶ
1346 1117 1438 1169 τοῦ
1467 1120 1523 1170 ἐν
1549 1117 1626 1187 τῷ
1656 1117 1802 1188 καλῷ
1838 1113 1974 1170 εἶναι

401 1211 630 1260 πάντοτε
679 1207 766 1259 διὰ
793 1208 894 1275 τῆς
937 1207 1074 1278 πρὸς
1107 1208 1166 1261 τὺ
1205 1211 1448 1278 κρεῖττον
1491 1209 1870 1276 ἐπαυξήσεως,
1917 1211 1977 1261 ἐν

401 1295 479 1366 τῷ
517 1297 779 1367 ἄρχεσθαι
829 1297 1319 1367 καταλαμϐάνεται.
1391 1299 1535 1350 Διότι
1588 1298 1840 1350 οὐδέποτε
1885 1299 1976 1350 ἐπὶ

401 1388 495 1440 τοῦ
531 1389 963 1457 κατειλημμένου
992 1389 1237 1441 ἵσταται·
1270 1389 1404 1441 ἀλλὰ
1434 1390 1540 1442 πᾶν
1567 1389 1628 1440 τὸ
1664 1387 1861 1457 κτηθὲν
1888 1389 1976 1441 διὰ

402 1481 502 1548 τῆς
556 1480 841 1549 μετουσίας
879 1481 1019 1550 ἁρχὴ
1043 1481 1140 1549 τῆς
1167 1479 1302 1550 προς
1327 1479 1387 1532 τὸ
1414 1480 1596 1551 μεῖζον
1622 1480 1806 1532 ἀνόδου
1829 1480 1973 1546 γίνε-

403 1589 511 1623 ται.
543 1571 654 1624 Καὶ
680 1572 818 1624 κατὰ
844 1572 940 1642 τὴν
969 1570 1179 1623 Παύλου
1211 1571 1390 1639 φωνὴν
1414 1614 1427 1634 ,
1462 1572 1715 1624 οὐδέποτε
1745 1572 1974 1623 παύεται

401 1665 513 1726 τοῖς
540 1661 845 1732 ἔμπροσθεν
878 1662 1293 1732 ἐπεκτεινομένη
1319 1701 1332 1720 ,
1363 1661 1454 1714 καὶ
1479 1661 1646 1730 λήθην
1677 1661 1974 1734 ποιουμένη

403 1754 511 1806 τῶν
543 1755 786 1808 ὄπισθεν.
840 1755 990 1806 Ἐπεὶ
1019 1751 1110 1807 οῦν
1141 1755 1174 1824 ἡ
1204 1755 1300 1824 μὲν
1335 1753 1523 1824 θεότης
1557 1754 1800 1823 αύτοζωή
1837 1757 1972 1807 ἐστι·

403 1847 534 1909 Θεὸς
561 1847 616 1899 δέ
655 1849 682 1900 6
730 1847 1020 1916 μονογενὴς
1047 1886 1060 1909 ,
1109 1847 1240 1908 Θεδς
1283 1846 1378 1898 καὶ
1407 1845 1554 1915 ζωὴ,
1587 1847 1680 1898 καὶ
1729 1846 1972 1916 ἀλήθεια,

403 1937 498 1990 καὶ
529 1938 634 1988 πᾶν
673 1936 725 1988 εί
747 1953 798 1988 τι
841 1935 1040 2006 ὑψηλὸν
1087 1935 1181 1988 καὶ
1215 1935 1513 2006 θεοπρεπὲς
1553 1938 1666 1988 ἐστι
1707 1936 1913 2005 νόημα·
1941 1937 1976 2013 ἡΔ

404 2029 461 2080 δὲ
495 2028 668 2090 κτίσις
719 2028 924 2080 ἐκεῖθεν
973 2027 1078 2079 τῶν
1111 2026 1328 2094 ἀγαθῶν
1376 2026 1642 2095 λαμϐάνει
1681 2027 1780 2096 τὴν
1810 2044 1974 2096 χορη-

404 2120 547 2186 γίαν·
575 2119 804 2190 φανερὸν
827 2120 892 2171 ἐκ
914 2117 1118 2170 τούτων
1149 2117 1214 2170 ἂν
1247 2119 1352 2188 εἴη,
1375 2119 1455 2170 ὅτι
1487 2118 1643 2186 εἴπερ
1673 2117 1976 2186 μετέχουσα

403 2212 504 2280 τῆς
535 2211 716 2280 ζωῆς,
773 2212 830 2263 ἐν
862 2209 938 2280 τῷ
991 2213 1088 2280 ζῇν
1137 2213 1286 2262 ἐστι·
1325 2211 1417 2262 καὶ
1468 2211 1516 2262 εί
1565 2207 1832 2261 παύσαιτο
1880 2208 1978 2276 τῆς

408 2303 726 2374 μετουσίας,
771 2302 866 2355 καὶ
895 2301 985 2353 τοῦ
1022 2307 1078 2354 ὲν
1111 2301 1187 2369 τῷ
1224 2302 1322 2372 ζῇν
1357 2299 1494 2355 εἶναι
1528 2300 1795 2354 παύσεται
1841 2300 1977 2352 πάν-

402 2410 528 2456 τως.
566 2394 624 2445 Εἰ
660 2393 757 2462 μὲν
785 2388 876 2444 οὖν
905 2393 998 2444 καὶ
1033 2393 1158 2460 περὶ
1183 2393 1275 2444 τοῦ
1301 2392 1616 2462 μονογενοῦς
1641 2393 1773 2444 Θεοῦ
1806 2391 1980 2445 ταῦτα

403 2483 579 2552 λέγειν
606 2482 876 2552 τολμῶσιν
900 2523 915 2544 ,
947 2485 1048 2535 ὅσα
1073 2483 1201 2553 περὶ
1228 2486 1328 2552 τῆς
1367 2483 1595 2546 κτίσεως
1628 2482 1825 2550 ἀληθές
1867 2485 1981 2534 ἐστι

403 2575 578 2643 λέγειν
602 2617 616 2640 ,
671 2578 764 2630 καὶ
817 2575 973 2628 τοῦτο
1030 2576 1169 2644 μετὰ
1231 2577 1448 2628 πάντων
1505 2575 1846 2644 λεγέτωσαν,
1901 2576 1981 2627 ὅτι

402 2669 600 2736 ὁμοίως
627 2671 692 2737 τῇ
739 2668 912 2719 κτίσει
943 2668 1155 2720 καὶτοῦ
1191 2664 1326 2722 εῖναι
1372 2669 1600 2740 ἄρχεται
1627 2707 1641 2730 ,
1674 2670 1767 2722 καὶ
1799 2671 1855 2720 ἐν
1903 2669 1980 2736 τῷ

403 2757 506 2828 ζῇν
553 2758 681 2810 καθ’
732 2759 1022 2828 ὁμοιότητα
1063 2758 1171 2811 τῶν
1206 2760 1391 2829 ψυχῶν
1443 2760 1705 2830 διαμένει.
1743 2761 1804 2811 El
1850 2759 1906 2810 δὲ
1955 2761 1982 2809 6

407 2851 506 2922 μὲν
537 2850 780 2922 αὑτοζωή
813 2853 928 2903 ἐστι
949 2890 964 2914 ,
993 2853 1088 2903 καὶ
1115 2851 1208 2904 τοῦ
1246 2852 1564 2905 ἐπείσακτον
1598 2853 1739 2922 ἔχειν
1767 2853 1823 2902 ἐν
1859 2853 1983 2903 ἑαυ-

402 2941 480 3010 τῷ
501 2943 601 3011 τὴν
631 2943 773 3012 ζωὴν
806 2943 866 2993 ού
899 2941 1214 3013 προσδέεται
1239 2960 1252 2973 ’
1295 2942 1363 2994 τὰ
1389 2944 1444 2995 δὲ
1475 2943 1608 2995 ἄλλα
1644 2943 1820 2994 πάντα
1864 2941 1984 3010 ούχὶ

404 3033 516 3104 chi]
549 3037 714 3096 ἐστιν,
746 3033 879 3086 ἀλλὰ
913 3033 1210 3104 μεθεκτικὰ
1244 3035 1342 3103 τῆς
1385 3035 1530 3103 ζωῆς
1557 3035 1782 3102 γίνεται.

405 3137 705 3195 permanet.
753 3127 906 3193 Quod
959 3127 1004 3184 si
1058 3129 1148 3183 ille
1183 3129 1404 3198 quidem
1443 3138 1526 3182 est
1562 3130 1794 3208 ipsamet
1827 3126 1934 3178 vita
1961 3163 1976 3186 ,

409 3223 534 3276 tiam
573 3223 808 3281 habere;
844 3223 948 3274 alia
984 3231 1165 3276 autem
1199 3223 1380 3275 omnia
1421 3237 1530 3276 non
1565 3224 1672 3275 vita
1707 3229 1854 3283 sunt,
1887 3219 1981 3273 sed

475 3312 570 3375 Τίς
599 3314 808 3384 ἀνάγκη
850 3313 938 3366 διὰ
967 3314 1072 3366 τῶν
1111 3315 1168 3366 ἐν
1193 3316 1257 3383 τῇ
1291 3314 1464 3366 κτίσει
1496 3311 1838 3382 βλεπομένων
1875 3329 1981 3362 πα-

409 3402 779 3472 ραγράφεσθαι
821 3403 896 3472 τῷ
947 3405 1239 3470 Μονογενεῖ
1272 3405 1332 3456 τὸ
1384 3403 1582 3468 ἁῖδιον;
1624 3403 1696 3454 Τὸ
1731 3403 1830 3472 μὲν
1875 3402 1981 3472 γὰρ

406 3495 494 3547 ἀεὶ
520 3494 778 3558 ὡσαύτως
810 3495 951 3548 κατὰ
977 3495 1074 3566 τὴν
1105 3495 1264 3562 φύσιν
1293 3494 1434 3564 ἕχον,
1463 3495 1839 3565 ἁπαράδεκτόν
1863 3498 1980 3547 ἐστι

405 3585 497 3640 τοῦ
549 3587 787 3639 ἐναντίου
815 3629 828 3650 ,
881 3587 976 3640 καὶ
1021 3589 1120 3658 τῆς
1165 3587 1302 3657 πρὸς
1351 3586 1412 3638 τὺ
1465 3586 1648 3658 ἕτερον
1681 3587 1982 3657 μεταϐολῆς

406 3679 770 3736 ἀνεπίδεκτον.
802 3673 898 3740 Οἷς
929 3677 984 3730 δὲ
1009 3681 1042 3748 ἡ
1071 3678 1228 3746 φύσις
1258 3677 1506 3748 μεθόριος
1530 3719 1543 3738 ,
1571 3677 1778 3740 τούτοις
1805 3680 1982 3746 ἐπαμ-

407 3768 680 3839 φοτερίζει
708 3767 842 3838 πρὸς
871 3767 1180 3838 ἑκάτερονὴ
1220 3768 1360 3837 ῥοπὴ
1387 3808 1400 3829 ,
1442 3769 1561 3820 κατ’
1595 3767 1841 3831 ἐξουσίαν
1871 3769 1981 3829 τοῖς

407 3859 546 3921 κατὰ
577 3849 798 3928 γνώμην
829 3857 1338 3929 προσκινούμενοιςἸ
1367 3859 1427 3910 ΕΞ
1469 3853 1561 3910 οῦν
1591 3858 1623 3927 ἡ
1661 3855 1978 3940 δντιιιςτζωὴ

407 3951 466 4000 ἐν
490 3950 554 4018 τῇ
591 3949 708 4017 θείᾳ
737 3964 794 3998 τε
837 3948 929 3999 καὶ
975 3945 1340 4016 ὑπερκειμένη
1390 3946 1672 4017 θεωρεῖται
1703 3946 1900 4014 φύσει,
1943 3949 1974 4014 ή

407 4041 722 4100 ἁπόπτωσις
774 4038 978 4106 ταύτης
1041 4037 1174 4107 πρὸς
1239 4037 1296 4088 τὸ
1344 4037 1713 4106 ἀντικείμενον
1763 4037 1977 4099 πάντως

407 4131 548 4184 κατὰ
579 4131 638 4182 τὸ
687 4129 830 4190 εἰκὸς
883 4127 1194 4198 καταλήξει,
1238 4128 1554 4197 Πολύσημος
1585 4127 1640 4179 δὲ
1683 4127 1781 4196 τῆς
1833 4126 1978 4194 ζωῆς

409 4225 502 4275 7.11
533 4221 623 4274 τοῦ
659 4221 888 4274 θανάτου
943 4221 974 4289 ἡ
1007 4218 1218 4288 ἔννοια,
1253 4218 1344 4284 καὶ
1390 4219 1450 4269 ού
1497 4217 1635 4270 κατὰ
1683 4219 1770 4270 τὸν
1819 4219 1978 4278 αὐτὸν

409 4315 670 4383 νοουμένη
700 4313 918 4382 τρόπον.
963 4309 1086 4362 Ἐπὶ
1137 4310 1236 4378 μὲν
1273 4308 1380 4377 γὰρ
1416 4309 1512 4378 τῆς
1549 4307 1772 4379 σαρκὸς,
1807 4311 1839 4377 ἠ
1871 4308 1977 4360 τῶν

411 4404 734 4476 σωματικῶν
764 4403 1066 4470 αἰσθήσεων
1109 4401 1356 4471 ἐνέργειά
1391 4417 1448 4451 τε
1487 4401 1580 4452 καὶ
1618 4401 1828 4470 κίνησις
1864 4399 1974 4471 ζωὴ

411 4497 658 4566 λέγεται·
703 4496 888 4548 καὶτὸ
935 4491 1166 4562 ἔμπαλιν
1193 4495 1226 4560 ἡ
1280 4493 1462 4554 σϐέσις
1512 4492 1686 4544 αὐτῶν
1721 4494 1812 4546 καὶ
1863 4493 1976 4544 διά-

409 4587 593 4652 λυσις,
623 4587 848 4644 θάνατος
889 4585 1230 4651 ὀνομάζεται.
1282 4585 1402 4635 Ἐπὶ
1432 4584 1488 4636 δέ
1518 4585 1616 4652 τῆς
1664 4585 1853 4654 νοερᾶς
1877 4583 1978 4650 φύ-

411 4697 587 4742 σεως,
619 4682 652 4748 ἡ
710 4679 846 4748 πρὸς
880 4677 938 4728 τὸ
961 4680 1111 4733 Θείον
1162 4677 1464 4738 οἰκείωσις,
1523 4678 1555 4744 ἡ
1606 4676 1812 4746 ἀληθής
1865 4679 1978 4729 ἐστι

412 4775 562 4844 ζωή·
615 4775 708 4825 καὶ
836 4771 1026 4824 τούτου
1078 4771 1426 4832 ἁπότττωσις,
1484 4769 1710 4823 θάνατον
1761 4773 1873 4840 ἔχει
1921 4772 1978 4822 τὸ

409 4864 597 4933 ὄνομα.
623 4863 711 4915 Διὸ
745 4863 835 4914 καὶ
872 4861 932 4913 τὸ
969 4861 1264 4930 ἀρχέγονον
1303 4861 1470 4912 κακὸν
1514 4861 1541 4911 ὁ
1573 4860 1848 4922 διάϐολος,
1888 4861 1980 4912 καὶ

411 4955 638 5017 θάνατος
665 4955 876 5022 λέγεται
903 4995 915 5016 ,
965 4954 1056 5006 καὶ
1109 4951 1332 5022 εὑρετὴς
1387 4951 1648 5004 θα.νάτου’
1703 4952 1834 5004 ἀλλὰ
1889 4953 1980 5005 καὶ

411 5049 610 5118 κράτος
643 5045 784 5115 ἔχειν
811 5045 1038 5097 θανάτου
1071 5044 1218 5112 παρὰ
1245 5042 1337 5095 τοῦ
1377 5043 1694 5096 Ἀποστὸλου
1739 5044 1974 5110 λέγεται.

411 5139 622 5194 Οὐκοῦν
650 5138 840 5204 διπλῆς
859 5177 871 5198 ,
907 5133 1088 5197 καθὼς
1117 5134 1349 5204 εἴρηται,
1385 5135 1481 5203 τῆς
1507 5133 1597 5186 τοῦ
1630 5135 1857 5188 θανάτου
1887 5153 1982 5206 ση-

416 5225 612 5296 μασίας
650 5227 714 5277 ἐκ
743 5225 850 5276 τῶν
903 5223 1132 5292 Γραςτῶν
1170 5223 1487 5293 νοουμένης,
1540 5225 1568 5274 6
1627 5223 1725 5291 μὲν
1770 5224 1984 5294 ἀληθῶς

413 5317 677 5388 ἄτρεπτός
717 5335 776 5369 τε
811 5317 904 5370 καὶ
937 5315 1288 5376 ἀναλλοίωτος
1317 5355 1332 5376 ,
1385 5317 1542 5385 μόνος
1577 5316 1687 5384 ἕχει
1717 5315 1813 5385 τὴν
1847 5319 1982 5370 ἀθα-

411 5409 602 5462 ντσίαν
627 5449 642 5473 ,
674 5408 768 5462 καὶ
792 5407 906 5476 φῶς
935 5405 1175 5474 οἰκεῖτῷ
1217 5405 1362 5475 ζόφῳ
1401 5406 1497 5474 τῆς
1530 5407 1726 5468 κακίας
1757 5409 1984 5478 ἀπρόσι-

411 5501 500 5554 τόν
519 5481 578 5552 τε
603 5500 696 5552 καὶ
723 5497 1184 5568 ἀπροσπέλαστον.
1215 5497 1355 5547 Ὅσα
1381 5495 1436 5546 δὲ
1465 5494 1557 5546 τοῦ
1585 5495 1811 5548 θανάτου
1853 5515 1985 5565 μετ-

412 5592 546 5661 έχει,
593 5591 690 5659 τῆς
723 5589 1018 5651 ἁθανπσίας
1057 5589 1145 5640 διὰ
1181 5588 1280 5656 τῆς
1313 5588 1406 5638 ἐπί
1452 5587 1512 5638 τὸ
1540 5589 1780 5640 ἐναντίον
1812 5589 1985 5657 ροπῆς

412 5684 602 5754 πόρρω
648 5681 946 5750 γινόμενα·
994 5681 1042 5731 εἰ
1097 5680 1152 5731 δὲ
1204 5679 1451 5749 ἀπορρυῇ
1490 5677 1588 5746 τῆς
1637 5679 1730 5738 τοῦ
1779 5679 1983 5747 ἀγαθοῦ

521 5861 565 5893 ⁸⁵
597 5859 831 5930 Philipp.
869 5875 948 5926 ιιι,
981 5861 1061 5916 15.
1126 5859 1347 5918 "llebt'.
1377 5878 1434 5930 ιι,
1473 5863 1554 5919 lii.
1602 5862 1846 5919 ιςΙΤιιιι.
1883 5881 1954 5933 γι,
1988 5865 2071 5921 16.

2084 659 2308 720 habeat,
2345 661 2417 713 ita
2451 669 2509 712 ut
2533 675 2629 729 per
2655 661 2758 714 hoc
2785 661 3086 716 adversarii
3117 664 3332 732 possint
3359 667 3411 718 in
3437 666 3655 722 Christo

2089 749 2233 802 idem
2271 749 2476 812 dicere,
2509 749 2652 819 quod
2681 753 2929 818 quamvis
2953 767 3061 804 non
3091 753 3160 806 sit
3193 753 3262 806 ab
3292 763 3524 812 attento.
3567 765 3654 808 ta-

2081 853 2206 892 men
2235 838 2288 892 in
2320 847 2583 892 aeternum
2621 855 2679 893 se
2725 843 3032 909 protendat.
3088 842 3190 908 Qui
3241 844 3356 898 hinc
3406 847 3650 920 profert:

2077 933 2240 984 etiam
2274 932 2364 985 illa
2397 947 2580 986 secum
2614 941 2862 1002 reputet,
2893 943 3157 1002 quantum
3190 937 3353 992 distet
3398 938 3654 994 divinitas

2078 1038 2108 1076 a
2140 1034 2416 1089 creatura,
2441 1040 2538 1094 per
2575 1027 2937 1094 proprietates
2966 1043 3087 1096 qua:
3120 1029 3174 1082 in
3218 1045 3281 1083 ea
3320 1040 3466 1083 sunt.
3517 1030 3652 1084 Nam

2078 1114 2384 1168 divinitatis
2415 1115 2633 1185 quidem
2672 1119 2952 1186 proprium
3011 1127 3094 1172 est
3123 1120 3270 1173 nulla
3297 1137 3419 1191 qua:
3457 1137 3655 1175 secun-

2078 1203 2208 1257 dum
2243 1203 2446 1260 bonum
2480 1214 2756 1275 spectetur
2807 1209 3031 1262 notione
3079 1209 3356 1279 indigere;
3401 1219 3654 1265 creatura

2083 1310 2215 1348 vero
2261 1295 2504 1350 melioris
2556 1297 2972 1366 participatione
3023 1299 3076 1352 in
3121 1301 3350 1368 pulchro
3385 1301 3475 1362 lit,
3534 1317 3654 1368 qua:

2078 1383 2296 1452 quidem
2329 1399 2440 1438 non
2487 1388 2660 1440 solum
2694 1403 2811 1441 esse
2849 1389 3012 1458 coepit
3041 1427 3054 1448 ,
3104 1389 3196 1442 sed
3231 1392 3392 1443 etiam
3442 1407 3655 1459 semper

2077 1477 2506 1544 deprehenditur
2539 1478 2778 1550 incipere
2809 1480 2864 1533 in
2895 1481 3123 1554 pulchro
3155 1497 3294 1544 esse,
3325 1491 3546 1552 propter
3571 1484 3654 1536 in-

2078 1578 2417 1623 crementum
2458 1586 2569 1638 quo
2620 1586 2836 1644 semper
2879 1574 3046 1626 tendit
3099 1573 3152 1627 in
3209 1577 3423 1628 melius.
3476 1573 3654 1639 Quare

2077 1673 2357 1728 nunquam
2396 1659 2453 1712 in
2482 1659 2971 1728 comprehensione
3003 1666 3172 1716 totius
3205 1661 3330 1728 boni
3365 1661 3650 1726 consistit,

2077 1749 2172 1803 sed
2220 1765 2382 1803 omne
2435 1751 2578 1818 quod
2639 1760 2850 1820 partum
2907 1760 2992 1810 est
3039 1768 3134 1822 per
3180 1753 3652 1824 participationem

2080 1843 2408 1912 principium
2439 1845 2496 1896 lit
2526 1859 2788 1898 ascensus
2819 1845 2882 1898 ad
2913 1845 2964 1898 id
2995 1845 3138 1915 quod
3188 1845 3382 1898 melius
3427 1853 3532 1901 est.
3587 1842 3656 1897 Et

2012 1913 2050 1966 Β
2078 1934 2231 2001 juxta
2267 1933 2416 1988 Pauli
2459 1949 2647 1988 vocem
2672 1975 2685 1994 ,
2736 1952 3014 2005 nunquam
3059 1944 3240 1990 cessat
3281 1937 3345 1990 ad
3376 1936 3653 1990 anteriora

2081 2026 2374 2079 extendere
2417 2041 2476 2080 se
2507 2035 2560 2080 et
2601 2027 2845 2080 oblivisci
2880 2043 3068 2081 eorum
3097 2044 3218 2097 qtae
3257 2037 3382 2082 sunt
3414 2035 3560 2082 retro
3587 2027 3652 2080 1‘.

2082 2115 2349 2174 Quoniam
2379 2117 2544 2184 igitur
2575 2116 2837 2172 divinitas
2893 2118 3008 2186 ipsa
3034 2119 3142 2170 vita
3169 2129 3270 2181 est,
3303 2117 3447 2173 Deus
3474 2127 3652 2182 autem

2083 2207 2401 2275 unigenitus
2437 2207 2578 2262 Deus
2612 2215 2666 2262 et
2693 2209 2824 2270 vita,
2855 2217 2906 2262 et
2931 2210 3134 2263 veritas
3160 2250 3172 2272 ,
3207 2220 3259 2263 et.
3292 2209 3658 2284 quodcunque

2081 2297 2362 2350 excelsum
2397 2307 2451 2352 et
2499 2297 2608 2352 Deo
2629 2299 2884 2352 decorum
2916 2301 3143 2368 cogitari
3175 2309 3375 2370 potest,
3406 2309 3658 2356 creatura

2085 2403 2214 2440 vero
2245 2388 2392 2440 illine
2435 2389 2701 2450 bonorum
2743 2393 3308 2446 subministrationem
3368 2392 3534 2461 capit,
3588 2409 3659 2448 ex

2085 2479 2170 2533 his
2197 2478 2539 2532 manifestum
2555 2495 2675 2534 esse
2701 2483 2893 2550 possit,
2913 2483 3055 2550 quod
3075 2481 3120 2536 si
3150 2483 3366 2552 quidem
3386 2489 3659 2553 particeps

2083 2579 2168 2622 est
2199 2571 2340 2634 vitae,
2366 2585 2554 2628 verum
2587 2580 2669 2624 est
2700 2587 2818 2625 eam
2853 2576 3030 2628 vivere
3058 2591 3072 2638 ;
3109 2575 3152 2629 si
3190 2578 3514 2645 participare
3539 2592 3660 2631 ces-

2087 2667 2255 2724 saret,
2285 2662 2646 2730 proculdubio
2675 2662 2948 2719 desineret
2974 2666 3134 2719 etiam
3163 2667 3366 2721 vivere.
3407 2666 3461 2720 Si
3491 2670 3660 2736 igitur

2077 2763 2131 2808 et
2157 2755 2222 2808 de
2271 2755 2553 2822 unigenito
2583 2755 2691 2810 Deo
2719 2757 2832 2810 ha-c
2862 2758 3044 2811 dicere
3072 2761 3293 2822 audent,
3321 2776 3660 2830 quaecunque

2083 2847 2151 2898 de
2179 2853 2426 2900 creatura
2458 2863 2644 2902 verum
2677 2858 2763 2901 est
2797 2847 3004 2910 dicere,
3039 2847 3172 2901 illud
3206 2851 3367 2902 etiam
3405 2850 3490 2904 his
3542 2864 3662 2904 om-

2080 2939 2242 2991 nibus
2298 2951 2422 3006 qua:
2479 2939 2671 2992 dicunt
2729 2939 2972 3001 addant,
3028 2941 3172 3009 quod
3232 2943 3483 2996 similiter
3531 2958 3659 2998 cum

2080 3037 2333 3083 creatura
2366 3045 2490 3084 esse
2517 3032 2720 3100 C(Bpil,
2755 3038 2808 3083 et
2853 3031 2909 3084 in
2959 3031 3064 3084 vita
3115 3033 3294 3086 instar
3349 3035 3658 3089 animarum

2017 3138 2120 3177 nec
2150 3138 2378 3177 necesse
2419 3132 2505 3180 est
2543 3140 2668 3179 eum
2695 3124 2917 3178 aliunde
2955 3124 3011 3178 in
3046 3139 3106 3178 se
3171 3126 3337 3180 vitam
3407 3127 3658 3182 adventi-

2019 3217 2142 3272 vita:
2174 3219 2460 3287 participia
2494 3220 2646 3276 liunt.

2159 3308 2290 3373 Quae
2315 3309 2480 3376 igitur
2499 3313 2800 3366 necessitas
2822 3313 2986 3381 cogit,
3012 3313 3164 3368 exiis
3183 3329 3302 3382 quae
3327 3314 3380 3367 in
3407 3325 3660 3370 creatura

2083 3408 2396 3454 cernuntur
2426 3405 2788 3457 aeternitatem
2819 3406 2943 3459 vitm
2967 3403 3258 3474 Uuigenito
3276 3408 3662 3474 praescribere?

2083 3489 2236 3554 Quod
2255 3491 2400 3543 enim
2421 3492 2831 3559 sempereodem
2855 3495 3014 3548 modo
3037 3505 3231 3548 natura
3250 3511 3308 3550 se
3331 3497 3513 3552 habet.
3535 3513 3662 3552 con-

2083 3582 2238 3634 trarii
2278 3596 2454 3650 capax
2485 3598 2591 3635 non
2625 3593 2740 3646 est,
2786 3600 2963 3654 neque
2991 3587 3042 3638 in
3073 3587 3303 3641 alterum
3333 3590 3660 3646 mutationis

2082 3683 2168 3727 est
2201 3674 2497 3742 particeps.
2531 3675 2744 3739 Quibus
2769 3691 2898 3730 vero
2929 3688 3239 3733 natura-est
3276 3682 3655 3744 contermina,

2083 3781 2178 3819 seu
2226 3767 2278 3818 in
2329 3765 2569 3820 conﬁnio
2611 3768 2739 3821 boni
2789 3779 2842 3822 et
2887 3771 3016 3823 mali
3066 3773 3398 3833 constituta,
3451 3775 3650 3831 horum

2083 3859 2379 3926 propensio
2409 3873 2615 3927 anceps
2649 3859 2702 3912 in
2734 3861 3063 3916 alterutrum
3097 3866 3310 3934 vergit,
3340 3881 3440 3936 pro
3471 3867 3656 3922 libera

2084 3955 2356 4016 potestate
2382 3963 2572 4001 eorum
2601 3950 2695 4018 qui
2733 3967 2794 4004 ex
2831 3952 3000 4004 animi
3031 3955 3306 4008 sententia
3345 3964 3658 4012 moventur.

2082 4037 2140 4091 Si
2178 4040 2348 4108 igitur
2375 4056 2503 4094 vera
2538 4043 2649 4094 vita
2685 4043 2736 4094 in
2779 4043 2963 4097 divina
2999 4053 3054 4100 et
3088 4049 3524 4115 supereminenti
3558 4065 3660 4104 na-

2081 4141 2206 4184 tura
2239 4141 2545 4200 spectatur,
2591 4135 2756 4202 hujus
2796 4137 3033 4206 dilapsio
3071 4138 3138 4192 ad
3163 4141 3478 4210 oppositum
3509 4157 3661 4212 pror-

2082 4241 2212 4288 sus,
2249 4232 2310 4279 ut
2345 4237 2777 4288 consentaneum
2814 4238 2938 4292 est,
2972 4229 3206 4286 desinet.
3244 4221 3526 4302 Multiplex
3561 4251 3661 4290 au-

2081 4323 2190 4369 tem
2221 4317 2346 4371 vitze
2371 4325 2424 4372 et
2457 4318 2650 4372 mortis
2678 4320 3031 4389 signiﬁcatio,
3064 4337 3243 4392 neque
3271 4325 3434 4378 modo
3466 4327 3658 4382 eodem

2083 4404 2426 4475 inlelligitur.
2461 4405 2594 4459 Nam
2643 4410 2696 4461 in
2733 4425 2898 4464 carne
2920 4450 2933 4471 ,
2965 4426 3356 4480 corporeorum
3395 4417 3656 4471 sensuitm

2083 4495 2297 4550 functio
2327 4507 2381 4550 et
2418 4499 2588 4552 motio
2625 4502 2733 4553 vita
2767 4501 2970 4555 dicitur
2999 4521 3012 4568 ;
3047 4512 3241 4557 contra
3279 4505 3524 4574 ipsorum
3560 4523 3658 4560 ex-

2083 4589 2307 4642 stinctio
2342 4600 2396 4642 et
2425 4590 2720 4645 dissolutio
2760 4609 2908 4648 mors
2943 4596 3284 4648 nominatur.
3341 4595 3396 4649 In
3437 4597 3654 4653 intelle-

2084 4681 2250 4733 ctuali
2280 4696 2409 4734 vero
2439 4689 2632 4736 natura
2664 4686 3068 4753 approvimatio
3102 4687 3168 4740 ad
3209 4688 3375 4742 Deum
3410 4704 3535 4742 vera
3570 4698 3656 4744 est

2081 4769 2192 4820 vita
2216 4807 2230 4831 ,
2260 4770 2476 4824 aversio
2506 4780 2687 4825 autem
2725 4782 2777 4826 et
2814 4774 3002 4842 lapsus
3065 4791 3096 4828 a
3137 4775 3246 4829 Deo
3313 4781 3507 4833 inertis
3555 4797 3656 4834 no-

2084 4861 2230 4915 mine
2261 4863 2589 4930 appellatur.
2634 4863 2980 4933 Quapmpter
3013 4867 3270 4936 princeps
3313 4871 3554 4934 malum,
3599 4871 3655 4926 id

2085 4959 2168 5004 est
2205 4953 2415 5020 primus
2446 4954 2578 5006 mali
2612 4963 2805 5008 auctor
2832 4956 3086 5010 diabolus
3109 4997 3122 5023 ,
3152 4966 3205 5012 et
3237 4974 3383 5012 mors
3429 4971 3656 5014 vocatur

2089 5051 2143 5096 et
2173 5045 2366 5098 mortis
2399 5044 2674 5110 inventor,
2701 5048 2796 5100 sed
2827 5055 2880 5101 et
2912 5051 3104 5103 mortis
3133 5050 3422 5118 imperium
3456 5053 3658 5108 habere

2089 5135 2158 5187 ab
2189 5137 2455 5203 Apostolo
2486 5137 2693 5190 dicitur
2733 5139 2795 5190 1".
2843 5140 2980 5192 Cum
3027 5141 3214 5209 igitur,
3255 5143 3400 5196 sicut
3451 5144 3656 5198 dictum

2089 5233 2208 5288 est,
2246 5229 2442 5280 mortis
2470 5229 2666 5297 duplex
2703 5231 3034 5300 significatio
3071 5235 3124 5286 in
3163 5233 3466 5303 Scripturis
3503 5237 3660 5292 intel-

2088 5317 2310 5386 ligatur,
2351 5319 2398 5372 is
2434 5321 2653 5387 quidem
2692 5323 2784 5390 qui
2816 5339 2944 5377 vere
2981 5325 3342 5380 immutabilis
3378 5335 3459 5380 est
3495 5340 3660 5398 atque

2083 5409 2478 5474 inalterabilis,
2527 5412 2681 5466 solus
2723 5413 2886 5466 habet
2933 5415 3442 5484 immortalitatem,
3474 5427 3528 5473 et
3576 5421 3660 5472 lu-

2085 5516 2201 5554 cem
2237 5502 2448 5556 habitat
2483 5504 2706 5573 caligini
2773 5506 3084 5560 vitiositatis
3117 5509 3452 5564 inaccessam
3487 5520 3541 5564 et
3576 5513 3658 5566 in-

2085 5595 2230 5647 viam
2277 5595 2339 5648 ”.
2404 5596 2758 5666 Quzecunque
2804 5607 2983 5653 autem
3021 5602 3183 5654 morti
3221 5611 3348 5655 sunt
3382 5603 3622 5658 obnoxia
3646 5645 3659 5670 ,

2085 5702 2208 5742 cum
2255 5690 2324 5744 ab
2355 5689 2775 5748 immortalitate
2808 5693 2879 5771 ob
2913 5694 3338 5764 propensionem
3369 5711 3532 5765 quam
3566 5697 3659 5758 lia-
