4142 6374
422 367 511 424 301

483 481 600 545 Οὼς
624 481 910 551 Εὐνόμιος
941 481 1209 551 ἀνοήτως
1250 484 1368 538 απὸ
1401 482 1517 536 τῶν
1550 482 1820 536 Πλάτωνι
1861 480 1993 551 περὶ

484 549 694 620 ψυχῆς
721 552 1046 618 ῥηθέντων,
1081 549 1193 605 οιαὶ
1235 553 1345 620 τῆς
1388 554 1521 620 παρ’
1559 552 1842 618 Ἑϐραίοις
1888 550 1994 603 τοῦ

485 619 790 690 Σαϐϐάτου
835 623 1230 688 ἀναπαύσεως
1280 619 1661 688 ἀναπλάττει,
1692 620 1778 690 μὴ
1826 621 1997 684 εἰδὼς

487 689 602 758 τὴν
631 690 886 758 δύναμιν
913 692 1116 744 αὐτοῦ.

418 760 481 813 δ’.
513 757 655 831 Εἶτα
703 757 819 827 τὴν
843 762 998 831 κατὰ
1039 762 1144 816 τοῦ
1169 761 1436 831 μεγάλου
1475 763 1798 816 Βασιλείου
1840 759 2000 828 παρὰ

489 830 597 909 τοῦ
623 830 922 909 Εὐνομίου
953 830 1496 909 ᾳιικοφαντίανηῴς
1522 832 1864 909 *ἀγέννητον
1891 830 1999 909 τὸν

490 896 802 968 Μονογενῆ
831 896 1215 970 καλοῦντος,
1261 896 1846 970 ψευδῆάπόδεὶξας,
1883 896 1996 970 nci-

491 974 592 1023 λιν
615 970 747 1035 περὶ
782 968 848 1021 τὸ
883 971 1076 1024 ἀΐδιον
1098 973 1195 1024 καί
1225 968 1316 1026 ὃν.
1348 968 1455 1025 καί
1470 973 1865 1037 ἀτελεύτητον
1887 969 1997 1035 τῆς

490 1039 598 1110 τοῦ
663 1040 1042 1107 Μονογενοῦς
1092 1040 1480 1110 δημιουργίας
1534 1059 1597 1095 τε
1649 1040 1747 1093 καὶ
1804 1041 1999 1107 φωτὸς

493 1109 590 1232 nali
627 1110 887 1188 σαίότους
934 1109 1260 1179 exaratiqu
1299 1111 1639 1178 διεξελθὼν,
1674 1111 1780 1164 τὸν
1815 1110 2002 1178 λόγον

494 1195 535 1232 π
583 1196 726 1232 novt.

494 1195 726 1246 πληροι.

1525 367 1802 424 conus
1826 354 2215 430 cmonium,
2255 361 2383 421 me.
2421 367 2490 420 ix

3570 351 3675 417 8οΞ

2173 491 2271 534 tem
2325 483 2404 534 ita
2458 498 2512 533 se
2547 473 2751 541 [δοίην-ρ,
2781 478 2937 531 sicuti
2964 477 3027 531 ea:
3094 475 3334 530 Platonis
3380 475 3444 528 de
3494 479 3674 528 (mima

2167 553 2342 610 dictis,
2375 561 2423 602 et
2454 567 2518 602 ea:
2550 551 2772 603 SaMmti
2801 553 2973 613 requie
3004 549 3144 615 apud
3178 545 3429 600 Hebrazos
3454 547 3675 600 cornuti-

2165 623 2410 688 niscitur,
2446 625 2544 673 vim
2569 637 2750 674 eorum
2772 621 2982 672 minime
3008 617 3324 686 intelligens.

2095 759 2128 812 4
2168 755 2401 810 Tandem
2430 757 2665 824 refutatu
2701 754 2947 808 Eunomii
2977 753 3270 808 calumnia.
3296 768 3400 824 qua
3427 767 3679 819 magnum

2167 827 2428 880 Basiliam
2454 821 2774 879 mendaciter
2794 825 3133 894 oppetiverat,
3157 825 3309 894 quasi
3345 821 3676 892 Unigenitum

2169 899 2453 966 ingenitum
2481 891 2836 966 affirmasset.‘
2858 903 3042 966 rursus
3085 891 3682 966 deUuigeuititcterni-

2173 963 2296 1029 tale,
2314 963 2619 1020 easisteiitia
2641 978 2689 1020 et
2706 968 2824 1034 [inis
2848 965 3102 1024 carentia,
3134 963 3296 1026 deque
3313 964 3576 1016 creatione
3599 965 3683 1014 [tt--

2176 1041 2332 1091 minis
2383 1048 2433 1092 et
2491 1033 2820 1090 tenebrarum
2849 1050 3096 1103 perquam
3129 1033 3330 1087 erudite
3391 1034 3678 1098 disserens,

2179 1109 2373 1162 librum
2395 1111 2682 1162 concludit.

510 1579 648 1633 Ἀλλ’
700 1583 790 1634 ἐπὶ
837 1581 963 1644 τούς
1017 1580 1378 1652 ὑψηλοτέρους
1429 1583 1746 1653 μετέρχεται
1791 1583 2001 1650 λόγους,

2179 1575 2283 1630 Sed
2322 1575 2389 1628 ad
2428 1575 2650 1628 altiores
2681 1578 2877 1624 transxt
2905 1581 3184 1623 sermones
3216 1583 3268 1619 in
3304 1565 3534 1618 suLlime
3563 1571 3683 1616 sese

429 1672 522 1725 καὶ
550 1672 884 1742 μετεωρίσας
919 1673 1108 1727 ἑαυτὸν
1137 1675 1230 1726 καὶ
1259 1673 1506 1740 ὀγκώσας
1545 1676 1602 1726 ἐν
1639 1675 1869 1744 διακένῳ
1898 1692 2002 1742 gou-

427 1765 650 1833 σήματι,
696 1763 872 1832 λέγειν
918 1766 1190 1836 ἐπιχειρεῖ
1232 1783 1282 1819 τι
1320 1766 1418 1837 τῆς
1459 1766 1553 1818 τοῦ
1592 1766 1726 1818 Θεοῦ
1771 1766 2001 1834 μεγαλο-

429 1857 697 1927 πρεπείας
739 1856 979 1922 ἐπάξιον.
1029 1859 1093 1910 Ὃ
1135 1858 1190 1909 δὲ
1221 1857 1368 1925 λέγει
1409 1856 1650 1910 τοιοῦτόν
1689 1859 1833 1910 ἐστιν
1863 1858 2005 1923 Θεὸς

425 1943 536 2011 γὰρ
573 1941 678 2005 ὢν,
732 1943 884 2011 φησι,
939 1944 1003 1996 τὸ
1053 1943 1295 1997 πάντων
1348 1944 1720 2014 ἑξοχώτατον
1755 1946 2002 2014 ἀγαθὸν,

428 2035 528 2087 καὶ
563 2035 805 2089 πάντων
831 2037 1171 2104 κράτιστον,
1200 2041 1297 2091 καί
1326 2037 1529 2106 πάσης
1552 2038 1818 2108 ἀνάγκης
1839 2039 2008 2093 ἐλεύ-

428 2130 620 2194 θερον.
664 2128 857 2191 Καλῶς
896 2130 923 2180 6
963 2129 1225 2197 γεννάδας
1266 2129 1512 2202 καθάπερ
1543 2147 1594 2184 τι
1628 2131 1810 2183 πλοῖον
1859 2132 2010 2202 ἀνερ·

431 2220 688 2288 μὰτιστον
720 2219 1041 2289 αὐτομάτως
1089 2220 1194 2272 ὑπὸ
1238 2221 1346 2272 τῶν
1375 2221 1474 2289 τῆς
1505 2223 1720 2292 ἀπάτης
1749 2221 2008 2291 κυμάτων

397 2292 508 2377 ’⁵τῷ
559 2308 738 2378 λιμένι
793 2311 891 2377 τῆς
944 2310 1201 2381 ἀληθείας
1256 2311 1647 2383 ὲγκαϐορμίζει
1693 2312 1784 2365 τὸν
1830 2312 2004 2382 λόγον.

384 2393 680 2456 ,έηιίντων
723 2400 840 2454 τῶν
868 2403 1106 2470 ἀγαθῶν
1149 2403 1523 2472 ἐξοχώτατόν
1563 2405 1735 2456 ἐστιν
1763 2407 1796 2456 ὁ
1843 2408 2006 2469 Θεός.

441 2492 740 2562 ’Υπὲρευγε
789 2493 890 2562 τῆς
939 2495 1263 2563 ὁμολογίαςῑ
1325 2495 1547 2557 Πάντως
1595 2494 1650 2546 δὲ
1698 2494 1789 2546 τὸν
1841 2495 2012 2564 μέγαν

441 2583 693 2655 Ἰωάννην
723 2583 823 2636 οὐκ
869 2582 934 2636 ἂν
960 2585 1231 2655 γράψαιτο
1261 2585 1576 2655 παράνομον
1612 2585 1848 2656 γραφὴν,
1883 2587 2012 2655 παρ’

432 2668 493 2728 οὗ
524 2675 655 2739 Θεὸς
693 2677 720 2728 6
756 2679 1046 2748 μονογενὴς
1075 2679 1135 2730 ἐν
1179 2677 1367 2748 ὑψηλῷ
1409 2676 1487 2748 τῷ
1519 2679 1831 2750 κηρύγματι
1866 2677 2016 2746 διαγ-

434 2767 711 2833 γέλλεται·
747 2769 774 2819 ὁ
822 2769 915 2821 καὶ
967 2768 1100 2838 πρὸς
1139 2767 1230 2821 τὸν
1277 2767 1410 2820 Θεὸν
1457 2766 1553 2832 ὣν,
1605 2770 1699 2821 καὶ
1742 2768 1875 2830 Θεὸς
1919 2767 2013 2820 ὢν.

435 2859 645 2912 Οὐκοῦν
686 2863 732 2912 εί
783 2861 1092 2926 ἀξιόπιστος
1136 2861 1234 2931 τῆς
1276 2861 1368 2914 τοῦ
1398 2860 1736 2929 Μονογενοῦς
1765 2859 2016 2930 θεότητος

436 2952 611 3023 κῆρυξ
650 2954 885 3016 ἐκεῖνος·
919 2957 947 3007 6
987 2954 1044 3007 δὲ
1092 2954 1222 3016 Θεὸς
1246 2953 1307 3007 τὸ
1337 2953 1663 3024 ἐξοχώτατόν
1697 2955 1843 3006 ἐστιν
1873 2956 2012 3022 ἁγα-
2047 2941 2087 2998 Β

435 3046 558 3098 θὸνι
594 3049 622 3099 ὁ
667 3047 793 3109 Υἱὸς
843 3048 951 3118 ἄρα
998 3043 1058 3100 τὸ
1109 3047 1438 3117 ἐξοχώτατον
1481 3047 1684 3116 ἀγαθὸν
1723 3047 1875 3117 παρὰ
1919 3047 2013 3100 τοῦ

435 3135 630 3206 ιεχοροῦ
680 3139 780 3207 τῆς
840 3136 998 3205 δόξης
1052 3136 1216 3189 αὐτοῦ
1285 3136 1720 3207 μεμαρτύρηται.
1789 3138 1901 3206 Τῆς
1957 3137 2015 3189 δὲ

434 3224 691 3295 τοιαύτης
720 3227 902 3296 φωνῆς
933 3227 1024 3279 καὶ
1059 3227 1150 3278 ἐπὶ
1180 3225 1273 3279 τοῦ
1310 3228 1521 3298 [ἰατρὸς
1562 3227 1926 3298 ἁρμοζούσης,
1955 3227 2015 3279 τὸ

435 3311 789 3387 ὑπερθετικὸν
815 3318 915 3387 τῆς
945 3317 1038 3369 τοῦ
1063 3318 1397 3388 ἐξοχωτάτου
1419 3319 1729 3388 ἐμφάσεως,
1759 3320 2014 3388 οὐδεμίαν

437 3411 503 3460 ἐκ
553 3411 893 3482 συγκρίσεως
941 3411 1303 3482 παραδέχεται
1357 3411 1580 3478 μείωσιν
1631 3412 1665 3481 ἢ
1702 3411 2011 3482 ὑπέρθεσιν.

439 3489 658 3552 Τούτων
708 3499 764 3552 δὲ
813 3501 943 3569 ἡμῖν
993 3500 1144 3571 παρὰ
1176 3500 1274 3570 τῆς
1321 3500 1427 3552 τῶν
1460 3501 1669 3571 ἐχθρῶν
1711 3501 2015 3571 μαρτυρίας

439 3591 577 3664 πρὸς
605 3590 882 3656 ἀπόδειξιν
902 3591 1001 3660 τῆς
1026 3590 1122 3643 τοῦ
1154 3591 1490 3654 Μονογενοῦς
1519 3591 1675 3662 δόξης
1713 3592 2018 3662 παρειλημο

442 3683 640 3752 μένων,
690 3681 1018 3752 προσθετέον
1057 3684 1136 3745 εἰς
1178 3683 1493 3754 συμμαχίαν
1546 3683 1639 3737 τοῦ
1685 3684 2016 3752 ὑγιαίνοντος

438 3774 622 3842 λόγου,
678 3775 774 3827 καὶ
821 3774 910 3826 τὸν
944 3775 1142 3844 ἐφεξῆς
1176 3774 1341 3828 αὐτοῦ
1377 3775 1552 3844 λόγον,
1593 3777 1728 3846 Φησὶ
1771 3777 1896 3848 γὰρ,
1934 3777 2017 3828 ὅτι

444 3865 517 3920 Τὸ
547 3866 917 3934 ἐξοχώτατον
955 3867 1177 3935 ἀγαθὸν
1205 3869 1237 3920 ὀ
1269 3866 1433 3934 Θεὸς,
1461 3867 1564 3921 ἅτε
1594 3867 1747 3937 μήτε
1778 3870 2016 3937 φύσεως

438 3957 894 4026 ἐμποδιζούσης,
923 3959 1077 4027 μήτε
1119 3960 1311 4024 αἰτίας
1353 3959 1826 4028 ἀναγκαζούσης.
1868 3959 2016 4028 μήτε

440 4049 645 4116 χρείας
683 4049 1174 4116 κατεπειγούσης,
1207 4048 1389 4119 γεννᾷ
1424 4067 1489 4104 τε
1533 4050 1632 4103 καὶ
1677 4051 2023 4120 δημιοιυογεῐ

441 4138 594 4191 κατὰ
622 4139 736 4205 τὴν
759 4137 870 4206 τῆς
899 4139 1051 4204 ἰδίας
1079 4139 1363 4207 ἐξουσίας
1388 4141 1716 4211 ὑπεροχὴν,
1742 4142 1857 4209 τὴν
1888 4144 2020 4196 ϐού-

439 4231 627 4295 ⁸ἳησιιν-
670 4229 981 4296 ἀρκοῦσαν
1031 4230 1188 4296 ἔχων
1225 4231 1480 4300 δύναμιν
1531 4233 1677 4297 πρὸς
1730 4232 1841 4300 τὴν
1896 4231 2014 4284 τῶν

439 4317 777 4387 γενομένων
795 4321 1119 4374 σύστασιν.
1153 4323 1223 4373 Εἰ
1250 4321 1456 4374 τοίνυν
1487 4321 1609 4375 πᾶν
1639 4323 1829 4376 καλὸν
1864 4325 2012 4376 κατὰ

440 4410 557 4479 τὴν
577 4412 790 4465 τούτου
811 4412 1141 4479 βούλησιν,
1173 4415 1244 4466 οὐ
1276 4418 1465 4483 μόνον
1488 4417 1810 4485 γενόμενον
1838 4417 2010 4484 ὁρίζει

442 4502 653 4561 καλὸν,
676 4503 833 4556 ἀλλὰ
865 4504 958 4556 καὶ
989 4504 1086 4556 ὅτε
1114 4504 1388 4573 γενέσθαι
1432 4509 1622 4560 καλόν
1643 4522 1655 4535 ⁸
1699 4507 1864 4576 εἴπερ
1899 4509 2012 4576 ἄρα

441 4592 778 4660 ἀσθενείας,
811 4593 877 4646 τὸ
918 4594 1110 4649 ποιεῖν
1147 4595 1179 4648 ὃ
1217 4595 1304 4665 μὴ
1338 4597 1646 4660 βούλεται.
1689 4600 1868 4670 Μέχρι
1906 4600 2020 4653 τού-

441 4699 536 4735 του
570 4683 954 4754 παραληπτέος
999 4685 1128 4754 ἡμῖν
1161 4685 1298 4754 πρὸς
1336 4685 1596 4740 σύστασιν
1642 4688 1750 4741 τῶν
1781 4689 2018 4743 εὐσεϐῶν

441 4770 725 4841 δογμάτων
755 4773 784 4824 6
811 4773 876 4825 ὲκ
913 4773 1174 4844 ῥυπαρῶν
1211 4790 1269 4826 τε
1294 4776 1384 4828 καὶ
1414 4776 1632 4839 πάντως
1663 4782 2018 4849 κεκομμένων

442 4858 713 4926 λεξειδίων
748 4860 1261 4933 διαπεπορπημένος
1307 4864 1415 4916 τῶν
1461 4868 1718 4921 ἐναντίων
1751 4869 1936 4938 λόγος’
1970 4874 2018 4924 εί

441 4952 553 5024 γὰρ
581 4955 722 5007 κατὰ
750 4953 848 5027 τὴν
876 4953 978 5024 τῆς
1013 4955 1150 5018 ἰδίας
1193 4957 1439 5022 ἐξουσίας
1471 4961 1744 5032 ὑπεροχὴν
1771 4963 1869 5031 τὴν
1899 4962 2020 5032 βού-

442 5045 601 5117 λησιν
633 5046 906 5116 ἀρκοῦσαν
951 5046 1088 5117 ἔχων
1118 5047 1364 5119 δύναμιν,
1399 5051 1533 5122 πρὸς
1577 5052 1676 5123 τὴν
1727 5053 1833 5106 τῶν
1874 5072 2017 5120 γινο-

447 5139 622 5209 μένων
657 5139 934 5200 σύστασιν,
961 5141 992 5190 ὁ
1035 5138 1106 5191 τὰ
1138 5140 1316 5194 πάντα
1363 5143 1574 5207 κτίσας,
1628 5146 1764 5216 μήτε
1807 5146 2019 5215 φύσεως

445 5229 860 5300 ἐμποδιζούσης,
905 5232 1045 5301 μήτε
1078 5232 1257 5296 αἰτίας
1285 5233 1715 5306 ἀναγκαζούσης,
1750 5237 1810 5288 οὐ
1861 5238 2020 5308 μόνον

443 5323 505 5375 τὸ
551 5323 840 5393 γενόμενον
881 5323 1050 5394 ὁρίζει
1082 5325 1267 5389 καλὸν,
1303 5325 1438 5380 ἀλλὰ
1490 5327 1584 5380 καὶ
1635 5328 1723 5381 ὅτε
1768 5329 2020 5396 γενέσθαι

444 5412 630 5467 καλόν.
680 5412 737 5465 '0
765 5412 822 5464 δὲ
868 5412 1044 5466 πάντα
1088 5414 1280 5478 ποιῶν,
1311 5418 1339 5469 ὁ
1365 5417 1679 5486 Μονογενής
1717 5420 1832 5470 ἐστι
1866 5418 2018 5484 Θεὸς,

445 5502 626 5566 καθὼς
655 5503 918 5575 κηρύσσει
951 5505 1012 5558 τὸ
1044 5506 1374 5576 Εὐαγγέλιον
1393 5525 1406 5538 '
1463 5503 1616 5572 οὗτος
1648 5511 1736 5563 ὅτε
1769 5511 2018 5582 ἠθέλησε,

443 5595 564 5648 τότε
592 5596 686 5648 καὶ
715 5596 812 5666 τὴν
845 5596 1019 5650 κτίσιν
1043 5599 1296 5668 ἐποίησεν
1319 5619 1333 5632 ·
1373 5601 1492 5653 τότε
1523 5604 1777 5674 περιέσχε
1823 5603 1899 5674 τῷ
1929 5606 2020 5656 οὐ·-

448 5686 615 5757 ρανίῳ
679 5687 894 5756 σώματι
958 5688 1045 5742 διὰ
1109 5690 1208 5759 τῆς
1262 5692 1771 5765 κυκλοφορουμένης
1833 5696 2020 5759 οὐσίας

443 5779 618 5834 πάντα
644 5779 734 5834 τὸν
759 5779 906 5843 ms;
933 5779 1028 5834 τοῦ
1053 5783 1326 5852 σχήματος
1357 5784 1762 5858 ἀπειλημμένον
1784 5787 2014 5858 κόσμονο

2106 1670 2359 1732 efferens,
2390 1675 2445 1722 et
2489 1666 2638 1720 inani
2669 1663 2800 1717 flatu
2842 1665 3233 1724 intumescens,
3271 1660 3413 1728 quod
3444 1657 3532 1709 Dei
3569 1668 3683 1708 luas

2106 1761 2422 1831 guiliccutia
2476 1758 2702 1828 dignum
2763 1756 2853 1819 sit,
2898 1755 3080 1807 dicere
3138 1750 3471 1821 aggreditur.
3527 1747 3682 1812 Quod

2107 1863 2291 1908 autem
2321 1854 2397 1905 ait
2449 1852 2553 1905 tale
2585 1854 2692 1904 est:
2732 1846 2896 1911 Deus,
2940 1845 3140 1914 inquit,
3186 1861 3304 1896 cum
3336 1846 3403 1894 sit
3449 1841 3684 1894 onmium

2105 1944 2576 1999 eminentissimum
2607 1941 2818 2004 bonum,
2862 1947 2910 1991 et
2945 1936 3178 1990 omnium
3216 1935 3468 2001 optimum
3493 1949 3555 1984 ac
3587 1947 3682 1999 pc-

2109 2039 2482 2101 tentissimum,
2522 2044 2571 2088 et
2607 2034 2668 2086 ab
2717 2033 2859 2086 omni
2907 2031 3213 2083 necessitate
3257 2026 3498 2080 liberum.
3537 2023 3684 2077 Prae-

2108 2133 2254 2184 clare
2282 2108 2580 2198 generosus
2619 2127 2727 2188 hic,
2762 2124 2925 2177 veluti
2970 2121 3240 2191 navigium
3270 2116 3542 2187 quoddam
3573 2131 3683 2168 non

2111 2223 2458 2279 saburratum
2501 2228 2705 2274 temere
2745 2225 2799 2272 et
2844 2216 3068 2270 fortuito
3117 2228 3146 2266 a
3181 2212 3435 2264 fluctibus
3480 2208 3686 2262 erroris

2117 2317 2172 2369 in
2224 2321 2440 2382 portum
2497 2310 2740 2364 veritatis
2793 2321 3099 2362 sermonem
3147 2303 3371 2374 appellit
3439 2302 3685 2355 Omnium

2113 2409 2371 2460 bonorum
2431 2403 2907 2458 eminentissimum
2963 2410 3038 2453 est
3084 2397 3248 2451 Deus.
3307 2393 3351 2448 Ο
3412 2394 3684 2462 egregiam

2112 2496 2552 2553 confessionem!
2599 2495 2756 2564 plane
2793 2506 3048 2562 magnum
3081 2489 3345 2544 Joannem
3381 2503 3489 2540 non
3524 2500 3688 2538 aecus

2114 2591 2256 2645 sabit
2289 2589 2422 2658 legis
2453 2601 2735 2656 perperam
2790 2585 2931 2644 latm,
2969 2598 2999 2636 a
3029 2596 3138 2651 quo
3180 2580 3323 2633 Deus
3357 2576 3688 2647 Unigenitus

2115 2685 2168 2736 in
2208 2681 2425 2736 excelso
2458 2676 2730 2748 praeconio
2757 2675 3135 2735 annuntiatur,
3185 2674 3276 2742 qui
3325 2669 3469 2741 apud
3517 2668 3685 2722 Deum

2115 2782 2253 2837 erat,
2290 2781 2343 2827 et
2383 2771 2524 2825 Deus
2572 2777 2707 2824 erat.
2739 2768 2880 2838 Ergo
2921 2767 2965 2821 si
3018 2766 3119 2820 lidc
3163 2766 3360 2835 dignus
3413 2761 3685 2833 Unigeniti

2116 2865 2339 2920 deitatis
2377 2876 2557 2933 praeco
2609 2861 2727 2914 ille:
2777 2859 2919 2913 Deus
2953 2868 3131 2912 autem
3182 2865 3266 2911 est
3314 2854 3687 2911 eminentissi—

2117 2974 2264 3012 mum
2305 2957 2506 3010 bouum
2545 2969 2558 3008 :
2592 2954 2762 3006 Filius
2815 2952 2984 3019 igitur
3022 2965 3294 3004 summum
3346 2949 3570 3011 bonum,
3620 2947 3690 2999 ab

2118 3047 2340 3102 inimico
2388 3045 2506 3113 ejus
2545 3043 2730 3113 gloriae
2784 3040 3044 3110 probatus
3089 3045 3192 3091 est.
3246 3037 3380 3089 Cum
3429 3037 3545 3090 haec
3583 3049 3691 3089 vel

2116 3138 2330 3193 etiamsi
2365 3135 2514 3189 Patri
2566 3133 2948 3187 accommodet
2986 3131 3377 3200 superlativum
3419 3130 3691 3200 significa-

2117 3230 2282 3284 tionis
2316 3229 2458 3297 ejus,
2502 3226 2646 3298 quod
2694 3233 2777 3278 est
2806 3223 3322 3285 eminentissimum,
3358 3223 3563 3274 nullam
3604 3230 3692 3275 ta-

2117 3337 2239 3375 men
2280 3336 2346 3374 ex
2389 3319 2802 3388 comparatione
2857 3315 3093 3368 admittit
3131 3315 3568 3369 imminutionem
3603 3317 3692 3370 rel

2117 3413 2561 3484 superlationem.
2603 3411 2698 3465 His
2728 3410 2896 3480 igitur
2930 3410 3091 3463 nobis
3122 3425 3186 3463 ex
3233 3409 3549 3463 testimonio
3580 3408 3689 3462 ini-

2117 3506 2384 3558 micorum
2442 3504 2508 3557 ad
2573 3499 3097 3556 demonstrationem
3154 3499 3339 3569 gloriae
3415 3497 3684 3566 Unigeniti

2118 3598 2433 3665 assumptis,
2465 3596 2532 3649 ad
2567 3594 2829 3648 auxilium
2865 3591 2982 3645 sani
3011 3592 3280 3645 sermonis
3319 3590 3689 3660 adjiciendum

2116 3697 2203 3742 est
2242 3690 2404 3740 etiam
2445 3685 2590 3755 quod
2636 3686 2752 3754 ipse
2793 3683 3051 3751 deinceps
3098 3682 3267 3736 dicit:
3299 3682 3646 3752 inquitenim
3671 3701 3689 3738 :

2119 3777 2612 3830 Eminentissimum
2653 3775 2865 3838 bonum,
2897 3773 3060 3838 Deus,
3089 3784 3267 3842 utpote
3295 3791 3456 3844 neque
3499 3785 3695 3828 natura

2117 3871 2445 3939 impediente,
2493 3885 2652 3938 neque
2701 3883 2865 3920 causa
2913 3878 3144 3936 cogente,
3198 3883 3361 3936 neque
3399 3867 3695 3938 indigentia

2116 3970 2354 4031 urgente,
2392 3969 2603 4030 generat
2632 3967 2682 4011 et
2723 3968 2868 4010 creat
2898 3973 2990 4022 per
3024 3958 3550 4024 supereruellentiam
3577 3976 3691 4012 sua:

2117 4056 2415 4125 potestatis,
2442 4053 2761 4107 voluntatem
2783 4051 3120 4120 sufficientem
3153 4049 3345 4104 habens
3377 4053 3693 4119 potentiam,

2119 4146 2187 4198 ad
2233 4161 2414 4199 eorum
2441 4159 2557 4212 qua:
2602 4141 2748 4210 facta
2786 4149 2908 4192 sunt
2952 4138 3397 4192 constitutionem.
3430 4137 3490 4193 Si
3529 4140 3694 4208 igitur

2121 4254 2270 4292 omne
2304 4236 2514 4298 bonum,
2561 4233 2847 4287 secundum
2898 4230 3054 4299 hujus
3089 4230 3430 4296 voluntatem,
3474 4247 3576 4284 non
3613 4247 3694 4286 so-

2121 4329 2228 4382 lum
2265 4328 2466 4392 factum
2513 4325 2695 4392 deﬁnit
2742 4323 2950 4385 bonum,
2990 4337 3167 4374 rerum
3191 4323 3351 4374 etiam
3372 4322 3581 4392 quando
3609 4323 3694 4390 fit-

2118 4433 2257 4475 ctum
2298 4429 2373 4472 est
2421 4417 2609 4471 bonum
2638 4433 2656 4469 :
2687 4415 2943 4486 siquidem
2977 4413 3353 4467 imbecillitatis
3399 4424 3474 4467 est
3522 4414 3694 4482 facere

2118 4511 2256 4584 quod
2306 4527 2408 4562 non
2470 4509 2601 4562 vult.
2644 4506 2937 4576 Hucusque
2997 4507 3361 4561 assumendus
3402 4507 3580 4570 nobis,
3625 4509 3695 4561 ad

2119 4601 2500 4659 stabiliendum
2529 4600 2741 4669 piorum
2773 4599 3084 4668 (logmatum
3135 4597 3441 4660 veritatem,
3477 4614 3540 4652 ex
3574 4615 3696 4652 sor-

2118 4695 2261 4750 didis
2313 4701 2367 4748 et
2400 4694 2618 4762 penitus
2662 4689 2938 4744 intercisis
2978 4688 3334 4743 dictiunculis
3376 4689 3696 4745 inlibulatus

2119 4784 2562 4839 adversariorum
2603 4797 2802 4844 sermo,
2853 4781 2900 4835 si
2936 4781 3236 4835 secundum
3268 4782 3500 4851 propria:
3540 4793 3695 4852 pote-

2120 4878 2277 4932 sta-tis
2323 4874 2900 4944 superexcellentiam,
2945 4873 3283 4926 voluntatem
3336 4853 3695 4929 sullicientem

2121 4969 2328 5021 habens
2357 4964 2657 5033 potentiam
2691 4963 2756 5016 ad
2792 4978 2981 5015 eorum
3006 4978 3127 5031 quae
3167 4963 3306 5016 fiunt
3341 4965 3695 5019 constitutio-

2119 5074 2268 5120 nem,
2297 5057 2388 5128 qui
2415 5057 2599 5110 omnia
2622 5053 2891 5115 condidit,
2918 5069 3092 5123 neque
3116 5062 3312 5107 natura
3342 5054 3694 5126 impediente,

2120 5161 2298 5216 neque
2343 5159 2512 5200 causa
2563 5151 2811 5213 cogente,
2860 5142 3050 5195 definit
3112 5158 3218 5194 non
3263 5144 3442 5197 solum
3489 5145 3694 5199 bonum

2122 5238 2322 5292 factum
2358 5250 2500 5298 esse,
2539 5233 2634 5289 sed
2667 5233 2828 5286 etiam
2870 5232 3162 5301 aliquando
3196 5233 3397 5288 factum
3437 5250 3560 5290 esse
3596 5237 3695 5290 bo-

2121 5345 2274 5385 num.
2302 5327 2405 5394 Qui
2437 5335 2616 5381 autem
2649 5323 2782 5378 facit
2814 5326 2997 5378 omnia
3045 5325 3372 5394 Unigenitus
3401 5335 3486 5382 est
3527 5326 3697 5392 Deus,-

2121 5419 2578 5492 quemadmodum
2618 5416 2878 5496 prredicat
2923 5413 3297 5487 Evangelium,
3353 5418 3441 5473 hic
3477 5419 3698 5488 quando

2119 5513 2315 5576 voluit,
2361 5520 2494 5566 tunc
2533 5520 2586 5565 et
2620 5517 2928 5564 creaturam
2965 5507 3115 5572 fecit,
3162 5521 3292 5564 tunc
3323 5511 3530 5566 caelesti
3572 5527 3694 5566 cor-

2122 5621 2254 5676 pore
2288 5620 2385 5675 pcr
2423 5603 2720 5658 essentiam
2756 5616 2878 5671 quae
2920 5601 2974 5654 in
3005 5605 3194 5657 orbem
3236 5603 3431 5667 fertur,
3477 5621 3696 5660 omnem

2123 5698 2178 5751 in
2211 5697 2377 5764 figura
2401 5696 2551 5748 intus
2586 5692 3040 5760 comprehensum
3081 5693 3395 5762 complexus
3425 5703 3509 5749 est
3535 5711 3693 5750 niui:-

2121 5789 2267 5844 dum:
2305 5787 2525 5860 quando
2560 5785 2822 5855 praeclare
2853 5783 3054 5841 habere
3097 5783 3201 5840 hoc
3246 5786 3320 5842 ita
3361 5786 3564 5844 factum
3603 5803 3694 5859 pm

3701 1213 3711 1256 ί
