4142 6374
457 355 562 412 803

1649 351 1708 405 8.
1750 351 2078 407 GREGORII
2115 353 2411 411 NYSSEM

3597 349 3705 416 set

453 468 586 520 tavit
610 509 624 533 ,
655 474 768 519 tum
798 465 1006 519 aridam
1031 462 1310 535 patefecit,
1340 473 1472 518 tunc
1511 478 1683 532 aquas
1725 479 1779 517 m
1814 470 2020 517 cavita-

2149 486 2210 520 τε
2238 471 2416 533 καλῶς
2459 469 2601 541 ἔχειν
2630 471 2784 542 ᾠήθη
2817 473 2974 526 τοῦτο
3003 471 3279 540 γενέσθαι,
3310 472 3430 525 τότε
3466 472 3704 541 ἀνέδειξε

454 561 602 611 tibus
653 558 885 612 scorsim
917 557 1172 616 inclusit;
1216 566 1346 610 tunc
1392 556 1718 609 exstiterunt
1765 560 2032 624 germina,

458 661 584 704 tunc
613 650 846 710 fructus,
878 659 1009 704 tunc
1043 650 1359 702 animalium
1397 658 1573 710 ortus,
1626 626 1756 700 tunc
1797 647 2035 700 hominis

457 743 640 805 ﬁctio,
683 741 902 810 quando
958 742 1150 793 horum
1190 739 1618 806 unumquodque
1666 746 2034 806 opportunum

455 833 743 887 videbatur
763 831 1046 901 sapientia:
1078 831 1196 898 ejus
1223 831 1318 899 qui
1353 829 1578 882 creavit.
1605 829 1710 893 Qui
1743 836 1924 880 autem
1960 827 2037 879 fc-

459 923 533 976 cit
569 921 747 975 omnia
781 926 994 988 (rursds
1047 921 1192 973 enim
1249 920 1496 972 eumdem
1540 922 1880 970 re'sumemus
1920 932 2036 969 ser-

459 1016 701 1081 monem)
763 1012 1088 1080 Unigenitus
1137 1021 1220 1066 cst
1269 1012 1430 1073 Deus,
1477 1011 1570 1078 qui
1620 1011 1746 1062 fecit
1799 1009 2033 1070 smcula;

462 1105 746 1156 intervallo
769 1105 911 1156 enim
955 1104 1281 1157 smeulorum
1326 1102 1390 1153 iis
1422 1117 1542 1169 quae
1574 1101 1711 1152 facta
1747 1109 1872 1154 sunt
1905 1114 2039 1168 pra:-

442 1195 766 1273 ysnpposito,
801 1209 910 1245 non
947 1204 1164 1262 tempus
1205 1194 1288 1246 fas
1329 1200 1412 1244 est
1457 1193 1638 1244 dicere
1687 1190 1790 1242 hoc
1825 1198 2038 1257 tempo-

464 1288 573 1338 rale
621 1285 962 1346 adverbium,
1001 1284 1223 1353 quando
1265 1283 1457 1346 voluit,
1507 1292 1634 1334 tunc
1682 1283 1842 1334 etiam
1889 1279 2034 1332 fecit.

461 1378 595 1430 Cum
635 1383 955 1428 autemnon
989 1384 1134 1428 esset
1174 1375 1453 1436 sacculum,
1488 1388 1664 1440 neque
1708 1372 1816 1423 ulla
1866 1369 2038 1421 inter-

462 1471 620 1523 vallis
649 1469 906 1522 distincta
945 1468 1092 1519 notio
1127 1466 1274 1518 circa
1311 1464 1552 1517 divinam
1581 1471 1832 1514 naturam
1867 1476 2040 1527 qnane

464 1561 636 1614 litatis
685 1567 984 1628 expertem,
1036 1565 1087 1610 et
1120 1556 1462 1609 dimensione
1498 1561 1776 1606 carentem
1827 1551 2031 1603 intelli-

463 1661 642 1720 gatur,
683 1665 910 1705 necesse
951 1658 1035 1704 est
1081 1649 1305 1701 omnino
1345 1645 1726 1698 adverbiorum
1775 1655 2039 1710 tempora-

466 1743 597 1795 lium
629 1741 1062 1810 signiﬁcationes
1088 1739 1270 1807 jacere
1303 1737 1510 1790 otiosas
1539 1745 1592 1788 et
1620 1737 1829 1788 inanes.
1857 1734 2037 1798 Quare

464 1808 729 1888 creatura:
760 1832 980 1902 quidem
1012 1829 1313 1899 temporale
1345 1827 1694 1896 principium,
1740 1835 1798 1877 ut
1835 1826 2038 1893 placuit
2068 1808 2109 1861 Β

466 1925 748 1994 sapientiae
774 1924 894 1992 ejus
924 1922 1015 1991 qui
1046 1921 1229 1974 omnia
1270 1918 1419 1980 fecit,
1451 1919 1637 1971 datum
1681 1932 1800 1970 esse
1831 1917 2034 1976 dicere,

467 2033 578 2072 non
626 2024 779 2070 extra
809 2010 1343 2068 verisimilitudinem
1375 2017 1478 2063 est.
1531 2008 1636 2061 Sed
1688 2008 1858 2076 ipsam
1901 2007 2039 2060 divi-

464 2127 590 2164 nant
653 2117 907 2163 naturam
965 2107 1020 2160 in
1083 2106 1268 2173 aliqua
1321 2105 1643 2157 extensione
1696 2101 2038 2154 intervallata

466 2200 758 2270 speculari,
805 2212 991 2252 eorum
1044 2204 1255 2248 tantum
1300 2203 1384 2247 est
1426 2193 1518 2261 qui
1584 2207 1778 2244 novam
1825 2192 2040 2259 sapien-

466 2295 598 2345 tiam
641 2290 819 2344 edocti
861 2298 1009 2343 sunt.
1058 2285 1230 2351 Quale
1256 2285 1398 2337 enim
1442 2293 1496 2337 et
1529 2283 1658 2336 illud
1693 2283 1836 2352 quod
1880 2283 2041 2336 dictis

467 2382 776 2452 appositum
818 2389 901 2435 est
933 2386 1127 2448 sponte
1169 2384 1590 2447 prtelergrcssus
1619 2391 1761 2436 sum,
1797 2373 1863 2426 ad
1910 2389 2041 2443 pro-

467 2471 705 2541 positum
743 2469 1032 2529 festinans,
1063 2467 1210 2535 quod
1239 2480 1384 2518 nunc
1416 2465 1481 2516 ad
1516 2462 2039 2517 demonstrationem

469 2561 707 2615 solertia:
735 2557 1023 2626 scriptoris
1053 2562 1305 2624 repetens
1335 2555 1604 2608 recitabo.

548 2650 1009 2704 Eminentissimus
1042 2648 1183 2701 enim
1209 2648 1318 2715 ipse
1351 2647 1488 2698 Deus
1510 2655 1631 2698 ante
1663 2645 1773 2697 alia
1800 2660 2045 2713 quwcuu-

475 2761 576 2814 que
607 2751 728 2796 sunt
759 2741 954 2811 genita,
988 2739 1186 2808 inquit,
1217 2739 1299 2791 sui
1335 2738 1498 2806 ipsius
1526 2738 1833 2789 dominatur
1862 2745 2045 2801 poten-

474 2837 590 2889 n’w.
627 2833 818 2886 Sermo
851 2829 1070 2900 quidem
1103 2828 1169 2881 ad
1206 2829 1427 2882 verbum
1462 2842 1528 2880 ex
1559 2824 1787 2879 Philone
1823 2824 2048 2878 Hebraao

476 2927 775 2980 translatus
809 2931 893 2978 est
920 2937 952 2975 a
981 2922 1294 2990 scriptitore
1322 2919 1376 2972 in
1406 2920 1689 2989 proprium
1718 2916 2046 2972 sermonem.

477 3018 543 3071 Et
563 3019 651 3071 cui
681 3015 835 3069 cordi
859 3020 962 3076 est,
1003 3028 1068 3067 ex
1101 3012 1236 3082 ipsis
1268 3011 1510 3064 Philonis
1539 3010 1800 3080 operibus
1832 3009 2040 3061 furtum

479 3107 732 3163 Eunomii
763 3104 1114 3159 manifestum
1145 3104 1255 3156 fiet.
1285 3102 1398 3172 Ego
1426 3111 1604 3156 autem
1639 3102 1742 3155 hoc
1783 3103 1964 3155 notavi
1995 3102 2048 3153 in

477 3212 742 3268 praesens,
786 3211 894 3249 non
936 3202 1146 3246 tantum
1186 3200 1246 3246 ut
1273 3191 1566 3246 verborum
1604 3191 1952 3260 propriorum
1997 3198 2050 3242 et

476 3289 764 3346 notionum
792 3286 1077 3356 penuriam
1103 3284 1357 3353 Sx-riptori
1388 3283 1591 3353 probro
1619 3292 1846 3338 vertam.
1875 3297 2050 3350 quan-

478 3390 596 3434 tum
646 3377 953 3446 legentibus
997 3375 1287 3429 ostendere
1331 3375 1494 3442 cupio
1533 3372 1789 3427 Eunomii
1827 3374 2052 3442 dogma-

479 3481 596 3524 tum
643 3485 765 3524 cum
797 3466 1109 3522 Judaeorum
1157 3466 1506 3520 sermonibus
1552 3465 1893 3530 afﬁnitatem;
1941 3482 2050 3519 non

480 3565 628 3620 enim
675 3564 796 3631 ejus
845 3562 1022 3615 oratio
1074 3561 1390 3614 nationibus
1426 3559 1672 3614 Philonis
1707 3560 1773 3613 ad
1824 3559 2048 3614 verbum

483 3655 848 3723 congruisset,
879 3651 984 3705 nisi
1023 3650 1271 3720 quaedam
1317 3661 1462 3705 esset
1491 3651 1656 3705 etiam
1685 3649 2053 3719 intelligentiae

485 3746 650 3814 hujus
683 3759 808 3797 cum
843 3743 940 3797 illo
972 3743 1224 3812 cognatio
1253 3752 1309 3795 et
1348 3741 1607 3796 societas.
1641 3740 1733 3795 Sic
1772 3743 1918 3795 enim
1945 3756 2054 3794 ser-

484 3853 699 3892 monem
757 3835 1002 3890 invenire
1052 3834 1180 3888 licet
1248 3835 1485 3904 positum
1540 3833 1685 3902 apud
1744 3831 2050 3887 Hebraeum:

483 3930 626 3984 Deus
662 3939 781 3982 ante
825 3919 937 3981 alia
975 3943 1292 3998 quwcunque
1325 3927 1519 3996 genita.
1553 3924 1710 3990 Quod
1751 3932 1933 3977 autem
1964 3939 2054 3978 se-

485 4021 673 4088 quitur
730 4035 795 4073 ex
845 4034 1052 4087 nupera
1101 4016 1412 4071 Judaeorum
1458 4017 1706 4069 doctrina
1753 4014 2053 4084 projectum

484 4117 592 4170 est,
621 4121 814 4177 nempe
829 4110 1069 4176 Propriae
1097 4108 1406 4162 dominatur
1432 4108 1698 4176 potentia.
1730 4103 1846 4158 Hoc
1874 4113 2054 4157 autem

484 4210 743 4270 quantam
771 4201 1162 4254 absurditatem
1187 4199 1373 4261 habet,
1402 4208 1590 4266 aperte
1610 4196 1858 4252 ostendet
1877 4210 2055 4250 sermo

487 4308 613 4346 cum
642 4292 924 4345 discussus
949 4290 1130 4344 fuerit.
1161 4288 1326 4352 Deus,
1359 4289 1454 4351 ait,
1485 4290 1712 4356 propria:
1750 4289 2056 4341 dominatur

491 4385 757 4451 porentiaa.
808 4381 904 4436 Dic
944 4383 1077 4435 mihi
1109 4382 1236 4443 quid
1268 4381 1541 4436 exsistens
1583 4382 1671 4433 cui
1705 4379 2057 4434 dominatur?

2137 558 2234 628 τὴν
2266 559 2454 630 ξηρὰν,
2493 561 2614 613 τότε
2638 561 2706 613 τὰ
2751 561 2913 614 ὕδατα
2948 565 3060 623 τοῖς
3091 562 3292 625 κοίλοις
3321 561 3705 629 ἐγκατέκλεισε

2136 647 2366 718 χώροις·
2415 651 2534 702 τότε
2580 653 2672 705 καὶ
2719 652 3090 721 βλαστήματα.
3145 652 3263 704 τότε
3309 653 3529 723 καρποὶ,
3583 655 3703 706 τότε

2139 739 2290 802 ζώων
2323 741 2555 807 γένεσις,
2605 742 2726 794 τότε
2781 742 3065 812 ἀνθρώπου
3101 742 3327 805 πλάσιςο
3375 744 3462 795 ὅτε
3499 743 3702 796 τούτων

2137 832 2362 884 ἕκαστον
2385 832 2636 904 εὔκαιρον
2672 833 2844 886 ἐδόκει
2880 837 2944 903 τῇ
2987 835 3147 902 σοφία
3177 832 3268 886 τοῦ
3301 834 3600 896 κτίσαντος.
3647 835 3705 888 Ὀ

2168 926 2192 976 ὲ
2221 925 2288 976 τὰ
2319 925 2493 976 πάντα
2525 927 2750 993 ποιήσας
2782 924 2962 989 (πάλιν
2995 924 3103 994 γὰρ
3131 923 3221 976 τὸν
3249 924 3410 976 αὑτὸν
3441 924 3707 995 ἐπαναλή-

2137 1017 2308 1085 ψομαι
2354 1017 2530 1083 λόγον)
2570 1018 2597 1067 ὁ
2634 1015 2935 1086 Μονογενής
2980 1017 3094 1068 ἐστι
3139 1015 3288 1078 Θεὸς,
3315 1016 3482 1077 ὁτοὺς
3508 1015 3707 1078 αἰῶνας

2139 1110 2390 1175 ποιήσας,
2421 1106 2511 1159 τοῦ
2536 1106 2640 1177 γάρ
2662 1107 2755 1158 τοῦ
2802 1108 3168 1177 διαστήματος
3201 1109 3308 1160 τῶν
3333 1105 3544 1159 αἰώνων
3577 1123 3709 1177 προ-

2139 1199 2447 1268 καταϐεϐλη
2457 1198 2615 1268 μένου
2638 1198 2744 1250 τῶν
2769 1198 2957 1261 ὄντων,
2981 1199 3041 1250 οὑ
3069 1198 3254 1268 καιρός
3277 1201 3422 1251 ἐστιν
3451 1191 3620 1251 εἰπεῖν
3646 1199 3708 1250 τὸ

2139 1292 2386 1363 χρονικὸν
2438 1290 2594 1342 τοῦτο
2642 1290 2946 1360 ἐπίρρημα,
2999 1290 3080 1342 ὃτι
3123 1291 3244 1342 τότε
3294 1290 3556 1362 ἐϐουλήθη
3614 1293 3709 1344 καὶ

2137 1387 2258 1435 τότε
2283 1381 2554 1450 εποίησεν.
2591 1381 2794 1442 Αίῶνος
2832 1381 2888 1432 δὲ
2918 1381 3018 1433 οὐκ
3046 1381 3218 1445 ὄντος,
3253 1381 3372 1433 οὐδέ
3413 1399 3556 1444 τινος
3596 1382 3709 1434 δια-

2142 1473 2481 1544 στηματικῆς
2503 1473 2708 1535 ἐννοίας
2734 1473 2859 1542 περὶ
2902 1472 2998 1543 τὴν
3027 1472 3173 1524 θείαν
3203 1472 3363 1541 φύσιν
3389 1473 3486 1542 τὴν
3507 1475 3708 1526 ἄποσόν

2138 1582 2198 1618 τε
2259 1565 2350 1616 καὶ
2409 1563 2726 1617 ἀδιάστατον
2787 1562 3196 1633 θεωρουμένηςο
3251 1564 3439 1633 ἀργεῖν
3499 1565 3708 1633 ἀνάγκη

2140 1657 2356 1718 πάντως
2396 1655 2492 1714 τὰς
2526 1656 2632 1706 τῶν
2674 1654 2938 1724 χρονικῶν
2988 1657 3376 1725 ἐπιρρημάτων
3420 1654 3707 1725 ἐμφάσεις.

2143 1748 2304 1798 Ὥστε
2337 1749 2400 1817 τῇ
2458 1747 2554 1817 μὲν
2600 1746 2770 1798 κτίσει
2807 1745 2905 1816 τὴν
2953 1745 3208 1816 χρονικὴν
3255 1745 3426 1818 ἀρχὴν
3471 1747 3614 1799 κατὰ
3650 1747 3709 1799 ’ὢ

2140 1839 2342 1909 ἀρέσαν
2368 1841 2434 1908 τῇ
2463 1838 2624 1908 σοφίᾳ
2655 1838 2749 1890 τοῦ
2777 1839 2846 1891 τὰ
2879 1839 3056 1891 πάντα
3086 1839 3444 1909 πεποιηκότος
3465 1838 3710 1892 δεδόσθαι

2139 1928 2336 1995 λέγειν,
2384 1928 2484 1979 οὐκ
2528 1928 2632 1992 ἔξω
2672 1929 2764 1981 τοῦ
2810 1930 3018 1992 εἰκότος
3061 1931 3227 1984 ἐστίν.
3281 1918 3458 2001 Αὐτὴν
3509 1932 3567 1985 δὲ
3613 1931 3709 2002 τὴν

2141 2020 2288 2072 θείαν
2316 2021 2475 2090 φύσιν
2498 2023 2554 2072 ἐν
2589 2021 2893 2091 παρατάσει
2916 2022 3022 2074 τινὶ
3043 2022 3438 2093 διαστηματικῇ
3463 2022 3706 2094 θεωρεῖν,

2145 2113 2318 2181 μόνων
2362 2112 2468 2164 τῶν
2501 2111 2598 2183 τὴν
2644 2113 2769 2166 νέαν
2817 2114 3009 2182 σοφίαν
3056 2115 3500 2186 πεπαιδευμένων
3543 2115 3707 2170 ἐστίν.

2142 2199 2265 2256 υἷον
2303 2203 2412 2274 γάρ
2459 2206 2677 2258 κάκεῖνο
2707 2208 2818 2268 τοῖς
2863 2205 3173 2276 εἰρημένοις
3201 2207 3516 2279 ἐγκείμενον
3544 2209 3712 2280 ὑπερ-

2143 2295 2273 2362 έϐην
2305 2295 2464 2361 ἑκὼν,
2503 2297 2640 2367 πρὸς
2672 2296 2732 2348 τὸ
2763 2298 3123 2367 προκείμενον
3157 2299 3421 2363 σπεύδων,
3451 2301 3478 2353 ὃ
3508 2299 3602 2353 νῦν
3631 2303 3710 2364 είς

2145 2385 2414 2449 ἀπόδειξιν
2461 2387 2562 2455 τῆς
2601 2388 2876 2458 ἀγχινοίας
2922 2388 3015 2441 τοῦ
3061 2389 3400 2461 λογογράφου
3446 2393 3716 2446 ἐπαναλάί

2145 2474 2254 2527 ϐὼν
2282 2477 2684 2552 ἀναγνώσομαι.

2229 2653 2289 2703 '0
2322 2651 2428 2720 γὰρ
2469 2651 2833 2719 ἐξοχώτατος
2881 2652 3062 2718 αὐτὸς
3109 2653 3244 2717 Θεὸς
3286 2651 3400 2719 πρὸ
3450 2649 3568 2704 τῶν
3619 2653 3722 2705 ἀλ-

2147 2745 2288 2804 λων,
2322 2739 2504 2809 φησὶν,
2535 2739 2652 2790 ὅσα
2689 2739 2966 2807 γεννητὰ,
3007 2737 3117 2805 τῆς
3153 2738 3340 2804 αὐτῆς
3373 2736 3579 2801 κρατεῖ
3609 2736 3712 2787 δυ-

2147 2829 2393 2897 νάμεως.
2461 2829 2517 2881 '0
2569 2830 2665 2897 μὲν
2710 2828 2865 2895 λόγος
2909 2829 2994 2881 ἐπ’
3039 2828 3207 2895 αὐτῆς
3236 2827 3333 2896 τῆς
3369 2826 3562 2888 λέξεως
3611 2824 3717 2875 ἀπὸ

2147 2917 2241 2969 τοῦ
2291 2918 2523 2980 Φίλωνος
2560 2917 2654 2968 τοῦ
2713 2917 2962 2986 Ἐϐραίου
3014 2918 3396 2987 μετενήνεκται
3443 2916 3594 2985 παρὰ
3623 2912 3716 2966 τοῦ

2150 3011 2487 3079 λογογράφου
2519 3010 2612 3062 ἐπὶ
2642 3009 2733 3061 τὸν
2777 3010 2904 3062 ἴδιον
2934 3009 3107 3077 λόγον.
3151 3010 3262 3061 Καὶ
3305 3010 3409 3075 ὅτῳ
3447 3007 3616 3076 φίλον,
3661 3006 3719 3069 ἐξ

2151 3105 2329 3157 αὐτῶν
2370 3105 2479 3156 τῶν
2521 3104 2915 3173 πεπονημένων
2955 3101 3033 3172 τῷ
3071 3102 3263 3154 Φίλωνι
3319 3102 3640 3172 κατάφωρος
3683 3102 3716 3170 ἡ

2152 3196 2325 3266 κλοπὴ
2353 3197 2448 3248 τοῦ
2496 3195 2760 3263 Εὐνομίου
2790 3196 3096 3261 γενήσεται.
3145 3185 3285 3261 Ἐγὼ
3308 3193 3365 3246 δὲ
3396 3192 3553 3246 τοῦτο
3578 3211 3721 3262 παρα

2152 3288 2512 3357 εσημηνάμην
2567 3287 2660 3339 ἐπὶ
2714 3285 2808 3338 τοῦ
2876 3289 3161 3356 παρόντος,
3211 3285 3271 3338 οὐ
3326 3284 3578 3338 τοσοῦτον
3623 3285 3719 3357 τὴν

2151 3378 2426 3448 πτωχείαν
2452 3378 2560 3430 τῶν
2595 3378 2736 3430 ἰδίων
2763 3378 2935 3444 λόγων
2966 3395 3026 3428 τε
3073 3376 3165 3429 καὶ
3198 3377 3482 3446 νοημάτων
3524 3376 3602 3446 τῷ
3628 3377 3718 3428 λο-

2151 3470 2411 3539 γογράφῳ
2437 3469 2795 3532 ὲπονειδίζων,
2825 3470 2947 3521 ὅσον
2975 3467 3142 3532 δεῖξαι
3179 3470 3292 3530 τοῖς
3338 3469 3720 3538 ἐντυγχάνουσι

2153 3559 2318 3612 θέλων
2367 3560 2464 3629 τὴν
2513 3561 2818 3628 οἰκειότητα
2867 3558 3002 3629 πρὸς
3037 3560 3163 3621 τοὺς
3224 3557 3486 3610 Ἰουδαίων
3531 3559 3718 3626 λόγους

2151 3651 2257 3704 τῶν
2307 3650 2570 3718 Εὑνομίου
2599 3650 2902 3720 δογμάτων.
2953 3651 3025 3702 Οὐ
3059 3650 3165 3720 γὰρ
3194 3649 3257 3703 ἂν
3289 3652 3375 3703 ἐπ’
3410 3651 3576 3719 αὐτῆς
3617 3651 3718 3720 τῆς

2153 3745 2348 3808 λέξεως
2380 3747 2490 3807 τοῖς
2543 3742 2732 3796 τούτου
2779 3745 3041 3812 νοήμασιν
3077 3743 3105 3792 ὀ
3151 3741 3244 3794 τοῦ
3281 3742 3512 3805 Φίλωνος
3561 3745 3719 3813 ἐνηρ-

2158 3836 2329 3907 μόσθη
2363 3836 2538 3902 λόγος,
2569 3836 2617 3886 εί
2665 3835 2737 3904 μή
2782 3851 2864 3895 τις
2906 3829 2973 3903 ἦν
3012 3835 3104 3886 καὶ
3134 3833 3231 3903 τῆς
3263 3833 3494 3893 διανοίας
3529 3833 3718 3886 τούτου

2155 3929 2289 3999 πρὸς
2320 3928 2416 3998 τὴν
2447 3925 2651 3978 ἐκείνου
2685 3925 2990 3993 συγγένεια.
3025 3924 3179 3978 Οὕτω
3206 3925 3313 3995 γὰρ
3351 3924 3496 3978 ἔστιν
3541 3926 3720 3995 εὑρεῖν

2155 4021 2402 4088 κείμενον
2441 4018 2592 4088 παρὰ
2621 4015 2696 4086 τῷ
2736 4016 2968 4086 Ἑϐραίῳ
3001 4017 3090 4070 τὸν
3121 4017 3277 4084 λόγον
3300 4034 3313 4045 ’
3348 4017 3428 4081 τὸ,
3477 4019 3530 4069 Ὁ
3574 4019 3720 4082 Θεὸς

2155 4109 2266 4175 πρὸ
2315 4105 2433 4159 τῶν
2476 4105 2680 4159 ἄλλων
2726 4106 2843 4160 ὅσα
2895 4106 3168 4175 γεννητά.
3219 4105 3292 4158 Τὸ
3335 4107 3392 4160 δὲ
3427 4107 3620 4178 ἐφεξῆς
3653 4111 3719 4161 ἐκ

2153 4201 2252 4268 τῆς
2284 4199 2408 4260 νέας
2448 4198 2740 4266 Ἰουδαϊκῆς
2759 4201 2776 4219 ‘
2795 4199 3155 4271 προσερῤίφη·
3182 4197 3262 4264 τὸ,
3297 4196 3414 4266 Τῆς
3443 4197 3594 4264 ίδίας
3621 4213 3720 4251 κα-

2154 4290 2434 4360 τακρατεῖ
2470 4289 2794 4358 δυνάμεως.
2844 4288 3012 4339 Τοῦ-ιο
3061 4287 3118 4338 δὲ
3171 4289 3304 4358 ὅσην
3349 4287 3446 4359 τὴν
3492 4289 3718 4342 ἀτοπίαν

2155 4384 2288 4454 ἔχει,
2321 4381 2479 4447 δείξει
2525 4379 2707 4447 σαφῶς
2751 4381 2780 4430 ὁ
2816 4379 2969 4446 λόγος
3015 4377 3413 4447 ἐξεταζόμενος.
3471 4373 3723 4438 ὈΘεὸς,

487 4491 555 4528 an
607 4475 753 4528 aliud
813 4473 943 4543 quid
989 4483 1182 4542 praeter
1231 4472 1527 4542 potentiam
1579 4472 1698 4540 ipse
1752 4471 2048 4534 exsistens;

2160 4476 2312 4545 φησὶ,
2341 4472 2548 4543 κρατεῖ
2562 4470 2674 4540 τῆς
2691 4470 3181 4540 ὶδίαςδυνάμεως.
3217 4469 3282 4522 Τί
3313 4468 3408 4533 ὢν,
3448 4468 3568 4522 εἰπέ
3608 4485 3720 4537 μοι,

488 4569 723 4638 propriae
743 4565 1054 4619 dominatur
1084 4563 1361 4632 potentiae,
1390 4577 1512 4631 qua:
1543 4560 1762 4629 quidem
1807 4563 1879 4614 sit
1909 4559 2056 4614 aliud

488 4659 620 4729 quid
654 4673 816 4728 quam
839 4655 984 4726 quod
1031 4657 1146 4724 ipse
1179 4654 1300 4708 est?
1325 4652 1470 4722 Ergo
1503 4652 1570 4704 ab
1601 4653 1918 4720 impotentia
1959 4666 2056 4704 su-

490 4757 712 4820 peratur
738 4747 1001 4816 potentia.
1038 4743 1194 4808 Quod
1225 4744 1370 4796 enim
1403 4741 1550 4793 aliud
1590 4739 1720 4808 quid
1751 4749 1831 4792 est
1862 4747 2058 4806 praeter

489 4839 812 4911 potentiam,
862 4854 970 4893 non
997 4845 1083 4892 est
1123 4835 1339 4905 penitus
1373 4831 1642 4904 potentia.
1689 4830 1755 4883 Et
1794 4831 1874 4885 sic
1905 4830 2059 4883 inve-

491 4934 640 4988 nitur
681 4941 951 5000 quatenus
1003 4943 1114 4982 non
1157 4935 1240 4980 est
1283 4927 1544 4994 potentia,
1592 4923 1888 4977 secundum
1925 4921 2058 4975 illud

491 5024 746 5095 potentia:
787 5021 1084 5076 dominari.
1135 5017 1240 5072 Sed
1295 5017 1439 5071 Deus
1492 5031 1616 5070 cum
1675 5016 1750 5070 sit
1793 5016 2056 5085 potentia,

490 5130 686 5172 rursus
723 5114 886 5168 aliam
937 5112 990 5166 in
1026 5111 1210 5179 seipso
1241 5107 1541 5178 potentiam
1586 5106 1828 5169 haberet,
1882 5113 1935 5160 et
1965 5120 2061 5173 per

492 5209 635 5262 hanc
668 5205 822 5259 alteri
857 5203 1191 5259 dominatur.
1222 5200 1288 5253 Et
1319 5214 1440 5269 quae
1473 5212 1651 5268 pugna
1684 5206 1737 5250 et
1765 5196 2058 5261 dissensio,

493 5307 555 5352 ut
588 5296 730 5351 Deus
769 5296 824 5348 in
870 5295 1050 5362 seipso
1091 5291 1444 5346 exsistentem
1484 5287 1858 5342 fortitudinem
1893 5286 2062 5355 parti-

493 5399 605 5457 tus,
657 5402 768 5442 uno
821 5393 1101 5456 segmento
1139 5381 1398 5453 potentia:
1449 5379 1681 5433 alterum
1725 5378 2062 5448 prosternat?

493 5480 612 5535 Non
643 5480 786 5535 enim
820 5479 884 5537 in
903 5477 1086 5546 seipso
1115 5476 1375 5530 retineret
1401 5473 1720 5543 potentiam,
1754 5469 1860 5524 nisi
1889 5469 2063 5537 major

496 5575 676 5642 aliqua
725 5579 780 5625 et
832 5569 1122 5624 violentior
1168 5566 1408 5637 potentia
1462 5579 1587 5618 cum
1638 5563 1756 5630 ipso
1800 5560 2062 5614 adversus

494 5663 602 5718 hoc
639 5663 1008 5733 proeliaretur.
1063 5658 1212 5713 Tal-is
1249 5656 1498 5712 Eunomii
1540 5656 1683 5708 Deus
1731 5653 1916 5705 nescio
1942 5650 2062 5719 quis

499 5754 749 5812 biformis
772 5754 888 5810 sive
927 5753 1160 5824 duplicis
1187 5760 1416 5813 naturas,
1457 5746 1543 5803 vel
1573 5745 1802 5800 multum
1840 5758 2062 5812 compo-

477 5964 495 5990 -Α

2158 4567 2300 4628 τίνος
2328 4566 2549 4635 κρατεῖ;
2598 4560 2759 4614 Ἀλὶο
2784 4579 2836 4614 τι
2869 4558 3019 4629 παρά
3049 4558 3146 4628 τὴν
3183 4558 3408 4627 δύναμιν
3443 4557 3517 4611 ὢν
3541 4557 3720 4620 αὐτὸς,

2158 4659 2283 4710 ἄλλο
2337 4675 2389 4711 τι
2450 4655 2614 4725 οὔσης
2671 4654 3007 4722 κατακρατεῖ
3066 4652 3164 4721 τῆς
3221 4652 3354 4714 ἰδίας
3408 4650 3721 4720 δυνάμεωςς

2159 4748 2364 4803 Οὐκοῦν
2401 4750 2628 4818 ἡττᾶται
2672 4746 2772 4814 τῆς
2803 4743 3099 4814 ἀδυναμίας
3147 4746 3180 4812 ἡ
3227 4744 3473 4813 δύναμις.
3511 4741 3585 4794 Τὸ
3615 4744 3724 4812 γὰρ

2159 4839 2286 4894 ἄλλο
2327 4857 2378 4892 τι
2410 4837 2560 4909 παρὰ
2599 4837 2694 4907 τὴν
2725 4836 2951 4905 δύναμιν
2996 4835 3076 4898 ὃν,
3121 4835 3345 4904 δύναμις
3381 4833 3594 4895 πάντως
3626 4833 3725 4885 οὐκ

2160 4928 2325 4980 ἔστιν.
2383 4928 2492 4979 Καὶ
2548 4924 2719 4987 οὕτως
2781 4924 3087 4994 εὑρίσκεται
3151 4921 3283 4976 καθὸ
3348 4922 3573 4991 δύναμις
3625 4923 3755 4994 οὐκ,

2159 5018 2325 5081 ἐστιν,
2361 5018 2479 5070 κατ’
2518 5019 2693 5070 ἐκεῖνο
2725 5016 2939 5087 κρατῶν
2975 5015 3075 5084 τῆς
3103 5014 3402 5084 δυνάμεως.
3448 5014 3607 5067 Ἀλλά
3634 5015 3724 5068 δύο

2161 5126 2323 5179 ναμις
2365 5109 2440 5160 ὢν
2483 5110 2512 5160 ὁ
2559 5108 2708 5173 Θεὸς,
2763 5107 2922 5160 πάλιν
2970 5106 3135 5177 ἄλλην
3182 5108 3241 5158 ὲν
3289 5104 3465 5175 ἑαυτῷ
3501 5104 3724 5175 δύναμιν

2162 5201 2294 5270 ἔχοι,
2348 5201 2441 5252 καὶ
2470 5199 2643 5270 ταύτῃ
2689 5201 3022 5267 κατακρατεῖ
3057 5197 3156 5266 τῆς
3191 5197 3402 5265 ἐτέρας.
3435 5197 3543 5248 Καὶ
3573 5196 3656 5259 τίς
3689 5199 3722 5267 ἡ

2165 5288 2312 5358 μάχη
2357 5286 2452 5338 καὶ
2501 5288 2534 5355 ὴ
2585 5286 2879 5349 διάστασις,
2930 5285 3070 5339 ὥστε
3125 5285 3420 5358 μερίσαντα
3457 5285 3549 5338 τὸν
3595 5286 3725 5339 Θεὸν

2160 5381 2259 5451 τὴν
2318 5381 2726 5449 ἐνυπάρχουσαν
2775 5380 2927 5450 ἰσχὺν
2976 5378 3174 5450 ἑαυτῷ,
3225 5378 3304 5448 τῷ
3350 5379 3432 5432 ἑνὶ
3483 5379 3727 5448 τμήματι

2161 5472 2258 5540 τῆς
2294 5470 2572 5540 δυνάμεως
2618 5471 3010 5528 καταπαλαίειν
3043 5471 3104 5523 τὸ
3150 5470 3355 5547 ἓτερον;
3405 5470 3480 5523 Οὐ
3519 5470 3627 5541 γὰρ
3663 5469 3728 5522 ἂν

2163 5564 2452 5632 κρατήσειε
2505 5563 2602 5631 τῆς
2644 5563 2924 5632 δυνάμεως
2961 5561 3160 5631 ἐαυτῷ,
3215 5561 3291 5632 μὴ
3344 5563 3729 5632 συμμαχούσης

2163 5651 2308 5722 αὐτῴ
2342 5653 2477 5723 πρὸς
2508 5652 2662 5706 τοῦτο
2690 5653 2931 5721 μείζονος
2953 5670 3094 5714 τινος
3124 5655 3217 5705 καὶ
3243 5652 3546 5722 βιαιοτέρας
3572 5651 3731 5704 δυνά-

2168 5759 2330 5812 μεως.
2361 5741 2610 5807 Τοιοῦτος
2633 5747 2660 5795 ό
2691 5744 2956 5814 Εὐνομίου
2985 5743 3137 5808 Θεὸς,
3166 5744 3359 5815 διφυὴς
3399 5761 3480 5806 τις
3513 5742 3547 5813 ἦ
3571 5742 3731 5795 πολυ·
