4142 6374
361 341 466 397 805

1489 327 1766 394 CONTRA
1810 336 2202 404 EUNOBHUM,
2245 337 2372 391 LIB.
2418 335 2506 390 IX.

3527 329 3630 386 806

361 457 635 523 σύνθετος,
661 456 818 520 αύτδς
845 459 980 529 πρὸς
1008 459 1197 512 ἑαυτὸν
1226 479 1291 530 με
1302 460 1602 531 ριζόμενος,
1622 457 1951 526 ἀσύμφωνον

2065 458 2216 515 situs,
2286 455 2401 522 ipse
2455 467 2643 506 secum
2693 450 2748 503 in
2802 459 2985 520 partes
3041 449 3272 511 divisus,
3324 448 3630 501 discordem

363 548 502 614 ἔχων
528 552 594 619 τῇ
619 549 844 616 δυνάμει
861 550 957 616 τὴν
973 549 1199 619 δύναμιν
1220 567 1232 580 ⁸
1261 552 1336 611 ὡς
1357 551 1528 620 ταύτῃ
1550 551 1646 618 μὲν
1664 549 1800 619 πρὸς
1827 550 1953 601 ἀτα-

367 638 480 702 ξίαν
510 638 861 708 ἐκφέρεσθαι,
897 642 960 709 τῇ
996 639 1050 691 δέ
1087 641 1250 712 ἑτέρᾳ.
1286 641 1514 694 κωλύειν
1543 641 1603 693 τὸ
1637 639 1953 710 πλημμελὲς

365 729 464 798 τῆς
483 731 768 799 κινήσεως.
791 729 928 782 Τίδέ
959 732 1052 782 καὶ
1083 731 1404 802 βουλόμενος
1422 735 1614 803 κρατεῖ
1640 732 1776 801 πρὸς
1802 730 1955 799 γένεο

368 837 452 871 σιν
472 820 729 891 ὁρμῶσαν
760 820 856 890 τὴν
886 820 1135 890 δύναμιν,
1157 826 1228 894 μή
1256 833 1306 876 τι
1331 824 1554 893 γένηται
1588 822 1756 876 κακὸν
1782 823 1844 874 ἐκ
1860 820 1952 874 τοῦ

371 911 445 981 μὴ
472 909 779 980 κωλυθῆναι
825 911 923 981 τὴν
957 913 1233 982 γέννησιν,
1269 915 1471 984 μᾶλλον
1519 913 1574 965 δὲ
1613 912 1717 982 πρὸ
1761 912 1952 964 τούτου

366 999 418 1052 τί
447 1002 512 1070 τῇ
547 999 705 1066 φύσει
738 999 797 1051 τὸ
846 1001 1213 1070 κρατούμενόν
1244 1002 1840 1072 ἐστιν,ἐρμηνευσάτω.
1883 999 1957 1051 Τὸ

367 1090 476 1161 γὰρ
533 1090 845 1159 λεγόμενον,
901 1093 1208 1163 ὁρμητικὴν
1257 1110 1379 1147 τινα
1433 1095 1525 1147 καὶ
1571 1091 1957 1164 προαιρετικὴν

369 1182 710 1234 ὑποδείκνυσι
745 1183 980 1253 κίνησιν,
1018 1186 1100 1252 ἐφ’
1137 1186 1334 1255 ἑαυτῆς
1367 1185 1674 1248 ἰδιαζόντως
1715 1185 1956 1256 θεωρου-

375 1273 566 1342 μένηνδ
593 1273 719 1327 ἄλλο
752 1273 859 1345 γάρ
886 1291 936 1327 τι
964 1274 1024 1327 τὸ
1062 1276 1317 1346 κρατοῦν,
1349 1278 1442 1330 καὶ
1471 1277 1655 1347 ἕτερον
1696 1275 1756 1340 ἐξ
1785 1276 1957 1343 ἀνάγ-

372 1381 473 1432 κης
528 1365 641 1415 ἐστὶ
693 1365 752 1417 τὸ
819 1366 1208 1436 κρατούμενον.
1267 1370 1475 1438 Κρατεῖ
1521 1368 1698 1420 τοίνυν
1747 1370 1774 1420 6
1827 1366 1958 1429 Θεὸς

372 1457 468 1524 τῆς
507 1457 791 1526 δυνάμεώς
855 1476 907 1510 τι
945 1458 1110 1530 ούσης
1178 1461 1633 1531 αύτοπροαιρέτου
1681 1460 1824 1522 τινὸς
1859 1458 1958 1528 φύ-

375 1566 530 1611 σεως,
567 1550 600 1619 ἢ
635 1551 761 1602 ἄλλο
791 1569 845 1603 τι
897 1551 1048 1622 παρὰ
1094 1552 1271 1617 τοῦτο,
1321 1552 1578 1624 ὁρμώσης
1623 1554 1759 1624 πρὸς
1811 1554 1962 1622 ἐνέρ-

379 1656 554 1707 γειαν,
587 1641 618 1710 ἦ
661 1643 1025 1713 ἀτρεμούσης.
1060 1645 1120 1696 Ei
1171 1645 1269 1715 μὲν
1310 1649 1418 1715 γὰρ
1449 1648 1674 1716 ἠρεμεῖν
1705 1647 1959 1699 ὑπετίθε-

375 1749 486 1793 ται,
521 1733 582 1786 τὸ
630 1735 899 1804 ἡσυχάζον
947 1735 1040 1788 τοῦ
1080 1737 1406 1808 κρατοῦντος
1436 1739 1536 1792 οὐκ
1568 1738 1860 1791 ἐπιδέεται.
1898 1740 1960 1792 ΕΞ

2055 547 2263 601 habens
2323 545 2582 614 potentia:
2632 545 2955 613 potentiam,
3015 551 3075 596 ut
3122 543 3225 595 hac
3292 541 3510 609 quidem
3564 540 3630 592 ad

2055 637 2442 691 confusionem
2504 644 2558 690 et
2600 635 3064 689 inordinationem
3111 632 3401 695 eﬂ‘eratur,
3463 630 3634 682 altera

2055 745 2186 782 vero
2223 728 2510 798 prohibeat
2541 737 2721 782 motus
2761 741 3070 782 excessum.
3109 723 3250 790 Quid
3284 732 3462 775 autem
3489 719 3635 789 quod

2055 820 2246 874 volens
2280 820 2485 873 retinet
2535 819 2603 872 ad
2656 817 3063 889 generationem
3108 821 3483 884 erumpentem
3533 825 3635 882 po-

2058 911 2310 974 tentiam,
2344 927 2413 965 ne
2451 912 2580 980 quid
2619 913 2747 964 mali
2790 919 3052 965 nascatur
3093 924 3160 962 ex
3199 907 3302 960 hoc
3343 903 3486 974 quod
3525 904 3634 956 non

2058 1003 2335 1073 prohibita
2368 1005 2438 1058 sit
2477 1005 2780 1074 generatio,
2814 1005 2925 1057 imo
2953 1017 3084 1056 vero
3111 1012 3236 1055 ante
3264 1001 3366 1054 hoc
3398 997 3527 1067 quid
3565 998 3636 1050 sit

2059 1093 2205 1161 quod
2253 1101 2449 1145 natura
2490 1102 2711 1147 tenetur
2744 1093 3003 1162 explicet.
3057 1090 3213 1156 Quod
3248 1089 3394 1142 enim
3435 1086 3636 1140 dicitur
3689 1155 3692 1158 _

2061 1185 2428 1253 impultricem
2494 1185 2786 1254 quamdam
2859 1193 2913 1238 et
2975 1190 3330 1252 spontaneam
3393 1176 3689 1234 ostendit;

2059 1277 2356 1330 motionem
2385 1293 2508 1346 qute
2533 1279 2586 1331 in
2622 1277 2800 1347 seipsa
2831 1270 3635 1346 peculiaritergconsideretur;
3682 1277 3690 1285 ‘

2061 1367 2210 1420 aliud
2243 1366 2390 1421 enim
2424 1366 2558 1436 quid
2592 1367 2697 1420 hoc
2738 1367 2882 1436 quod
2920 1365 3141 1424 retinet,
3177 1373 3232 1418 et
3269 1362 3502 1415 alterum
3546 1374 3642 1412 ne-

2062 1457 2308 1510 cessario
2356 1459 2504 1526 quod
2554 1457 2842 1512 retinetur.
2888 1457 3104 1511 Retinet
3145 1454 3310 1524 igitur
3352 1451 3496 1507 Deus
3544 1464 3644 1520 po-

2064 1550 2290 1602 tentiam
2325 1564 2447 1618 qua
2477 1559 2557 1604 est
2591 1549 2796 1618 aliquid
2841 1550 3024 1604 liberte
3045 1558 3100 1603 et
3129 1561 3242 1602 suae
3280 1545 3493 1616 spontis
3541 1557 3642 1596 na—

2062 1649 2219 1703 tnrar,
2262 1640 2346 1694 vel
2378 1657 2500 1710 quae
2531 1641 2604 1695 sit
2639 1641 2788 1694 aliud
2830 1641 2962 1710 quid
2994 1648 3190 1710 praeter
3228 1638 3354 1704 hoc,
3395 1649 3516 1706 qua:
3557 1634 3643 1688 vel

2064 1739 2190 1786 ruat
2233 1731 2300 1785 ad
2349 1740 2552 1797 aetum,
2585 1733 2669 1788 vel
2720 1749 2843 1802 qua:
2876 1733 3154 1802 quiescat;
3209 1730 3253 1786 si
3309 1729 3455 1784 enim
3487 1727 3644 1797 quie-

375 1826 431 1878 δὲ
459 1830 678 1898 κρατέῖν
712 1845 863 1898 φησι,
902 1830 1144 1899 δηλονότι
1179 1833 1499 1902 κινουμένου
1537 1849 1595 1884 τε
1624 1830 1717 1884 καὶ
1743 1830 1958 1903 ὁρμῶν-

2065 1841 2216 1880 scere
2256 1835 2619 1894 supponatur,
2654 1826 2798 1894 quod
2825 1826 3070 1895 quietum
3100 1833 3183 1878 est
3204 1837 3317 1875 non
3352 1829 3473 1891 eget
3515 1817 3645 1873 reti-

378 1936 464 1982 τος
505 1917 715 1990 κρατεῖ.
759 1921 929 1974 Τοῦτο
979 1923 1036 1976 δέ
1081 1923 1209 1977 ἄλλο
1262 1941 1314 1977 τι
1369 1928 1435 1995 τῇ
1487 1924 1644 1993 φύσει
1686 1925 1837 1995 παρά
1868 1915 1959 1977 τόν

377 2012 774 2082 ἐπικρατοῦντα
813 2014 1031 2078 πάντως
1074 2017 1208 2086 ἐρεῖ.
1241 2016 1307 2068 Τί
1351 2012 1443 2069 οὖν
1491 2019 1619 2080 νοεῖ,
1653 2016 1827 2087 τούτῳ
1858 2033 1962 2085 φα-

375 2102 669 2171 νερωσὰτω
693 2099 769 2172 τῷ
795 2102 936 2174 λόγῳ
955 2120 967 2133 ·
1007 2103 1136 2156 ἄλλο
1170 2121 1220 2156 τι
1258 2104 1411 2175 παρά
1445 2104 1536 2158 τὸν
1565 2106 1696 2158 Θεὸν
1741 2108 1798 2158 ἐν
1829 2106 1962 2158 ύπο-

380 2195 564 2248 στάσει
592 2194 983 2266 θεωρούμενον.
1018 2197 1128 2249 Καὶ
1157 2196 1274 2260 πῶς
1293 2196 1359 2250 ἂν
1376 2199 1460 2267 εἴη
1483 2200 1538 2249 ἐν
1557 2198 1636 2268 τῷ
1654 2197 1771 2269 Θεῷ
1790 2199 1849 2250 τὸ
1870 2197 1965 2251 ἀλ-

378 2284 618 2355 λότριον;
663 2288 734 2338 Ἢ
781 2287 894 2351 ἕξιν
927 2288 1052 2342 τινὰ
1100 2288 1242 2342 κατά
1279 2289 1338 2342 τὸ
1375 2291 1745 2343 ἀνυπόστατον
1793 2292 1849 2344 ἐν
1895 2293 1959 2362 τῇ

379 2376 500 2449 θείᾳ
533 2378 693 2447 φύσει
729 2378 1141 2451 θεωρουμένην;
1191 2381 1330 2434 Ἀλλ’
1364 2383 1465 2457 οῦκ
1499 2383 1562 2435 ἂν
1611 2382 1753 2436 εἴποι
1783 2383 1959 2436 τοῦτο.

379 2469 453 2522 Τὸ
482 2470 590 2540 γὰρ
628 2470 700 2542 μὴ
745 2471 995 2540 ὑφεστὼς
1042 2474 1141 2527 οὐκ
1195 2474 1330 2540 ἐστι,
1380 2474 1441 2526 τὸ
1491 2474 1545 2526 δὲ
1595 2475 1669 2546 μὴ
1717 2475 1795 2537 ὃν,
1845 2475 1965 2528 οὐδὲ

380 2564 685 2632 κρατεῖται,
732 2560 857 2616 οὔτε
903 2563 1142 2632 deierat;
1176 2564 1270 2627 Τίς
1301 2559 1392 2616 οὖν
1422 2565 1454 2634 ὴ
1489 2565 1837 2636 κρατουμένη
1876 2564 1965 2616 δύ-

378 2670 543 2724 ναμις
592 2655 774 2725 ἐκείνη
826 2656 920 2708 καὶ
960 2654 1276 2726 κωλυομένη
1318 2656 1454 2728 πρὸς
1487 2654 1583 2727 τὴν
1636 2657 1771 2709 ἰδίαν
1810 2659 1965 2727 ἐνερ-

379 2745 525 2814 γίαν,
556 2745 660 2807 ἕως
696 2745 918 2815 ἔμελλεν
955 2747 983 2798 6
1012 2745 1200 2816 καιρὸς
1241 2745 1338 2815 τῆς
1381 2743 1473 2797 τοῦ
1508 2745 1741 2815 Χριστοῦ
1777 2747 1967 2815 γεννή-

383 2854 520 2900 σεως
567 2837 794 2900 ἐπιστὰς
845 2835 1120 2890 ἀκώλυτον
1168 2837 1384 2905 ἀφιέναι
1417 2835 1514 2906 τὴν
1556 2836 1783 2906 δύναμιν
1829 2837 1966 2908 πρὸς

380 2928 479 3000 τὴν
508 2928 652 2983 κατά
684 2928 846 2998 φύσιν
874 2928 1156 2999 ἐνέργειαν
1186 2927 1467 2998 φέρεσθαι;
1507 2927 1604 2991 Τίς
1632 2929 1687 2980 δὲ
1719 2930 1750 3000 ἡ
1787 2931 1843 2982 ἐν
1887 2929 1966 3000 τῷ

386 3020 537 3091 μέσῳ
579 3023 676 3090 τῆς
725 3019 992 3090 ἀναϐολῆς
1042 3021 1210 3082 αἰτία,
1245 3020 1310 3072 δι’
1356 3019 1420 3090 ἣν
1471 3021 1498 3072 6
1551 3019 1685 3082 Θεὸς
1729 3020 1825 3091 τὴν
1869 3021 1964 3074 τοῦ

381 3111 723 3180 Μονογενοῦς
762 3112 1057 3182 ὑπερέθετο
1108 3112 1360 3180 γέννησιν
1417 3109 1567 3162 οὔπω
1616 3111 1779 3164 καλὸν
1828 3105 1965 3164 εἶναι

380 3205 623 3275 οἰόμενος
651 3203 712 3256 τὸ
744 3203 996 3271 γενέσθαι
1037 3203 1252 3273 Πατήρς
1295 3203 1360 3254 Τί
1387 3203 1443 3255 δὲ
1477 3203 1536 3255 τὸ
1570 3203 1733 3273 μέσον
1755 3203 1913 3256 τοῦτο
1937 3204 1965 3256 ὃ

385 3297 588 3368 μεταξὺ
623 3296 722 3366 τῆς
753 3295 846 3348 τοῦ
875 3295 1087 3365 Πατρὸς
1117 3294 1211 3347 καὶ
1243 3293 1335 3346 τοῦ
1369 3293 1497 3346 Υἱοῦ
1534 3293 1677 3364 ζωῆς
1709 3295 1966 3364 παρενεί-

395 3405 579 3457 ρεται;
627 3389 699 3441 Οὐ
747 3387 954 3458 χρόνος,
1004 3387 1063 3439 οὐ
1111 3388 1290 3449 τόπος,
1340 3386 1399 3438 ού
1458 3386 1885 3455 διαστηματικόν
1915 3403 1966 3439 τι

382 3482 580 3552 νόημα,
635 3481 735 3533 οῦκ
783 3480 909 3534 ἄλλο
945 3479 1183 3532 τοιοῦτον
1224 3478 1393 3531 οὐδέν.
1449 3479 1592 3548 Πρὸς
1625 3478 1676 3530 τί
1719 3479 1894 3531 τοίνυν
1939 3480 1968 3531 ὁ

383 3571 508 3637 ὀξὺς
551 3572 643 3623 καὶ
689 3570 992 3640 διορατικὸς
1034 3568 1306 3638 ὀφθαλμὸς
1351 3567 1630 3632 ἀτενίζων,
1680 3569 1842 3640 ἐνορᾷ
1868 3569 1968 3638 τῆς

385 3662 532 3735 ζωῆς
563 3663 654 3717 τοῦ
693 3663 820 3716 Υἱοῦ
856 3663 989 3732 πρὸς
1021 3663 1118 3732 τὴν
1151 3661 1242 3714 τοῦ
1280 3660 1490 3731 Πατρὸς
1533 3660 1698 3731 ζωὴν,
1727 3661 1822 3732 τὴν
1854 3661 1968 3714 διά-

388 3765 610 3822 στασινς
689 3755 847 3809 Ἀλλὰ
903 3753 1237 3824 πανταχόθεν
1291 3752 1759 3821 συνελαυνόμενος,
1818 3754 1967 3805 οὐδὲν

390 3845 488 3917 μὲν
527 3840 760 3898 εἶναιτὸ
812 3843 1013 3914 μεταξὺ
1060 3844 1153 3897 καὶ
1186 3843 1348 3904 αὐτὸς
1394 3841 1454 3906 ἐξ
1498 3843 1743 3912 ἀνάγκης
1791 3841 1968 3896 συντί-

392 3937 564 3993 θεται.

456 4115 698 4186 Μηδενὺς
773 4114 829 4167 δὲ
905 4113 1055 4175 ὄντος
1126 4109 1219 4163 τοῦ
1303 4111 1695 4182 μεσιτεύοντος,
1767 4111 1970 4183 ἄμεσον

389 4211 482 4264 καὶ
532 4208 741 4277 συναφῆ
793 4207 893 4276 τὴν
950 4204 1234 4258 κοινωνίαν
1281 4199 1418 4257 εἶναι
1471 4206 1532 4257 οὐ
1594 4204 1967 4276 καταδέχεται.

401 4302 539 4355 Ἀλλ’
571 4297 994 4353 ὑποκαταϐαίνει
1039 4297 1174 4368 πρὸς
1206 4295 1275 4348 τὰ
1316 4297 1561 4366 ἡμέτερα
1589 4296 1688 4366 τῆς
1716 4295 1970 4364 γνώσεως

393 4394 584 4464 μέτρα,
616 4398 710 4446 καὶ
736 4389 1098 4461 ἀνθρωπικῶς
1126 4391 1255 4459 ἡμῖν
1289 4389 1363 4452 ὼς
1393 4385 1469 4452 εἷς
1499 4388 1654 4459 ἡμῶν
1687 4389 1779 4441 καὶ
1809 4388 1970 4452 αὐτὸς

2063 1925 2246 1970 nente.
2283 1915 2342 1969 Si
2384 1924 2565 1970 autem
2601 1918 2837 1971 retinere
2866 1916 3022 1982 dicit,
3053 1913 3309 1970 videlicet
3331 1912 3480 1984 quod
3522 1927 3644 1965 mo-

2061 2015 2220 2061 vetur
2249 2016 2305 2062 et
2334 2008 2465 2072 ruit,
2505 2016 2690 2074 tenet;
2723 2009 2827 2062 hoc
2860 2015 3042 2061 autem
3085 2007 3216 2076 quid
3252 2006 3399 2060 aliud
3447 2013 3646 2058 natura

2064 2115 2229 2170 quam
2260 2101 2351 2155 ille
2383 2102 2586 2155 retinet
2616 2111 2845 2171 prorsus
2873 2099 3040 2155 dicet.
3072 2099 3215 2165 Quid
3246 2098 3416 2168 igitur
3445 2096 3644 2151 intelli-

2065 2194 2163 2263 git,
2190 2194 2296 2248 hoc
2327 2195 2585 2263 explanet
2609 2207 2902 2258 sermone;
2941 2192 3068 2264 quid
3103 2192 3250 2247 aliud
3271 2207 3436 2261 quam
3469 2189 3642 2244 Deum

2065 2283 2159 2352 qni
2207 2283 2261 2335 in
2298 2283 2578 2353 hypostasi
2632 2283 2896 2338 cernitur.
2923 2281 3208 2351 Quomodo
3259 2282 3312 2334 in
3348 2279 3460 2334 Deo
3511 2277 3648 2349 quid

2065 2374 2168 2426 erit
2223 2373 2502 2428 alienum?
2556 2389 2624 2427 an
2682 2374 2932 2428 habitum
2973 2373 3210 2442 aliquem
3241 2371 3544 2426 secundum
3593 2369 3646 2423 id

2067 2464 2213 2533 quod
2246 2467 2434 2535 nequit
2486 2465 2788 2520 subsistere
2835 2465 2891 2518 in
2934 2464 3122 2518 divina
3157 2471 3355 2516 natura
3397 2461 3650 2517 conside—

2067 2559 2292 2610 ratum?
2331 2558 2425 2612 sed
2461 2572 2572 2611 non
2613 2557 2716 2610 hoc
2751 2556 2971 2611 dixerit.
3012 2555 3172 2621 Quod
3199 2554 3344 2609 enim
3379 2567 3488 2607 non
3517 2552 3650 2608 sub-

2069 2649 2236 2714 sistit,
2275 2663 2382 2701 non
2422 2656 2526 2702 est.
2566 2647 2722 2714 Quod
2757 2657 2938 2702 autem
2975 2662 3081 2701 non
3136 2654 3244 2708 est,
3284 2660 3462 2715 neque
3495 2653 3647 2700 tene-

2075 2749 2385 2812 tur,neque
2416 2741 2734 2795 dimittitur.
2773 2741 2904 2806 Quae
2937 2740 3103 2809 igitur
3132 2738 3375 2808 potentia
3407 2737 3498 2790 illa
3527 2751 3648 2806 quae

2069 2838 2290 2885 tenetur
2317 2838 2371 2884 et
2404 2845 2526 2900 qua:
2560 2830 2902 2899 prohibetur,
2944 2845 3012 2882 ne
3051 2827 3118 2881 ad
3157 2836 3341 2881 actum
3375 2835 3645 2896 erumpat,

2069 2919 2244 2974 donec
2270 2919 2641 2990 generationis
2671 2917 2873 2972 Christi
2911 2926 3127 2986 tempus
3158 2915 3350 2980 instet,
3376 2921 3431 2968 et
3459 2921 3650 2983 urgeat

2071 3012 2370 3082 potentiam
2419 3011 2647 3065 liberam
2703 3010 3040 3078 minimeque
3091 3006 3409 3077 impeditam
3463 3003 3647 3058 dimit-

2070 3112 2208 3165 tere,
2263 3114 2323 3156 ut
2370 3102 2437 3156 ad
2491 3102 2796 3156 naturalem
2832 3111 3016 3154 aetum
3064 3097 3305 3154 teratur?
3333 3096 3464 3164 Quae
3517 3109 3650 3151 vero

2013 3192 2036 3214 ⁵³
2069 3195 2358 3265 interjeeta
2391 3195 2676 3248 dilationis
2727 3207 2894 3246 causa
2931 3207 3028 3261 per
3057 3205 3220 3261 quam
3258 3189 3402 3244 Deus
3448 3186 3651 3258 Unige—

2069 3285 2171 3340 niti
2221 3285 2437 3340 distulit
2482 3285 2918 3355 generationem,
2969 3282 3216 3336 nondum
3260 3282 3469 3335 bonum
3525 3295 3650 3335 esse

2068 3385 2222 3430 ratus
2275 3376 2489 3430 Patrem
2533 3375 2691 3429 ﬁeri?
2734 3374 3022 3440 Quodnam
3071 3374 3176 3427 hoc
3222 3375 3464 3428 medium
3503 3373 3649 3428 inter

2069 3466 2248 3522 Patris
2296 3475 2349 3521 et
2390 3465 2514 3520 Filii
2560 3466 2726 3520 vitam
2770 3465 3072 3519 inseritur?
3117 3480 3226 3519 non
3269 3474 3504 3535 tempus,
3539 3480 3650 3520 non

2071 3565 2368 3627 locus,non
2403 3560 2511 3613 ulla
2542 3559 2886 3613 intervallata
2933 3560 3106 3623 notio,
3142 3559 3278 3612 nihil
3313 3559 3459 3613 aliud
3497 3559 3648 3628 ejus-

2073 3656 2238 3710 modi.
2272 3654 2352 3708 Ad
2376 3655 2506 3724 quid
2540 3655 2705 3724 igitur
2737 3661 2937 3707 acutus
2972 3653 3076 3707 iste
3108 3662 3163 3707 et
3195 3655 3482 3724 perspicax
3515 3670 3650 3711 ocu-

2069 3747 2156 3801 lus
2211 3756 2484 3801 contuens
2532 3746 2659 3800 vitae
2689 3743 2814 3799 Filii
2863 3745 3182 3802 distantiam
3236 3762 3266 3800 a
3317 3746 3493 3802 Patris
3536 3749 3650 3804 vita

2070 3840 2385 3911 conspicit?
2412 3839 2518 3894 Sed
2551 3838 2796 3910 undique
2837 3838 2965 3892 dum
2998 3842 3346 3912 compellitur
3375 3853 3430 3898 et
3464 3845 3649 3914 perln-

2072 3943 2232 3996 strat,
2270 3933 2411 3988 nihil
2441 3947 2565 3988 esse
2610 3932 2962 4002 interjectum
2995 3933 3112 4003 ipse
3163 3937 3478 3992 necessario
3514 3938 3651 3993 asti-

2068 4030 2308 4098 pulatur.

2141 4120 2275 4174 Cum
2348 4129 2526 4175 autem
2579 4123 2788 4178 nullum
2858 4134 2930 4179 srt
2989 4125 3334 4194 interiectum
3383 4126 3646 4193 medium,

2071 4211 2442 4266 immediatam
2510 4221 2565 4268 et
2642 4217 2956 4270 continuam
3016 4218 3456 4273 communionem
3525 4234 3651 4274 esse

2071 4318 2182 4355 non
2224 4301 2502 4368 admittit,
2564 4304 2660 4359 sed
2718 4305 2784 4359 ad
2847 4312 3068 4360 nostras
3113 4306 3443 4376 cognitionis
3495 4321 3649 4360 men-

2073 4407 2234 4446 suras
2298 4393 2622 4458 descendit,
2704 4405 2758 4450 et
2835 4396 3080 4450 humano
3136 4411 3299 4451 'more
3373 4404 3433 4450 ut
3502 4413 3648 4453 unus

389 4485 722 4553 διαλέγεται·
775 4482 1126 4553 ὑφομολογῶν
1170 4480 1352 4550 ἡρέμα
1398 4480 1504 4532 τῶν
1554 4480 1826 4552 λογισμῶν
1868 4483 1964 4551 τὴν

2073 4489 2320 4534 nostrum
2394 4491 2446 4535 et
2505 4482 2622 4551 ipse
2681 4483 2944 4549 disserit,
3009 4486 3378 4542 subconﬁtens
3436 4490 3643 4542 sensim

389 4576 690 4638 ἀσθένειαν,
733 4575 827 4628 καὶ
869 4573 1228 4642 καταφεύγων
1263 4573 1355 4624 ἐπὶ
1387 4571 1477 4624 τὸν
1504 4573 1682 4641 λόγον,
1717 4573 1776 4626 ὃν
1826 4575 1970 4644 Ἀρι-

389 4669 646 4738 στοτέλης
676 4685 734 4720 τε
772 4667 864 4719 καὶ
908 4668 955 4719 ot
1003 4667 1124 4718 κατ’
1150 4665 1312 4718 αὑτὸν
1360 4665 1460 4718 οὐκ
1512 4665 1774 4732 ἐδίδαξαν.
1833 4669 1970 4721 Τότε

389 4761 519 4831 γὰρ,
549 4761 701 4830 φησι,
737 4758 928 4812 καλὸν
958 4758 1055 4812 καὶ
1086 4757 1316 4825 πρέπον·
1355 4756 1646 4827 γεννῆσαι
1685 4757 1792 4812 τὸν
1831 4759 1971 4812 Υὶὸν

390 4848 489 4907 ὅτε
540 4853 841 4906 ἐϐούλετο.
898 4848 1201 4919 Μηδεμιᾶς
1258 4850 1328 4903 ἐκ
1395 4850 1606 4903 τούτου
1669 4847 1970 4918 ζητήσεως

389 4943 774 5014 ἐγγινομένης
802 4940 926 5005 τοῖς
954 4940 1262 5009 σώφροσιν
1281 4957 1294 4970 °
1340 4939 1468 5005 τοῦ,
1504 4941 1605 4994 Διά
1635 4942 1691 4993 τί
1716 4942 1803 5010 μὴ
1825 4943 1969 5008 πρό-

389 5052 580 5103 τεροενς
625 5034 689 5086 Τί
735 5031 925 5096 ταῦτα,
976 5030 1227 5100 Εὐνόμιε;
1278 5032 1372 5085 καὶ
1416 5033 1480 5085 σὺ
1533 5029 1781 5095 πεζεύεις
1828 5032 1969 5084 κατὰ

387 5129 513 5189 τοὺς
567 5125 781 5188 ἰδιώτας
827 5125 996 5194 ἡμᾶς,
1052 5123 1144 5178 κα)⁵
1204 5123 1516 5177 καταλιπὼν
1567 5124 1667 5188 τὰς
1716 5126 1968 5194 τεχνικᾶς

392 5215 691 5287 περιόδους,
727 5216 818 5267 ἐπὶ
843 5215 940 5285 τὴν
993 5213 1184 5281 ἄλογον
1235 5213 1626 5282 συγκατάθεσιν
1664 5214 1757 5266 καὶ
1807 5214 1968 5277 αὐτὸς

390 5307 775 5377 καταφεύγεις,
811 5308 840 5360 ὁ
871 5305 1041 5360 πολλὰ
1084 5308 1196 5368 τοῖς
1240 5304 1368 5358 ἄνευ
1401 5303 1620 5375 λογικῆς
1659 5304 1969 5375 ἐντρεχείας

391 5399 723 5472 ἐπιχειροῦσι
751 5397 829 5470 τῷ
868 5398 1100 5470 γράφειν
1129 5397 1497 5465 ἐπονειδίσας;
1542 5399 1599 5450 Ὀ
1631 5398 1769 5467 πρὸς
1808 5399 1970 5451 Βασί-

389 5494 532 5547 λειον
583 5493 777 5560 λέγων,
816 5491 897 5544 ὅτι
952 5490 1022 5544 δι’
1063 5482 1137 5544 ὧν
1187 5489 1444 5542 ἀδύνατον
1493 5493 1606 5554 τοῖς
1664 5490 1969 5564 ἀνθρώποις

391 5580 532 5638 εῖναι
560 5584 740 5652 λέγεις
767 5582 864 5647 τὰς
895 5583 1034 5655 ὑπὲρ
1059 5583 1169 5635 τῶν
1201 5583 1583 5652 πνευματικῶν
1612 5582 1783 5654 λόγων
1814 5586 1971 5639 εὐθύ-

399 5691 511 5739 νας,
541 5673 640 5745 τὴν
673 5673 804 5727 ἰδίαν
839 5671 1080 5743 ἐλέγχεις
1123 5671 1364 5740 ἄγνοιαν.
1398 5674 1506 5726 Καὶ
1537 5673 1696 5728 πάλιν
1743 5677 1969 5748 ἑτέρωθι

393 5759 455 5812 τὸ
475 5756 593 5816 ἴσαν
655 5763 978 5839 προφέρων·
1040 5763 1118 5816 ὅτι
1146 5764 1244 5834 τὴν
1293 5764 1424 5820 ἰδίαν
1463 5764 1746 5821 ἀσθένειαν
1797 5783 1969 5824 κοινο-

2071 4573 2552 4626 ratiocinationum
2593 4575 3025 4631 imbecillitatem
3053 4617 3067 4642 ,
3135 4585 3191 4633 et
3236 4579 3646 4650 subterfugiens

2072 4663 2139 4718 ad
2194 4665 2463 4719 rationem
2515 4680 2679 4736 quam
2730 4670 3057 4724 Aristoteles
3127 4680 3180 4725 et
3229 4671 3349 4740 ejus
3416 4681 3650 4727 sectatoo

2071 4771 2160 4811 res
2217 4772 2326 4811 non
2373 4757 2698 4813 docuerunt.
2767 4760 2913 4814 Tunc
2957 4764 3134 4828 enim,
3192 4763 3408 4832 inquit,
3457 4767 3649 4818 bonum

2069 4857 2119 4900 et
2159 4852 2342 4902 decens
2401 4866 2651 4920 generare
2709 4849 2948 4918 Filium,
3005 4854 3216 4924 quando
3295 4856 3476 4909 voluit.
3534 4853 3645 4909 Ne—

2071 4955 2170 5008 que
2221 4939 2335 4992 ulla
2410 4942 2549 5012 apud
2603 4942 2884 5004 prudentes
2942 4944 3005 4998 de
3037 4962 3097 4998 ea
3167 4961 3223 4999 re
3265 4947 3325 5015 ﬁt
3382 4948 3646 5017 quaestio,

2071 5031 2182 5086 Cur
2198 5048 2301 5085 non
2320 5033 2466 5100 prius
2499 5034 2523 5086 ἱ)
2550 5032 2825 5099 Quorsum
2866 5033 3005 5096 ista,
3039 5049 3072 5088 ο
3105 5033 3332 5088 Eunomi
3354 5036 3376 5088 ?
3397 5046 3451 5090 tu
3479 5037 3644 5092 etiam

2072 5123 2303 5192 pedibus
2352 5123 2566 5179 incedis
2609 5125 2874 5182 adversus
2919 5141 3018 5181 nos
3062 5126 3228 5182 rudes
3261 5137 3312 5182 et
3349 5129 3647 5194 indoctos,

2070 5224 2124 5269 et
2167 5215 2376 5270 relictis
2423 5216 2740 5272 artiﬁciosis
2784 5218 3108 5274 circuitibus
3154 5219 3220 5273 ad
3269 5222 3648 5276 assensionem

2071 5309 2292 5360 ratione
2329 5316 2610 5363 carentem
2647 5319 2700 5363 et
2731 5309 2848 5378 ipse
2877 5309 3174 5380 confugis,
3208 5314 3302 5380 qui
3348 5312 3519 5366 multa
3564 5313 3653 5367 his

2071 5398 2163 5468 qui
2206 5399 2415 5468 absque
2447 5401 2706 5453 rationali
2737 5401 3022 5470 diligentia
3052 5402 3294 5458 scribere
3324 5403 3651 5474 aggrediun-

2073 5504 2180 5557 tur,
2207 5496 2410 5563 probra
2432 5494 2684 5563 objecisti
2705 5494 2730 5546 ?
2764 5493 2870 5560 Qui
2902 5493 2969 5548 ad
2995 5493 3259 5549 Basilium
3291 5494 3454 5559 dicis,
3501 5496 3648 5564 quod

2073 5601 2171 5656 per
2197 5601 2321 5655 qua:
2352 5585 2492 5641 dicis
2521 5585 2639 5641 ﬁeri
2674 5602 2783 5641 non
2818 5601 3010 5657 posse,
3044 5593 3102 5639 ut
3127 5586 3378 5643 homines
3411 5602 3510 5656 pro
3539 5589 3651 5658 spi-

2072 5679 2370 5736 ritualibus
2407 5680 2759 5737 sermonibus
2793 5679 3039 5735 rationes
3068 5679 3332 5744 reddant,
3370 5678 3649 5750 propriam

2076 5772 2262 5845 arguis
2296 5769 2679 5844 ignorantiam.
2726 5775 2802 5830 Ac
2852 5787 3050 5830 rursus
3100 5771 3229 5826 alibi
3282 5771 3463 5828 simile
3514 5770 3652 5844 quid
