4142 6374
483 327 585 383 807

1753 298 1812 357 ‘s.
1856 285 2180 355 οιιιῑιῖοιιιι
2212 279 2502 352 ms:sz

3645 292 3750 348 $38

485 442 792 512 proferens.
821 436 976 503 Quod
1013 432 1288 505 propriam
1317 427 1686 481 infirmitatem
1715 435 2060 475 communem

2196 420 2365 478 τοιείς,
2397 416 2453 467 τό
2479 419 2560 467 σοι
2597 413 2670 485 μὴ
2704 412 2946 471 δυνατὸν,
2972 413 3135 464 πᾶσιν
3165 409 3422 463 ἀδύνατον
3454 407 3747 474 ἀποφαινὸ-

485 532 814 594 lacis,dum
847 530 990 598 quod
1021 526 1118 580 tibi
1169 523 1433 594 possibile
1485 535 1590 572 non
1639 527 1755 576 est.
1807 512 2062 567 omnibus

487 623 828 692 impossibile
853 619 1198 690 pronuntias.
1225 615 1327 680 Qui
1360 614 1477 666 haac
1512 618 1572 665 et
1606 609 1736 662 talia
1769 607 1904 659 dicis
1931 642 1946 665 ,
1983 604 2063 656 sic

487 716 733 770 auditum
780 711 957 764 allicis
1001 710 1122 774 ejus
1157 707 1249 775 qui
1285 717 1508 756 causam
1540 699 1807 768 inquirit,
1845 705 2064 763 pmpter

488 825 654 880 quam
689 807 854 860 Pater
887 802 1074 858 differt
1105 808 1163 852 ut
1215 797 1340 851 talis
1385 794 1505 847 Filii
1565 792 1634 845 sit
1695 798 1868 855 pater:
1918 783 2065 840 solli-

490 915 617 953 i-ere
678 909 840 967 putas
899 893 964 945 ad
1021 886 1587 946 demonstrationem,
1647 879 1851 939 dicere,
1922 874 2064 944 quod

494 990 638 1044 Tum:
697 987 906 1057 genuit,
955 980 1168 1052 quando
1213 975 1417 1038 voluit,
1493 989 1556 1026 ac
1623 972 1691 1024 de.
1737 984 1804 1023 eo
1847 967 2064 1037 quidem

477 1081 642 1137 .nulla
689 1078 764 1130 sit
811 1074 1063 1143 quaestio.
1113 1070 1205 1122 Sic
1252 1068 1347 1121 tibi
1402 1065 1467 1118 ad
1515 1065 1831 1132 dogmatum
1889 1065 2070 1111 astru-

477 1152 739 1224 lctionem
807 1166 1025 1218 inlirnia
1093 1167 1180 1215 est
1239 1155 1692 1225 comprehensiva
1757 1150 1898 1202 visio
1954 1147 2069 1200 sive

472 1237 865 1329 ‘imaginatio?
896 1256 1017 1320 Quo
1051 1251 1460 1323 propositiones
1492 1247 1751 1311 utrinque
1785 1242 2070 1294 vincentes

492 1362 548 1408 et
592 1345 1071 1418 constringentes?
1111 1343 1232 1409 Quo
1281 1341 1537 1394 violenta:
1576 1329 2071 1404 pra:struciiones?

495 1448 616 1513 Quo
650 1443 747 1497 tibi
779 1440 1026 1496 evanidae
1061 1445 1116 1491 et
1153 1451 1260 1489 non
1309 1433 1680 1486 subsistentes
1713 1427 1938 1493 dilapsa:
1971 1424 2069 1475 ab-

495 1547 628 1592 eunt
673 1536 813 1589 artis
862 1529 1244 1585 formidabiles
1287 1533 1340 1579 et
1384 1521 1731 1577 inevitabiles
1772 1514 2073 1569 ratiocina-

496 1632 705 1683 tionum
737 1624 1120 1681 conclusiones
1152 1620 1174 1672 ?
1205 1618 1360 1671 Tunc
1396 1616 1587 1685 genuit
1621 1610 1818 1663 Filium
1852 1606 2073 1675 quando

495 1723 704 1782 voluit.
743 1734 920 1787 neque
964 1715 1035 1769 sit
1065 1713 1132 1766 de
1168 1712 1271 1764 hoc
1305 1707 1537 1779 quacstiu
1567 1722 1580 1757 :
1623 1704 1739 1756 lucc
1776 1700 2070 1752 multorum

2171 521 2349 572 μενος,
2364 505 2390 554 ὁ
2403 503 2572 554 ταῦτα
2592 504 2763 555 καὶτὰ
2779 501 3001 554 τοιαῦτα
3019 501 3209 568 λέγων.
3230 499 3369 551 οῦτω
3387 497 3634 568 προσάγῃ
3653 497 3752 563 τὴν

2170 595 2337 666 ἀκοὴν
2356 594 2450 647 τοῦ
2470 591 2851 664 ἐπιζητοῦντος
2883 594 2982 663 τὴν
3012 593 3209 651 αἰτίαν,
3226 591 3345 645 καθ’
3373 591 3439 660 ἦν
3464 589 3754 642 ἀναϐάλλε-

2168 707 2256 740 ται
2275 687 2514 740 τοιούτου
2535 688 2782 754 γενέσθαι
2811 688 2993 755 πατὴρ
3011 689 3037 739 ὁ
3057 686 3242 754 Πατήρ
3260 703 3272 713 ·
3294 685 3482 754 ἀρκεῖν
3498 683 3595 734 οἴει
3617 682 3752 750 πῷς

2171 778 2444 843 ἀπόδειξιν
2477 779 2536 830 τὸ
2568 781 2763 836 εἰπεῖν,
2799 779 2880 828 ὅτι
2922 781 3054 830 Τότε
3096 778 3424 844 ἐγέννησεν
3454 776 3551 828 ὅτε
3585 776 3752 828 ἐϐού-

2175 872 2335 932 λετο,
2357 871 2450 920 καὶ
2478 869 2714 939 μηδεμία
2750 869 2889 920 ἔστω
2915 870 3040 938 περὶ
3069 869 3256 920 τούτου
3290 869 3534 937 ζήτησις.
3570 868 3754 929 υῦτως

2175 981 2257 1015 σοι
2283 964 2417 1033 πρὸς
2447 962 2542 1032 τὴν
2581 959 2923 1029 κατασκευὴν
2969 959 3077 1012 τῶν
3123 961 3408 1028 δογμάτων
3456 958 3753 1029 ἠσθένησεν

2169 1056 2201 1122 ἡ
2247 1055 2627 1125 καταληπτικὴ
2666 1051 2967 1121 φαντασίας
3016 1053 3126 1107 Ποῦ
3162 1055 3218 1104 αί
3251 1052 3576 1120 διλήμματοι
3623 1068 3756 1121 προ-

2170 1144 2388 1208 τάσειςς
2420 1143 2528 1196 Ποῦ
2574 1146 2627 1196 αἱ
2675 1143 2837 1209 βίαιοί
2864 1143 3232 1207 κατασκευαίς
3275 1142 3399 1204 Πῶς
3441 1155 3521 1193 σοι
3553 1141 3755 1212 φροῦδα

2173 1237 2267 1288 καὶ
2300 1236 2646 1288 ἀνυπόστατα
2691 1235 3016 1305 διαρρυέντα
3051 1234 3148 1302 τῆς
3196 1234 3391 1303 τέχνης
3439 1233 3642 1302 οῐχεται
3683 1236 3752 1287 τὰ

2173 1328 2381 1398 φοϐερά
2411 1345 2468 1379 τε
2505 1329 2598 1380 καὶ
2641 1328 2858 1395 ἄφυκτα
2895 1327 3004 1381 τῶν
3053 1326 3428 1396 συλλογισμῶν
3481 1326 3757 1398 συμπερά-

2175 1436 2385 1488 σματας
2447 1419 2578 1470 Τότε
2625 1419 2881 1486 ἐγέννησε
2927 1418 3019 1470 τὸν
3068 1417 3195 1469 Υίὸν
3229 1419 3315 1470 ὅτε
3361 1417 3630 1480 ἐϐούλετο,
3663 1413 3758 1469 καὶ

2177 1510 2308 1578 μηδέ
2345 1510 2483 1561 ἔστω
2516 1511 2643 1579 περὶ
2677 1510 2869 1562 τούτου
2902 1511 3149 1579 ζήτησις.
3185 1505 3370 1562 Ταῦτα
3413 1510 3520 1561 τῶν
3551 1509 3757 1562 πολλῶν

2177 1600 2435 1671 ἱδρώτων,
2469 1601 2640 1654 ταῦτα
2673 1603 2779 1653 τῶν
2812 1601 3132 1671 ὑπερόγκων
3162 1601 3591 1669 ἐπαγγελμάτων
3624 1603 3758 1653 ἀπο-

2174 1693 2514 1762 τελέσματαις
2564 1694 2626 1744 Τί
2665 1692 2722 1744 τὸ
2756 1692 3017 1761 ἐρώτημα
3041 1687 3146 1760 iv;
3198 1694 3260 1743 Εί
3314 1691 3474 1744 καλὸν
3505 1690 3760 1761 καὶπεὼ

497 1813 796 1875 sudorum,
844 1811 959 1862 haec
1004 1802 1450 1874 praetumidorum
1503 1797 1900 1865 promissormn
1945 1788 2074 1844 etTe-

2196 1801 2276 1835 τον
2305 1783 2441 1852 Θεῷ,
2470 1783 2705 1836 τοιοῦτον
2736 1784 2877 1853 ἔχειν
2907 1783 3052 1847 Υίὸνς
3089 1784 3174 1835 διὰ
3207 1783 3258 1835 τί
3297 1784 3370 1852 μὴ
3402 1784 3486 1835 ἀεὶ
3513 1783 3572 1834 τὸ
3600 1781 3761 1834 καλὸν

498 1914 589 1960 cta
611 1907 636 1958 ‘.'
667 1903 927 1969 Quaenam
960 1907 1079 1952 erat
1113 1889 1512 1961 interrogatio?
1564 1885 1620 1940 Si
1667 1885 1869 1938 homnn
1897 1889 1951 1933 et
1981 1880 2074 1932 de-

499 2013 688 2051 corum
719 1994 827 2047 Deo
852 1991 1016 2044 talem
1067 1987 1270 2040 habere
1309 1982 1508 2035 Filium
1532 2017 1547 2040 ,
1580 1993 1682 2032 cur
1714 1991 1820 2028 non
1857 1985 2074 2039 semper

499 2092 705 2146 bonum
730 2100 854 2140 cum
884 2084 1006 2152 ipso
1056 2093 1180 2133 esse
1225 2067 1515 2130 creditur?
1562 2069 1696 2134 Quae
1745 2063 2072 2134 responsio,

413 2229 418 2236 .
501 2195 666 2250 quam
705 2193 773 2231 ex
821 2176 955 2242 ipsis
1003 2171 1182 2239 adytis
1231 2169 1347 2222 sive
1395 2162 1655 2218 sacrariis
1706 2154 2070 2229 philosophiae

501 2274 664 2329 nobis
703 2269 874 2332 fecit;
919 2262 1308 2319 insolubilibus
1352 2253 1776 2311 necessitatibus
1803 2247 2081 2304 constrin-

499 2376 633 2426 gens
681 2355 1033 2411 sermonem?
1083 2354 1228 2407 Tunc
1283 2353 1404 2420 fecit
1456 2349 1657 2402 Filium
1709 2361 1827 2399 cum
1885 2341 2074 2403 uol‘uit,

500 2470 662 2520 neque
713 2451 776 2504 de
822 2449 918 2502 hoc
977 2447 1090 2500 ulla
1142 2448 1211 2498 sit
1261 2445 1520 2513 qttwslio,
1575 2440 1684 2493 Cur
1731 2455 1834 2492 non
1891 2434 2081 2502 prius?

505 2541 664 2610 Quod
695 2542 739 2596 si
770 2539 839 2592 de
872 2538 1060 2605 aliquo
1091 2546 1280 2588 eorum
1313 2545 1433 2600 quae
1467 2525 1696 2583 rationis
1728 2529 1861 2576 sunt
1889 2534 2082 2588 exper-

511 2637 591 2688 tia
612 2675 627 2699 ,
659 2647 782 2703 quae
814 2627 1056 2684 naturali
1087 2623 1420 2694 impulsione
1453 2627 1773 2689 operantur,
1809 2623 2084 2683 prepone—

507 2735 662 2782 retur
713 2720 1124 2779 consideratio,
1183 2729 1348 2784 quam
1395 2713 1467 2767 ob
1511 2723 1736 2765 causam
1779 2721 1888 2760 non
1932 2703 2086 2773 prius

507 2817 655 2887 quod
715 2813 923 2867 libebat
975 2808 1195 2868 eﬂ‘ecit,
1231 2807 1317 2859 vel
1373 2817 1576 2857 aranea
1625 2799 1800 2858 telas,
1837 2795 1922 2850 vel
1970 2793 2088 2861 apis

509 2884 724 2969 favum,
761 2905 841 2958 vel
880 2909 1064 2956 turtur
1095 2899 1305 2964 nidum,
1350 2894 1478 2967 quid
1510 2892 1654 2946 aliud
1687 2886 1945 2943 diceres?
1971 2884 2092 2937 Non

510 3008 631 3064 haec
661 3007 718 3059 in
749 3011 1002 3074 promptu
1035 3007 1187 3054 esset
1229 2995 1556 3064 responsio.
1615 2990 1760 3060 quod
1791 3002 1920 3043 tunc
1964 2988 2094 3042 fecit

510 3114 640 3156 cum
681 3095 890 3158 voluit,
923 3093 1186 3156 nullaque
1239 3090 1310 3144 sit
1342 3088 1410 3142 de
1451 3101 1516 3140 eo
1559 3082 1875 3154 inquisitio?
1915 3080 2092 3146 Quin-

517 3191 685 3244 etiam
723 3186 790 3240 de
820 3186 1012 3238 lictore
1049 3182 1233 3250 aliquo
1264 3178 1349 3231 vel
1379 3179 1610 3246 pictore,
1645 3190 1740 3243 per
1772 3179 1946 3226 artem
1973 3170 2094 3224 imi-

515 3280 776 3334 tatricem
806 3273 1092 3346 quodlibet
1140 3279 1435 3341 operante,
1463 3268 1549 3320 vel
1592 3267 1647 3319 in
1693 3264 1959 3335 picturis,
2009 3262 2093 3315 vel

518 3369 797 3442 ﬁgmentis
827 3367 934 3420 dici
969 3373 1180 3434 potest,
1211 3363 1306 3432 qui
1338 3375 1464 3414 cum
1496 3374 1607 3413 non
1639 3358 1712 3412 sit
1741 3355 1905 3410 alicui
1943 3363 2096 3425 pote-

519 3464 650 3521 stati
681 3459 1030 3528 mancipatus
1056 3464 1110 3508 et
1138 3455 1393 3508 addictus
1425 3452 1489 3505 ad
1519 3450 1893 3521 operationem
1923 3457 2096 3501 artem

522 3555 762 3626 impellit
791 3572 805 3607 :
836 3553 977 3606 hanc.
1008 3550 1170 3602 talem
1203 3562 1394 3601 vocem
1425 3546 1587 3598 etiam
1621 3557 1924 3612 congruere
1954 3540 2100 3595 arbi-

519 3658 640 3704 tror
668 3644 809 3715 apud
844 3656 968 3697 eum
998 3639 1092 3709 qui
1125 3638 1238 3691 vult
1263 3635 1478 3690 discere
1499 3675 1514 3696 ,
1549 3648 1648 3687 cur
1681 3647 1792 3685 non
1825 3631 1977 3700 prius
2007 3645 2098 3683 ar-

441 3779 449 3787 -
525 3750 637 3795 tem
663 3736 936 3793 eﬂieacem
970 3730 1118 3785 fecit.
1144 3729 1281 3794 Quia
1309 3727 1455 3781 nulla
1491 3725 1823 3780 necessitate
1853 3733 2098 3782 coactus,

524 3828 863 3902 operationis
909 3832 1158 3892 tempus,
1213 3819 1533 3873 electionem
1587 3817 1703 3871 sive
1755 3813 2097 3885 prepositum

530 3923 705 3987 fecit;
740 3916 992 3972 homines
1025 3913 1170 3966 enim
1202 3919 1491 3979 propterea
1543 3906 1689 3977 quod
1738 3919 1846 3958 non
1889 3916 2104 3971 semper

526 4015 716 4069 eadem
749 4009 973 4067 volunt,
1011 4017 1188 4072 neque
1235 4001 1558 4069 plerumque
1614 3997 1819 4052 habent
1870 3994 2104 4049 faculta-

527 4115 635 4161 tem
681 4117 803 4156 cum
857 4098 1136 4151 voluntate
1186 4100 1544 4162 Operanlem.
1594 4099 1727 4144 tunc
1771 4086 1977 4156 aliquid
2036 4101 2104 4139 ex

529 4192 802 4250 sententia
832 4187 1073 4242 ellicinnt
1093 4225 1109 4245 ,
1141 4199 1269 4239 cum
1308 4182 1443 4250 ipsis
1478 4181 1821 4249 propositum
1851 4185 1906 4231 et
1937 4177 2104 4230 libera

531 4286 788 4337 voluntas
813 4279 881 4332 ad
911 4293 1052 4347 opus
1098 4273 1439 4345 propendet,
1477 4271 1726 4339 nihilque
1757 4269 2105 4324 extrinsecus

532 4373 808 4447 prohibet.
845 4367 999 4435 Quod
1031 4376 1212 4420 autem
1245 4377 1462 4432 semper
1489 4362 1679 4416 eodem
1711 4363 1875 4413 modo
1909 4358 2071 4413 habet
2091 4401 2106 4422 ,

533 4469 735 4537 cuique
768 4463 902 4518 nihil
935 4463 1204 4516 bonorum
1237 4455 1597 4511 adventitium
1622 4459 1740 4518 est,
1774 4452 1830 4505 in
1856 4468 1966 4521 quo
1991 4467 2109 4505 om-

535 4561 625 4616 nis
657 4553 965 4613 diﬂerentia
997 4549 1356 4606 consiliorum
1380 4585 1396 4610 ,
1428 4561 1550 4614 qua:
1585 4544 1637 4598 in
1669 4543 2008 4598 contrarium
2039 4542 2109 4595 ob

536 4653 776 4721 aliquem
809 4657 1056 4701 errorem
1106 4641 1192 4695 vel
1234 4637 1602 4708 ignorantiam
1646 4636 1978 4696 innascitur,
2033 4632 2112 4686 lo-

535 4759 661 4799 cum
698 4756 808 4795 non
849 4737 1012 4791 habet
1041 4751 1056 4798 ;
1085 4731 1173 4787 cui
1205 4730 1339 4784 nihil
1388 4745 1455 4784 ex
1494 4727 1800 4780 mutatione
1836 4724 1928 4787 ﬁt,
1964 4724 2108 4790 quod

538 4853 568 4890 ιι
599 4831 869 4907 principio
903 4842 1012 4882 non
1059 4833 1118 4879 ut
1146 4825 1349 4877 bonum
1384 4820 1634 4882 noverit,
1669 4817 1739 4871 de
1784 4820 1886 4872 hoc
1931 4819 2115 4871 dicere

542 4941 652 4979 non
687 4935 903 4990 semper
932 4920 1110 4986 ipsum
1159 4915 1454 4967 honestum
1497 4910 1736 4969 habere,
1783 4909 1875 4963 sed
1927 4919 2114 4976 postea

541 5015 777 5085 elegisse
807 5008 1021 5079 aliquid
1052 5005 1255 5060 habere
1287 5002 1432 5072 quod
1479 5016 1586 5054 non
1637 5003 1792 5070 prius
1838 5000 2112 5067 elegerat:

543 5111 660 5163 haec
705 5115 832 5162 sunt
884 5100 1167 5170 sapientia:
1204 5113 1322 5151 nos
1368 5096 1683 5164 superantis
1713 5092 1955 5162 propria.
2007 5090 2116 5144 Nos

545 5201 694 5257 enim
725 5196 1049 5252 didicimus,
1082 5187 1254 5245 Deum
1294 5202 1510 5256 semper
1536 5187 1684 5240 omni
1723 5186 1865 5239 bono
1896 5184 2116 5252 plenum

543 5307 711 5350 esse.
770 5289 882 5342 imo
937 5298 1065 5338 vero
1125 5283 1298 5349 ipsam
1352 5279 1620 5332 bonorum
1683 5275 2116 5347 plenitudinem,

559 5380 775 5441 etiamsi
804 5378 958 5434 nulla
988 5376 1304 5429 accessione
1327 5371 1393 5425 ad
1423 5368 1809 5440 perlectionem
1838 5376 1989 5437 eget,
2023 5368 2119 5422 sed

551 5480 670 5547 ipse
721 5482 806 5528 est
858 5469 945 5527 sui
993 5477 1192 5523 natura
1223 5464 1351 5518 boni
1401 5460 1689 5532 perfectio.
1739 5459 1894 5525 Quod
1937 5469 2116 5514 autem

551 5566 854 5639 perlectum
881 5569 966 5616 est
990 5601 1005 5622 ,
1041 5574 1106 5613 ex
1152 5570 1310 5625 aequo
1355 5554 1423 5607 ab
1465 5553 1806 5606 incremento
1840 5558 1894 5606 et
1935 5550 2123 5605 decre-

553 5667 738 5713 mento
765 5654 1001 5708 alienum
1037 5657 1154 5712 est,
1184 5661 1416 5716 eamque
1441 5643 1513 5698 ob
1545 5657 1766 5698 causam
1803 5657 1924 5710 quae
1953 5643 2005 5695 in
2039 5641 2124 5695 di-

558 5747 689 5802 vina
715 5756 908 5801 natura
951 5739 1355 5801 consideratur,
1404 5735 1671 5788 bonorum
1723 5729 2114 5804 perfectioncm

2182 1879 2296 1946 μετ’
2342 1878 2506 1928 αὐτοῦ
2546 1873 2684 1929 εἶναι
2716 1875 3063 1940 πιστεύεται;
3095 1876 3190 1937 Τίς
3223 1878 3256 1946 ἠ
3286 1878 3575 1944 ἀπόκρισις
3613 1877 3678 1944 ἦν
3704 1873 3764 1938 ἐξ

2179 1968 2357 2020 αὐτῶν
2402 1971 2532 2037 ἡμῖν
2579 1969 2685 2020 τῶν
2725 1969 2931 2021 ἀδύτων
2978 1969 3078 2038 τῆς
3105 1968 3420 2036 φιλοσοφίας
3450 1967 3761 2038 πεποίηται,

2178 2065 2296 2124 ταῖς
2332 2061 2546 2123 ἀλύτοις
2574 2063 2838 2128 ἀνάγκαις
2888 2062 3212 2129 διασφίγξας
3257 2063 3346 2113 τὸν
3391 2061 3581 2128 λόγον;
3629 2061 3765 2112 Τότε

2180 2155 2432 2220 ἐποίησε
2456 2155 2563 2206 τὸν
2599 2155 2734 2206 Tim-
2771 2153 2868 2206 ὅτε
2901 2155 3200 2215 ἐϐούλετο,
3230 2153 3328 2206 καὶ
3348 2153 3607 2222 μηδεμία
3631 2153 3766 2222 περὶ

2181 2244 2395 2296 τούτου
2422 2241 2663 2310 ζήτησις
2682 2243 2967 2304 ἕστω,Διὰ
2981 2241 3134 2310 τίμὴ
3152 2245 3439 2311 πρότερον
3455 2259 3472 2306 ;
3490 2243 3622 2296 Είδέ
3641 2245 3768 2315 περὶ

2183 2334 2291 2387 τῶν
2314 2334 2521 2402 ἀλόγων
2556 2335 2699 2396 τινος
2727 2337 2759 2404 ὴ
2795 2335 2985 2402 σκέξις
3013 2336 3316 2406 προέκειτο,
3350 2335 3456 2386 τῶν
3482 2336 3624 2388 κατά
3650 2348 3769 2387 τινα

2186 2426 2420 2496 φυσικὴν
2469 2427 2645 2496 ὁρμὴν
2678 2425 3174 2496 ἐνεργούντωνιδιά
3207 2426 3259 2478 τί
3295 2426 3370 2496 μὴ
3413 2428 3677 2497 πρότερον
3709 2427 3770 2478 τὸ

2186 2518 2374 2571 δοκοῦν
2391 2519 2807 2586 κατειργάσατο,
2827 2518 2860 2589 ἥ
2883 2519 3095 2588 ἀράχνη
3119 2519 3186 2571 τὰ
3207 2521 3270 2588 νὴ
3281 2521 3484 2592 ματα,ἣ
3505 2520 3566 2572 τὸ
3583 2520 3770 2590 κηρίον

2188 2611 2220 2678 ὴ
2259 2608 2503 2678 μέλιττα,
2532 2608 2681 2678 τὴν
2699 2607 2940 2678 καλιὰνὴ
2971 2607 3208 2680 τρυγώνς
3236 2603 3300 2661 Τί
3318 2611 3383 2662 ἂν
3404 2612 3587 2679 ἓτερον
3603 2613 3771 2663 εἰπεῖν

2190 2696 2334 2769 εἶχες
2353 2717 2366 2764 ;
2386 2701 2498 2752 Οὐκ
2513 2700 2648 2770 αὐτὴ
2662 2701 2948 2771 πρόχειρος
2964 2701 3029 2754 ἂν
3044 2697 3158 2772 ἧνὴ
3174 2702 3462 2774 ἀπόκρισις
3480 2742 3496 2766 ,
3558 2701 3639 2754 ὄπι-ι
3655 2701 3772 2755 τότε

2192 2791 2446 2860 ἐποίησεν
2466 2791 2555 2843 ὅτε
2583 2790 2852 2852 ἐϐούλετο,
2880 2792 2974 2844 καὶ
3000 2793 3239 2863 μηδεμία
3265 2791 3405 2845 ἔστω
3430 2801 3557 2862 περὶ
3585 2793 3775 2847 τούτου

2195 2881 2445 2951 ζήτησιςξ
2491 2881 2650 2935 Ἀλλὰ
2692 2883 2784 2936 καὶ
2815 2883 2940 2954 περ)⁸
2975 2885 3211 2938 πλάστου
3242 2885 3387 2948 τινὸς
3416 2885 3448 2953 ἢ
3489 2885 3774 2956 ζωγράφου

2195 2973 2256 3026 τὸ
2282 2972 2472 3026 δοκοῦν
2509 2972 2597 3026 διὰ
2628 2974 2727 3042 τῆς
2763 2977 3065 3046 μιμητικῆς
3107 2977 3456 3045 ἐνεργοῦντος
3498 2978 3714 3047 τέχνης,
3741 2977 3776 3048 ἢ

2198 3067 2257 3118 ἐν
2281 3067 2537 3136 γραφαῖς,
2565 3065 2598 3135 ἢ
2627 3066 2686 3117 ἐν
2715 3066 3050 3134 πλάσμασιν,
3081 3068 3209 3122 ὅταν
3244 3067 3318 3138 μὴ
3359 3068 3669 3139 ὑποχείριος
3700 3068 3778 3123 ὢν

2197 3155 2416 3226 ἐξουσία
2443 3156 2550 3208 τινὶ
2599 3156 2734 3227 πρὸς
2773 3157 3052 3228 ἐνέργειαν
3079 3159 3187 3231 ἄγῃ
3215 3160 3314 3229 τὴν
3347 3160 3539 3230 τέχνην
3560 3177 3572 3188 ·
3615 3159 3779 3230 ἁρμό·

2198 3245 2310 3310 ζειν
2345 3243 2500 3316 οἶμαι
2523 3247 2620 3318 τὴν
2659 3246 2917 3318 τοιαύτην
2945 3248 3127 3318 φωνὴν
3158 3249 3251 3300 ἐπὶ
3300 3248 3394 3299 τοῦ
3444 3248 3632 3317 μαθεῖν
3659 3247 3778 3299 ἑθέ-

2197 3337 2398 3402 λοντος,
2429 3337 2517 3391 διὰ
2548 3339 2600 3390 τί
2629 3339 2691 3392 οὐ
2722 3339 2983 3409 πρότερον
3013 3340 3232 3410 ἐνεργὸν
3258 3339 3356 3410 τὴν
3381 3340 3578 3410 τέχνην
3602 3339 3780 3410 ἐποίη-

2201 3444 2325 3483 σεν’
2380 3431 2460 3482 ὅτι
2504 3429 2604 3482 οὐκ
2637 3429 2774 3499 ἔχων
2824 3431 3090 3499 ἀνάγκην,
3123 3431 3311 3500 καιρὸν
3353 3433 3451 3502 τῆς
3504 3429 3782 3502 ἐνεργείας

2201 3517 2495 3588 πεποίηται
2547 3519 2646 3588 τὴν
2699 3518 3037 3589 προαίρεσιν.
3077 3519 3387 3589 ’Ἄνθρωποι
3436 3517 3547 3588 γὰρ
3588 3520 3675 3573 διὰ
3720 3520 3782 3572 τὸ

2205 3610 2343 3678 μήτε
2381 3610 2468 3661 ἀεὶ
2500 3607 2672 3662 ταῦτα
2710 3607 3015 3678 βούλεσθαι,
3047 3609 3188 3679 μήτε
3239 3611 3607 3680 συνεργοῦσαν
3640 3609 3783 3680 ἔχειν

2201 3701 2278 3764 ὡς
2314 3701 2381 3753 τά
2411 3699 2582 3752 πολλὰ
2625 3703 2691 3770 τῇ
2735 3699 2984 3771 βουλήσει
3010 3700 3110 3772 τὴν
3138 3700 3389 3771 δύναμιν,
3421 3701 3540 3754 τότε
3571 3701 3782 3755 ποιοῦσί

2204 3811 2256 3846 τι
2289 3793 2396 3845 τῶν
2431 3792 2570 3845 κατὰ
2618 3792 2862 3864 γνώμην,
2895 3794 3023 3845 ὅταν
3069 3793 3252 3856 αὐτοῖς
3295 3794 3330 3862 ἧ
3379 3811 3436 3846 τε
3468 3795 3785 3864 προαίρεσις

2205 3886 2340 3954 πρὸς
2368 3886 2426 3937 τὸ
2469 3885 2628 3956 ἔργον
2665 3885 2823 3956 ρἐῃ,
2867 3887 2959 3938 καὶ
2995 3885 3160 3957 μηδὲν
3190 3885 3372 3958 κωλύῃ
3419 3887 3525 3940 τῶν
3562 3888 3782 3954 ἔξωθεν.

2207 3978 2280 4030 Τὸ
2319 3978 2375 4030 δὲ
2413 3979 2500 4030 ἀεὶ
2534 3978 2793 4042 ὡσαύτως
2837 3977 2979 4048 ἔχον,
3009 3972 3054 4046 ᾧ
3093 3980 3384 4049 ἐπίκτητον
3420 3982 3527 4034 τῶν
3565 3982 3788 4050 ἀγαθῶν

2210 4068 2356 4120 ἐστιν
2407 4067 2578 4131 οὐδὲν,
2631 4069 2687 4120 ἐν
2735 4061 2780 4135 ᾧ
2829 4070 2978 4120 πᾶσα
3023 4067 3255 4140 διαφορὰ
3302 4069 3700 4141 βουλευμάτων,
3746 4073 3784 4143 ἡ

2209 4158 2350 4210 κατὰ
2378 4158 2438 4210 τὸ
2465 4159 2705 4211 ἐναντίον
2730 4157 2873 4211 κατά
2914 4175 3034 4212 τινα
3080 4159 3288 4231 πλάνην
3317 4162 3407 4213 καὶ
3436 4161 3655 4229 ἄγνοιαν
3697 4164 3790 4231 ἑγ-

2209 4248 2487 4318 γινομὲνη,
2515 4247 2697 4318 χώραν
2725 4249 2824 4301 οὐκ
2860 4247 2994 4318 ἔχει,
3025 4243 3068 4318 ᾧ
3097 4251 3249 4304 οὐδὲν
3280 4253 3345 4305 ἐκ
3373 4254 3670 4323 μεταϐολῆς
3700 4256 3788 4323 γί-

2212 4357 2378 4400 νεται,
2427 4339 2456 4390 ὃ
2504 4339 2578 4410 μὴ
2611 4338 2669 4402 ἐξ
2708 4340 2882 4410 ἀρχῆς
2913 4341 2989 4404 ὡς
3040 4341 3242 4410 ἀγαθὸν
3290 4346 3604 4416 κατενόησε,
3652 4346 3785 4416 περὶ

2212 4429 2400 4484 τούτου
2435 4430 2612 4498 λέγειν
2643 4429 2719 4501 μὴ
2765 4433 2850 4484 ἀεὶ
2894 4431 2957 4486 τὸ
2996 4434 3159 4487 καλὸν
3197 4434 3361 4504 ἔχειν,
3411 4436 3524 4489 ἀλλ’
3561 4436 3788 4508 ὕστερον

2213 4522 2426 4576 ἑλέσθαι
2472 4540 2523 4574 τι
2558 4522 2721 4592 ἔχειν,
2769 4522 2797 4574 ὃ
2830 4521 2904 4593 μὴ
2935 4525 3197 4593 πρότερον
3233 4525 3438 4578 εἵλετοο
3482 4527 3654 4580 ταῦτα
3687 4528 3790 4596 τῆς

2216 4613 2656 4684 ὑπερϐαλλούσης
2687 4614 2831 4683 ἡμᾶς
2865 4615 3054 4684 σοφίας
3081 4615 3246 4668 ἐστίν.
3293 4617 3481 4684 Ἡμεῖς
3513 4618 3618 4688 γάρ
3646 4619 3786 4688 ἐμά-

2217 4707 2380 4776 θομεν
2413 4708 2495 4758 ὃτι
2523 4707 2583 4760 τὸ
2603 4707 2755 4760 Θεῖον
2782 4706 2866 4757 ἀεὶ
2895 4706 3092 4769 παντὸς
3125 4705 3330 4774 ἀγαθοῦ
3364 4708 3566 4777 πλῆρες
3604 4709 3747 4760 ἐστίν
3767 4727 3784 4744 ι

2219 4797 2418 4868 μᾶλλον
2463 4797 2518 4848 δὲ
2555 4797 2689 4849 αὐτὸ
2727 4797 2834 4848 τῶν
2884 4797 3101 4865 ἀγαθῶν
3150 4800 3264 4850 ἐστι
3307 4801 3368 4850 τὸ
3419 4800 3705 4870 πλήρωμα,
3735 4803 3787 4854 εἰ

2218 4893 2312 4943 καὶ
2347 4890 2600 4959 οὐδεμιᾶς
2629 4889 2948 4960 προσθήκης
2990 4892 3070 4952 εἰς
3116 4891 3392 4944 τελείωσιν
3440 4893 3629 4954 δεῖται,
3674 4893 3786 4945 ἀλλ’

2219 4984 2349 5036 αὐτὸ
2389 4987 2454 5052 τῇ
2498 4981 2689 5034 ἐαυτοῦ
2718 4980 2897 5049 φύσει,
2932 4983 2964 5050 ή
2991 4981 3086 5033 τοῦ
3122 4982 3326 5048 ἀγαθοῦ
3354 4982 3625 5053 τελειότης
3653 4982 3788 5038 ἐστί.

2219 5076 2293 5129 Τὸ
2324 5076 2380 5128 δὲ
2407 5074 2611 5127 τέλειον
2641 5075 2835 5142 ἐπίσης
2863 5073 3141 5143 αὐξήσεως
3167 5091 3226 5126 τε
3255 5075 3350 5127 καὶ
3383 5075 3659 5144 μειώσεως
3699 5076 3795 5144 ἡλ-
3823 5055 3832 5121 ί

2220 5167 2526 5237 λοτρίωται.
2579 5167 2690 5220 Καὶ
2733 5165 2819 5218 διὰ
2867 5165 3022 5219 τοῦτο
3069 5165 3166 5236 τὴν
3213 5166 3688 5238 ἐπιθεωρουμένην
3725 5169 3796 5238 τῇ

2227 5259 2347 5330 θείᾳ
2379 5257 2540 5327 φύσει
2570 5257 2676 5310 τῶν
2721 5256 2943 5325 ἀγαθῶν
2971 5256 3303 5326 τελειότητα,
3346 5257 3577 5311 πάντοτὲ
3619 5275 3800 5326 φαμεν

2222 5353 2319 5424 τὴν
2347 5352 2515 5423 αὐτὴν
2543 5347 2679 5405 εἶναι
2703 5369 2716 5381 ·
2747 5350 2868 5403 καθ’
2911 5353 3048 5421 ὅπερ
3085 5350 3151 5404 ἂν
3179 5350 3277 5422 τὴν
3312 5350 3547 5405 διάνοιαν
3593 5350 3801 5405 ἑαυτῶν

2224 5447 2646 5516 ἐπεκτείνωμεν,
2677 5447 2792 5498 ἐκεῖ
2819 5443 3074 5515 τοιαύτην
3104 5444 3631 5514 καταλαμϐάνοντες.
3664 5444 3805 5496 Οὐκ·

2225 5539 2318 5592 οῦν
2363 5538 2615 5592 οὐδέποτε
2684 5538 2839 5591 κενὸν
2889 5537 3092 5606 ἀγαθοῦ
3143 5535 3205 5589 τὸ
3259 5537 3429 5589 Θεῖον.
3494 5535 3651 5588 Ἀλλά
3707 5536 3804 5605 μὲν

2225 5630 2433 5700 ἀγαθοῦ
2460 5630 2660 5694 παντὸς
2684 5631 2958 5701 πλήρωμα
2985 5632 3014 5682 ὁ
3035 5622 3160 5692 Υἱός
3177 5645 3193 5660 ο
3223 5629 3450 5682 πάντοτε
3477 5626 3585 5698 ἄρα
3622 5629 3678 5678 ἐν
3727 5627 3804 5695 τῷ

2229 5726 2404 5798 Πατρὶ
2429 5725 2733 5796 θεωρεῖται,
2776 5719 2821 5792 ᾧ
2867 5723 3027 5792 φύσις
3069 5725 3102 5795 ἡ
3131 5724 3189 5777 ἐν
3218 5721 3380 5775 παντὶ
3413 5715 3604 5788 ἀγαθῷ
3629 5718 3803 5771 τελει-
