4142 6374
294 400 394 456 ςοθ
1423 410 1702 466 (ΣΟΝἸῊᾹ
1736 412 1903 468 EUNC

2006 416 2122 478 ΗΜ,
2172 415 2299 468 LIB.
2343 415 2433 469 IX.
3460 416 3564 469 8ἲῆ

270 508 438 587 ηὸτης.
483 515 661 579 Ἀλλὰ,
696 520 847 588 φησὶ,
880 520 1115 591 μηδεμία
1159 522 1299 575 ἔστω
1328 522 1669 593 ζήτησις,διά
1702 525 1751 577 τί
1799 526 1872 596 μὴ

2009 546 2194 599 cmper
2224 528 2474 583 eamdem
2498 540 2618 581 esse
2640 526 2908 593 dicimus;
2932 528 2998 581 ad
3048 529 3420 598 quodcunque
3476 547 3567 582 nn-

300 605 580 676 πρότερον.
616 609 759 679 Πρὸς
788 612 846 663 ὃν
873 612 1103 683 ἐροῦμεν
1130 616 1315 684 ἡμεῖς·
1343 608 1426 662 ὅτι
1448 614 1609 669 Ἀλλο
1640 618 1807 685 ἐστὶν,
1836 614 1880 672 ὦ

298 695 597 764 σοφώτατε,
645 700 954 769 νομοθετεῖν
1002 722 1053 757 τι
1098 706 1205 758 τῶν
1244 707 1622 779 καταγνωμῶν
1670 710 1729 775 ἐξ
1761 712 1881 763 ἐπι-

297 789 595 858 τάγματος,
627 793 721 843 καὶ
750 793 935 864 ἕτερον
966 794 1026 847 τὸ
1071 796 1211 866 λόγῳ
1241 798 1369 869 περὶ
1414 800 1521 852 τῶν
1547 801 1881 870 ἀμφιϐαλλο-

298 880 473 951 μένων
504 883 891 951 προσάγεσθαι.
942 888 1086 950 Ἕως
1117 890 1183 941 ἂν
1211 890 1389 943 τοίνυν
1437 891 1706 961 μηδεμίαν
1752 891 1881 964 ἔχῃς

297 974 473 1025 αἰτίαν
522 975 714 1039 εἰπεῖν,
766 978 885 1029 καθ’
930 980 995 1049 ἢν
1050 981 1272 1044 εὐσεϐές
1326 984 1471 1035 ἐστιν
1522 982 1747 1054 ὕστερον
1802 984 1880 1053 τῷ

300 1066 471 1135 Πατρὶ
498 1066 588 1119 τὸν
616 1068 741 1120 Υἱὸν
770 1072 1236 1141 πφσγεγενῆσθαι
1275 1074 1478 1143 λέγειν,
1520 1077 1754 1147 ἀργήσει
1790 1094 1870 1131 σοι

306 1155 357 1206 τὸ
384 1156 658 1229 ἐπίταγμα
696 1161 846 1230 παρά
875 1165 986 1225 τοῖς
1018 1164 1403 1235 σωφρονοῦσιν.

1990 632 2160 674 stram
2203 620 2592 689 cogitationem
2646 617 3098 679 extenderimus,
3148 618 3260 671 illic
3316 619 3567 672 eamdem

1989 709 2382 778 perfectionem
2438 710 2983 779 comprelieudentes.
3037 710 3348 778 Numquam
3399 711 3571 778 igitur

1990 804 2135 856 bono
2186 818 2427 855 vacuum
2458 802 2669 856 Numen
2722 808 2925 855 manet.
2983 802 3145 869 Atqui
3202 802 3384 855 onmis
3438 802 3568 855 boni

1990 893 2273 963 plenitudo
2308 902 2391 948 est
2424 893 2598 947 Filius
2631 914 2643 955 ;
2677 908 2891 961 semper
2919 894 3086 963 igitur
3116 893 3292 947 Filius
3321 894 3375 945 in
3411 891 3571 946 Patre

1988 987 2259 1046 cernitur,
2294 986 2381 1037 cui
2415 994 2611 1036 natura
2647 992 2731 1035 est
2754 1023 2766 1044 ,
2805 984 2858 1036 in
2902 984 3053 1037 oruni
3094 986 3242 1038 bono
3278 983 3567 1053 perfectio.

1989 1072 2128 1136 Sed,
2158 1074 2365 1143 inquit,
2403 1074 2552 1127 nulla
2581 1076 2651 1127 sit
2685 1074 3105 1141 inquisitio,cur
3135 1090 3244 1127 non
3280 1075 3453 1143 prius.
3490 1071 3571 1124 Ad

1986 1181 2148 1234 quem
2176 1182 2275 1219 nos
2309 1166 2587 1220 dicemus:
2616 1165 2778 1219 Aliud
2810 1174 2926 1229 est,
2957 1182 2989 1220 ο
3022 1165 3466 1235 sapientissime,
3504 1179 3570 1216 ex

302 1250 558 1302 mandato
598 1252 803 1319 aliquid
835 1268 1025 1308 eorum
1067 1272 1191 1326 qua:
1223 1257 1327 1311 fert
1357 1258 1616 1325 animus,
1658 1261 1775 1329 lege
1824 1260 2041 1315 sancire
2093 1270 2147 1313 et
2200 1259 2457 1313 edicere:
2506 1258 2658 1315 aliud
2710 1274 2843 1313 vero
2892 1259 3108 1312 ratione
3158 1260 3223 1311 de
3275 1256 3457 1311 dubiis
3518 1270 3575 1310 et

292 1342 671 1419 controversis
726 1342 886 1397 fidem
940 1344 1140 1401 facere.
1192 1347 1447 1413 Quaniliu
1497 1366 1629 1420 ergo
1683 1351 1890 1405 nullam
1920 1365 2145 1405 causam
2182 1350 2390 1419 poteris
2458 1350 2725 1414 reddere,
2800 1360 3019 1418 propter
3061 1364 3224 1417 quam
3276 1348 3429 1419 pium
3492 1360 3576 1403 est

302 1432 488 1485 «licere
545 1431 741 1489 Filium
806 1440 1080 1507 posterius
1134 1455 1164 1493 a
1224 1441 1388 1498 Patre
1440 1446 1685 1514 genitum
1741 1458 1895 1508 esse,
1929 1442 2078 1497 iners
2128 1451 2182 1495 et
2234 1441 2450 1495 irritum
2490 1443 2595 1494 erit
2645 1443 2742 1496 tibi
2786 1441 3048 1505 edictum,
3086 1440 3231 1510 apud
3264 1439 3481 1496 sobrios
3520 1452 3575 1495 et

306 1522 625 1589 prudentes.

376 1611 531 1664 Οὕτω
574 1614 669 1683 μὲν
714 1611 805 1668 οὖν
848 1619 977 1688 ἡμῖν
1015 1621 1078 1673 ἐκ
1121 1621 1221 1690 τῆς
1263 1628 1516 1695 τεχνικῆς
1555 1627 1741 1695 ἐφόδου
1786 1626 1884 1695 τὴν

306 1703 561 1773 ἀλήθειαν
603 1706 866 1777 Εὑνόμιος
900 1712 978 1774 είς
1021 1712 1079 1764 τὸ
1126 1714 1366 1783 ἐμφανὲς
1410 1718 1554 1786 ἄγει.
1597 1719 1787 1787 Ἡμεῖς
1828 1716 1883 1768 δὲ

2064 1618 2154 1673 Sic
2186 1618 2351 1688 igitur
2378 1617 2535 1671 nobis
2558 1616 2853 1671 artiliciosa
2883 1617 3255 1671 insinuatione
3282 1615 3567 1671 veritatem

1994 1714 2047 1768 in
2098 1714 2273 1767 lucem
2322 1710 2529 1781 profert
2559 1709 2884 1763 Eunomius.
2928 1707 3038 1761 Nos
3081 1718 3262 1761 autem
3314 1708 3460 1763 sicut
3492 1715 3577 1761 est

306 1795 447 1849 ματά
479 1797 539 1849 τὸ
573 1798 797 1869 σύνηθες
836 1804 969 1873 ἡμῖν
992 1805 1080 1857 τὸν
1117 1806 1325 1860 ἐκείνου
1365 1809 1520 1878 λόγον
1560 1811 1696 1881 πρὸς
1722 1828 1889 1863 κατα-

2006 1806 2166 1861 moris
2194 1808 2367 1860 nostri
2394 1803 2539 1857 illius
2562 1816 2871 1858 sermonem
2886 1803 2951 1855 ad
2970 1802 3394 1856 exstructionem
3411 1800 3578 1854 docu-

311 1888 507 1958 σκευὴν
546 1889 653 1941 τῶν
706 1892 804 1961 τῆς
845 1892 1100 1964 ἀληθείας
1145 1897 1429 1968 δογμάτων
1478 1900 1889 1970 οίκειωσόμεθα.

322 1979 409 2041 Ὡς
440 1979 506 2032 ἂν
537 1981 630 2033 καὶ
672 1981 759 2034 διὰ
800 1983 991 2037 τούτου
1030 1986 1257 2058 γένηται
1288 1989 1463 2061 δῆλον,
1500 1992 1580 2044 ὅτι
1621 1989 1891 2060 πανταχοῦ

313 2072 454 2123 κατά
474 2071 535 2124 τὸ
568 2073 817 2127 ἑκούσιον
847 2075 937 2128 ὑπ’
966 2077 1140 2148 αὐτῆς
1167 2079 1268 2150 τῆς
1297 2081 1552 2151 ἀληθείας
1582 2081 1889 2150 ἀναγκαζόο

312 2179 485 2231 μενοι,
518 2163 595 2234 τῷ
623 2165 909 2238 καθ’ήμᾶς
928 2170 1342 2240 συναγορεύουσι
1378 2173 1538 2243 λόγῳ.
1560 2174 1620 2225 El
1646 2172 1753 2243 γὰρ
1771 2174 1891 2225 τότε

312 2253 567 2324 ἐγέννησε
599 2256 690 2309 τὸν
708 2256 856 2321 Υίὸν,
885 2259 974 2311 ὅτε
1005 2259 1275 2325 ἐϐούλετο,
1300 2262 1481 2324 καθώς
1511 2279 1676 2333 φησιν
1696 2265 1724 2315 ό
1748 2262 1895 2315 ἀντί-

314 2347 499 2412 παλος,
530 2347 780 2402 ἐϐούλετο
827 2350 885 2402 δὲ
920 2355 979 2404 τὸ
1011 2353 1214 2421 ἀγαθὸν
1242 2356 1328 2407 ἀεὶ
1352 2395 1366 2418 ,
1399 2354 1693 2425 σύνδρομος
1733 2355 1789 2406 δὲ
1828 2358 1891 2423 τῇ

314 2439 561 2510 βουλήσει
585 2441 616 2510 ἡ
645 2440 892 2512 δύναμις,
923 2444 1012 2496 ἀεὶ
1037 2444 1145 2515 ἄρα
1173 2447 1201 2497 ὁ
1227 2445 1351 2509 Υἱὸς
1385 2446 1520 2516 μετὰ
1551 2446 1644 2499 τοῦ
1688 2446 1896 2516 Πατρὸς

314 2530 655 2600 νοηθήσεται,
696 2534 790 2584 τοῦ
831 2534 919 2586 ἀεὶ
972 2535 1066 2587 καὶ⁸
1111 2535 1431 2606 βουλομένου
1463 2535 1523 2587 τὸ
1566 2536 1725 2588 καλὸν
1749 2576 1763 2597 ,
1805 2535 1897 2587 καὶ

312 2622 611 2692 δυναμένου
645 2623 787 2693 ἐχειν
813 2623 839 2677 ὃ
872 2625 1141 2694 βούλεται.
1166 2627 1227 2679 Εἰ
1258 2627 1313 2679 δὲ
1334 2627 1439 2697 χρὴ
1464 2627 1554 2679 καὶ
1584 2626 1672 2678 τὸν
1703 2625 1898 2694 ἐφεξῆς

316 2714 480 2766 αὖτοῦ
507 2715 664 2781 λόγον
688 2722 1059 2788 προσαγαγεῖν
1085 2722 1151 2789 τῇ
1178 2719 1425 2791 ἀληθείᾳ,
1455 2721 1636 2791 ῥᾴδιόν
1664 2724 1778 2773 ἐστι
1808 2720 1900 2772 καὶ

315 2804 505 2857 τοῦτον
533 2805 609 2874 τῷ
648 2806 767 2858 καθ’
802 2809 947 2881 ἡμᾶς
1001 2811 1339 2881 συναρμόσαι
1375 2810 1637 2880 δόγματι,
1670 2812 1752 2862 ὅτι
1798 2829 1902 2880 μη-

313 2894 478 2964 δεμία
518 2899 642 2967 περὶ
694 2899 879 2951 τούτου
909 2899 1133 2971 ζήτησις
1162 2901 1302 2955 ἔστω
1334 2906 1445 2965 τοῖς
1494 2901 1783 2973 σώφροσιν,
1806 2901 1903 2960 Διὰ

317 2986 371 3040 τί
401 2987 474 3059 μὴ
506 2990 803 3060 πρότερονς
841 2991 905 3043 Ἢ
950 2993 1059 3063 γὰρ
1101 2992 1194 3046 τοῦ
1244 2994 1507 3066 πρότερον
1547 2994 1689 3058 λέξις
1725 3012 1900 3065 χρονιε-

322 3080 423 3146 κὴν
449 3096 568 3131 τινα
590 3080 687 3151 τὴν
716 3081 936 3148 ἔνδειξιν
964 3083 1094 3153 ἔχει,
1119 3085 1659 3157 ἀντιδιαστελλομένη
1686 3087 1819 3156 πρὸς
1842 3086 1903 3138 τὸ

325 3168 461 3237 μετά
491 3170 663 3223 ταῦτα
690 3173 783 3224 καὶ
819 3172 1044 3245 ὕστερον
1073 3192 1086 3206 ο
1127 3176 1254 3229 ὃταν
1282 3178 1337 3230 δὲ
1365 3178 1553 3247 χρόνος
1587 3179 1659 3247 μὴ
1689 3173 1745 3249 ᾖ,
1781 3194 1904 3229 συν-

324 3262 557 3329 αιρεῖται
586 3263 801 3326 πάντως
824 3266 918 3318 καὶ
940 3266 1036 3335 τῆς
1072 3268 1330 3338 χρονικῆς
1353 3268 1683 3331 διαστάσεως
1706 3268 1773 3321 τά
1792 3269 1905 3321 ὀνό-

328 3370 493 3422 ματα.
512 3354 671 3408 Ἀλλά
692 3356 797 3426 μὴν
816 3357 920 3427 πρὸ
938 3358 1146 3428 χρόνων
1162 3360 1254 3413 καὶ
1276 3361 1379 3429 πρὸ
1397 3361 1606 3414 αἰώνων
1626 3362 1651 3413 ὁ
1668 3360 1868 3431 Κύριος
1888 3377 1901 3391 ο

326 3445 595 3515 ἄχρηστος
626 3448 731 3517 ἄρα
763 3451 873 3511 τοῖς
902 3449 1021 3502 νοῦν
1050 3449 1263 3519 ἔχουσιν
1302 3453 1393 3505 ἐπὶ
1422 3453 1513 3506 τοῦ
1547 3451 1767 3521 ποιητοῦ
1800 3450 1905 3503 τῶν

326 3537 571 3601 αἰώνων,
596 3541 628 3610 ἡ
658 3539 750 3592 τοῦ
790 3542 1052 3612 πρότερον
1091 3544 1183 3595 καὶ
1218 3542 1443 3614 ὕστερον
1475 3546 1720 3615 ζήτησις.
1760 3543 1907 3596 Κενά

328 3627 437 3698 γὰρ
470 3629 650 3700 πάσης
695 3630 928 3693 διανοίας
972 3634 1087 3684 ἐστὶ
1127 3632 1195 3686 τά
1241 3634 1464 3687 τοιαῦτα
1492 3635 1599 3687 τῶν
1630 3634 1907 3704 ὀνομάτων

336 3720 409 3792 μὴ
435 3722 527 3773 ἐπὶ
567 3724 758 3795 χρόνου
808 3724 1095 3795 λεγόμενα.
1141 3726 1296 3779 Ἐπεὶ
1324 3723 1416 3780 οὖν
1437 3728 1542 3797 πρὸ
1571 3727 1676 3779 τῶν
1704 3729 1907 3796 χρόνων

330 3816 359 3865 ὁ
406 3813 629 3885 Κύριος,
665 3816 726 3868 τὸ
777 3818 1038 3887 πρότερον
1081 3818 1295 3881 πάντως
1330 3820 1424 3872 καὶ
1459 3820 1518 3871 τὸ
1554 3819 1776 3890 ὕστερον
1818 3820 1910 3871 ἐπὶ

332 3905 497 3957 αὐτοῦ
531 3904 714 3977 χώραν
755 3908 854 3960 ούκ
883 3907 1015 3977 ἔχει.
1058 3909 1208 3979 Τάχα
1243 3911 1339 3979 μὲν
1374 3911 1588 3981 ἀπόχρη
1614 3912 1707 3963 καὶ
1741 3910 1911 3963 ταῦτα

334 3998 471 4069 πρὸς
499 3999 810 4071 ἀνατροπὴν
842 4000 948 4053 τῶν
989 4001 1049 4052 ού
1086 4001 1352 4070 δεομένων
1390 4002 1483 4054 τοῦ
1525 4002 1913 4073 προσπαλαίον-

333 4107 444 4155 τος,
476 4090 589 4142 ἀλλ’
620 4091 723 4143 ὑπὸ
760 4093 859 4160 τῆς
907 4092 1039 4156 ίδίας
1082 4092 1258 4145 αὐτῶν
1295 4094 1509 4157 ἀτονίας
1543 4095 1910 4146 καταπιπτόν-

335 4198 461 4233 των.
513 4182 607 4245 Τίς
658 4181 765 4252 γὰρ
808 4184 1060 4237 τοσοῦτον
1094 4184 1345 4256 εὖσχολος
1398 4188 1462 4238 ὲκ
1507 4186 1614 4237 τῶν
1653 4186 1746 4239 τοῦ
1795 4186 1911 4256 βίου

338 4272 657 4343 φροντίδων,
680 4274 756 4337 ὡς
782 4275 876 4327 ἐπὶ
905 4276 1155 4329 τοσοῦτον
1188 4277 1377 4330 ἑαυτὸν
1405 4278 1585 4331 δοῦναι
1617 4282 1681 4349 τῇ
1713 4279 1915 4348 ἀκροά-

339 4378 420 4412 σει
457 4364 555 4432 τῆς
590 4379 646 4413 τε
686 4363 1043 4433 ματαιότητος
1076 4365 1183 4417 τῶν
1216 4366 1547 4420 ὑπεναντίων
1581 4366 1776 4435 λόγων,
1821 4370 1913 4420 καὶ

337 4451 433 4520 τῆς
468 4452 738 4523 ἡμετέρας
758 4454 893 4524 πρὸς
914 4453 980 4507 τὰ
1004 4455 1206 4525 μάταια
1237 4458 1535 4526 πράγματα
1571 4458 1748 4528 μάχης
1769 4476 1781 4520 ;
1801 4458 1914 4511 ἀλλ’

339 4545 526 4616 ἐπειδὴ
553 4550 664 4609 τοῖς
694 4547 1149 4617 προειλημμένοις
1179 4550 1243 4617 τῇ
1276 4548 1519 4618 ἀσεϐείᾳ,
1552 4548 1804 4618 καθάπερ
1836 4566 1919 4611 τις

338 4636 648 4700 δευσοποιὸς
682 4636 862 4709 βαφὴ,
891 4638 983 4691 καὶ
1011 4638 1359 4702 δυσέκνιπτος
1385 4642 1417 4709 ἡ
1450 4641 1629 4710 ἀπάτη
1652 4680 1666 4702 ,
1702 4640 1795 4693 καὶ⁵
1831 4640 1918 4694 διὰ

343 4727 538 4797 βάθους
582 4732 702 4792 ταῖς
752 4730 1001 4800 καρδίαις
1054 4730 1419 4799 ὲγκέκαυται,
1464 4733 1657 4801 μικρὸν
1709 4732 1788 4784 ἔτι
1842 4731 1918 4801 τῷ

340 4820 482 4889 λόγῳ
504 4820 1030 4893 προσδιατρίψωμεν,
1051 4824 1103 4876 εί
1124 4841 1239 4887 πως
1263 4823 1621 4893 δυνηθείημεν
1638 4824 1734 4894 τῆς
1754 4841 1921 4893 πονη-

345 4914 443 4983 ρᾶς
494 4911 694 4983 ταύτης
743 4913 956 4984 κηλίδος
996 4914 1175 4968 αὐτῶν
1219 4915 1318 4977 τὰς
1370 4915 1546 4985 ψυχὰς
1582 4916 1916 4986 άπορρύψαι.

344 5002 525 5057 Εἰπὼν
576 5003 683 5074 γάρ
733 5003 801 5056 τὰ
842 5005 1137 5076 είρημὲνα,
1186 5006 1279 5058 καὶ
1326 5006 1618 5075 ἐπαγαγὼν
1674 5008 1919 5071 τούτοις,

344 5095 486 5147 κατὰ
515 5094 603 5147 τὸν
630 5094 916 5166 παιδευτὴν
954 5096 1116 5149 αὑτοῦ
1156 5097 1473 5168 Προύνικον,
1515 5100 1922 5171 ἀσυναρτήτους

345 5185 494 5248 τινὰς
525 5186 619 5239 καὶ⁵
661 5186 1035 5257 ἀναρμόστους
1066 5185 1275 5256 ὖϐρεών
1298 5205 1355 5239 τε
1386 5188 1481 5241 καὶ
1518 5189 1921 5260 λοιδορημάτων

345 5277 593 5342 ὀκτάδας,
614 5278 705 5331 ἐπὶ
718 5278 809 5331 τὸν
832 5277 1113 5347 κολοφῶνα
1141 5277 1248 5331 τῶν
1266 5280 1709 5350 ἐπιχειρημάτων
1730 5280 1856 5350 μετέ
1866 5298 1921 5350 ρ-

348 5387 524 5439 χεται,
552 5370 645 5425 καὶ
666 5370 978 5423 καταλιπὼν
1011 5371 1108 5441 τὴν
1143 5370 1527 5440 ἀσυλλόγιστον
1563 5373 1661 5441 τῆς
1698 5373 1922 5441 ματαιό-

346 5478 507 5532 τητος
537 5460 767 5525 ἔκθεσιν,
803 5461 963 5515 πάλιν
991 5465 1103 5524 τοῖς
1153 5463 1398 5532 κέντροις
1434 5462 1533 5531 τῆς
1576 5460 1919 5532 διαλεκτικῆς

349 5552 682 5615 καθοπλίσας
705 5554 794 5606 τὸν
823 5553 1000 5621 λόγον,
1024 5552 1552 5622 συλλογιστικῶς,ώς
1581 5555 1769 5621 οἴεται,
1802 5555 1923 5607 καθ’

350 5649 382 5716 ή
392 5646 505 5716 μῶν
527 5646 924 5711 κατασκευάζει
955 5646 1017 5699 τὸ
1046 5646 1264 5700 ἄτοπον.

423 5737 573 5805 Ἔχει
615 5736 671 5790 δὲ
721 5736 892 5801 οὕτως
949 5740 983 5807 ὴ
1038 5737 1181 5801 λέξις
1244 5754 1259 5766 ’

350 5827 461 5880 οὐκ
498 5828 589 5880 ἐπ’
618 5826 864 5895 ἄπειρον
889 5828 1327 5897 ἐκτεινομένης,
1367 5830 1504 5885 ἀλλ’
1534 5829 1622 5895 εις
1651 5848 1703 5884 τι
1746 5829 1921 5885 τέλορ

588 5919 860 5982 ΡΑτιιοι.
899 5922 1016 5982 Gn.
1058 5922 1247 5983 XLV.

1321 5738 1531 5806 Πάσης
1586 5737 1925 5808 γεννήσεως

1996 1905 2304 1951 mentorum
2338 1895 2583 1950 veritatis
2631 1892 3048 1963 applicabimus.
3084 1891 3153 1945 Ut
3184 1893 3346 1947 etiam
3374 1907 3441 1945 ex
3475 1892 3579 1945 hoc

1995 1987 2341 2057 perspicuum
2383 1987 2475 2049 sit,
2521 2002 2617 2041 eos
2648 1987 2849 2055 ubique
2890 1986 3055 2053 etiam
3103 1995 3321 2053 Sponte.
3360 1985 3428 2037 ab
3460 1984 3579 2053 ipsa

1994 2080 2222 2133 veritate
2273 2087 2515 2142 coactos,
2576 2088 2769 2133 nostro
2809 2079 3148 2148 patrocinari
3202 2078 3467 2132 sermoni.
3522 2078 3578 2130 Si

1993 2172 2138 2225 enim
2201 2179 2332 2224 tunc
2358 2170 2901 2237 genuitFiliunicum
2926 2169 3124 2231 voluit,
3162 2170 3306 2223 sicut
3335 2170 3465 2222 dicit
3501 2185 3578 2221 rc-

1995 2261 2307 2325 fractarius,
2356 2260 2529 2313 voluit
2560 2268 2738 2312 autem
2788 2274 3003 2327 semper
3038 2259 3262 2323 bonum,
3300 2259 3580 2312 concurrit

1996 2362 2178 2407 autem
2206 2352 2474 2407 voluntati
2505 2352 2771 2422 potentia,
2806 2366 3026 2420 semper
3066 2351 3232 2420 igitur
3263 2348 3435 2402 Filius
3454 2366 3577 2401 enm

1999 2446 2157 2498 l’atre
2182 2444 2535 2512 intelligetur,
2569 2444 2660 2512 qui
2689 2458 2903 2512 semper
2927 2443 3039 2496 vult
3069 2443 3295 2504 bonum,
3328 2450 3381 2493 et
3405 2449 3581 2508 potest

1999 2537 2201 2591 habere
2248 2536 2392 2604 Quod
2428 2537 2559 2588 vult.
2592 2535 2747 2600 Quod
2796 2535 2839 2586 si
2872 2544 3080 2603 oportet
3112 2544 3427 2603 sequentem
3461 2533 3581 2600 cjns

2001 2642 2305 2680 sermonem
2337 2625 2401 2679 ad
2441 2626 2722 2679 veritatem
2770 2626 3063 2690 adducere,
3099 2643 3207 2680 non
3238 2634 3319 2678 cst
3350 2625 3578 2679 arduum

1999 2720 2161 2770 «tiam
2195 2718 2339 2769 hunc
2368 2724 2557 2769 nostro
2582 2716 2819 2786 dogmati
2849 2718 3128 2787 adaptarc.
3156 2718 3298 2787 quod
3328 2717 3476 2769 nulla
3515 2718 3581 2769 de

2004 2813 2103 2864 lioc
2127 2812 2269 2879 apud
2297 2812 2573 2865 modestos
2603 2810 2674 2863 sit
2705 2811 3100 2873 controversia,
3120 2807 3234 2861 Cur
3255 2824 3361 2862 non
3397 2808 3583 2877 prius?

2004 2898 2183 2951 Dictio
2212 2900 2356 2953 enim
2392 2899 2563 2968 prius,
2602 2899 2955 2967 temporalem
2992 2897 3281 2967 quemdam
3312 2897 3475 2952 habet
3507 2898 3583 2949 in-

2004 2992 2357 3056 ilicationem,
2407 3007 2527 3060 qua:
2570 2992 2866 3060 opponitur
2899 2991 2981 3043 bis
3013 2990 3261 3053 vocibus,
3297 2999 3485 3060 postea
3533 2996 3587 3043 et

2006 3081 2298 3150 posterius.
2332 3081 2469 3133 Cum
2502 3088 2682 3133 autem
2719 3088 2933 3149 tempus
2966 3096 3072 3133 non
3101 3079 3284 3145 fuerit,
3314 3090 3587 3149 tempora-

2009 3177 2074 3229 lis
2108 3174 2458 3229 discretionis
2514 3175 2735 3226 nomina
2786 3188 3012 3240 prorsus
3071 3174 3235 3227 simul
3296 3174 3585 3227 tolluntur.

2008 3267 2171 3336 Atqui
2206 3274 2333 3321 ante
2364 3274 2611 3335 tempora
2653 3273 2707 3320 et
2762 3274 2889 3320 ante
2931 3268 3129 3320 saecula
3166 3265 3461 3321 Dominus:
3509 3270 3591 3320 in-

2011 3359 2160 3413 utilis
2202 3358 2370 3429 igitur
2415 3365 2597 3412 mente
2631 3357 2873 3425 praeditis
2916 3357 2969 3410 in
3012 3357 3219 3411 factore
3265 3360 3589 3412 saeculorum

2012 3448 2211 3517 prioris
2258 3456 2313 3501 et
2366 3447 2688 3515 posterioris
2742 3448 2993 3515 quzestio.
3043 3444 3184 3500 Sunt
3224 3448 3369 3503 enim
3413 3454 3593 3501 omnis

2012 3538 2383 3608 intelligentiae
2414 3538 2597 3590 inania
2646 3538 2772 3590 talia
2821 3537 3062 3602 nomina,
3096 3552 3222 3591 eum
3251 3538 3317 3593 de
3353 3548 3597 3608 tempore

2012 3647 2123 3684 non
2152 3632 2429 3683 dicuntur.
2465 3630 2732 3694 Quoniam
2769 3630 2931 3699 igitur
2961 3639 3085 3683 ante
3119 3638 3363 3699 tempora
3409 3631 3593 3685 Domi-

2014 3741 2138 3786 nus,
2172 3724 2324 3793 prius
2353 3730 2501 3775 certe
2526 3729 2579 3775 et
2606 3722 2881 3790 posterius
2904 3722 3112 3775 nullum
3138 3737 3365 3790 prorsus
3395 3724 3447 3777 in
3478 3725 3596 3793 ipso

2014 3818 2191 3869 locum
2224 3814 2444 3867 habent.
2488 3811 2746 3868 Fortasse
2792 3814 2906 3866 hmc
2944 3812 3223 3867 suliiciunt
3254 3814 3322 3867 ad
3360 3818 3599 3870 eversio-

2014 3919 2135 3957 nem
2160 3917 2347 3956 eorum
2378 3917 2501 3970 qua:
2527 3902 2887 3963 colluctatore
2919 3917 3027 3955 non
3056 3902 3318 3972 indigent,
3354 3905 3448 3958 sed
3479 3921 3601 3974 qua:

2015 4011 2111 4049 sua
2142 3994 2511 4049 imbecillitate
2541 4002 2829 4047 corruunt.
2863 3994 2963 4047 Cui
2998 3995 3142 4049 enim
3172 4004 3383 4050 tantum
3418 3998 3516 4053 abs
3539 4016 3599 4053 re

2015 4100 2111 4140 sua
2134 4093 2187 4137 et
2216 4085 2364 4139 curis
2392 4084 2489 4138 otii
2515 4095 2619 4145 est,
2658 4092 2717 4137 ut
2750 4085 2994 4153 seipsum
3027 4086 3335 4140 auditorem
3363 4090 3600 4156 praebeat

2014 4177 2274 4231 vanitatis
2298 4191 2614 4231 sermonum
2646 4175 2753 4231 sibi
2777 4178 3218 4247 repugnantium,
3248 4188 3415 4248 atque
3436 4182 3600 4235 etiam

2016 4279 2217 4325 nostrae
2249 4276 2439 4322 contra
2470 4282 2557 4323 res
2582 4282 2753 4322 vanas
2773 4276 2828 4321 et
2861 4268 3047 4322 futiles
3080 4285 3270 4339 pugnae
3294 4287 3390 4326 seu
3420 4272 3602 4343 dispu-

2017 4361 2271 4415 tationis?
2300 4358 2406 4414 Sed
2429 4360 2690 4430 quoniam
2719 4360 2994 4428 impietate
3015 4364 3431 4432 praeoccupatis,
3455 4366 3602 4417 velut

1953 4470 1994 4523 υ
2022 4452 2267 4523 quaedam
2298 4466 2419 4521 quae
2449 4466 2557 4506 non
2590 4458 2767 4520 potest
2794 4451 2901 4505 elui
2933 4453 3194 4517 tinctura,
3228 4462 3282 4508 et
3320 4454 3470 4510 fraus
3520 4458 3605 4509 iu-

2024 4544 2313 4614 expiabilis
2354 4551 2409 4598 et
2449 4542 2783 4612 profundum
2826 4545 3087 4599 cordibus
3115 4546 3298 4601 inusta
3341 4555 3446 4611 est,
3500 4564 3602 4603 nos

2021 4637 2301 4706 paululum
2332 4635 2593 4689 adhucin
2632 4634 2735 4688 hoc
2772 4650 3024 4690 sermone
3071 4637 3505 4703 immorabimur,
3555 4640 3600 4692 si

2020 4739 2130 4795 quo
2171 4723 2333 4777 modo
2374 4724 2441 4778 ab
2493 4723 2595 4777 hac
2628 4723 2750 4777 labe
2788 4724 3033 4793 ipsorum
3076 4726 3292 4779 animas
3325 4727 3602 4795 possimus

2020 4815 2203 4871 eluere
2250 4820 2304 4870 et
2336 4815 2637 4885 detergere.
2674 4814 2810 4867 Cum
2846 4815 2989 4869 enim
3035 4815 3356 4883 protulisset
3381 4831 3445 4871 ea
3484 4834 3605 4885 qua:

2022 4916 2151 4961 sunt
2181 4906 2347 4972 dicta,
2381 4916 2545 4976 atque
2578 4906 2741 4961 etiam
2777 4906 3119 4975 subjungens
3155 4906 3486 4973 induxisset,
3522 4926 3607 4960 se-

2022 4998 2261 5052 cundum
2291 4997 2660 5052 institutorem
2692 5012 2851 5051 suum
2887 4996 3205 5063 Prunicum,
3245 4998 3604 5054 inconcinnas

2022 5089 2287 5160 quasdam
2324 5093 2666 5160 ineptasque,
2699 5097 2751 5144 et
2779 5091 3116 5159 incongruas
3148 5092 3605 5147 contumeliarum

2024 5195 2077 5241 et
2101 5184 2481 5240 conviciorum
2499 5183 2744 5247 oetadas,
2772 5191 2886 5237 tum
2907 5183 3128 5239 demum
3153 5184 3220 5240 ad
3245 5186 3606 5257 colophonein

2028 5274 2562 5346 argumentationum
2602 5274 2822 5340 transit,
2864 5282 2920 5330 et
2961 5275 3150 5330 relicta
3188 5276 3609 5332 ratiocinatione

2025 5375 2246 5422 carente
2290 5366 2549 5421 vanitatis
2588 5366 2951 5437 expositione,
3002 5383 3194 5423 rursus
3244 5370 3451 5423 aculeis
3491 5371 3607 5423 (“2-

2027 5459 2230 5513 leetica:
2294 5473 2548 5514 sermone
2601 5465 2834 5524 armato,
2893 5458 3248 5529 syllogistice,
3312 5470 3373 5514 ut
3432 5470 3606 5531 putat,

2027 5562 2222 5610 contra
2256 5570 2356 5609 nos
2386 5553 2488 5608 hoc
2516 5552 2813 5607 absurdum
2848 5555 3148 5622 przestruit.

2094 5738 2185 5794 Sic
2224 5739 2367 5794 enim
2406 5738 2569 5793 habet
2602 5737 2767 5792 dictio
2803 5757 2814 5790 :
2848 5736 2981 5793 Cum
3014 5738 3181 5792 omnis
3210 5737 3473 5806 generatio
3504 5750 3607 5789 non

2026 5829 2344 5887 extendatur
2376 5830 2427 5884 in
2460 5830 2749 5895 inﬁnitum,
2803 5829 2892 5886 sed
2925 5830 2981 5885 in
3013 5829 3239 5899 aliquem
3274 5830 3427 5896 ﬁnem
3458 5826 3605 5881 desi-

3174 5925 3250 5981 26
