4142 6374
579 352 677 410 811

1820 359 1876 412 S.
1908 357 2234 415 GliEthRll
2273 354 2567 409 NYSSENI

3743 364 3850 417 διε

582 483 712 528 nat:
747 491 951 530 necesse
995 488 1072 530 est
1108 477 1318 529 omnino
1362 494 1449 531 eos
1477 479 1565 547 qui
1607 478 1731 532 Filii
1776 480 2149 548 generationem

2262 478 2746 548 καταληγούσης,
2777 475 3008 547 ἀνάγκη
3061 477 3229 532 πᾶσα
3258 480 3354 534 και
3398 483 3543 548 τοὺς
3586 483 3846 550 παραδε-

583 566 934 633 admiserunt,
967 578 1090 622 tunc
1119 586 1350 623 cessasse
1393 571 1656 638 generari,
1699 587 1859 640 neque
1892 571 1960 624 ad
2010 572 2158 639 prin-

582 660 778 726 cipium
806 660 1188 714 incredibiliter
1219 678 1274 715 se
1299 661 1488 716 habere
1516 678 1718 724 eorum,
1752 679 1867 730 qua:
1893 662 2156 716 desierunt

581 752 846 817 generari,
875 768 1021 820 quies
1047 752 1228 820 ﬁrmat
1259 753 1608 822 generationis
1634 762 1681 805 ει
1711 751 1996 821 generandi
2018 753 2156 819 prin-

581 843 806 910 cipium:
847 858 940 896 nec
984 844 1064 895 his
1102 843 1259 911 ﬁdem
1288 841 1559 896 detrahere
1589 842 1729 902 licet,
1775 859 1893 896 cum
1937 857 2002 896 ex
2042 844 2157 909 ipsa

581 944 796 995 natura,
821 943 931 987 tum
956 935 1117 988 etiam
1141 951 1206 989 ea:
1229 936 1421 989 divinis
1450 935 1670 1006 legibus.
1701 935 1969 1000 Quoniam
1993 935 2157 1004 igitur

579 1025 880 1079 secundum
914 1026 1235 1095 sapientiam
1266 1042 1456 1080 eorum
1481 1027 1570 1096 qui
1602 1028 1788 1080 talium
1823 1027 1978 1095 periti
2005 1035 2152 1089 sunt,

579 1115 820 1171 universi
871 1118 1243 1186 propositione
1297 1117 1598 1187 praemissa,
1642 1134 1735 1187 per
1785 1116 2152 1170 inductionem

577 1217 902 1274 praestruere
952 1219 1184 1263 conatur
1231 1209 1285 1263 id
1326 1208 1472 1279 quod
1523 1208 1868 1278 proponitur,
1915 1204 2153 1275 generali

577 1297 954 1364 propositione
1007 1300 1389 1367 particularem
1436 1298 1960 1354 demonstrationem
2005 1311 2155 1350 com-

575 1385 950 1453 prehendens:
981 1389 1133 1458 prius
1157 1390 1298 1457 quod
1325 1390 1634 1445 universale
1653 1396 1738 1443 est
1763 1388 2149 1457 intelligamus:

575 1477 771 1533 deinde
794 1480 874 1534 sic
901 1495 1090 1534 eorum
1119 1498 1238 1552 quae
1262 1481 1597 1535 inducuntur
1621 1481 1725 1534 vim
1755 1479 2148 1534 examinemus.

572 1567 656 1620 An
690 1567 840 1636 pium
879 1578 962 1623 est
991 1585 1055 1624 ex
1087 1571 1234 1624 omni
1265 1571 1615 1640 generatione
1647 1572 1807 1623 etiam
1837 1567 1957 1621 Filii
2000 1577 2152 1620 ante-

572 1670 829 1713 aeternam
854 1663 1257 1730 generationem
1284 1661 1558 1716 indicare?
1582 1660 1664 1714 An
1688 1661 1850 1714 etiam
1877 1659 2151 1730 Unigcniti

573 1750 908 1806 exsistentiae
927 1767 1277 1807 communem
1309 1761 1560 1807 naturam
1597 1752 1914 1823 magistram
1954 1765 2152 1820 propo-

2260 568 2558 638 ξαμένους
2592 568 2699 622 τοῦ
2761 569 2898 622 Υἱοῦ
2947 567 3060 636 τὴν
3112 570 3393 638 γένεσιν,
3429 572 3562 623 τότε
3616 573 3845 624 πεπαῦ-

2258 663 2397 713 σθαι
2427 659 2643 714 τοῦτον
2676 659 3081 729 γεννώμενον,
3110 659 3268 729 μηδὲ
3306 660 3458 728 πρὸς
3493 660 3610 729 τὴν
3646 663 3846 730 ἀρχὴν

2257 750 2524 816 ἀπίστως
2547 750 2712 820 ἔχειν
2743 749 2864 804 τῶν
2887 750 3292 820 παυσαμένων
3328 751 3434 804 τοῦ
3484 751 3832 820 γεννᾶσθαι,

2257 840 2462 894 παῦλα
2485 842 2802 895 πιστοῦται
2836 841 2948 911 τῆς
2984 859 3047 895 τε
3080 841 3422 910 γεννήσεως
3444 842 3543 894 καὶ
3568 841 3674 896 τοῦ
3702 860 3840 912 rer-

2256 933 2474 988 νεῖσθαι
2527 935 2644 1002 τὴν
2676 934 2874 1003 ἀρχὴν
2903 977 2916 1000 ,
2971 935 3071 988 καὶ
3124 936 3356 1000 τούτοις
3400 935 3678 990 ἀπιστεῖν
3725 940 3836 991 οὐκ

2254 1025 2446 1089 ἔστιν,
2474 1026 2543 1078 ἐκ
2584 1043 2648 1078 τε
2681 1025 2789 1092 τῆς
2825 1029 3064 1096 φύσεως
3102 1026 3324 1095 αὐτῆς,
3347 1026 3436 1081 ἔτι
3473 1027 3542 1080 δὲ
3580 1029 3677 1081 καὶ
3718 1028 3839 1081 τῶν

2257 1116 2430 1169 θείων
2456 1119 2672 1188 νόμων.
2724 1119 2941 1190 Ἐπειδὴ
2976 1119 3152 1172 τοίνυν
3200 1119 3340 1172 κατὰ
3370 1117 3469 1188 τὴν
3501 1119 3692 1188 σοφίαν
3727 1120 3835 1172 τῶν

2257 1208 2322 1258 τὰ
2350 1207 2570 1263 τοιαῦτα
2607 1209 2826 1273 δεινῶν,
2858 1210 2918 1262 τὸ
2961 1209 3187 1262 καθόλου
3236 1210 3521 1281 προσθεὶς,
3563 1211 3838 1280 ἐπαγωγ;ο

2255 1297 2367 1360 κῶς
2388 1297 2815 1364 κατασκευάζειν
2832 1299 3098 1369 ἐπιχειρεί
3126 1298 3187 1352 τὸ
3207 1298 3584 1368 προκείμενον,
3602 1301 3834 1371 ἐμπερι-

2254 1385 2546 1455 λαμϐάνων
2588 1389 2652 1458 τῇ
2695 1391 2883 1457 γενικῇ
2914 1387 3174 1456 προτάσει
3207 1387 3305 1456 τὴν
3350 1387 3442 1439 ἐπὶ
3477 1386 3673 1456 μέρους
3698 1389 3860 1442 ἀπό--

2254 1477 2453 1542 δειξιν,
2504 1481 2768 1550 πρότερον
2812 1480 2873 1532 τὸ
2931 1480 3155 1532 καθόλου
3223 1480 3650 1550 κατανοήσωμεν
3691 1475 3830 1533 ἐἷθ’

2253 1569 2424 1633 οὕτως
2472 1570 2567 1640 τὴν
2610 1570 2719 1622 τῶν
2773 1571 3128 1640 ἐπαγομένων
3187 1570 3530 1640 ἐξετάσωμεν
3582 1569 3828 1638 δύναμιν.

2253 1655 2377 1731 Ἆρ’
2413 1661 2632 1725 εὐσεϐές
2689 1664 2834 1714 ἐστιν
2895 1663 2958 1714 ἐκ
3017 1662 3195 1731 πάσης
3235 1661 3538 1732 γεννήσεως
3587 1663 3676 1712 καὶ
3736 1659 3830 1711 τοῦ

2256 1753 2388 1806 Υἱοῦ
2431 1754 2809 1824 τεκμήρασθαι
2835 1755 2933 1824 τὴν
2962 1755 3281 1824 προαιώνιον
3320 1754 3568 1820 γένεσιν;
3604 1753 3708 1804 Καὶ
3733 1752 3830 1820 τὴν

573 1855 702 1895 nere
722 1843 974 1910 oportet?
1003 1844 1114 1914 Ego
1135 1843 1351 1913 quidem
1383 1845 1656 1898 neminem
1685 1858 1748 1897 eo
1775 1844 2001 1897 insaniae
2032 1858 2149 1898 ven-

2254 1847 2436 1914 κοινὴν
2469 1845 2630 1911 φύσιν
2661 1844 2974 1898 διδάσκαλον
3005 1845 3103 1914 τῆς
3133 1844 3226 1896 τοῦ
3277 1843 3616 1912 Μονογενοῦς
3659 1843 3828 1912 ὑπαρ-

572 1941 757 1986 turum
788 1949 912 1989 esse
936 1936 1292 2004 speraverit",
1329 1943 1386 1987 ut
1416 1935 1524 1990 tale
1545 1935 1675 2004 quid
1695 1942 1885 1989 contra
1909 1934 2150 1988 divinam

569 2026 978 2094 generationem
1015 2027 1346 2096 cogitatione
1377 2027 1652 2082 informet.
1697 2025 1912 2092 Omnis,
1949 2026 2148 2096 inquit,

569 2116 851 2185 generatio
897 2117 951 2170 in
1007 2117 1277 2172 infinitum
1325 2133 1434 2173 non
1480 2119 1814 2174 extenditur.
1864 2119 2150 2184 Quodnam

566 2212 652 2259 est
687 2207 1060 2275 generationis
1101 2207 1509 2277 significatum?
1540 2209 1623 2261 An
1651 2223 1906 2262 carneam
1940 2217 1992 2261 et
2025 2223 2149 2261 cor-

567 2309 788 2363 porcam
821 2297 1236 2366 conceptionem
1268 2297 1420 2360 dicit,
1456 2298 1542 2352 vel
1575 2299 1999 2352 inanimatorum
2028 2313 2152 2351 con-

565 2387 967 2440 structionem?
998 2387 1090 2441 sed
1125 2389 1492 2458 corporalium
1525 2390 1937 2460 generationum
1979 2391 2150 2442 mani-

567 2473 690 2530 festi
717 2485 846 2531 sunt
871 2476 1107 2533 affectus
1134 2496 1272 2549 quos
1296 2480 1480 2535 nullus
1501 2480 1567 2534 ad
1595 2479 1836 2533 divinam
1873 2480 2149 2548 operatio-

566 2584 689 2622 nem
716 2569 1059 2624 transferret.
1088 2571 1264 2639 Atque
1284 2583 1340 2625 ut
1366 2587 1474 2626 non
1502 2581 1713 2626 natura:
1749 2586 1914 2640 opera
1941 2571 2150 2626 deseri-

566 2660 746 2715 bendo
763 2676 944 2714 sermo
967 2677 1410 2730 supervacaneus
1429 2680 1551 2718 esse
1573 2664 1843 2724 videatur,
1871 2666 1982 2716 luce
2018 2665 2146 2716 talia

563 2752 781 2807 silentio
816 2753 1053 2808 involuta
1077 2757 1502 2824 prieteribimus:
1529 2757 1771 2824 cujusvis
1797 2758 1940 2810 enim
1970 2765 2148 2810 mente

565 2845 779 2915 pra-diti
820 2862 945 2900 esse
975 2848 1236 2911 arbitror,
1288 2863 1316 2901 a
1351 2849 1534 2918 seipse
1565 2864 1895 2919 cognoscere
1925 2864 2145 2910 causas,

566 2939 868 2993 secundum
899 2955 1038 3010 quas
1061 2943 1340 3010 generatio
1363 2943 1696 3004 extenditur,
1721 2959 1783 2997 ea
1809 2959 2000 3012 nempe
2029 2931 2150 3012 quae

565 3033 756 3101 incipit
781 3040 834 3086 et
859 3033 1097 3088 desinit:
1138 3033 1358 3103 longum
1386 3035 1530 3088 enim
1557 3043 1704 3089 esset
1733 3044 1787 3090 et
1811 3036 2146 3105 superfluum

2254 1935 2389 2001 ξεως
2423 1934 2820 2006 προϐάλλεσθαι
2857 1938 2961 2006 χρή
2988 1952 3002 1999 ;
3053 1934 3192 2003 Ἐγὼ
3224 1934 3322 2004 μὲν
3355 1935 3455 1986 οὐκ
3481 1932 3548 1986 ἂν
3578 1934 3668 1985 ἐπὶ
3705 1949 3829 1984 τοσ-

2252 2026 2406 2079 οῦτον
2445 2027 2618 2081 ἐλθεῖν
2645 2044 2766 2080 τινα
2817 2027 3013 2098 μανίας
3063 2026 3367 2098 ἐλπίσαιμι,
3399 2026 3474 2089 ὡς
3517 2025 3752 2079 τοιοῦτόν
3775 2043 3828 2078 τι

2253 2121 2393 2175 κατὰ
2425 2122 2525 2192 τῆς
2572 2121 2722 2186 θείας
2760 2123 2853 2175 καὶ
2899 2123 3176 2192 ἀκηράτου
3225 2121 3596 2192 φαντασθῆναι
3635 2121 3827 2189 γεννή-

2255 2231 2408 2276 σεως.
2439 2214 2622 2278 Πᾶσα,
2653 2215 2817 2283 φησι,
2845 2213 3096 2282 γέννησις
3143 2211 3244 2265 οὐκ
3275 2212 3360 2263 ἐπ’
3405 2212 3628 2280 ἄπειρον
3657 2209 3831 2263 ἐκτεί-

2252 2322 2420 2358 νεται.
2454 2304 2517 2356 Τί
2546 2304 2605 2356 τὸ
2634 2303 2734 2373 τῆς
2776 2303 3078 2375 γεννήσεως
3105 2305 3220 2356 ἐστι
3261 2302 3690 2373 σημαινόμενονς
3717 2303 3827 2372 Τὴν

2253 2396 2503 2470 σαρκώδη
2553 2397 2646 2451 καὶ
2706 2399 3018 2468 σωματικὴν
3072 2397 3376 2468 ἀποκύησιν
3433 2397 3682 2466 λέγει,ἢ
3728 2397 3827 2466 τὴν

2252 2489 2593 2561 κατασκευὴν
2624 2491 2733 2544 τῶν
2755 2491 3008 2561 ἀψύχων;
3043 2490 3202 2544 Ἀλλὰ
3231 2491 3338 2544 τῶν
3371 2491 3468 2560 μὲν
3503 2489 3826 2560 σωματικῶν

2250 2582 2554 2652 γεννήσεων
2588 2583 2797 2651 φανερὰ
2825 2581 2892 2635 τὰ
2948 2583 3268 2652 παθήματα,
3299 2579 3442 2650 άπερ
3483 2581 3585 2633 οὐκ
3633 2581 3697 2634 ἄν
3742 2597 3827 2642 τις

2250 2675 2343 2728 ἐπὶ
2370 2675 2467 2746 τὴν
2498 2675 2647 2729 θείαν
2677 2675 2927 2745 γέννησιν
2965 2676 3280 2748 μεταφέροι.
3314 2673 3414 2728 Καὶ
3450 2674 3524 2741 ὡς
3553 2673 3618 2727 ἂν
3649 2675 3722 2745 μὴ
3757 2675 3827 2726 τὰ

2250 2765 2346 2834 τῆς
2376 2765 2588 2833 φύσεως
2638 2765 2774 2835 ἔργα
2817 2765 3134 2836 διαγράφων
3158 2769 3185 2819 ό
3218 2765 3374 2834 λόγος
3418 2765 3710 2836 παρέλκειν
3737 2765 3825 2817 δο-

2250 2860 2395 2928 κοίη,
2423 2861 2598 2929 σιωπῇ
2632 2859 2698 2910 τὰ
2744 2857 2964 2911 τοιαῦτα
3009 2857 3488 2928 παρελευσόμεθα⁹
3516 2857 3716 2919 παντὸς
3751 2854 3829 2908 οἷ·

2255 2968 2351 3022 μαι
2374 2950 2466 3002 τοῦ
2491 2967 2552 3018 γε
2597 2949 2716 3002 νοῦν
2747 2951 3086 3020 ἓχοντος,ἀερ’
3123 2948 3314 3002 ἐαυτοῦ
3345 2948 3701 3017 γινώσκοντος
3729 2947 3826 3012 τὰς

2251 3041 2428 3104 αἰτίας
2449 3042 2570 3095 καθ’
2588 3041 2654 3105 ἃς
2681 3043 2714 3112 ἡ
2745 3041 2997 3112 γέννησις
3018 3042 3422 3113 παρατείνεται,
3438 3042 3534 3094 καὶ
3553 3039 3825 3110 ἀρχομένη

565 3123 730 3177 simul
765 3125 949 3178 omnia
983 3133 1240 3178 accurata
1279 3126 1584 3182 subtilitate
1633 3136 1687 3181 et
1739 3127 2017 3198 diligentia
2053 3145 2149 3183 ex-

2252 3135 2344 3188 καὶ
2385 3134 2656 3206 λήγουσα·
2685 3133 2892 3204 μακρὸν
2927 3133 3035 3204 γὰρ
3062 3133 3126 3187 ἂν
3169 3135 3249 3205 εἴη
3296 3134 3387 3186 καὶ
3435 3131 3684 3203 περιττὸν
3712 3132 3827 3201 ἅμα

566 3231 789 3285 pauere,
823 3216 1201 3286 generantium
1229 3231 1606 3288 congressum,
1639 3225 1693 3273 et
1732 3218 1790 3272 in
1825 3219 2147 3282 visceribus,

564 3309 684 3377 ejus
736 3309 828 3378 qui
868 3316 1160 3380 generatur
1214 3308 1618 3374 formationem,
1672 3326 1836 3366 acres
1889 3311 2151 3380 parientis

564 3397 806 3464 dolores,
845 3407 1082 3470 partum,
1129 3400 1332 3465 locum,
1366 3407 1603 3470 tempus,
1652 3401 1770 3455 sine
1799 3400 1998 3470 quibus
2029 3416 2152 3455 cor-

566 3492 714 3562 poris
749 3496 1028 3561 generatio
1086 3500 1342 3548 constare
1370 3507 1479 3545 non
1523 3500 1728 3560 potest.
1785 3490 1917 3557 Quae
1964 3493 2149 3546 omnia

565 3583 846 3654 aéqualiter
900 3583 968 3638 ab
1017 3582 1293 3653 Unigeniti
1354 3584 1711 3653 generatione
1774 3583 1957 3636 divina
2022 3591 2150 3636 sunt

566 3677 767 3731 aliena.
802 3675 856 3729 Si
890 3677 1034 3729 enim
1087 3691 1255 3728 unum
1311 3673 1444 3745 quid
1498 3674 1694 3728 horum
1745 3675 1933 3729 datum
1979 3683 2147 3734 esset,

567 3766 778 3835 reliqua
823 3764 1008 3818 omnia
1048 3764 1366 3819 necessario
1414 3771 1846 3833 consequentur.
1881 3763 1950 3818 Ut
1985 3763 2151 3833 igitur

567 3857 713 3911 omni
747 3856 1080 3926 cogitatione
1107 3854 1392 3910 affectibus
1429 3855 1682 3909 immersa
1714 3864 2048 3926 expurgetur
2075 3854 2151 3908 di-

569 3949 1037 4018 vinagcneratio,
1082 3963 1259 4018 neque
1285 3947 1588 4001 intervallis
1616 3946 1928 4002 distinctam
1968 3948 2021 4000 in
2057 3947 2147 4000 illa

567 4040 943 4096 extensionem
978 4041 1366 4110 intelligamus.
1401 4037 1557 4104 Quod
1581 4039 1723 4092 enim
1756 4038 1947 4109 incipit
1975 4049 2026 4094 et
2059 4040 2149 4094 de-

568 4131 720 4197 sinit,
775 4131 828 4184 in
885 4132 1122 4200 quadam
1177 4130 1499 4186 extensione
1553 4145 1779 4200 prorsus
1842 4139 2144 4200 spectatur.

567 4223 761 4279 Omnis
800 4231 980 4277 autem
1012 4223 1261 4278 extensio
1301 4221 1566 4292 temporis
1601 4237 1860 4276 mensura
1896 4237 2147 4291 compre-

567 4317 847 4372 henditur.
880 4316 1016 4370 Cum
1050 4323 1232 4368 autem
1263 4321 1479 4384 tempus
1507 4329 1614 4366 non
1644 4313 1737 4376 sit,
1772 4328 1884 4382 quo
1908 4320 1960 4367 et
1986 4313 2146 4368 ﬁnem

567 4417 622 4464 et
651 4409 980 4480 principium
1001 4416 1199 4477 partus
1229 4415 1506 4470 notamus,
1543 4420 1744 4460 vanum
1779 4404 1943 4458 fuerit
1984 4405 2144 4459 tinem

2253 3227 2430 3280 πάντα
2480 3226 2546 3279 δι’
2580 3225 2861 3296 ἀκριϐείας
2911 3224 3251 3284 ἐκτίθεσθαι.
3303 3226 3401 3295 τὴν
3457 3225 3671 3278 σύνοδον
3718 3225 3826 3276 τῶν

2253 3317 2585 3384 γεννώντων,
2620 3318 2718 3388 τὴν
2759 3319 2816 3368 ἐν
2843 3319 2952 3380 τοῖς
3003 3317 3329 3386 σπλάγχνοις
3351 3316 3443 3369 τοῦ
3486 3317 3825 3385 γεννωμένου

2250 3410 2556 3473 διάπλασιν,
2587 3409 2688 3480 τὴν
2721 3409 2905 3472 ὠδῖνα,
2931 3410 3022 3462 τὸν
3049 3409 3227 3475 τόκον,
3253 3409 3343 3461 τὸν
3372 3409 3554 3471 τόπον,
3585 3409 3675 3462 τὸν
3701 3411 3827 3481 χρόα

2251 3522 2362 3569 νον,
2386 3496 2461 3556 ὧν
2489 3504 2615 3557 ἄνευ
2655 3501 2754 3554 οὐκ
2801 3501 2914 3555 ἐστι
2959 3501 3217 3571 συστῆναι
3261 3501 3511 3572 σώματος
3553 3503 3823 3573 γέννησιν.

2254 3591 2433 3660 Ἂπερ
2465 3588 2660 3656 ἐπίσης
2687 3589 2865 3642 πάντα
2895 3587 2998 3658 τῆς
3029 3588 3177 3649 θείας
3203 3591 3508 3659 γεννήσεως
3533 3590 3627 3643 τοῦ
3655 3593 3828 3644 Μονο-

2250 3681 2441 3750 γενοῦς
2482 3681 2854 3751 ἠλλοτρίωται.
2876 3680 2936 3732 Εἰ
2964 3678 3072 3750 γὰρ
3107 3679 3166 3732 ’ἐν
3198 3697 3249 3732 τι
3281 3680 3481 3732 τούτων
3518 3681 3826 3753 δοθείη.καὶ

2249 3771 2319 3823 τὰ
2364 3770 2527 3824 λοιπὰ
2566 3769 2707 3823 κατὰ
2747 3769 2923 3822 πάντα
2962 3769 3172 3839 ἀνάγκη
3219 3769 3696 3824 συνεισελεύσεται.
3738 3773 3827 3836 Ὧς

2253 3863 2318 3916 ἂν
2350 3858 2441 3915 οὖν
2473 3859 2766 3930 καθαρεύοι
2808 3859 2984 3930 πάσης
3022 3858 3301 3930 ἐμπαθοῦς
3351 3859 3586 3924 διανοίας
3632 3863 3664 3931 ἡ
3705 3861 3826 3914 θεία

2251 3954 2521 4023 γέννησις,
2576 3951 2696 4004 οὐδὲ
2753 3950 2850 4020 τὴν
2904 3949 3334 4020 διαστηματικὴν
3384 3952 3688 4021 παράτασιν
3739 3953 3825 4003 ἐπ’

2251 4047 2463 4115 ἐκείνης
2492 4046 2790 4116 νοήσωμεν.
2826 4043 2898 4094 Τὸ
2928 4041 3034 4111 γάρ
3067 4043 3365 4115 ἀρχόμενον
3397 4045 3489 4096 καὶ
3521 4046 3826 4114 παυόμενον

2250 4141 2308 4191 ἐν
2339 4137 2644 4208 παρατάσει
2669 4137 2775 4187 τινὶ
2805 4137 3086 4207 θεωρεῖται
3109 4135 3342 4199 πάντως.
3383 4137 3537 4188 Πᾶσα
3565 4137 3620 4188 δέ
3651 4139 3829 4206 παράς

2248 4247 2404 4293 τασις
2453 4229 2628 4298 χρόνῳ
2669 4227 3074 4298 διαμετρεῖται·
3117 4227 3306 4297 χρόνου
3351 4227 3405 4279 δὲ
3455 4227 3528 4298 μὴ
3573 4229 3740 4290 ὄντος,
3780 4223 3826 4296 ᾧ

2249 4322 2343 4374 καὶ
2381 4321 2530 4382 τέλος
2561 4319 2655 4371 τοῦ
2684 4319 2841 4370 τόκου
2867 4321 2959 4371 καὶ
2989 4317 3160 4388 ἀρχὴν
3190 4317 3825 4388 σημειούμεθα,μάταιον

2251 4414 2314 4466 ἂν
2339 4414 2422 4482 εἴη
2448 4412 2594 4474 τέλος
2617 4412 2708 4463 καὶ
2737 4409 2908 4482 ἀρχὴν
2931 4410 3021 4461 ἐπὶ
3042 4409 3141 4478 τῆς
3171 4409 3488 4463 ἀδιαστάτου
3519 4411 3825 4478 γεννήσεως

566 4511 622 4555 et
674 4501 1004 4571 principium
1055 4500 1108 4552 in
1159 4498 1513 4569 generatione
1556 4497 1897 4552 dimensione
1926 4505 2148 4551 careute

2253 4502 2693 4564 ἐννοεῖν,οὐδενὸς
2722 4499 3108 4570 εὑρισκομένου
3138 4499 3500 4569 σημειωτικοῦ
3531 4502 3822 4570 νοήματος,

570 4594 895 4664 intelligere,
923 4607 1048 4645 cum
1081 4591 1232 4645 nulla
1259 4591 1569 4645 inveniatur
1603 4606 1722 4659 quia:
1753 4590 1932 4660 signet
1971 4591 2146 4655 notio,

567 4705 746 4761 neque
778 4689 831 4742 in
863 4704 972 4756 quo
1004 4685 1216 4755 incipit,
1252 4700 1429 4753 neque
1455 4685 1522 4738 ad
1556 4684 1703 4753 quod
1736 4683 1960 4748 desinit.
1991 4682 2146 4750 Quod

568 4783 613 4836 si
650 4781 715 4834 ad
749 4779 1079 4833 inanimatas
1107 4783 1390 4831 creaturas
1423 4775 1623 4838 cernit,
1651 4783 1705 4830 et
1739 4775 1793 4828 in
1824 4775 1928 4829 illis
1957 4775 2148 4830 eodem

569 4871 732 4924 modo
759 4879 814 4924 et
843 4870 1018 4930 locus,
1041 4875 1094 4920 et
1128 4875 1365 4936 tempus,
1396 4873 1449 4920 et
1481 4867 1729 4929 materia,
1755 4874 1808 4920 et
1828 4874 2148 4936 apparatus,

567 4971 622 5016 et
661 4961 894 5015 facultas
928 4970 1045 5014 arte
1075 4958 1380 5028 operantis,
1413 4959 1690 5026 multaque
1730 4957 1857 5010 talia
1913 4973 2149 5012 concur-

571 5053 767 5116 rentia,
812 5051 864 5105 id
912 5051 1057 5122 quod
1102 5052 1158 5105 fit
1194 5050 1260 5104 ad
1312 5048 1701 5120 perfectionem
1753 5050 2048 5104 adducunt.
2083 5050 2150 5104 Et

569 5145 830 5214 quoniam
866 5160 990 5197 cum
1012 5143 1269 5198 omnibus
1291 5159 1411 5212 qute
1441 5158 1534 5212 per
1555 5141 1960 5212 generationem
1989 5141 2146 5205 fiunt,

569 5235 798 5290 omnino
837 5235 998 5290 simul
1039 5233 1350 5288 extenditur
1384 5241 1619 5301 tempus,
1661 5239 1714 5285 et
1755 5233 2149 5300 praestructiva:

568 5327 734 5382 etiam
769 5325 838 5380 ad
886 5327 938 5380 id
976 5325 1122 5396 quod
1151 5325 1378 5379 efﬁcitur
1411 5325 1730 5379 occasiones
1778 5323 1940 5376 simul
1985 5323 2147 5376 intel-

569 5420 838 5489 liguntur,
862 5433 984 5470 cum
1015 5433 1080 5470 eo
1097 5415 1240 5484 quod
1271 5425 1508 5480 creatur,
1537 5414 1795 5483 sivequid
1819 5415 2144 5477 animatum,

573 5511 689 5564 sive
707 5509 1064 5562 inanimatum
1081 5506 1170 5570 sit,
1198 5504 1486 5559 manifesta
1504 5504 1625 5557 licet
1645 5504 1910 5566 invenire,
1934 5514 1987 5557 et
2004 5504 2150 5572 prin-

571 5601 712 5672 cipia
739 5617 797 5654 ιιι
823 5601 998 5665 his,et
1016 5609 1258 5653 extrema
1276 5597 1706 5652 constitutionis.
1739 5595 1950 5650 Etenim
1973 5604 2145 5650 mate-

575 5695 667 5747 τίκ»
685 5692 862 5762 copia,
882 5691 1212 5760 principium
1229 5690 1349 5757 ejus
1365 5689 1506 5758 quod
1527 5687 1868 5742 construitur
1885 5687 2138 5752 efﬁcitur,

566 5784 817 5839 etlo‘cale
853 5781 1126 5852 quoddam
1166 5782 1379 5851 signum
1424 5781 1570 5851 quod
1604 5788 1819 5850 tempus
1856 5781 2140 5849 consequi-

2249 4595 2369 4648 οὔτε
2405 4595 2461 4648 ἐν
2482 4587 2525 4661 ᾧ
2555 4592 2801 4663 ἄρχεται,
2838 4591 2959 4644 οὔτε
2996 4594 3075 4655 εἰς
3102 4593 3129 4644 ὃ
3156 4592 3471 4662 καταλήγει.
3511 4593 3571 4644 ΕΞ
3602 4592 3657 4644 δὲ
3686 4592 3824 4661 πρὸς

2248 4685 2316 4739 τὰ
2371 4685 2550 4754 ἄψυχα
2605 4683 2713 4735 τῶν
2765 4683 3079 4754 κτισμάτων
3138 4684 3273 4754 ὁρᾷ,
3323 4683 3418 4734 καί
3474 4683 3560 4734 ἐπ’
3600 4683 3825 4733 ἐκείνων

2249 4776 2527 4838 ὡσαύτως,
2555 4776 2648 4828 καὶ
2679 4774 2861 4838 τόπος,
2895 4775 2987 4826 καὶ
3015 4774 3223 4844 χρόνος,
3246 4774 3340 4827 καὶ
3382 4773 3502 4842 ὕλη,
3524 4773 3618 4825 καὶ
3647 4790 3793 4844 παρα
3813 4806 3824 4813 -

2251 4868 2452 4939 σκευὴ,
2483 4869 2572 4920 καὶ
2601 4867 2829 4937 δύναμις
2877 4865 2970 4919 τοῦ
3021 4866 3450 4937 τεχνιτεύοντος,
3499 4867 3592 4920 καὶ
3654 4867 3824 4918 πολῖιὰ

2247 4959 2471 5012 τοιαῦτα
2498 4957 2868 5028 συνδραμόντα
2889 4957 3257 5028 τελεσιουργεῖ
3288 4959 3348 5011 τὸ
3385 4960 3686 5029 γινόμενον.
3713 4961 3824 5011 Καὶ

2250 5050 2372 5103 ἐπεὶ
2417 5050 2549 5101 πᾶσι
2591 5049 2704 5110 τοῖς
2735 5046 3034 5117 γινομένοις
3067 5049 3561 5118 συμπαρατείνεται
3607 5049 3822 5110 πάντως

2247 5147 2274 5197 ὁ
2294 5142 2504 5214 χρόνος,
2537 5143 2631 5194 καὶ
2659 5142 2714 5192 αἱ
2748 5141 3246 5194 κατασκευαστικαὶ
3270 5141 3404 5211 πρὸς
3440 5141 3500 5192 τὸ
3539 5141 3822 5210 γινόμενον

2248 5234 2495 5305 ἀφορμαὶ
2523 5231 2958 5285 σνδνεπινοοῦνται
2999 5230 3163 5284 παντὶ
3209 5231 3288 5302 τῷ
3341 5232 3673 5301 κτιζομένῳο
3715 5231 3821 5284 κᾶν

2248 5324 2489 5394 ἔμψυχόν
2519 5341 2591 5385 τι,
2623 5322 2722 5376 κᾶν
2751 5322 2952 5391 ἄψυχον
2981 5317 3038 5396 ᾖ,
3076 5324 3310 5391 φανερὰς
3349 5319 3493 5374 ἐστιν
3517 5323 3695 5392 εὑρεῖν
3727 5324 3823 5374 καὶ

2246 5418 2343 5481 τὰς
2374 5417 2549 5485 ἀρχὰς
2580 5415 2672 5467 ἐπί
2697 5413 2899 5466 τούτων
2938 5414 3030 5465 καὶ
3064 5413 3162 5477 τὰς
3214 5413 3470 5476 τελευτὰς
3506 5413 3602 5481 τῆς
3635 5413 3818 5464 συστα-

2249 5525 2404 5570 σεως.
2450 5507 2558 5560 Καὶ
2600 5507 2713 5575 γὰρ
2752 5503 2844 5557 καὶ
2874 5503 3004 5572 ὕλης
3035 5503 3299 5574 πορισμὸς
3337 5502 3478 5573 ἀρχὴ
3519 5502 3611 5554 τοῦ
3649 5520 3818 5554 κατας

2249 5599 2622 5668 σκευάσματος
2673 5596 2898 5665 γίνεται,
2949 5596 3040 5648 καὶ
3077 5595 3297 5650 τοπικόν
3348 5613 3398 5648 τι
3453 5598 3676 5663 σημεῖον
3728 5593 3821 5646 καὶ

2251 5690 2538 5745 ἀκόλουθον
2570 5689 2777 5760 χρόνου.
2824 5687 3010 5741 Πάντα
3046 5686 3215 5740 ταῦτα
3257 5686 3354 5751 τὰς
3397 5689 3571 5758 ἀρχὰς
3620 5686 3714 5738 καὶ⁵
3751 5687 3819 5737 τα

2249 5783 2373 5854 τέλη
2404 5783 2514 5844 τοῖς
2541 5779 2845 5849 γινομένοις
2872 5777 3063 5849 ὁρίζει,
3101 5778 3195 5832 καὶ
3212 5777 3312 5832 οὐκ
3340 5778 3404 5832 ἄν
3425 5794 3505 5841 τις
3528 5776 3666 5830 εῐποι
3701 5791 3819 5826 κοι-
