4142 6374
384 402 492 460 815

1512 408 1793 468 CONTRA
1833 413 2223 479 EUNOMIUM,
2266 413 2396 467 LIB.
2426 412 2515 467 IX.

3544 401 3649 457 8H

386 519 582 576 νωνίαν
637 518 779 589 ἔχειν
815 519 937 573 τινά
965 521 1138 577 ταῦτα
1175 524 1309 595 πρὸς
1356 523 1455 595 τὴν
1494 528 1819 599 προαιώνιον
1862 529 1959 583 τοῦ

2079 540 2185 585 tur.
2210 529 2335 584 Hmc
2359 527 2539 582 omnia
2560 523 2823 596 principia
2840 532 2892 577 et
2910 522 3054 576 ﬁnes
3075 520 3161 575 his
3179 534 3297 589 qua:
3316 516 3451 572 ﬁunt
3471 518 3651 572 deter-

389 611 710 685 μονογενοῦς
752 611 887 665 Θεοῦ
921 612 1174 684 ὓπαρξιν.
1214 616 1375 669 Ὥστε
1408 617 1498 672 διὰ
1542 618 1653 673 τῶν
1684 614 1784 673 ὧδε
1826 620 1959 674 θεω-

391 704 687 777 ρουμένων,
720 703 892 775 ἀρχήν
923 722 1045 757 τινα
1086 706 1180 759 καὶ
1210 706 1362 770 τέλος
1394 710 1485 762 ἐπὶ
1523 712 1623 782 τῆς
1661 713 1961 783 γεννήσεως

387 794 603 862 ἔκείνης
638 792 1073 861 ἀναλογίζεσθαι.

456 975 676 1030 Τούτων
702 973 793 1031 οὖν
827 979 960 1049 ἡμῖν
987 977 1130 1033 οὕτω
1152 979 1522 1053 διῃρημένων,
1554 982 1714 1035 πάλιν
1758 983 1847 1036 τὸν
1875 984 1963 1037 λό-

387 1086 481 1138 γον
510 1069 617 1122 τῶν
644 1068 898 1123 ἐναντίων
920 1072 1361 1143 κατανοήσωμεν.
1380 1074 1588 1145 ΙΙάσης,
1608 1077 1757 1145 φησι,
1777 1077 1966 1147 γεννή-

392 1178 529 1224 σεως
561 1162 658 1215 οὐκ
680 1164 767 1214 ἐπ’
789 1163 1013 1234 ἄπειρον
1050 1165 1450 1235 ὲκτεινομένης,
1473 1165 1586 1218 ἀλλ’
1628 1165 1709 1230 είς
1736 1184 1789 1219 τι
1814 1167 1967 1232 τέλος

391 1252 827 1324 καταληγούσης.
868 1254 1084 1326 Ἐπειδὴ
1138 1256 1316 1309 τοίνυν
1357 1256 1605 1327 νενόηται
1627 1257 1688 1310 τὸ
1715 1257 1815 1328 τῆς
1845 1276 1969 1327 γεν-

394 1346 597 1416 νήσεως
644 1345 1059 1415 σημαινόμενον,
1089 1345 1209 1400 καθ’
1249 1347 1515 1412 ἑκατέραν
1555 1346 1798 1416 ἔννοιαν,
1858 1352 1967 1404 εἴτε

393 1436 487 1508 τὴν
508 1437 809 1507 ἀποκύησιν
828 1438 936 1490 τῶν
964 1439 1313 1509 σωματικῶν,
1341 1443 1450 1498 εἴτε
1507 1440 1606 1511 τὴν
1628 1444 1971 1511 κατασκευὴν

392 1529 565 1581 ἐθέλοι
594 1528 701 1581 τῶν
727 1529 1041 1595 κτισμάτων
1061 1529 1137 1601 τῷ
1158 1530 1385 1602 τοιούτῳ
1406 1533 1687 1603 σημαίνειν
1711 1533 1933 1604 ὀνόματι
1954 1549 1968 1563 ·

391 1616 466 1675 ὧν
504 1621 784 1690 οὐδέτερον
825 1622 918 1674 ἐπὶ
958 1623 1057 1691 τῆς
1090 1623 1369 1693 ἀκηράτου
1400 1624 1613 1693 φύσεως
1652 1624 1750 1696 τὴν
1782 1642 1972 1677 κοινω-

395 1713 509 1767 νίαν
538 1713 670 1783 ἔχει,
693 1712 947 1785 ἀλλοτρία
970 1712 1233 1766 δέδεικται
1264 1712 1356 1767 τοῦ
1389 1714 1749 1787 προκειμένου
1776 1716 1809 1786 ή
1836 1716 1972 1786 πρό-

394 1819 574 1865 τασις·
606 1803 667 1855 ού
694 1802 800 1873 γὰρ
822 1803 1010 1874 ἐπειδὴ
1054 1805 1205 1857 πᾶσα
1248 1804 1463 1875 ποίησίς
1494 1823 1553 1857 τε
1595 1805 1690 1857 καὶ
1723 1805 1972 1877 γέννησις

395 1893 474 1955 είς
492 1910 543 1944 τι
568 1893 863 1964 καταλήγει
900 1895 1095 1965 πέρας,
1120 1895 1331 1966 ἀνάγκη
1368 1898 1539 1959 πᾶσα,
1562 1895 1744 1959 καθὼς
1770 1898 1973 1959 ἐκεῖνος

394 1983 818 2047 κατασκευάζει,
835 1984 1074 2047 καὶτοὺς
1103 1985 1579 2056 παραδεξαμένους
1601 1985 1695 2038 τοῦ
1727 1985 1855 2038 Υἱοῦ
1879 1987 1976 2055 τὴν

395 2075 669 2144 γέννησιν,
698 2075 905 2138 διπλοῖς
933 2075 1102 2147 αὐτὴν
1140 2076 1339 2147 πέρασι
1390 2076 1769 2147 περιγράφειν,
1803 2076 1976 2146 ἀρχὴν

400 2168 494 2219 καὶ
524 2167 674 2229 τέλος
687 2169 777 2220 ’ἐπ’
802 2169 971 2239 αὐτῆς
992 2167 1322 2232 ἐννοοῦντας.
1347 2168 1498 2222 Μόνα
1523 2168 1631 2240 γὰρ
1657 2169 1723 2221 τὰ
1753 2167 1979 2238 πηλικό-

398 2275 519 2328 τητι
550 2260 910 2330 γεγραμμένα
933 2261 1060 2325 τινὶ,
1095 2261 1188 2314 καὶ
1213 2261 1435 2331 ἄρχεται
1464 2261 1739 2331 γινόμενα,
1774 2261 1866 2313 καὶ
1899 2262 1977 2323 εἰς

400 2350 572 2422 πέρας
600 2351 774 2421 λήγει.
802 2352 910 2404 Καὶ
946 2353 1007 2405 τὸ
1035 2354 1098 2405 ὲκ
1129 2351 1223 2405 τοῦ
1251 2353 1443 2424 χρόνου
1488 2352 1682 2423 μέτρον
1714 2352 1790 2423 τῷ
1827 2350 1978 2421 ποσῷ

400 2441 494 2496 τοῦ
520 2442 858 2511 γεννωμένου
883 2444 1360 2513 παρατεινόμενον,
1392 2443 1488 2515 τὴν
1514 2443 1687 2515 ἀρχὴν
1713 2443 1863 2514 παρά
1882 2442 1976 2495 τοῦ

400 2532 587 2596 τέλους
611 2534 843 2603 διΐστησι
875 2534 952 2604 τῷ
988 2534 1187 2605 μεταξὺ
1211 2536 1560 2607 διαστήματι.
1590 2535 1663 2587 Τὸ
1693 2534 1750 2588 δὲ
1779 2534 1979 2587 ἄποσον

403 2626 496 2678 καὶ
519 2626 856 2689 ἀδιάστατον,
875 2626 1072 2690 πῶςάν
1088 2645 1169 2693 τις
1186 2628 1219 2699 ἢ
1237 2627 1598 2698 μετρήσειενῆ
1619 2626 1976 2695 διαστήσειενς

404 2706 563 2771 Ποῖον
593 2719 684 2770 ἐπὶ
708 2718 803 2771 τοῦ
835 2719 1039 2773 ἀπόσου
1079 2720 1276 2793 μέτρον
1302 2719 1547 2790 εὐρὼν,ή
1575 2723 1722 2772 ποῖον
1757 2719 1848 2770 ἐπὶ
1883 2716 1977 2770 τοῦ

402 2809 718 2862 ἀδιαστάτου
732 2809 918 2881 διάστη
928 2828 1031 2881 μα;
1052 2810 1175 2873 Πῶς
1196 2811 1252 2863 δέ
1274 2829 1357 2874 τις
1376 2810 1434 2863 τὸ
1454 2812 1705 2880 ἀόριστον
1728 2809 1867 2861 τέλει
1886 2810 1980 2860 καὶ

403 2903 542 2971 ἀρχῇ
571 2901 924 2972 διαλήψεται;
969 2902 1134 2974 Ἀρχὴ
1168 2901 1276 2971 γάρ
1309 2903 1402 2957 καὶ
1428 2903 1599 2965 τέλος,
1626 2903 1733 2954 τῶν
1759 2900 1979 2969 διαστη-

407 2992 651 3061 ματικῶν
679 2993 929 3063 περάτων
946 2995 1395 3065 (α).Δεαστάσεως
1408 2994 1465 3047 δὲ
1482 2991 1555 3064 μὴ
1570 2991 1759 3063 οὔσης,
1777 2990 1897 3044 οὐδὲ
1921 2991 1980 3044 τὸ

406 3084 577 3153 πέρας
633 3084 808 3135 ἐστίν’
838 3084 975 3137 ἀλλά
1036 3082 1139 3154 μὴν
1168 3082 1485 3147 ἀδιάστατος
1529 3086 1563 3154 ή
1611 3083 1727 3136 θεία
1784 3083 1978 3152 φύσις·

2064 623 2296 685 minant,
2318 622 2609 688 nullusque
2636 615 2854 677 dixerit,
2878 615 2993 669 hate
3018 614 3255 682 aliquam
3280 610 3479 665 habere
3502 626 3655 664 com-

2064 713 2378 768 munionem
2423 726 2553 767 cum
2583 716 2919 764 anteacterna
2962 703 3237 775 Uuigeniti
3273 702 3654 756 subsistentia.

2064 804 2140 858 Ita
2166 816 2221 858 ut
2240 820 2333 874 per
2369 805 2482 857 hazc
2496 818 2617 871 qua:
2634 801 2715 856 sic
2740 806 3059 869 Spectantur
3087 794 3414 866 principium
3437 794 3657 862 aliquod

2065 903 2121 948 et
2146 894 2304 949 ﬁnem
2334 895 2386 947 in
2417 894 2504 947 illa
2531 892 2884 962 generatione
2909 894 3160 957 oporteat
3186 884 3369 937 animo
3393 882 3658 952 cogitare.

2137 992 2234 1047 liis
2261 994 2427 1063 igitur
2460 1008 2489 1045 a
2516 990 2677 1043 nobis
2706 988 2786 1041 sic
2815 985 3116 1045 distinctis,
3154 997 3350 1037 rursus
3390 981 3657 1036 refracta-

2065 1086 2272 1140 riorum
2302 1096 2609 1138 sermonem
2646 1077 3009 1149 pensitemus.
3044 1073 3178 1127 Cum
3214 1070 3416 1132 omnis,
3452 1070 3654 1140 inquit,

2068 1176 2348 1248 generatio
2379 1189 2489 1227 non
2525 1173 2579 1225 in
2614 1169 2886 1224 inﬁnitum
2932 1164 3280 1223 extendatur,
3338 1163 3433 1217 sed
3472 1162 3525 1215 in
3557 1162 3657 1214 ali-

2070 1284 2231 1338 quem
2285 1268 2443 1320 linem
2487 1262 2719 1318 desinat.
2753 1259 3026 1326 Quoniam
3078 1257 3243 1325 igitur
3274 1253 3654 1323 generationis

2070 1358 2436 1429 signiﬁcatum
2470 1356 2526 1409 in
2557 1364 2791 1424 utroque
2817 1368 2985 1408 sensu
3014 1350 3352 1403 intellectum
3392 1357 3495 1409 est,
3542 1348 3658 1401 sive

2071 1449 2441 1519 corporalium
2472 1454 2822 1517 conceptum,
2855 1445 2971 1500 sive
2994 1457 3186 1498 eorum
3212 1457 3333 1509 qum
3355 1449 3471 1493 arte
3496 1440 3651 1501 ﬁunt,

2072 1541 2197 1594 velil
2254 1520 2356 1593 hoc
2391 1537 2484 1591 tali
2533 1537 2754 1592 nomine
2798 1533 3273 1589 constructionem
3312 1529 3652 1600 signiﬁcare:

2072 1645 2305 1700 quorum
2342 1636 2597 1683 neutrum
2644 1627 2697 1680 in
2735 1623 3027 1680 immortali
3060 1631 3253 1677 natura
3304 1621 3656 1675 communio-

2073 1735 2197 1775 nem
2224 1719 2405 1781 habet,
2439 1718 2616 1772 aliena
2647 1730 2874 1786 prorsus
2905 1729 2935 1767 a
2966 1713 3219 1783 subjecto
3248 1710 3552 1781 propositio
3572 1717 3659 1763 est

2075 1814 2478 1868 demonstrata:
2519 1824 2626 1863 non
2658 1809 2801 1863 enim
2834 1809 3094 1878 quoniam
3137 1806 3319 1859 omnis
3353 1802 3569 1858 eﬁ'ectio
3603 1812 3660 1856 et

2077 1906 2353 1977 generatio
2401 1904 2455 1956 in
2493 1903 2728 1972 aliquem
2760 1901 3019 1954 desinunt
3062 1898 3377 1956 terminum.
3433 1894 3659 1949 omnino

2077 2014 2299 2054 necesse
2318 2005 2423 2057 est,
2448 1995 2589 2050 sicut
2617 1994 2707 2046 ille
2727 1991 3024 2061 praestruit,
3051 1997 3103 2043 et
3129 2004 3222 2042 eos
3246 1988 3336 2057 qui
3363 1985 3485 2040 Filii
3506 2002 3661 2056 gene-

2078 2089 2344 2141 rationem
2380 2084 2772 2154 approbarunt,
2807 2081 3023 2135 duobus
3061 2081 3233 2149 ipsum
3269 2076 3521 2130 terminis
3552 2076 3661 2128 cir-

2077 2178 2467 2243 cmnscribere,
2509 2175 2840 2247 principium
2872 2184 2927 2228 et
2961 2173 3121 2227 ﬁnem
3149 2179 3332 2224 mente
3347 2170 3661 2239 concipien—

2078 2276 2181 2322 tes.
2224 2270 2297 2322 Ea
2346 2268 2492 2322 enim
2544 2266 2660 2320 sola
2694 2280 2815 2335 (λικε
2843 2263 3150 2335 quantitate
3192 2262 3379 2330 aliqua
3422 2262 3662 2315 circum-

2079 2361 2419 2423 scribuntur,
2453 2366 2507 2414 et
2539 2358 2811 2427 incipiunt
2843 2355 2984 2420 ﬁeri,
3014 2362 3067 2409 et
3102 2355 3156 2407 in
3187 2354 3484 2409 terminum
3514 2350 3662 2406 desi-

2078 2461 2235 2505 nunt.
2263 2450 2327 2504 Et
2351 2466 2471 2520 qua:
2493 2461 2735 2519 tempore
2759 2457 2975 2503 constat
2996 2461 3271 2510 mensura,
3299 2445 3429 2499 dum
3456 2452 3662 2514 quanto

2079 2543 2200 2611 ejus
2254 2542 2400 2611 quod
2473 2548 2788 2611 generatur,
2846 2539 3183 2601 extenditur,
3243 2538 3575 2607 principium
3632 2552 3662 2590 a

2082 2634 2187 2689 ﬁne
2231 2632 2556 2689 intermedio
2602 2631 2893 2686 intervallo
2931 2630 3239 2700 distinguit.
3280 2629 3437 2695 Quod
3476 2638 3661 2683 autem

2080 2726 2403 2796 quantitatis
2450 2731 2536 2781 est
2586 2737 2807 2793 expers,
2849 2733 2905 2778 et
2936 2722 3279 2777 dimensione
3322 2728 3495 2783 caret,
3527 2736 3665 2789 quo-

2081 2818 2241 2871 modo
2284 2817 2408 2886 quis
2456 2816 2540 2871 vel
2573 2815 2826 2870 metietur
2862 2813 2949 2869 vel
2974 2813 3313 2883 distinguet?
3355 2812 3661 2879 Quamnam

2079 2910 2133 2963 in
2171 2925 2278 2964 non
2312 2916 2519 2978 quanto
2557 2921 2891 2972 mensuram,
2928 2907 3013 2960 vel
3043 2908 3317 2975 quodnam
3347 2907 3400 2959 in
3429 2920 3495 2959 eo
3519 2904 3663 2975 quod

2081 2998 2282 3051 nullam
2316 2997 2478 3051 habet
2516 2995 2933 3058 dimensionem,
2976 2995 3322 3051 intervallum
3354 2992 3666 3050 invenerit?

2081 3086 2363 3153 Quomodo
2391 3086 2537 3156 quod
2572 3086 2841 3139 inﬁnitum
2877 3093 2982 3147 est,
3023 3085 3129 3138 ﬁne
3161 3094 3213 3139 et
3246 3084 3521 3155 principio
3553 3085 3667 3137 dis-

404 3176 722 3237 ἀδιάστατος
742 3175 799 3227 δὲ
829 3171 982 3239 οὖσα,
1009 3175 1179 3245 πέρας
1211 3176 1310 3227 οὐκ
1339 3175 1468 3245 ἔχει.
1502 3176 1576 3227 Τὸ
1605 3175 1661 3227 δὲ
1690 3175 1976 3246 ἀπεράτω-

2085 3178 2307 3247 pescet?
2350 3176 2485 3231 Nam
2533 3177 2862 3249 principium
2893 3185 2946 3229 et
2986 3177 3137 3240 ﬁnis,
3190 3184 3319 3230 sunt
3365 3176 3434 3229 de
3464 3191 3667 3242 genere

401 3285 515 3328 τον,
550 3267 774 3336 ἀπειρόν
823 3269 939 3320 ἐστί
983 3285 1043 3320 τε
1094 3269 1185 3321 καὶ
1238 3269 1472 3337 λέγεται.
1496 3267 1741 3321 Μάταιον
1779 3269 1889 3339 ἄρα
1924 3268 1983 3319 τὸ

405 3360 628 3429 ἄπειρον
657 3361 796 3430 ἀρχῇ
825 3359 917 3412 καὶ
942 3359 1163 3431 τελευτῇ
1192 3361 1555 3432 περιγράφειν
1578 3376 1590 3389 ⁸
1616 3361 1676 3413 τὸ
1705 3361 1812 3432 γάρ
1834 3379 1987 3433 περι-

403 3451 785 3521 γεγραμμένον
824 3450 1048 3522 ἀπειρον
1092 3447 1229 3504 εἶναι
1265 3453 1326 3504 οὐ
1368 3450 1609 3505 δύναται.
1636 3452 1803 3504 Πόθεν
1831 3448 1926 3505 οὖν
1958 3454 1987 3503 ὁ

403 3542 746 3605 Πλατωνικὸς
775 3536 929 3605 οὗτος
955 3544 1213 3615 Φαῖδρος,
1230 3544 1299 3595 τά
1324 3544 1453 3615 περὶ
1495 3543 1670 3614 ψυχῆς
1690 3546 1805 3596 ἐκεῖ
1838 3545 1986 3612 φιλο-

406 3633 705 3703 σοφηθέντα
725 3632 802 3703 τῷ
830 3634 1074 3687 Πλάτωνι
1103 3637 1212 3697 τοῖς
1264 3633 1410 3696 ίδίοις
1440 3634 1700 3703 δόγμασιν
1744 3637 1981 3705 ἀσυναρ-

402 3728 578 3796 τήτως
609 3726 905 3795 expiasse;
950 3726 1035 3788 Ὠς
1067 3725 1174 3796 γὰρ
1207 3726 1409 3788 ἐκεῖνος
1453 3725 1569 3777 ἐκεῖ
1617 3724 1831 3778 παῦσαν
1864 3723 1982 3777 εἷπε

406 3819 689 3889 κινήσεως,
725 3817 865 3870 οὕτω
914 3816 1127 3869 παῦσαν
1168 3816 1260 3868 καὶ
1290 3808 1443 3877 οὗτος
1476 3816 1777 3885 γεννήσεως
1812 3818 1983 3869 εἰπεῖν

406 3909 769 3980 ἐπεθύμησεν,
802 3909 876 3972 ὡς
898 3909 961 3961 ἂν
997 3908 1121 3971 τοὺς
1165 3907 1423 3977 ἀπείρους
1453 3906 1656 3959 τούτων
1680 3912 1797 3970 ταῖς
1841 3909 1981 3960 Πλα-

404 4006 659 4067 τωνικαῖς
688 4002 1075 4070 καλλιφωνίαις
1116 4000 1589 4071 περιϐομϐήσειεν.
1626 4003 1733 4054 Καὶ
1776 4001 1984 4063 τούτοις

404 4098 651 4149 ἀπιστεῖν
694 4096 793 4148 οὐκ
831 4094 947 4147 ἔστι
972 4135 986 4155 ,
1024 4094 1205 4162 φησὶν,
1243 4091 1304 4144 ἐκ
1337 4109 1395 4143 τε
1420 4091 1519 4160 τῆς
1550 4091 1765 4160 φύσεως
1792 4092 1979 4160 αὐτῆς,

404 4188 485 4241 ἔτι
516 4189 573 4242 δὲ
599 4190 691 4241 καὶ
717 4186 824 4239 τῶν
858 4186 1016 4239 θείων
1040 4186 1338 4255 ὀνομάτων.
1377 4182 1514 4235 Ἀλλ’
1541 4185 1573 4253 ή
1601 4182 1887 4256 μὲν-φύσις
1920 4184 1984 4235 ὲκ

404 4282 512 4334 τῶν
556 4281 859 4353 εἰρημένων
892 4280 990 4331 οὐκ
1041 4278 1348 4342 ἀξιόπιστος
1379 4278 1457 4338 εἰς
1495 4274 1841 4327 διδασκαλίαν
1884 4274 1984 4342 τῆς

406 4374 557 4434 θείας
589 4373 893 4441 γεννήσεως
945 4372 1074 4441 ἡμῖν
1118 4368 1483 4436 ἀναπέφηνεν.
1536 4365 1669 4418 Οὐδὲ
1710 4366 1756 4416 εξ
1782 4364 1872 4417 τὸν
1896 4364 1985 4417 κό-

409 4479 543 4531 σμον
575 4478 659 4523 τις
690 4460 852 4513 αὐτὴν
882 4461 961 4521 είς
998 4457 1296 4525 ὑπόδειγμα
1338 4458 1491 4527 φέρει
1517 4455 1610 4507 τοῦ
1636 4455 1824 4520 λόγον’
1864 4454 1985 4506 ἐπεὶ

2086 3269 2441 3323 terminorum
2473 3284 2595 3339 qua:
2626 3268 2929 3322 intervallis
2959 3267 3396 3339 distinguuntur.
3434 3267 3540 3325 Ubi
3566 3286 3667 3323 au-

2087 3370 2194 3414 tem
2226 3362 2371 3415 nulla
2398 3368 2483 3415 est
2514 3361 2802 3425 dimensio,
2838 3376 3014 3429 neque
3049 3361 3314 3416 terminus
3368 3373 3485 3422 est:
3517 3364 3669 3434 atqui

2086 3453 2266 3507 divina
2302 3462 2495 3509 natura
2527 3464 2675 3507 caret
2704 3453 3065 3508 dimensione.
3097 3452 3234 3506 Cum
3266 3462 3447 3508 autem
3479 3454 3553 3508 sit
3584 3456 3671 3508 in-

2088 3544 2377 3598 terminata
2409 3551 2464 3599 et
2491 3544 2849 3597 dimensionis
2886 3559 3104 3613 expers,
3147 3544 3307 3598 linem
3338 3559 3449 3598 non
3478 3544 3665 3600 habet.

2088 3635 2244 3701 Quod
2276 3638 2419 3690 enim
2454 3636 2861 3690 iuterminatum
2887 3643 2991 3695 est.
3023 3634 3296 3690 inﬁnitum
3332 3644 3417 3691 est
3447 3647 3502 3691 et
3531 3636 3670 3690 dici-

2087 3739 2195 3781 tur.
2228 3726 2439 3781 '\’anum
2476 3735 2559 3783 est
2587 3727 2752 3797 igitur
2781 3726 3051 3796 principio
3078 3735 3131 3781 et
3161 3728 3266 3782 ﬁne
3300 3726 3449 3797 quod
3483 3727 3669 3782 inlini-

2089 3830 2202 3872 tum
2251 3829 2335 3873 est
2372 3818 2846 3873 circumscribere.
2896 3816 3053 3884 Quod
3106 3820 3253 3873 enim
3310 3822 3669 3876 circumscri-

2086 3920 2238 3981 ptum
2284 3917 2387 3973 est,
2442 3910 2715 3963 inﬁnitum
2753 3925 2874 3964 esse
2906 3925 3014 3964 non
3057 3918 3257 3979 potest.
3307 3909 3463 3966 Unde
3497 3912 3667 3982 igitur

2084 3999 2176 4052 hic
2205 3997 2464 4053 Pluedrus
2498 3996 2837 4061 Platonicus,
2869 4014 2991 4068 qua:
3018 3999 3087 4053 de
3118 4000 3301 4054 animo
3344 4001 3457 4056 illic
3489 4003 3668 4071 philo-

2085 4091 2311 4160 sophice
2343 4098 2574 4144 tractata
2603 4099 2731 4145 sunt
2754 4106 2783 4143 a
2806 4090 3053 4157 Platone,
3087 4092 3204 4147 suis
3229 4092 3465 4149 decretis
3488 4094 3671 4164 inepte

2084 4195 2136 4237 et
2169 4183 2591 4249 incongruenter
2623 4182 2841 4236 assuit?
2874 4192 2933 4236 ut
2963 4184 3107 4237 enim
3139 4185 3231 4238 ille
3254 4186 3512 4241 motionis
3543 4202 3671 4257 pau—

2085 4287 2226 4334 sam,
2265 4269 2317 4324 id
2342 4278 2445 4336 est,
2473 4270 2709 4339 quietem
2743 4271 2852 4325 illic
2880 4270 3040 4334 dixit,
3070 4273 3150 4326 sic
3179 4273 3343 4327 etiam
3374 4273 3477 4328 iste
3504 4289 3670 4343 gene-

2085 4364 2319 4419 rationis
2370 4364 2610 4432 requiem
2648 4364 2763 4418 sive
2817 4364 2975 4419 tinem
3013 4364 3196 4420 dicere
3240 4367 3576 4435 concupivit,
3612 4377 3670 4422 ut

2088 4458 2280 4511 horum
2324 4454 2489 4509 rudes
2521 4463 2574 4509 et
2618 4455 2838 4524 ignaros
2867 4455 2953 4509 his
2996 4456 3337 4525 elegantibus
3372 4456 3669 4511 Platonicis

406 4554 499 4606 καὶ
524 4554 587 4623 τῇ
617 4551 806 4603 τούτου
838 4551 1011 4602 κτίσει
1037 4547 1217 4610 καθὼς
1250 4549 1307 4599 ἐν
1336 4550 1401 4617 τῇ
1432 4546 1804 4617 Κοσμογενείᾳ
1835 4547 1978 4616 παρά

2092 4550 2319 4604 vocibus
2349 4547 2697 4604 bombilaret.
2728 4549 2906 4618 Atque
2951 4549 3038 4603 his
3072 4548 3230 4603 ﬁdem
3258 4549 3520 4620 derogare
3559 4546 3669 4605 non

403 4643 499 4695 τοῦ
541 4643 783 4706 Μωσέως
823 4641 1119 4712 ἐμάθομεν,
1150 4638 1445 4710 συνδιεξῄει
1474 4638 1532 4690 τὸ
1566 4639 1630 4691 ὲκ
1662 4637 1755 4690 τοῦ
1793 4638 1983 4707 χρόνου

408 4737 624 4808 μέτρον,
680 4738 869 4807 ῥηταῖς
902 4736 1133 4805 ἡμέραις
1178 4750 1237 4785 τε
1290 4733 1382 4785 καὶ
1427 4730 1575 4796 νυξὶν
1616 4731 1829 4801 ἑκάστῳ
1881 4730 1986 4782 τῶν

406 4826 703 4900 γινομένων
750 4828 889 4881 κατά
914 4844 1035 4879 τινα
1073 4826 1223 4889 τάξιν
1253 4824 1347 4876 καὶ
1386 4822 1707 4875 ἀκολουθίαν
1734 4839 1987 4892 παραμε-

2081 4641 2233 4704 licet,
2281 4641 2480 4711 inquit,
2514 4656 2636 4695 cum
2667 4657 2732 4695 ex
2775 4641 2891 4710 ipsa
2937 4651 3155 4704 natura,
3213 4649 3326 4695 tum
3374 4659 3437 4697 ex
3468 4642 3671 4699 divinis

2085 4736 2313 4805 legibus.
2349 4733 2456 4789 Sed
2488 4743 2704 4793 natura,
2757 4750 2818 4786 ex
2858 4733 2941 4787 his
2972 4749 3093 4804 qua:
3141 4734 3290 4788 dicta
3322 4742 3474 4799 sunt,
3510 4736 3670 4791 testis

2088 4839 2194 4877 non
2222 4823 2325 4879 ﬁde
2351 4824 2517 4892 digna
2547 4824 2610 4876 ad
2650 4824 2847 4878 divinae
2880 4832 3087 4879 natura:
3113 4824 3418 4879 doctrinam
3447 4841 3477 4878 a
3509 4826 3669 4883 nobis

405 4924 720 4994 τρούμενον.
755 4924 930 4991 Ὅπερ
960 4921 1051 4972 ἐπὶ
1087 4920 1183 4988 τῆς
1229 4917 1318 4969 τοῦ
1364 4914 1700 4983 Μονογενοῦς
1756 4915 1978 4968 ὑποστά-

2086 4913 2463 4969 demonstrata
2515 4921 2621 4969 est.
2654 4913 2844 4982 Neque
2891 4914 2937 4966 si
2989 4914 3115 4983 quis
3168 4914 3432 4968 mundum
3486 4916 3669 4986 ipsum

408 5031 547 5074 σεως
600 5013 718 5065 οὐδὲ
776 5011 937 5073 αὐτὸς
978 5012 1007 5062 ὁ
1051 5008 1157 5060 τῶν
1210 5008 1467 5059 ἐναντίων
1517 5004 1730 5075 δέχεται
1782 5004 1978 5073 λόγος·

2091 5006 2280 5059 alferat
2329 5006 2387 5060 in
2434 5006 2740 5073 exemplum
2775 5005 2969 5058 horum
3019 5004 3087 5059 de
3115 5006 3316 5074 quibus
3346 5014 3430 5061 est
3464 5023 3666 5070 sermo,

408 5046 544 5074 υςωε,
600 5046 718 5065 υνυς.
776 5046 935 5073 aveo,
978 5046 1006 5062 ν
1062 5046 1155 5060 νυνι
1210 5046 1465 5059 νιν-ν--ωγ
1519 5046 1730 5075 vah-vku
1784 5046 1933 5073 .w‘v,

406 5104 682 5173 ὁμολογῶν
725 5103 829 5174 πρὸ
895 5102 1099 5172 χρόνων
1154 5098 1382 5151 αἰωνίων
1425 5095 1562 5150 εἶναι
1610 5096 1701 5148 τ’ὺν
1758 5096 1978 5166 Κύριον.

2091 5046 2280 5059 ....υ....
2435 5046 2740 5073 ν-.....,,......
2775 5046 2969 5058 ..υ......
3020 5046 3087 5059 ..υ
3116 5046 3316 5074 γυνη...
3346 5046 3430 5061 υ...
3465 5046 3666 5070 seu"...

2089 5100 2350 5168 quoniam
2382 5113 2504 5152 cum
2537 5098 2701 5166 hujus
2730 5098 3029 5163 creatione,
3065 5096 3209 5152 sicut
3238 5097 3291 5151 in
3328 5098 3469 5153 libro
3495 5046 3711 5154 Gene-{

409 5218 534 5258 seos
574 5218 605 5256 a
650 5200 797 5255 Mose
834 5199 1147 5260 didicimus,
1192 5195 1455 5265 temporis
1506 5206 1765 5246 mensura
1794 5191 1954 5247 simul
1981 5194 2223 5247 excurrit
2257 5195 2423 5250 dictis
2450 5194 2643 5249 diebus
2675 5201 2729 5249 et
2763 5192 3019 5247 noctibus
3077 5194 3279 5263 cuique
3319 5196 3668 5251 nascentium

408 5296 718 5360 attributis,
779 5293 1014 5365 quodam
1069 5290 1262 5345 ordine
1309 5296 1364 5343 et
1409 5286 1802 5355 consequentia
1858 5285 2176 5342 distributa.
2225 5286 2385 5354 Quod
2430 5286 2486 5340 in
2517 5286 2795 5356 Unigeniti
2859 5285 3241 5349 subsistentia,
3299 5288 3481 5357 neque
3550 5289 3669 5358 ipse

413 5383 856 5442 adversariorum
900 5381 1137 5437 admittit
1171 5394 1391 5435 sermo:
1428 5378 1695 5431 conﬁtens
1728 5384 1855 5429 ante
1887 5384 2134 5447 tempora
2163 5378 2451 5436 saecularia
2481 5377 2770 5431 Dominum
2804 5392 2944 5431 esse.

493 5522 814 5577 ’Υπόλοιπον
848 5519 893 5571 δ’
914 5518 979 5572 ἂν
1000 5519 1085 5585 εἴη
1108 5515 1207 5585 τὴν
1240 5517 1304 5567 ὲκ
1334 5512 1443 5566 τῶν
1472 5511 1629 5565 θείων
1661 5511 1838 5581 νόμων
1869 5527 1988 5563 συν-

411 5615 639 5687 ηγορίαν
689 5611 782 5666 τοῦ
822 5609 1184 5681 προκειμένου
1216 5606 1568 5674 κατανοῆσαι,
1598 5604 1662 5656 δι’
1701 5600 1769 5675 ἧς
1816 5605 1988 5671 ἑπαγ-

413 5707 661 5777 γέλλεται
681 5704 777 5758 καὶ
794 5702 943 5764 τέλος
966 5701 1056 5754 καὶ
1074 5701 1247 5770 ἀρχὴν
1268 5700 1366 5768 τῆς
1390 5698 1484 5750 τοῦ
1506 5697 1637 5749 Υίοῦ
1660 5698 1983 5765 γεννήσεως.

421 5801 669 5869 Ἠμέραν
688 5797 770 5863 τῷ
796 5796 953 5850 τέλει
974 5794 1084 5862 ,τῆς
1111 5793 1494 5861 δημιοιιογίας
1528 5790 1861 5856 ἐναπέθετο,
1886 5790 1987 5844 καί

2164 5515 2359 5571 Restat
2407 5522 2467 5567 ut
2511 5511 2874 5583 patrocinium
2909 5512 3053 5581 quod
3094 5527 3161 5565 ex
3204 5511 3406 5568 divinis
3456 5513 3667 5584 legibus

2092 5606 2161 5662 ad
2209 5606 2588 5677 probationem
2620 5607 2698 5659 rei
2746 5602 3041 5674 proposita:
3088 5600 3363 5658 adducere
3409 5616 3664 5673 conatur,

2089 5700 2506 5768 dignoscamus,
2535 5711 2646 5767 quo
2676 5696 2961 5765 pollicetur
2980 5701 3035 5748 et
3065 5690 3229 5747 ﬁnem
3257 5703 3315 5752 et
3338 5696 3664 5766 principium

2090 5791 2217 5849 ιτίιυ
2244 5788 2613 5860 generationis
2637 5787 3028 5843 demonstrare.
3063 5781 3230 5847 Diem,
3261 5783 3459 5857 inquit,
3492 5792 3663 5859 opm:

489 5890 567 5963 (α)
612 5891 793 5944 Ἔστιν
827 5891 1089 5961 ὀνόματα.
1131 5891 1231 5950 Sic
1260 5893 1534 5951 defectum
1560 5892 1783 5963 supplet
1836 5890 2011 5949 codex
2038 5889 2267 5952 Boicus.
