  <div class='ocr_page' id='page_1' title='image "/cluster/home/n/w/nwhite01/storage/ocr_20150623/45/nnc1.0046978445/419.png"; bbox 0 0 4142 6374; ppageno 0'>
   <div class='ocr_carea' id='block_1_1' title="bbox 487 358 594 418">
    <p class='ocr_par' dir='ltr' id='par_1_1' title="bbox 487 358 594 418">
     <span class='ocr_line' id='line_1_1' title="bbox 487 358 594 418; baseline -0.037 -1"><span class='ocrx_word' id='word_1_1' title='bbox 487 358 594 418; x_wconf 74' lang='grc'><strong><em>815</em></strong></span> 
     </span>
    </p>
   </div>
   <div class='ocr_carea' id='block_1_2' title="bbox 1787 362 2550 420">
    <p class='ocr_par' dir='ltr' id='par_1_2' title="bbox 1787 362 2550 420">
     <span class='ocr_line' id='line_1_2' title="bbox 1787 362 2550 420; baseline -0.005 -2"><span class='ocrx_word' id='word_1_2' title='bbox 1787 364 1846 420; x_wconf 84' lang='lat' dir='ltr'><strong><em>S.</em></strong></span> <span class='ocrx_word' id='word_1_3' title='bbox 1883 362 2215 420; x_wconf 80' lang='lat' dir='ltr'><strong><em>GREGORII</em></strong></span> <span class='ocrx_word' id='word_1_4' title='bbox 2255 362 2550 419; x_wconf 79' lang='lat' dir='ltr'><strong><em>NYSSENI</em></strong></span> 
     </span>
    </p>
   </div>
   <div class='ocr_carea' id='block_1_3' title="bbox 3648 360 3754 415">
    <p class='ocr_par' dir='ltr' id='par_1_3' title="bbox 3648 360 3754 415">
     <span class='ocr_line' id='line_1_3' title="bbox 3648 360 3754 415; baseline 0.028 -2"><span class='ocrx_word' id='word_1_5' title='bbox 3648 360 3754 415; x_wconf 70' lang='lat' dir='ltr'><strong><em>(Mi</em></strong></span> 
     </span>
    </p>
   </div>
   <div class='ocr_carea' id='block_1_4' title="bbox 485 475 2043 551">
    <p class='ocr_par' dir='ltr' id='par_1_4' title="bbox 485 477 2043 551">
     <span class='ocr_line' id='line_1_4' title="bbox 485 477 2043 551; baseline 0 -15"><span class='ocrx_word' id='word_1_6' title='bbox 485 480 570 536; x_wconf 74' lang='lat' dir='ltr'><strong><em>sui</em></strong></span> <span class='ocrx_word' id='word_1_7' title='bbox 595 479 1036 534; x_wconf 74' lang='lat' dir='ltr'><strong><em>consuntmationi</em></strong></span> <span class='ocrx_word' id='word_1_8' title='bbox 1079 477 1338 547; x_wconf 75' lang='lat' dir='ltr'><strong><em>deposuit,</em></strong></span> <span class='ocrx_word' id='word_1_9' title='bbox 1387 489 1442 531; x_wconf 90' lang='lat' dir='ltr'><strong><em>ut</em></strong></span> <span class='ocrx_word' id='word_1_10' title='bbox 1483 489 1614 533; x_wconf 86' lang='lat' dir='ltr'><strong><em>esset</em></strong></span> <span class='ocrx_word' id='word_1_11' title='bbox 1647 482 1896 549; x_wconf 75' lang='lat' dir='ltr'><strong><em>principii</em></strong></span> <span class='ocrx_word' id='word_1_12' title='bbox 1928 483 2043 551; x_wconf 65' lang='lat' dir='ltr'><strong><em>[idet</em></strong></span> 
     </span>
    </p>
   </div>
   <div class='ocr_carea' id='block_1_5' title="bbox 2147 475 3750 551">
    <p class='ocr_par' dir='ltr' id='par_1_5' title="bbox 2163 475 3750 550">
     <span class='ocr_line' id='line_1_5' title="bbox 2163 475 3750 550; baseline -0.004 -15"><span class='ocrx_word' id='word_1_13' title='bbox 2163 480 2273 549; x_wconf 83' lang='grc' dir='ltr'>τῆς</span> <span class='ocrx_word' id='word_1_14' title='bbox 2302 481 2495 550; x_wconf 84' lang='grc' dir='ltr'>ἀρχῆς</span> <span class='ocrx_word' id='word_1_15' title='bbox 2540 480 2655 548; x_wconf 80' lang='grc' dir='ltr'><strong><em>τὴν</em></strong></span> <span class='ocrx_word' id='word_1_16' title='bbox 2681 481 2906 534; x_wconf 81' lang='grc' dir='ltr'>πίστιν.</span> <span class='ocrx_word' id='word_1_17' title='bbox 2948 482 3029 533; x_wconf 83' lang='grc' dir='ltr'><strong><em>οὐ</em></strong></span> <span class='ocrx_word' id='word_1_18' title='bbox 3062 479 3172 549; x_wconf 81' lang='grc' dir='ltr'>γὰρ</span> <span class='ocrx_word' id='word_1_19' title='bbox 3211 477 3327 546; x_wconf 77' lang='grc' dir='ltr'>τὴν</span> <span class='ocrx_word' id='word_1_20' title='bbox 3367 477 3604 546; x_wconf 76' lang='grc' dir='ltr'>πρώτην</span> <span class='ocrx_word' id='word_1_21' title='bbox 3640 475 3750 544; x_wconf 80' lang='grc' dir='ltr'>τῆς</span> 
     </span>
    </p>
   </div>
   <div class='ocr_carea' id='block_1_6' title="bbox 484 566 2060 644">
    <p class='ocr_par' dir='ltr' id='par_1_6' title="bbox 484 566 2060 644">
     <span class='ocr_line' id='line_1_6' title="bbox 484 566 2060 644; baseline 0 -21"><span class='ocrx_word' id='word_1_22' title='bbox 484 580 532 623; x_wconf 84' lang='lat' dir='ltr'><strong><em>et</em></strong></span> <span class='ocrx_word' id='word_1_23' title='bbox 551 568 943 623; x_wconf 69' lang='lat' dir='ltr'><strong><em>documentum.</em></strong></span> <span class='ocrx_word' id='word_1_24' title='bbox 966 566 1090 620; x_wconf 87' lang='lat' dir='ltr'><strong><em>Non</em></strong></span> <span class='ocrx_word' id='word_1_25' title='bbox 1116 569 1252 621; x_wconf 90' lang='lat' dir='ltr'><strong><em>enim</em></strong></span> <span class='ocrx_word' id='word_1_26' title='bbox 1272 570 1501 635; x_wconf 83' lang='lat' dir='ltr'><strong><em>primunt</em></strong></span> <span class='ocrx_word' id='word_1_27' title='bbox 1519 572 1876 644; x_wconf 79' lang='lat' dir='ltr'><strong><em>generationis</em></strong></span> <span class='ocrx_word' id='word_1_28' title='bbox 1899 572 2060 636; x_wconf 83' lang='lat' dir='ltr'><strong><em>diem,</em></strong></span> 
     </span>
    </p>
   </div>
   <div class='ocr_carea' id='block_1_7' title="bbox 484 658 2049 730">
    <p class='ocr_par' dir='ltr' id='par_1_7' title="bbox 484 658 2049 730">
     <span class='ocr_line' id='line_1_7' title="bbox 484 658 2049 730; baseline 0.003 -16"><span class='ocrx_word' id='word_1_29' title='bbox 484 659 576 714; x_wconf 77' lang='lat' dir='ltr'><strong><em>sed</em></strong></span> <span class='ocrx_word' id='word_1_30' title='bbox 606 660 904 727; x_wconf 81' lang='lat' dir='ltr'><strong><em>septimum,</em></strong></span> <span class='ocrx_word' id='word_1_31' title='bbox 949 660 1007 712; x_wconf 86' lang='lat' dir='ltr'><strong><em>in</em></strong></span> <span class='ocrx_word' id='word_1_32' title='bbox 1035 675 1135 729; x_wconf 84' lang='lat' dir='ltr'><strong><em>quo</em></strong></span> <span class='ocrx_word' id='word_1_33' title='bbox 1175 658 1240 711; x_wconf 85' lang='lat' dir='ltr'><strong><em>ab</em></strong></span> <span class='ocrx_word' id='word_1_34' title='bbox 1272 661 1513 728; x_wconf 78' lang='lat' dir='ltr'><strong><em>operibus</em></strong></span> <span class='ocrx_word' id='word_1_35' title='bbox 1541 663 1756 730; x_wconf 85' lang='lat' dir='ltr'><strong><em>quievit,</em></strong></span> <span class='ocrx_word' id='word_1_36' title='bbox 1789 665 1841 718; x_wconf 91' lang='lat' dir='ltr'><strong><em>in</em></strong></span> <span class='ocrx_word' id='word_1_37' title='bbox 1869 682 2049 719; x_wconf 86' lang='lat' dir='ltr'><strong><em>memo-</em></strong></span> 
     </span>
    </p>
   </div>
   <div class='ocr_carea' id='block_1_8' title="bbox 485 751 2064 827">
    <p class='ocr_par' dir='ltr' id='par_1_8' title="bbox 485 751 2064 827">
     <span class='ocr_line' id='line_1_8' title="bbox 485 751 2064 827; baseline 0.005 -23"><span class='ocrx_word' id='word_1_38' title='bbox 485 751 622 805; x_wconf 82' lang='lat' dir='ltr'><strong><em>riam</em></strong></span> <span class='ocrx_word' id='word_1_39' title='bbox 655 753 840 806; x_wconf 85' lang='lat' dir='ltr'><strong><em>mundi</em></strong></span> <span class='ocrx_word' id='word_1_40' title='bbox 866 754 1145 808; x_wconf 80' lang='lat' dir='ltr'><strong><em>creationis</em></strong></span> <span class='ocrx_word' id='word_1_41' title='bbox 1172 753 1335 808; x_wconf 87' lang='lat' dir='ltr'><strong><em>dedit.</em></strong></span> <span class='ocrx_word' id='word_1_42' title='bbox 1377 754 1458 808; x_wconf 82' lang='lat' dir='ltr'><strong><em>An</em></strong></span> <span class='ocrx_word' id='word_1_43' title='bbox 1487 756 1685 826; x_wconf 81' lang='lat' dir='ltr'><strong><em>aliquis</em></strong></span> <span class='ocrx_word' id='word_1_44' title='bbox 1708 756 2064 827; x_wconf 87' lang='lat' dir='ltr'><strong><em>persuadebi-</em></strong></span> 
     </span>
    </p>
   </div>
   <div class='ocr_carea' id='block_1_9' title="bbox 482 845 2062 915">
    <p class='ocr_par' dir='ltr' id='par_1_9' title="bbox 482 845 2062 915">
     <span class='ocr_line' id='line_1_9' title="bbox 482 845 2062 915; baseline 0.003 -18"><span class='ocrx_word' id='word_1_45' title='bbox 482 853 572 898; x_wconf 90' lang='lat' dir='ltr'><strong><em>tur</em></strong></span> <span class='ocrx_word' id='word_1_46' title='bbox 590 846 660 899; x_wconf 89' lang='lat' dir='ltr'><strong><em>ab</em></strong></span> <span class='ocrx_word' id='word_1_47' title='bbox 682 845 774 899; x_wconf 90' lang='lat' dir='ltr'><strong><em>illo</em></strong></span> <span class='ocrx_word' id='word_1_48' title='bbox 800 846 914 900; x_wconf 71' lang='lat' dir='ltr'><strong><em>haec</em></strong></span> <span class='ocrx_word' id='word_1_49' title='bbox 936 846 1140 915; x_wconf 85' lang='lat' dir='ltr'><strong><em>scripta</em></strong></span> <span class='ocrx_word' id='word_1_50' title='bbox 1161 862 1304 912; x_wconf 89' lang='lat' dir='ltr'><strong><em>esse,</em></strong></span> <span class='ocrx_word' id='word_1_51' title='bbox 1325 854 1380 900; x_wconf 86' lang='lat' dir='ltr'><strong><em>et</em></strong></span> <span class='ocrx_word' id='word_1_52' title='bbox 1405 862 1512 901; x_wconf 92' lang='lat' dir='ltr'><strong><em>non</em></strong></span> <span class='ocrx_word' id='word_1_53' title='bbox 1537 863 1565 901; x_wconf 87' lang='lat' dir='ltr'><strong><em>a</em></strong></span> <span class='ocrx_word' id='word_1_54' title='bbox 1589 848 1746 904; x_wconf 89' lang='lat' dir='ltr'><strong><em>nobis</em></strong></span> <span class='ocrx_word' id='word_1_55' title='bbox 1775 849 1828 902; x_wconf 93' lang='lat' dir='ltr'><strong><em>in</em></strong></span> <span class='ocrx_word' id='word_1_56' title='bbox 1850 849 2062 902; x_wconf 85' lang='lat' dir='ltr'><strong><em>calum-</em></strong></span> 
     </span>
    </p>
   </div>
   <div class='ocr_carea' id='block_1_10' title="bbox 481 937 2063 1008">
    <p class='ocr_par' dir='ltr' id='par_1_10' title="bbox 481 937 2063 1008">
     <span class='ocr_line' id='line_1_10' title="bbox 481 937 2063 1008; baseline 0.003 -19"><span class='ocrx_word' id='word_1_57' title='bbox 481 937 628 990; x_wconf 84' lang='lat' dir='ltr'><strong><em>niam</em></strong></span> <span class='ocrx_word' id='word_1_58' title='bbox 659 937 850 1006; x_wconf 88' lang='lat' dir='ltr'><strong><em>scripti</em></strong></span> <span class='ocrx_word' id='word_1_59' title='bbox 880 938 1204 1008; x_wconf 88' lang='lat' dir='ltr'><strong><em>interposita</em></strong></span> <span class='ocrx_word' id='word_1_60' title='bbox 1234 953 1356 993; x_wconf 89' lang='lat' dir='ltr'><strong><em>esse</em></strong></span> <span class='ocrx_word' id='word_1_61' title='bbox 1384 939 1471 991; x_wconf 90' lang='lat' dir='ltr'><strong><em>illa</em></strong></span> <span class='ocrx_word' id='word_1_62' title='bbox 1505 940 1670 1004; x_wconf 86' lang='lat' dir='ltr'><strong><em>dicta,</em></strong></span> <span class='ocrx_word' id='word_1_63' title='bbox 1700 947 1760 993; x_wconf 90' lang='lat' dir='ltr'><strong><em>ut</em></strong></span> <span class='ocrx_word' id='word_1_64' title='bbox 1786 939 2063 994; x_wconf 74' lang='lat' dir='ltr'><strong><em>videretur</em></strong></span> 
     </span>
    </p>
   </div>
   <div class='ocr_carea' id='block_1_11' title="bbox 482 1029 2062 1101">
    <p class='ocr_par' dir='ltr' id='par_1_11' title="bbox 482 1029 2062 1101">
     <span class='ocr_line' id='line_1_11' title="bbox 482 1029 2062 1101; baseline 0.003 -20"><span class='ocrx_word' id='word_1_65' title='bbox 482 1029 746 1084; x_wconf 87' lang='lat' dir='ltr'><strong><em>ridiculus</em></strong></span> <span class='ocrx_word' id='word_1_66' title='bbox 775 1030 1102 1090; x_wconf 86' lang='lat' dir='ltr'><strong><em>lectoribus.</em></strong></span> <span class='ocrx_word' id='word_1_67' title='bbox 1145 1031 1274 1085; x_wconf 91' lang='lat' dir='ltr'><strong><em>dum</em></strong></span> <span class='ocrx_word' id='word_1_68' title='bbox 1314 1047 1435 1101; x_wconf 68' lang='lat' dir='ltr'><strong><em>qua:</em></strong></span> <span class='ocrx_word' id='word_1_69' title='bbox 1463 1033 1666 1086; x_wconf 87' lang='lat' dir='ltr'><strong><em>nullam</em></strong></span> <span class='ocrx_word' id='word_1_70' title='bbox 1698 1033 1901 1087; x_wconf 97' lang='lat' dir='ltr'><strong><em>habent</em></strong></span> <span class='ocrx_word' id='word_1_71' title='bbox 1922 1048 2062 1085; x_wconf 84' lang='lat' dir='ltr'><strong><em>com-</em></strong></span> 
     </span>
    </p>
   </div>
   <div class='ocr_carea' id='block_1_12' title="bbox 480 1118 2057 1190">
    <p class='ocr_par' dir='ltr' id='par_1_12' title="bbox 480 1118 2057 1190">
     <span class='ocr_line' id='line_1_12' title="bbox 480 1118 2057 1190; baseline 0.004 -20"><span class='ocrx_word' id='word_1_72' title='bbox 480 1118 816 1181; x_wconf 82' lang='lat' dir='ltr'><strong><em>mirnioneiu,</em></strong></span> <span class='ocrx_word' id='word_1_73' title='bbox 856 1134 979 1172; x_wconf 89' lang='lat' dir='ltr'><strong><em>cum</em></strong></span> <span class='ocrx_word' id='word_1_74' title='bbox 1013 1119 1098 1174; x_wconf 86' lang='lat' dir='ltr'><strong><em>his</em></strong></span> <span class='ocrx_word' id='word_1_75' title='bbox 1133 1135 1253 1188; x_wconf 61' lang='lat' dir='ltr'><strong><em>quae</em></strong></span> <span class='ocrx_word' id='word_1_76' title='bbox 1287 1121 1341 1174; x_wconf 91' lang='lat' dir='ltr'><strong><em>in</em></strong></span> <span class='ocrx_word' id='word_1_77' title='bbox 1381 1124 1738 1190; x_wconf 66' lang='lat' dir='ltr'><strong><em>quaistionem</em></strong></span> <span class='ocrx_word' id='word_1_78' title='bbox 1767 1132 2057 1186; x_wconf 77' lang='lat' dir='ltr'><strong><em>vocantur,</em></strong></span> 
     </span>
    </p>
   </div>
   <div class='ocr_carea' id='block_1_13' title="bbox 480 1209 2060 1282">
    <p class='ocr_par' dir='ltr' id='par_1_13' title="bbox 480 1209 2060 1282">
     <span class='ocr_line' id='line_1_13' title="bbox 480 1209 2060 1282; baseline 0.003 -21"><span class='ocrx_word' id='word_1_79' title='bbox 480 1209 548 1263; x_wconf 91' lang='lat' dir='ltr'><strong><em>ad</em></strong></span> <span class='ocrx_word' id='word_1_80' title='bbox 580 1209 1099 1263; x_wconf 90' lang='lat' dir='ltr'><strong><em>demonstrationem</em></strong></span> <span class='ocrx_word' id='word_1_81' title='bbox 1151 1211 1450 1279; x_wconf 88' lang='lat' dir='ltr'><strong><em>pertrahit?</em></strong></span> <span class='ocrx_word' id='word_1_82' title='bbox 1476 1211 1687 1266; x_wconf 86' lang='lat' dir='ltr'><strong><em>Etenim</em></strong></span> <span class='ocrx_word' id='word_1_83' title='bbox 1720 1214 1864 1282; x_wconf 89' lang='lat' dir='ltr'><strong><em>quod</em></strong></span> <span class='ocrx_word' id='word_1_84' title='bbox 1911 1229 2060 1282; x_wconf 67' lang='lat' dir='ltr'><strong><em>qua:-</em></strong></span> 
     </span>
    </p>
   </div>
   <div class='ocr_carea' id='block_1_14' title="bbox 481 1297 2060 1374">
    <p class='ocr_par' dir='ltr' id='par_1_14' title="bbox 481 1297 2060 1374">
     <span class='ocr_line' id='line_1_14' title="bbox 481 1297 2060 1374; baseline 0.006 -24"><span class='ocrx_word' id='word_1_85' title='bbox 481 1297 702 1351; x_wconf 74' lang='lat' dir='ltr'><strong><em>i&#39;ebutur</em></strong></span> <span class='ocrx_word' id='word_1_86' title='bbox 735 1298 836 1352; x_wconf 86' lang='lat' dir='ltr'><strong><em>hoc</em></strong></span> <span class='ocrx_word' id='word_1_87' title='bbox 860 1308 996 1364; x_wconf 90' lang='lat' dir='ltr'><strong><em>erat,</em></strong></span> <span class='ocrx_word' id='word_1_88' title='bbox 1029 1307 1086 1351; x_wconf 94' lang='lat' dir='ltr'><strong><em>ut</em></strong></span> <span class='ocrx_word' id='word_1_89' title='bbox 1112 1316 1303 1370; x_wconf 89' lang='lat' dir='ltr'><strong><em>nempe</em></strong></span> <span class='ocrx_word' id='word_1_90' title='bbox 1335 1299 1738 1356; x_wconf 88' lang='lat' dir='ltr'><strong><em>demonstraret</em></strong></span> <span class='ocrx_word' id='word_1_91' title='bbox 1769 1305 1910 1358; x_wconf 92' lang='lat' dir='ltr'><strong><em>sicut</em></strong></span> <span class='ocrx_word' id='word_1_92' title='bbox 1945 1306 2060 1374; x_wconf 86' lang='lat' dir='ltr'><strong><em>ipse</em></strong></span> 
     </span>
    </p>
   </div>
   <div class='ocr_carea' id='block_1_15' title="bbox 479 1390 2057 1465">
    <p class='ocr_par' dir='ltr' id='par_1_15' title="bbox 479 1390 2057 1465">
     <span class='ocr_line' id='line_1_15' title="bbox 479 1390 2057 1465; baseline 0.004 -23"><span class='ocrx_word' id='word_1_93' title='bbox 479 1390 762 1460; x_wconf 79' lang='lat' dir='ltr'><strong><em>professus</em></strong></span> <span class='ocrx_word' id='word_1_94' title='bbox 804 1391 999 1458; x_wconf 81' lang='lat' dir='ltr'><strong><em>fuerat,</em></strong></span> <span class='ocrx_word' id='word_1_95' title='bbox 1030 1391 1224 1445; x_wconf 85' lang='lat' dir='ltr'><strong><em>Filium</em></strong></span> <span class='ocrx_word' id='word_1_96' title='bbox 1276 1408 1398 1446; x_wconf 90' lang='lat' dir='ltr'><strong><em>eum</em></strong></span> <span class='ocrx_word' id='word_1_97' title='bbox 1445 1408 1552 1447; x_wconf 89' lang='lat' dir='ltr'><strong><em>non</em></strong></span> <span class='ocrx_word' id='word_1_98' title='bbox 1595 1402 1762 1457; x_wconf 89' lang='lat' dir='ltr'><strong><em>esset,</em></strong></span> <span class='ocrx_word' id='word_1_99' title='bbox 1817 1395 2057 1465; x_wconf 78' lang='lat' dir='ltr'><strong><em>genitum</em></strong></span> 
     </span>
    </p>
   </div>
   <div class='ocr_carea' id='block_1_16' title="bbox 476 1485 2053 1556">
    <p class='ocr_par' dir='ltr' id='par_1_16' title="bbox 476 1485 2053 1556">
     <span class='ocr_line' id='line_1_16' title="bbox 476 1485 2053 1556; baseline 0.001 -17"><span class='ocrx_word' id='word_1_100' title='bbox 476 1499 618 1547; x_wconf 86' lang='lat' dir='ltr'><strong><em>esse,</em></strong></span> <span class='ocrx_word' id='word_1_101' title='bbox 641 1485 737 1539; x_wconf 87' lang='lat' dir='ltr'><strong><em>sed</em></strong></span> <span class='ocrx_word' id='word_1_102' title='bbox 760 1487 1125 1556; x_wconf 79' lang='lat' dir='ltr'><strong><em>generationis</em></strong></span> <span class='ocrx_word' id='word_1_103' title='bbox 1146 1487 1474 1556; x_wconf 86' lang='lat' dir='ltr'><strong><em>principium</em></strong></span> <span class='ocrx_word' id='word_1_104' title='bbox 1488 1487 1786 1556; x_wconf 84' lang='lat' dir='ltr'><strong><em>accepisse,</em></strong></span> <span class='ocrx_word' id='word_1_105' title='bbox 1805 1495 1858 1541; x_wconf 89' lang='lat' dir='ltr'><strong><em>et</em></strong></span> <span class='ocrx_word' id='word_1_106' title='bbox 1879 1502 2053 1542; x_wconf 90' lang='lat' dir='ltr'><strong><em>cessa-</em></strong></span> 
     </span>
    </p>
   </div>
   <div class='ocr_carea' id='block_1_17' title="bbox 479 1575 2054 1648">
    <p class='ocr_par' dir='ltr' id='par_1_17' title="bbox 479 1575 2054 1648">
     <span class='ocr_line' id='line_1_17' title="bbox 479 1575 2054 1648; baseline 0.001 -20"><span class='ocrx_word' id='word_1_107' title='bbox 479 1575 646 1629; x_wconf 85' lang='lat' dir='ltr'><strong><em>tionis</em></strong></span> <span class='ocrx_word' id='word_1_108' title='bbox 677 1591 800 1630; x_wconf 89' lang='lat' dir='ltr'><strong><em>cum</em></strong></span> <span class='ocrx_word' id='word_1_109' title='bbox 841 1578 1060 1646; x_wconf 90' lang='lat' dir='ltr'><strong><em>genitus</em></strong></span> <span class='ocrx_word' id='word_1_110' title='bbox 1090 1586 1197 1641; x_wconf 90' lang='lat' dir='ltr'><strong><em>est,</em></strong></span> <span class='ocrx_word' id='word_1_111' title='bbox 1251 1579 1415 1632; x_wconf 88' lang='lat' dir='ltr'><strong><em>veluti</em></strong></span> <span class='ocrx_word' id='word_1_112' title='bbox 1467 1579 1700 1648; x_wconf 87' lang='lat' dir='ltr'><strong><em>quodam</em></strong></span> <span class='ocrx_word' id='word_1_113' title='bbox 1753 1589 1908 1646; x_wconf 80' lang='lat' dir='ltr'><strong><em>partu</em></strong></span> <span class='ocrx_word' id='word_1_114' title='bbox 1963 1577 2054 1647; x_wconf 91' lang='lat' dir='ltr'><strong><em>qui</em></strong></span> 
     </span>
    </p>
   </div>
   <div class='ocr_carea' id='block_1_18' title="bbox 476 1668 2057 1738">
    <p class='ocr_par' dir='ltr' id='par_1_18' title="bbox 476 1668 2057 1738">
     <span class='ocr_line' id='line_1_18' title="bbox 476 1668 2057 1738; baseline -0.001 -18"><span class='ocrx_word' id='word_1_115' title='bbox 476 1669 878 1735; x_wconf 74' lang='lat' dir='ltr'><strong><em>generationem</em></strong></span> <span class='ocrx_word' id='word_1_116' title='bbox 932 1677 1174 1738; x_wconf 90' lang='lat' dir='ltr'><strong><em>tempore</em></strong></span> <span class='ocrx_word' id='word_1_117' title='bbox 1206 1669 1508 1738; x_wconf 85' lang='lat' dir='ltr'><strong><em>protrahat.</em></strong></span> <span class='ocrx_word' id='word_1_118' title='bbox 1542 1669 1642 1733; x_wconf 52' lang='lat' dir='ltr'><strong><em>Ad:</em></strong></span> <span class='ocrx_word' id='word_1_119' title='bbox 1669 1668 1720 1722; x_wconf 92' lang='lat' dir='ltr'><strong><em>id</em></strong></span> <span class='ocrx_word' id='word_1_120' title='bbox 1753 1683 1881 1722; x_wconf 91' lang='lat' dir='ltr'><strong><em>vero</em></strong></span> <span class='ocrx_word' id='word_1_121' title='bbox 1931 1683 2057 1737; x_wconf 86' lang='lat' dir='ltr'><strong><em>pro-</em></strong></span> 
     </span>
    </p>
   </div>
   <div class='ocr_carea' id='block_1_19' title="bbox 476 1758 2057 1830">
    <p class='ocr_par' dir='ltr' id='par_1_19' title="bbox 476 1758 2057 1830">
     <span class='ocr_line' id='line_1_19' title="bbox 476 1758 2057 1830; baseline 0.001 -18"><span class='ocrx_word' id='word_1_122' title='bbox 476 1758 712 1813; x_wconf 88' lang='lat' dir='ltr'><strong><em>bandum</em></strong></span> <span class='ocrx_word' id='word_1_123' title='bbox 747 1759 872 1815; x_wconf 91' lang='lat' dir='ltr'><strong><em>talis</em></strong></span> <span class='ocrx_word' id='word_1_124' title='bbox 909 1768 993 1814; x_wconf 90' lang='lat' dir='ltr'><strong><em>est</em></strong></span> <span class='ocrx_word' id='word_1_125' title='bbox 1040 1759 1159 1828; x_wconf 86' lang='lat' dir='ltr'><strong><em>ejus</em></strong></span> <span class='ocrx_word' id='word_1_126' title='bbox 1210 1759 1870 1830; x_wconf 62' lang='lat' dir='ltr'><strong><em>pi&#39;wstruetiozPOpuluin</em></strong></span> <span class='ocrx_word' id='word_1_127' title='bbox 1907 1759 2057 1814; x_wconf 83' lang='lat' dir='ltr'><strong><em>vide-</em></strong></span> 
     </span>
    </p>
   </div>
   <div class='ocr_carea' id='block_1_20' title="bbox 2166 562 3749 641">
    <p class='ocr_par' dir='ltr' id='par_1_20' title="bbox 2166 562 3749 641">
     <span class='ocr_line' id='line_1_20' title="bbox 2166 562 3749 641; baseline -0.003 -15"><span class='ocrx_word' id='word_1_128' title='bbox 2166 572 2508 641; x_wconf 71' lang='grc' dir='ltr'><strong><em>γεννήσεως</em></strong></span> <span class='ocrx_word' id='word_1_129' title='bbox 2530 570 2779 638; x_wconf 71' lang='grc' dir='ltr'>ἡμέραν,</span> <span class='ocrx_word' id='word_1_130' title='bbox 2807 569 2967 624; x_wconf 76' lang='grc' dir='ltr'>ἀλλὰ</span> <span class='ocrx_word' id='word_1_131' title='bbox 2993 568 3109 634; x_wconf 78' lang='grc' dir='ltr'><strong><em>τὴν</em></strong></span> <span class='ocrx_word' id='word_1_132' title='bbox 3145 569 3405 638; x_wconf 75' lang='grc' dir='ltr'>ἑϐδόμην</span> <span class='ocrx_word' id='word_1_133' title='bbox 3425 570 3493 622; x_wconf 83' lang='grc' dir='ltr'><strong><em>ἐν</em></strong></span> <span class='ocrx_word' id='word_1_134' title='bbox 3517 562 3556 639; x_wconf 84' lang='grc' dir='ltr'><strong><em>ᾗ</em></strong></span> <span class='ocrx_word' id='word_1_135' title='bbox 3581 569 3749 623; x_wconf 81' lang='grc' dir='ltr'>κατέ-</span> 
     </span>
    </p>
   </div>
   <div class='ocr_carea' id='block_1_21' title="bbox 2166 659 3747 730">
    <p class='ocr_par' dir='ltr' id='par_1_21' title="bbox 2166 659 3747 730">
     <span class='ocr_line' id='line_1_21' title="bbox 2166 659 3747 730; baseline -0.001 -15"><span class='ocrx_word' id='word_1_136' title='bbox 2166 678 2406 716; x_wconf 82' lang='grc' dir='ltr'>παυσεν</span> <span class='ocrx_word' id='word_1_137' title='bbox 2445 661 2563 716; x_wconf 83' lang='grc' dir='ltr'>ἀπὸ</span> <span class='ocrx_word' id='word_1_138' title='bbox 2613 660 2733 714; x_wconf 82' lang='grc' dir='ltr'>τῶν</span> <span class='ocrx_word' id='word_1_139' title='bbox 2771 659 2992 729; x_wconf 78' lang='grc' dir='ltr'>ἔργων,</span> <span class='ocrx_word' id='word_1_140' title='bbox 3019 660 3205 713; x_wconf 80' lang='grc' dir='ltr'>ἔδωκε</span> <span class='ocrx_word' id='word_1_141' title='bbox 3247 661 3361 727; x_wconf 79' lang='grc' dir='ltr'>τὴν</span> <span class='ocrx_word' id='word_1_142' title='bbox 3409 661 3747 730; x_wconf 79' lang='grc' dir='ltr'><em>ὑπόμνησιν</em></span> 
     </span>
    </p>
   </div>
   <div class='ocr_carea' id='block_1_22' title="bbox 2164 753 3746 824">
    <p class='ocr_par' dir='ltr' id='par_1_22' title="bbox 2164 753 3746 824">
     <span class='ocr_line' id='line_1_22' title="bbox 2164 753 3746 824; baseline -0.001 -16"><span class='ocrx_word' id='word_1_143' title='bbox 2164 753 2275 822; x_wconf 82' lang='grc' dir='ltr'>τῆς</span> <span class='ocrx_word' id='word_1_144' title='bbox 2304 754 2710 824; x_wconf 76' lang='grc' dir='ltr'>δημιουργίας.</span> <span class='ocrx_word' id='word_1_145' title='bbox 2751 754 2891 824; x_wconf 79' lang='grc' dir='ltr'>Ἀρα</span> <span class='ocrx_word' id='word_1_146' title='bbox 2923 753 3004 817; x_wconf 89' lang='grc' dir='ltr'><strong><em>τίς</em></strong></span> <span class='ocrx_word' id='word_1_147' title='bbox 3057 754 3414 824; x_wconf 81' lang='grc' dir='ltr'><strong><em>πεισθήσεται</em></strong></span> <span class='ocrx_word' id='word_1_148' title='bbox 3449 755 3574 824; x_wconf 85' lang='grc' dir='ltr'>παρ’</span> <span class='ocrx_word' id='word_1_149' title='bbox 3603 753 3746 806; x_wconf 86' lang='grc' dir='ltr'>ἐκεί-</span> 
     </span>
    </p>
   </div>
   <div class='ocr_carea' id='block_1_23' title="bbox 2164 845 3747 917">
    <p class='ocr_par' dir='ltr' id='par_1_23' title="bbox 2164 845 3747 917">
     <span class='ocr_line' id='line_1_23' title="bbox 2164 845 3747 917; baseline -0.001 -17"><span class='ocrx_word' id='word_1_150' title='bbox 2164 865 2256 900; x_wconf 91' lang='grc' dir='ltr'><strong><em>νου</em></strong></span> <span class='ocrx_word' id='word_1_151' title='bbox 2295 845 2469 900; x_wconf 79' lang='grc' dir='ltr'>ταῦτα</span> <span class='ocrx_word' id='word_1_152' title='bbox 2513 845 2844 917; x_wconf 78' lang='grc' dir='ltr'>γεγράφθαι,</span> <span class='ocrx_word' id='word_1_153' title='bbox 2873 846 2968 899; x_wconf 78' lang='grc' dir='ltr'>καὶ</span> <span class='ocrx_word' id='word_1_154' title='bbox 3009 845 3130 915; x_wconf 74' lang='grc' dir='ltr'>οὑχὶ</span> <span class='ocrx_word' id='word_1_155' title='bbox 3165 847 3295 916; x_wconf 80' lang='grc' dir='ltr'>παρ’</span> <span class='ocrx_word' id='word_1_156' title='bbox 3323 845 3480 915; x_wconf 79' lang='grc' dir='ltr'>ἡμῶν</span> <span class='ocrx_word' id='word_1_157' title='bbox 3514 846 3604 898; x_wconf 70' lang='grc' dir='ltr'>ἐπὶ</span> <span class='ocrx_word' id='word_1_158' title='bbox 3630 845 3747 899; x_wconf 85' lang='grc' dir='ltr'>δια-</span> 
     </span>
    </p>
   </div>
   <div class='ocr_carea' id='block_1_24' title="bbox 2164 933 3743 1006">
    <p class='ocr_par' dir='ltr' id='par_1_24' title="bbox 2164 933 3743 1006">
     <span class='ocr_line' id='line_1_24' title="bbox 2164 933 3743 1006; baseline 0 -20"><span class='ocrx_word' id='word_1_159' title='bbox 2164 934 2293 1006; x_wconf 72' lang='grc' dir='ltr'>ϐολῇ</span> <span class='ocrx_word' id='word_1_160' title='bbox 2324 935 2417 989; x_wconf 78' lang='grc' dir='ltr'>τοῦ</span> <span class='ocrx_word' id='word_1_161' title='bbox 2443 935 2872 1006; x_wconf 81' lang='grc' dir='ltr'>συγγράμματος</span> <span class='ocrx_word' id='word_1_162' title='bbox 2902 933 3352 1005; x_wconf 83' lang='grc' dir='ltr'>παρεντεθεῖσθαι</span> <span class='ocrx_word' id='word_1_163' title='bbox 3373 934 3438 987; x_wconf 86' lang='grc' dir='ltr'><strong><em>τά</em></strong></span> <span class='ocrx_word' id='word_1_164' title='bbox 3460 933 3743 1005; x_wconf 76' lang='grc' dir='ltr'><strong><em>εἰρημένα,</em></strong></span> 
     </span>
    </p>
   </div>
   <div class='ocr_carea' id='block_1_25' title="bbox 2161 1025 3745 1096">
    <p class='ocr_par' dir='ltr' id='par_1_25' title="bbox 2161 1025 3745 1096">
     <span class='ocr_line' id='line_1_25' title="bbox 2161 1025 3745 1096; baseline 0 -16"><span class='ocrx_word' id='word_1_165' title='bbox 2161 1029 2237 1092; x_wconf 83' lang='grc' dir='ltr'>ὡς</span> <span class='ocrx_word' id='word_1_166' title='bbox 2263 1029 2330 1082; x_wconf 87' lang='grc' dir='ltr'><strong><em>ἂν</em></strong></span> <span class='ocrx_word' id='word_1_167' title='bbox 2369 1029 2771 1096; x_wconf 85' lang='grc' dir='ltr'>καταγέλαστος</span> <span class='ocrx_word' id='word_1_168' title='bbox 2805 1026 2986 1096; x_wconf 86' lang='grc' dir='ltr'>δοκοίη</span> <span class='ocrx_word' id='word_1_169' title='bbox 3022 1029 3135 1090; x_wconf 90' lang='grc' dir='ltr'>τοῖς</span> <span class='ocrx_word' id='word_1_170' title='bbox 3174 1025 3590 1096; x_wconf 74' lang='grc' dir='ltr'><strong><em>ἐντυγχάνουσιν</em></strong></span> <span class='ocrx_word' id='word_1_171' title='bbox 3613 1067 3628 1090; x_wconf 91' lang='grc'><strong><em>,</em></strong></span> <span class='ocrx_word' id='word_1_172' title='bbox 3676 1026 3745 1080; x_wconf 81' lang='grc' dir='ltr'>τὰ</span> 
     </span>
    </p>
   </div>
   <div class='ocr_carea' id='block_1_26' title="bbox 2166 1118 3744 1192">
    <p class='ocr_par' dir='ltr' id='par_1_26' title="bbox 2166 1118 3744 1192">
     <span class='ocr_line' id='line_1_26' title="bbox 2166 1118 3744 1192; baseline -0.002 -18"><span class='ocrx_word' id='word_1_173' title='bbox 2166 1121 2332 1192; x_wconf 82' lang='grc' dir='ltr'>μηδὲν</span> <span class='ocrx_word' id='word_1_174' title='bbox 2381 1120 2742 1174; x_wconf 74' lang='grc' dir='ltr'>κοινωνοῦντα</span> <span class='ocrx_word' id='word_1_175' title='bbox 2785 1122 2897 1182; x_wconf 87' lang='grc' dir='ltr'>τοῖς</span> <span class='ocrx_word' id='word_1_176' title='bbox 2941 1118 3293 1190; x_wconf 83' lang='grc' dir='ltr'>ζητουμένοις</span> <span class='ocrx_word' id='word_1_177' title='bbox 3333 1120 3414 1180; x_wconf 87' lang='grc' dir='ltr'><strong><em>είς</em></strong></span> <span class='ocrx_word' id='word_1_178' title='bbox 3473 1118 3744 1182; x_wconf 81' lang='grc' dir='ltr'>ἀπόδειξιν</span> 
     </span>
    </p>
   </div>
   <div class='ocr_carea' id='block_1_27' title="bbox 2160 1208 3742 1281">
    <p class='ocr_par' dir='ltr' id='par_1_27' title="bbox 2160 1208 3742 1281">
     <span class='ocr_line' id='line_1_27' title="bbox 2160 1208 3742 1281; baseline -0.001 -17"><span class='ocrx_word' id='word_1_179' title='bbox 2160 1211 2269 1265; x_wconf 88' lang='grc' dir='ltr'><strong><em>τῶν</em></strong></span> <span class='ocrx_word' id='word_1_180' title='bbox 2313 1211 2688 1281; x_wconf 81' lang='grc' dir='ltr'>προκειμένων</span> <span class='ocrx_word' id='word_1_181' title='bbox 2722 1210 3232 1281; x_wconf 85' lang='grc' dir='ltr'>ἐπισυρόμενος;Τὸ</span> <span class='ocrx_word' id='word_1_182' title='bbox 3279 1210 3386 1280; x_wconf 80' lang='grc' dir='ltr'><strong><em>γὰρ</em></strong></span> <span class='ocrx_word' id='word_1_183' title='bbox 3417 1208 3742 1278; x_wconf 80' lang='grc' dir='ltr'>ζητούμενον</span> 
     </span>
    </p>
   </div>
   <div class='ocr_carea' id='block_1_28' title="bbox 2159 1300 3744 1374">
    <p class='ocr_par' dir='ltr' id='par_1_28' title="bbox 2159 1300 3744 1374">
     <span class='ocr_line' id='line_1_28' title="bbox 2159 1300 3744 1374; baseline -0.001 -18"><span class='ocrx_word' id='word_1_184' title='bbox 2159 1300 2246 1374; x_wconf 83' lang='grc' dir='ltr'>ἦν,</span> <span class='ocrx_word' id='word_1_185' title='bbox 2285 1303 2453 1368; x_wconf 88' lang='grc' dir='ltr'>δεῖξαι</span> <span class='ocrx_word' id='word_1_186' title='bbox 2484 1303 2666 1366; x_wconf 83' lang='grc' dir='ltr'>καθὼς</span> <span class='ocrx_word' id='word_1_187' title='bbox 2697 1302 3059 1372; x_wconf 88' lang='grc' dir='ltr'>ἐπηγγείλατο</span> <span class='ocrx_word' id='word_1_188' title='bbox 3097 1312 3171 1372; x_wconf 81' lang='grc' dir='ltr'><strong><em>μη</em></strong></span> <span class='ocrx_word' id='word_1_189' title='bbox 3205 1301 3332 1355; x_wconf 76' lang='grc' dir='ltr'>ὅντα</span> <span class='ocrx_word' id='word_1_190' title='bbox 3368 1305 3455 1354; x_wconf 77' lang='grc' dir='ltr'><strong><em>τὸν</em></strong></span> <span class='ocrx_word' id='word_1_191' title='bbox 3487 1301 3614 1354; x_wconf 73' lang='grc' dir='ltr'>Υίὸν</span> <span class='ocrx_word' id='word_1_192' title='bbox 3660 1319 3744 1368; x_wconf 82' lang='grc' dir='ltr'>γε·</span> 
     </span>
    </p>
   </div>
   <div class='ocr_carea' id='block_1_29' title="bbox 2159 1390 3742 1464">
    <p class='ocr_par' dir='ltr' id='par_1_29' title="bbox 2159 1390 3742 1464">
     <span class='ocr_line' id='line_1_29' title="bbox 2159 1390 3742 1464; baseline -0.002 -18"><span class='ocrx_word' id='word_1_193' title='bbox 2159 1393 2451 1464; x_wconf 82' lang='grc' dir='ltr'>γενῆσθαϊ</span> <span class='ocrx_word' id='word_1_194' title='bbox 2484 1393 2597 1445; x_wconf 85' lang='grc' dir='ltr'>ἀλλ’</span> <span class='ocrx_word' id='word_1_195' title='bbox 2632 1393 2806 1463; x_wconf 85' lang='grc' dir='ltr'>ἀρχήν</span> <span class='ocrx_word' id='word_1_196' title='bbox 2838 1409 2897 1444; x_wconf 88' lang='grc' dir='ltr'><strong><em>τε</em></strong></span> <span class='ocrx_word' id='word_1_197' title='bbox 2945 1390 3128 1445; x_wconf 78' lang='grc' dir='ltr'>λαϐεῖν</span> <span class='ocrx_word' id='word_1_198' title='bbox 3169 1393 3474 1459; x_wconf 81' lang='grc' dir='ltr'>γεννήσεως</span> <span class='ocrx_word' id='word_1_199' title='bbox 3521 1391 3614 1443; x_wconf 51' lang='grc' dir='ltr'><strong><em>καί⁵</em></strong></span> <span class='ocrx_word' id='word_1_200' title='bbox 3649 1390 3742 1460; x_wconf 83' lang='grc' dir='ltr'><strong><em>λή-</em></strong></span> 
     </span>
    </p>
   </div>
   <div class='ocr_carea' id='block_1_30' title="bbox 2160 1474 3831 1554">
    <p class='ocr_par' dir='ltr' id='par_1_30' title="bbox 2160 1474 3831 1554">
     <span class='ocr_line' id='line_1_30' title="bbox 2160 1474 3831 1554; baseline -0.003 -15"><span class='ocrx_word' id='word_1_201' title='bbox 2160 1487 2294 1553; x_wconf 84' lang='grc' dir='ltr'>ξεως</span> <span class='ocrx_word' id='word_1_202' title='bbox 2315 1527 2329 1550; x_wconf 94' lang='grc'><strong><em>,</em></strong></span> <span class='ocrx_word' id='word_1_203' title='bbox 2360 1485 2698 1554; x_wconf 76' lang='grc' dir='ltr'>γεννώμενον</span> <span class='ocrx_word' id='word_1_204' title='bbox 2719 1523 2732 1548; x_wconf 95' lang='grc'><strong><em>,</em></strong></span> <span class='ocrx_word' id='word_1_205' title='bbox 2768 1479 2879 1536; x_wconf 77' lang='grc' dir='ltr'>οἷόν</span> <span class='ocrx_word' id='word_1_206' title='bbox 2929 1500 3075 1547; x_wconf 87' lang='grc' dir='ltr'>τινος</span> <span class='ocrx_word' id='word_1_207' title='bbox 3127 1482 3315 1545; x_wconf 87' lang='grc' dir='ltr'>ὠδῖνος</span> <span class='ocrx_word' id='word_1_208' title='bbox 3359 1483 3537 1553; x_wconf 85' lang='grc' dir='ltr'>χρόνῳ</span> <span class='ocrx_word' id='word_1_209' title='bbox 3570 1501 3742 1552; x_wconf 85' lang='grc' dir='ltr'>παρα·</span> <span class='ocrx_word' id='word_1_210' title='bbox 3825 1474 3831 1480; x_wconf 72' lang='grc'><em>’</em></span> 
     </span>
    </p>
   </div>
   <div class='ocr_carea' id='block_1_31' title="bbox 2159 1573 3739 1647">
    <p class='ocr_par' dir='ltr' id='par_1_31' title="bbox 2159 1573 3739 1647">
     <span class='ocr_line' id='line_1_31' title="bbox 2159 1573 3739 1647; baseline -0.003 -17"><span class='ocrx_word' id='word_1_211' title='bbox 2159 1577 2436 1647; x_wconf 83' lang='grc' dir='ltr'>τεινούσης</span> <span class='ocrx_word' id='word_1_212' title='bbox 2464 1577 2562 1647; x_wconf 80' lang='grc' dir='ltr'>τὴν</span> <span class='ocrx_word' id='word_1_213' title='bbox 2589 1577 2859 1646; x_wconf 77' lang='grc' dir='ltr'>γέννησιν.</span> <span class='ocrx_word' id='word_1_214' title='bbox 2897 1574 2960 1628; x_wconf 89' lang='lat' dir='ltr'><strong><em>&#39;H</em></strong></span> <span class='ocrx_word' id='word_1_215' title='bbox 2998 1573 3054 1628; x_wconf 85' lang='grc' dir='ltr'>δὲ</span> <span class='ocrx_word' id='word_1_216' title='bbox 3089 1577 3167 1638; x_wconf 86' lang='grc' dir='ltr'><strong><em>είς</em></strong></span> <span class='ocrx_word' id='word_1_217' title='bbox 3218 1573 3376 1627; x_wconf 78' lang='grc' dir='ltr'>τοῦτο</span> <span class='ocrx_word' id='word_1_218' title='bbox 3428 1574 3739 1644; x_wconf 82' lang='grc' dir='ltr'>κατασκευὴ</span> 
     </span>
    </p>
   </div>
   <div class='ocr_carea' id='block_1_32' title="bbox 2157 1664 3742 1737">
    <p class='ocr_par' dir='ltr' id='par_1_32' title="bbox 2157 1664 3742 1737">
     <span class='ocr_line' id='line_1_32' title="bbox 2157 1664 3742 1737; baseline -0.003 -17"><span class='ocrx_word' id='word_1_219' title='bbox 2157 1668 2238 1730; x_wconf 88' lang='grc' dir='ltr'><strong><em>τίς</em></strong></span> <span class='ocrx_word' id='word_1_220' title='bbox 2264 1686 2278 1731; x_wconf 87' lang='grc'>;</span> <span class='ocrx_word' id='word_1_221' title='bbox 2313 1667 2386 1720; x_wconf 86' lang='grc' dir='ltr'>Τὸ</span> <span class='ocrx_word' id='word_1_222' title='bbox 2409 1665 2752 1730; x_wconf 75' lang='grc' dir='ltr'>σαϐϐατίζειν</span> <span class='ocrx_word' id='word_1_223' title='bbox 2778 1667 2842 1718; x_wconf 91' lang='grc' dir='ltr'><strong><em>ἐκ</em></strong></span> <span class='ocrx_word' id='word_1_224' title='bbox 2871 1665 3034 1734; x_wconf 87' lang='grc' dir='ltr'>νόμου</span> <span class='ocrx_word' id='word_1_225' title='bbox 3060 1665 3200 1719; x_wconf 73' lang='grc' dir='ltr'>κατὰ</span> <span class='ocrx_word' id='word_1_226' title='bbox 3223 1665 3323 1737; x_wconf 82' lang='grc' dir='ltr'>τὴν</span> <span class='ocrx_word' id='word_1_227' title='bbox 3350 1665 3583 1736; x_wconf 74' lang='grc' dir='ltr'>ἑϐδόμην</span> <span class='ocrx_word' id='word_1_228' title='bbox 3604 1664 3742 1735; x_wconf 79' lang='grc' dir='ltr'>ἡμέ-</span> 
     </span>
    </p>
   </div>
   <div class='ocr_carea' id='block_1_33' title="bbox 2161 1754 3738 1832">
    <p class='ocr_par' dir='ltr' id='par_1_33' title="bbox 2161 1754 3738 1832">
     <span class='ocr_line' id='line_1_33' title="bbox 2161 1754 3738 1832; baseline -0.003 -19"><span class='ocrx_word' id='word_1_229' title='bbox 2161 1779 2258 1832; x_wconf 86' lang='grc' dir='ltr'><strong><em>ραν</em></strong></span> <span class='ocrx_word' id='word_1_230' title='bbox 2284 1761 2374 1813; x_wconf 79' lang='grc' dir='ltr'><strong><em>τὸν</em></strong></span> <span class='ocrx_word' id='word_1_231' title='bbox 2416 1760 2680 1831; x_wconf 78' lang='grc' dir='ltr'>Ἐϐραίων</span> <span class='ocrx_word' id='word_1_232' title='bbox 2700 1759 2849 1813; x_wconf 86' lang='grc' dir='ltr'>λαόν.</span> <span class='ocrx_word' id='word_1_233' title='bbox 2879 1754 2950 1810; x_wconf 82' lang='grc' dir='ltr'><strong><em>Ὦ</em></strong></span> <span class='ocrx_word' id='word_1_234' title='bbox 2983 1759 3122 1827; x_wconf 88' lang='grc' dir='ltr'>πόση</span> <span class='ocrx_word' id='word_1_235' title='bbox 3149 1758 3440 1828; x_wconf 81' lang='grc' dir='ltr'>συμφωνία</span> <span class='ocrx_word' id='word_1_236' title='bbox 3468 1758 3566 1828; x_wconf 83' lang='grc' dir='ltr'>τῆς</span> <span class='ocrx_word' id='word_1_237' title='bbox 3601 1775 3738 1827; x_wconf 78' lang='grc' dir='ltr'>μαρ-</span> 
     </span>
    </p>
   </div>
   <div class='ocr_carea' id='block_1_34' title="bbox 477 1848 2043 1924">
    <p class='ocr_par' dir='ltr' id='par_1_34' title="bbox 477 1848 2043 1920">
     <span class='ocr_line' id='line_1_34' title="bbox 477 1848 2043 1920; baseline 0.003 -21"><span class='ocrx_word' id='word_1_238' title='bbox 477 1848 600 1904; x_wconf 86' lang='lat' dir='ltr'><strong><em>licet</em></strong></span> <span class='ocrx_word' id='word_1_239' title='bbox 627 1851 934 1912; x_wconf 64' lang='lat' dir='ltr'><strong><em>Hebraeum,</em></strong></span> <span class='ocrx_word' id='word_1_240' title='bbox 967 1865 1032 1904; x_wconf 82' lang='lat' dir='ltr'><strong><em>ex</em></strong></span> <span class='ocrx_word' id='word_1_241' title='bbox 1062 1851 1180 1920; x_wconf 83' lang='lat' dir='ltr'><strong><em>lege</em></strong></span> <span class='ocrx_word' id='word_1_242' title='bbox 1209 1851 1440 1919; x_wconf 85' lang='lat' dir='ltr'><strong><em>septimo</em></strong></span> <span class='ocrx_word' id='word_1_243' title='bbox 1477 1866 1696 1919; x_wconf 89' lang='lat' dir='ltr'><strong><em>quoque</em></strong></span> <span class='ocrx_word' id='word_1_244' title='bbox 1733 1851 1820 1905; x_wconf 92' lang='lat' dir='ltr'><strong><em>die</em></strong></span> <span class='ocrx_word' id='word_1_245' title='bbox 1854 1852 2043 1910; x_wconf 82' lang='lat' dir='ltr'><strong><em>sabba-</em></strong></span> 
     </span>
    </p>
   </div>
   <div class='ocr_carea' id='block_1_35' title="bbox 2147 1848 3736 1924">
    <p class='ocr_par' dir='ltr' id='par_1_35' title="bbox 2157 1849 3736 1924">
     <span class='ocr_line' id='line_1_35' title="bbox 2157 1849 3736 1924; baseline -0.003 -20"><span class='ocrx_word' id='word_1_246' title='bbox 2157 1853 2346 1924; x_wconf 82' lang='grc' dir='ltr'>τυρίας</span> <span class='ocrx_word' id='word_1_247' title='bbox 2395 1853 2530 1922; x_wconf 84' lang='grc' dir='ltr'>πρὸς</span> <span class='ocrx_word' id='word_1_248' title='bbox 2577 1850 2639 1904; x_wconf 83' lang='grc' dir='ltr'><strong><em>τὸ</em></strong></span> <span class='ocrx_word' id='word_1_249' title='bbox 2687 1851 3078 1922; x_wconf 77' lang='grc' dir='ltr'>προκείμενονί</span> <span class='ocrx_word' id='word_1_250' title='bbox 3127 1849 3344 1920; x_wconf 74' lang='grc' dir='ltr'>Ἐπειδὴ</span> <span class='ocrx_word' id='word_1_251' title='bbox 3390 1851 3615 1919; x_wconf 79' lang='grc' dir='ltr'>τιμᾶται</span> <span class='ocrx_word' id='word_1_252' title='bbox 3669 1851 3736 1918; x_wconf 87' lang='grc' dir='ltr'>τῇ</span> 
     </span>
    </p>
   </div>
   <div class='ocr_carea' id='block_1_36' title="bbox 473 1939 2050 2012">
    <p class='ocr_par' dir='ltr' id='par_1_36' title="bbox 473 1939 2050 2012">
     <span class='ocr_line' id='line_1_36' title="bbox 473 1939 2050 2012; baseline 0.001 -18"><span class='ocrx_word' id='word_1_253' title='bbox 473 1942 662 1995; x_wconf 86' lang='lat' dir='ltr'><strong><em>tizare.</em></strong></span> <span class='ocrx_word' id='word_1_254' title='bbox 698 1939 743 1993; x_wconf 91' lang='grc' dir='ltr'>Ο</span> <span class='ocrx_word' id='word_1_255' title='bbox 771 1951 973 2009; x_wconf 87' lang='lat' dir='ltr'><strong><em>quanta</em></strong></span> <span class='ocrx_word' id='word_1_256' title='bbox 1014 1948 1098 1995; x_wconf 87' lang='lat' dir='ltr'><strong><em>est</em></strong></span> <span class='ocrx_word' id='word_1_257' title='bbox 1124 1942 1191 1993; x_wconf 87' lang='lat' dir='ltr'><strong><em>ad</em></strong></span> <span class='ocrx_word' id='word_1_258' title='bbox 1235 1942 1286 1996; x_wconf 90' lang='lat' dir='ltr'><strong><em>id</em></strong></span> <span class='ocrx_word' id='word_1_259' title='bbox 1326 1943 1469 2012; x_wconf 87' lang='lat' dir='ltr'><strong><em>quod</em></strong></span> <span class='ocrx_word' id='word_1_260' title='bbox 1526 1942 1866 2010; x_wconf 84' lang='lat' dir='ltr'><strong><em>probandum</em></strong></span> <span class='ocrx_word' id='word_1_261' title='bbox 1922 1957 2050 2011; x_wconf 86' lang='lat' dir='ltr'><strong><em>pro-</em></strong></span> 
     </span>
    </p>
   </div>
   <div class='ocr_carea' id='block_1_37' title="bbox 473 2031 2048 2105">
    <p class='ocr_par' dir='ltr' id='par_1_37' title="bbox 473 2031 2048 2105">
     <span class='ocr_line' id='line_1_37' title="bbox 473 2031 2048 2105; baseline 0.002 -21"><span class='ocrx_word' id='word_1_262' title='bbox 473 2031 716 2102; x_wconf 83' lang='lat' dir='ltr'><strong><em>ponitur,</em></strong></span> <span class='ocrx_word' id='word_1_263' title='bbox 776 2032 1077 2086; x_wconf 88' lang='lat' dir='ltr'><strong><em>testimonii</em></strong></span> <span class='ocrx_word' id='word_1_264' title='bbox 1142 2033 1538 2088; x_wconf 76' lang='lat' dir='ltr'><strong><em>consonantia!</em></strong></span> <span class='ocrx_word' id='word_1_265' title='bbox 1609 2034 2048 2105; x_wconf 79' lang='lat' dir='ltr'><strong><em>quandoquidem</em></strong></span> 
     </span>
    </p>
   </div>
   <div class='ocr_carea' id='block_1_38' title="bbox 470 2123 2051 2194">
    <p class='ocr_par' dir='ltr' id='par_1_38' title="bbox 470 2123 2051 2194">
     <span class='ocr_line' id='line_1_38' title="bbox 470 2123 2051 2194; baseline 0.002 -17"><span class='ocrx_word' id='word_1_266' title='bbox 470 2125 652 2194; x_wconf 85' lang='lat' dir='ltr'><strong><em>quiete</em></strong></span> <span class='ocrx_word' id='word_1_267' title='bbox 671 2131 724 2177; x_wconf 89' lang='lat' dir='ltr'><strong><em>et</em></strong></span> <span class='ocrx_word' id='word_1_268' title='bbox 750 2129 861 2178; x_wconf 91' lang='lat' dir='ltr'><strong><em>otio</em></strong></span> <span class='ocrx_word' id='word_1_269' title='bbox 882 2124 1177 2180; x_wconf 87' lang='lat' dir='ltr'><strong><em>Sabbatum</em></strong></span> <span class='ocrx_word' id='word_1_270' title='bbox 1209 2141 1238 2179; x_wconf 92' lang='lat' dir='ltr'><strong><em>a</em></strong></span> <span class='ocrx_word' id='word_1_271' title='bbox 1258 2123 1444 2180; x_wconf 66' lang='lat' dir='ltr'><strong><em>Judaao</em></strong></span> <span class='ocrx_word' id='word_1_272' title='bbox 1467 2125 1794 2190; x_wconf 73' lang='lat' dir='ltr'><strong><em>celebratur,</em></strong></span> <span class='ocrx_word' id='word_1_273' title='bbox 1826 2127 2051 2180; x_wconf 89' lang='lat' dir='ltr'><strong><em>demou-</em></strong></span> 
     </span>
    </p>
   </div>
   <div class='ocr_carea' id='block_1_39' title="bbox 473 2215 2050 2287">
    <p class='ocr_par' dir='ltr' id='par_1_39' title="bbox 473 2215 2050 2287">
     <span class='ocr_line' id='line_1_39' title="bbox 473 2215 2050 2287; baseline 0.003 -18"><span class='ocrx_word' id='word_1_274' title='bbox 473 2223 704 2269; x_wconf 88' lang='lat' dir='ltr'><strong><em>stratum</em></strong></span> <span class='ocrx_word' id='word_1_275' title='bbox 761 2223 870 2277; x_wconf 90' lang='lat' dir='ltr'><strong><em>est,</em></strong></span> <span class='ocrx_word' id='word_1_276' title='bbox 929 2224 987 2269; x_wconf 94' lang='lat' dir='ltr'><strong><em>ut</em></strong></span> <span class='ocrx_word' id='word_1_277' title='bbox 1043 2217 1145 2272; x_wconf 91' lang='lat' dir='ltr'><strong><em>iste</em></strong></span> <span class='ocrx_word' id='word_1_278' title='bbox 1199 2225 1466 2281; x_wconf 88' lang='lat' dir='ltr'><strong><em>autumat,</em></strong></span> <span class='ocrx_word' id='word_1_279' title='bbox 1515 2215 1802 2270; x_wconf 79' lang='lat' dir='ltr'><strong><em>Dominum</em></strong></span> <span class='ocrx_word' id='word_1_280' title='bbox 1861 2225 2050 2287; x_wconf 88' lang='lat' dir='ltr'><strong><em>partus</em></strong></span> 
     </span>
    </p>
   </div>
   <div class='ocr_carea' id='block_1_40' title="bbox 469 2305 2051 2378">
    <p class='ocr_par' dir='ltr' id='par_1_40' title="bbox 469 2305 2051 2378">
     <span class='ocr_line' id='line_1_40' title="bbox 469 2305 2051 2378; baseline 0.001 -18"><span class='ocrx_word' id='word_1_281' title='bbox 469 2305 800 2375; x_wconf 83' lang='lat' dir='ltr'><strong><em>principium</em></strong></span> <span class='ocrx_word' id='word_1_282' title='bbox 843 2305 1122 2370; x_wconf 82' lang='lat' dir='ltr'><strong><em>habuisse,</em></strong></span> <span class='ocrx_word' id='word_1_283' title='bbox 1178 2315 1234 2362; x_wconf 82' lang='lat' dir='ltr'><strong><em>et</em></strong></span> <span class='ocrx_word' id='word_1_284' title='bbox 1292 2315 1506 2377; x_wconf 89' lang='lat' dir='ltr'><strong><em>partum</em></strong></span> <span class='ocrx_word' id='word_1_285' title='bbox 1563 2309 1860 2378; x_wconf 72' lang='lat' dir='ltr'><strong><em>quievisse.</em></strong></span> <span class='ocrx_word' id='word_1_286' title='bbox 1907 2308 2051 2374; x_wconf 84' lang='lat' dir='ltr'><strong><em>Quot</em></strong></span> 
     </span>
    </p>
   </div>
   <div class='ocr_carea' id='block_1_41' title="bbox 468 2397 2047 2472">
    <p class='ocr_par' dir='ltr' id='par_1_41' title="bbox 468 2397 2047 2472">
     <span class='ocr_line' id='line_1_41' title="bbox 468 2397 2047 2472; baseline 0.001 -20"><span class='ocrx_word' id='word_1_287' title='bbox 468 2398 574 2452; x_wconf 87' lang='lat' dir='ltr'><strong><em>alia</em></strong></span> <span class='ocrx_word' id='word_1_288' title='bbox 607 2397 674 2451; x_wconf 88' lang='lat' dir='ltr'><strong><em>ad</em></strong></span> <span class='ocrx_word' id='word_1_289' title='bbox 705 2399 809 2452; x_wconf 88' lang='lat' dir='ltr'><strong><em>hoc</em></strong></span> <span class='ocrx_word' id='word_1_290' title='bbox 856 2399 1170 2453; x_wconf 90' lang='lat' dir='ltr'><strong><em>testimonia</em></strong></span> <span class='ocrx_word' id='word_1_291' title='bbox 1203 2399 1333 2454; x_wconf 85' lang='lat' dir='ltr'><strong><em>huic</em></strong></span> <span class='ocrx_word' id='word_1_292' title='bbox 1379 2401 1635 2471; x_wconf 88' lang='lat' dir='ltr'><strong><em>scriptori</em></strong></span> <span class='ocrx_word' id='word_1_293' title='bbox 1675 2400 2047 2472; x_wconf 65' lang='lat' dir='ltr'><strong><em>przetermiss-a</em></strong></span> 
     </span>
    </p>
   </div>
   <div class='ocr_carea' id='block_1_42' title="bbox 467 2488 2049 2562">
    <p class='ocr_par' dir='ltr' id='par_1_42' title="bbox 467 2488 2049 2562">
     <span class='ocr_line' id='line_1_42' title="bbox 467 2488 2049 2562; baseline 0.001 -20"><span class='ocrx_word' id='word_1_294' title='bbox 467 2495 614 2552; x_wconf 82' lang='lat' dir='ltr'><strong><em>sunt,</em></strong></span> <span class='ocrx_word' id='word_1_295' title='bbox 646 2488 819 2543; x_wconf 88' lang='lat' dir='ltr'><strong><em>nihilo</em></strong></span> <span class='ocrx_word' id='word_1_296' title='bbox 851 2504 918 2544; x_wconf 90' lang='lat' dir='ltr'><strong><em>eo</em></strong></span> <span class='ocrx_word' id='word_1_297' title='bbox 947 2491 1089 2559; x_wconf 85' lang='lat' dir='ltr'><strong><em>quod</em></strong></span> <span class='ocrx_word' id='word_1_298' title='bbox 1117 2489 1323 2544; x_wconf 87' lang='lat' dir='ltr'><strong><em>dictum</em></strong></span> <span class='ocrx_word' id='word_1_299' title='bbox 1363 2499 1447 2546; x_wconf 88' lang='lat' dir='ltr'><strong><em>est</em></strong></span> <span class='ocrx_word' id='word_1_300' title='bbox 1482 2491 1548 2546; x_wconf 88' lang='lat' dir='ltr'><strong><em>ad</em></strong></span> <span class='ocrx_word' id='word_1_301' title='bbox 1589 2493 1800 2562; x_wconf 71' lang='grc' dir='ltr'>(μιωείιί</span> <span class='ocrx_word' id='word_1_302' title='bbox 1841 2491 2049 2546; x_wconf 84' lang='lat' dir='ltr'><strong><em>consti-</em></strong></span> 
     </span>
    </p>
   </div>
   <div class='ocr_carea' id='block_1_43' title="bbox 464 2579 2046 2652">
    <p class='ocr_par' dir='ltr' id='par_1_43' title="bbox 464 2579 2046 2652">
     <span class='ocr_line' id='line_1_43' title="bbox 464 2579 2046 2652; baseline 0.002 -19"><span class='ocrx_word' id='word_1_303' title='bbox 464 2581 727 2635; x_wconf 88' lang='lat' dir='ltr'><strong><em>tutionem</em></strong></span> <span class='ocrx_word' id='word_1_304' title='bbox 759 2579 1062 2636; x_wconf 77' lang='lat' dir='ltr'><strong><em>inferiora?</em></strong></span> <span class='ocrx_word' id='word_1_305' title='bbox 1095 2598 1216 2652; x_wconf 70' lang='lat' dir='ltr'><strong><em>qua:</em></strong></span> <span class='ocrx_word' id='word_1_306' title='bbox 1250 2589 1447 2636; x_wconf 88' lang='lat' dir='ltr'><strong><em>octavo</em></strong></span> <span class='ocrx_word' id='word_1_307' title='bbox 1485 2582 1575 2636; x_wconf 89' lang='lat' dir='ltr'><strong><em>die</em></strong></span> <span class='ocrx_word' id='word_1_308' title='bbox 1615 2582 1776 2638; x_wconf 61' lang='lat' dir='ltr'><strong><em>[ii-bat</em></strong></span> <span class='ocrx_word' id='word_1_309' title='bbox 1810 2586 2046 2637; x_wconf 91' lang='lat' dir='ltr'><strong><em>circum-</em></strong></span> 
     </span>
    </p>
   </div>
   <div class='ocr_carea' id='block_1_44' title="bbox 464 2671 2043 2744">
    <p class='ocr_par' dir='ltr' id='par_1_44' title="bbox 464 2671 2043 2744">
     <span class='ocr_line' id='line_1_44' title="bbox 464 2671 2043 2744; baseline 0.003 -20"><span class='ocrx_word' id='word_1_310' title='bbox 464 2671 639 2726; x_wconf 86' lang='lat' dir='ltr'><strong><em>cisio:</em></strong></span> <span class='ocrx_word' id='word_1_311' title='bbox 681 2685 1016 2742; x_wconf 83' lang='lat' dir='ltr'><strong><em>azymorum,</em></strong></span> <span class='ocrx_word' id='word_1_312' title='bbox 1050 2673 1101 2727; x_wconf 90' lang='lat' dir='ltr'><strong><em>id</em></strong></span> <span class='ocrx_word' id='word_1_313' title='bbox 1142 2681 1246 2738; x_wconf 89' lang='lat' dir='ltr'><strong><em>est,</em></strong></span> <span class='ocrx_word' id='word_1_314' title='bbox 1291 2673 1798 2729; x_wconf 78' lang='lat' dir='ltr'><strong><em>infermentatorum</em></strong></span> <span class='ocrx_word' id='word_1_315' title='bbox 1841 2689 2043 2744; x_wconf 83' lang='lat' dir='ltr'><strong><em>panum</em></strong></span> 
     </span>
    </p>
   </div>
   <div class='ocr_carea' id='block_1_45' title="bbox 463 2762 2045 2835">
    <p class='ocr_par' dir='ltr' id='par_1_45' title="bbox 463 2762 2045 2835">
     <span class='ocr_line' id='line_1_45' title="bbox 463 2762 2045 2835; baseline 0.002 -20"><span class='ocrx_word' id='word_1_316' title='bbox 463 2762 800 2827; x_wconf 88' lang='lat' dir='ltr'><strong><em>hebdomas;</em></strong></span> <span class='ocrx_word' id='word_1_317' title='bbox 844 2764 1161 2833; x_wconf 79' lang='lat' dir='ltr'><strong><em>mysterium</em></strong></span> <span class='ocrx_word' id='word_1_318' title='bbox 1210 2764 1351 2827; x_wconf 83' lang='lat' dir='ltr'><strong><em>quod</em></strong></span> <span class='ocrx_word' id='word_1_319' title='bbox 1385 2763 1792 2835; x_wconf 86' lang='lat' dir='ltr'><strong><em>decimaquarta</em></strong></span> <span class='ocrx_word' id='word_1_320' title='bbox 1836 2766 2045 2820; x_wconf 90' lang='lat' dir='ltr'><strong><em>lunaris</em></strong></span> 
     </span>
    </p>
   </div>
   <div class='ocr_carea' id='block_1_46' title="bbox 463 2853 2046 2926">
    <p class='ocr_par' dir='ltr' id='par_1_46' title="bbox 463 2853 2046 2926">
     <span class='ocr_line' id='line_1_46' title="bbox 463 2853 2046 2926; baseline 0.004 -23"><span class='ocrx_word' id='word_1_321' title='bbox 463 2867 661 2906; x_wconf 88' lang='lat' dir='ltr'><strong><em>cursus</em></strong></span> <span class='ocrx_word' id='word_1_322' title='bbox 694 2853 1101 2907; x_wconf 84' lang='lat' dir='ltr'><strong><em>celebrabatur:</em></strong></span> <span class='ocrx_word' id='word_1_323' title='bbox 1144 2855 1481 2923; x_wconf 72' lang='lat' dir='ltr'><strong><em>purgationis</em></strong></span> <span class='ocrx_word' id='word_1_324' title='bbox 1530 2855 1836 2920; x_wconf 84' lang='lat' dir='ltr'><strong><em>sacriﬁcia;</em></strong></span> <span class='ocrx_word' id='word_1_325' title='bbox 1877 2858 2046 2926; x_wconf 87' lang='lat' dir='ltr'><strong><em>lepra-</em></strong></span> 
     </span>
    </p>
   </div>
   <div class='ocr_carea' id='block_1_47' title="bbox 464 2945 2043 3016">
    <p class='ocr_par' dir='ltr' id='par_1_47' title="bbox 464 2945 2043 3016">
     <span class='ocr_line' id='line_1_47' title="bbox 464 2945 2043 3016; baseline 0.004 -21"><span class='ocrx_word' id='word_1_326' title='bbox 464 2960 583 2996; x_wconf 90' lang='lat' dir='ltr'><strong><em>rum</em></strong></span> <span class='ocrx_word' id='word_1_327' title='bbox 639 2945 972 3007; x_wconf 83' lang='lat' dir='ltr'><strong><em>observatio.</em></strong></span> <span class='ocrx_word' id='word_1_328' title='bbox 1033 2947 1196 3007; x_wconf 80' lang='lat' dir='ltr'><strong><em>aries,</em></strong></span> <span class='ocrx_word' id='word_1_329' title='bbox 1255 2947 1480 3010; x_wconf 86' lang='lat' dir='ltr'><strong><em>vitulus,</em></strong></span> <span class='ocrx_word' id='word_1_330' title='bbox 1533 2947 1792 3016; x_wconf 87' lang='lat' dir='ltr'><strong><em>juvenca,</em></strong></span> <span class='ocrx_word' id='word_1_331' title='bbox 1854 2948 2043 3002; x_wconf 88' lang='lat' dir='ltr'><strong><em>hircus</em></strong></span> 
     </span>
    </p>
   </div>
   <div class='ocr_carea' id='block_1_48' title="bbox 463 3035 2043 3107">
    <p class='ocr_par' dir='ltr' id='par_1_48' title="bbox 463 3035 2043 3107">
     <span class='ocr_line' id='line_1_48' title="bbox 463 3035 2043 3107; baseline 0.001 -17"><span class='ocrx_word' id='word_1_332' title='bbox 463 3038 804 3100; x_wconf 86' lang='lat' dir='ltr'><strong><em>emissarius,</em></strong></span> <span class='ocrx_word' id='word_1_333' title='bbox 853 3052 1034 3106; x_wconf 88' lang='lat' dir='ltr'><strong><em>caper.</em></strong></span> <span class='ocrx_word' id='word_1_334' title='bbox 1067 3035 1221 3102; x_wconf 85' lang='lat' dir='ltr'><strong><em>Quod</em></strong></span> <span class='ocrx_word' id='word_1_335' title='bbox 1255 3037 1301 3091; x_wconf 91' lang='lat' dir='ltr'><strong><em>si</em></strong></span> <span class='ocrx_word' id='word_1_336' title='bbox 1337 3037 1452 3090; x_wconf 66' lang='lat' dir='ltr'><strong><em>haec</em></strong></span> <span class='ocrx_word' id='word_1_337' title='bbox 1481 3052 1513 3091; x_wconf 88' lang='lat' dir='ltr'><strong><em>a</em></strong></span> <span class='ocrx_word' id='word_1_338' title='bbox 1560 3037 1838 3107; x_wconf 89' lang='lat' dir='ltr'><strong><em>proposito</em></strong></span> <span class='ocrx_word' id='word_1_339' title='bbox 1884 3037 2043 3107; x_wconf 82' lang='lat' dir='ltr'><strong><em>longe</em></strong></span> 
     </span>
    </p>
   </div>
   <div class='ocr_carea' id='block_1_49' title="bbox 463 3131 2040 3200">
    <p class='ocr_par' dir='ltr' id='par_1_49' title="bbox 463 3131 2040 3200">
     <span class='ocr_line' id='line_1_49' title="bbox 463 3131 2040 3200; baseline 0.001 -18"><span class='ocrx_word' id='word_1_340' title='bbox 463 3139 670 3184; x_wconf 87' lang='lat' dir='ltr'><strong><em>remota</em></strong></span> <span class='ocrx_word' id='word_1_341' title='bbox 701 3139 851 3195; x_wconf 87' lang='lat' dir='ltr'><strong><em>sunt,</em></strong></span> <span class='ocrx_word' id='word_1_342' title='bbox 881 3131 1155 3199; x_wconf 86' lang='lat' dir='ltr'><strong><em>quomodo</em></strong></span> <span class='ocrx_word' id='word_1_343' title='bbox 1195 3131 1330 3185; x_wconf 88' lang='lat' dir='ltr'><strong><em>illud</em></strong></span> <span class='ocrx_word' id='word_1_344' title='bbox 1355 3132 1496 3184; x_wconf 90' lang='lat' dir='ltr'><strong><em>intra</em></strong></span> <span class='ocrx_word' id='word_1_345' title='bbox 1519 3131 1829 3200; x_wconf 65' lang='lat' dir='ltr'><strong><em>quaasitum,</em></strong></span> <span class='ocrx_word' id='word_1_346' title='bbox 1854 3131 2040 3184; x_wconf 84' lang='lat' dir='ltr'><strong><em>dicant</em></strong></span> 
     </span>
    </p>
   </div>
   <div class='ocr_carea' id='block_1_50' title="bbox 2155 1940 3739 2016">
    <p class='ocr_par' dir='ltr' id='par_1_50' title="bbox 2155 1940 3739 2016">
     <span class='ocr_line' id='line_1_50' title="bbox 2155 1940 3739 2016; baseline -0.004 -18"><span class='ocrx_word' id='word_1_347' title='bbox 2155 1945 2324 2016; x_wconf 69' lang='grc' dir='ltr'>ἀργίᾳ</span> <span class='ocrx_word' id='word_1_348' title='bbox 2351 1944 2502 2014; x_wconf 82' lang='grc' dir='ltr'>παρὰ</span> <span class='ocrx_word' id='word_1_349' title='bbox 2524 1943 2619 1996; x_wconf 79' lang='grc' dir='ltr'>τοῦ</span> <span class='ocrx_word' id='word_1_350' title='bbox 2660 1942 2914 1996; x_wconf 82' lang='grc' dir='ltr'>Ἰουδαίου</span> <span class='ocrx_word' id='word_1_351' title='bbox 2939 1943 2998 1994; x_wconf 82' lang='grc' dir='ltr'>τὸ</span> <span class='ocrx_word' id='word_1_352' title='bbox 3035 1941 3331 2004; x_wconf 76' lang='grc' dir='ltr'>Σάϐϐατον,</span> <span class='ocrx_word' id='word_1_353' title='bbox 3364 1940 3739 1994; x_wconf 80' lang='grc' dir='ltr'>ἀποδέδεικται</span> 
     </span>
    </p>
   </div>
   <div class='ocr_carea' id='block_1_51' title="bbox 2152 2025 3737 2102">
    <p class='ocr_par' dir='ltr' id='par_1_51' title="bbox 2152 2025 3737 2102">
     <span class='ocr_line' id='line_1_51' title="bbox 2152 2025 3737 2102; baseline 0 -20"><span class='ocrx_word' id='word_1_354' title='bbox 2152 2030 2213 2082; x_wconf 76' lang='grc' dir='ltr'>τὸ</span> <span class='ocrx_word' id='word_1_355' title='bbox 2248 2031 2336 2083; x_wconf 86' lang='grc' dir='ltr'><strong><em>τὸν</em></strong></span> <span class='ocrx_word' id='word_1_356' title='bbox 2377 2031 2597 2102; x_wconf 77' lang='grc' dir='ltr'>Κύριον,</span> <span class='ocrx_word' id='word_1_357' title='bbox 2630 2028 2814 2093; x_wconf 84' lang='grc' dir='ltr'>καθὼς</span> <span class='ocrx_word' id='word_1_358' title='bbox 2849 2025 3002 2088; x_wconf 75' lang='grc' dir='ltr'>οὗτος</span> <span class='ocrx_word' id='word_1_359' title='bbox 3043 2030 3212 2098; x_wconf 81' lang='grc' dir='ltr'>λέγει,</span> <span class='ocrx_word' id='word_1_360' title='bbox 3242 2031 3414 2102; x_wconf 80' lang='grc' dir='ltr'>ἀρχὴν</span> <span class='ocrx_word' id='word_1_361' title='bbox 3456 2047 3513 2082; x_wconf 87' lang='grc' dir='ltr'><strong><em>τε</em></strong></span> <span class='ocrx_word' id='word_1_362' title='bbox 3554 2030 3737 2084; x_wconf 72' lang='grc' dir='ltr'>λαϐεῖν</span> 
     </span>
    </p>
   </div>
   <div class='ocr_carea' id='block_1_52' title="bbox 2151 2119 3734 2194">
    <p class='ocr_par' dir='ltr' id='par_1_52' title="bbox 2151 2119 3734 2194">
     <span class='ocr_line' id='line_1_52' title="bbox 2151 2119 3734 2194; baseline -0.003 -18"><span class='ocrx_word' id='word_1_363' title='bbox 2151 2123 2245 2176; x_wconf 76' lang='grc' dir='ltr'>τοῦ</span> <span class='ocrx_word' id='word_1_364' title='bbox 2282 2122 2460 2182; x_wconf 89' lang='grc' dir='ltr'>τόκου,</span> <span class='ocrx_word' id='word_1_365' title='bbox 2493 2123 2585 2175; x_wconf 77' lang='grc' dir='ltr'><strong><em>καὶ</em></strong></span> <span class='ocrx_word' id='word_1_366' title='bbox 2604 2122 2920 2194; x_wconf 84' lang='grc' dir='ltr'>τικτόμενον</span> <span class='ocrx_word' id='word_1_367' title='bbox 2956 2119 3288 2173; x_wconf 82' lang='grc' dir='ltr'>παύσασθαι.</span> <span class='ocrx_word' id='word_1_368' title='bbox 3316 2122 3486 2173; x_wconf 80' lang='grc' dir='ltr'>Πόσαι</span> <span class='ocrx_word' id='word_1_369' title='bbox 3517 2126 3611 2173; x_wconf 77' lang='grc' dir='ltr'><strong><em>καὶ</em></strong></span> <span class='ocrx_word' id='word_1_370' title='bbox 3641 2120 3734 2174; x_wconf 79' lang='grc' dir='ltr'><strong><em>ἆλ-</em></strong></span> 
     </span>
    </p>
   </div>
   <div class='ocr_carea' id='block_1_53' title="bbox 2152 2213 3735 2286">
    <p class='ocr_par' dir='ltr' id='par_1_53' title="bbox 2152 2213 3735 2286">
     <span class='ocr_line' id='line_1_53' title="bbox 2152 2213 3735 2286; baseline 0.001 -21"><span class='ocrx_word' id='word_1_371' title='bbox 2152 2213 2238 2266; x_wconf 86' lang='grc' dir='ltr'><strong><em>λαι</em></strong></span> <span class='ocrx_word' id='word_1_372' title='bbox 2257 2214 2392 2286; x_wconf 86' lang='grc' dir='ltr'>πρὸς</span> <span class='ocrx_word' id='word_1_373' title='bbox 2410 2213 2567 2267; x_wconf 80' lang='grc' dir='ltr'>τοῦτο</span> <span class='ocrx_word' id='word_1_374' title='bbox 2603 2214 2900 2286; x_wconf 83' lang='grc' dir='ltr'>μαρτυρίαι</span> <span class='ocrx_word' id='word_1_375' title='bbox 2929 2213 3004 2286; x_wconf 79' lang='grc' dir='ltr'>τῷ</span> <span class='ocrx_word' id='word_1_376' title='bbox 3026 2214 3348 2284; x_wconf 79' lang='grc' dir='ltr'>λογογράφῳ</span> <span class='ocrx_word' id='word_1_377' title='bbox 3375 2214 3735 2286; x_wconf 88' lang='grc' dir='ltr'>παρείθησαν,</span> 
     </span>
    </p>
   </div>
   <div class='ocr_carea' id='block_1_54' title="bbox 2151 2303 3733 2376">
    <p class='ocr_par' dir='ltr' id='par_1_54' title="bbox 2151 2303 3733 2376">
     <span class='ocr_line' id='line_1_54' title="bbox 2151 2303 3733 2376; baseline 0 -18"><span class='ocrx_word' id='word_1_378' title='bbox 2151 2304 2301 2358; x_wconf 79' lang='grc' dir='ltr'>οὐδὲν</span> <span class='ocrx_word' id='word_1_379' title='bbox 2334 2305 2432 2375; x_wconf 80' lang='grc' dir='ltr'>τῆς</span> <span class='ocrx_word' id='word_1_380' title='bbox 2465 2305 2762 2376; x_wconf 79' lang='grc' dir='ltr'>εἰρημένης</span> <span class='ocrx_word' id='word_1_381' title='bbox 2807 2305 2942 2375; x_wconf 79' lang='grc' dir='ltr'>πρὸς</span> <span class='ocrx_word' id='word_1_382' title='bbox 2984 2304 3242 2358; x_wconf 86' lang='grc' dir='ltr'>σύστασιν</span> <span class='ocrx_word' id='word_1_383' title='bbox 3275 2305 3368 2358; x_wconf 79' lang='grc' dir='ltr'>τοῦ</span> <span class='ocrx_word' id='word_1_384' title='bbox 3397 2303 3733 2376; x_wconf 80' lang='grc' dir='ltr'>ζητουμένου</span> 
     </span>
    </p>
   </div>
   <div class='ocr_carea' id='block_1_55' title="bbox 2151 2397 3735 2470">
    <p class='ocr_par' dir='ltr' id='par_1_55' title="bbox 2151 2397 3735 2470">
     <span class='ocr_line' id='line_1_55' title="bbox 2151 2397 3735 2470; baseline 0.003 -21"><span class='ocrx_word' id='word_1_385' title='bbox 2151 2397 2466 2468; x_wconf 87' lang='grc' dir='ltr'>λειπόμεναι</span> <span class='ocrx_word' id='word_1_386' title='bbox 2500 2416 2514 2464; x_wconf 91' lang='grc'><strong>;</strong></span> <span class='ocrx_word' id='word_1_387' title='bbox 2559 2399 2622 2450; x_wconf 85' lang='grc' dir='ltr'><strong>Ἠ</strong></span> <span class='ocrx_word' id='word_1_388' title='bbox 2663 2398 2806 2451; x_wconf 82' lang='grc' dir='ltr'>κατὰ</span> <span class='ocrx_word' id='word_1_389' title='bbox 2834 2399 2933 2467; x_wconf 76' lang='grc' dir='ltr'><strong><em>τὴν</em></strong></span> <span class='ocrx_word' id='word_1_390' title='bbox 2977 2399 3170 2470; x_wconf 73' lang='grc' dir='ltr'>ὀγδόην</span> <span class='ocrx_word' id='word_1_391' title='bbox 3222 2401 3527 2470; x_wconf 85' lang='grc' dir='ltr'>περιτομή·</span> <span class='ocrx_word' id='word_1_392' title='bbox 3561 2402 3593 2470; x_wconf 83' lang='grc' dir='ltr'>ἡ</span> <span class='ocrx_word' id='word_1_393' title='bbox 3625 2400 3735 2453; x_wconf 86' lang='grc' dir='ltr'><strong><em>τῶν</em></strong></span> 
     </span>
    </p>
   </div>
   <div class='ocr_carea' id='block_1_56' title="bbox 2149 2489 3732 2563">
    <p class='ocr_par' dir='ltr' id='par_1_56' title="bbox 2149 2489 3732 2563">
     <span class='ocr_line' id='line_1_56' title="bbox 2149 2489 3732 2563; baseline 0.001 -20"><span class='ocrx_word' id='word_1_394' title='bbox 2149 2489 2373 2560; x_wconf 78' lang='grc' dir='ltr'>ἀζύμων</span> <span class='ocrx_word' id='word_1_395' title='bbox 2403 2490 2634 2561; x_wconf 78' lang='grc' dir='ltr'>ἐδδομάς</span> <span class='ocrx_word' id='word_1_396' title='bbox 2654 2507 2666 2521; x_wconf 91' lang='grc'><strong>·</strong></span> <span class='ocrx_word' id='word_1_397' title='bbox 2695 2490 2756 2543; x_wconf 83' lang='grc' dir='ltr'><strong><em>τὸ</em></strong></span> <span class='ocrx_word' id='word_1_398' title='bbox 2810 2491 2866 2544; x_wconf 90' lang='grc' dir='ltr'><strong><em>ἐν</em></strong></span> <span class='ocrx_word' id='word_1_399' title='bbox 2896 2491 3463 2563; x_wconf 81' lang='grc' dir='ltr'>τεσσαρεσκαιδεκάτῃ</span> <span class='ocrx_word' id='word_1_400' title='bbox 3495 2490 3591 2544; x_wconf 83' lang='grc' dir='ltr'>τοῦ</span> <span class='ocrx_word' id='word_1_401' title='bbox 3641 2509 3732 2544; x_wconf 79' lang='grc' dir='ltr'>σεο</span> 
     </span>
    </p>
   </div>
   <div class='ocr_carea' id='block_1_57' title="bbox 2149 2581 3732 2654">
    <p class='ocr_par' dir='ltr' id='par_1_57' title="bbox 2149 2581 3732 2654">
     <span class='ocr_line' id='line_1_57' title="bbox 2149 2581 3732 2654; baseline 0.001 -20"><span class='ocrx_word' id='word_1_402' title='bbox 2149 2581 2360 2652; x_wconf 87' lang='grc' dir='ltr'>ληνείου</span> <span class='ocrx_word' id='word_1_403' title='bbox 2380 2581 2581 2652; x_wconf 86' lang='grc' dir='ltr'>δρόμου</span> <span class='ocrx_word' id='word_1_404' title='bbox 2612 2583 2908 2653; x_wconf 83' lang='grc' dir='ltr'>μυστήριον</span> <span class='ocrx_word' id='word_1_405' title='bbox 2926 2598 2938 2612; x_wconf 81' lang='grc'><em>’</em></span> <span class='ocrx_word' id='word_1_406' title='bbox 2958 2584 3012 2634; x_wconf 83' lang='grc' dir='ltr'><strong><em>αἱ</em></strong></span> <span class='ocrx_word' id='word_1_407' title='bbox 3035 2581 3126 2636; x_wconf 80' lang='grc' dir='ltr'>τοῦ</span> <span class='ocrx_word' id='word_1_408' title='bbox 3152 2581 3496 2654; x_wconf 78' lang='grc' dir='ltr'>καθαρισμοῦ</span> <span class='ocrx_word' id='word_1_409' title='bbox 3527 2582 3732 2645; x_wconf 84' lang='grc' dir='ltr'>θυσίαι,</span> 
     </span>
    </p>
   </div>
   <div class='ocr_carea' id='block_1_58' title="bbox 2149 2672 3729 2746">
    <p class='ocr_par' dir='ltr' id='par_1_58' title="bbox 2149 2672 3729 2746">
     <span class='ocr_line' id='line_1_58' title="bbox 2149 2672 3729 2746; baseline 0.004 -23"><span class='ocrx_word' id='word_1_410' title='bbox 2149 2673 2182 2742; x_wconf 82' lang='grc' dir='ltr'>ἡ</span> <span class='ocrx_word' id='word_1_411' title='bbox 2209 2672 2336 2743; x_wconf 74' lang='grc' dir='ltr'>περὶ</span> <span class='ocrx_word' id='word_1_412' title='bbox 2364 2672 2472 2725; x_wconf 88' lang='grc' dir='ltr'><strong><em>τῶν</em></strong></span> <span class='ocrx_word' id='word_1_413' title='bbox 2518 2672 2734 2743; x_wconf 84' lang='grc' dir='ltr'>λεπρῶν</span> <span class='ocrx_word' id='word_1_414' title='bbox 2763 2675 3166 2745; x_wconf 83' lang='grc' dir='ltr'>παρατήρησις,</span> <span class='ocrx_word' id='word_1_415' title='bbox 3194 2678 3222 2727; x_wconf 82' lang='grc' dir='ltr'><strong><em>ό</em></strong></span> <span class='ocrx_word' id='word_1_416' title='bbox 3251 2675 3422 2746; x_wconf 71' lang='grc' dir='ltr'>κριὸς,</span> <span class='ocrx_word' id='word_1_417' title='bbox 3448 2677 3477 2728; x_wconf 88' lang='grc' dir='ltr'>ὁ</span> <span class='ocrx_word' id='word_1_418' title='bbox 3511 2675 3729 2745; x_wconf 78' lang='grc' dir='ltr'>μόσχος,</span> 
     </span>
    </p>
   </div>
   <div class='ocr_carea' id='block_1_59' title="bbox 2148 2761 3730 2833">
    <p class='ocr_par' dir='ltr' id='par_1_59' title="bbox 2148 2761 3730 2833">
     <span class='ocr_line' id='line_1_59' title="bbox 2148 2761 3730 2833; baseline -0.001 -19"><span class='ocrx_word' id='word_1_419' title='bbox 2148 2763 2181 2832; x_wconf 86' lang='grc' dir='ltr'><strong>ή</strong></span> <span class='ocrx_word' id='word_1_420' title='bbox 2210 2761 2460 2832; x_wconf 78' lang='grc' dir='ltr'>δάμαλις,</span> <span class='ocrx_word' id='word_1_421' title='bbox 2494 2763 2522 2813; x_wconf 86' lang='grc' dir='ltr'><strong>ὁ</strong></span> <span class='ocrx_word' id='word_1_422' title='bbox 2569 2763 2970 2831; x_wconf 86' lang='grc' dir='ltr'>ἁποπομπαίος,</span> <span class='ocrx_word' id='word_1_423' title='bbox 3001 2764 3029 2814; x_wconf 86' lang='grc' dir='ltr'>ὁ</span> <span class='ocrx_word' id='word_1_424' title='bbox 3068 2762 3322 2833; x_wconf 84' lang='grc' dir='ltr'>χίμαρος.</span> <span class='ocrx_word' id='word_1_425' title='bbox 3360 2761 3422 2814; x_wconf 87' lang='grc' dir='ltr'><strong><em>Εἰ</em></strong></span> <span class='ocrx_word' id='word_1_426' title='bbox 3453 2761 3509 2814; x_wconf 80' lang='grc' dir='ltr'><strong><em>δὲ</em></strong></span> <span class='ocrx_word' id='word_1_427' title='bbox 3555 2761 3730 2813; x_wconf 82' lang='grc' dir='ltr'>ταῦτα</span> 
     </span>
    </p>
   </div>
   <div class='ocr_carea' id='block_1_60' title="bbox 2147 2853 3727 2925">
    <p class='ocr_par' dir='ltr' id='par_1_60' title="bbox 2147 2853 3727 2925">
     <span class='ocr_line' id='line_1_60' title="bbox 2147 2853 3727 2925; baseline 0 -20"><span class='ocrx_word' id='word_1_428' title='bbox 2147 2853 2335 2925; x_wconf 78' lang='grc' dir='ltr'>πόρρω</span> <span class='ocrx_word' id='word_1_429' title='bbox 2376 2853 2484 2906; x_wconf 89' lang='grc' dir='ltr'><strong><em>τῶν</em></strong></span> <span class='ocrx_word' id='word_1_430' title='bbox 2510 2853 2882 2924; x_wconf 86' lang='grc' dir='ltr'>προκειμένων</span> <span class='ocrx_word' id='word_1_431' title='bbox 2915 2855 3082 2916; x_wconf 77' lang='grc' dir='ltr'>ἐστὶν,</span> <span class='ocrx_word' id='word_1_432' title='bbox 3121 2854 3240 2916; x_wconf 90' lang='grc' dir='ltr'><strong><em>πῶς</em></strong></span> <span class='ocrx_word' id='word_1_433' title='bbox 3264 2854 3413 2917; x_wconf 80' lang='grc' dir='ltr'>ἐντὸς</span> <span class='ocrx_word' id='word_1_434' title='bbox 3437 2855 3612 2907; x_wconf 82' lang='grc' dir='ltr'>ἐκεῖνο</span> <span class='ocrx_word' id='word_1_435' title='bbox 3631 2853 3727 2906; x_wconf 77' lang='grc' dir='ltr'>τοῦ</span> 
     </span>
    </p>
   </div>
   <div class='ocr_carea' id='block_1_61' title="bbox 2147 2944 3729 3018">
    <p class='ocr_par' dir='ltr' id='par_1_61' title="bbox 2147 2944 3729 3018">
     <span class='ocr_line' id='line_1_61' title="bbox 2147 2944 3729 3018; baseline -0.001 -21"><span class='ocrx_word' id='word_1_436' title='bbox 2147 2944 2501 3016; x_wconf 80' lang='grc' dir='ltr'>ζητουμένου,</span> <span class='ocrx_word' id='word_1_437' title='bbox 2541 2946 2848 3014; x_wconf 85' lang='grc' dir='ltr'>λεγέτωσαν</span> <span class='ocrx_word' id='word_1_438' title='bbox 2892 2947 2942 2997; x_wconf 83' lang='grc' dir='ltr'>οἱ</span> <span class='ocrx_word' id='word_1_439' title='bbox 2994 2945 3232 3018; x_wconf 68' lang='grc' dir='ltr'>ζηλωταὶ</span> <span class='ocrx_word' id='word_1_440' title='bbox 3267 2946 3375 2998; x_wconf 86' lang='grc' dir='ltr'><strong><em>τῶν</em></strong></span> <span class='ocrx_word' id='word_1_441' title='bbox 3424 2945 3729 3000; x_wconf 77' lang='grc' dir='ltr'>Ἰουδαϊκῶν</span> 
     </span>
    </p>
   </div>
   <div class='ocr_carea' id='block_1_62' title="bbox 2150 3037 3731 3109">
    <p class='ocr_par' dir='ltr' id='par_1_62' title="bbox 2150 3037 3731 3109">
     <span class='ocr_line' id='line_1_62' title="bbox 2150 3037 3731 3109; baseline 0 -19"><span class='ocrx_word' id='word_1_442' title='bbox 2150 3037 2483 3109; x_wconf 87' lang='grc' dir='ltr'>μυστηρίων.</span> <span class='ocrx_word' id='word_1_443' title='bbox 2539 3037 2732 3107; x_wconf 82' lang='grc' dir='ltr'>Ἡμεῖς</span> <span class='ocrx_word' id='word_1_444' title='bbox 2786 3041 2892 3108; x_wconf 84' lang='grc' dir='ltr'><strong><em>γὰρ</em></strong></span> <span class='ocrx_word' id='word_1_445' title='bbox 2939 3039 3314 3108; x_wconf 75' lang='grc' dir='ltr'>μικροπρεπὲς</span> <span class='ocrx_word' id='word_1_446' title='bbox 3348 3056 3406 3091; x_wconf 86' lang='grc' dir='ltr'><strong><em>τε</em></strong></span> <span class='ocrx_word' id='word_1_447' title='bbox 3442 3039 3536 3090; x_wconf 70' lang='grc' dir='ltr'>καὶ</span> <span class='ocrx_word' id='word_1_448' title='bbox 3577 3038 3731 3091; x_wconf 81' lang='grc' dir='ltr'>ἀναν-</span> 
     </span>
    </p>
   </div>
   <div class='ocr_carea' id='block_1_63' title="bbox 2143 3117 3728 3201">
    <p class='ocr_par' dir='ltr' id='par_1_63' title="bbox 2143 3117 3728 3201">
     <span class='ocr_line' id='line_1_63' title="bbox 2143 3117 3728 3201; baseline 0.001 -19"><span class='ocrx_word' id='word_1_449' title='bbox 2143 3131 2268 3200; x_wconf 89' lang='grc' dir='ltr'>δρον</span> <span class='ocrx_word' id='word_1_450' title='bbox 2311 3132 2372 3182; x_wconf 82' lang='grc' dir='ltr'><strong><em>τὸ</em></strong></span> <span class='ocrx_word' id='word_1_451' title='bbox 2421 3131 2533 3192; x_wconf 91' lang='grc' dir='ltr'>τοῖς</span> <span class='ocrx_word' id='word_1_452' title='bbox 2580 3129 2958 3199; x_wconf 86' lang='grc' dir='ltr'>προκειμένοις</span> <span class='ocrx_word' id='word_1_453' title='bbox 2993 3117 3345 3200; x_wconf 77' lang='grc' dir='ltr'>ἐπεμϐαίνειν</span> <span class='ocrx_word' id='word_1_454' title='bbox 3394 3131 3728 3201; x_wconf 75' lang='grc' dir='ltr'>νομίζοντες,</span> 
     </span>
    </p>
   </div>
   <div class='ocr_carea' id='block_1_64' title="bbox 460 3219 2043 3298">
    <p class='ocr_par' dir='ltr' id='par_1_64' title="bbox 460 3221 2040 3292">
     <span class='ocr_line' id='line_1_64' title="bbox 460 3221 2040 3292; baseline -0.001 -15"><span class='ocrx_word' id='word_1_455' title='bbox 460 3224 805 3278; x_wconf 73' lang='lat' dir='ltr'><strong><em>:eniiilatorcs</em></strong></span> <span class='ocrx_word' id='word_1_456' title='bbox 848 3221 1200 3277; x_wconf 85' lang='lat' dir='ltr'><strong><em>Judaieorum</em></strong></span> <span class='ocrx_word' id='word_1_457' title='bbox 1255 3224 1666 3292; x_wconf 84' lang='lat' dir='ltr'><strong><em>mysteriorum.</em></strong></span> <span class='ocrx_word' id='word_1_458' title='bbox 1728 3222 1840 3278; x_wconf 82' lang='lat' dir='ltr'><strong><em>Nos</em></strong></span> <span class='ocrx_word' id='word_1_459' title='bbox 1880 3225 2040 3278; x_wconf 80' lang='lat' dir='ltr'><strong><em>enim</em></strong></span> 
     </span>
    </p>
   </div>
   <div class='ocr_carea' id='block_1_65' title="bbox 2147 3219 3724 3298">
    <p class='ocr_par' dir='ltr' id='par_1_65' title="bbox 2147 3219 3724 3293">
     <span class='ocr_line' id='line_1_65' title="bbox 2147 3219 3724 3293; baseline -0.008 -6"><span class='ocrx_word' id='word_1_460' title='bbox 2147 3220 2558 3293; x_wconf 80' lang='grc' dir='ltr'>ἀναζητήσομεν</span> <span class='ocrx_word' id='word_1_461' title='bbox 2585 3220 2649 3271; x_wconf 85' lang='grc' dir='ltr'>ὲκ</span> <span class='ocrx_word' id='word_1_462' title='bbox 2677 3219 2774 3291; x_wconf 86' lang='grc' dir='ltr'>τῆς</span> <span class='ocrx_word' id='word_1_463' title='bbox 2803 3219 2911 3273; x_wconf 88' lang='grc' dir='ltr'><strong><em>τῶν</em></strong></span> <span class='ocrx_word' id='word_1_464' title='bbox 2949 3221 3348 3291; x_wconf 85' lang='grc' dir='ltr'>γεγραμμένων</span> <span class='ocrx_word' id='word_1_465' title='bbox 3379 3222 3724 3286; x_wconf 82' lang='grc' dir='ltr'>ἀκολουθίας,</span> 
     </span>
    </p>
   </div>
   <div class='ocr_carea' id='block_1_66' title="bbox 461 3312 2037 3384">
    <p class='ocr_par' dir='ltr' id='par_1_66' title="bbox 461 3312 2037 3384">
     <span class='ocr_line' id='line_1_66' title="bbox 461 3312 2037 3384; baseline 0.003 -20"><span class='ocrx_word' id='word_1_466' title='bbox 461 3322 662 3382; x_wconf 84' lang='lat' dir='ltr'><strong><em>parum.</em></strong></span> <span class='ocrx_word' id='word_1_467' title='bbox 694 3312 955 3366; x_wconf 87' lang='lat' dir='ltr'><strong><em>decorum</em></strong></span> <span class='ocrx_word' id='word_1_468' title='bbox 1011 3320 1066 3366; x_wconf 91' lang='lat' dir='ltr'><strong><em>et</em></strong></span> <span class='ocrx_word' id='word_1_469' title='bbox 1112 3312 1245 3366; x_wconf 83' lang='lat' dir='ltr'><strong><em>viris</em></strong></span> <span class='ocrx_word' id='word_1_470' title='bbox 1301 3313 1581 3384; x_wconf 86' lang='lat' dir='ltr'><strong><em>indignum</em></strong></span> <span class='ocrx_word' id='word_1_471' title='bbox 1633 3312 2037 3379; x_wconf 78' lang='lat' dir='ltr'><strong><em>existimantes,</em></strong></span> 
     </span>
    </p>
   </div>
   <div class='ocr_carea' id='block_1_67' title="bbox 463 3403 2040 3474">
    <p class='ocr_par' dir='ltr' id='par_1_67' title="bbox 463 3403 2040 3474">
     <span class='ocr_line' id='line_1_67' title="bbox 463 3403 2040 3474; baseline 0.001 -18"><span class='ocrx_word' id='word_1_472' title='bbox 463 3403 754 3472; x_wconf 85' lang='lat' dir='ltr'><strong><em>pr0positis</em></strong></span> <span class='ocrx_word' id='word_1_473' title='bbox 809 3403 1048 3457; x_wconf 87' lang='lat' dir='ltr'><strong><em>insidere</em></strong></span> <span class='ocrx_word' id='word_1_474' title='bbox 1086 3421 1100 3457; x_wconf 85' lang='lat'><strong>:</strong></span> <span class='ocrx_word' id='word_1_475' title='bbox 1137 3418 1204 3458; x_wconf 84' lang='lat' dir='ltr'><strong><em>ex</em></strong></span> <span class='ocrx_word' id='word_1_476' title='bbox 1258 3403 1591 3474; x_wconf 86' lang='lat' dir='ltr'><strong><em>scriptorum</em></strong></span> <span class='ocrx_word' id='word_1_477' title='bbox 1643 3405 2040 3458; x_wconf 78' lang='lat' dir='ltr'><strong><em>consecutione</em></strong></span> 
     </span>
    </p>
   </div>
   <div class='ocr_carea' id='block_1_68' title="bbox 459 3494 2040 3565">
    <p class='ocr_par' dir='ltr' id='par_1_68' title="bbox 459 3494 2040 3565">
     <span class='ocr_line' id='line_1_68' title="bbox 459 3494 2040 3565; baseline 0.001 -18"><span class='ocrx_word' id='word_1_478' title='bbox 459 3494 820 3563; x_wconf 83' lang='lat' dir='ltr'><strong><em>inquiremus,</em></strong></span> <span class='ocrx_word' id='word_1_479' title='bbox 854 3496 898 3549; x_wconf 92' lang='lat' dir='ltr'><strong><em>si</em></strong></span> <span class='ocrx_word' id='word_1_480' title='bbox 931 3496 1064 3565; x_wconf 86' lang='lat' dir='ltr'><strong><em>quid</em></strong></span> <span class='ocrx_word' id='word_1_481' title='bbox 1093 3495 1202 3550; x_wconf 91' lang='lat' dir='ltr'><strong><em>tale</em></strong></span> <span class='ocrx_word' id='word_1_482' title='bbox 1237 3504 1343 3559; x_wconf 90' lang='lat' dir='ltr'><strong><em>est,</em></strong></span> <span class='ocrx_word' id='word_1_483' title='bbox 1375 3496 1535 3565; x_wconf 90' lang='lat' dir='ltr'><strong><em>quale</em></strong></span> <span class='ocrx_word' id='word_1_484' title='bbox 1565 3496 1740 3565; x_wconf 84' lang='lat' dir='ltr'><strong><em>possit</em></strong></span> <span class='ocrx_word' id='word_1_485' title='bbox 1777 3496 2040 3549; x_wconf 79' lang='lat' dir='ltr'><strong><em>(&#39;ollucm-</em></strong></span> 
     </span>
    </p>
   </div>
   <div class='ocr_carea' id='block_1_69' title="bbox 459 3586 2036 3658">
    <p class='ocr_par' dir='ltr' id='par_1_69' title="bbox 459 3586 2036 3658">
     <span class='ocr_line' id='line_1_69' title="bbox 459 3586 2036 3658; baseline 0.001 -17"><span class='ocrx_word' id='word_1_486' title='bbox 459 3593 564 3641; x_wconf 81' lang='lat' dir='ltr'><strong><em>tori</em></strong></span> <span class='ocrx_word' id='word_1_487' title='bbox 599 3588 858 3643; x_wconf 86' lang='lat' dir='ltr'><strong><em>sudorem</em></strong></span> <span class='ocrx_word' id='word_1_488' title='bbox 906 3603 1146 3643; x_wconf 89' lang='lat' dir='ltr'><strong><em>movere.</em></strong></span> <span class='ocrx_word' id='word_1_489' title='bbox 1179 3586 1314 3654; x_wconf 67' lang='lat' dir='ltr'><strong><em>Quae</em></strong></span> <span class='ocrx_word' id='word_1_490' title='bbox 1355 3589 1521 3658; x_wconf 83' lang='lat' dir='ltr'><strong><em>igitur</em></strong></span> <span class='ocrx_word' id='word_1_491' title='bbox 1567 3588 1622 3642; x_wconf 92' lang='lat' dir='ltr'><strong><em>in</em></strong></span> <span class='ocrx_word' id='word_1_492' title='bbox 1657 3589 2036 3657; x_wconf 83' lang='lat' dir='ltr'><strong><em>sequentibus,</em></strong></span> 
     </span>
    </p>
   </div>
   <div class='ocr_carea' id='block_1_70' title="bbox 458 3681 2039 3751">
    <p class='ocr_par' dir='ltr' id='par_1_70' title="bbox 458 3681 2039 3751">
     <span class='ocr_line' id='line_1_70' title="bbox 458 3681 2039 3751; baseline 0.001 -20"><span class='ocrx_word' id='word_1_493' title='bbox 458 3681 525 3734; x_wconf 88' lang='lat' dir='ltr'><strong><em>de</em></strong></span> <span class='ocrx_word' id='word_1_494' title='bbox 550 3697 618 3735; x_wconf 88' lang='lat' dir='ltr'><strong><em>eo</em></strong></span> <span class='ocrx_word' id='word_1_495' title='bbox 658 3681 801 3750; x_wconf 90' lang='lat' dir='ltr'><strong><em>quod</em></strong></span> <span class='ocrx_word' id='word_1_496' title='bbox 851 3697 956 3734; x_wconf 91' lang='lat' dir='ltr'><strong><em>non</em></strong></span> <span class='ocrx_word' id='word_1_497' title='bbox 1009 3687 1260 3751; x_wconf 89' lang='lat' dir='ltr'><strong><em>oporteat</em></strong></span> <span class='ocrx_word' id='word_1_498' title='bbox 1309 3681 1570 3751; x_wconf 88' lang='lat' dir='ltr'><strong><em>quiddam</em></strong></span> <span class='ocrx_word' id='word_1_499' title='bbox 1623 3681 1858 3735; x_wconf 88' lang='lat' dir='ltr'><strong><em>medium</em></strong></span> <span class='ocrx_word' id='word_1_500' title='bbox 1895 3681 2039 3734; x_wconf 89' lang='lat' dir='ltr'><strong><em>inter</em></strong></span> 
     </span>
    </p>
   </div>
   <div class='ocr_carea' id='block_1_71' title="bbox 457 3769 2034 3843">
    <p class='ocr_par' dir='ltr' id='par_1_71' title="bbox 457 3769 2034 3843">
     <span class='ocr_line' id='line_1_71' title="bbox 457 3769 2034 3843; baseline -0.001 -17"><span class='ocrx_word' id='word_1_501' title='bbox 457 3769 674 3826; x_wconf 86' lang='lat' dir='ltr'><strong><em>Patrem</em></strong></span> <span class='ocrx_word' id='word_1_502' title='bbox 707 3780 759 3826; x_wconf 90' lang='lat' dir='ltr'><strong><em>et</em></strong></span> <span class='ocrx_word' id='word_1_503' title='bbox 784 3771 979 3825; x_wconf 89' lang='lat' dir='ltr'><strong><em>Filium</em></strong></span> <span class='ocrx_word' id='word_1_504' title='bbox 1011 3773 1274 3843; x_wconf 89' lang='lat' dir='ltr'><strong><em>cogitare,</em></strong></span> <span class='ocrx_word' id='word_1_505' title='bbox 1301 3783 1636 3842; x_wconf 69' lang='lat' dir='ltr'><strong><em>praestruens</em></strong></span> <span class='ocrx_word' id='word_1_506' title='bbox 1666 3771 2034 3841; x_wconf 88' lang='lat' dir='ltr'><strong><em>persequitur,</em></strong></span> 
     </span>
    </p>
   </div>
   <div class='ocr_carea' id='block_1_72' title="bbox 459 3863 2032 3934">
    <p class='ocr_par' dir='ltr' id='par_1_72' title="bbox 459 3863 2032 3934">
     <span class='ocr_line' id='line_1_72' title="bbox 459 3863 2032 3934; baseline 0.002 -21"><span class='ocrx_word' id='word_1_507' title='bbox 459 3872 520 3914; x_wconf 82' lang='lat' dir='ltr'><strong><em>ut</em></strong></span> <span class='ocrx_word' id='word_1_508' title='bbox 547 3863 784 3930; x_wconf 88' lang='lat' dir='ltr'><strong><em>quodam</em></strong></span> <span class='ocrx_word' id='word_1_509' title='bbox 813 3863 975 3916; x_wconf 90' lang='lat' dir='ltr'><strong><em>modo</em></strong></span> <span class='ocrx_word' id='word_1_510' title='bbox 1005 3872 1200 3919; x_wconf 91' lang='lat' dir='ltr'><strong><em>nostro</em></strong></span> <span class='ocrx_word' id='word_1_511' title='bbox 1223 3863 1463 3934; x_wconf 82' lang='lat' dir='ltr'><strong><em>dogmati</em></strong></span> <span class='ocrx_word' id='word_1_512' title='bbox 1497 3864 1881 3918; x_wconf 87' lang='lat' dir='ltr'><strong><em>convenientia</em></strong></span> <span class='ocrx_word' id='word_1_513' title='bbox 1901 3877 2032 3932; x_wconf 67' lang='lat' dir='ltr'><strong><em>prat-</em></strong></span> 
     </span>
    </p>
   </div>
   <div class='ocr_carea' id='block_1_73' title="bbox 458 3953 2039 4024">
    <p class='ocr_par' dir='ltr' id='par_1_73' title="bbox 458 3953 2039 4024">
     <span class='ocr_line' id='line_1_73' title="bbox 458 3953 2039 4024; baseline 0 -16"><span class='ocrx_word' id='word_1_514' title='bbox 458 3955 654 4008; x_wconf 90' lang='lat' dir='ltr'><strong><em>teribo.</em></strong></span> <span class='ocrx_word' id='word_1_515' title='bbox 690 3953 848 4010; x_wconf 86' lang='lat' dir='ltr'><strong><em>Esset</em></strong></span> <span class='ocrx_word' id='word_1_516' title='bbox 886 3957 1028 4009; x_wconf 90' lang='lat' dir='ltr'><strong><em>enim</em></strong></span> <span class='ocrx_word' id='word_1_517' title='bbox 1061 3955 1260 4022; x_wconf 88' lang='lat' dir='ltr'><strong><em>mentis</em></strong></span> <span class='ocrx_word' id='word_1_518' title='bbox 1292 3955 1711 4010; x_wconf 68' lang='lat' dir='ltr'><strong><em>inconsiderata:</em></strong></span> <span class='ocrx_word' id='word_1_519' title='bbox 1750 3964 1804 4009; x_wconf 91' lang='lat' dir='ltr'><strong><em>et</em></strong></span> <span class='ocrx_word' id='word_1_520' title='bbox 1839 3955 2039 4024; x_wconf 70' lang='lat' dir='ltr'><strong><em>iniquae</em></strong></span> 
     </span>
    </p>
   </div>
   <div class='ocr_carea' id='block_1_74' title="bbox 458 4045 2038 4116">
    <p class='ocr_par' dir='ltr' id='par_1_74' title="bbox 458 4045 2038 4116">
     <span class='ocr_line' id='line_1_74' title="bbox 458 4045 2038 4116; baseline -0.001 -15"><span class='ocrx_word' id='word_1_521' title='bbox 458 4046 619 4101; x_wconf 89' lang='lat' dir='ltr'><strong><em>simul</em></strong></span> <span class='ocrx_word' id='word_1_522' title='bbox 646 4053 700 4100; x_wconf 90' lang='lat' dir='ltr'><strong><em>et</em></strong></span> <span class='ocrx_word' id='word_1_523' title='bbox 729 4060 907 4111; x_wconf 59' lang='lat' dir='ltr'><strong><em>sinvat,</em></strong></span> <span class='ocrx_word' id='word_1_524' title='bbox 940 4045 993 4099; x_wconf 91' lang='lat' dir='ltr'><strong><em>in</em></strong></span> <span class='ocrx_word' id='word_1_525' title='bbox 1023 4046 1111 4101; x_wconf 91' lang='lat' dir='ltr'><strong><em>his</em></strong></span> <span class='ocrx_word' id='word_1_526' title='bbox 1141 4062 1263 4116; x_wconf 75' lang='lat' dir='ltr'><strong><em>qua:</em></strong></span> <span class='ocrx_word' id='word_1_527' title='bbox 1284 4047 1564 4110; x_wconf 89' lang='lat' dir='ltr'><strong><em>dicuntur,</em></strong></span> <span class='ocrx_word' id='word_1_528' title='bbox 1590 4061 1699 4099; x_wconf 90' lang='lat' dir='ltr'><strong><em>non</em></strong></span> <span class='ocrx_word' id='word_1_529' title='bbox 1723 4045 2038 4100; x_wconf 87' lang='lat' dir='ltr'><strong><em>discernere</em></strong></span> 
     </span>
    </p>
   </div>
   <div class='ocr_carea' id='block_1_75' title="bbox 456 4137 2037 4208">
    <p class='ocr_par' dir='ltr' id='par_1_75' title="bbox 456 4137 2037 4208">
     <span class='ocr_line' id='line_1_75' title="bbox 456 4137 2037 4208; baseline -0.003 -14"><span class='ocrx_word' id='word_1_530' title='bbox 456 4140 603 4208; x_wconf 89' lang='lat' dir='ltr'><strong><em>quod</em></strong></span> <span class='ocrx_word' id='word_1_531' title='bbox 630 4138 913 4194; x_wconf 82' lang='lat' dir='ltr'><strong><em>innoxium</em></strong></span> <span class='ocrx_word' id='word_1_532' title='bbox 945 4147 1028 4193; x_wconf 89' lang='lat' dir='ltr'><strong><em>est</em></strong></span> <span class='ocrx_word' id='word_1_533' title='bbox 1066 4147 1118 4193; x_wconf 87' lang='lat' dir='ltr'><strong><em>et</em></strong></span> <span class='ocrx_word' id='word_1_534' title='bbox 1156 4139 1275 4194; x_wconf 91' lang='lat' dir='ltr'><strong><em>sine</em></strong></span> <span class='ocrx_word' id='word_1_535' title='bbox 1307 4140 1556 4204; x_wconf 89' lang='lat' dir='ltr'><strong><em>crimine,</em></strong></span> <span class='ocrx_word' id='word_1_536' title='bbox 1587 4144 1640 4193; x_wconf 88' lang='lat' dir='ltr'><strong><em>et</em></strong></span> <span class='ocrx_word' id='word_1_537' title='bbox 1679 4137 1823 4207; x_wconf 91' lang='lat' dir='ltr'><strong><em>quod</em></strong></span> <span class='ocrx_word' id='word_1_538' title='bbox 1851 4137 2037 4190; x_wconf 88' lang='lat' dir='ltr'><strong><em>crimi-</em></strong></span> 
     </span>
    </p>
   </div>
   <div class='ocr_carea' id='block_1_76' title="bbox 457 4229 2034 4300">
    <p class='ocr_par' dir='ltr' id='par_1_76' title="bbox 457 4229 2034 4300">
     <span class='ocr_line' id='line_1_76' title="bbox 457 4229 2034 4300; baseline -0.004 -13"><span class='ocrx_word' id='word_1_539' title='bbox 457 4247 653 4287; x_wconf 86' lang='lat' dir='ltr'><strong><em>nosum</em></strong></span> <span class='ocrx_word' id='word_1_540' title='bbox 701 4239 806 4286; x_wconf 90' lang='lat' dir='ltr'><strong><em>est.</em></strong></span> <span class='ocrx_word' id='word_1_541' title='bbox 845 4230 1125 4300; x_wconf 89' lang='lat' dir='ltr'><strong><em>Siquidem</em></strong></span> <span class='ocrx_word' id='word_1_542' title='bbox 1180 4247 1306 4285; x_wconf 90' lang='lat' dir='ltr'><strong><em>cum</em></strong></span> <span class='ocrx_word' id='word_1_543' title='bbox 1343 4229 1546 4286; x_wconf 65' lang='lat' dir='ltr'><strong><em>Judwis</em></strong></span> <span class='ocrx_word' id='word_1_544' title='bbox 1599 4245 1848 4300; x_wconf 87' lang='lat' dir='ltr'><strong><em>pugnans</em></strong></span> <span class='ocrx_word' id='word_1_545' title='bbox 1899 4244 2034 4282; x_wconf 89' lang='lat' dir='ltr'><strong><em>con-</em></strong></span> 
     </span>
    </p>
   </div>
   <div class='ocr_carea' id='block_1_77' title="bbox 455 4321 2035 4390">
    <p class='ocr_par' dir='ltr' id='par_1_77' title="bbox 455 4321 2035 4390">
     <span class='ocr_line' id='line_1_77' title="bbox 455 4321 2035 4390; baseline -0.003 -12"><span class='ocrx_word' id='word_1_546' title='bbox 455 4322 632 4378; x_wconf 88' lang='lat' dir='ltr'><strong><em>cessis</em></strong></span> <span class='ocrx_word' id='word_1_547' title='bbox 673 4336 784 4376; x_wconf 90' lang='lat' dir='ltr'><strong><em>non</em></strong></span> <span class='ocrx_word' id='word_1_548' title='bbox 824 4321 1145 4390; x_wconf 71' lang='lat' dir='ltr'><strong><em>acquiescit,</em></strong></span> <span class='ocrx_word' id='word_1_549' title='bbox 1182 4321 1552 4377; x_wconf 85' lang='lat' dir='ltr'><strong><em>immediatum</em></strong></span> <span class='ocrx_word' id='word_1_550' title='bbox 1580 4321 1788 4385; x_wconf 90' lang='lat' dir='ltr'><strong><em>dicens,</em></strong></span> <span class='ocrx_word' id='word_1_551' title='bbox 1822 4329 1876 4375; x_wconf 90' lang='lat' dir='ltr'><strong><em>et</em></strong></span> <span class='ocrx_word' id='word_1_552' title='bbox 1904 4336 2035 4376; x_wconf 92' lang='lat' dir='ltr'><strong><em>con-</em></strong></span> 
     </span>
    </p>
   </div>
   <div class='ocr_carea' id='block_1_78' title="bbox 454 4410 2035 4479">
    <p class='ocr_par' dir='ltr' id='par_1_78' title="bbox 454 4410 2035 4479">
     <span class='ocr_line' id='line_1_78' title="bbox 454 4410 2035 4479; baseline -0.002 -13"><span class='ocrx_word' id='word_1_553' title='bbox 454 4427 655 4466; x_wconf 83' lang='lat' dir='ltr'><strong><em>nexum</em></strong></span> <span class='ocrx_word' id='word_1_554' title='bbox 707 4427 815 4466; x_wconf 93' lang='lat' dir='ltr'><strong><em>non</em></strong></span> <span class='ocrx_word' id='word_1_555' title='bbox 865 4412 1181 4479; x_wconf 87' lang='lat' dir='ltr'><strong><em>admittens,</em></strong></span> <span class='ocrx_word' id='word_1_556' title='bbox 1230 4419 1286 4468; x_wconf 93' lang='lat' dir='ltr'><strong><em>et</em></strong></span> <span class='ocrx_word' id='word_1_557' title='bbox 1335 4427 1447 4467; x_wconf 90' lang='lat' dir='ltr'><strong><em>non</em></strong></span> <span class='ocrx_word' id='word_1_558' title='bbox 1477 4425 1601 4466; x_wconf 89' lang='lat' dir='ltr'><strong><em>esse</em></strong></span> <span class='ocrx_word' id='word_1_559' title='bbox 1653 4410 1858 4479; x_wconf 85' lang='lat' dir='ltr'><strong><em>aliquid</em></strong></span> <span class='ocrx_word' id='word_1_560' title='bbox 1910 4419 2035 4463; x_wconf 89' lang='lat' dir='ltr'><strong><em>ante</em></strong></span> 
     </span>
    </p>
   </div>
   <div class='ocr_carea' id='block_1_79' title="bbox 455 4503 2036 4578">
    <p class='ocr_par' dir='ltr' id='par_1_79' title="bbox 455 4503 2036 4578">
     <span class='ocr_line' id='line_1_79' title="bbox 455 4503 2036 4578; baseline -0.001 -16"><span class='ocrx_word' id='word_1_561' title='bbox 455 4505 803 4576; x_wconf 84' lang='lat' dir='ltr'><strong><em>Unigenitum</em></strong></span> <span class='ocrx_word' id='word_1_562' title='bbox 828 4507 1095 4578; x_wconf 83' lang='lat' dir='ltr'><strong><em>cogitans,</em></strong></span> <span class='ocrx_word' id='word_1_563' title='bbox 1113 4510 1302 4560; x_wconf 86' lang='lat' dir='ltr'><strong><em>etesse</em></strong></span> <span class='ocrx_word' id='word_1_564' title='bbox 1316 4503 1510 4561; x_wconf 84' lang='lat' dir='ltr'><strong><em>Filium</em></strong></span> <span class='ocrx_word' id='word_1_565' title='bbox 1528 4505 1837 4576; x_wconf 87' lang='lat' dir='ltr'><strong><em>suspicans,</em></strong></span> <span class='ocrx_word' id='word_1_566' title='bbox 1856 4505 1949 4560; x_wconf 89' lang='lat' dir='ltr'><strong><em>sed</em></strong></span> <span class='ocrx_word' id='word_1_567' title='bbox 1968 4505 2036 4560; x_wconf 89' lang='lat' dir='ltr'><strong><em>de</em></strong></span> 
     </span>
    </p>
   </div>
   <div class='ocr_carea' id='block_1_80' title="bbox 2145 3307 3730 3386">
    <p class='ocr_par' dir='ltr' id='par_1_80' title="bbox 2145 3307 3730 3386">
     <span class='ocr_line' id='line_1_80' title="bbox 2145 3307 3730 3386; baseline 0.003 -22"><span class='ocrx_word' id='word_1_568' title='bbox 2145 3311 2199 3364; x_wconf 84' lang='grc' dir='ltr'><strong><em>εἴ</em></strong></span> <span class='ocrx_word' id='word_1_569' title='bbox 2228 3328 2281 3364; x_wconf 89' lang='grc' dir='ltr'><strong><em>τι</em></strong></span> <span class='ocrx_word' id='word_1_570' title='bbox 2323 3310 2565 3364; x_wconf 81' lang='grc' dir='ltr'>τοιοῦτόν</span> <span class='ocrx_word' id='word_1_571' title='bbox 2599 3313 2764 3372; x_wconf 85' lang='grc' dir='ltr'>ἐστιν,</span> <span class='ocrx_word' id='word_1_572' title='bbox 2797 3307 2910 3364; x_wconf 77' lang='grc' dir='ltr'>οἷον</span> <span class='ocrx_word' id='word_1_573' title='bbox 2957 3313 3157 3384; x_wconf 85' lang='grc' dir='ltr'>ἱδρῶτα</span> <span class='ocrx_word' id='word_1_574' title='bbox 3195 3313 3413 3385; x_wconf 84' lang='grc' dir='ltr'>κινῆσαι</span> <span class='ocrx_word' id='word_1_575' title='bbox 3446 3315 3524 3383; x_wconf 82' lang='grc' dir='ltr'>τῷ</span> <span class='ocrx_word' id='word_1_576' title='bbox 3560 3332 3730 3386; x_wconf 59' lang='grc' dir='ltr'>προς-</span> 
     </span>
    </p>
   </div>
   <div class='ocr_carea' id='block_1_81' title="bbox 2142 3403 3730 3478">
    <p class='ocr_par' dir='ltr' id='par_1_81' title="bbox 2142 3403 3730 3478">
     <span class='ocr_line' id='line_1_81' title="bbox 2142 3403 3730 3478; baseline 0 -20"><span class='ocrx_word' id='word_1_577' title='bbox 2142 3403 2446 3458; x_wconf 83' lang='grc' dir='ltr'>παλαίοντι.</span> <span class='ocrx_word' id='word_1_578' title='bbox 2484 3404 2623 3455; x_wconf 87' lang='grc' dir='ltr'>Ὅσα</span> <span class='ocrx_word' id='word_1_579' title='bbox 2656 3403 2834 3456; x_wconf 85' lang='grc' dir='ltr'>τοίνυν</span> <span class='ocrx_word' id='word_1_580' title='bbox 2865 3405 2920 3457; x_wconf 82' lang='grc' dir='ltr'><strong><em>ἐν</em></strong></span> <span class='ocrx_word' id='word_1_581' title='bbox 2949 3407 3060 3467; x_wconf 88' lang='grc' dir='ltr'>τοῖς</span> <span class='ocrx_word' id='word_1_582' title='bbox 3104 3404 3300 3476; x_wconf 77' lang='grc' dir='ltr'>ἐφεξῆς</span> <span class='ocrx_word' id='word_1_583' title='bbox 3331 3405 3578 3476; x_wconf 74' lang='grc' dir='ltr'>περὶτοῦ</span> <span class='ocrx_word' id='word_1_584' title='bbox 3625 3425 3730 3478; x_wconf 82' lang='grc' dir='ltr'>μη-</span> 
     </span>
    </p>
   </div>
   <div class='ocr_carea' id='block_1_82' title="bbox 2143 3493 3730 3565">
    <p class='ocr_par' dir='ltr' id='par_1_82' title="bbox 2143 3493 3730 3565">
     <span class='ocr_line' id='line_1_82' title="bbox 2143 3493 3730 3565; baseline 0.002 -17"><span class='ocrx_word' id='word_1_585' title='bbox 2143 3496 2231 3548; x_wconf 80' lang='grc' dir='ltr'><strong><em>δὲν</em></strong></span> <span class='ocrx_word' id='word_1_586' title='bbox 2260 3495 2424 3565; x_wconf 89' lang='grc' dir='ltr'>μέσον</span> <span class='ocrx_word' id='word_1_587' title='bbox 2440 3512 2493 3546; x_wconf 90' lang='grc' dir='ltr'><strong><em>τι</em></strong></span> <span class='ocrx_word' id='word_1_588' title='bbox 2519 3493 2613 3546; x_wconf 82' lang='grc' dir='ltr'>τοῦ</span> <span class='ocrx_word' id='word_1_589' title='bbox 2641 3493 2772 3546; x_wconf 86' lang='grc' dir='ltr'><strong><em>Υίοῦ</em></strong></span> <span class='ocrx_word' id='word_1_590' title='bbox 2803 3496 2896 3548; x_wconf 76' lang='grc' dir='ltr'><strong><em>καὶ</em></strong></span> <span class='ocrx_word' id='word_1_591' title='bbox 2920 3495 3131 3565; x_wconf 69' lang='grc' dir='ltr'>Πατρός</span> <span class='ocrx_word' id='word_1_592' title='bbox 3156 3497 3376 3554; x_wconf 71' lang='grc' dir='ltr'>ἐννοεῖν.</span> <span class='ocrx_word' id='word_1_593' title='bbox 3394 3500 3730 3552; x_wconf 83' lang='grc' dir='ltr'>κατασκευά-</span> 
     </span>
    </p>
   </div>
   <div class='ocr_carea' id='block_1_83' title="bbox 2143 3584 3729 3660">
    <p class='ocr_par' dir='ltr' id='par_1_83' title="bbox 2143 3584 3729 3660">
     <span class='ocr_line' id='line_1_83' title="bbox 2143 3584 3729 3660; baseline 0.004 -22"><span class='ocrx_word' id='word_1_594' title='bbox 2143 3587 2250 3651; x_wconf 83' lang='grc' dir='ltr'>ζων</span> <span class='ocrx_word' id='word_1_595' title='bbox 2289 3585 2572 3651; x_wconf 80' lang='grc' dir='ltr'>διέξεισιν,</span> <span class='ocrx_word' id='word_1_596' title='bbox 2604 3584 2681 3646; x_wconf 85' lang='grc' dir='ltr'><strong><em>ὡς</em></strong></span> <span class='ocrx_word' id='word_1_597' title='bbox 2724 3584 3089 3655; x_wconf 79' lang='grc' dir='ltr'>συμϐαίνοντά</span> <span class='ocrx_word' id='word_1_598' title='bbox 3137 3603 3255 3650; x_wconf 90' lang='grc' dir='ltr'><strong><em>πως</em></strong></span> <span class='ocrx_word' id='word_1_599' title='bbox 3295 3586 3374 3658; x_wconf 84' lang='grc' dir='ltr'>τῷ</span> <span class='ocrx_word' id='word_1_600' title='bbox 3418 3589 3539 3641; x_wconf 81' lang='grc' dir='ltr'>καθ’</span> <span class='ocrx_word' id='word_1_601' title='bbox 3578 3592 3729 3660; x_wconf 77' lang='grc' dir='ltr'>ἡμᾶς</span> 
     </span>
    </p>
   </div>
   <div class='ocr_carea' id='block_1_84' title="bbox 2139 3677 3728 3751">
    <p class='ocr_par' dir='ltr' id='par_1_84' title="bbox 2139 3677 3728 3751">
     <span class='ocr_line' id='line_1_84' title="bbox 2139 3677 3728 3751; baseline 0 -17"><span class='ocrx_word' id='word_1_602' title='bbox 2139 3680 2387 3750; x_wconf 86' lang='grc' dir='ltr'>δόγματι,</span> <span class='ocrx_word' id='word_1_603' title='bbox 2422 3677 2850 3749; x_wconf 86' lang='grc' dir='ltr'>παρελεύσομεν.</span> <span class='ocrx_word' id='word_1_604' title='bbox 2891 3678 3261 3749; x_wconf 83' lang='grc' dir='ltr'>Ἀδιακρισίας</span> <span class='ocrx_word' id='word_1_605' title='bbox 3283 3679 3392 3751; x_wconf 76' lang='grc' dir='ltr'><strong><em>γὰρ</em></strong></span> <span class='ocrx_word' id='word_1_606' title='bbox 3423 3680 3488 3734; x_wconf 83' lang='grc' dir='ltr'><strong><em>ἂν</em></strong></span> <span class='ocrx_word' id='word_1_607' title='bbox 3521 3681 3603 3750; x_wconf 78' lang='grc' dir='ltr'><strong><em>εἴη</em></strong></span> <span class='ocrx_word' id='word_1_608' title='bbox 3634 3682 3728 3734; x_wconf 82' lang='grc' dir='ltr'>καὶ</span> 
     </span>
    </p>
   </div>
   <div class='ocr_carea' id='block_1_85' title="bbox 2139 3769 3727 3842">
    <p class='ocr_par' dir='ltr' id='par_1_85' title="bbox 2139 3769 3727 3842">
     <span class='ocr_line' id='line_1_85' title="bbox 2139 3769 3727 3842; baseline 0.001 -18"><span class='ocrx_word' id='word_1_609' title='bbox 2139 3769 2529 3840; x_wconf 82' lang='grc' dir='ltr'>ἀγνωμοσύνης</span> <span class='ocrx_word' id='word_1_610' title='bbox 2568 3770 2705 3840; x_wconf 77' lang='grc' dir='ltr'>ἅμα,</span> <span class='ocrx_word' id='word_1_611' title='bbox 2742 3769 2816 3841; x_wconf 87' lang='grc' dir='ltr'>μὴ</span> <span class='ocrx_word' id='word_1_612' title='bbox 2847 3770 3142 3840; x_wconf 84' lang='grc' dir='ltr'>διακρίνειν</span> <span class='ocrx_word' id='word_1_613' title='bbox 3173 3772 3229 3823; x_wconf 87' lang='grc' dir='ltr'><strong><em>ἐν</em></strong></span> <span class='ocrx_word' id='word_1_614' title='bbox 3268 3774 3380 3834; x_wconf 87' lang='grc' dir='ltr'>τοῖς</span> <span class='ocrx_word' id='word_1_615' title='bbox 3411 3771 3727 3842; x_wconf 86' lang='grc' dir='ltr'>λεγομένοις</span> 
     </span>
    </p>
   </div>
   <div class='ocr_carea' id='block_1_86' title="bbox 2137 3861 3724 3934">
    <p class='ocr_par' dir='ltr' id='par_1_86' title="bbox 2137 3861 3724 3934">
     <span class='ocr_line' id='line_1_86' title="bbox 2137 3861 3724 3934; baseline 0.001 -18"><span class='ocrx_word' id='word_1_616' title='bbox 2137 3864 2198 3916; x_wconf 85' lang='grc' dir='ltr'><strong><em>τὸ</em></strong></span> <span class='ocrx_word' id='word_1_617' title='bbox 2224 3862 2510 3916; x_wconf 87' lang='grc' dir='ltr'>ἀνεύθυνόν</span> <span class='ocrx_word' id='word_1_618' title='bbox 2541 3879 2599 3915; x_wconf 87' lang='grc' dir='ltr'><strong><em>τε</em></strong></span> <span class='ocrx_word' id='word_1_619' title='bbox 2642 3861 2736 3914; x_wconf 75' lang='grc' dir='ltr'>καὶ</span> <span class='ocrx_word' id='word_1_620' title='bbox 2779 3861 2842 3914; x_wconf 82' lang='grc' dir='ltr'><strong><em>τὸ</em></strong></span> <span class='ocrx_word' id='word_1_621' title='bbox 2883 3863 3153 3915; x_wconf 89' lang='grc' dir='ltr'>ὑπαίτιον.</span> <span class='ocrx_word' id='word_1_622' title='bbox 3199 3863 3418 3934; x_wconf 86' lang='grc' dir='ltr'>Ἐπειδὴ</span> <span class='ocrx_word' id='word_1_623' title='bbox 3438 3867 3548 3928; x_wconf 88' lang='grc' dir='ltr'>τοῖς</span> <span class='ocrx_word' id='word_1_624' title='bbox 3590 3866 3724 3918; x_wconf 87' lang='grc' dir='ltr'>Ἰου-</span> 
     </span>
    </p>
   </div>
   <div class='ocr_carea' id='block_1_87' title="bbox 2139 3953 3723 4027">
    <p class='ocr_par' dir='ltr' id='par_1_87' title="bbox 2139 3953 3723 4027">
     <span class='ocr_line' id='line_1_87' title="bbox 2139 3953 3723 4027; baseline 0.001 -19"><span class='ocrx_word' id='word_1_625' title='bbox 2139 3956 2309 4017; x_wconf 87' lang='grc' dir='ltr'>δαίοις</span> <span class='ocrx_word' id='word_1_626' title='bbox 2365 3953 2670 4024; x_wconf 84' lang='grc' dir='ltr'>μαχόμενος</span> <span class='ocrx_word' id='word_1_627' title='bbox 2693 3993 2707 4016; x_wconf 92' lang='grc'><strong><em>,</em></strong></span> <span class='ocrx_word' id='word_1_628' title='bbox 2742 3953 2842 4006; x_wconf 86' lang='grc' dir='ltr'><strong><em>οὑκ</em></strong></span> <span class='ocrx_word' id='word_1_629' title='bbox 2871 3954 3179 4007; x_wconf 85' lang='grc' dir='ltr'>ἀκολουθῶν</span> <span class='ocrx_word' id='word_1_630' title='bbox 3202 3959 3314 4020; x_wconf 90' lang='grc' dir='ltr'>τοῖς</span> <span class='ocrx_word' id='word_1_631' title='bbox 3351 3957 3723 4027; x_wconf 78' lang='grc' dir='ltr'>ὁμολογουμέ-</span> 
     </span>
    </p>
   </div>
   <div class='ocr_carea' id='block_1_88' title="bbox 2139 4042 3726 4117">
    <p class='ocr_par' dir='ltr' id='par_1_88' title="bbox 2139 4042 3726 4117">
     <span class='ocr_line' id='line_1_88' title="bbox 2139 4042 3726 4117; baseline 0.002 -20"><span class='ocrx_word' id='word_1_632' title='bbox 2139 4062 2270 4108; x_wconf 88' lang='grc' dir='ltr'>νοις,</span> <span class='ocrx_word' id='word_1_633' title='bbox 2313 4042 2409 4096; x_wconf 78' lang='grc' dir='ltr'>καὶ</span> <span class='ocrx_word' id='word_1_634' title='bbox 2438 4043 2498 4095; x_wconf 86' lang='grc' dir='ltr'>τὺ</span> <span class='ocrx_word' id='word_1_635' title='bbox 2536 4043 2740 4113; x_wconf 81' lang='grc' dir='ltr'>ἄμεσον</span> <span class='ocrx_word' id='word_1_636' title='bbox 2771 4043 2966 4112; x_wconf 85' lang='grc' dir='ltr'>λέγων,</span> <span class='ocrx_word' id='word_1_637' title='bbox 3000 4047 3093 4098; x_wconf 81' lang='grc' dir='ltr'>καὶ</span> <span class='ocrx_word' id='word_1_638' title='bbox 3123 4045 3186 4098; x_wconf 78' lang='grc' dir='ltr'>τὸ</span> <span class='ocrx_word' id='word_1_639' title='bbox 3226 4047 3458 4115; x_wconf 82' lang='grc' dir='ltr'>συναφὲς</span> <span class='ocrx_word' id='word_1_640' title='bbox 3487 4047 3547 4099; x_wconf 86' lang='grc' dir='ltr'><strong><em>οὑ</em></strong></span> <span class='ocrx_word' id='word_1_641' title='bbox 3573 4047 3726 4117; x_wconf 88' lang='grc' dir='ltr'>δεχό-</span> 
     </span>
    </p>
   </div>
   <div class='ocr_carea' id='block_1_89' title="bbox 2142 4132 3722 4207">
    <p class='ocr_par' dir='ltr' id='par_1_89' title="bbox 2142 4132 3722 4207">
     <span class='ocr_line' id='line_1_89' title="bbox 2142 4132 3722 4207; baseline 0.002 -19"><span class='ocrx_word' id='word_1_642' title='bbox 2142 4153 2319 4206; x_wconf 91' lang='grc' dir='ltr'>μενος,</span> <span class='ocrx_word' id='word_1_643' title='bbox 2357 4135 2539 4189; x_wconf 76' lang='grc' dir='ltr'>καὶτὸ</span> <span class='ocrx_word' id='word_1_644' title='bbox 2579 4134 2653 4207; x_wconf 86' lang='grc' dir='ltr'><strong><em>μὴ</em></strong></span> <span class='ocrx_word' id='word_1_645' title='bbox 2683 4132 2823 4188; x_wconf 79' lang='grc' dir='ltr'>εἷναί</span> <span class='ocrx_word' id='word_1_646' title='bbox 2866 4153 2916 4188; x_wconf 84' lang='grc' dir='ltr'><strong><em>τι</em></strong></span> <span class='ocrx_word' id='word_1_647' title='bbox 2969 4137 3072 4206; x_wconf 86' lang='grc' dir='ltr'><strong><em>πρὸ</em></strong></span> <span class='ocrx_word' id='word_1_648' title='bbox 3116 4138 3210 4191; x_wconf 79' lang='grc' dir='ltr'>τοῦ</span> <span class='ocrx_word' id='word_1_649' title='bbox 3253 4138 3590 4207; x_wconf 80' lang='grc' dir='ltr'>Μονογενοῦς</span> <span class='ocrx_word' id='word_1_650' title='bbox 3633 4142 3722 4191; x_wconf 63' lang='grc' dir='ltr'>ἐν-</span> 
     </span>
    </p>
   </div>
   <div class='ocr_carea' id='block_1_90' title="bbox 2137 4221 3722 4302">
    <p class='ocr_par' dir='ltr' id='par_1_90' title="bbox 2137 4221 3722 4302">
     <span class='ocr_line' id='line_1_90' title="bbox 2137 4221 3722 4302; baseline 0.002 -22"><span class='ocrx_word' id='word_1_651' title='bbox 2137 4227 2293 4293; x_wconf 87' lang='grc' dir='ltr'>νοῶν,</span> <span class='ocrx_word' id='word_1_652' title='bbox 2325 4227 2424 4280; x_wconf 72' lang='grc' dir='ltr'><strong>καῖ</strong></span> <span class='ocrx_word' id='word_1_653' title='bbox 2449 4225 2509 4279; x_wconf 84' lang='grc' dir='ltr'><strong><em>τὸ</em></strong></span> <span class='ocrx_word' id='word_1_654' title='bbox 2541 4221 2680 4280; x_wconf 79' lang='grc' dir='ltr'>εἶναι</span> <span class='ocrx_word' id='word_1_655' title='bbox 2709 4227 2838 4281; x_wconf 84' lang='grc' dir='ltr'>Υίὸν</span> <span class='ocrx_word' id='word_1_656' title='bbox 2884 4227 3145 4291; x_wconf 83' lang='grc' dir='ltr'>ὑπονοῶν,</span> <span class='ocrx_word' id='word_1_657' title='bbox 3177 4230 3312 4283; x_wconf 83' lang='grc' dir='ltr'><strong><em>ἀλλά</em></strong></span> <span class='ocrx_word' id='word_1_658' title='bbox 3356 4233 3483 4301; x_wconf 81' lang='grc' dir='ltr'>περὶ</span> <span class='ocrx_word' id='word_1_659' title='bbox 3506 4231 3598 4283; x_wconf 81' lang='grc' dir='ltr'><strong><em>τοῦ</em></strong></span> <span class='ocrx_word' id='word_1_660' title='bbox 3647 4231 3722 4302; x_wconf 86' lang='grc' dir='ltr'>μὴ</span> 
     </span>
    </p>
   </div>
   <div class='ocr_carea' id='block_1_91' title="bbox 2136 4316 3724 4392">
    <p class='ocr_par' dir='ltr' id='par_1_91' title="bbox 2136 4316 3724 4392">
     <span class='ocr_line' id='line_1_91' title="bbox 2136 4316 3724 4392; baseline 0.002 -22"><span class='ocrx_word' id='word_1_661' title='bbox 2136 4317 2265 4372; x_wconf 79' lang='grc' dir='ltr'>ὅντα</span> <span class='ocrx_word' id='word_1_662' title='bbox 2304 4316 2631 4389; x_wconf 82' lang='grc' dir='ltr'>γεγενῆσθαι</span> <span class='ocrx_word' id='word_1_663' title='bbox 2677 4318 3097 4388; x_wconf 83' lang='grc' dir='ltr'>διαμαχόμενος.</span> <span class='ocrx_word' id='word_1_664' title='bbox 3146 4321 3359 4392; x_wconf 85' lang='grc' dir='ltr'>Μικρὸν</span> <span class='ocrx_word' id='word_1_665' title='bbox 3403 4322 3462 4374; x_wconf 84' lang='grc' dir='ltr'><strong><em>ἐν</em></strong></span> <span class='ocrx_word' id='word_1_666' title='bbox 3508 4321 3724 4384; x_wconf 86' lang='grc' dir='ltr'>τούτοις</span> 
     </span>
    </p>
   </div>
   <div class='ocr_carea' id='block_1_92' title="bbox 2138 4409 3721 4483">
    <p class='ocr_par' dir='ltr' id='par_1_92' title="bbox 2138 4409 3721 4483">
     <span class='ocr_line' id='line_1_92' title="bbox 2138 4409 3721 4483; baseline 0.001 -19"><span class='ocrx_word' id='word_1_667' title='bbox 2138 4409 2546 4480; x_wconf 85' lang='grc' dir='ltr'>ὰσχοληθέντες,</span> <span class='ocrx_word' id='word_1_668' title='bbox 2573 4409 2661 4463; x_wconf 82' lang='grc' dir='ltr'>διὰ</span> <span class='ocrx_word' id='word_1_669' title='bbox 2689 4410 2749 4463; x_wconf 84' lang='grc' dir='ltr'><strong><em>τὸ</em></strong></span> <span class='ocrx_word' id='word_1_670' title='bbox 2777 4413 2887 4474; x_wconf 84' lang='grc' dir='ltr'>τοῖς</span> <span class='ocrx_word' id='word_1_671' title='bbox 2928 4412 3193 4479; x_wconf 71' lang='grc' dir='ltr'>φθάσασιν</span> <span class='ocrx_word' id='word_1_672' title='bbox 3226 4411 3422 4476; x_wconf 83' lang='grc' dir='ltr'>ἱκανῶς</span> <span class='ocrx_word' id='word_1_673' title='bbox 3448 4412 3548 4483; x_wconf 74' lang='grc' dir='ltr'>ἤδη</span> <span class='ocrx_word' id='word_1_674' title='bbox 3581 4430 3721 4483; x_wconf 81' lang='grc' dir='ltr'>προ-</span> 
     </span>
    </p>
   </div>
   <div class='ocr_carea' id='block_1_93' title="bbox 2138 4501 3715 4576">
    <p class='ocr_par' dir='ltr' id='par_1_93' title="bbox 2138 4501 3715 4576">
     <span class='ocr_line' id='line_1_93' title="bbox 2138 4501 3715 4576; baseline 0.001 -19"><span class='ocrx_word' id='word_1_675' title='bbox 2138 4503 2570 4557; x_wconf 76' lang='grc' dir='ltr'>κατεσκευάσθαι</span> <span class='ocrx_word' id='word_1_676' title='bbox 2603 4501 2692 4556; x_wconf 83' lang='grc' dir='ltr'><strong><em>τὸν</em></strong></span> <span class='ocrx_word' id='word_1_677' title='bbox 2713 4501 2890 4570; x_wconf 82' lang='grc' dir='ltr'>λόγον,</span> <span class='ocrx_word' id='word_1_678' title='bbox 2913 4503 3018 4556; x_wconf 90' lang='grc' dir='ltr'><strong><em>τῶν</em></strong></span> <span class='ocrx_word' id='word_1_679' title='bbox 3049 4506 3422 4576; x_wconf 86' lang='grc' dir='ltr'>προκειμένων</span> <span class='ocrx_word' id='word_1_680' title='bbox 3455 4505 3715 4576; x_wconf 79' lang='grc' dir='ltr'>ἑξόμεθα.</span> 
     </span>
    </p>
   </div>
   <div class='ocr_carea' id='block_1_94' title="bbox 452 4590 3724 4671">
    <p class='ocr_par' dir='ltr' id='par_1_94' title="bbox 452 4590 3724 4671">
     <span class='ocr_line' id='line_1_94' title="bbox 452 4590 3724 4671; baseline -0.001 -16"><span class='ocrx_word' id='word_1_681' title='bbox 452 4614 518 4655; x_wconf 85' lang='lat' dir='ltr'><strong><em>eo</em></strong></span> <span class='ocrx_word' id='word_1_682' title='bbox 546 4599 636 4668; x_wconf 87' lang='lat' dir='ltr'><strong><em>qui</em></strong></span> <span class='ocrx_word' id='word_1_683' title='bbox 670 4615 778 4653; x_wconf 90' lang='lat' dir='ltr'><strong><em>non</em></strong></span> <span class='ocrx_word' id='word_1_684' title='bbox 807 4609 925 4656; x_wconf 90' lang='lat' dir='ltr'><strong><em>erat</em></strong></span> <span class='ocrx_word' id='word_1_685' title='bbox 951 4601 1194 4671; x_wconf 80' lang='lat' dir='ltr'><strong><em>genitum</em></strong></span> <span class='ocrx_word' id='word_1_686' title='bbox 1221 4611 1343 4652; x_wconf 89' lang='lat' dir='ltr'><strong><em>esse</em></strong></span> <span class='ocrx_word' id='word_1_687' title='bbox 1383 4595 1694 4651; x_wconf 87' lang='lat' dir='ltr'><strong><em>decertans.</em></strong></span> <span class='ocrx_word' id='word_1_688' title='bbox 1757 4593 1958 4648; x_wconf 88' lang='lat' dir='ltr'><strong><em>Parum</em></strong></span> <span class='ocrx_word' id='word_1_689' title='bbox 2018 4593 2072 4647; x_wconf 91' lang='lat' dir='ltr'><strong><em>in</em></strong></span> <span class='ocrx_word' id='word_1_690' title='bbox 2117 4593 2202 4647; x_wconf 91' lang='lat' dir='ltr'><strong><em>his</em></strong></span> <span class='ocrx_word' id='word_1_691' title='bbox 2259 4592 2637 4654; x_wconf 85' lang='lat' dir='ltr'><strong><em>immorantes,</em></strong></span> <span class='ocrx_word' id='word_1_692' title='bbox 2689 4590 2818 4660; x_wconf 88' lang='lat' dir='ltr'><strong><em>quia</em></strong></span> <span class='ocrx_word' id='word_1_693' title='bbox 2876 4590 2930 4644; x_wconf 91' lang='lat' dir='ltr'><strong><em>in</em></strong></span> <span class='ocrx_word' id='word_1_694' title='bbox 2988 4595 3434 4651; x_wconf 78' lang='lat' dir='ltr'><strong><em>antecedentibus</em></strong></span> <span class='ocrx_word' id='word_1_695' title='bbox 3507 4595 3724 4651; x_wconf 85' lang='lat' dir='ltr'><strong><em>abunde</em></strong></span> 
     </span>
    </p>
   </div>
   <div class='ocr_carea' id='block_1_95' title="bbox 452 4685 3268 4775">
    <p class='ocr_par' dir='ltr' id='par_1_95' title="bbox 452 4685 3268 4775">
     <span class='ocr_line' id='line_1_95' title="bbox 452 4685 3268 4775; baseline -0.004 -28"><span class='ocrx_word' id='word_1_696' title='bbox 452 4693 586 4747; x_wconf 88' lang='lat' dir='ltr'><strong><em>satis</em></strong></span> <span class='ocrx_word' id='word_1_697' title='bbox 643 4692 753 4761; x_wconf 85' lang='lat' dir='ltr'><strong><em>jam</em></strong></span> <span class='ocrx_word' id='word_1_698' title='bbox 816 4707 996 4746; x_wconf 88' lang='lat' dir='ltr'><strong><em>sermo</em></strong></span> <span class='ocrx_word' id='word_1_699' title='bbox 1052 4695 1411 4761; x_wconf 69' lang='lat' dir='ltr'><strong><em>prmstructus</em></strong></span> <span class='ocrx_word' id='word_1_700' title='bbox 1457 4695 1562 4753; x_wconf 89' lang='lat' dir='ltr'><strong><em>est,</em></strong></span> <span class='ocrx_word' id='word_1_701' title='bbox 1628 4689 1683 4741; x_wconf 91' lang='lat' dir='ltr'><strong><em>in</em></strong></span> <span class='ocrx_word' id='word_1_702' title='bbox 1737 4687 2029 4757; x_wconf 86' lang='lat' dir='ltr'><strong><em>propositis</em></strong></span> <span class='ocrx_word' id='word_1_703' title='bbox 2062 4685 2412 4740; x_wconf 70' lang='lat' dir='ltr'><strong><em>haerebimus.</em></strong></span> <span class='ocrx_word' id='word_1_704' title='bbox 3255 4763 3268 4775; x_wconf 45' lang='lat'><em>.</em></span> 
     </span>
    </p>
   </div>
   <div class='ocr_carea' id='block_1_96' title="bbox 522 4775 2043 4852">
    <p class='ocr_par' dir='ltr' id='par_1_96' title="bbox 522 4779 2027 4851">
     <span class='ocr_line' id='line_1_96' title="bbox 522 4779 2027 4851; baseline -0.004 -15"><span class='ocrx_word' id='word_1_705' title='bbox 522 4783 637 4838; x_wconf 83' lang='lat' dir='ltr'><strong><em>Non</em></strong></span> <span class='ocrx_word' id='word_1_706' title='bbox 684 4791 766 4838; x_wconf 89' lang='lat' dir='ltr'><strong><em>est</em></strong></span> <span class='ocrx_word' id='word_1_707' title='bbox 799 4784 1043 4851; x_wconf 83' lang='lat' dir='ltr'><strong><em>eiusdem</em></strong></span> <span class='ocrx_word' id='word_1_708' title='bbox 1089 4792 1143 4837; x_wconf 92' lang='lat' dir='ltr'><strong><em>et</em></strong></span> <span class='ocrx_word' id='word_1_709' title='bbox 1193 4780 1330 4835; x_wconf 89' lang='lat' dir='ltr'><strong><em>nihil</em></strong></span> <span class='ocrx_word' id='word_1_710' title='bbox 1379 4780 1632 4849; x_wconf 89' lang='lat' dir='ltr'><strong><em>superius</em></strong></span> <span class='ocrx_word' id='word_1_711' title='bbox 1672 4779 2027 4834; x_wconf 81' lang='lat' dir='ltr'><strong><em>subsistentia</em></strong></span> 
     </span>
    </p>
   </div>
   <div class='ocr_carea' id='block_1_97' title="bbox 2147 4775 3720 4852">
    <p class='ocr_par' dir='ltr' id='par_1_97' title="bbox 2204 4775 3720 4852">
     <span class='ocr_line' id='line_1_97' title="bbox 2204 4775 3720 4852; baseline 0.002 -22"><span class='ocrx_word' id='word_1_712' title='bbox 2204 4777 2317 4830; x_wconf 86' lang='grc' dir='ltr'>Ούκ</span> <span class='ocrx_word' id='word_1_713' title='bbox 2363 4775 2478 4828; x_wconf 77' lang='grc' dir='ltr'>ἔστι</span> <span class='ocrx_word' id='word_1_714' title='bbox 2523 4777 2615 4829; x_wconf 78' lang='grc' dir='ltr'>τοῦ</span> <span class='ocrx_word' id='word_1_715' title='bbox 2674 4777 2840 4831; x_wconf 82' lang='grc' dir='ltr'>αὑτοῦ</span> <span class='ocrx_word' id='word_1_716' title='bbox 2890 4779 2985 4833; x_wconf 77' lang='grc' dir='ltr'><strong><em>καὶ</em></strong></span> <span class='ocrx_word' id='word_1_717' title='bbox 3027 4779 3191 4849; x_wconf 78' lang='grc' dir='ltr'>μηδὲν</span> <span class='ocrx_word' id='word_1_718' title='bbox 3232 4779 3578 4850; x_wconf 87' lang='grc' dir='ltr'>ὑπερτιθέναι</span> <span class='ocrx_word' id='word_1_719' title='bbox 3619 4782 3720 4852; x_wconf 82' lang='grc' dir='ltr'>τῆς</span> 
     </span>
    </p>
   </div>
   <div class='ocr_carea' id='block_1_98' title="bbox 451 4869 2031 4945">
    <p class='ocr_par' dir='ltr' id='par_1_98' title="bbox 451 4869 2031 4945">
     <span class='ocr_line' id='line_1_98' title="bbox 451 4869 2031 4945; baseline -0.004 -15"><span class='ocrx_word' id='word_1_720' title='bbox 451 4874 724 4945; x_wconf 76' lang='lat' dir='ltr'><strong><em>Unigeniti</em></strong></span> <span class='ocrx_word' id='word_1_721' title='bbox 758 4889 984 4944; x_wconf 90' lang='lat' dir='ltr'><strong><em>ponere,</em></strong></span> <span class='ocrx_word' id='word_1_722' title='bbox 1045 4880 1098 4927; x_wconf 92' lang='lat' dir='ltr'><strong><em>et</em></strong></span> <span class='ocrx_word' id='word_1_723' title='bbox 1151 4882 1274 4925; x_wconf 87' lang='lat' dir='ltr'><strong><em>ante</em></strong></span> <span class='ocrx_word' id='word_1_724' title='bbox 1313 4869 1718 4939; x_wconf 77' lang='lat' dir='ltr'><strong><em>generationem</em></strong></span> <span class='ocrx_word' id='word_1_725' title='bbox 1770 4885 1875 4922; x_wconf 88' lang='lat' dir='ltr'><strong><em>non</em></strong></span> <span class='ocrx_word' id='word_1_726' title='bbox 1909 4885 2031 4924; x_wconf 89' lang='lat' dir='ltr'><strong><em>esse</em></strong></span> 
     </span>
    </p>
   </div>
   <div class='ocr_carea' id='block_1_99' title="bbox 449 4959 2026 5033">
    <p class='ocr_par' dir='ltr' id='par_1_99' title="bbox 449 4959 2026 5033">
     <span class='ocr_line' id='line_1_99' title="bbox 449 4959 2026 5033; baseline -0.004 -13"><span class='ocrx_word' id='word_1_727' title='bbox 449 4966 652 5030; x_wconf 89' lang='lat' dir='ltr'><strong><em>dicere,</em></strong></span> <span class='ocrx_word' id='word_1_728' title='bbox 703 4965 796 5022; x_wconf 82' lang='lat' dir='ltr'><strong><em>sed</em></strong></span> <span class='ocrx_word' id='word_1_729' title='bbox 843 4974 973 5019; x_wconf 88' lang='lat' dir='ltr'><strong><em>tunc</em></strong></span> <span class='ocrx_word' id='word_1_730' title='bbox 1001 4964 1242 5033; x_wconf 87' lang='lat' dir='ltr'><strong><em>genitum</em></strong></span> <span class='ocrx_word' id='word_1_731' title='bbox 1284 4959 1452 5015; x_wconf 81' lang='lat' dir='ltr'><strong><em>fuisse</em></strong></span> <span class='ocrx_word' id='word_1_732' title='bbox 1483 4975 1606 5013; x_wconf 88' lang='lat' dir='ltr'><strong><em>cum</em></strong></span> <span class='ocrx_word' id='word_1_733' title='bbox 1641 4961 1797 5015; x_wconf 85' lang='lat' dir='ltr'><strong><em>Pater</em></strong></span> <span class='ocrx_word' id='word_1_734' title='bbox 1839 4961 2026 5014; x_wconf 85' lang='lat' dir='ltr'><strong><em>voluit.</em></strong></span> 
     </span>
    </p>
   </div>
   <div class='ocr_carea' id='block_1_100' title="bbox 449 5050 2026 5120">
    <p class='ocr_par' dir='ltr' id='par_1_100' title="bbox 449 5050 2026 5120">
     <span class='ocr_line' id='line_1_100' title="bbox 449 5050 2026 5120; baseline -0.003 -12"><span class='ocrx_word' id='word_1_735' title='bbox 449 5055 576 5110; x_wconf 71' lang='lat' dir='ltr'><strong><em>Haec</em></strong></span> <span class='ocrx_word' id='word_1_736' title='bbox 605 5054 752 5108; x_wconf 90' lang='lat' dir='ltr'><strong><em>enim</em></strong></span> <span class='ocrx_word' id='word_1_737' title='bbox 780 5054 1036 5107; x_wconf 85' lang='lat' dir='ltr'><strong><em>adverbia</em></strong></span> <span class='ocrx_word' id='word_1_738' title='bbox 1067 5060 1199 5106; x_wconf 90' lang='lat' dir='ltr'><strong><em>tunc</em></strong></span> <span class='ocrx_word' id='word_1_739' title='bbox 1223 5061 1278 5106; x_wconf 91' lang='lat' dir='ltr'><strong><em>et</em></strong></span> <span class='ocrx_word' id='word_1_740' title='bbox 1299 5053 1538 5120; x_wconf 87' lang='lat' dir='ltr'><strong><em>quando,</em></strong></span> <span class='ocrx_word' id='word_1_741' title='bbox 1575 5050 1639 5103; x_wconf 83' lang='lat' dir='ltr'><strong><em>ad</em></strong></span> <span class='ocrx_word' id='word_1_742' title='bbox 1675 5051 2026 5119; x_wconf 85' lang='lat' dir='ltr'><strong><em>temporalem</em></strong></span> 
     </span>
    </p>
   </div>
   <div class='ocr_carea' id='block_1_101' title="bbox 453 5141 2028 5212">
    <p class='ocr_par' dir='ltr' id='par_1_101' title="bbox 453 5141 2028 5212">
     <span class='ocr_line' id='line_1_101' title="bbox 453 5141 2028 5212; baseline -0.003 -14"><span class='ocrx_word' id='word_1_743' title='bbox 453 5143 969 5198; x_wconf 83' lang='lat' dir='ltr'><strong><em>demonstrationem</em></strong></span> <span class='ocrx_word' id='word_1_744' title='bbox 1013 5143 1232 5211; x_wconf 89' lang='lat' dir='ltr'><strong><em>pr0prie</em></strong></span> <span class='ocrx_word' id='word_1_745' title='bbox 1263 5149 1316 5197; x_wconf 89' lang='lat' dir='ltr'><strong><em>et</em></strong></span> <span class='ocrx_word' id='word_1_746' title='bbox 1347 5142 1671 5196; x_wconf 88' lang='lat' dir='ltr'><strong><em>naturaliter</em></strong></span> <span class='ocrx_word' id='word_1_747' title='bbox 1709 5141 2028 5212; x_wconf 80' lang='lat' dir='ltr'><strong><em>signiﬁcan-</em></strong></span> 
     </span>
    </p>
   </div>
   <div class='ocr_carea' id='block_1_102' title="bbox 447 5232 2031 5302">
    <p class='ocr_par' dir='ltr' id='par_1_102' title="bbox 447 5232 2031 5302">
     <span class='ocr_line' id='line_1_102' title="bbox 447 5232 2031 5302; baseline -0.002 -15"><span class='ocrx_word' id='word_1_748' title='bbox 447 5236 578 5287; x_wconf 83' lang='lat' dir='ltr'><strong><em>tiain</em></strong></span> <span class='ocrx_word' id='word_1_749' title='bbox 625 5232 889 5299; x_wconf 78' lang='lat' dir='ltr'><strong><em>referunt,</em></strong></span> <span class='ocrx_word' id='word_1_750' title='bbox 921 5233 1220 5288; x_wconf 91' lang='lat' dir='ltr'><strong><em>secundum</em></strong></span> <span class='ocrx_word' id='word_1_751' title='bbox 1252 5248 1598 5286; x_wconf 88' lang='lat' dir='ltr'><strong><em>communem</em></strong></span> <span class='ocrx_word' id='word_1_752' title='bbox 1641 5247 1772 5288; x_wconf 90' lang='lat' dir='ltr'><strong><em>sane</em></strong></span> <span class='ocrx_word' id='word_1_753' title='bbox 1803 5234 2031 5302; x_wconf 88' lang='lat' dir='ltr'><strong><em>loquen-</em></strong></span> 
     </span>
    </p>
   </div>
   <div class='ocr_carea' id='block_1_103' title="bbox 449 5325 2028 5390">
    <p class='ocr_par' dir='ltr' id='par_1_103' title="bbox 449 5325 2028 5390">
     <span class='ocr_line' id='line_1_103' title="bbox 449 5325 2028 5390; baseline 0.001 -12"><span class='ocrx_word' id='word_1_754' title='bbox 449 5327 585 5381; x_wconf 90' lang='lat' dir='ltr'><strong><em>tium</em></strong></span> <span class='ocrx_word' id='word_1_755' title='bbox 641 5326 1117 5390; x_wconf 84' lang='lat' dir='ltr'><strong><em>consuetudinem,</em></strong></span> <span class='ocrx_word' id='word_1_756' title='bbox 1182 5332 1237 5380; x_wconf 91' lang='lat' dir='ltr'><strong><em>et</em></strong></span> <span class='ocrx_word' id='word_1_757' title='bbox 1291 5325 1592 5380; x_wconf 89' lang='lat' dir='ltr'><strong><em>secundum</em></strong></span> <span class='ocrx_word' id='word_1_758' title='bbox 1651 5325 1909 5379; x_wconf 89' lang='lat' dir='ltr'><strong><em>usitatam</em></strong></span> <span class='ocrx_word' id='word_1_759' title='bbox 1973 5327 2028 5380; x_wconf 90' lang='lat' dir='ltr'><strong><em>in</em></strong></span> 
     </span>
    </p>
   </div>
   <div class='ocr_carea' id='block_1_104' title="bbox 450 5415 2030 5488">
    <p class='ocr_par' dir='ltr' id='par_1_104' title="bbox 450 5415 2030 5488">
     <span class='ocr_line' id='line_1_104' title="bbox 450 5415 2030 5488; baseline -0.001 -17"><span class='ocrx_word' id='word_1_760' title='bbox 450 5417 736 5488; x_wconf 84' lang='lat' dir='ltr'><strong><em>Scriptura</em></strong></span> <span class='ocrx_word' id='word_1_761' title='bbox 763 5417 1244 5488; x_wconf 78' lang='lat' dir='ltr'><strong><em>signiﬁcationem.</em></strong></span> <span class='ocrx_word' id='word_1_762' title='bbox 1285 5415 1428 5470; x_wconf 87' lang='lat' dir='ltr'><strong><em>Tunc</em></strong></span> <span class='ocrx_word' id='word_1_763' title='bbox 1473 5417 1643 5470; x_wconf 83' lang='lat' dir='ltr'><strong><em>dicent</em></strong></span> <span class='ocrx_word' id='word_1_764' title='bbox 1675 5417 1726 5469; x_wconf 89' lang='lat' dir='ltr'><strong><em>in</em></strong></span> <span class='ocrx_word' id='word_1_765' title='bbox 1755 5416 1991 5488; x_wconf 84' lang='lat' dir='ltr'><strong><em>gentibus</em></strong></span> <span class='ocrx_word' id='word_1_766' title='bbox 2013 5435 2030 5470; x_wconf 95' lang='lat'><strong><em>:</em></strong></span> 
     </span>
    </p>
   </div>
   <div class='ocr_carea' id='block_1_105' title="bbox 447 5505 2031 5576">
    <p class='ocr_par' dir='ltr' id='par_1_105' title="bbox 447 5505 2031 5576">
     <span class='ocr_line' id='line_1_105' title="bbox 447 5505 2031 5576; baseline -0.003 -12"><span class='ocrx_word' id='word_1_767' title='bbox 447 5519 520 5575; x_wconf 89' lang='lat' dir='ltr'><strong><em>et,</em></strong></span> <span class='ocrx_word' id='word_1_768' title='bbox 554 5509 779 5576; x_wconf 82' lang='lat' dir='ltr'><strong><em>Quando</em></strong></span> <span class='ocrx_word' id='word_1_769' title='bbox 806 5509 926 5560; x_wconf 86' lang='lat' dir='ltr'><strong><em>misi</em></strong></span> <span class='ocrx_word' id='word_1_770' title='bbox 953 5524 1080 5571; x_wconf 84' lang='lat' dir='ltr'><strong><em>vos;</em></strong></span> <span class='ocrx_word' id='word_1_771' title='bbox 1120 5514 1192 5567; x_wconf 90' lang='lat' dir='ltr'><strong><em>et,</em></strong></span> <span class='ocrx_word' id='word_1_772' title='bbox 1230 5505 1373 5560; x_wconf 86' lang='lat' dir='ltr'><strong><em>Tunc</em></strong></span> <span class='ocrx_word' id='word_1_773' title='bbox 1397 5507 1786 5560; x_wconf 81' lang='lat' dir='ltr'><strong><em>assimilabitur</em></strong></span> <span class='ocrx_word' id='word_1_774' title='bbox 1815 5523 2031 5576; x_wconf 88' lang='lat' dir='ltr'><strong><em>regnum</em></strong></span> 
     </span>
    </p>
   </div>
   <div class='ocr_carea' id='block_1_106' title="bbox 446 5597 2031 5668">
    <p class='ocr_par' dir='ltr' id='par_1_106' title="bbox 446 5597 2031 5668">
     <span class='ocr_line' id='line_1_106' title="bbox 446 5597 2031 5668; baseline -0.003 -13"><span class='ocrx_word' id='word_1_775' title='bbox 446 5603 713 5656; x_wconf 62' lang='lat' dir='ltr'><strong><em>extorum.</em></strong></span> <span class='ocrx_word' id='word_1_776' title='bbox 749 5599 815 5653; x_wconf 86' lang='lat' dir='ltr'><strong><em>Et</em></strong></span> <span class='ocrx_word' id='word_1_777' title='bbox 842 5607 1095 5654; x_wconf 76' lang='lat' dir='ltr'><strong><em>sexcenta</em></strong></span> <span class='ocrx_word' id='word_1_778' title='bbox 1119 5597 1385 5666; x_wconf 63' lang='lat' dir='ltr'><strong><em>ejusmodi</em></strong></span> <span class='ocrx_word' id='word_1_779' title='bbox 1417 5614 1512 5668; x_wconf 91' lang='lat' dir='ltr'><strong><em>per</em></strong></span> <span class='ocrx_word' id='word_1_780' title='bbox 1542 5613 1758 5651; x_wconf 91' lang='lat' dir='ltr'><strong><em>omnem</em></strong></span> <span class='ocrx_word' id='word_1_781' title='bbox 1789 5597 2031 5667; x_wconf 87' lang='lat' dir='ltr'><strong><em>Scriptu-</em></strong></span> 
     </span>
    </p>
   </div>
   <div class='ocr_carea' id='block_1_107' title="bbox 449 5687 2029 5761">
    <p class='ocr_par' dir='ltr' id='par_1_107' title="bbox 449 5687 2029 5761">
     <span class='ocr_line' id='line_1_107' title="bbox 449 5687 2029 5761; baseline -0.002 -16"><span class='ocrx_word' id='word_1_782' title='bbox 449 5705 564 5745; x_wconf 81' lang='lat' dir='ltr'><strong><em>ram</em></strong></span> <span class='ocrx_word' id='word_1_783' title='bbox 591 5692 660 5744; x_wconf 89' lang='lat' dir='ltr'><strong><em>ad</em></strong></span> <span class='ocrx_word' id='word_1_784' title='bbox 688 5689 951 5761; x_wconf 87' lang='lat' dir='ltr'><strong><em>propositi</em></strong></span> <span class='ocrx_word' id='word_1_785' title='bbox 973 5687 1443 5743; x_wconf 78' lang='lat' dir='ltr'><strong><em>continuationem</em></strong></span> <span class='ocrx_word' id='word_1_786' title='bbox 1472 5690 1594 5743; x_wconf 90' lang='lat' dir='ltr'><strong><em>licet</em></strong></span> <span class='ocrx_word' id='word_1_787' title='bbox 1619 5704 1857 5752; x_wconf 87' lang='lat' dir='ltr'><strong><em>sumere,</em></strong></span> <span class='ocrx_word' id='word_1_788' title='bbox 1883 5689 2029 5757; x_wconf 86' lang='lat' dir='ltr'><strong><em>quod</em></strong></span> 
     </span>
    </p>
   </div>
   <div class='ocr_carea' id='block_1_108' title="bbox 451 5781 2028 5853">
    <p class='ocr_par' dir='ltr' id='par_1_108' title="bbox 451 5781 2028 5853">
     <span class='ocr_line' id='line_1_108' title="bbox 451 5781 2028 5853; baseline 0.001 -17"><span class='ocrx_word' id='word_1_789' title='bbox 451 5783 653 5840; x_wconf 80' lang='lat' dir='ltr'><strong><em>talibus</em></strong></span> <span class='ocrx_word' id='word_1_790' title='bbox 702 5782 970 5837; x_wconf 87' lang='lat' dir='ltr'><strong><em>orationis</em></strong></span> <span class='ocrx_word' id='word_1_791' title='bbox 1029 5781 1315 5852; x_wconf 86' lang='lat' dir='ltr'><strong><em>particulis</em></strong></span> <span class='ocrx_word' id='word_1_792' title='bbox 1350 5781 1649 5853; x_wconf 75' lang='lat' dir='ltr'><strong><em>Scriptura:</em></strong></span> <span class='ocrx_word' id='word_1_793' title='bbox 1687 5783 2028 5838; x_wconf 88' lang='lat' dir='ltr'><strong><em>consuetudo</em></strong></span> 
     </span>
    </p>
   </div>
   <div class='ocr_carea' id='block_1_109' title="bbox 2133 4866 3719 4945">
    <p class='ocr_par' dir='ltr' id='par_1_109' title="bbox 2133 4866 3719 4945">
     <span class='ocr_line' id='line_1_109' title="bbox 2133 4866 3719 4945; baseline 0.004 -26"><span class='ocrx_word' id='word_1_794' title='bbox 2133 4866 2228 4920; x_wconf 77' lang='grc' dir='ltr'>τοῦ</span> <span class='ocrx_word' id='word_1_795' title='bbox 2262 4868 2598 4935; x_wconf 82' lang='grc' dir='ltr'>Μονογενοῦς</span> <span class='ocrx_word' id='word_1_796' title='bbox 2630 4870 2998 4934; x_wconf 85' lang='grc' dir='ltr'>ὑποστάσεως,</span> <span class='ocrx_word' id='word_1_797' title='bbox 3018 4871 3111 4924; x_wconf 74' lang='grc' dir='ltr'>καὶ</span> <span class='ocrx_word' id='word_1_798' title='bbox 3136 4871 3210 4943; x_wconf 83' lang='grc' dir='ltr'>μὴ</span> <span class='ocrx_word' id='word_1_799' title='bbox 3243 4867 3380 4924; x_wconf 73' lang='grc' dir='ltr'>εἶναι</span> <span class='ocrx_word' id='word_1_800' title='bbox 3409 4871 3586 4940; x_wconf 87' lang='grc' dir='ltr'>λέγειν</span> <span class='ocrx_word' id='word_1_801' title='bbox 3612 4874 3719 4945; x_wconf 86' lang='grc' dir='ltr'><strong><em>πρὸ</em></strong></span> 
     </span>
    </p>
   </div>
   <div class='ocr_carea' id='block_1_110' title="bbox 2133 4960 3717 5036">
    <p class='ocr_par' dir='ltr' id='par_1_110' title="bbox 2133 4960 3717 5036">
     <span class='ocr_line' id='line_1_110' title="bbox 2133 4960 3717 5036; baseline 0.005 -26"><span class='ocrx_word' id='word_1_802' title='bbox 2133 4960 2233 5028; x_wconf 83' lang='grc' dir='ltr'><strong><em>τῆς</em></strong></span> <span class='ocrx_word' id='word_1_803' title='bbox 2263 4961 2589 5030; x_wconf 88' lang='grc' dir='ltr'>γεννήσεως,</span> <span class='ocrx_word' id='word_1_804' title='bbox 2615 4960 2748 5014; x_wconf 80' lang='grc' dir='ltr'>ἀλλὰ</span> <span class='ocrx_word' id='word_1_805' title='bbox 2791 4962 2911 5015; x_wconf 81' lang='grc' dir='ltr'>τότε</span> <span class='ocrx_word' id='word_1_806' title='bbox 2939 4963 3317 5034; x_wconf 82' lang='grc' dir='ltr'>γεγεννῆσθαι,</span> <span class='ocrx_word' id='word_1_807' title='bbox 3349 4964 3438 5017; x_wconf 85' lang='grc' dir='ltr'><strong><em>ὅτε</em></strong></span> <span class='ocrx_word' id='word_1_808' title='bbox 3475 4965 3504 5016; x_wconf 83' lang='grc' dir='ltr'>ὁ</span> <span class='ocrx_word' id='word_1_809' title='bbox 3531 4965 3717 5036; x_wconf 79' lang='grc' dir='ltr'>Πατὴρ</span> 
     </span>
    </p>
   </div>
   <div class='ocr_carea' id='block_1_111' title="bbox 2134 5049 3717 5127">
    <p class='ocr_par' dir='ltr' id='par_1_111' title="bbox 2134 5049 3717 5127">
     <span class='ocr_line' id='line_1_111' title="bbox 2134 5049 3717 5127; baseline 0.004 -26"><span class='ocrx_word' id='word_1_810' title='bbox 2134 5050 2408 5120; x_wconf 73' lang='grc' dir='ltr'>ἠϐουλήθη</span> <span class='ocrx_word' id='word_1_811' title='bbox 2435 5068 2446 5080; x_wconf 81' lang='lat'>&#39;</span> <span class='ocrx_word' id='word_1_812' title='bbox 2477 5049 2536 5102; x_wconf 83' lang='grc' dir='ltr'><strong><em>τὸ</em></strong></span> <span class='ocrx_word' id='word_1_813' title='bbox 2561 5051 2668 5121; x_wconf 84' lang='grc' dir='ltr'>γὰρ</span> <span class='ocrx_word' id='word_1_814' title='bbox 2716 5057 2850 5111; x_wconf 86' lang='grc' dir='ltr'>τότε</span> <span class='ocrx_word' id='word_1_815' title='bbox 2893 5059 2988 5113; x_wconf 72' lang='grc' dir='ltr'>καὶ</span> <span class='ocrx_word' id='word_1_816' title='bbox 3030 5054 3151 5115; x_wconf 83' lang='grc' dir='ltr'>ὅτε,</span> <span class='ocrx_word' id='word_1_817' title='bbox 3192 5054 3396 5123; x_wconf 86' lang='grc' dir='ltr'>κυρίως</span> <span class='ocrx_word' id='word_1_818' title='bbox 3427 5057 3520 5108; x_wconf 75' lang='grc' dir='ltr'>καὶ</span> <span class='ocrx_word' id='word_1_819' title='bbox 3548 5072 3717 5127; x_wconf 86' lang='grc' dir='ltr'>προσ-</span> 
     </span>
    </p>
   </div>
   <div class='ocr_carea' id='block_1_112' title="bbox 2136 5141 3714 5218">
    <p class='ocr_par' dir='ltr' id='par_1_112' title="bbox 2136 5141 3714 5218">
     <span class='ocr_line' id='line_1_112' title="bbox 2136 5141 3714 5218; baseline 0.004 -25"><span class='ocrx_word' id='word_1_820' title='bbox 2136 5141 2286 5208; x_wconf 73' lang='grc' dir='ltr'>φυῶς</span> <span class='ocrx_word' id='word_1_821' title='bbox 2319 5143 2411 5195; x_wconf 71' lang='grc' dir='ltr'>ἐπὶ</span> <span class='ocrx_word' id='word_1_822' title='bbox 2450 5142 2547 5213; x_wconf 82' lang='grc' dir='ltr'><strong><em>τὴν</em></strong></span> <span class='ocrx_word' id='word_1_823' title='bbox 2601 5143 2857 5214; x_wconf 79' lang='grc' dir='ltr'>χρονικὴν</span> <span class='ocrx_word' id='word_1_824' title='bbox 2898 5143 3061 5210; x_wconf 79' lang='grc' dir='ltr'>δεῖξιν</span> <span class='ocrx_word' id='word_1_825' title='bbox 3103 5143 3201 5216; x_wconf 85' lang='grc' dir='ltr'>τὴν</span> <span class='ocrx_word' id='word_1_826' title='bbox 3236 5147 3512 5216; x_wconf 86' lang='grc' dir='ltr'>σημασίαν</span> <span class='ocrx_word' id='word_1_827' title='bbox 3543 5151 3714 5218; x_wconf 68' lang='grc' dir='ltr'>φέρει,</span> 
     </span>
    </p>
   </div>
   <div class='ocr_carea' id='block_1_113' title="bbox 2137 5233 3714 5309">
    <p class='ocr_par' dir='ltr' id='par_1_113' title="bbox 2137 5233 3714 5309">
     <span class='ocr_line' id='line_1_113' title="bbox 2137 5233 3714 5309; baseline 0.004 -25"><span class='ocrx_word' id='word_1_828' title='bbox 2137 5233 2278 5286; x_wconf 84' lang='grc' dir='ltr'>κατὰ</span> <span class='ocrx_word' id='word_1_829' title='bbox 2311 5233 2408 5304; x_wconf 79' lang='grc' dir='ltr'><strong><em>τὴν</em></strong></span> <span class='ocrx_word' id='word_1_830' title='bbox 2441 5235 2626 5305; x_wconf 79' lang='grc' dir='ltr'>κοινὴν</span> <span class='ocrx_word' id='word_1_831' title='bbox 2658 5234 2766 5286; x_wconf 89' lang='grc' dir='ltr'><strong><em>τῶν</em></strong></span> <span class='ocrx_word' id='word_1_832' title='bbox 2789 5235 2957 5303; x_wconf 87' lang='grc' dir='ltr'>ὑγιῶς</span> <span class='ocrx_word' id='word_1_833' title='bbox 2988 5236 3374 5306; x_wconf 79' lang='grc' dir='ltr'>φθεγγομένων</span> <span class='ocrx_word' id='word_1_834' title='bbox 3408 5237 3714 5309; x_wconf 80' lang='grc' dir='ltr'>συνήθειαν,</span> 
     </span>
    </p>
   </div>
   <div class='ocr_carea' id='block_1_114' title="bbox 2138 5325 3720 5399">
    <p class='ocr_par' dir='ltr' id='par_1_114' title="bbox 2138 5325 3720 5399">
     <span class='ocr_line' id='line_1_114' title="bbox 2138 5325 3720 5399; baseline 0.001 -20"><span class='ocrx_word' id='word_1_835' title='bbox 2138 5325 2231 5379; x_wconf 79' lang='grc' dir='ltr'>καὶ</span> <span class='ocrx_word' id='word_1_836' title='bbox 2256 5326 2396 5378; x_wconf 88' lang='grc' dir='ltr'><strong><em>κατά</em></strong></span> <span class='ocrx_word' id='word_1_837' title='bbox 2428 5327 2526 5396; x_wconf 82' lang='grc' dir='ltr'><strong><em>τὴν</em></strong></span> <span class='ocrx_word' id='word_1_838' title='bbox 2559 5327 2615 5378; x_wconf 83' lang='grc' dir='ltr'>ὲν</span> <span class='ocrx_word' id='word_1_839' title='bbox 2647 5329 2714 5396; x_wconf 81' lang='grc' dir='ltr'>τῇ</span> <span class='ocrx_word' id='word_1_840' title='bbox 2751 5328 2941 5399; x_wconf 85' lang='grc' dir='ltr'>Γραφῇ</span> <span class='ocrx_word' id='word_1_841' title='bbox 2968 5327 3269 5398; x_wconf 89' lang='grc' dir='ltr'>σημασίαν·</span> <span class='ocrx_word' id='word_1_842' title='bbox 3308 5333 3446 5384; x_wconf 83' lang='grc' dir='ltr'>Τότε</span> <span class='ocrx_word' id='word_1_843' title='bbox 3473 5331 3720 5398; x_wconf 79' lang='grc' dir='ltr'>ἐροῦσιν</span> 
     </span>
    </p>
   </div>
   <div class='ocr_carea' id='block_1_115' title="bbox 2133 5416 3712 5489">
    <p class='ocr_par' dir='ltr' id='par_1_115' title="bbox 2133 5416 3712 5489">
     <span class='ocr_line' id='line_1_115' title="bbox 2133 5416 3712 5489; baseline 0.001 -21"><span class='ocrx_word' id='word_1_844' title='bbox 2133 5417 2204 5469; x_wconf 79' lang='grc' dir='ltr'><strong><em>ἐν</em></strong></span> <span class='ocrx_word' id='word_1_845' title='bbox 2242 5416 2366 5480; x_wconf 83' lang='grc' dir='ltr'>τοῖς</span> <span class='ocrx_word' id='word_1_846' title='bbox 2430 5416 2654 5481; x_wconf 79' lang='grc' dir='ltr'>ἔθνεσι,</span> <span class='ocrx_word' id='word_1_847' title='bbox 2694 5419 2808 5482; x_wconf 69' lang='grc' dir='ltr'>καὶ,</span> <span class='ocrx_word' id='word_1_848' title='bbox 2843 5420 2982 5472; x_wconf 83' lang='grc' dir='ltr'>’Ὅτε</span> <span class='ocrx_word' id='word_1_849' title='bbox 3022 5419 3354 5472; x_wconf 73' lang='grc' dir='ltr'>ἀπέστειλα</span> <span class='ocrx_word' id='word_1_850' title='bbox 3397 5419 3574 5489; x_wconf 80' lang='grc' dir='ltr'>ὑμᾶς,</span> <span class='ocrx_word' id='word_1_851' title='bbox 3601 5421 3712 5486; x_wconf 75' lang='grc' dir='ltr'>καὶ,</span> 
     </span>
    </p>
   </div>
   <div class='ocr_carea' id='block_1_116' title="bbox 2140 5509 3717 5584">
    <p class='ocr_par' dir='ltr' id='par_1_116' title="bbox 2140 5509 3717 5584">
     <span class='ocr_line' id='line_1_116' title="bbox 2140 5509 3717 5584; baseline 0.004 -24"><span class='ocrx_word' id='word_1_852' title='bbox 2140 5509 2277 5560; x_wconf 84' lang='grc' dir='ltr'>Τότε</span> <span class='ocrx_word' id='word_1_853' title='bbox 2303 5509 2727 5575; x_wconf 77' lang='grc' dir='ltr'>ὁμοιωθήσεται</span> <span class='ocrx_word' id='word_1_854' title='bbox 2755 5511 2792 5576; x_wconf 75' lang='grc' dir='ltr'>ἡ</span> <span class='ocrx_word' id='word_1_855' title='bbox 2810 5511 3119 5574; x_wconf 73' lang='grc' dir='ltr'>βασιλεία.</span> <span class='ocrx_word' id='word_1_856' title='bbox 3155 5515 3264 5565; x_wconf 76' lang='grc' dir='ltr'><strong><em>Καὶ</em></strong></span> <span class='ocrx_word' id='word_1_857' title='bbox 3294 5515 3464 5584; x_wconf 87' lang='grc' dir='ltr'>μυρία</span> <span class='ocrx_word' id='word_1_858' title='bbox 3496 5513 3717 5568; x_wconf 77' lang='grc' dir='ltr'>τοιαῦτα</span> 
     </span>
    </p>
   </div>
   <div class='ocr_carea' id='block_1_117' title="bbox 2134 5598 3719 5674">
    <p class='ocr_par' dir='ltr' id='par_1_117' title="bbox 2134 5598 3719 5674">
     <span class='ocr_line' id='line_1_117' title="bbox 2134 5598 3719 5674; baseline 0.003 -22"><span class='ocrx_word' id='word_1_859' title='bbox 2134 5598 2222 5652; x_wconf 77' lang='grc' dir='ltr'><strong><em>διὰ</em></strong></span> <span class='ocrx_word' id='word_1_860' title='bbox 2261 5599 2438 5669; x_wconf 77' lang='grc' dir='ltr'>πάσης</span> <span class='ocrx_word' id='word_1_861' title='bbox 2485 5603 2601 5656; x_wconf 78' lang='grc' dir='ltr'>ἔστι</span> <span class='ocrx_word' id='word_1_862' title='bbox 2638 5601 2858 5672; x_wconf 73' lang='grc' dir='ltr'>Γραφῆς</span> <span class='ocrx_word' id='word_1_863' title='bbox 2884 5604 2962 5664; x_wconf 81' lang='grc' dir='ltr'>εἰς</span> <span class='ocrx_word' id='word_1_864' title='bbox 3001 5603 3274 5669; x_wconf 78' lang='grc' dir='ltr'>ἀπόδειξιν</span> <span class='ocrx_word' id='word_1_865' title='bbox 3308 5604 3400 5656; x_wconf 78' lang='grc' dir='ltr'>τοῦ</span> <span class='ocrx_word' id='word_1_866' title='bbox 3425 5604 3719 5674; x_wconf 84' lang='grc' dir='ltr'>προκειμέ-</span> 
     </span>
    </p>
   </div>
   <div class='ocr_carea' id='block_1_118' title="bbox 2131 5691 3715 5766">
    <p class='ocr_par' dir='ltr' id='par_1_118' title="bbox 2131 5691 3715 5766">
     <span class='ocr_line' id='line_1_118' title="bbox 2131 5691 3715 5766; baseline 0.003 -23"><span class='ocrx_word' id='word_1_867' title='bbox 2131 5707 2223 5743; x_wconf 90' lang='grc' dir='ltr'><strong><em>νου</em></strong></span> <span class='ocrx_word' id='word_1_868' title='bbox 2263 5691 2480 5755; x_wconf 74' lang='grc' dir='ltr'>λαϐεῖν,</span> <span class='ocrx_word' id='word_1_869' title='bbox 2506 5692 2586 5744; x_wconf 84' lang='grc' dir='ltr'><strong><em>ὅτι</em></strong></span> <span class='ocrx_word' id='word_1_870' title='bbox 2631 5695 2743 5755; x_wconf 87' lang='grc' dir='ltr'>τοῖς</span> <span class='ocrx_word' id='word_1_871' title='bbox 2790 5693 3048 5756; x_wconf 80' lang='grc' dir='ltr'>τοιούτοις</span> <span class='ocrx_word' id='word_1_872' title='bbox 3071 5694 3164 5747; x_wconf 82' lang='grc' dir='ltr'>τοῦ</span> <span class='ocrx_word' id='word_1_873' title='bbox 3197 5695 3358 5765; x_wconf 90' lang='grc' dir='ltr'>λόγου</span> <span class='ocrx_word' id='word_1_874' title='bbox 3388 5697 3596 5766; x_wconf 88' lang='grc' dir='ltr'>μορίοις</span> <span class='ocrx_word' id='word_1_875' title='bbox 3625 5695 3715 5749; x_wconf 82' lang='grc' dir='ltr'><strong><em>τὸν</em></strong></span> 
     </span>
    </p>
   </div>
   <div class='ocr_carea' id='block_1_119' title="bbox 2131 5784 3715 5867">
    <p class='ocr_par' dir='ltr' id='par_1_119' title="bbox 2131 5784 3715 5867">
     <span class='ocr_line' id='line_1_119' title="bbox 2131 5784 3715 5867; baseline 0.003 -29"><span class='ocrx_word' id='word_1_876' title='bbox 2131 5784 2323 5854; x_wconf 89' lang='grc' dir='ltr'>χρόνον</span> <span class='ocrx_word' id='word_1_877' title='bbox 2379 5785 2794 5856; x_wconf 83' lang='grc' dir='ltr'>ἐπισημειοῦται</span> <span class='ocrx_word' id='word_1_878' title='bbox 2840 5786 2939 5856; x_wconf 79' lang='grc' dir='ltr'>τῆς</span> <span class='ocrx_word' id='word_1_879' title='bbox 2983 5787 3205 5859; x_wconf 82' lang='grc' dir='ltr'>Γραφῆς</span> <span class='ocrx_word' id='word_1_880' title='bbox 3255 5789 3290 5860; x_wconf 84' lang='grc' dir='ltr'><strong>ἡ</strong></span> <span class='ocrx_word' id='word_1_881' title='bbox 3325 5788 3600 5861; x_wconf 75' lang='grc' dir='ltr'>συνήθεια.</span> <span class='ocrx_word' id='word_1_882' title='bbox 3653 5788 3715 5867; x_wconf 62' lang='grc' dir='ltr'>εί</span> 
     </span>
    </p>
   </div>
  </div>
