4142 6374
447 437 553 496 817

1583 451 1862 508 CONTRA
1899 455 2288 524 EUNOMIUM,
2326 459 2452 516 LIB.
2495 454 2590 518 lit;

3615 471 3715 530 8l8

446 552 541 610 οὖν
567 553 756 626 χρόνος
791 555 891 608 οὐκ
933 551 1036 628 ἦν,
1069 559 1250 623 καθὼς
1278 561 1307 612 6
1347 562 1644 631 ἀντιλέγων
1691 567 2017 632 συντίθεται,

2132 577 2348 642 tempus
2392 575 2635 631 denotat.
2680 575 2738 632 Si
2779 579 2944 650 igitur
2986 587 3202 653 tempus
3247 599 3356 639 non
3386 576 3542 654 erat,
3569 588 3718 644 sicut

450 648 818 720 συνανῄρηται
849 651 1066 715 πάντως
1095 653 1238 725 καὶὴ
1261 670 1484 728 χρονικη
1519 659 1764 728 σημασία
1787 679 1799 690 ·
1826 661 2029 734 ταύτης

448 739 506 793 δὲ
535 741 608 812 μὴ
640 742 824 813 οὔσης,
856 743 916 796 τὸ
941 744 1110 800 ἀΐδιον
1134 746 1232 816 τῆς
1259 748 1465 810 ἐννοίας
1490 752 1631 804 κατὰ
1660 755 1840 806 πᾶσαν
1862 755 2028 824 ἀνάγ-

411 850 552 911 ικην
607 835 1096 890 ἁντεισελεύσεται·
1129 842 1195 910 τῇ
1241 839 1349 911 γὰρ
1390 841 1487 894 τοῦ
1533 843 1619 914 μὴ
1659 841 1810 900 εἶναι
1853 851 2024 919 φωνῇ.

389 925 406 938 ⁵
447 922 542 977 καὶ
577 922 642 976 τὸ
685 925 830 980 ποτὲ
878 928 1096 991 πάντως
1133 932 1589 988 συνυπακούεται.
1629 935 1692 987 Et
1726 937 1833 1008 γὰρ
1860 939 2028 1009 χωρὶς

445 1016 540 1071 τοῦ
579 1019 717 1073 ποτὲ
755 1019 815 1072 τὸ
847 1019 934 1088 μὴ
965 1017 1119 1074 εἶναι
1164 1021 1334 1090 λέγοι,
1367 1025 1489 1078 οὐδὲ
1536 1025 1631 1080 νῦν
1669 1022 1806 1080 εἶναι
1844 1028 2026 1084 δώσει.

448 1111 511 1164 Εἰ
541 1111 597 1164 δὲ
629 1112 690 1166 τὸ
719 1111 814 1166 νῦν
833 1114 1010 1190 ᾷιδοὺς
1040 1115 1175 1185 πρὸς
1203 1116 1266 1168 τὸ
1289 1116 1457 1170 ἀΐδιον
1491 1121 1775 1188 μάχονται,
1812 1121 2029 1185 πάντως

446 1205 509 1257 οὐ
530 1204 588 1257 τὸ
614 1204 843 1259 καθόλου
875 1205 951 1278 μὴ
993 1203 1153 1273 εἶναι,
1193 1208 1330 1262 ἀλλά
1367 1212 1426 1264 τό
1455 1229 1585 1264 ποτε
1639 1211 1710 1284 μὴ
1741 1209 1881 1266 εἶναι
1919 1214 2029 1268 δια-

446 1294 710 1366 νενόηται.
739 1296 852 1367 Τῆς
884 1297 942 1350 δὲ
974 1299 1160 1369 φωνῆς
1195 1300 1400 1371 ταύτης
1423 1303 1793 1358 ἀνυποστάτου
1822 1307 2029 1360 παντά-

446 1405 612 1441 πασιν
651 1388 838 1460 οὔσης,
887 1393 936 1444 εί
970 1392 1044 1463 μὴ
1088 1393 1221 1462 πρὸς
1249 1393 1348 1463 τὴν
1389 1394 1483 1448 τοῦ
1513 1396 1706 1465 χρόνου
1752 1399 2027 1468 σημασίαν

445 1471 719 1549 ὲρείδοιτο,
745 1481 968 1550 ἀνόητον
997 1481 1066 1536 ἂν
1091 1485 1176 1553 εἴη
1206 1485 1300 1537 καὶ
1324 1485 1552 1555 μάταιον
1578 1487 1640 1539 τὸ
1667 1490 1805 1558 μήτε
1838 1508 1891 1542 τι
1922 1491 2028 1560 πρὸ

444 1570 538 1623 τοῦ
571 1570 700 1624 Υἱοῦ
748 1568 887 1626 εἶναι
919 1573 1120 1643 λέγειν,
1160 1577 1296 1648 μήτε
1333 1577 1424 1630 τὸν
1455 1579 1686 1632 πάντοτε
1731 1581 1857 1634 Υίὺν
1886 1577 2027 1635 εἶναι

445 1664 896 1728 κατασκευάζειν.
942 1667 1004 1719 El
1041 1666 1151 1738 γὰρ
1205 1668 1346 1740 μήτε
1398 1669 1582 1735 τόπος,
1621 1673 1758 1743 μήτε
1813 1673 2025 1744 χρόνος,

446 1755 584 1825 μήτε
622 1772 705 1819 τις
743 1755 904 1826 ἑτέρα
959 1757 1137 1822 κτίσις
1177 1761 1358 1824 ἐστὶν,
1391 1762 1449 1815 ὲν
1567 1764 1668 1816 οὐκ
1709 1764 1857 1818 ἔστιν
1898 1768 1926 1818 6
1970 1773 2027 1822 ὲν

442 1848 584 1918 ἀρχῇ
608 1845 682 1900 ὣν
705 1847 876 1916 Λόγος
898 1888 914 1914 ,
941 1851 1276 1923 πανταχόθεν
1313 1853 1406 1906 τοῦ
1438 1854 1707 1926 δόγματος
1740 1857 1842 1926 τῆς
1877 1859 2024 1911 εύσεο

441 1937 595 2002 ὁείας
629 1938 911 2010 ἐξῄρηται,
933 1941 994 1994 τό
1025 1959 1155 1994 ποτε
1189 1943 1262 2014 μὴ
1291 1939 1429 1996 εἶναι
1466 1946 1555 1998 τὸν
1608 1946 1830 2017 Κύριον.
1877 1949 2020 2002 06x-

441 2029 536 2083 οὖν
560 2031 655 2100 οὐχ
676 2034 830 2102 ἡμῖν,
863 2031 977 2086 ἀλλ’
1009 2034 1550 2106 έαυτῷηδιαμάχεται,
1576 2039 1604 2091 6
1630 2039 1722 2091 καὶ
1770 2038 1843 2110 μὴ
1887 2035 2026 2094 εἶναι

442 2121 538 2175 καὶ
588 2118 726 2176 εἶναι
779 2123 869 2178 τὸν
903 2125 1184 2196 Μονογενῆ
1227 2127 1588 2197 δογματίζων.
1646 2131 1737 2183 Ἐν
1788 2131 1897 2202 γὰρ
1948 2133 2026 2204 τῷ

440 2214 722 2283 ὁμολογεῖν
741 2216 929 2286 μηδενὶ
955 2217 1054 2287 τὴν
1074 2217 1165 2270 τοῦ
1197 2217 1327 2272 Υίοῢ
1358 2219 1495 2290 πρὸς
1514 2221 1606 2274 τὸν
1636 2223 1860 2295 Πατέρα
1889 2225 2026 2279 διαι-

445 2306 654 2376 ρεῖσθαι
697 2307 1012 2376 συνάφειαν,
1041 2307 1100 2361 τὸ
1135 2309 1312 2364 ἀΐδιον
1345 2310 1494 2382 αὐτῷ
1531 2312 1748 2377 πάντως
1785 2333 2030 2386 προσμε-

445 2398 816 2468 μαρτύρηκεν.
846 2399 909 2452 Εί
944 2399 1000 2452 δὲ
1030 2401 1088 2453 ὲν
1123 2400 1235 2472 τῷ.
1253 2402 1428 2472 Πατρὶ
1459 2402 1607 2472 λέγοι
1650 2405 1724 2476 μὴ
1755 2402 1894 2460 εἶναι
1933 2407 2025 2462 τὸν

442 2489 592 2553 Υἱδν,
616 2489 692 2560 τῷ
726 2491 953 2562 τοιούτῳ
992 2491 1136 2562 λόγῳ
1166 2492 1264 2545 οὐκ
1312 2494 1647 2566 ἀντεροῦμεν
1677 2498 1851 2564 αὐτοὶ,
1889 2499 2024 2555 ἀλλὰ

439 2583 538 2652 τὴν
583 2582 808 2653 Γραφὴν
861 2582 1243 2654 ἁντιθήσομεν,
1267 2586 1300 2654 ἦ
1342 2604 1527 2657 φησιν,
1553 2590 1610 2640 ὲν
1643 2582 1721 2659 τῷ
1760 2591 1934 2662 Πατρί
1964 2609 2022 2645 τε

440 2669 580 2726 εἶναι
614 2673 705 2726 τὸν
733 2675 880 2739 Υίὺν,
912 2677 1004 2729 καὶ
1034 2679 1091 2729 ὲν
1128 2677 1206 2746 τῷ
1242 2677 1358 2748 Υίῷ
1395 2678 1485 2731 τὸν
1515 2681 1733 2751 Πατέρα
1755 2696 1769 2711 ’
1804 2684 1867 2738 τὸ
1893 2681 2024 2736 ποτὲ

439 2763 474 2832 ἦ
510 2765 633 2828 ὅτε,
673 2765 705 2835 ἢ
745 2765 865 2818 τότε
887 2809 901 2830 ,
947 2767 1020 2837 μὴ
1067 2767 1420 2836 προστιθεῖσα
1456 2768 1536 2838 τῷ
1566 2770 1739 2840 λόγῳ,
1771 2771 1909 2825 ἀλλὰ
1955 2777 2021 2845 τῇ

440 2859 752 2928 ἂπυφατικῇ
781 2859 956 2929 ταύτῃ
985 2860 1078 2911 καὶ
1121 2860 1372 2930 ἁπολύτῳ
1407 2863 1580 2932 φωνῇ,
1615 2862 1676 2915 τὺ
1724 2863 1892 2917 ἀΐδιον
1926 2866 2023 2918 αὺ-

437 2951 516 3021 τῷ
559 2953 972 3022 μαρτυρήσασα.
1001 2951 1074 3003 Τὸ
1103 2951 1158 3004 δὲ
1206 2953 1632 3018 κατασκευάζειν
1664 2955 1824 3007 αὑτὸν
1865 2957 2023 3024 ἀγέν-

437 3059 596 3114 νητον
631 3046 759 3114 παρ’
781 3045 812 3114 ή
824 3042 938 3112 μῶν
975 3042 1224 3111 λέγεσθαι
1265 3043 1355 3096 τὸν
1396 3045 1677 3114 Μονογενῆ
1709 3045 1876 3110 Θεὸν,
1905 3042 2022 3099 ἶσόν

437 3135 554 3187 ἐστι
591 3132 668 3202 τῷ
699 3132 875 3200 λέγειν
924 3133 1006 3184 ὅτι
1063 3132 1155 3184 καὶ
1187 3132 1442 3201 γεννητὸν
1477 3127 1614 3184 εἶναι
1659 3132 1751 3184 τὸν
1800 3133 2021 3202 Πατέρα

2131 663 2486 720 refractarios
2515 669 2828 735 assentitur,
2860 671 3110 728 funditus
3141 674 3304 728 simul
3333 676 3542 732 tollitur
3572 685 3711 733 tem-

2129 759 2333 828 poralis
2386 760 2732 829 signiﬁcatio,
2782 778 2888 833 qua
2919 765 3154 832 sublata,
3193 769 3472 825 atternitas
3523 786 3718 826 neces-

2129 851 2278 904 sario
2327 853 2551 905 omnino
2587 853 2753 906 menti
2788 861 2843 908 et
2887 854 3202 924 cogitationi
3257 871 3531 915 occurret.
3576 859 3714 915 Voci

2129 944 2297 1004 enim,
2342 958 2445 995 non
2483 959 2615 1008 esse,
2655 958 2757 998 vox
2798 944 2911 1009 illa,
2959 947 3199 1018 quando,
3249 965 3477 1019 prorsus
3516 953 3720 1006 subau-

2129 1032 2296 1086 ditur.
2329 1033 2384 1086 Si
2405 1035 2550 1089 enim
2578 1037 2784 1106 absque
2809 1037 2911 1092 hac
2934 1040 3203 1106 particula
3228 1042 3440 1110 quando
3466 1058 3573 1096 non
3595 1058 3717 1098 esse

2130 1123 2357 1188 diceret,
2392 1140 2569 1194 neque
2594 1142 2740 1181 nunc
2784 1143 2908 1182 esse
2937 1127 3114 1183 daret.
3152 1127 3210 1182 Si
3234 1131 3378 1184 enim
3412 1147 3558 1185 nunc
3577 1131 3716 1185 dans

2131 1225 2255 1264 cum
2285 1221 2491 1266 aeterno
2523 1226 2747 1283 pugnat,
2776 1231 3005 1284 prorsus
3037 1234 3151 1271 non
3178 1219 3234 1273 in
3266 1219 3582 1275 universum
3607 1237 3717 1274 non

2129 1317 2272 1367 esse,
2327 1304 2424 1358 sed
2458 1306 2752 1375 aliquando
2785 1323 2894 1362 non
2937 1309 3132 1376 fuisse,
3190 1312 3539 1382 intelligitur.
3579 1311 3716 1366 Cum

2129 1403 2309 1447 autem
2349 1395 2464 1449 haec
2497 1412 2600 1449 vox
2633 1398 2784 1452 nullo
2812 1400 2974 1455 modo
3005 1402 3178 1472 possit
3227 1402 3552 1469 subsistere,
3608 1402 3716 1457 nisi

2131 1487 2393 1556 temporis
2425 1487 2794 1557 signiﬁcantia
2844 1492 3034 1546 innixa
3067 1493 3334 1559 ﬁrmetur,
3389 1495 3617 1549 stultum
3663 1502 3718 1547 et

2129 1596 2329 1635 vanum
2363 1597 2536 1650 neque
2567 1583 2698 1650 quid
2746 1591 2875 1638 ante
2901 1582 3100 1638 Filium
3129 1601 3252 1640 esse
3297 1585 3504 1648 dicere,
3541 1601 3718 1655 neque

2129 1688 2344 1743 semper
2371 1671 2566 1726 Filium
2610 1688 2733 1728 esse
2768 1685 3036 1730 astruere.
3079 1675 3214 1730 Nam
3258 1677 3304 1732 si
3332 1693 3511 1747 neque
3540 1678 3715 1741 locus,

2129 1778 2306 1833 neque
2344 1772 2580 1834 tempus,
2619 1780 2796 1836 neque
2824 1767 2934 1820 ulla
2964 1776 3217 1822 creatura
3264 1776 3349 1822 est
3378 1769 3484 1822 alia
3513 1767 3567 1822 in
3608 1783 3716 1837 qua

2133 1872 2240 1908 non
2288 1865 2372 1911 est
2410 1859 2501 1926 qui
2549 1859 2603 1912 in
2652 1860 2924 1929 principio
2965 1869 3082 1914 erat
3118 1858 3376 1924 Verbum,
3411 1860 3650 1930 undique
3686 1875 3718 1912 e

2130 1947 2384 2016 dogmate
2440 1948 2660 2016 pietatis
2710 1957 3020 2018 exemptum
3057 1957 3140 2002 est
3189 1948 3315 2014 hoc,
3373 1964 3567 2018 nempe
3612 1951 3716 2004 ali-

2129 2037 2350 2107 quando
2385 2053 2496 2092 non
2527 2038 2698 2096 fuisse
2725 2038 3037 2093 Dominum.
3071 2038 3190 2093 Non
3217 2040 3384 2109 igitur
3411 2041 3588 2104 nobis,
3619 2044 3716 2098 sed

2129 2130 2233 2184 sibi
2282 2131 2384 2200 ipsi
2412 2138 2701 2202 repugnat,
2744 2131 2837 2201 qui
2872 2140 2926 2183 et
2964 2145 3074 2184 non
3105 2146 3249 2192 esse,
3283 2137 3337 2184 et
3378 2145 3501 2186 esse
3529 2133 3710 2189 docet.

2126 2223 2262 2277 Nam
2303 2222 2435 2277 dum
2476 2225 2791 2288 confitetur,
2845 2223 2996 2276 nullo
3025 2223 3206 2277 medio
3234 2221 3359 2278 Filii
3396 2239 3522 2279 cum
3554 2223 3716 2281 Patre

2126 2319 2524 2374 connexionem
2584 2317 2777 2382 dividi,
2829 2318 2880 2373 ei
2946 2315 3172 2370 omnino
3236 2331 3338 2370 suo
3395 2317 3715 2371 testimonio

2126 2419 2390 2465 aeternum
2419 2409 2686 2463 attribuit.
2730 2409 2885 2474 Quod
2913 2409 2957 2464 si
2996 2408 3048 2460 in
3087 2407 3249 2462 Patre
3276 2407 3420 2461 dicat
3460 2423 3567 2460 non
3593 2422 3717 2462 esse

2127 2501 2348 2565 Filium,
2393 2503 2487 2555 tali
2524 2502 2766 2556 sermoni
2811 2517 2920 2556 non
2955 2501 3058 2570 ipsi
3097 2513 3199 2552 nos
3246 2498 3711 2562 contradiccmus,

2127 2595 2221 2651 sed
2255 2594 2594 2664 Scripturam
2650 2609 3010 2662 Opponemus,
3050 2606 3172 2660 quae
3217 2590 3414 2644 asserit
3469 2590 3522 2642 in
3555 2587 3714 2642 Patre

2125 2705 2249 2743 esse
2277 2686 2496 2749 Filium,
2537 2695 2591 2741 et
2641 2687 2694 2740 in
2743 2684 2881 2738 Filio
2925 2684 3178 2739 Patrem:
3232 2683 3558 2753 particulam
3614 2684 3714 2736 ali-

2125 2779 2364 2850 quando,
2405 2780 2486 2833 vel
2535 2779 2777 2846 quando,
2826 2778 2909 2830 vel
2944 2785 3096 2838 tunc,
3132 2775 3368 2828 orationi
3415 2789 3523 2827 non
3567 2774 3708 2842 adji-

2125 2872 2300 2929 cicus.
2323 2873 2415 2924 sed
2450 2872 2549 2923 hac
2579 2869 2898 2921 atlirmativa
2926 2875 2980 2922 et
3012 2866 3262 2921 absoluta
3294 2881 3423 2918 voce
3447 2872 3711 2917 aeternum

2127 2963 2228 3031 ipsi
2259 2964 2567 3031 assignans.
2599 2960 2753 3025 Quod
2779 2967 2958 3012 autem
2983 2957 3101 3027 ipse
3159 2957 3378 3020 astruit,
3409 2954 3710 3025 ingenitum

2125 3071 2155 3108 a
2207 3055 2363 3108 noli-.5
2401 3053 2752 3122 Unigeuitum
2790 3050 2957 3104 Deum
3004 3049 3139 3110 dici,
3171 3049 3381 3117 aequale
3417 3055 3502 3100 est
3550 3062 3612 3100 ac
3665 3046 3711 3100 si

2125 3147 2290 3210 dicat,
2340 3147 2482 3215 quod
2526 3148 2690 3198 etiam
2728 3144 2939 3196 Patrem
2973 3143 3215 3213 genitum
3247 3157 3366 3196 esse
3398 3141 3709 3194 dctinimns.

435 3225 804 3296 διοριζόμεθα.
864 3225 976 3296 Τῆς
1015 3223 1123 3296 γὰρ
1179 3224 1349 3294 αὐτῆς
1401 3223 1650 3288 ἀτοπίας,
1709 3223 1907 3292 μᾶλλον
1965 3223 2019 3276 δὲ

2131 3237 2384 3306 Ejusdem
2426 3237 2569 3291 enim
2606 3233 2986 3297 absurditatis,
3021 3233 3104 3286 vel
3148 3232 3330 3301 potius
3364 3231 3715 3301 blasphemia:

439 3315 787 3386 βλασφημίας
842 3315 1122 3384 ἑκάτερον.
1181 3313 1346 3366 Ὥστε
1401 3314 1449 3364 εί
1518 3312 1615 3382 μὲν
1670 3315 2022 3381 συκοφαντεῖν

437 3408 663 3476 ἔγνωκε,
696 3403 1032 3476 προστιθέτω
1069 3403 1164 3456 κοιλ⁵
1213 3403 1272 3456 τὸ
1305 3402 1490 3474 ἕτερον
1524 3401 1775 3473 ἔγκλημα
1796 3443 1809 3464 ,
1855 3401 2021 3472 μηδε-

439 3500 530 3562 νὸς
557 3499 888 3570 φειδόμενος,
906 3498 972 3552 δι’
1005 3491 1079 3552 ὧν
1115 3497 1182 3551 ἂν
1274 3496 1498 3550 δυνατὸν
1527 3495 1907 3566 χαλεπώτερον
1934 3497 2024 3548 ὲκ-

435 3595 724 3664 τραχύνειν
752 3592 869 3644 καθ’
896 3591 1052 3662 ἡμῶν
1075 3590 1206 3654 τοὺς
1241 3589 1557 3651 ἀκούοντας.
1585 3589 1647 3640 Ei
1677 3589 1732 3641 δὲ
1761 3589 1818 3641 τὸ
1836 3589 1920 3641 έτε
1931 3604 2021 3658 ρον

437 3686 640 3739 τούτων
661 3683 750 3737 διὰ
777 3683 838 3736 τὸ
868 3681 1166 3751 περιφανὲς
1190 3681 1289 3750 τῆς
1318 3677 1678 3747 συκοφαντίας
1707 3679 1806 3732 ούκ
1841 3679 2021 3732 αἰτιᾶ-

438 3796 551 3842 ται,
585 3775 789 3845 ἀφιέτω
834 3775 929 3828 καὶ
977 3774 1037 3826 τό
1075 3773 1392 3842 λειπόμενον
1417 3789 1430 3802 ο
1456 3765 1572 3824 ἴσον
1618 3770 1726 3840 γὰρ
1777 3772 1856 3834 είς
1895 3770 2024 3824 ἀσέ-

441 3872 593 3922 ϐειαν
626 3867 806 3930 καθὼς
843 3867 1055 3937 εἴρηται
1084 3866 1178 3918 καὶ
1203 3864 1293 3916 τὸν
1323 3863 1448 3916 Υἱὸν
1484 3864 1776 3932 ἀγέννητον
1816 3861 2020 3929 λέγειν,

439 3962 474 4033 ἢ
516 3962 611 4015 καὶ
633 3958 890 4030 γεννητὸν
913 3959 1002 4011 τὸν
1033 3957 1274 4027 Πατέρα.

514 4055 575 4107 Ei
609 4053 706 4123 μὲν
738 4048 831 4105 οὖν
872 4049 1181 4121 εὑρίσκεταί
1205 4065 1290 4111 τις
1329 4048 1386 4098 ὲν
1427 4049 1538 4109 τοῖς
1564 4048 1694 4116 παρ’
1737 4045 1893 4117 ἡμῶν
1925 4062 2022 4113 γε-

443 4146 782 4216 γραμμένοις
810 4144 960 4214 φωνὴ
1008 4143 1251 4212 τοιαύτη,
1293 4140 1359 4194 δι’
1389 4135 1458 4212 ἦς
1499 4140 1793 4210 ἁγέννητος
1837 4142 1865 4192 6
1893 4139 2024 4203 Υἱὸς

442 4237 786 4306 ὀνομάζεται,
835 4235 958 4288 καθ’
998 4232 1153 4304 ἡμῶν
1193 4234 1370 4286 αὐτῶν
1415 4233 1512 4303 τὴν
1564 4232 1800 4302 ἐσχάτην
1841 4231 2024 4302 ψῆφον

443 4332 744 4399 ἐξοίσομεν.
771 4331 833 4382 Et
858 4328 915 4382 δὲ
941 4327 1153 4397 ψευδεῖς
1198 4328 1377 4388 αἰτίας
1403 4343 1460 4378 τε
1512 4327 1607 4378 καὶ
1651 4325 2023 4394 συκοφαντίας

443 4425 562 4476 κατ’
584 4421 831 4485 ἐξουσίαν
860 4419 1222 4489 συμπλάσσει,
1251 4407 1524 4470 τὸδοκοῦν
1555 4416 1646 4468 ἐπὶ
1672 4415 1892 4488 διαϐολῇ
1913 4417 2020 4469 τῶν

443 4515 564 4568 καθ’
599 4515 747 4583 ἡμᾶς
774 4513 1058 4581 δογμάτων
1082 4509 1401 4580 λογοποιῶν,
1433 4508 1630 4577 γένοιτ’
1659 4509 1724 4562 ἂν
1750 4507 1880 4571 ἴσως
1908 4511 2020 4573 τοῖς

2129 3341 2440 3399 utrumque.
2489 3329 2670 3394 Quare
2698 3327 2986 3398 siquidem
3033 3327 3184 3379 novit
3225 3325 3572 3386 calumniari,
3612 3323 3712 3376 ad-

2124 3425 2280 3494 jiciat
2303 3434 2356 3476 ct
2391 3424 2621 3477 alterum
2651 3425 2858 3477 crimen
2890 3420 3026 3474 nihil
3060 3420 3358 3490 parcendo,
3401 3433 3510 3488 quo
3540 3419 3713 3488 possit

2131 3517 2386 3571 acerbius
2417 3530 2744 3583 exasperare
2770 3523 2963 3572 contra
2998 3528 3097 3567 nos
3138 3511 3438 3566 auditores.
3479 3510 3632 3577 Quod
3663 3510 3709 3566 si

2131 3607 2324 3659 horum
2341 3605 2588 3666 alterius,
2607 3603 2733 3672 quia
2759 3603 2830 3658 sit
2848 3603 3134 3656 nianitesta
3159 3603 3453 3665 calumnia,
3479 3617 3580 3656 nos
3603 3615 3712 3654 non

2131 3703 2373 3757 accusat,
2434 3694 2665 3746 alterum
2727 3694 2890 3748 etiam
2949 3691 3096 3761 quod
3149 3699 3402 3761 superest
3450 3691 3710 3744 dimittat.

2129 3784 2382 3854 Aiqualis
2405 3786 2549 3839 enim
2581 3793 2663 3839 est
2687 3784 2958 3852 impietas,
2993 3785 3136 3837 sicut
3159 3784 3360 3836 dictum
3391 3780 3711 3842 est,Filium

2131 3876 2430 3945 ingenitum
2469 3876 2673 3937 dicere,
2709 3874 2788 3927 vel
2825 3873 2989 3925 etiam
3025 3871 3239 3926 Patrem
3270 3877 3531 3943 genitura.

2203 4051 2263 4106 Si
2291 4053 2456 4122 igitur
2489 4051 2670 4117 aliqua
2722 4049 2774 4102 in
2810 4050 3013 4104 nostris
3051 4049 3273 4118 scriptis
3326 4063 3428 4102 vox
3463 4047 3588 4103 talis
3623 4048 3710 4102 in-

2127 4152 2364 4212 venitur,
2410 4163 2517 4217 qua
2572 4145 2745 4200 Filius
2799 4147 3078 4216 ingenitus
3128 4146 3464 4209 nominetur,
3513 4153 3710 4198 contra

2129 4257 2230 4295 nos
2268 4249 2570 4294 extremum
2603 4236 2873 4291 calculum
2905 4237 3245 4290 emittemus.
3281 4233 3435 4300 Quod
3463 4233 3506 4287 si
3531 4232 3704 4287 falsas

2130 4330 2512 4383 accusationes
2573 4336 2628 4380 et
2666 4326 2974 4379 calumnias
3039 4326 3106 4378 ad
3163 4325 3376 4377 libitum
3420 4323 3703 4391 contingit,

2131 4422 2398 4491 quidlibet
2455 4421 2508 4472 in
2584 4429 2900 4474 nostrorum
2971 4416 3317 4470 decretorum
3374 4416 3706 4469 calumniam

2129 4513 2510 4575 conscribens,
2547 4511 2781 4565 fortasse
2817 4510 2957 4580 apud
3000 4510 3321 4576 prudentes,
3369 4515 3423 4561 et
3457 4508 3570 4560 haec
3605 4523 3707 4560 no-

441 4627 504 4676 γε
531 4608 656 4662 νοῦν
686 4607 866 4676 ἔχουσι
908 4607 1002 4659 καὶ
1030 4604 1171 4674 αὕτη
1205 4605 1302 4674 τῆς
1327 4605 1386 4655 ἐν
1424 4605 1556 4673 ἡμῖν
1581 4601 1863 4664 εὐσεϐείας
1887 4601 2022 4654 ἁπό-

2130 4617 2258 4662 strae
2291 4606 2507 4676 pietatis
2539 4603 2700 4658 fuerit
2727 4602 3145 4657 demonstratio.
3174 4599 3313 4666 Quia
3335 4599 3565 4653 veritate
3602 4614 3700 4667 pro

441 4702 624 4768 δειξις.
665 4702 786 4753 ’Ότι
824 4701 924 4769 τῆς
967 4697 1224 4770 ἀληθείας
1271 4697 1428 4768 ἡμῶν
1476 4693 1918 4766 ὑπερμαχούσης,
1964 4693 2026 4746 τὸ

441 4790 635 4861 ψεῦδος
668 4792 746 4854 είς
775 4789 1106 4861 κατηγορίαν
1135 4789 1227 4843 τοῦ
1265 4789 1535 4860 δόγματος
1576 4789 1734 4860 ἡμῶν
1760 4789 2026 4859 προεστή-

445 4901 594 4948 σατο,
630 4881 916 4952 ἀλλοτρίαν
963 4881 1057 4934 τοῦ
1089 4881 1358 4952 ἡμετέρου
1407 4881 1564 4948 λόγου
1600 4880 2025 4943 κατασκευάζων

442 4975 539 5046 τὴν
587 4975 684 5044 τῆς
730 4974 982 5037 ἀσεϐείαις
1029 4974 1264 5044 γραφήν.
1307 4974 1444 5026 Ἀλλ’
1480 4973 1628 5026 ἔστιν
1672 4975 1729 5026 ἐν
1773 4974 2024 5044 συντόμῳ

445 5069 580 5136 πρὸς
603 5067 699 5130 τὰς
721 5067 897 5130 αἰτίας
914 5065 1115 5128 ταύτας
1135 5065 1594 5134 ἀπολογήσασθαι.
1626 5067 1714 5128 Ὧς
1733 5066 1841 5136 γὰρ
1863 5067 2025 5137 ἡμεῖς

442 5159 534 5211 τὸν
559 5159 852 5229 ἀγέννητον
878 5153 1017 5212 εἷναι
1060 5157 1286 5226 λέγοντα
1314 5159 1405 5210 τὸν
1443 5159 1702 5228 μονογενῆ
1738 5157 1870 5211 Θεὸν
1899 5159 2026 5211 ἐπά-

446 5269 606 5322 ρατον
655 5250 934 5323 κρίνομεν,
985 5250 1128 5304 οὕτω
1181 5252 1428 5310 κάκεῖνος
1473 5249 1768 5319 ἐπαράσθω
1801 5248 1892 5302 τὸν
1950 5249 2024 5320 μὴ

445 5342 587 5398 εἷναί
630 5363 759 5398 ποτε
783 5345 874 5398 τὸν
919 5345 977 5396 ἐν
1021 5346 1159 5414 ἀρχῇ
1189 5345 1318 5397 ὄντα
1367 5342 1748 5413 διοριζόμενος.
1792 5341 1886 5394 Ἐκ
1915 5341 2024 5412 γὰρ

443 5436 536 5489 τοῦ
562 5436 803 5490 τοιούτου
828 5436 1168 5507 δειχθήσεται
1187 5435 1411 5506 τρόπου,
1439 5435 1468 5487 ὃ
1489 5450 1550 5486 τε
1580 5433 1722 5486 κατὰ
1742 5431 2020 5500 ἀλήθειαν,

446 5530 541 5583 καὶ
571 5530 598 5580 6
627 5529 1036 5597 συκοφαντικῶς
1061 5528 1159 5590 τὰς
1194 5527 1373 5589 αἰτίας
1401 5526 1642 5593 ἐπάγων.
1678 5525 1741 5577 Εί
1774 5524 1832 5577 δὲ
1861 5525 2023 5593 ἡμεῖς

447 5620 757 5690 ἀρνούμεθα
783 5619 852 5672 τὰ
872 5619 1037 5688 ὲγκλή
1048 5637 1210 5689 ματα,
1242 5619 1336 5671 κα)⁵
1361 5617 1501 5670 Πατέ
1512 5635 1577 5688 ρα
1603 5616 1873 5684 λέγοντες,
1896 5614 2024 5666 Υίὸν

445 5713 511 5780 τῇ
546 5714 694 5783 φωνῇ
729 5711 1166 5781 συνεπινοοῦμεν,
1199 5712 1292 5762 καὶ
1339 5711 1464 5763 Υίὸν
1489 5710 1873 5778 ὀνομάσαντες,
1899 5707 2026 5778 ἀλη-

453 5799 556 5866 Ἱῶς
591 5800 729 5857 εἶναί
769 5821 948 5873 φαμεν
985 5803 1014 5856 ὃ
1054 5803 1291 5871 λέγεται,
1319 5801 1590 5872 γεννητῶς
1616 5803 1680 5854 ὲκ
1723 5801 1817 5853 τοῦ
1861 5801 2020 5869 άγεν⁸

448 5897 608 5966 νήτου
639 5895 812 5964 φωτὸς
849 5895 1289 5965 ἁπαυγοισθέντα,
1329 5895 1443 5959 πῶς
1481 5895 1542 5950 οὐ
1577 5892 1838 5965 πρόδηλος
1869 5894 1902 5962 ἡ
1934 5909 2025 5946 συ-

2129 4701 2285 4754 nobis
2318 4705 2714 4769 propugnante,
2752 4696 3100 4750 mendacium
3134 4695 3186 4748 in
3222 4694 3395 4748 nostri
3431 4693 3706 4760 dogmatis

2127 4794 2534 4848 accusationem
2567 4793 2618 4844 in
2651 4791 2889 4845 medium
2915 4789 3166 4858 protulit,
3189 4789 3420 4840 alienam
3450 4802 3478 4838 a
3515 4797 3708 4840 nostro

2126 4902 2382 4944 sermone
2440 4883 2741 4952 impietatis
2799 4883 3132 4953 scripturam
3196 4889 3546 4935 construens.
3600 4881 3706 4934 Sed

2127 4982 2393 5035 adversus
2430 4982 2528 5033 has
2557 4976 2976 5033 criminationes
3024 4974 3214 5044 paucis
3249 4973 3430 5028 verbis
3459 4973 3588 5028 licet
3615 4974 3712 5026 de-

2129 5072 2372 5128 fendere.
2400 5069 2471 5124 Ut
2503 5069 2648 5124 enim
2698 5083 2798 5122 nos
2829 5067 3133 5136 ingenitum
3187 5081 3310 5120 esse
3351 5063 3707 5135 Unigenitum

2129 5165 2300 5220 Deum
2333 5164 2426 5234 qui
2469 5168 2737 5222 autumat,
2770 5175 2895 5214 eum
2930 5158 3327 5213 exsecrabilem
3369 5157 3708 5226 judicamus.

2128 5261 2210 5314 sic
2227 5267 2280 5314 et
2299 5259 2388 5313 ille
2405 5254 2790 5311 abominabilis
2808 5261 2946 5318 esto,
2967 5252 3062 5322 qui
3089 5267 3197 5306 non
3229 5251 3402 5306 fuisse
3414 5249 3711 5318 aliquando

2127 5367 2252 5407 eum
2288 5350 2381 5421 qui
2411 5357 2530 5404 erat
2557 5348 2611 5402 in
2646 5345 2916 5416 principio
2951 5344 3302 5399 determinat.
3351 5339 3486 5395 Nam
3518 5341 3708 5394 eodem

2129 5441 2289 5493 modo
2313 5436 2797 5498 demoustrabitur,
2829 5434 3033 5503 quique
3065 5429 3368 5487 secundum
3401 5429 3710 5490 veritatem,

2129 5541 2182 5586 et
2213 5531 2306 5601 qui
2339 5529 2678 5584 calumniose
2712 5526 3128 5580 criminationes
3174 5523 3414 5578 inducit.
3456 5522 3615 5588 Quod
3662 5522 3708 5577 si

2129 5640 2231 5679 nos
2263 5623 2570 5677 inliciamur
2603 5619 2858 5682 crimina,
2903 5627 2959 5672 et
2988 5617 3201 5671 Patrem
3238 5616 3506 5681 dicentes,
3543 5615 3708 5669 simul

2129 5717 2295 5773 etiam
2326 5714 2522 5768 Filium
2547 5713 2652 5768 hac
2682 5727 2814 5768 voce
2837 5720 3016 5765 mente
3038 5709 3403 5777 concipimus,
3426 5715 3481 5761 et
3510 5705 3707 5760 Filium

2130 5810 2499 5870 nominantes,
2565 5821 2695 5862 vere
2725 5819 2850 5859 esse
2891 5803 3127 5858 dicimus
3190 5802 3240 5855 id
3285 5800 3434 5872 quod
3478 5801 3706 5864 dicitur,

2135 5915 2229 5961 per
2267 5897 2486 5953 modum
2514 5894 2881 5965 generationis
2909 5893 2976 5947 ab
3011 5892 3252 5960 ingenita
3287 5891 3409 5946 luce
3438 5889 3704 5957 effulgen-
