4142 6374
449 364 552 418 MO

1782 361 1838 417 S.
1871 357 2199 415 GRECORII
2242 355 2540 412 NYSSENI

3626 347 3735 406 820

450 490 579 539 nam,
607 478 883 548 quomodo
924 494 1035 533 non
1060 481 1381 550 propalatur
1412 481 1686 535 calumnia
1718 496 1909 535 eorum
1938 480 2028 548 qui

2159 477 2402 547 ιοφαντία
2436 476 2547 528 τῶν
2588 474 2885 545 ἀγέννητον
2915 472 3096 540 λέγειν
3129 471 3279 541 ἡμᾶς
3320 469 3409 523 τὸν
3448 468 3726 538 Μονογενῆ

452 570 800 640 Unigenitum
839 570 1142 641 ingenitum
1188 588 1288 627 nos
1340 573 1525 628 dicere
1565 572 2032 643 divul’ganHNou

451 674 630 718 tamen
686 666 946 733 quoniam
1005 680 1100 735 per
1149 665 1374 719 modum
1423 666 1795 735 generationis
1856 666 2033 735 ipsum

448 763 571 801 esse
603 748 864 815 dicimus,
904 766 1029 803 eum
1063 764 1172 803 non
1210 749 1381 806 fuisse
1427 750 1725 820 aliquando
1786 764 1882 821 per
1933 751 2037 804 hoc

450 840 903 908 approbabinius.
937 839 1073 906 Quis
1096 841 1242 894 enim
1281 840 1459 894 nescit
1500 840 1877 894 immediatam
1911 856 2037 895 esse

451 933 755 988 secundum
796 934 1165 1003 signiﬁcatum
1199 936 1652 989 contrarietatem
1680 936 1823 991 entis
1842 944 1897 989 et
1928 951 2034 990 non

451 1024 727 1080 cntis?lta
765 1034 823 1080 ut
849 1028 1079 1083 alterius
1136 1029 1405 1083 dictorum
1437 1029 1726 1083 atlirmalio
1771 1030 2035 1083 contrarii

454 1132 685 1184 prorsus
714 1118 787 1173 sit
817 1120 1060 1188 negatio.
1105 1118 1169 1172 Et
1200 1120 1664 1189 quemadmodum
1699 1136 1845 1184 esse.
1893 1122 2036 1176 idem

455 1220 557 1265 est.
597 1226 690 1278 per
719 1226 881 1265 omne
910 1218 1147 1281 tempus,
1192 1214 1245 1265 in
1277 1229 1389 1282 quo
1418 1213 1640 1283 quidem
1672 1213 1873 1282 aliquis
1909 1213 2039 1268 sub-

459 1302 657 1356 sistere
702 1301 837 1371 quid
879 1318 1071 1357 eorum
1121 1320 1244 1374 quae
1288 1313 1437 1368 sunt,
1490 1306 1885 1375 supposuerit:
1926 1318 2036 1359 non

457 1396 600 1448 enim
638 1397 810 1465 magis
852 1412 998 1450 nunc
1038 1405 1123 1452 est
1170 1398 1371 1452 carl‘um
1416 1410 1469 1453 et
1497 1400 1705 1463 sidera,
1741 1408 1796 1453 et
1830 1399 1934 1465 sol,
1985 1409 2041 1454 et

459 1488 665 1560 reliqua
698 1504 887 1544 eorum
919 1506 1042 1561 qua:
1076 1499 1226 1555 sunt,
1257 1506 1419 1560 quam
1471 1492 1583 1547 heri
1620 1500 1674 1546 et
1718 1493 2039 1547 nudiuster—

460 1582 589 1643 tius,
621 1593 783 1651 alque
815 1583 869 1635 in
920 1582 1069 1636 omni
1114 1583 1475 1639 antecedente
1524 1593 1803 1655 tempore:
1848 1583 2039 1640 eodem

460 1674 623 1728 modo
670 1674 1039 1745 signiﬁcatum
1097 1676 1219 1746 ejus
1284 1676 1432 1746 quod
1482 1678 1683 1731 dicitur
1735 1695 1841 1731 non
1894 1695 2039 1744 esse,

461 1783 679 1837 semper
698 1768 753 1822 in
781 1769 934 1823 omni
962 1784 1029 1824 ex
1063 1785 1223 1840 aequo
1256 1770 1309 1825 id
1336 1772 1481 1841 quod
1510 1788 1617 1825 non
1655 1773 1878 1827 exsistit
1906 1788 2042 1827 con-

2140 570 2543 641 θρυλλούντωνς
2573 569 2646 622 Οὑ
2693 566 2801 637 μὴν
2840 565 3028 636 ἐπειδὴ
3060 562 3336 634 γεννητῶς
3382 562 3543 614 αὑτὸν
3589 555 3727 612 εἷναί

2139 681 2339 734 φαμεν,
2367 663 2427 716 τὸ
2459 661 2533 733 μὴ
2564 658 2704 715 εἶναι
2736 660 2900 712 αὑτόν
2938 675 3087 718 ποτε,
3116 656 3204 709 διὰ
3246 654 3404 707 τοῦτο
3433 651 3729 724 παραδεξό-

2142 755 2300 825 μεθα.
2338 754 2434 816 Τίς
2457 753 2566 823 γὰρ
2597 753 2698 806 οὑκ
2725 746 2864 804 οἶδεν
2900 751 2982 803 ὅτι
3029 746 3231 818 ἄμεσός
3256 748 3403 799 ἐστιν
3432 748 3463 816 ἡ
3498 746 3638 797 κατὰ
3671 742 3729 794 τὸ

2141 847 2537 916 σημαινόμενον
2560 846 2873 907 ἐναντίωσις
2902 840 2996 894 τοὺ
3021 840 3173 902 ὄντος
3195 840 3289 891 καὶ
3316 837 3410 890 106
3446 838 3520 908 μὴ
3545 837 3725 900 ὄντος;

2142 940 2303 991 Ὠστε
2340 937 2436 1009 τὴν
2468 936 2561 990 τοῦ
2594 937 2781 1008 ἐτέρου
2808 936 2916 987 τῶν
2962 933 3270 1003 εἰρημένων
3309 928 3479 992 θέσιν,
3512 926 3725 997 ἀναίρε-

2141 1048 2227 1083 σιν
2258 1028 2352 1083 106
2380 1030 2621 1083 ἐναντίου
2662 1027 2918 1096 γενέσθαι
2956 1025 3193 1087 πάντως.
3227 1022 3339 1076 Kal
3368 1023 3450 1075 ὅτι
3482 1020 3726 1091 καθάπερ

2138 1122 2200 1174 τὸ
2238 1117 2374 1174 εἶναι
2402 1120 2545 1174 κατὰ
2591 1118 2791 1182 παντὸς
2830 1120 3023 1188 χρόνου
3058 1114 3250 1168 ταύτόν
3281 1115 3449 1179 ἐστιν,
3478 1113 3536 1165 ἐν
3579 1107 3729 1182 ᾧπερ

2142 1216 2206 1269 ἄν
2234 1233 2317 1278 τις
2361 1215 2659 1282 ὑφεστάναι
2705 1231 2759 1265 τι
2808 1211 2917 1263 τῶν
2964 1210 3132 1262 ὄντων
3168 1208 3435 1277 ὑπόθηται
3461 1222 3472 1233 '
3515 1206 3577 1257 οὐ
3620 1206 3728 1277 γὰρ

2146 1307 2347 1380 μᾶλλον
2379 1305 2474 1360 νῦν
2513 1308 2660 1359 ἐστιν
2688 1304 2915 1375 οὑρανὺς
2944 1304 3037 1356 καὶ
3069 1302 3264 1371 ἄστρα,
3303 1301 3398 1353 καὶ
3434 1297 3602 1368 ἥλιος,
3638 1298 3729 1350 καὶ

2140 1400 2211 1454 τὰ
2235 1398 2397 1452 λοιπὰ
2422 1398 2530 1451 τῶν
2555 1397 2725 1450 ὄντων
2752 1398 2785 1468 ἦ
2817 1396 2945 1466 χθὲς
2980 1394 3071 1448 καὶ
3095 1392 3306 1464 πρώην,
3341 1392 3433 1445 καὶ
3462 1390 3623 1444 παντὶ
3656 1390 3729 1459 τῷ

2144 1494 2440 1565 προάγοντι
2470 1490 2647 1562 χρόνῳ
2669 1507 2681 1520 ’
2712 1489 2803 1541 τδν
2829 1488 2991 1540 αὑτὸν
3022 1488 3221 1557 τρόπον
3253 1483 3464 1538 καὶτοῦ
3496 1483 3568 1554 μὴ
3595 1478 3730 1534 εἶναι

2143 1584 2204 1637 τὸ
2232 1582 2628 1655 σημαινόμενον
2654 1581 2848 1651 ἐπίσης
2874 1581 2931 1631 ἐν
2957 1578 3121 1630 παντὶ
3144 1577 3204 1630 τὸ
3227 1575 3571 1645 ἀνύπαρκτον
3598 1575 3725 1643 ἔχει.

2146 1676 2268 1729 Εἴτε
2299 1676 2441 1729 κατὰ
2472 1674 2532 1727 τὸ
2562 1673 2825 1745 πρότερόν
2856 1689 2959 1736 τις,
2991 1671 3099 1724 εἴτε
3124 1669 3264 1723 κατὰ
3289 1668 3348 1721 τὸ
3389 1668 3613 1737 ὕστερον
3642 1666 3728 1718 λέ-

2145 1786 2251 1837 γοι.
2278 1768 2353 1821 Οὑ
2380 1768 2489 1837 γὰρ
2523 1766 2724 1837 μᾶλλον
2746 1763 2841 1816 νῦν
2866 1781 2918 1816 τι
2944 1764 3050 1816 τῶν
3082 1761 3410 1831 ὑφεστώτων
3439 1761 3539 1813 οὑκ
3566 1759 3728 1823 ἐστιν,

462 1861 620 1915 tinet.
655 1861 781 1916 Sive
813 1862 938 1932 quis
990 1862 1293 1917 secundum
1335 1864 1509 1933 prius,
1565 1864 1681 1919 sive
1734 1865 2039 1919 secundum

2159 1862 2182 1933 ἢ
2215 1864 2264 1914 εί
2292 1861 2558 1931 πρότερον
2583 1856 2932 1931 ἀνύπαρκτον
2952 1852 3040 1928 ἦν,
3068 1854 3205 1908 ἀλλὰ
3224 1849 3303 1917 εἷς
3322 1857 3348 1907 ὀ
3370 1853 3462 1906 106
3495 1852 3567 1923 μὴ
3594 1847 3734 1904 εἶναι

464 1953 736 2021 posterius
763 1955 931 2008 dicat.
990 1952 1107 2008 Non
1139 1957 1286 2009 enim
1348 1958 1522 2026 magis
1561 1974 1726 2020 nunc,
1779 1958 1910 2027 quid
1955 1974 2047 2013 eo-

464 2059 582 2096 rum
612 2060 733 2113 quze
767 2045 1155 2109 substiterunt.
1184 2064 1292 2100 non
1319 2058 1424 2112 est,
1460 2066 1624 2119 quam
1668 2050 1715 2104 si
1748 2052 1904 2119 prius
1936 2068 2043 2105 non

462 2133 787 2197 exstitisset,
822 2128 914 2189 sed
948 2152 1056 2190 una
1092 2137 1396 2208 eademque
1426 2148 1511 2193 est
1551 2142 1772 2195 essendi
1816 2142 1956 2196 ratio
1990 2143 2044 2196 in

463 2240 529 2276 co
558 2225 705 2294 quod
740 2242 848 2280 non
905 2237 1012 2292 est,
1077 2229 1134 2283 in
1195 2231 1345 2283 omni
1402 2233 1689 2300 temporali
1735 2234 2042 2287 intervallo.

464 2316 733 2383 Quocirca
766 2320 817 2372 in
876 2321 1208 2377 animalibus
1260 2322 1379 2389 ejus
1409 2324 1551 2392 quod
1605 2324 1707 2377 fuit
1750 2327 1802 2379 in
1863 2342 2044 2379 rerum

465 2420 661 2464 natura
689 2412 741 2465 in
778 2411 829 2465 id
862 2412 1011 2482 quod
1060 2428 1172 2468 non
1224 2423 1309 2469 est
1360 2417 1782 2479 resolutionem,
1841 2426 1896 2473 et
1926 2419 2047 2487 ejus

466 2504 611 2574 quod
646 2506 890 2559 nondum
920 2507 973 2560 in
1016 2522 1197 2561 rerum
1225 2516 1478 2561 naturam
1515 2524 1799 2564 accessum
1827 2512 2041 2577 habuit,

468 2596 784 2650 nominibus
811 2597 1030 2666 quidem
1074 2595 1476 2659 diti'erentibus.
1518 2615 1623 2652 non
1668 2601 2048 2656 exsistentiam

470 2686 872 2756 signiﬁcamus,
908 2686 991 2739 vel
1018 2700 1125 2739 non
1162 2688 1403 2755 genitum
1460 2686 1633 2742 fuisse
1668 2703 1695 2740 a
1757 2689 2047 2758 principio,

469 2779 555 2830 vel
610 2787 885 2831 mortuum
953 2791 1076 2830 esse
1124 2776 1367 2845 genitum
1434 2775 1724 2829 dicentes:
1767 2778 2053 2845 aequaliter

471 2876 652 2921 autem
686 2882 782 2936 per
828 2877 1120 2935 utramque
1146 2883 1358 2931 vocem,
1387 2884 1495 2921 non
1522 2869 1896 2922 cxsistentiam
1923 2884 2050 2922 ora-

473 2962 623 3016 tione
670 2970 1152 3031 reprtesentamus.
1213 2954 1690 3025 Quemadmodum
1740 2960 1885 3013 enim
1936 2960 2053 3015 dies

473 3062 634 3107 nocte
670 3054 1008 3117 continetur,
1042 3054 1110 3106 ab
1147 3062 1379 3121 utraque
1405 3062 1580 3121 parte,
1613 3068 1721 3105 non
1758 3064 1937 3107 autem
1964 3054 2053 3105 di-

473 3154 677 3201 cuntur
702 3146 890 3202 eodem
923 3147 1084 3199 modo
1112 3154 1293 3214 partes
1330 3162 1450 3214 qua:
1486 3146 1793 3209 continent,
1833 3145 1928 3200 sed
1954 3147 2055 3199 hoc

474 3240 696 3309 quidem
741 3246 867 3309 post
898 3253 1201 3307 vesperam,
1238 3238 1368 3291 illud
1402 3253 1534 3292 vero
1568 3245 1695 3291 ante
1730 3239 2056 3300 diluculum,

477 3345 583 3385 nox
616 3338 795 3383 autem
820 3336 906 3384 est
937 3327 1081 3396 quod
1100 3328 1416 3381 declaratur
1450 3329 1756 3382 secundum
1794 3337 2057 3397 utraque:

482 3423 675 3475 eodem
716 3423 900 3486 modo,
940 3423 986 3475 si
1019 3422 1145 3490 quis
1184 3436 1251 3474 ex
1283 3428 1473 3474 mutua
1509 3422 1655 3474 inter
1680 3437 1739 3476 se
1782 3436 2063 3491 compara-

478 3514 627 3567 tione
662 3530 785 3567 cmn
815 3529 880 3568 eo
908 3513 1057 3583 quod
1081 3521 1187 3575 est,
1208 3513 1355 3581 quod
1392 3529 1501 3567 non
1535 3522 1620 3567 est
1649 3515 1891 3569 vicissim
1924 3530 2062 3567 con-

480 3606 705 3671 sideret,
734 3605 1043 3659 nominabit
1097 3605 1318 3675 quidem
1368 3604 1705 3668 diﬂ‘erenter,
1749 3606 1895 3674 quod
1936 3616 2063 3659 ante

479 3698 931 3754 constitutionem
984 3706 1041 3752 et
1094 3698 1239 3767 quod
1297 3707 1420 3767 post
1474 3699 1891 3754 dissolutionem
1942 3700 2063 3768 ejus

481 3793 627 3862 quod
663 3792 718 3847 in
758 3807 945 3846 rerum
974 3799 1169 3845 natura
1200 3791 1563 3858 substiterat;
1590 3792 1685 3845 sed
1714 3807 1876 3845 unum
1909 3807 2064 3861 pror-

482 3900 580 3938 sus
608 3882 862 3953 idemque
895 3882 1261 3953 signiﬁcatum
1290 3897 1388 3952 per
1410 3891 1646 3951 utraque
1689 3883 1974 3953 intelliget,
2009 3893 2065 3938 et

480 3975 629 4046 quod
661 3984 785 4030 ante
811 3975 1286 4036 constitutionem,
1322 3981 1375 4028 et
1403 3973 1547 4039 quod
1572 3982 1695 4044 post
1738 3974 2065 4030 dissolutio-

483 4085 607 4125 nem
629 4070 749 4138 ejus
778 4069 921 4138 quod
957 4068 1304 4123 substiterat.
1370 4065 1505 4119 Nam
1544 4081 1655 4120 non
1689 4081 1811 4121 esse
1841 4075 1895 4121 et
1944 4066 2066 4136 ejus

483 4163 627 4233 quod
659 4177 941 4229 nunquam
974 4160 1095 4225 fuit,
1159 4167 1214 4214 et
1263 4160 1384 4228 ejus
1441 4160 1588 4228 quod
1642 4171 1916 4214 mortuum
1959 4168 2064 4223 est,

486 4252 630 4308 idem
659 4261 762 4312 est,
795 4259 1019 4319 excepta
1062 4258 1275 4304 tantum
1312 4251 1594 4305 nominum
1639 4250 1966 4312 ditl‘erentia,
2018 4250 2066 4304 si

486 4351 670 4397 tamen
721 4344 1001 4410 exceperis
1036 4357 1155 4395 eam
1188 4356 1309 4409 quae
1349 4340 1401 4393 in
1444 4356 1543 4410 spe
1590 4350 1675 4395 est
1706 4341 2069 4396 resurrectio-

488 4451 633 4489 nem.
664 4435 933 4500 Quoniam
972 4434 1137 4504 igitur
1170 4435 1297 4487 vitae
1339 4433 1643 4502 principem
1693 4444 1746 4487 et
1776 4433 2067 4502 ipsammct

2148 1951 2304 2021 λόγος
2320 1952 2415 2004 ἐπὶ
2440 1949 2534 2003 τοῦ
2560 1949 2635 2021 μὴ
2661 1948 2812 2011 ὄντος
2846 1949 2903 2000 ἐν
2930 1947 3093 2001 παντὶ
3117 1946 3353 2016 χρονικῷ
3381 1946 3729 2013 διαστήματι.

2148 2044 2238 2097 Διὸ
2276 2044 2370 2097 καὶ
2400 2044 2491 2095 ἐπὶ
2534 2041 2644 2095 τῶν
2686 2038 2841 2105 ζώων
2880 2042 2980 2111 τήν
3015 2057 3074 2092 τε
3104 2039 3198 2091 106
3231 2036 3514 2107 γεγονότος
3553 2037 3631 2098 είς
3672 2033 3734 2086 τὸ

2152 2136 2225 2207 μὴ
2246 2135 2304 2188 ὃν
2335 2135 2613 2197 ἀνάλυσιν,
2645 2133 2738 2185 καὶ
2771 2130 2867 2184 τοῦ
2902 2131 3128 2203 μηδέπω
3156 2131 3254 2200 τὴν
3295 2131 3371 2192 εἰς
3398 2128 3458 2182 τὸ
3486 2125 3734 2196 γενέσθαι

2149 2231 2382 2300 πάροδον
2422 2228 2737 2299 ἐσχηκότος,
2782 2226 3010 2297 ὀνόμασι
3049 2226 3146 2297 μὲν
3184 2223 3462 2294 διαφόροις
3500 2222 3600 2291 τὴν
3651 2223 3738 2273 ἀν-

2149 2321 2422 2393 υπαρξίαν
2454 2320 2811 2391 σημαίνομεν,
2838 2319 2871 2389 ἢ
2908 2319 2981 2389 μὴ
3006 2315 3335 2387 γεγενῆσθαι
3361 2315 3459 2384 τὴν
3478 2314 3670 2385 ἀρχὴν.
3702 2313 3734 2383 ἥ

2148 2412 2403 2464 τεθνάναι
2450 2411 2510 2463 τὸ
2570 2408 2908 2477 γεννώμενον
2959 2408 3229 2475 λέγοντες.
3284 2406 3508 2475 Ἐπίσης
3560 2405 3616 2456 δὲ
3671 2402 3737 2455 δι’

2151 2505 2311 2558 ἐκατέ
2321 2522 2417 2575 ρας
2442 2507 2625 2574 φωνῆς
2646 2504 2707 2556 τὸ
2730 2503 3081 2573 ἀνύπαρκτον
3103 2517 3177 2553 πα
3188 2498 3458 2570 ριστῶμεν
3477 2496 3552 2566 τῷ
3573 2496 3734 2565 λόγῳ.

2155 2599 2365 2669 Ὥσπερ
2392 2598 2499 2668 γὰρ
2536 2600 2568 2668 η
2613 2598 2803 2667 ἡμέρα
2831 2596 2986 2650 νυκτὶ
3019 2597 3335 2666 περιέχεται
3388 2593 3511 2646 καθ’
3547 2594 3738 2646 ἑκάτε-

2156 2706 2246 2760 ρον
2282 2690 2468 2759 μέρος,
2513 2688 2729 2756 λέγεται
2755 2688 2810 2740 δέ
2844 2688 2941 2757 οὑχ
2990 2685 3254 2748 ὡσαύτως
3290 2686 3358 2738 τὰ
3397 2684 3737 2754 περιέχοντα,

2155 2782 2290 2835 ἀλλὰ
2316 2782 2375 2833 τὸ
2406 2782 2503 2851 μὲν
2528 2780 2665 2850 μετὰ
2695 2780 2796 2849 τὴν
2818 2779 3082 2850 ἑσπέραν,
3108 2778 3167 2830 τὸ
3190 2777 3246 2829 δὲ
3274 2775 3379 2847 πρὸ
3398 2775 3492 2828 τοῦ
3522 2774 3740 2845 ὄρθρου,

2155 2876 2254 2941 νὺξ
2278 2875 2332 2926 δέ
2364 2877 2426 2926 τὸ
2456 2873 2786 2944 δηλούμενόν
2816 2874 2932 2925 ἐστι
2960 2872 3079 2925 κατ’
3111 2870 3395 2940 ἀμφότερα
3415 2885 3427 2897 ’
3458 2868 3551 2920 τὸν
3584 2869 3741 2920 αὑτὸν

2154 2967 2357 3038 τρόπον
2388 2968 2435 3019 εἰ
2462 2968 2525 3018 ὲκ
2551 2965 2645 3018 τοῦ
2679 2964 3026 3036 παραλλήλου
3054 2962 3191 3033 πρὸς
3218 2960 3278 3014 τὸ
3299 2961 3360 3013 ὂν
3393 2959 3741 3029 ἀντιθεωροίη

2158 3076 2241 3121 τις
2272 3058 2332 3110 τὸ
2363 3057 2437 3127 μὴ
2485 3057 2570 3121 δν,
2606 3055 2974 3126 κατονομάσει
3006 3054 3103 3125 μὲν
3137 3052 3409 3122 διαφόρως
3453 3050 3513 3103 τό
3544 3067 3603 3102 τε
3640 3050 3745 3117 πρὸ

2160 3154 2257 3223 τῆς
2290 3152 2601 3214 συστάσεως
2650 3140 2747 3202 καῖ
2771 3147 2833 3201 τὸ
2884 3145 3022 3216 μετὰ
3064 3145 3164 3216 τὴν
3190 3143 3283 3197 106
3315 3141 3608 3205 συστάντος
3635 3140 3748 3194 διά-

2162 3247 2335 3307 λυσιν,
2366 3245 2426 3297 ἒν
2462 3243 2520 3297 δέ
2548 3242 2729 3312 νοήσει
2761 3240 2826 3293 δι’
2861 3237 3188 3309 ἀμφοτέρων
3231 3236 3293 3289 τὸ
3327 3235 3744 3306 σημαινόμενον,

2162 3335 2223 3388 τό
2252 3352 2310 3387 τε
2343 3332 2449 3404 πρὸ
2495 3331 2597 3401 τῆς
2629 3330 2966 3393 συστάσεως,
3001 3328 3095 3380 καὶ
3124 3327 3185 3379 τὸ
3219 3328 3357 3398 μετὰ
3401 3325 3501 3397 τὴν
3529 3325 3620 3379 τοῦ
3651 3344 3745 3379 συ-

2166 3429 2389 3490 στάντος
2427 3425 2690 3479 διάλυσιν.
2726 3422 2800 3476 Τὸ
2828 3424 2936 3492 γάρ
2970 3419 3046 3491 μὴ
3081 3415 3241 3483 εἶναι,
3282 3418 3375 3473 106
3407 3436 3468 3471 τε
3520 3417 3594 3490 μὴ
3625 3436 3748 3487 γεν-

2163 3520 2421 3591 νηθέντος
2456 3517 2550 3570 καὶ
2575 3515 2668 3569 τοῦ
2703 3514 3025 3582 τεθνηκότος
3061 3511 3200 3583 πλὴν
3229 3512 3326 3581 τῆς
3352 3510 3617 3579 διαφορᾶς
3643 3512 3751 3563 τών

2164 3612 2464 3681 ὀνομάτων,
2494 3605 2609 3661 ἶσόν
2644 3611 2813 3672 ἐστιν,
2869 3605 3287 3678 ὑπεξῃρημένου
3331 3603 3424 3657 τοῦ
3472 3605 3612 3657 κατὰ
3652 3605 3752 3673 τὴν

2166 3704 2354 3758 ἐλπίδα
2384 3703 2481 3772 τῆς
2509 3700 2857 3759 ἀναστάσεως
2886 3698 3067 3765 λόγου.
3117 3697 3335 3766 Ἐπειδὴ
3367 3696 3549 3749 τοίνυν
3582 3698 3754 3766 ἀρχη-

2165 3797 2258 3865 γὸν
2280 3795 2423 3864 ζωῆς
2447 3794 2541 3846 καὶ
2587 3791 2866 3859 αὑτοζωὴν
2910 3790 2999 3844 τὸν
3038 3792 3299 3859 μονογενῆ
3326 3788 3456 3840 Θεὸν
3477 3788 3629 3858 παρὰ
3652 3788 3753 3857 τῆς

2166 3889 2389 3960 Γραφῆς
2441 3885 2862 3956 μεμαθήκαμεν,
2895 3882 2990 3935 καὶ
3027 3880 3164 3950 φῶς,
3205 3882 3299 3934 καὶ
3343 3880 3623 3947 ἀλήθειαν,
3661 3882 3754 3934 καὶ

2168 3982 2274 4033 πᾶν
2303 3979 2493 4047 ὅτιπερ
2519 3978 2667 4029 ἐστιν
2694 3977 2752 4028 ἐν
2779 3974 3002 4045 ὀνόματι
3029 3972 3122 4027 καὶ
3145 3974 3376 4042 νοήματι
3397 3972 3597 4044 τίμιον,
3631 3974 3755 4028 ἆτο-

2168 4090 2268 4127 πον
2301 4074 2393 4126 καὶ
2440 4071 2694 4133 δυσσεϐὲς
2722 4065 2861 4122 εἷναί
2904 4084 3106 4139 φαμεν,
3149 4066 3226 4137 τῷ
3262 4064 3433 4131 ὄντως
3466 4067 3581 4121 ὄντι
3629 4085 3757 4121 συν-

2168 4164 2394 4233 θεωρεῖν
2433 4161 2494 4213 τὸ
2546 4158 2605 4224 ἐξ
2648 4158 2895 4213 ἐναντίου
2948 4157 3265 4228 νοούμενον,
3310 4159 3342 4229 ἢ
3386 4158 3629 4212 διάλυσιν
3674 4159 3758 4221 εἰς

2169 4254 2395 4325 φθορὰν,
2427 4253 2461 4323 ἦ
2484 4251 2824 4321 ἁνυπαρξίαν
2850 4250 2955 4321 πρὸ
2982 4251 3080 4321 τῆς
3104 4252 3433 4315 συστάσεως,
3464 4250 3599 4302 ἀλλὰ
3621 4267 3757 4305 παν-

2168 4345 2394 4416 ταχόθεν
2426 4344 2562 4414 πρὸς
2605 4342 2669 4394 τὸ
2727 4340 3058 4411 προαιώνιον
3098 4342 3499 4404 ἐπεκτείνοντες
3547 4340 3758 4395 ἐαυτῶν

2168 4439 2267 4507 τὴν
2295 4438 2555 4499 διάνοιαν,
2600 4433 2837 4503 οὐδαμοῦ
2870 4434 3006 4504 πρὸς
3036 4434 3095 4487 τὸ
3145 4436 3220 4505 μὴ
3263 4434 3321 4487 ὃν
3366 4438 3485 4495 ταῖς
3525 4434 3759 4497 ἐννοίαις

484 4528 651 4580 vitam
691 4524 1042 4595 Unigenitum
1087 4525 1256 4580 Deum
1306 4541 1373 4580 ex
1418 4526 1704 4594 Scriptura
1744 4525 2054 4590 didicimus,

2171 4531 2406 4601 λήγομεν
2427 4545 2441 4559 ⁸
2464 4525 2579 4581 ἴσον
2601 4530 2679 4590 είς
2697 4527 2951 4578 ἀσέϐειαν
2972 4526 3246 4594 κρίνοντες
3264 4528 3559 4597 οίῳδήποτε
3583 4527 3760 4597 χρόνῳ

483 4628 539 4672 et
570 4619 764 4683 lucem,
804 4626 858 4673 et
890 4619 1199 4683 veritatem,
1244 4626 1299 4672 et
1330 4618 1602 4688 quidquid
1638 4626 1723 4673 est
1776 4619 2061 4671 nominatu

485 4720 538 4764 et
568 4711 844 4764 intellectu
877 4709 1100 4780 dignum
1153 4718 1207 4763 et
1250 4709 1601 4775 bonorabile,
1644 4707 1945 4763 absurdum
1990 4720 2068 4763 at-

485 4820 591 4874 que
621 4804 847 4874 impium
884 4802 1125 4856 dicimus
1173 4818 1319 4867 esse,
1375 4817 1502 4855 cum
1541 4816 1606 4856 eo
1656 4802 1748 4871 qui
1786 4818 1916 4856 vere
1959 4810 2064 4866 est,

484 4895 844 4965 contemplari
883 4895 1047 4948 etiam
1111 4893 1255 4963 quod
1304 4910 1334 4948 e
1384 4894 1669 4948 contrario
1722 4895 2065 4965 intelligitur,

484 4992 571 5043 Vcl
609 4989 1022 5043 dissolutionem
1057 4988 1110 5041 in
1164 4987 1472 5050 interitum,
1530 4987 1615 5040 vel
1657 5002 1766 5039 non
1799 4988 2070 5042 exsisteu-

487 5081 617 5136 tiam
659 5089 784 5133 ante
820 5080 1292 5140 constitutionem,
1357 5077 1455 5133 sed
1486 5078 1728 5147 undique
1778 5078 2071 5147 cogitatio—

488 5191 611 5229 nem
670 5175 735 5228 ad
797 5173 849 5228 id
901 5174 1047 5243 quod
1098 5172 1295 5227 saecula
1357 5172 1641 5241 praecssit
1687 5172 2068 5235 extendentes,

488 5287 759 5340 nusquam
789 5269 857 5323 ad
908 5268 963 5323 id
994 5267 1142 5340 quod
1189 5283 1302 5321 non
1337 5275 1425 5321 est
1468 5266 1897 5336 cogitationibus
1938 5266 2071 5319 deﬁ-

487 5365 694 5422 nimus,
746 5361 1013 5429 aqualem
1072 5358 1409 5427 impietatem
1444 5356 1784 5425 judicantes,
1830 5371 2068 5425 quonam

488 5456 708 5509 tandem
742 5463 989 5523 tempore
1016 5468 1112 5521 per
1134 5468 1243 5505 non
1286 5452 1666 5506 cxsistcntiam
1692 5450 1932 5504 divinam
1974 5466 2071 5502 na-

488 5560 669 5601 turam
702 5546 1121 5601 circumcidere.
1170 5544 1312 5598 Idem
1347 5562 1492 5599 enim
1525 5553 1609 5600 est
1652 5552 1707 5597 et
1740 5544 1971 5599 mortale
1997 5543 2076 5597 di-

489 5655 617 5692 cere
674 5640 1038 5693 immortalem
1096 5638 1283 5697 vitam,
1346 5646 1400 5691 et
1436 5636 1627 5690 falsam
1674 5637 1959 5689 veritatem
2018 5643 2073 5689 et

491 5731 837 5785 tenebrosam
870 5731 1067 5795 lucem,
1106 5739 1160 5785 et
1192 5746 1301 5783 non
1350 5744 1474 5783 esse
1530 5728 1581 5782 id
1625 5728 1767 5797 quod
1805 5735 1912 5782 est.
1969 5728 2073 5794 Qui

496 5823 661 5895 igitur
711 5838 825 5880 non
865 5823 997 5881 fore.
1040 5823 1334 5895 aliquando
1373 5836 1509 5897 .non
1567 5820 1842 5886 concedit,
1898 5835 2075 5891 neque

2172 4623 2239 4675 δι’
2267 4621 2607 4691 ἁνυπαρξίας
2638 4618 2993 4690 περικόπτειν
3023 4620 3083 4671 τὸ
3098 4616 3272 4672 Θεῖον.
3305 4618 3483 4671 Ταὺτὸ
3509 4619 3617 4688 γάρ
3643 4620 3758 4671 ἐστι

2175 4714 2267 4769 καὶ
2298 4713 2498 4784 θνητὴν
2522 4706 2694 4765 εἰπεῖν
2720 4711 2818 4781 τὴν
2851 4711 3115 4764 ἀθάνατον
3136 4711 3301 4780 ζωὴν,
3336 4712 3429 4764 καὶ
3466 4710 3631 4780 ψευδῆ
3660 4709 3761 4780 τὴν

2174 4806 2448 4875 ἀλήθειαν,
2488 4805 2578 4856 καὶ
2605 4802 2877 4855 σκοτεινὸν
2910 4802 2971 4853 τὸ
2994 4800 3127 4869 φῶς,
3170 4802 3263 4853 καὶ
3308 4802 3383 4873 μὴ
3414 4797 3551 4853 εἶναι
3583 4801 3644 4853 τὸ
3676 4801 3755 4853 ὄν.

2188 4898 2245 4949 '0
2272 4898 2449 4949 τοίνυν
2477 4895 2537 4948 τὸ
2568 4896 2640 4965 μὴ
2676 4893 2895 4946 ἔσεσθαί
2928 4911 3055 4945 ποτε
3086 4891 3159 4963 μὴ
3204 4892 3399 4957 διδοὺς,
3432 4894 3551 4946 ούδέ
3596 4893 3655 4945 τὸ
3683 4892 3765 4963 μὴ

2177 4989 2313 5043 εἷναί
2340 5006 2467 5041 ποτε
2492 4989 2837 5056 συνθήσεται,
2865 4987 3007 5041 κατὰ
3034 4987 3124 5039 τὸν
3151 4985 3416 5057 ἡμέτερον
3454 4985 3631 5053 λόγον,
3661 4985 3761 5054 τὴν

2177 5081 2345 5151 αὑτὴν
2371 5080 2600 5132 ἀτοπίαν
2632 5078 2848 5147 φεύγων
2881 5079 3001 5132 καθ’
3035 5078 3293 5148 ἑκάτερον
3333 5079 3523 5148 μέρος·
3548 5078 3623 5139 ώς
3651 5077 3764 5144 γὰο

2176 5175 2238 5226 τὸ
2269 5172 2622 5226 ἀτελέστατον
2656 5171 2754 5239 τῆς
2798 5170 2942 5240 ζωῆς
2988 5169 3081 5222 τοῦ
3122 5169 3456 5238 Μονογενοῦς
3496 5170 3597 5222 οὐκ
3637 5171 3759 5221 ἐπι-

2180 5269 2367 5320 κόπτει
2399 5264 2649 5326 Θάνατος,
2685 5262 2857 5325 οὑτως
2904 5262 3024 5314 οὑδὲ
3055 5262 3195 5315 κατὰ
3223 5263 3283 5315 τὸ
3312 5263 3433 5315 ἄνω
3457 5264 3491 5333 ἡ
3516 5263 3764 5333 ἀνυπαρ-

2180 5360 2269 5425 ξία
2291 5360 2476 5428 στήσει
2506 5357 2640 5425 πρὸς
2670 5354 2729 5407 τὸ
2754 5354 2922 5406 ἀΐδιον
2946 5353 3110 5406 αὑτοῦ
3139 5352 3234 5423 τὴν
3258 5354 3401 5424 ζωὴν
3430 5354 3723 5425 προϊοῦσαν
3742 5371 3758 5385 ·

2178 5448 2253 5510 ώς
2281 5447 2346 5501 ἂν
2382 5445 2714 5517 πανταχόθεν
2749 5444 3045 5515 καθαρεύοι
3080 5444 3141 5496 τὸ
3185 5444 3351 5508 ὄντως
3396 5444 3453 5497 δν
3486 5445 3585 5513 τῆς
3627 5446 3761 5517 πρὸς

2179 5540 2240 5592 τὸ
2264 5539 2339 5610 μὴ
2376 5538 2543 5602 ὄντως
2574 5538 2632 5591 ὃν
2655 5537 2960 5599 κοινωνίας.
2990 5536 3087 5589 Διὰ
3114 5536 3269 5589 10610
3296 5537 3485 5607 πόρῥω
3515 5538 3756 5604 γίνεσθαι

2180 5632 2281 5701 τῆς
2315 5630 2570 5701 τοιαύτης
2600 5628 2807 5699 πλάνης
2838 5629 2963 5692 τοὺς
2988 5627 3236 5697 μαθητὰς
3266 5628 3435 5682 θέλων
3472 5631 3500 5681 ὁ
3527 5629 3749 5699 Κύριος·

2181 5727 2254 5788 ώς
2282 5725 2349 5778 ἂν
2388 5725 2461 5794 μή
2512 5739 2663 5785 ποτε,
2693 5720 2785 5774 καὶ
2830 5720 2982 5773 αὑτοὶ
3025 5720 3086 5773 τὸ
3119 5720 3484 5791 πρεσϐύτερον
3523 5722 3620 5791 τῆς
3667 5719 3789 5789 τοῖιί

2183 5818 2523 5889 Μονογενοῦς
2575 5816 2923 5880 ὑποστάσεως
2949 5813 3365 5888 ἀναζητοῦντες,
3400 5815 3533 5891 πρὸς
3568 5815 3629 5869 τὸ
3666 5814 3762 5871 ἁν-
