4142 6374
351 394 445 450 82!

1463 384 1742 469 CONTRA
1788 417 2176 486 amomum,
2222 422 2350 475 LIB.
2393 422 2480 476 ix.

3501 418 3605 473 822

352 513 631 587 ύπαρκτον
663 522 774 582 τοῖς
807 520 1082 591 λογισμοῖς
1118 526 1485 597 ἀπενεχθεϊεν·
1519 532 1687 600 Ἐγὼ,
1725 536 1912 604 φησὶν,

2050 540 2184 591 ιιὶιιιιι
2240 538 2537 608 aliquando
2592 553 2698 593 non
2743 552 2865 591 esse
2914 536 3244 601 consentiet,
3301 538 3604 591 secundum

353 607 422 659 ἐν
454 606 532 672 τῷ
558 610 760 677 Πατρὶ,
794 614 891 665 καὶ
928 617 960 666 ό
990 616 1191 683 Πατὴρ
1213 618 1283 672 ἐν
1306 620 1458 689 ἐμοὶ,
1485 622 1559 687 ὡς
1584 622 1709 676 οὔτε
1731 626 1823 678 τοῦ
1856 627 1929 695 μὴ

353 698 505 762 ὄντος
532 701 589 752 ὲν
619 700 698 772 τῷ
725 704 855 765 ὄντι,
906 706 1017 759 εἴτε
1052 710 1144 762 τοῦ
1179 711 1330 774 ὄντος
1369 714 1427 767 ὲν
1454 714 1531 786 τῷ
1563 716 1636 787 μὴ
1663 717 1795 771 ὄντι.
1822 721 1931 772 Καὶ

354 791 492 863 αὐτὴ
518 794 574 845 δὲ
603 796 634 864 ή
663 795 758 847 τοῦ
788 796 945 866 λόγου
972 800 1144 867 τάξις,
1177 803 1239 856 τὸ
1272 806 1491 871 εὐσεϐὲς
1519 810 1809 879 ἐρμηνεύει
1838 812 1930 863 τοῦ

355 880 640 951 δῖγματος.
686 886 898 958 Ἐπειδὴ
946 890 1053 960 γὰρ
1096 893 1196 945 οὐκ
1240 894 1304 947 ἐκ
1338 896 1431 948 τοῦ
1476 898 1603 949 Υξοῦ
1635 902 1663 952 ὁ
1709 900 1926 971 Πατὴρ’

358 974 472 1026 ἀλλ’
498 977 561 1027 ὲκ
587 976 679 1028 τοῦ
712 980 923 1050 Πατρὸς
953 984 980 1034 ὁ
1008 982 1133 1049 Υἱός
1152 1004 1167 1019 ο
1188 985 1275 1039 διά
1307 988 1461 1040 τοῦτο
1490 990 1703 1060 πρῶτον
1728 992 1889 1061 φησίν
1918 1010 1931 1024 ⁸

372 1064 511 1134 Ἐγὼ
538 1068 607 1119 ἐν
634 1069 714 1133 τῷ
755 1074 939 1139 Harp!
959 1091 970 1102 '
1003 1074 1214 1141 δεικνὺς
1236 1080 1295 1131 rb
1330 1079 1403 1151 μὴ
1438 1081 1496 1145 ἐξ
1525 1081 1704 1146 ἄλλου,
1732 1084 1844 1136 ἀλλ’
1878 1086 1934 1151 ἐξ

358 1155 565 1209 ἐκείνου
598 1155 764 1212 εἶναι·
800 1158 914 1215 εἶτα
949 1166 1274 1238 ἀναστρέφει
1318 1170 1407 1223 τὸν
1435 1170 1610 1239 λόγον,
1638 1175 1722 1227 ὅτι
1755 1174 1865 1228 Καὶ
1902 1179 1935 1229 ό

357 1251 560 1318 Πατὴρ
591 1253 660 1305 ἐν
703 1254 865 1321 ἐμοί·
901 1260 1181 1327 σημαίνων
1213 1261 1293 1314 ὅτι
1332 1264 1359 1314 ό
1396 1264 1642 1333 ὑπερϐὰς
1674 1265 1765 1318 τὸν
1809 1267 1935 1318 Υἱὸν

357 1344 423 1411 τῇ
460 1344 978 1420 πολυπραγμοσύνῃ,
1003 1352 1093 1402 καὶ
1122 1352 1219 1423 τὴν
1239 1355 1365 1425 περὶ
1385 1355 1478 1407 τοῦ
1498 1358 1708 1428 Πατρὸς
1729 1358 1937 1413 ἔννοιαν

361 1436 824 1505 συμπαρέρχεται.
868 1440 922 1491 '0
941 1442 1047 1511 γάρ
1070 1442 1123 1493 ἕν
1150 1461 1253 1497 τινι
1277 1446 1371 1508 ὢν,
1402 1446 1505 1512 ἔξω
1531 1448 1620 1500 τοῦ
1644 1451 1701 1501 ὲν
1724 1443 1767 1516 ᾧ
1792 1452 1937 1505 ἐστιν

359 1526 642 1595 εὑρεθῆναι
662 1530 723 1580 οὐ
754 1530 992 1584 δύναται.
1024 1534 1186 1586 Ὥστε
1217 1536 1442 1605 μάταιος
1468 1540 1493 1591 ὁ
1516 1540 1572 1591 ἐν
1599 1540 1675 1609 τῷ
1702 1540 1812 1611 Υίῷ
1839 1543 1938 1611 μὲν

360 1613 497 1669 εἶναι
531 1619 622 1669 τὸν
682 1622 899 1693 Πατέρα
949 1624 1022 1693 μὴ
1069 1627 1390 1696 ἀντιλέγων·
1426 1629 1530 1694 ἔξω
1567 1632 1624 1684 δὲ
1678 1632 1771 1684 τοῦ
1808 1634 1936 1687 Υἱοῦ

360 1708 742 1778 κατειληφέναι
783 1731 834 1766 τι
862 1714 952 1766 τοῦ
986 1716 1199 1788 [ἰατρὸς
1229 1719 1633 1790 φανταζόμενος
1654 1741 1667 1754 ο
1700 1726 1791 1776 καὶ
1836 1727 1940 1795 μά-

360 1817 463 1870 την
498 1800 853 1858 διαπλανᾶται
897 1806 1006 1860 τῶν
1057 1810 1431 1879 πολεμούντων
1470 1815 1660 1886 ἡμίνὴ
1710 1817 1839 1886 περὶ
1877 1819 1938 1869 τὸ

2032 640 2281 686 nostrum
2317 646 2647 694 sermonem,
2682 632 2774 700 qui
2806 632 3052 685 eamdem
3100 629 3300 698 refugit
3354 630 3609 687 absurdi-

2032 731 2202 777 tatem
2236 724 2304 775 ab
2335 734 2568 791 utraque
2610 731 2803 791 parte:
2842 729 2899 775 ut
2930 725 3074 775 enim
3112 722 3234 775 vita:
3277 722 3609 791 perpetuita-

2033 822 2141 868 tem
2173 822 2227 867 et
2252 815 2615 868 teternitatem
2651 811 2927 882 Unigeniti
2969 829 3121 867 mors
3155 829 3264 865 non
3308 812 3606 874 abscindit,

2035 907 2116 959 sic
2151 922 2326 975 neque
2350 921 2513 974 supra
2547 921 2654 959 non
2682 905 3005 959 exsistentia
3054 914 3207 957 stare
3242 905 3407 957 faciet
3441 904 3606 957 vitam

2035 997 2155 1064 ejus
2183 998 2235 1050 in
2260 1006 2521 1051 aeternum
2556 976 3013 1066 progredientem.
3056 994 3123 1050 Ut
3158 994 3401 1063 undique
3461 993 3608 1062 quud

2037 1102 2162 1139 vere
2198 1095 2299 1149 est,
2347 1103 2540 1155 purum
2578 1087 2650 1139 sit
2680 1101 2709 1138 a
2744 1086 3133 1139 communione
3163 1086 3284 1153 ejus
3321 1085 3467 1153 quod
3500 1100 3608 1137 non

2036 1185 2117 1229 est
2164 1192 2306 1230 vere.
2348 1175 2642 1244 Propterea
2685 1174 2946 1228 Dominus
2978 1176 3167 1229 volens
3202 1174 3504 1244 discipulos
3545 1176 3610 1226 ali

2039 1264 2140 1316 hoc
2205 1280 2395 1319 i-rrore
2453 1266 2642 1332 procul
2697 1267 2910 1327 abesse,
2977 1277 3035 1319 ut
3094 1282 3377 1334 nunquam
3416 1275 3469 1319 et
3505 1266 3609 1334 ipsi

2038 1354 2181 1423 quod
2217 1364 2301 1408 est
2328 1355 2609 1425 antiquius
2642 1354 2915 1425 Unigeniti
2941 1357 3304 1412 subsistentia
3329 1359 3612 1427 inquiren-

2040 1456 2140 1507 tes,
2178 1446 2242 1499 ad
2282 1446 2333 1499 id
2380 1446 2526 1515 quod
2557 1462 2664 1499 non
2695 1449 2913 1501 exsistit
2957 1448 3386 1518 cogitationibus
3430 1459 3611 1501 trans—

2040 1535 2350 1589 ferrentur:
2390 1535 2519 1604 Ego,
2551 1536 2747 1605 inquit,
2779 1538 2835 1590 in
2868 1536 3049 1601 Patre,
3080 1549 3129 1591 et
3166 1538 3328 1591 Pater
3370 1540 3424 1591 in
3466 1556 3542 1592 me
3571 1540 3609 1607 ξ,

2039 1642 2146 1678 non
2181 1637 2441 1695 tanquam
2482 1642 2589 1680 non
2622 1642 2720 1681 ens
2748 1628 2800 1681 in
2834 1632 2979 1693 en'te,
3010 1630 3093 1682 vel
3118 1646 3216 1683 ens
3242 1630 3293 1682 in
3328 1646 3435 1683 non
3463 1641 3609 1685 ente.

2038 1720 2103 1771 Et
2140 1719 2228 1772 hic
2258 1722 2528 1773 sermonis
2565 1720 2702 1773 ordo
2730 1722 2983 1790 pietatem
3018 1719 3297 1789 dogmatis
3329 1721 3608 1791 explanat.

2040 1807 2491 1878 Quandoqnidem
2518 1810 2662 1864 enim
2716 1826 2825 1865 non
2876 1826 2942 1865 ex
2972 1808 3115 1863 Filio
3155 1809 3340 1874 Pater,
3393 1813 3489 1866 sed
3546 1829 3609 1867 ex

363 1893 512 1963 ῥῆμα
532 1895 628 1961 τῆς
657 1897 979 1969 ἀγεννησίας
1003 1903 1314 1971 σκιομαχία,
1338 1903 1424 1956 διὰ
1445 1906 1550 1956 τῶν
1578 1906 1938 1978 ἀνυπάρκτων

2050 1900 2202 1956 [‘atrc
2243 1902 2433 1967 Filius,
2459 1912 2744 1973 propterea
2775 1904 3012 1972 primum
3048 1904 3123 1956 ait
3152 1923 3164 1957 :
3204 1903 3313 1973 Ego
3340 1905 3392 1957 in
3425 1902 3611 1967 Patre,

362 1987 770 2056 κενεμϐατοῦσα
789 2006 800 2017 ·
829 1991 1026 2060 μᾶλλον
1044 1993 1098 2045 δὲ
1123 1995 1235 2062 εἴγε
1259 1995 1363 2066 χρὴ
1391 1997 1569 2049 πᾶσαν
1590 2000 1668 2062 εἰς
1683 2000 1742 2051 τὺ
1770 2001 1941 2070 ἐμφα-

362 2076 450 2138 νὲς
474 2077 701 2146 ἀγαγεῖν
730 2079 827 2149 τὴν
863 2083 1091 2135 ἀτοπίαν
1138 2084 1231 2137 τοῦ
1265 2085 1443 2151 λόγου,
1472 2089 1665 2159 μικρὸν
1699 2088 1777 2142 ἔτι
1808 2107 1938 2158 συγ-

363 2167 663 2239 χωρηθήτω
720 2172 1139 2243 προσδιατρίψαι
1180 2174 1259 2245 τῷ
1312 2175 1647 2248 Θεωρήματι.
1692 2179 1797 2233 Τοῦ
1831 2181 1939 2251 γὰρ

367 2259 686 2327 μονογενοῦς
715 2261 849 2314 Θεοῦ
901 2262 1124 2335 ὕστερον
1156 2266 1292 2336 μετά
1326 2267 1418 2321 τὸν
1457 2269 1675 2341 Πατέρα
1715 2272 1942 2342 γεγενῆ-

366 2350 488 2402 σθαι
513 2353 642 2422 παρ’
667 2353 844 2406 αὐτῶν
867 2353 1159 2425 λεγομένου
1182 2373 1194 2385 ·
1221 2358 1532 2427 εὑρίσκεται
1553 2364 1672 2414 κατ’
1697 2364 1942 2435 ἀνάγκην

363 2440 424 2493 rb
456 2443 748 2514 ἀγέννητον
777 2446 957 2509 αὐτὼ,
983 2451 1011 2504 ὃ
1031 2448 1083 2503 τί
1117 2466 1245 2502 ποτε
1273 2453 1367 2504 καὶ
1396 2450 1534 2505 εἶναι
1563 2456 1941 2523 φαντάζονται,

365 2533 473 2585 τῶν
500 2535 688 2587 κακῶν
712 2538 809 2607 τὴν
858 2536 1069 2591 ἔννοιαν
1108 2544 1651 2613 συναναφαινόμενον.
1702 2546 1796 2609 Τίς
1834 2546 1943 2619 γὰρ

364 2625 465 2677 οὐκ
491 2625 629 2677 οἶδεν
658 2627 740 2678 ὅτι
767 2626 955 2700 ὥσπερ
991 2628 1068 2699 τῷ
1096 2629 1208 2682 δντι
1232 2632 1292 2684 rb
1322 2632 1396 2703 μὴ
1430 2634 1486 2685 ὃν
1516 2636 1941 2708 ἀντιδιαιρεῖται,

365 2716 506 2770 οὕτω
540 2720 629 2771 καὶ⁵
658 2721 817 2772 παντὶ
848 2721 1039 2791 ἀγαθῷ
1075 2723 1356 2793 πράγματί
1393 2743 1451 2777 τε
1492 2727 1582 2778 καὶ
1609 2727 1852 2797 ὀνόματι,
1884 2731 1945 2783 rb

365 2806 426 2870 ἐξ
465 2808 704 2861 ἐναντίου
752 2809 1059 2878 νοούμενον,
1090 2807 1200 2863 οἷον
1233 2812 1312 2881 τῷ
1346 2813 1495 2883 καλῷ
1531 2815 1591 2867 rb
1627 2800 1813 2881 κακὸν,
1851 2820 1945 2872 καὶ

365 2901 431 2968 τῇ
462 2899 688 2970 ἀληθείᾳ
715 2902 775 2953 rb
803 2901 1014 2971 ψεῦδος,
1045 2903 1123 2973 τῷ
1152 2905 1289 2972 φωτὶ
1318 2906 1377 2957 rb
1408 2907 1617 2970 σκότος,
1645 2909 1737 2960 καὶ
1768 2910 1945 2965 πάντα

365 2990 466 3043 ὅσα
497 2990 708 3055 τούτοις
744 2994 1112 3063 ὁμοιοτρόπως
1145 2995 1278 3064 πρὸς
1322 2996 1382 3048 τὸ
1425 2998 1665 3051 ἐναντίον
1699 3001 1945 3069 ἀλλήλοις

368 3081 828 3145 ἀντικαθίσταται,
877 3083 960 3151 ἐφ’
989 3077 1063 3136 ὧν
1103 3084 1305 3154 ἄμεσός
1336 3086 1484 3138 ἐστιν
1515 3089 1549 3157 ή
1609 3089 1944 3158 ἐναντίωσις,

377 3173 477 3225 καὶ
505 3173 606 3227 οὐκ
633 3174 905 3244 ἐνδέχεται
934 3176 1074 3229 κατὰ
1101 3176 1295 3228 ταύτὸν
1334 3176 1399 3229 τὰ
1426 3176 1519 3229 δύο
1556 3182 1672 3248 μετ’
1703 3179 1946 3251 ἀλλήλων

368 3260 507 3317 εἶναι
532 3277 545 3290 ’
576 3261 750 3333 ἀλλ’ἢ
781 3284 840 3318 τε
882 3267 1154 3337 παρουσία
1186 3269 1279 3320 τοῦ
1315 3269 1433 3332 ἑνὸς
1468 3270 1753 3341 ὑπεξαιρεῖ
1769 3273 1829 3325 τὸ
1854 3273 1947 3326 ἀν·-

368 3355 598 3422 τίθετον,
629 3357 724 3409 καὶ
771 3358 829 3408 ἐν
868 3359 934 3427 τῇ
970 3357 1063 3411 τοῦ
1112 3359 1300 3429 ἑτέρου
1335 3359 1697 3433 ὑποχωρήσει,
1739 3363 1946 3431 γίνεται

368 3446 464 3499 τοῦ
494 3447 736 3501 ἐναντίου
768 3450 801 3518 ἠ
826 3450 1035 3517 γένεσις
1060 3465 1076 3513 ;

2041 1990 2292 2045 indicans
2318 2006 2423 2045 non
2454 2009 2519 2046 ex
2550 1993 2679 2055 alio,
2728 1994 2823 2047 sed
2854 2009 2918 2048 ex
2952 1993 3046 2046 illo
3079 2010 3220 2047 esse.
3259 1994 3462 2049 Deinde
3493 2011 3613 2049 ser-

2042 2097 2259 2136 monem
2296 2084 2539 2145 invertit,
2586 2083 2653 2136 Et
2685 2083 2851 2138 Pater
2880 2086 2935 2137 in
2964 2101 3067 2147 me,
3119 2086 3441 2155 significans
3490 2103 3612 2140 eum

2041 2174 2136 2241 qui
2188 2175 2513 2230 curiositate
2547 2175 2744 2229 Filium
2798 2176 3220 2247 transgreditur,
3272 2178 3434 2231 simul
3469 2178 3617 2231 etde

2043 2263 2207 2318 Patre
2236 2265 2486 2318 notitiam
2514 2266 2832 2334 praeterire;
2884 2268 2978 2335 qui
3018 2267 3165 2318 enim
3197 2267 3250 2318 in
3287 2267 3473 2335 aliquo
3505 2274 3611 2324 est.

2043 2367 2198 2411 extra
2231 2372 2353 2411 eum
2378 2358 2431 2411 in
2463 2374 2573 2427 quo
2606 2366 2711 2419 est,
2748 2358 2983 2412 inveniri
3032 2373 3142 2411 non
3190 2365 3390 2426 potest.
3434 2357 3615 2423 Quare

2042 2462 2218 2501 vanus
2248 2448 2338 2516 qui
2372 2447 2424 2499 λι
2462 2445 2601 2499 Filio
2621 2446 2841 2515 quidem
2871 2445 3085 2500 Patrem
3111 2462 3233 2501 esse
3262 2463 3368 2501 non
3390 2464 3613 2518 negans,

2042 2547 2195 2593 extra
2238 2537 2433 2591 Filium
2466 2540 2672 2608 aliquid
2701 2538 2877 2592 Patris
2903 2538 3398 2606 comprehendisse
3432 2540 3616 2592 animo

2046 2628 2218 2699 fingit.
2256 2628 2569 2694 Quinetiam
2624 2629 2827 2683 frustra
2889 2628 3048 2683 nobis
3092 2629 3501 2682 adversantium
3553 2632 3619 2683 de

2042 2721 2212 2775 verbo
2259 2720 2585 2791 ἀγεννησίας
2637 2720 2947 2774 umbratilis
3004 2735 3181 2789 pugna
3240 2720 3478 2784 oberrat,
3523 2737 3619 2790 per

2045 2827 2109 2864 ea
2170 2828 2293 2882 qua:
2343 2819 2623 2881 nequeunt
2678 2811 3004 2872 subsistere,
3052 2810 3290 2864 inaniter
3336 2812 3616 2866 incedens.

2043 2901 2159 2956 lmo
2198 2919 2328 2957 vero
2358 2903 2403 2958 si
2428 2919 2643 2957 onmem
2675 2904 2728 2956 in
2760 2910 3008 2971 apertum
3045 2902 3299 2971 proferre
3336 2905 3620 2957 sermonis

2045 2996 2441 3050 absurditatem
2490 3002 2728 3065 Oportet,
2774 2995 3054 3064 paulisper
3108 2993 3290 3046 adhuc
3333 2992 3618 3052 concedat,

2045 3103 2147 3143 nos
2179 3089 2232 3141 in
2265 3088 2369 3142 hoc
2399 3088 2776 3156 Speculamine
2825 3101 3033 3139 moram
3069 3086 3267 3137 facere.
3310 3084 3445 3137 Cum
3474 3083 3620 3137 enim

2056 3177 2384 3249 Unigenitus
2414 3177 2557 3233 Deus
2593 3180 2661 3232 ab
2693 3178 2829 3248 ipsis
2867 3178 3075 3231 dicitur
3120 3186 3242 3247 post
3274 3175 3492 3230 Patrem
3528 3192 3622 3246 ge—

2052 3272 2202 3327 nitus
2234 3287 2379 3333 esse,
2428 3272 2741 3325 necessario
2783 3271 3062 3325 invenitur
3094 3270 3271 3339 ipsum
3300 3269 3623 3338 ingenitum,

2052 3366 2168 3418 sive
2199 3365 2313 3417 lizec
2350 3363 2593 3430 ingenita
2632 3371 2851 3427 natura,
2912 3360 3182 3432 quidquid
3234 3360 3455 3414 tandem
3506 3375 3626 3413 esse

2055 3455 2157 3508 sibi
2179 3455 2449 3521 lingantet
2465 3452 2771 3517 somnient;
2805 3451 3095 3514 invenitur,
3115 3449 3362 3518 inquam,
3384 3448 3626 3501 omnium

372 3540 638 3595 malorum
663 3541 937 3593 notionem
966 3556 1072 3594 una
1100 3556 1285 3595 secum
1323 3542 1731 3597 demonstrans.
1780 3542 1916 3609 Quis
1954 3544 2100 3599 enim
2168 3544 2408 3613 ignorat,
2467 3542 2611 3611 quod
2657 3541 3118 3611 quemadmodum
3166 3540 3305 3606 enti,
3354 3554 3465 3593 non
3531 3554 3628 3592 ens

370 3633 685 3701 opponitur,
710 3632 790 3687 sic
850 3633 1013 3687 etiam
1062 3634 1208 3687 omni
1260 3634 1338 3689 rei
1403 3638 1560 3689 bona:
1621 3647 1676 3690 et
1770 3636 2001 3701 nomini,
2044 3637 2186 3708 quod
2217 3655 2246 3692 e
2277 3636 2561 3692 contrario
2606 3634 2953 3706 intelligitur,
3020 3645 3075 3687 nt
3105 3634 3249 3686 bono
3295 3633 3521 3698 malum,
3570 3644 3627 3686 et

372 3723 588 3777 veritati
620 3723 982 3787 mendacium,
1044 3725 1149 3779 luci
1176 3728 1434 3791 tenebrre,
1494 3735 1548 3783 et
1594 3745 1939 3798 quaecunque
1978 3730 2238 3784 similiter
2269 3731 2412 3782 inter
2447 3742 2507 3781 se
2546 3727 2832 3780 contrario
2879 3725 3042 3778 modo
3100 3734 3491 3794 _opponuntur,
3574 3723 3629 3777 in

372 3813 574 3881 quibus
599 3813 962 3867 contrarietas
1010 3824 1162 3867 cari-t
1208 3816 1407 3881 medio,
1450 3833 1628 3886 neque
1674 3818 1941 3886 contingit
1976 3818 2086 3870 duo
2122 3818 2288 3871 simul
2334 3818 2386 3870 in
2416 3815 2609 3870 eodem
2666 3831 2793 3870 esse
2870 3815 3119 3883 subjecto
3195 3814 3385 3868 eodem
3437 3812 3626 3870 modo;

375 3907 465 3961 sed
498 3906 662 3961 unius
694 3907 984 3975 praesentia
1014 3908 1323 3977 oppositum
1352 3910 1589 3979 perimit,
1637 3918 1692 3965 et
1720 3911 1773 3963 in
1806 3911 2034 3965 alterius
2074 3912 2328 3965 cessione
2360 3911 2591 3963 alterius
2620 3908 2883 3962 contrarii
2918 3908 2976 3960 fit
3011 3906 3339 3976 generatio?

444 3999 660 4053 Τούτων
706 4001 763 4053 δὲ
811 4002 942 4071 ἡμῖν
993 4000 1132 4052 οὕτω
1181 4000 1689 4072 διωμολογημένων,
1727 4003 1951 4055 κάκεῖνο

376 4093 537 4144 παντὶ
570 4092 727 4161 δῆλόν
756 4093 920 4155 ἐστιν,
966 4093 1045 4144 ὅτι
1081 4092 1269 4162 ὥσπερ
1302 4094 1433 4163 φησι
1466 4092 1716 4163 Μωῦσῆς,
1762 4094 1952 4156 σκότος

376 4180 515 4237 εἶναι
546 4184 649 4255 πρὸ
674 4184 773 4253 τῆς
800 4183 895 4235 τοῦ
940 4184 1109 4250 φωτὸς
1140 4185 1368 4248 κτίσεως
1389 4200 1403 4213 °
1435 4184 1576 4238 οὕτω
1614 4186 1706 4237 καὶ
1738 4185 1829 4236 ἐπὶ
1856 4183 1950 4236 τοῦ

377 4274 531 4336 Υίοῦ,
572 4277 620 4327 εί
652 4273 791 4327 κατά
816 4274 905 4325 τὸν
930 4273 1084 4341 λόγον
1111 4276 1207 4343 τῆς
1242 4274 1503 4345 αἱρέσεως
1543 4276 1663 4328 τότε
1699 4276 1953 4343 ἐποίησεν

378 4367 539 4419 αὑτὸν
564 4368 592 4417 ὁ
622 4365 831 4435 Πατὴρ,
871 4366 959 4417 ὅτε
990 4364 1238 4434 ἠθέλησε,
1274 4366 1401 4437 πρὶν
1429 4367 1649 4435 ποιῆσαι
1672 4366 1833 4418 αὑτὸν
1856 4367 1955 4417 οὐκ

376 4454 444 4528 ἦν
475 4460 646 4510 ἐκεῖνο
676 4458 735 4509 τὸ
762 4458 875 4525 φῶς
910 4457 1044 4527 ὅπερ
1076 4458 1220 4508 ἐστὶν
1242 4459 1269 4509 ό
1303 4457 1429 4519 Υἱός
1448 4473 1461 4485 ⁸
1492 4458 1669 4525 φωτὸς
1698 4457 1753 4509 δὲ
1792 4458 1957 4527 μήπω

2118 4002 2212 4057 His
2241 4013 2420 4056 autem
2451 4002 2611 4056 nobis
2652 4000 2727 4054 ita
2763 4000 3066 4060 concessis,
3088 3999 3254 4051 etiam
3290 3998 3422 4053 illud
3452 3998 3633 4053 cuivis

2051 4094 2401 4163 perspicuum
2446 4101 2550 4155 est,
2604 4091 2774 4159 quod,
2824 4090 3291 4158 quemadmodum
3337 4091 3414 4143 ait
3458 4088 3635 4145 Moses

2053 4184 2312 4236 tenebras
2346 4181 2515 4234 fuisse
2564 4187 2691 4233 ante
2743 4178 2885 4233 lucis
2939 4177 3394 4247 productionem:
3447 4179 3529 4233 sic
3576 4186 3635 4231 et

2052 4274 2105 4326 in
2140 4272 2306 4339 Filio,
2336 4272 2378 4325 si
2422 4270 2724 4325 secundum
2764 4270 3034 4324 hmreseos
3076 4270 3343 4323 rationem
3378 4277 3511 4323 tunc
3548 4268 3632 4323 fe-

2063 4367 2137 4418 cit
2173 4366 2349 4434 ipsum
2405 4364 2566 4416 Pater
2599 4378 2725 4415 cum
2780 4363 2978 4425 voluit,
3034 4362 3358 4431 priusquam
3415 4360 3637 4415 fecisset

2065 4466 2265 4527 ipsum,
2299 4474 2401 4509 non
2429 4464 2547 4508 erat
2569 4456 2660 4508 lux
2699 4455 2790 4508 illa
2817 4470 2939 4523 qua:
2968 4461 3051 4507 est
3082 4451 3421 4508 Filills:cum
3454 4459 3633 4505 autem

378 4550 548 4610 ὄντος,
594 4548 691 4598 οὐκ
730 4547 999 4615 ἐνδέχεται
1042 4547 1113 4615 μὴ
1149 4547 1208 4597 rb
1240 4547 1614 4617 ἀντικείμενον
1655 4546 1811 4601 εἶναι,
1850 4547 1946 4600 Kai

2064 4553 2304 4605 nondum
2361 4558 2505 4604 esset
2539 4550 2653 4611 lux,
2714 4563 2823 4601 non
2857 4547 3128 4615 contingit
3169 4546 3481 4615 oppositum
3527 4558 3635 4596 non

380 4639 487 4708 γὰρ
523 4638 608 4691 διὰ
641 4637 749 4688 τῶν
806 4638 976 4691 ἄλλων
1027 4637 1321 4706 ἐμάθομεν,
1374 4639 1455 4689 ὅτι
1488 4638 1638 4690 οὐδὲν
1678 4641 1795 4710 εἰκῆ
1850 4639 1959 4691 τῶν

382 4729 531 4798 παρὰ.
559 4730 651 4781 τοῦ
683 4729 1013 4799 δημιουργοῦ
1056 4728 1354 4795 γεγονότων
1393 4730 1560 4791 ἐστὶν,
1597 4730 1732 4783 ἀλλά
1768 4733 1826 4782 τὸ
1856 4732 1962 4784 λεῖ-

382 4838 480 4872 πον
520 4820 869 4887 ἐπεισάγεται
908 4822 1022 4880 τοῖς
1069 4815 1187 4871 οὖσι
1236 4820 1323 4871 διὰ
1370 4821 1467 4889 τῆς
1513 4821 1760 4883 κτίσεως.
1797 4822 1963 4891 Δῆλον

380 4911 474 4966 οὖν
504 4916 619 4965 ἐστι
649 4912 885 4975 παντως,
916 4913 994 4963 ὃτι
1039 4912 1197 4981 εἴπερ
1227 4915 1447 4982 ἐποίησε
1474 4913 1563 4966 τὸν
1600 4914 1725 4965 Υἰὸν
1755 4916 1782 4967 ὁ
1809 4915 1963 4979 Θεὸς,

380 5006 467 5058 διὰ
494 5005 553 5056 τὸ
590 5004 771 5055 λεῖπον
802 5006 865 5072 τῇ
909 5002 1068 5070 φύσει
1093 5002 1201 5054 τῶν
1241 5004 1408 5056 ὄντων
1444 5005 1717 5073 ἐποίησεν.
1752 5006 1961 5076 Ὥσπερ

382 5092 474 5149 οῦν
506 5094 604 5147 τοῦ
635 5091 892 5161 αἰσθητοῦ
928 5092 1103 5160 φωτὸς
1132 5092 1408 5155 λείποντος
1449 5093 1637 5156 σκότος
1662 5090 1728 5163 ἦν
1748 5111 1759 5124 ·
1798 5095 1891 5147 καὶ
1915 5098 1961 5147 εἰ

387 5189 461 5257 μὴ
509 5185 750 5253 ἐγεγόνει
794 5184 854 5235 rb
889 5183 1024 5251 φῶς,
1068 5184 1359 5253 ἐπεκράτει
1396 5183 1612 5248 πάντως
1644 5186 1705 5237 τὸ
1751 5187 1960 5252 σκότος,

382 5279 554 5340 οὕτως
586 5276 796 5330 καὶτοῦ
833 5275 962 5328 Υἱοῦ
996 5275 1160 5345 μήπω
1198 5276 1505 5346 ὅντος,αύτό
1531 5294 1587 5328 τε
1626 5278 1685 5330 τὸ
1713 5277 1962 5347 ἀληθινὸν

386 5374 519 5440 φῶς,
557 5374 649 5425 καὶ
678 5372 852 5422 πάντα
879 5370 979 5421 ὃσα
1012 5369 1201 5420 ἐστὶνό
1218 5367 1366 5432 Υἱὸς,
1392 5368 1543 5421 οὔπω
1561 5364 1649 5438 ἦν.
1681 5370 1753 5420 Τὸ
1773 5370 1879 5438 γὰρ
1906 5368 1964 5420 ὃν

385 5466 478 5517 καὶ
498 5464 635 5517 κατά
649 5464 748 5534 τὴν
764 5462 862 5532 τῆς
887 5461 1151 5531 αἱρέσεως
1184 5461 1507 5532 μαρτυρίαν,
1520 5461 1614 5513 τοῦ
1630 5461 1881 5529 γενέσθαι
1903 5462 1963 5513 ού

386 5557 582 5607 δέεται.
616 5554 823 5607 Οὐκοῦν
843 5556 891 5606 εἰ
922 5552 1164 5621 ἐποίησε,
1196 5552 1257 5604 rb
1282 5552 1355 5622 μὴ
1389 5550 1448 5603 ὃν
1474 5551 1689 5613 πάντως
1720 5554 1962 5622 ἐποίησε.

391 5646 525 5716 Πρὶν
555 5643 648 5699 οὖν
673 5645 926 5714 γενέσθαι
955 5647 1073 5699 κατ’
1100 5647 1294 5708 αὐτοὺς
1322 5647 1413 5699 τὸν
1446 5646 1589 5710 Υίὸν,
1619 5646 1737 5699 οὐδὲ
1769 5648 1801 5717 ἡ
1839 5648 1969 5717 ἀλή·

466 5824 477 5854 ³
519 5821 678 5876 Joan.
718 5836 827 5886 xw,
870 5820 951 5875 10.

2059 4660 2201 4698 esse.
2264 4643 2475 4695 Etenim
2517 4657 2613 4711 per
2662 4641 2769 4693 alia
2818 4639 3133 4701 didicimus,
3180 4638 3325 4706 quod
3374 4635 3512 4690 nihil
3551 4645 3633 4689 est

2061 4734 2265 4787 frustra
2291 4736 2477 4785 eorum
2512 4746 2633 4800 quae
2663 4730 2730 4783 ab
2761 4729 2958 4797 opifice
2989 4727 3131 4781 facta
3164 4736 3314 4787 sunt,
3348 4726 3443 4781 sed
3481 4725 3630 4794 quod

2062 4825 2263 4878 deficit.
2298 4822 2554 4887 adjicitur
2587 4821 2863 4888 rebusper
2882 4818 3238 4871 creationem.
3269 4814 3630 4884 Perspicuum

2066 4916 2233 4983 igitur
2262 4914 2508 4973 omnino,
2537 4912 2682 4982 quod
2719 4912 2763 4965 si
2803 4910 3005 4963 Filium
3038 4909 3179 4964 Deus
3214 4909 3365 4971 fecit,
3416 4917 3640 4977 propter

2072 5009 2122 5060 id
2156 5007 2299 5075 quod
2334 5005 2620 5058 deficiebat
2656 5003 2708 5055 in
2740 5011 2937 5055 natura
2962 5016 3150 5054 eorum
3182 5016 3302 5068 qua:
3325 4998 3637 5059 sunt,fecit.

2071 5097 2536 5163 Quemadmodum
2571 5094 2733 5164 igitur
2766 5092 3016 5147 sensibili
3056 5093 3174 5145 luce
3208 5090 3520 5154 deficiente,
3571 5099 3643 5143 te-

2072 5190 2255 5243 nebrae
2299 5194 2457 5241 erant
2536 5201 2598 5239 ac
2645 5186 2749 5239 nisi
2814 5185 2956 5237 facta
3000 5182 3197 5237 fuisset
3246 5182 3360 5246 lux,
3404 5181 3643 5234 tenebrte

2073 5280 2296 5332 omnino
2323 5278 2738 5346 prmvaluissent
2770 5293 2780 5327 :
2807 5276 2886 5328 sic
2919 5283 2971 5327 et
3010 5273 3185 5326 Filius
3228 5287 3350 5325 cum
3400 5270 3641 5324 nondum

2073 5379 2240 5433 esset,
2279 5370 2394 5437 ipsa
2424 5382 2548 5420 vera
2577 5368 2691 5426 lux,
2716 5374 2770 5419 et
2806 5365 2987 5417 omnia
3015 5378 3135 5432 qua:
3176 5360 3352 5415 Filius
3377 5369 3460 5413 est
3506 5376 3643 5412 non-

2073 5461 2202 5514 dum
2239 5464 2415 5513 erant.
2454 5456 2606 5520 Quod
2638 5456 2783 5507 enim
2814 5449 3256 5513 est,testimonio
3278 5446 3443 5501 etiam
3467 5444 3642 5498 hmre-

2075 5568 2222 5613 seos,
2264 5550 2513 5619 generari
2546 5561 2654 5600 non
2712 5546 2938 5613 indiget.
2990 5541 3161 5611 Igitur
3193 5540 3239 5593 si
3291 5538 3440 5599 fecit,
3493 5535 3643 5606 quod

2080 5662 2186 5698 non
2226 5652 2336 5696 erat
2370 5638 2747 5711 proculdubio
2778 5635 3257 5704 fecit.Priusquam
3283 5630 3450 5701 igitur
3468 5627 3644 5683 factus
