4142 6374
519 337 621 389 89.3

1723 341 1780 396 S.
1828 338 2152 397 GREGORII
2189 337 2478 397 NYSSEN]

3685 343 3790 399 8'24

520 460 666 503 esset
701 448 892 513 Filius,
926 451 1234 506 secundum
1262 455 1434 524 ipsos,
1483 473 1660 526 neque
1706 459 1906 512 veritas
1935 459 2096 512 nimi-

2216 459 2318 510 lsta
2348 461 2590 530 δηλονότι
2636 462 2897 529 ἐγεγόνει,
2931 461 3052 515 οὔτε
3096 463 3156 514 τὸ
3191 463 3379 533 νοητὸν
3424 463 3560 531 φῶς,
3597 461 3720 515 οὒτε
3756 465 3788 533 ἡ

524 557 644 594 rum
698 540 900 607 fuerat,
962 559 1143 613 neque
1192 545 1283 599 lux
1327 559 1508 602 mente
1549 548 1878 618 cogitabilis.
1927 566 2104 618 neque

525 633 652 688 fons
683 634 826 702 vitae,
863 650 1042 705 neque
1089 638 1141 689 in
1195 639 1518 693 universum
1583 641 1750 695 ullius
1790 641 2007 696 honesti
2052 653 2105 696 et

525 723 652 778 boni
689 733 908 779 natura.
959 727 1124 797 Atqui
1189 730 1382 782 horum
1438 731 1876 800 uniuscujusque
1915 747 2102 786 exem-

525 818 712 885 ptione
739 819 885 889 quod
932 835 963 875 e
992 822 1274 876 contrario
1333 822 1682 894 intelligitur,
1719 824 1998 880 subsistit.
2044 823 2107 878 Et

528 910 576 962 si
610 910 704 964 lux
743 927 852 965 non
883 921 990 977 est,
1022 928 1130 967 non
1175 922 1354 983 potest
1377 914 1492 968 fieri
1521 916 1654 984 quin
1683 916 1794 970 sint
1839 917 2105 981 tenebrae,

528 1008 582 1053 et
610 1002 665 1055 in
699 1003 824 1058 aliis
840 1004 1035 1059 eodem
1069 1006 1253 1069 modo,
1307 1008 1429 1061 loco
1456 1023 1644 1062 eorum
1676 1025 1799 1078 quze
1843 1019 2106 1077 praestan-

528 1092 668 1144 tiora
708 1093 1112 1162 intelliguntur,
1147 1114 1270 1152 cum
1304 1098 1499 1151 horum
1528 1100 1749 1168 aliquod
1781 1115 1889 1152 non
1924 1101 2102 1161 adest,

532 1201 642 1238 non
675 1187 948 1256 contingit
1006 1191 1346 1244 contrarium
1401 1206 1632 1261 prorsus
1667 1207 1775 1244 non
1817 1207 1941 1247 esse
1989 1193 2108 1246 loco

529 1276 854 1332 deﬁcientis.
883 1278 1025 1350 Ergo
1069 1297 1301 1336 necesse
1331 1293 1415 1338 est
1473 1286 1719 1344 omnino.
1763 1285 1810 1338 si
1859 1286 2110 1339 volunta-

530 1375 638 1422 tem
671 1379 818 1425 esset
843 1371 1134 1428 habiturus
1170 1374 1333 1430 Pater
1375 1375 1611 1432 faciendi
1664 1376 1862 1431 Filium
1915 1394 2110 1431 secun-

529 1462 659 1514 dum
685 1463 956 1519 hereseos
993 1482 1325 1529 sermonem,
1370 1484 1494 1523 cum
1555 1471 1690 1523 nihil
1720 1480 1869 1525 esset
1917 1487 2106 1525 eorum

529 1567 651 1621 quae
681 1552 852 1608 Filius
885 1564 990 1617 est,
1029 1558 1210 1610 omnia
1251 1559 1530 1612 contraria
1573 1559 1628 1612 in
1668 1560 1790 1628 ipso
1817 1559 1988 1614 fuisse
2011 1575 2108 1612 au-

533 1655 779 1711 tumare;
821 1661 918 1714 pro
949 1647 1071 1702 luce
1123 1649 1403 1712 tenebras,
1459 1666 1556 1720 pro
1597 1651 1827 1706 veritate
1875 1653 2105 1706 merula-

530 1735 699 1797 cium,
735 1751 834 1805 pro
861 1738 971 1792 vita
995 1751 1247 1805 mortem,
1268 1756 1366 1809 pro
1391 1741 1532 1796 b0ll0
1560 1744 1784 1798 malum.
1821 1744 1924 1809 Qui
1955 1747 2103 1798 enim

531 1834 702 1891 creat,
743 1844 866 1897 quae
899 1845 1007 1883 non
1032 1838 1161 1884 sunt
1195 1840 1348 1884 creat
1377 1850 1391 1898 ;
1431 1833 1706 1902 siquidem
1748 1835 1795 1888 ei
1817 1835 1962 1905 quod
1996 1844 2105 1896 est,

531 1934 638 1971 non
671 1934 812 1989 opus
836 1930 942 1984 est,
978 1933 1038 1977 ut
1068 1927 1145 1979 ait
1188 1925 1514 1990 Eunomius,
1571 1937 1630 1980 ut
1687 1937 1998 1996 generetur.
2040 1929 2108 1983 lis

529 2025 662 2063 vero
719 2027 841 2081 qua:
889 2029 986 2083 per
1038 2018 1446 2086 oppositionem
1499 2019 1946 2086 considerantur,
1999 2035 2106 2074 non

531 2103 751 2157 aliunde
778 2106 1051 2176 contingit
1103 2109 1331 2162 meliora
1389 2125 1496 2163 non
1539 2125 1683 2177 esse,
1737 2126 1900 2180 quam
1934 2128 2001 2166 ex
2044 2127 2110 2166 eo

529 2195 675 2263 quod
712 2197 822 2250 sint
861 2197 1156 2254 deteriora.
1195 2199 1321 2254 llaac
1346 2201 1532 2271 itaque
1576 2203 1850 2257 lizereseos
1886 2204 2111 2272 sapien-

530 2285 604 2337 tia
633 2285 778 2340 Patri
813 2288 960 2343 dono
995 2289 1121 2352 fert,
1170 2307 1266 2360 per
1293 2308 1417 2361 qua:
1448 2294 1744 2347 dedecorat
1789 2293 1907 2348 Filii
1945 2305 2108 2349 aeter-

532 2378 779 2441 nitatem,
815 2382 1082 2436 malorum
1117 2385 1422 2452 calalogum
1458 2398 1582 2440 ante
1602 2385 1722 2440 Filii
1756 2387 2103 2444 demonstra—

531 2469 732 2521 tionem
772 2467 920 2522 Patri
949 2470 1057 2525 Deo
1099 2473 1400 2528 advehens.

602 2561 681 2613 Ac
715 2559 936 2629 quidem
991 2563 1177 2617 nullus
1226 2564 1527 2628 existimet,
1579 2567 1647 2621 ab
1703 2568 1806 2621 alia
1852 2580 2109 2624 creatura

533 2652 742 2706 scilicet
769 2654 940 2722 petito
967 2663 1316 2724 argumento,
1355 2673 1417 2711 ex
1454 2658 1555 2712 hac
1595 2662 1986 2715 consecutione
2009 2663 2109 2714 do-

532 2745 729 2811 gmatis
760 2745 1158 2800 absurditatem
1209 2747 1640 2804 demonstratam
1683 2760 1948 2806 evertere.
1974 2751 2108 2805 Nam

532 2836 832 2891 fortedicet
861 2840 1084 2908 aliquis,
1109 2841 1253 2909 quod
1279 2843 1737 2910 quemadmodum
1761 2845 1958 2896 cmlunt
1983 2859 2107 2896 cum

531 2945 640 2983 non
697 2938 866 2995 esset,
905 2932 1038 2984 nihil
1069 2940 1188 2986 erat
1225 2933 1300 2984 illi
1340 2935 1722 2987 contrarium:
1775 2935 1854 2988 sic
1883 2943 1936 2989 et
1970 2934 2111 2988 Filio

534 3022 771 3076 nondum
799 3024 1001 3093 genito,
1035 3026 1126 3094 qui
1160 3033 1240 3079 est
1272 3026 1494 3085 veritas,
1533 3040 1637 3078 non
1678 3027 1837 3094 plane
1859 3027 2113 3096 cogimur

2209 553 2358 622 πηγὴ
2393 552 2493 622 τῆς
2538 554 2703 624 ζωῆς,
2738 554 2862 608 οὔτε
2913 556 3058 619 τινὸς
3107 555 3334 610 καθόλου
3382 555 3548 610 καλοῦ
3585 574 3646 607 τε
3695 558 3789 609 καὶ

2207 643 2412 710 ἀγαθοῦ
2449 644 2608 711 φύσις
2627 662 2640 676 ο
2669 645 2807 698 ἀλλά
2838 647 2942 717 μὴν
2968 647 3170 700 τούτων
3201 647 3432 702 ἑκάστου
3458 651 3525 718 τῇ
3559 649 3786 719 ὑπεραι-

2211 735 2359 803 ρέσει
2382 736 2441 788 τὺ
2457 735 2516 800 ἐξ
2536 738 2775 791 ἐναντίου
2800 738 3089 809 νοούμενον
3112 739 3656 810 παρυφίσταται.Κα“ι
3676 757 3787 808 φω-

2207 826 2297 890 τὸς
2329 827 2403 897 μὴ
2435 827 2586 890 ὄντος
2619 828 2718 883 οὐκ
2751 828 2864 882 ἔστι
2895 832 2970 900 μὴ
3006 830 3194 894 σκότος
3226 825 3387 895 εἶναι,
3430 832 3526 884 καὶ
3557 832 3650 884 ἐπὶ
3680 829 3790 883 τῶν

2209 918 2382 971 ἄλλων
2405 920 2686 986 ὡσαύτως,
2713 921 2829 975 ἀνθ’
2856 923 3086 976 ἑκάστου
3133 923 3242 975 τῶν
3279 923 3416 995 πρὸς
3445 923 3506 976 τὸ
3545 925 3790 994 κρεῖττον

2209 1009 2534 1078 νοουμένων,
2565 1011 2691 1064 ὅταν
2721 1015 2796 1084 μὴ
2841 1017 2990 1085 παρῇ
3031 1031 3084 1066 τι
3116 1013 3342 1078 τούτων,
3372 1015 3472 1068 οὐκ
3515 1014 3788 1085 ἐνδέχεται

2214 1101 2288 1172 μὴ
2337 1101 2397 1153 τὸ
2437 1103 2678 1156 ἐναντίον
2728 1106 2946 1169 πάντως
2992 1101 3129 1159 εἶναι
3149 1100 3154 1104 ⁷
3178 1107 3298 1159 ἀντὶ
3341 1105 3436 1159 τοῦ
3491 1106 3785 1169 λείποντος.

2224 1191 2458 1264 Ἀνάγκη
2489 1189 2582 1247 οὖν
2609 1196 2756 1248 πᾶσα
2782 1197 2858 1259 ὡς
2876 1197 3068 1266 ἔμελλε
3099 1197 3271 1250 θέλειν
3289 1200 3317 1250 6
3341 1198 3527 1268 Πατὴρ
3549 1199 3639 1251 τὸν
3665 1199 3790 1251 Υἱδν

2213 1287 2438 1355 ποιῆσαι
2472 1286 2612 1340 κατά
2641 1287 2732 1341 τὸν
2755 1289 2854 1358 τῆς
2881 1289 3144 1358 αἱρέσεως
3168 1289 3346 1356 λόγον,
3381 1290 3610 1358 μηδενὸς
3642 1291 3790 1352 ὄντος

2211 1376 2318 1429 τῶν
2356 1378 2454 1430 ὅσα
2482 1381 2510 1430 6
2543 1379 2671 1442 Υἱός
2715 1381 2884 1441 ἐστιν,
2918 1381 3096 1434 πάντα
3123 1379 3191 1433 τὰ
3225 1381 3442 1434 ἐναντία
3470 1382 3600 1452 περὶ
3633 1381 3792 1435 αὑτὸν

2213 1464 2348 1522 εἶναι
2397 1469 2577 1538 λέγειν
2600 1487 2614 1500 ⁸
2647 1473 2766 1524 ἀντὶ
2822 1471 2914 1524 τοῦ
2963 1473 3139 1542 φωτὸς
3177 1473 3238 1525 τὸ
3287 1473 3498 1536 σκότος,
3536 1474 3655 1526 ἀντὶ
3691 1476 3793 1543 τῆς

2211 1559 2467 1631 ἀληθείας
2496 1562 2554 1615 τὸ
2583 1561 2797 1630 ψεῦδος,
2824 1563 2943 1615 ἀντὶ
2967 1562 3065 1632 τῆς
3097 1563 3242 1630 ζωῆς
3271 1563 3360 1614 τὸν
3383 1561 3635 1626 θάνατον,
3672 1565 3792 1615 ἀντὶ

2212 1649 2306 1720 τοῦ
2336 1651 2500 1704 καλοῦ
2528 1651 2586 1704 τὸ
2618 1651 2804 1705 κακόν.
2851 1652 2907 1705 't)
2933 1651 3042 1722 γάρ
3068 1651 3286 1714 κτίζων,
3323 1651 3388 1704 τὰ
3414 1652 3490 1722 μὴ
3519 1652 3646 1705 ὄντα
3672 1653 3759 1704 κτί
3777 1685 3790 1691 -

2215 1743 2325 1808 ζει·
2355 1743 2434 1813 τῷ
2473 1743 2583 1814 γὰρ
2614 1743 2749 1803 ὄντι,
2797 1743 2976 1806 καθώς
3019 1761 3182 1813 φησιν
3216 1746 3243 1794 6
3286 1743 3572 1812 Εὑνόμιος,
3617 1745 3678 1796 οὐ
3715 1744 3793 1796 δεῖ

2212 1837 2535 1906 γεννήσεως.
2563 1836 2683 1888 Τῶν
2711 1835 2768 1888 δὲ
2796 1835 2936 1888 κατά
2958 1834 3230 1888 ἀντίθεσιν
3263 1835 3670 1905 θεωρουμένων,
3694 1833 3794 1886 οὐκ

2211 1931 2482 2000 ἐνδέχεται
2519 1928 2694 1992 άλλως
2731 1928 2801 1981 τὰ
2847 1927 3082 1999 κρείττω
3119 1926 3193 1998 μὴ
3228 1924 3385 1987 εἶναι,
3429 1927 3462 1998 ἤ
3511 1929 3575 1979 ὲκ
3606 1926 3700 1979 τοῦ
3723 1927 3793 1980 τὰ

2212 2024 2430 2093 χείρονα
2482 2018 2639 2075 εἷναι.
2683 2019 2870 2074 Ταῦτα
2907 2020 3086 2072 τοίνυν
3121 2021 3154 2089 ἠ
3185 2019 3348 2088 σοφία
3391 2018 3493 2088 τῆς
3534 2017 3792 2088 αἱρέσεως

2211 2115 2510 2185 δωροφορεϊ
2558 2114 2636 2183 τῷ
2667 2114 2862 2183 Πατρϊ,
2913 2113 2979 2165 δι’
3026 2106 3101 2165 ὧν
3137 2111 3394 2183 ἀτιμάζει
3444 2113 3539 2165 τοῦ
3574 2111 3705 2164 Υίοῦ
3730 2112 3796 2164 1:6

2211 2207 2401 2266 ἀΐδιον,
2432 2209 2521 2260 τὸν
2552 2207 2660 2258 τῶν
2700 2205 2888 2258 κακῶν
2926 2204 3226 2272 κατάλογον
3261 2205 3365 2275 πρὸ
3396 2204 3497 2274 τῆς
3535 2203 3628 2256 τοῦ
3663 2203 3792 2256 Υίοῦ

2211 2302 2531 2367 ἀναδείξεως
2567 2300 2918 2370 προτάγουσα
2947 2298 3024 2368 τῷ
3055 2297 3174 2367 Θεῷ
3205 2298 3298 2350 καί
3326 2297 3521 2366 Πατρί.

2283 2567 2390 2620 Καὶ
2452 2565 2640 2634 μηδεὶς
2690 2565 2754 2616 ἐκ
2807 2561 2906 2631 τῆς
2959 2561 3126 2631 ἄλλης
3184 2560 3415 2624 κτίσεως
3465 2561 3794 2631 ἀνατρέπειν

2211 2653 2404 2706 οἰέσθω
2436 2652 2533 2720 τὴν
2565 2653 2629 2702 ἐκ
2657 2650 2757 2718 τῆς
2793 2648 3114 2712 ἀκολουθίας
3144 2649 3350 2720 ταύτης
3387 2650 3792 2720 ἀναδειχθεϊσαν

2213 2744 2443 2796 ἀτοπίαν
2463 2742 2555 2795 τοῦ
2579 2743 2870 2811 δόγματος.
2906 2741 3050 2812 Ἐρεϊ
3075 2742 3182 2812 γάρ
3209 2759 3294 2806 τις
3322 2742 3470 2813 ἴσως,
3498 2743 3579 2796 ὅτι
3604 2744 3796 2816 ὥσπερ

2215 2836 2305 2888 τοῦ
2333 2833 2562 2906 οὐρανοῦ
2600 2834 2676 2904 μὴ
2719 2835 2872 2896 ὄντος
2910 2834 3060 2886 οὐδὲν
3097 2835 3335 2888 ἐναντίον
3377 2837 3579 2906 τούτῳ·
3621 2837 3792 2901 οὕτως

2215 2929 2308 2979 καὶ
2338 2926 2430 2978 τοῦ
2477 2926 2606 2978 Υἱοῦ
2646 2927 2811 2996 μήπω
2843 2926 3155 2996 γενομένου,
3187 2928 3244 2990 ὃς
3282 2929 3428 2980 ἐστιν
3459 2928 3700 2999 ἀλήθεια,
3728 2931 3791 2982 οὐ

2215 3023 2432 3082 πάντως
2453 3020 2873 3089 ἀναγκαζόμεθα
2897 3021 2956 3072 τὸ
2989 3021 3230 3073 ἐναντίον
3254 3017 3394 3072 εἶναι
3429 3021 3791 3075 συντίθεσθαι.

533 3116 876 3169 contrarium
905 3115 1081 3170 fuisse
1111 3117 1380 3171 confiteri.
1417 3116 1516 3170 (lui
1549 3118 1993 3186 respondendum
2021 3128 2107 3176 est

2220 3112 2357 3181 Πρὸς
2388 3112 2446 3164 ὃν
2478 3112 2620 3163 ἔστιν
2649 3113 2849 3163 εἰπεῖν·
2887 3112 2967 3163 ὅτι
2999 3111 3213 3182 οὐρανῷ
3247 3112 3365 3183 μὲν,
3398 3112 3458 3165 τὸ
3481 3113 3790 3183 ἀντικείμε-

533 3208 675 3275 quod
710 3209 850 3261 emlo
879 3208 1095 3276 quidem
1150 3207 1282 3261 nihil
1315 3217 1396 3261 est
1431 3209 1763 3276 oppositum,
1803 3209 1910 3262 nisi
1962 3209 2101 3264 forte

533 3301 659 3368 quis
691 3303 868 3364 ipsum
904 3315 1010 3354 non
1053 3316 1175 3353 esse
1218 3301 1391 3369 ipsius
1423 3317 1545 3354 esse
1589 3301 1900 3370 oppositum
1942 3303 2110 3354 dicat.

534 3393 738 3445 Virtuti
775 3401 978 3454 autem,
1005 3391 1150 3459 quod
1183 3391 1484 3445 secundum
1521 3393 1710 3444 vitium
1747 3403 1831 3446 est
1884 3408 2112 3460 prorsus

535 3483 877 3538 adversatur.
915 3483 1102 3537 Virtus
1131 3491 1312 3536 autem
1341 3482 1628 3535 Dominus.
1681 3481 1864 3547 Quare
1909 3485 2110 3538 cmlum

535 3577 580 3631 si
613 3590 720 3629 non
751 3584 890 3635 erat,
923 3573 1058 3626 nihil
1091 3581 1228 3636 erat,
1270 3573 1475 3627 bonum
1527 3581 1709 3628 autem
1760 3576 1804 3629 si
1850 3591 1959 3629 non
1996 3587 2115 3631 erat

535 3664 870 3719 contrarium
911 3670 1049 3716 erat.
1084 3662 1188 3726 Qui
1225 3662 1393 3732 igitur
1429 3664 1629 3716 bonum
1664 3679 1774 3717 non
1806 3679 1932 3719 esse
1961 3681 2112 3721 asse-

535 3757 630 3820 rit,
661 3755 861 3808 malum
908 3769 1032 3808 esse
1084 3753 1288 3807 invitus
1333 3753 1608 3807 fatebitur.
1667 3755 1836 3826 Atqui
1927 3755 2113 3822 Pater,

538 3847 736 3917 inquit,
775 3846 1001 3900 omnino
1029 3845 1269 3916 perfecta
1303 3855 1387 3900 est
1422 3847 1621 3913 virtus,
1673 3857 1726 3903 et
1760 3851 1891 3916 vita,
1938 3858 1992 3906 et
2024 3851 2112 3904 lux

538 3941 842 4002 inaccessa,
880 3939 1169 4008 omniaque
1216 3939 1432 3993 excelsa
1482 3940 1682 3995 mentis
1730 3957 1890 3997 sensa
1925 3950 1979 3997 et
2020 3960 2116 3995 no-

537 4032 684 4084 mina
718 4049 730 4084 :
760 4031 833 4084 ita
878 4039 938 4084 ut
968 4045 1076 4084 non
1107 4030 1175 4084 sit
1223 4032 1620 4096 necessarium,
1665 4035 1884 4101 quando
1929 4036 2116 4104 unige-

539 4123 652 4176 nita
701 4123 794 4175 lux
840 4122 1083 4176 nondum
1117 4133 1258 4188 erat,
1311 4123 1455 4192 quod
1491 4138 1555 4177 ex
1606 4125 1836 4180 adverso
1875 4132 2118 4183 occur-nit

540 4234 605 4271 ex
655 4216 936 4268 contrario
983 4214 1235 4284 intelligi,
1293 4230 1488 4285 nempe
1539 4217 1814 4272 tenebras.
1865 4217 1970 4274 Sed
2032 4222 2118 4273 hic

541 4324 696 4363 meus
753 4315 838 4360 est
896 4323 1101 4368 sermo,
1158 4318 1302 4376 quoa
1354 4323 1532 4378 neque
1577 4324 1818 4377 unquam
1879 4313 2118 4365 tenelira:

541 4406 717 4452 erant.
763 4396 948 4466 Neque
996 4397 1140 4451 enim
1175 4412 1412 4466 unquam
1465 4413 1572 4452 non
1606 4397 1708 4452 fuit
1742 4399 1832 4453 lux
1863 4417 1875 4452 :
1901 4416 2120 4470 semper

2214 3208 2303 3258 νόν
2327 3207 2474 3256 ἐστιν
2497 3203 2668 3266 οὐδὲν,
2702 3205 2749 3255 εί
2773 3203 2845 3273 μὴ
2876 3202 2983 3272 ἄρα
3003 3202 3080 3274 τῷ
3107 3199 3243 3257 εἶναι
3269 3204 3449 3268 αὑτὸν,
3475 3205 3536 3257 τὸ
3561 3206 3638 3275 μὴ
3656 3202 3793 3258 εἷναί

2214 3315 2297 3360 τις
2339 3296 2484 3362 λέγοι
2539 3295 2832 3348 ἀντίθετον.
2867 3296 2944 3365 Τῇ
2997 3295 3052 3347 δὲ
3091 3297 3257 3366 ἀρετῇ
3303 3297 3363 3350 τὸ
3418 3297 3559 3350 κατὰ
3598 3298 3796 3351 κακίαν

2217 3391 2436 3449 πάντως
2481 3386 2960 3456 ἀντικαθέστηκεν.
3009 3388 3202 3457 Ἀρετὴ
3244 3389 3300 3440 δὲ
3327 3391 3354 3442 6
3389 3389 3620 3458 Κύριος·
3653 3391 3791 3444 ὥστε

2216 3481 2443 3555 οὐρανοῦ
2478 3481 2576 3551 μὲν
2615 3481 2686 3551 μὴ
2713 3480 2885 3542 ὄντος,
2914 3479 3065 3531 οὐδὲν
3089 3475 3176 3549 ἦν,
3211 3479 3416 3548 ἀγαθοῦ
3442 3481 3498 3534 δὲ
3527 3481 3601 3552 μὴ
3623 3482 3794 3545 ὄντος,

2215 3574 2274 3626 τὸ
2314 3571 2552 3625 ἐναντίον
2580 3567 2668 3642 ἦν.
2719 3571 2776 3622 '0
2800 3566 2894 3624 οὖν
2923 3570 2984 3622 τὸ
3015 3570 3218 3638 ἀγαθὸν
3247 3570 3419 3639 λέγων
3454 3571 3529 3644 μὴ
3554 3569 3712 3637 εἶναι,
3736 3575 3798 3626 τὸ

2217 3665 2386 3720 κακὸν
2427 3662 2686 3719 εἶναικαὶ
2717 3663 2791 3735 μὴ
2835 3663 3158 3734 βουλόμενος
3202 3664 3414 3726 πάντως
3450 3665 3794 3735 συνθήσεται.

2231 3758 2392 3812 Ἀλλά
2418 3759 2510 3811 καὶ
2538 3757 2565 3810 ό
2596 3756 2808 3827 Πατὴρ,
2838 3755 2990 3825 φησι,
3027 3755 3119 3807 κα)⁸
3144 3755 3414 3825 παντελής
3447 3756 3592 3810 ἐστιν
3629 3756 3800 3828 ἀρετὴ

2219 3850 2312 3903 καὶ
2351 3848 2484 3920 ζωὴ,
2539 3849 2632 3900 καὶ
2670 3847 2964 3917 ἀπρόσιτον
2997 3845 3131 3914 φῶς,
3171 3847 3265 3900 καὶ
3309 3847 3485 3900 πάντα
3516 3847 3581 3900 τὰ
3620 3847 3799 3918 ὑψηλά

2220 3942 2468 4015 νοήματά
2497 3958 2556 3994 τε
2589 3939 2685 3994 καὶ
2731 3937 3078 4009 όνόματα⁶ὠς
3123 3938 3196 4010 μὴ
3231 3935 3367 3992 εἶναι
3406 3941 3672 4009 ἀνάγκην,
3709 3941 3797 3992 ὅτε

2219 4035 2279 4086 τὸ
2327 4032 2610 4103 μονογενὲς
2649 4030 2764 4098 φῶς
2797 4028 2950 4082 οὔπω
2993 4024 3082 4098 ἦν,
3124 4029 3184 4082 τὸ
3230 4029 3560 4100 κατάλληλον
3602 4031 3667 4082 ἐκ
3705 4029 3799 4082 τοῦ

2221 4126 2460 4180 ἐναντίου
2495 4123 2732 4177 νοεῖσθαι
2767 4123 2974 4186 σκότος.
3011 4121 3148 4174 Ἀλλ’
3171 4119 3325 4186 οὗτος
3355 4125 3382 4174 6
3409 4123 3540 4186 ὲμός
3577 4123 3691 4175 ἐστι
3713 4123 3798 4176 λό-

2221 4236 2336 4287 γος,
2365 4218 2446 4270 ὅτι
2469 4215 2587 4268 οὺδέ
2618 4231 2748 4266 ποτε
2785 4215 2976 4275 σκότος
2996 4208 3084 4284 ἦν.
3118 4213 3252 4265 Οὐδὲ
3285 4213 3392 4283 γάρ
3431 4229 3558 4264 ποτε
3592 4213 3652 4265 τὸ
3683 4213 3795 4282 φῶς

2221 4313 2319 4364 οὐκ
2349 4307 2438 4381 ἦν,
2469 4309 2554 4360 ἀεὶ
2579 4306 2686 4377 γὰρ
2721 4309 2778 4359 ὲν
2813 4305 2891 4376 τῷ
2918 4308 3056 4373 φωτὶ
3082 4305 3258 4358 πάντα
3288 4305 3403 4357 ἐστὶ
3428 4304 3489 4357 τὸ
3526 4303 3662 4372 φῶς,
3697 4320 3795 4356 κα-

2223 4402 2329 4464 θὼς
2359 4404 2392 4471 ὴ
2422 4399 2728 4470 προφητεία
2749 4397 2915 4466 λέγει.
2940 4398 3003 4449 Εἰ
3027 4396 3084 4449 δὲ
3117 4396 3258 4450 κατὰ
3283 4396 3373 4449 τὸν
3397 4396 3554 4464 λόγον
3581 4398 3681 4466 τῆς
3713 4395 3798 4448 ai-

541 4495 687 4546 enim
721 4493 774 4545 in
807 4493 927 4545 luce
955 4491 1136 4543 omnia
1164 4499 1292 4544 sunt
1333 4491 1443 4553 lux,
1480 4491 1624 4545 sicut
1655 4491 1936 4560 prophetia
1965 4492 2112 4547 dicit.

2231 4492 2450 4562 ρέσεως,
2487 4489 2616 4542 ἄλλο
2643 4489 2705 4541 τὸ
2741 4486 3033 4557 ἀγέννητόν
3073 4487 3190 4539 ἐστι
3223 4485 3354 4554 φῶς,
3398 4486 3577 4540 καὶτὸ
3615 4487 3714 4556 μὲν
3739 4487 3795 4550 ἐξ

541 4584 697 4649 Quod
743 4584 788 4638 si
836 4583 1138 4637 secundum
1176 4598 1482 4637 sermonem
1525 4584 1795 4638 hmrescos
1846 4585 1950 4637 alia
1996 4586 2120 4655 qui-

541 4677 664 4729 dem
705 4684 788 4729 est
813 4675 905 4728 lux
951 4675 1212 4743 ingenita,
1243 4683 1296 4728 et
1336 4675 1448 4728 haec
1496 4674 1564 4727 ab
1592 4683 1820 4737 :eterno,
1859 4675 1962 4728 alia
1992 4692 2120 4730 vero

543 4784 664 4837 quae
701 4777 887 4837 postea
918 4776 1491 4836 generaturznecesse
1533 4777 1616 4821 est
1657 4769 1876 4836 penitus
1903 4776 2122 4823 aeternae

548 4859 652 4912 luci
701 4873 981 4927 nunquam
1034 4858 1214 4909 locum
1253 4858 1501 4912 invenire
1548 4857 1851 4913 adversarii
1899 4864 2123 4929 opposi-

545 4959 659 5002 tum
687 4967 700 5013 ;
731 4964 943 5018 semper
973 4949 1119 5002 enim
1153 4949 1272 5001 luce
1313 4949 1548 5006 lucente.
1589 4949 1641 5002 in
1675 4966 1736 5003 ea
1771 4951 2119 5005 tenebrarum

545 5044 790 5103 operatio
817 5050 1031 5109 tempus
1055 5055 1161 5094 non
1185 5041 1365 5095 habet.
1399 5040 1454 5094 lu
1487 5058 1549 5095 ea
1582 5050 1762 5096 autem
1791 5059 1911 5111 qua:
1936 5052 2120 5112 postea

548 5135 688 5184 facta
726 5140 827 5195 est,
881 5132 1021 5184 sicut
1069 5132 1144 5184 illi
1195 5132 1369 5197 aiunt,
1409 5148 1514 5186 non
1549 5148 1709 5200 posse
1740 5134 1878 5193 fieri,
1916 5151 2024 5187 nun
2057 5150 2119 5186 ex

545 5223 787 5277 tenebris
833 5223 1011 5277 lucem
1064 5224 1384 5293 splendere;
1438 5223 1532 5278 sed
1581 5227 1784 5294 passim
1814 5236 1868 5280 et
1899 5226 2123 5280 omnino

545 5325 762 5367 aeternae
794 5312 904 5368 luci
933 5323 988 5368 et
1019 5314 1066 5369 ei
1109 5329 1230 5384 qure
1277 5315 1552 5384 posterior
1583 5315 1729 5369 facta
1763 5325 1869 5381 est,
1915 5317 2123 5372 medias

546 5407 932 5462 intercessisse
973 5407 1230 5461 tenebras
1280 5407 1742 5477 deprehendetur.
1804 5407 1922 5462 Non
1976 5409 2122 5462 enim

544 5515 686 5568 Opus
725 5499 920 5555 fuisset
950 5499 1310 5569 posteriorem
1339 5501 1482 5554 hanc
1512 5501 1689 5556 lucem
1726 5501 1984 5565 condere,
2017 5502 2124 5555 nisi

547 5593 614 5645 ad
655 5593 892 5663 aliquam
936 5592 1226 5647 utilitatem
1268 5602 1646 5664 comparatum
1690 5602 1837 5648 esset
1881 5593 1933 5648 id
1977 5594 2123 5664 quod

548 5692 787 5738 creatur.
820 5683 937 5737 Una
972 5694 1154 5738 autem
1190 5685 1330 5739 lucis
1364 5685 1594 5749 utilitas,
1628 5693 1686 5739 ut
1726 5685 1902 5755 caligo
1927 5700 2128 5754 pra-ava-

549 5777 666 5832 lcus
700 5779 766 5832 ab
813 5778 929 5848 ipsa
967 5778 1313 5848 dissipetur,
1340 5777 1434 5833 sed
1478 5779 1571 5831 lux
1599 5778 1817 5849 quidem
1859 5779 2122 5845 increata,

2224 4581 2414 4642 ἀϊδίου,
2439 4581 2595 4634 τοῦτο
2622 4579 2678 4632 δὲ
2713 4578 2848 4649 μετά
2869 4577 3040 4632 ταῦτα
3073 4579 3385 4647 γενόμενον,
3407 4577 3620 4648 ἀνάγκη
3649 4581 3796 4631 πᾶσα

2222 4674 2298 4744 τῷ
2342 4675 2440 4744 μὲν
2466 4675 2620 4744 ἀϊδίῳ
2649 4673 2810 4740 φωτὶ,
2848 4672 3116 4741 μηδέποτε
3153 4669 3338 4742 χώραν
3367 4673 3546 4742 εὑρεῖν
3578 4673 3796 4725 ἀντικα-

2221 4766 2483 4834 ταστῆναι
2515 4766 2574 4817 τὸ
2619 4765 3023 4833 ἀντικείμενον·
3073 4764 3164 4816 ἀεὶ
3210 4762 3320 4834 γάρ
3352 4762 3656 4832 λάμποντος
3701 4763 3793 4816 τοῦ

2224 4860 2416 4927 φωτὸς,
2453 4858 2755 4929 ἡένέργεια
2785 4855 2880 4909 τοῦ
2909 4855 3134 4918 σκότους
3169 4856 3254 4909 ἐπ’
3285 4853 3450 4908 αὑτοῦ
3479 4856 3669 4926 καιρὸν
3696 4857 3794 4908 οὐκ

2224 4955 2352 5025 ἔχει.
2398 4954 2521 5006 Ἐπὶ
2565 4951 2618 5003 δὲ
2659 4949 2752 5002 τοῦ
2786 4948 2925 5018 μετὰ
2960 4947 3158 5010 ταῦτα,
3190 4947 3373 5011 καθὼς
3415 4947 3611 5001 ἐκεῖνοί
3644 4965 3791 5017 φασι,

2223 5045 2521 5113 γεγονότος,
2557 5045 2836 5113 ἀμήχανον
2892 5039 3030 5094 εἶναι
3087 5039 3162 5110 μὴ
3195 5041 3259 5093 ὲκ
3293 5040 3518 5101 σκότους
3571 5041 3633 5093 τὸ
3681 5041 3790 5108 φῶς

2222 5136 2455 5205 λάμψαι,
2482 5134 2618 5186 ἀλλὰ
2641 5133 2816 5201 πάντη
2839 5133 2934 5184 καὶ
2966 5131 3181 5192 πάντως
3209 5129 3302 5183 τοῦ
3332 5147 3388 5183 τε
3426 5131 3596 5183 ἀϊδίου
3620 5129 3792 5200 φωτὸς

2223 5229 2318 5280 καὶ
2347 5226 2440 5279 τοῦ
2484 5226 2708 5295 ὕστερον
2761 5222 3050 5292 γενομένου
3095 5224 3320 5285 σκότους
3363 5221 3425 5275 τὸ
3464 5222 3629 5293 μέσον
3673 5221 3790 5274 διαο

2221 5319 2575 5390 ληφθήσεται.
2626 5317 2700 5370 Οὐ
2736 5315 2845 5386 γὰρ
2882 5315 2948 5367 ἂν
2981 5317 3080 5386 τῆς
3127 5315 3469 5384 κατασκευῆς
3516 5315 3607 5368 τοῦ
3658 5315 3792 5385 μετά

2222 5412 2394 5465 ταῦτα
2430 5410 2605 5480 φωτὸς
2655 5407 2813 5479 χρεία
2847 5405 3076 5474 ἐγίνετο,
3110 5407 3160 5458 εἰ
3201 5405 3278 5478 μὴ
3315 5406 3451 5476 πρός
3495 5423 3548 5458 τι
3598 5406 3792 5476 XM“-

2227 5523 2324 5574 μον
2361 5499 2430 5574 ἦν
2471 5502 2532 5555 τὸ
2577 5501 2914 5570 κτιζόμενον.
2947 5500 3062 5554 Μία
3109 5500 3166 5552 δὲ
3217 5499 3394 5568 φωτὸς
3446 5498 3645 5569 χρῆσις
3699 5497 3792 5550 τοῦ

2223 5587 2445 5650 λύεσθαι
2476 5595 2570 5647 ἀπ’
2618 5592 2782 5647 αὑτοῦ
2811 5591 2903 5645 τὸν
2935 5591 3308 5663 ὲκκρατοῦντα
3356 5591 3540 5657 ζόφον.
3575 5589 3649 5642 Τὸ
3696 5589 3793 5658 μὲν

2224 5683 2316 5741 οὖν
2353 5687 2618 5748 ἀκτίστως
2661 5679 2729 5755 ἦν
2767 5683 2902 5751 φῶς,
2941 5681 3074 5736 αὐτὸ
3109 5681 3176 5735 δι’
3226 5681 3419 5735 ἑαυτοῦ
3467 5683 3616 5733 ἐστιν
3659 5681 3792 5750 ὅπερ

2226 5777 2342 5830 ἐστὶ
2375 5779 2448 5848 τῇ,
2469 5775 2648 5844 φύσει.
2673 5773 2746 5826 T6
2774 5772 2830 5826 δὲ
2886 5770 3197 5843 κτιζόμενον
3221 5769 3310 5826 διά
3342 5787 3394 5824 τι
3421 5771 3628 5840 γίνεται
3661 5769 3767 5824 πάν
