4142 6374
467 380 571 437 827

1712 369 1772 426 S.
1812 367 2139 425 GREGOBII
2174 368 2469 429 NYSSENI

3619 361 3722 419 8‘28

465 494 662 557 videat,
698 492 897 546 idcirco
926 506 1244 562 consequens
1275 499 1376 555 est,
1414 506 1575 559 neque
1621 489 1685 543 ab
1723 489 1844 543 aliis
1872 489 2044 543 homi-

2160 489 2261 543 τῶν
2302 489 2493 543 ὄντων
2523 489 2787 558 εὕρεσιν.
2831 488 2968 542 Ἀλλ’
3014 489 3216 558 εἴποιμ’
3258 486 3323 541 ἂν
3362 486 3498 557 πρὸς
3539 484 3721 549 αὑτὸν,

468 588 623 641 nibus
666 602 849 641 eorum
903 601 1019 655 qua:
1066 594 1190 638 sunt
1234 584 1585 636 inventionem
1634 582 1827 651 attingi
1870 596 2041 649 posse.

469 680 673 737 Verum
717 678 845 733 huic
886 677 1212 740 dixerimus,
1245 674 1389 744 quod
1440 675 1533 744 qui
1587 674 1807 739 asserit,
1861 687 2043 727 rerum

470 770 845 825 inventionem
889 766 1279 836 comprehendi
1329 780 1526 834 posse,
1570 764 1660 817 via
1709 764 1943 833 quadam
1992 770 2047 816 et

470 860 877 917 oonsecutionis
934 859 1075 913 serie
1114 873 1211 926 per
1243 873 1427 911 rerum
1464 857 1851 926 cognitionem,
1890 869 2045 909 suam

471 954 886 1025 intelligentiam
939 950 1209 1020 provexit.
1266 949 1331 1004 Et
1385 966 1481 1019 per
1525 966 1587 1004 ea
1644 964 1766 1019 quae
1829 948 2047 1001 facilius

471 1031 682 1117 percipi
711 1050 944 1115 possunt
972 1052 1025 1097 et
1056 1042 1268 1096 minora
1307 1041 1640 1096 exercitatus
1677 1056 1771 1109 per
1796 1054 2045 1107 compre-

476 1138 792 1192 hensionem
824 1153 839 1189 :
873 1135 953 1188 sic
1000 1134 1218 1187 tandem
1260 1142 1313 1186 et
1354 1132 1441 1187 his
1488 1147 1610 1201 quae
1648 1146 1863 1185 omnem
1905 1130 2049 1183 noti-

472 1230 603 1283 tiam
670 1233 952 1297 superant,
1003 1240 1158 1280 suam
1216 1224 1719 1293 comprehensivam
1780 1222 2044 1275 visionem

474 1323 590 1377 sive
625 1319 1067 1389 imaginationem
1110 1317 1394 1387 applicuit.
1429 1315 1532 1381 Qui
1582 1316 1743 1383 igitur
1785 1312 2048 1382 gloriatur

469 1410 860 1482 jactabundus,
917 1426 977 1465 se
1013 1424 1203 1465 eorum
1246 1422 1367 1474 quae
1416 1417 1545 1461 sunt
1589 1405 1873 1458 scientiam
1922 1403 2049 1456 ade-

472 1512 627 1575 ptum
668 1518 810 1565 esse,
846 1502 991 1572 quod
1039 1501 1323 1554 minimum
1365 1507 1449 1552 est
1492 1513 1680 1552 eorum
1731 1512 1852 1565 quae
1891 1495 2048 1547 nobis

474 1603 601 1649 ante
636 1594 827 1648 oculos
869 1601 1154 1662 apparent,
1201 1605 1320 1660 quae
1355 1590 1426 1642 sit
1466 1588 1588 1657 ejus
1636 1596 1837 1641 natura
1888 1585 2048 1640 nobis

474 1686 752 1754 cxplanet,
796 1690 854 1735 ut
901 1699 966 1738 ex
998 1698 1064 1736 eo
1102 1681 1247 1751 quod
1290 1688 1478 1733 notum
1526 1687 1611 1734 est
1654 1678 1720 1734 de
1771 1694 1837 1732 eo
1884 1679 2048 1731 etiam

474 1776 621 1844 quod
679 1775 958 1831 occultum
1018 1784 1104 1829 est
1152 1784 1204 1828 et
1250 1772 1587 1840 incognitum
1656 1769 1813 1823 fidem
1864 1769 2047 1822 faciat.

2146 584 2227 637 ὅτι
2254 586 2283 637 6
2312 582 2538 654 ὲφικτὴν
2580 578 2721 635 εἶναι
2768 582 2939 649 λέγων
2991 580 3100 633 τῶν
3135 581 3302 634 ὄντων
3354 580 3453 649 τὴν
3485 576 3717 648 εὕρεσιν,

2145 672 2249 744 ὀδῷ
2276 692 2381 726 τινι
2438 674 2655 736 πάντως
2683 674 2776 726 καὶ
2810 672 3096 742 ἀκολουθίᾳ
3142 670 3229 725 διὰ
3274 671 3373 741 τῆς
3402 668 3511 723 τῶν
3556 670 3722 722 ὄντων

2146 766 2402 835 γνώσεως
2457 768 2773 838 προήγαγεν
2806 765 2999 819 ἑαυτοὺ
3043 765 3142 835 τὴν
3169 765 3429 818 διάνοιαν.
3461 762 3569 815 Καὶ
3613 764 3721 824 τοῖς

2146 858 2433 928 εὑλήπτοις
2468 876 2526 911 τε
2560 861 2650 912 καὶ
2702 858 3043 928 μικροτέροις
3078 856 3474 928 έγγυμνασθεὶς
3502 855 3589 908 διὰ
3625 854 3722 922 τῆς

2146 948 2505 1018 καταλήψεως
2526 965 2541 979 ·
2572 948 2744 1011 οὑτως
2771 949 2865 1001 καὶ
2891 950 3002 1011 τοῖς
3034 948 3288 1000 ἐπέκεινα
3315 946 3495 1015 πάσης
3520 945 3721 1007 ἑννοίας

2147 1042 2411 1096 ἐπέϐαλεν
2438 1042 2632 1096 ἑαυτοῦ
2679 1042 2777 1113 τὴν
2821 1041 3229 1113 καταληπτικὴν
3261 1038 3576 1108 φαντασίαν.
3623 1037 3725 1089 Οὑ-

2148 1135 2277 1187 κοῦν
2306 1136 2334 1187 6
2362 1134 2459 1206 τὴν
2485 1135 2611 1205 περὶ
2640 1133 2749 1187 τῶν
2772 1134 2940 1187 ὄντων
2968 1132 3171 1203 εἴδησιν
3218 1129 3601 1201 κατειληφέναι
3630 1146 3722 1198 με-

2147 1226 2607 1297 γαλαυχούμενος,
2642 1226 2704 1279 τὸ
2754 1225 3080 1297 μικρότατον
3126 1223 3233 1276 τῶν
3281 1220 3721 1294 προφαινομένων

2148 1321 2299 1388 ἡμῖν,
2345 1319 2493 1381 ὅπως
2527 1319 2638 1388 ἔχοι
2689 1317 2903 1385 φύσεως
2953 1315 3361 1387 ὲρμηνευσάτω.
3408 1314 3495 1377 Ὡς
3544 1312 3609 1366 ἂν
3641 1312 3723 1366 διὰ

2147 1409 2240 1461 τοῦ
2268 1408 2544 1479 γνωρίμου
2569 1410 2661 1461 καὶ
2691 1409 2818 1479 περὶ
2844 1406 2937 1459 τοῦ
2962 1406 3343 1477 κεκρυμμένου
3375 1404 3723 1458 πιστώσαιτο.

2148 1500 2259 1553 Καὶ
2305 1500 2389 1562 τίς
2434 1502 2467 1570 ή
2503 1500 2598 1553 τοῦ
2658 1500 2947 1571 μύρμηκος
2996 1498 3156 1567 φύσις
3214 1496 3602 1568 έρμηνευσάτω
3652 1494 3726 1564 τῷ

2148 1591 2309 1663 λόγῳ,
2355 1593 2403 1645 εί
2450 1591 2719 1661 πνεύματι
2761 1591 2856 1644 καὶ
2893 1590 3129 1658 ἄσθματι
3175 1588 3455 1659 συνέχεται
3497 1586 3660 1641 αὑτοῦ
3694 1590 3726 1657 ἡ

2150 1684 2284 1754 ζωὴ,
2317 1686 2366 1737 εί
2410 1684 2740 1755 σπλάγχνοις
2788 1685 3148 1752 οἰκονομεῖται
3190 1680 3583 1751 παραπλησίως
3618 1683 3729 1741 τοῖς

2148 1776 2331 1838 ἄλλοις
2374 1774 2533 1839 ζώοις
2565 1791 2580 1805 ⁸
2618 1776 2667 1827 εἰ
2706 1774 2911 1836 ὀστέοις
2938 1773 2997 1826 τὸ
3036 1771 3192 1842 σῶμα
3224 1770 3641 1843 περιείληπται·
3683 1770 3730 1820 εί

476 1869 805 1937 Ecquaenam
856 1867 927 1922 sit
967 1864 1211 1919 formica:
1256 1872 1451 1917 natura
1489 1876 1743 1917 sermone
1789 1861 2046 1929 explicet,

2160 1866 2335 1938 μυελῷ
2368 1868 2435 1919 τὰ
2462 1867 2615 1920 κοῖλα
2662 1866 2770 1920 τῶν
2805 1866 3007 1919 ὀστέων
3036 1866 3178 1917 κατὰ
3224 1863 3283 1916 τὸ
3319 1862 3488 1926 ἐντὸς,
3531 1862 3579 1913 εί
3611 1860 3731 1913 νεύ-

475 1970 658 2014 utrum
687 1959 882 2028 spiritu
911 1967 963 2012 et
995 1957 1166 2011 halitu
1208 1956 1327 2025 ejus
1362 1957 1470 2009 vita
1499 1956 1832 2018 continetur,
1864 1960 2046 2007 utrum

474 2052 777 2107 visceribus
802 2051 1171 2121 dispensatur,
1204 2049 1459 2103 similiter
1490 2058 1653 2116 atque
1690 2048 1811 2101 aliis
1841 2046 2051 2099 anima-

474 2144 654 2206 libus,
712 2149 898 2195 utrum
948 2141 1171 2195 ossibus
1239 2154 1441 2208 corpus
1494 2146 1872 2194 constructum
1932 2143 2046 2199 est,

476 2240 660 2287 utrum
694 2232 931 2287 medulla
970 2232 1178 2286 ossium
1219 2230 1483 2284 cavitatcs
1514 2230 1665 2284 intus
1694 2228 1866 2299 plenae
1895 2236 2047 2290 sunt,

477 2342 546 2379 an
583 2325 767 2379 nervis
812 2332 865 2379 et
908 2323 1145 2377 vinculis
1183 2337 1477 2391 compages
1508 2329 1767 2376 contenta
1816 2328 1932 2385 est;
1982 2335 2051 2372 an

477 2415 853 2469 musculorum
904 2412 1196 2466 amictibus
1231 2421 1285 2465 et
1327 2411 1564 2465 adenum
1613 2412 1727 2465 sive
1769 2409 2054 2479 glandula-

475 2522 598 2561 rum
631 2520 923 2560 nervorum
951 2505 1090 2557 situs
1113 2503 1461 2567 continetur;
1496 2516 1563 2553 an
1599 2501 1906 2555 dorsalibus
1929 2515 2052 2552 ver-

477 2599 649 2653 tebris
674 2613 704 2652 e
730 2598 1009 2665 bregmate
1038 2594 1105 2647 ad
1134 2593 1366 2647 caudam
1405 2593 1638 2647 medulla
1672 2592 2050 2661 protenditur;

476 2708 545 2744 an
596 2688 883 2757 complexu
942 2702 1189 2740 nervosa:
1241 2686 1572 2738 membrana
1624 2685 1884 2739 membris
1932 2700 2053 2754 qua:

481 2789 769 2836 moventur
797 2779 904 2833 vim
941 2779 1304 2847 impultricem
1348 2777 1567 2842 inserit;
1614 2791 1682 2829 an
1727 2777 1781 2828 in
1823 2775 1939 2843 ipsa
1971 2784 2056 2830 est

473 2875 635 2943 jecur
674 2881 728 2925 et
776 2870 1051 2924 folliculus
1102 2868 1264 2935 fellis,
1315 2868 1369 2922 id
1408 2875 1514 2930 est,
1560 2876 1873 2938 expurgatae
1915 2884 1944 2921 c.
1973 2868 2056 2936 je-

477 2981 604 3021 core
628 2963 780 3017 flava:
819 2962 946 3015 bilis
978 2961 1417 3029 receptaculum;
1458 2974 1729 3029 renesque
1758 2971 1809 3013 et
1839 2975 1958 3025 cor,
2004 2968 2058 3014 et

480 3059 694 3113 arteriae
716 3064 769 3110 et
802 3070 973 3118 venm,
1017 3054 1461 3123 membranaeque
1501 3060 1555 3106 et
1587 3053 1906 3122 praecordia,
1942 3053 2059 3107 sive

2156 1975 2268 2030 ροις
2317 1959 2410 2011 καὶ
2462 1958 2779 2027 συνδέσμοις
2820 1957 2918 2021 τάς
2975 1957 3241 2027 ἁρμονίας
3295 1955 3619 2008 τετόνωται·
3682 1953 3731 2005 εί

2155 2050 2304 2123 μυῶν
2333 2049 2670 2123 περιϐολαῖς,
2696 2050 2789 2105 καὶ
2818 2050 3019 2105 ἀδένων
3051 2051 3082 2121 ἡ
3108 2049 3214 2103 τῶν
3235 2047 3441 2121 νεύρων
3475 2062 3733 2118 περικρα-

2150 2146 2323 2196 τεῖται
2370 2145 2551 2209 θέσις·
2602 2146 2650 2197 εἰ
2698 2148 2813 2209 τοῖς
2850 2144 3120 2206 νωτιαίοις
3171 2142 3484 2204 σπονδύλοις
3531 2143 3595 2194 ὲκ
3637 2137 3729 2192 τοῦ

2154 2234 2460 2304 βρέγματος
2487 2235 2579 2288 ἐπὶ
2610 2234 2671 2287 τὸ
2699 2236 2917 2305 οὐραῖον
2944 2236 2972 2287 6
3008 2233 3199 2304 μυελὸς
3225 2233 3608 2305 παρατείνεται
3625 2249 3638 2263 ο
3683 2232 3731 2283 εἰ

2150 2326 2216 2394 τῇ
2250 2324 2476 2394 περιοχῇ
2516 2321 2607 2376 τοῦ
2642 2322 2941 2393 νευρώδους
2989 2321 3203 2392 ὑμένος,
3241 2324 3356 2384 τοῖς
3398 2320 3733 2390 κινουμένοις

2157 2416 2340 2487 μέλεσι
2371 2416 2469 2486 τὴν
2502 2416 2806 2487 ὁρμητικὴν
2843 2414 3084 2467 ἐνδίδωσι
3118 2414 3378 2482 δύναμιν·
3415 2414 3463 2465 εί
3502 2413 3646 2465 ἔστιν
3678 2414 3733 2464 ὲν

2154 2508 2302 2578 αὑτῷ
2329 2507 2390 2560 τὸ
2428 2503 2604 2579 ¹ἧπαρ,
2660 2507 2755 2561 καὶ
2786 2506 3071 2577 χοληδόχον
3112 2507 3326 2576 ἀγγεῖον
3357 2507 3448 2559 ἐπὶ
3478 2504 3570 2558 τοῦ
3595 2506 3737 2574 ἧπαρ

2153 2617 2265 2664 τος,
2296 2598 2482 2669 νεφροί
2508 2614 2567 2649 τε
2599 2598 2694 2649 καὶ
2722 2595 2936 2667 καρδία,
2980 2596 3073 2649 καί¹
3107 2595 3365 2665 ἀρτηρίαι
3394 2594 3490 2647 καὶ
3522 2593 3731 2663 φλέϐες,

2157 2690 2353 2761 ὑμένες
2376 2707 2436 2741 τε
2467 2688 2562 2741 καὶ
2586 2688 2795 2758 φρένες,
2823 2689 2916 2740 καὶ
2943 2687 3334 2756 διαφράγματα
3360 2702 3373 2716 ⁸
3406 2686 3498 2738 καὶ
3517 2687 3564 2738 εἱ
3587 2685 3737 2754 ψιλόν

2156 2780 2387 2851 ὲστιν,ἢ
2444 2780 2787 2850 τετρίχωται,
2829 2780 2923 2832 καὶ
2971 2780 3019 2831 εί
3054 2779 3190 2849 πρὸς
3221 2779 3284 2830 τὸ
3332 2779 3499 2850 ἄρῤεν
3543 2794 3605 2830 τε
3646 2778 3739 2831 καὶ

2159 2874 2290 2943 θῆλυ
2314 2872 2708 2943 διαμερίζεται,
2751 2872 2808 2924 ἐν
2834 2872 2938 2924 τίνι
2967 2888 3027 2923 τε
3074 2870 3227 2941 μέρει
3260 2869 3355 2923 τοῦ
3389 2871 3637 2940 σώματος
3682 2870 3740 2923 τὸ

2158 2964 2381 3018 όπτικὸν
2420 2964 2827 3034 ὲγκαθίδρυται.
2872 2964 2980 3015 Καὶ
3026 2964 3073 3015 εί
3113 2962 3212 3031 τῆς
3250 2962 3618 3034 ὁσφραντικῆς
3649 2979 3742 3031 μεέ

2160 3058 2306 3128 τέχει
2345 3056 2684 3127 αἰσθήσεωςο
2724 3057 2772 3108 εί
2804 3054 3090 3125 μονόνυχόν
3132 3056 3191 3107 τέ
3221 3054 3446 3125 ἐστιν,ἢ
3491 3054 3742 3123 πολυσχιο-

481 3160 694 3220 septum
743 3155 1154 3210 transversum;
1211 3152 1393 3198 utrum
1445 3143 1633 3214 glabra
1676 3143 1760 3196 vel
1804 3144 1927 3212 pilis
1962 3143 2058 3195 ob-

2161 3147 2269 3211 δεῖς
2294 3147 2405 3217 ἔχει
2434 3145 2532 3209 τὰς
2578 3144 2790 3214 βάσεις·
2820 3144 2983 3198 πόσον
3009 3144 3065 3198 δὲ
3110 3144 3213 3214 βιοῖ
3256 3145 3445 3216 χρόνον
3474 3161 3488 3175 ·
3537 3145 3630 3197 καὶ
3659 3143 3743 3204 τίς

480 3242 680 3305 ducta;
719 3254 785 3291 an
826 3238 879 3291 in
933 3251 1137 3290 marem
1180 3245 1233 3289 et
1280 3234 1536 3286 feminam
1577 3232 1959 3305 distinguitur;
2004 3231 2057 3285 in

481 3347 588 3402 qua
633 3339 788 3400 parte
836 3328 1084 3396 corporis
1130 3327 1214 3380 vis
1264 3325 1482 3379 videndi
1533 3323 1770 3387 insidet;
1822 3340 1888 3377 au
1931 3326 2064 3377 odo-

482 3426 638 3479 randi
676 3438 841 3478 sensu
875 3420 1102 3491 pi'wdita
1137 3427 1258 3483 est;
1290 3435 1356 3471 an
1390 3433 1551 3472 unam
1581 3418 1777 3471 habeat
1805 3418 2061 3487 ungulam

483 3518 568 3573 vel
622 3515 943 3577 multifidas,
996 3514 1111 3567 sive
1165 3513 1218 3566 in
1284 3512 1485 3565 multos
1534 3512 1735 3579 digitos
1794 3511 2064 3565 discretas

483 3610 683 3663 bases:
718 3606 960 3675 quandiu
992 3603 1165 3669 vivit;
1209 3611 1262 3658 et
1284 3604 1409 3672 quis
1442 3619 1507 3655 ex
1540 3618 1663 3657 sese
1694 3602 2065 3673 generationis

485 3701 682 3757 modus
722 3708 818 3753 :et
873 3708 1078 3768 quanto
1138 3706 1381 3765 tempore
1430 3694 1572 3750 fetus
1623 3695 1956 3764 concipitur,
2012 3700 2066 3748 et

486 3791 761 3863 quomodo
800 3805 978 3858 neque
1025 3789 1269 3842 formicae
1311 3803 1502 3842 omnes
1548 3785 1852 3857 pedestres,
1891 3801 2066 3855 neque

486 3885 736 3939 volucres
791 3895 1010 3943 omnes,
1070 3878 1165 3932 sed
1228 3879 1346 3932 aliae
1405 3879 1555 3932 humi
1613 3885 1882 3947 reptant,
1947 3877 2067 3930 alia:

489 3976 649 4031 aeriae
694 3973 968 4027 videntur.
1021 3972 1124 4037 Qui
1176 3972 1340 4041 igitur
1377 3986 1435 4026 se
1482 3972 1654 4037 jactat
1706 3984 1894 4023 eorum
1938 3984 2059 4039 qua:

488 4080 615 4123 sunt
648 4075 897 4121 naturam
923 4065 1177 4133 adeptum
1199 4079 1341 4126 esse,
1371 4063 1528 4117 nobis
1558 4065 1793 4132 primum
1824 4061 2067 4116 formicae

489 4170 741 4214 naturam
772 4157 1033 4211 declaret.
1068 4155 1270 4210 Deinde
1294 4157 1592 4225 potentiam
1620 4156 1767 4209 illam
1797 4171 1918 4226 qum
1950 4172 2070 4211 om-

491 4267 614 4306 nem
654 4250 993 4304 intellectum
1027 4256 1269 4317 superat,
1306 4248 1534 4318 physice
1581 4256 1801 4303 tractet.
1841 4248 1992 4314 Quod
2020 4249 2067 4303 si

493 4341 828 4395 brevissimae
849 4337 1093 4391 formicae
1120 4337 1487 4406 cognitionem
1518 4336 1760 4391 nondum
1792 4337 1847 4390 in
1874 4346 2068 4391 natura

494 4440 824 4488 consecutus
862 4439 965 4493 est,
1006 4428 1280 4499 quomodo
1325 4444 1449 4482 eum
1481 4428 1576 4497 qui
1614 4429 1669 4481 in
1722 4428 1902 4497 seipso
1947 4443 2067 4481 om-

494 4539 619 4578 nem
667 4523 1053 4594 complectitur
1113 4527 1421 4574 creaturam
1479 4520 1929 4587 comprehensiva
1983 4537 2069 4573 ra-

2162 3242 2190 3292 6
2223 3240 2423 3310 τρόπος
2450 3240 2618 3309 αὑτῆς
2647 3238 2747 3307 τῆς
2770 3237 2828 3303 ἐξ
2862 3236 3103 3308 ἀλλήλων
3136 3237 3427 3304 γενέσεως’
3460 3237 3551 3289 ἐπὶ
3581 3235 3743 3288 πόσον

2160 3333 2217 3386 δὲ
2245 3333 2527 3385 κυίσκεται
2555 3332 2616 3384 τὸ
2641 3333 2957 3403 τικτόμενον
2986 3348 3000 3362 °
3032 3330 3127 3385 καὶ
3150 3330 3266 3394 πῶς
3290 3328 3412 3383 οὕτε
3439 3329 3592 3394 πεζοὶ
3619 3329 3746 3383 πάν-

2162 3444 2253 3489 τες
2286 3428 2333 3479 οἱ
2369 3425 2678 3497 μύρμηκες,
2721 3424 2843 3477 οὕτε
2890 3424 3189 3495 ὑπόπτεροι
3235 3422 3473 3486 πάντεςο
3535 3422 3650 3475 ἀλλ’
3693 3425 3741 3475 oi

2167 3518 2285 3588 μὲν,
2310 3517 2420 3569 τῶν
2452 3518 2628 3586 χαμαὶ
2662 3516 2968 3587 ἐρχομένων
2994 3516 3134 3569 εἰσιν
3155 3554 3170 3578 ,
3201 3518 3248 3568 οἱ
3274 3515 3331 3568 δὲ
3368 3515 3590 3586 διαέριοι
3619 3514 3739 3581 φαίο

2164 3626 2365 3662 νονται.
2402 3609 2459 3661 ’0
2487 3608 2664 3661 τοίνυν
2690 3608 2797 3660 τῶν
2826 3606 2991 3660 ὄντων
3014 3606 3397 3676 κατειληφέναι
3425 3606 3524 3676 τὴν
3544 3606 3744 3674 γνῶσιν

2165 3697 2485 3770 κομπάζων,
2514 3699 2651 3761 τέως
2679 3699 2808 3769 ἡμῖν
2837 3698 2932 3769 τὴν
2962 3697 3055 3750 τοῦ
3083 3697 3370 3768 μύρμηκος
3400 3697 3560 3768 φύσιν
3581 3716 3743 3767 φανε-

2169 3792 2417 3862 ρωσάτω.
2467 3787 2579 3843 Εἶθ’
2636 3790 2778 3843 οὑτω
2829 3788 3214 3857 φυσιολογείτω
3254 3789 3352 3860 τὴν
3399 3789 3575 3843 πάντα
3621 3791 3744 3844 νοῦν

2168 3880 2536 3951 ὑπερέχουσαν
2566 3878 2815 3947 δύναμιν.
2848 3879 2911 3931 Εἰ
2939 3877 2996 3930 δὲ
3024 3877 3121 3930 τοῦ
3154 3877 3491 3950 βραχυτάτου
3532 3879 3749 3951 μύρμη-

2168 3990 2262 4035 κος
2293 3971 2443 4026 οὑπω
2483 3971 2772 4043 περιέλαϐε
2815 3974 2880 4041 τῇ
2924 3970 3080 4039 φύσει
3115 3972 3214 4043 τὴν
3252 3972 3470 4039 γνῶσιν,
3509 3971 3624 4034 πῶς
3654 3972 3745 4024 τὸν

2167 4067 2226 4117 ὲν
2251 4064 2425 4135 ἐαυτῷ
2460 4065 2637 4117 πᾶσαν
2667 4063 3099 4133 περικρατοῦντα
3128 4064 3225 4133 τὴν
3260 4063 3433 4116 κτίσιν
3469 4062 3545 4133 τῷ
3582 4081 3745 4116 κατα.

2168 4157 2417 4228 ληπτικῷ
2467 4156 2877 4228 περιειληφέναι
2932 4156 3074 4226 λόγῳ
3132 4157 3587 4225 μεγαλαυχεῖταις
3639 4157 3748 4208 Καὶ

2168 4250 2295 4311 τοὺς
2326 4250 2388 4300 τὸ
2428 4248 2650 4310 ἀσθενὲς
2677 4248 2776 4317 τῆς
2809 4246 3153 4318 ἀνθρωπίνης
3185 4246 3397 4315 φύσεως
3429 4248 3512 4315 ἐφ’
3541 4247 3745 4299 ἑαυτῶν

2171 4340 2563 4410 ὁμολογοῦντας
2592 4338 2922 4392 ἐσκοτῶσθαι
2955 4338 3101 4407 λέγει
3129 4339 3197 4392 τὰ
3219 4339 3316 4408 τῆς
3351 4340 3525 4408 ψυχῆς
3558 4338 3747 4407 αἰσθη-

2169 4433 2354 4503 τήρια,
2387 4433 2481 4485 καὶ
2531 4433 2668 4501 μήτε
2700 4431 2844 4494 τινὸς
2890 4431 2998 4483 τῶν
3032 4431 3240 4502 πρόσω,
3290 4432 3425 4500 μήτε
3470 4430 3577 4482 τῶν
3611 4431 3747 4500 ὑπὲρ

2170 4524 2412 4595 κεφαλῆς
2442 4524 2799 4593 ἐφικνεῖσθαι.

492 4617 641 4671 tione
674 4633 734 4671 se
772 4615 1116 4685 complexum
1164 4626 1288 4665 esse
1318 4610 1714 4679 gloriabundus
1744 4611 1994 4679 jactitat?
2029 4624 2081 4669 et
2117 4630 2213 4671 eos
2286 4617 2505 4672 interim
2560 4618 2651 4686 qui
2715 4617 2967 4671 humanae
3018 4627 3227 4671 naturae
3282 4617 3644 4672 infirmitatem
3696 4618 3747 4669 iu

494 4707 800 4777 semetipsis
852 4704 1095 4760 sentiunt
1127 4710 1180 4756 et
1229 4700 1487 4763 fatentur,
1523 4699 1689 4753 animi
1732 4702 1998 4757 sentiendi
2036 4704 2400 4760 instrumenta
2442 4707 2686 4761 tenebris
2738 4716 2792 4761 et
2843 4706 3076 4774 caligine
3127 4706 3304 4759 obsita
3345 4716 3397 4760 et
3437 4708 3608 4760 offusa
3657 4708 3748 4761 ha-

494 4805 625 4859 bere
656 4801 809 4866 dicit,
841 4812 1018 4866 neque
1053 4796 1349 4865 quidquam
1381 4809 1572 4849 eorum
1611 4808 1731 4862 quze
1762 4802 1886 4849 sunt
1935 4805 2059 4849 ante
2092 4797 2278 4865 pedes,
2314 4812 2493 4866 neque
2525 4812 2693 4866 supra
2727 4807 2891 4867 caput
2922 4798 3205 4866 attingere.

565 4894 674 4950 Sed
708 4893 801 4963 qui
825 4905 1013 4946 eorum
1045 4905 1163 4958 quae
1196 4896 1322 4943 sunt
1358 4888 1720 4955 cognitionem
1755 4888 1936 4951 habet,
1986 4889 2064 4941 vi-
2096 4894 2139 4947 D

494 4988 723 5041 deamus
770 4981 899 5051 quid
944 4995 1108 5049 supra
1156 4980 1292 5033 alios
1350 4979 1473 5030 scit.
1524 4979 1655 5045 Ejus
1698 4979 1959 5032 tumidam
2016 4989 2070 5034 et

499 5077 738 5131 inllatam
778 5088 966 5126 vocem
997 5070 1303 5124 audiamus.
1348 5067 1457 5130 Vel,
1497 5068 1693 5138 inquit,
1725 5069 1931 5137 frustra
1964 5069 2070 5121 Do-

498 5170 669 5221 minus
709 5164 938 5234 seipsum
967 5162 1159 5215 ostium
1200 5160 1489 5214 nominavit
1517 5176 1531 5213 :
1591 5160 1637 5212 si
1671 5160 1847 5213 nullus
1875 5170 1950 5214 est
1981 5162 2070 5229 qui

497 5258 824 5329 ingrediatur
861 5256 929 5308 ad
970 5255 1153 5308 Patris
1202 5253 1544 5324 cognitionem
1583 5261 1633 5307 et
1681 5255 2076 5322 contemplatio-

495 5370 615 5408 nem
640 5369 658 5406 :
693 5352 894 5420 frustra
917 5349 1077 5401 etiam
1106 5346 1437 5412 ria,uullam
1480 5345 1713 5412 praebens
1758 5348 2071 5414 facilitate»:

499 5440 788 5496 volentibus
817 5439 883 5490 ad
922 5436 1132 5489 Patrem
1163 5436 1367 5489 venire:
1396 5434 1654 5504 quomodo
1691 5446 1823 5488 esset
1854 5436 1946 5488 lux
1975 5454 2077 5490 non

500 5532 671 5585 minus
704 5529 1002 5591 illustratus,
1056 5542 1157 5578 non
1202 5524 1509 5578 illuminans
1557 5526 1720 5577 animi
1761 5526 1970 5578 oculum
2008 5528 2076 5579 ad

500 5622 846 5691 cognitionem
873 5619 1052 5688 suique
1077 5626 1125 5670 et
1150 5615 1756 5684 supereminentislncis?
1771 5615 1828 5671 Si
1856 5619 2075 5687 quidem

503 5712 769 5782 quasdam
824 5707 1271 5763 ratiocinationes
1328 5706 1490 5759 domo
1535 5706 1730 5758 allatas
1777 5708 2076 5775 explicaret

503 5807 804 5863 subtilitate
822 5822 917 5861 sua
940 5802 1272 5858 audientium
1300 5802 1707 5878 intelligentiam
1734 5801 2073 5873 effugientes,

2251 4892 2388 4945 Ἀλλ’
2412 4894 2439 4943 6
2462 4892 2559 4962 τὴν
2584 4891 2783 4959 γνῶσιν
2805 4890 2940 4961 έχων
2965 4889 3067 4942 τῶν
3090 4891 3276 4953 ὄντων,
3302 4890 3504 4960 ἴδωμεν
3530 4891 3582 4943 τί
3607 4892 3753 4963 napi

2172 4983 2299 5046 τοὺς
2343 4981 2536 5047 ἄλλους
2582 4982 2889 5035 ἐπίσταται.
2927 4981 3273 5050 Ἀκούσωμεν
3310 4982 3408 5049 τῆς
3455 4984 3753 5052 ὑπερόγκου

2175 5073 2386 5143 φωνῆς’
2427 5075 2496 5128 Ἢ
2534 5072 2733 5143 μάτην
2780 5073 2856 5126 ἂν
2901 5076 2932 5126 ὁ
2968 5074 3178 5141 Κύριος
3232 5074 3444 5127 ἑαυτὸν
3486 5075 3756 5145 ὠνόμασε

2174 5168 2381 5235 θύραν,
2416 5167 2582 5236 φησὶ,
2617 5166 2880 5235 μηδενὸς
2932 5167 3107 5231 ὄντος
3153 5167 3259 5220 τοῦ
3308 5166 3563 5233 διΐόντος
3614 5170 3761 5235 πρὸς

2176 5259 2548 5325 κατανόησιν
2576 5259 2672 5311 καὶ
2699 5258 2946 5326 θεωρίαν
2976 5257 3079 5310 τοῦ
3105 5258 3350 5324 Πατρός,
3384 5258 3579 5327 μάτην
3611 5259 3660 5310 δ’
3689 5258 3763 5311 ἂν

2178 5350 2340 5417 ὁδὸς,
2377 5352 2676 5420 μηδεμίαν
2722 5351 2995 5420 παρέχων
3040 5350 3358 5420 εὐμάρειαν
3404 5351 3527 5416 τοῖς
3570 5351 3764 5405 ἐλθεῖν

2178 5440 2328 5509 πρὸς
2380 5441 2487 5493 τὸν
2518 5441 2749 5509 Πατέρα
2789 5441 3207 5511 βουλομένοις.
3269 5439 3401 5506 Πῶς
3446 5440 3499 5494 δ’
3552 5440 3628 5494 ἂν
3672 5443 3762 5506 εἴη

2178 5530 2336 5600 φῶς,
2364 5532 2449 5601 μὴ
2484 5532 2743 5600 φωτίζων
2772 5532 2914 5597 τοὺς
2951 5532 3316 5600 ἀνθρώπους,
3352 5532 3438 5601 μὴ
3474 5532 3766 5599 καταλάμ-

2180 5636 2311 5675 πων
2335 5623 2400 5676 τὸ
2428 5623 2541 5691 τῆς
2562 5624 2770 5692 ψυχῆς
2798 5625 2954 5692 ὄμμα
2982 5625 3131 5691 πρὸς
3156 5626 3522 5692 κατανόησιν
3552 5624 3767 5677 ἑαυτοῦ

2181 5732 2244 5767 τε
2300 5716 2395 5769 καὶ
2450 5718 2879 5785 νῆ’·περγειμένου
2911 5719 3137 5785 saturet;
3178 5718 3239 5769 Ei
3280 5716 3377 5786 μὲν
3425 5712 3517 5771 οὖν
3558 5716 3765 5769 οἴκοθέν

2180 5824 2330 5871 τινας
2369 5809 2659 5880 λογισμοὺς
2703 5810 2919 5882 διεξῄει,
2954 5810 3316 5880 ἐκφεύγοντας
3364 5815 3429 5881 τῇ
3484 5812 3769 5880 λεπτότητι
