4142 6374
341 382 444 438 εὲἔδ

1449 382 1730 442 CONTRA
1769 386 2157 451 EUNOMiUM,
2199 388 2327 443 LIB.
2372 388 2434 441 Χ.

3496 387 3602 442 830

342 504 438 573 τὴν
496 504 605 557 τῶν
652 505 955 559 ἀκουόντων
996 506 1254 574 διάνοιαν,
1300 508 1522 562 δυνατὸν
1563 510 1628 563 ἂν
1672 506 1739 581 ἦν
1792 512 1920 573 ἴσως

2025 508 2257 563 fortasse
2282 509 2457 578 deripi
2482 516 2535 559 et
2563 508 2673 561 falli
2699 509 3037 579 contingeret
3068 508 3287 563 solertia
3312 508 3601 574 sermonis,

342 596 821 665 παρακρουσθῆναι
873 599 938 667 τῇ
985 596 1231 667 περινοίᾳ
1274 596 1364 649 τοῦ
1414 596 1607 665 λόγου,
1652 598 1921 669 διαδιδρά-

343 703 560 749 σκοντος
629 687 885 751 πολλάκις
955 687 1049 739 τοῦ
1113 688 1430 758 ἐγκειμένου
1500 691 1769 759 νοήματος
1831 690 1920 741 τὸν

341 776 625 830 ἀκούοντα.
674 777 827 829 Ἐπεὶ
870 777 927 830 δὲ
978 776 1048 829 τὰ
1103 777 1219 830 θεῖα
1266 778 1627 849 προϐάλλεται
1682 781 1919 849 ῥήματα,

339 866 555 927 πάντως
608 865 782 929 οὐδεὶς
829 866 1247 936 καταμέμφεται
1279 868 1402 929 τοὺς
1446 867 1541 939 τὴν
1571 867 1922 921 θεοπνευστον

337 955 679 1010 διδασκαλίαν
718 960 853 1010 πᾶσι
890 958 1072 1029 κοινὴν
1117 958 1433 1027 προκεῖσθαι
1466 959 1917 1021 πεπιστευκότας.

351 1048 565 1118 Ἐπειδὴ
600 1049 777 1103 τοίνυν
809 1048 969 1119 θύρα,
1000 1050 1183 1120 φησὶν,
1215 1051 1505 1121 ὠνομάσθη
1534 1054 1561 1105 6
1596 1050 1815 1121 Κύριος,
1858 1052 1922 1104 ἐκ

337 1140 526 1193 τούτου
584 1142 1053 1205 κατασκευάζεται
1107 1145 1167 1196 τὸ
1225 1144 1577 1213 καταληπτὴν
1636 1142 1773 1197 εἶναι
1828 1144 1920 1197 τοῦ

335 1232 471 1287 Θεοῦ
502 1233 601 1305 τὴν
624 1234 810 1288 οὐσίαν
828 1251 841 1264 ⁸
868 1234 983 1288 ἀλλ’
1003 1236 1065 1288 οὐ
1094 1235 1304 1305 δέχεται
1335 1234 1432 1306 τὴν
1456 1236 1694 1287 διάνοιαν
1718 1235 1923 1305 ταύτην

332 1325 395 1377 τὸ
443 1326 793 1393 Εὐαγγέλιον.
843 1328 1023 1397 Αὐτῆς
1069 1328 1178 1398 γὰρ
1238 1326 1557 1396 ἀκούσωμεν
1615 1328 1711 1397 τῆς
1775 1326 1923 1390 θείας

334 1415 554 1485 φωνῆς’
604 1415 751 1484 Ἐγὼ
789 1417 929 1485 εἰμὶ,
971 1416 1153 1486 φησιν,
1202 1416 1240 1483 ἡ
1288 1417 1467 1483 θύρα·
1510 1414 1584 1467 δι’
1621 1416 1767 1484 ἐμοῦ
1815 1415 1924 1469 ἐάν

334 1521 423 1571 τις
465 1506 730 1575 εἰσέλθῃ,
793 1507 1154 1575 σωθήσεται,
1202 1508 1299 1560 καὶ
1348 1508 1773 1569 εἰσελεύσεται,
1825 1506 1923 1559 καὶ

334 1595 752 1659 ἐξελεύσεται,
811 1597 911 1652 καὶ
958 1599 1154 1667 νομὴν
1199 1598 1463 1666 εὑρήσει.
1526 1598 1589 1648 Τί
1631 1597 1808 1650 τοίνυν
1860 1600 1924 1650 ἐκ

334 1687 539 1741 τούτων
572 1691 605 1758 ἡ
641 1689 843 1758 γνῶσις
887 1689 985 1760 τῆς
1033 1689 1218 1751 οὐσίας
1266 1690 1448 1750 ἐστίν;
1504 1689 1770 1742 Πλειόνων
1815 1688 1923 1759 γὰρ

334 1779 503 1833 ὀντων
552 1779 661 1834 τῶν
709 1780 1031 1851 εἰρημένων,
1080 1782 1173 1834 καὶ
1222 1780 1358 1833 ἰδίαν
1404 1781 1633 1835 ἑκάστου
1684 1782 1921 1835 διάνοιαν

336 1871 479 1925 κατὰ
513 1871 573 1925 τὸ
606 1873 1000 1943 σημαινόμενον
1045 1872 1258 1942 ἔχοντος
1278 1889 1291 1903 ⁸
1324 1872 1447 1925 οὐτε
1494 1873 1672 1927 πάντα
1701 1874 1923 1928 δυνατόν

335 1965 452 2016 ἐστι
479 1963 556 2034 τῷ
580 1965 683 2034 τῆς
707 1965 893 2028 οὐσίας
926 1965 1226 2020 ἐντίθεσθαι
1268 1965 1432 2036 λόγῳ,
1468 1967 1544 2029 ὡς
1582 1967 1646 2020 ἂν
1677 1966 1749 2038 μὴ
1782 1966 1921 2037 σύμ-

338 2072 530 2126 μικτον
558 2056 624 2109 ἐκ
658 2057 927 2127 διαφόρων
956 2057 1169 2128 νοηθείη
1208 2057 1269 2111 τὸ
1288 2060 1460 2113 Θεῖον.
1492 2060 1603 2113 Καὶ
1630 2058 1690 2111 τὸ
1723 2059 1922 2129 μᾶλλον

336 2147 541 2219 κυρίως
597 2150 905 2219 ἐφαρμόσαι
953 2149 1031 2220 τῷ
1086 2151 1429 2221 προκειμένῳ
1474 2151 1791 2221 δυνάμενον,
1822 2151 1922 2203 οὐκ

335 2237 481 2291 ἐστιν
510 2238 746 2303 εὐκόλως
779 2243 841 2294 ἐκ
870 2242 981 2294 τῶν
1004 2242 1436 2313 κατειλεγμένων
1477 2243 1653 2314 εὑρεῖν
1672 2261 1683 2272 ·
1713 2246 1746 2314 ἡ
1783 2242 1921 2314 θύρα

333 2327 362 2379 6
390 2327 591 2397 Κύριος
610 2346 623 2359 ⁸
656 2329 736 2383 Δι’
770 2330 939 2395 ἐμοῦ,
970 2332 1154 2402 φησιν,
1185 2332 1294 2386 ἐάν
1317 2351 1405 2399 τις
1431 2334 1697 2404 εἰσέλθῃ,
1727 2335 1920 2401 σωθή-

334 2432 524 2483 σεται,
566 2418 665 2472 καὶ
726 2422 1154 2489 εἰσελεύσεται,
1217 2425 1315 2477 καί
1371 2423 1775 2487 ἐξελεύσεται,
1823 2426 1922 2478 καὶ

337 2508 533 2577 νομὴν
555 2509 825 2578 εὑρήσει·
854 2512 952 2583 τὴν
969 2513 1173 2567 εἴσοδον
1197 2515 1437 2586 εἴπωμεν
1460 2517 1582 2569 ἀντὶ
1608 2518 1705 2588 τῆς
1736 2518 1921 2583 οὐσίας

334 2598 513 2667 λέγειν
556 2601 737 2664 αὐτὸν,
770 2602 802 2672 ἢ
838 2603 938 2675 τὴν
982 2606 1252 2675 σωτηρίαν
1295 2607 1402 2659 τῶν
1429 2608 1722 2668 εἰσιόντων,
1755 2610 1787 2679 ἢ
1824 2610 1921 2680 τὴν

335 2689 564 2761 νομὴν,ἢ
586 2690 684 2761 τὴν
703 2692 900 2758 ἔξοδον,
931 2694 1076 2765 ἢτὴν
1109 2696 1353 2766 εὖρεσινς
1378 2698 1649 2752 ’Έκαστον
1671 2700 1778 2769 γὰρ
1802 2701 1922 2753 τού-

334 2798 446 2834 των
486 2782 676 2847 ίδιάζει
705 2783 784 2854 τῷ
814 2787 1216 2858 σημαινομένῳ,
1247 2790 1341 2842 καὶ
1366 2790 1426 2842 οὐ
1460 2795 1739 2860 συμφωνεῖ
1783 2793 1921 2862 πρὸς

334 2873 397 2924 τὸ
414 2874 618 2944 ἕτερον.
645 2876 718 2927 T6
742 2875 851 2945 γὰρ
873 2878 1021 2941 ἐντὸς
1052 2880 1301 2947 γενέσθαι
1326 2880 1402 2951 τῷ
1418 2880 1650 2945 ἐξελθεῖν
1680 2883 1921 2936 ἐναντίον

335 2964 398 3015 ἐκ
447 2963 541 3016 τοῦ
593 2966 882 3037 προχείρου
936 2967 1102 3031 δοκεῖ,
1166 2970 1259 3022 καὶ
1308 2962 1387 3023 τὰ
1444 2971 1578 3024 ἄλλα
1636 2972 1916 3036 ὡσαύτως.

338 3054 500 3107 Ἀλλο
530 3056 637 3125 γάρ
670 3074 721 3109 τι
758 3057 836 3127 τῷ
878 3058 993 3128 ἰδίῳ
1039 3059 1182 3130 λόγῳ
1214 3062 1415 3131 ἐστὶνὴ
1447 3062 1604 3132 νομὴ,
1645 3064 1830 3132 ἓτερον
1863 3062 1920 3116 δέ

330 3165 386 3201 τι
433 3150 585 3221 παρὰ
626 3150 785 3204 τοῦτο
832 3153 866 3223 ὴ
911 3151 1145 3223 εὕρεσις.
1184 3154 1249 3206 Τί
1294 3150 1387 3209 οὖν
1430 3156 1495 3208 ἐκ
1530 3158 1734 3208 τούτων
1765 3158 1797 3226 ἡ
1828 3155 1920 3209 τοῦ

333 3238 546 3310 Πατρδς
586 3241 742 3295 οὐσία
778 3242 1094 3311 νομίζεται;
1138 3245 1213 3297 Οὐ
1261 3245 1371 3316 γὰρ
1412 3246 1475 3317 δὴ
1522 3246 1588 3299 τὰ
1620 3247 1806 3299 πάντα
1838 3266 1919 3311 τις

332 3330 502 3383 εἰπὼν
555 3330 628 3401 μὴ
681 3332 1070 3402 συμφωνοῦντα
1117 3337 1184 3407 τῇ
1244 3338 1487 3408 σημασίᾳ
1522 3339 1655 3408 πρὸς
1693 3340 1918 3409 ἄλληλα,

331 3419 431 3490 τὴν
457 3421 631 3492 ἁπλῆν
666 3440 725 3475 τε
755 3424 847 3477 καὶ
874 3424 1161 3480 ἀσύνθετον
1190 3427 1378 3480 οὐσίαν
1408 3429 1495 3482 διὰ
1521 3430 1629 3481 τῶν
1658 3430 1921 3499 ἀσυμφώ-

331 3528 440 3567 νων
487 3513 801 3578 ἐνδείξεται.
860 3516 983 3579 Πῶς
1024 3517 1068 3570 δ’
1120 3517 1187 3571 ἂν
1242 3518 1492 3590 άληθεύοι
1539 3522 1567 3573 6
1612 3521 1802 3588 Λόγος,
1840 3522 1920 3575 ὅτι

336 3603 486 3657 Θεὸν
517 3605 713 3671 οὐδεὶς
757 3606 977 3675 ἑώρακε
1020 3609 1286 3663 πώποτε·
1340 3612 1454 3675 καὶ,
1489 3612 1589 3664 Ὃν
1623 3608 1783 3665 εἶδε-ν
1815 3614 1921 3665 ἀν-

332 3695 579 3763 θρώπων
610 3696 828 3763 οὐδεὶς,
861 3699 999 3752 οὔτε
1039 3698 1188 3752 ἰδεῖν
1233 3699 1506 3753 δύναταιο
1538 3701 1663 3766 καὶ,
1689 3702 1771 3754 ὅτι
1799 3704 1918 3755 Οὺνι

332 3783 522 3850 ἐστιν,
554 3784 622 3851 ὃς
653 3786 864 3854 ὄψεται
910 3788 1234 3855 πρόσωπον
1273 3791 1495 3858 Κυρίου
1520 3793 1616 3844 καὶ
1646 3790 1883 3858 (licetat
1904 3811 1917 3826 ο

333 3875 491 3946 εἴπερ
524 3864 652 3947 ἢτὸ
693 3878 843 3941 ἐντὸς
875 3880 971 3948 τῆς
1007 3879 1175 3951 θύρας
1204 3882 1236 3951 ἢ
1275 3882 1335 3934 τὸ
1381 3884 1535 3947 ἐκτὸς
1560 3883 1658 3953 τῆς
1687 3889 1858 3955 νομῆς
1885 3888 1917 3955 ἡ

333 3966 580 4038 εὐρεσις,
630 3968 789 4022 οὐσία
838 3970 1049 4041 Πατρὸς
1096 3972 1413 4041 νομίζεται;
1450 3974 1523 4026 Οὐ
1571 3976 1676 4044 μὴν
1733 3975 1919 4045 ἐπειδὴ

331 4057 494 4111 τοῦτο
526 4058 626 4111 οὐκ
661 4058 826 4121 ἔστιν,
860 4059 1027 4129 ἀργόν
1075 4076 1133 4111 τε
1182 4060 1276 4113 καὶ
1322 4060 1532 4131 ἄσημον
1566 4063 1658 4115 ἐπὶ
1684 4062 1776 4116 τοῦ
1809 4066 1921 4116 Κυ-

337 4148 453 4220 ρίου
482 4149 542 4202 τὸ
565 4150 737 4221 ὄνομα
774 4152 873 4221 τῆς
902 4151 1071 4221 θύρας
1119 4152 1507 4222 ὐπονοήσομεν.
1548 4154 1785 4225 ’Λληθῶς
1825 4157 1922 4228 γάρ

331 4240 363 4294 6
406 4240 565 4305 αὐτός
593 4242 710 4294 ἐστι
743 4244 836 4295 καὶ
889 4242 1025 4313 θύρα
1071 4244 1351 4314 περιοχῆς,
1405 4245 1497 4297 καὶ
1566 4238 1714 4307 οἶκος
1748 4261 1921 4299 κατα-

336 4336 517 4407 φυγῆς
536 4378 552 4403 ,
584 4335 767 4399 καθὼς
795 4338 823 4389 ὁ
848 4336 1012 4389 Δαϐὶδ
1036 4337 1309 4407 ὀνομάζει,
1341 4340 1436 4390 καὶ
1481 4337 1549 4391 δι’
1573 4338 1767 4391 ἐαυτοῦ
1796 4342 1922 4402 τοὺς

333 4427 600 4492 εἰσιόντας
641 4428 872 4498 δέχεται,
921 4430 1015 4482 καὶ
1064 4432 1121 4482 ἐν
1162 4429 1339 4501 ἐαυτῷ
1376 4432 1501 4495 τοὺς
1530 4432 1673 4485 ἔνδον
1706 4434 1924 4503 γενομὲ-

2021 602 2242 656 notione
2299 601 2547 668 subjecta
2605 599 2910 654 auditorem
2966 614 3107 668 saepe
3169 597 3601 667 pra‘tervolante.

2023 691 2129 746 Sed
2187 696 2447 761 quoniam
2514 690 2702 744 divina
2762 692 3019 760 proponit
3073 688 3358 753 vocabula,
3420 688 3604 742 nullus

2023 781 2269 852 profecto
2304 783 2486 850 culpat
2516 796 2617 835 eos
2653 781 2748 851 qui
2788 780 3092 834 doctrinam
3140 780 3401 833 divinitus
3436 777 3605 844 insili-

2022 881 2197 927 ratam
2256 874 2509 927 omnibus
2560 887 2904 926 communem
2958 870 3187 941 proponi
3232 868 3601 924 crediderunt.

2023 965 2289 1031 Quoniam
2321 965 2505 1034 igitur,
2530 964 2625 1027 ait,
2654 962 2915 1018 Dominus
2933 964 3246 1017 nominatus
3269 969 3353 1016 est
3375 962 3603 1023 ostium,

2022 1070 2087 1109 ex
2135 1070 2199 1109 eo
2240 1054 2517 1122 praestruit
2545 1052 3086 1122 comprehensibilem
3135 1066 3257 1106 esse
3286 1050 3380 1104 Dei
3417 1064 3607 1103 essen-

2023 1145 2177 1198 tiam.
2216 1144 2319 1197 Sed
2358 1142 2709 1213 Evangelium
2746 1143 2892 1196 hunc
2936 1156 3157 1195 sensum
3190 1155 3300 1193 non
3348 1137 3601 1191 admittit.

2023 1231 2200 1299 Ipsam
2247 1232 2391 1286 enim
2441 1230 2679 1287 divinam
2720 1245 2908 1284 vocem
2960 1228 3267 1282 audiamus.
3319 1225 3430 1295 Ego
3463 1241 3601 1287 sum,

2024 1323 2222 1390 inquit,
2274 1323 2509 1375 ostium:
2548 1338 2639 1390 per
2685 1337 2765 1374 me
2806 1322 2853 1374 si
2907 1322 3023 1388 quis
3080 1319 3374 1372 intraverit.
3426 1316 3603 1369 salvus

2023 1412 2170 1462 erit:
2200 1419 2249 1463 et
2293 1408 2635 1479 ingredietur,
2681 1419 2731 1463 et
2769 1409 3083 1479 egredietur,
3133 1418 3179 1461 et
3226 1424 3423 1470 pascua
3465 1408 3608 1459 inre-

2025 1499 2131 1550 niet
2166 1499 2206 1551 ⁸.
2256 1499 2336 1551 Ex
2382 1498 2467 1552 his
2512 1512 2761 1567 quamam
2817 1497 3015 1551 divina:
3062 1497 3316 1551 essentia:
3368 1495 3606 1564 cognitio

2024 1589 2288 1643 elicitur?
2340 1605 2463 1643 cum
2512 1589 2655 1643 enim
2716 1589 2870 1657 plura
2919 1590 3029 1641 sint
3079 1587 3243 1647 dicta,
3303 1595 3357 1641 et
3412 1586 3605 1638 horum

2025 1681 2277 1749 quodque
2303 1683 2599 1734 secundum
2627 1694 2785 1733 suum
2807 1678 3172 1748 significatum
3205 1678 3477 1747 propriam
3504 1676 3606 1728 ha-

2026 1772 2153 1825 beat
2183 1771 2633 1841 intelligentiam;
2661 1786 2837 1839 neque
2872 1771 3054 1824 omnia
3096 1778 3326 1839 possunt
3357 1770 3610 1823 substan-

1957 1856 1996 1911 Β
2026 1863 2113 1914 tia:
2146 1861 2346 1914 rationi
2370 1859 2655 1929 applicari,
2686 1875 2755 1913 ne
2788 1859 2921 1928 quid
2960 1860 3308 1913 commistum
3345 1872 3411 1910 ex
3447 1853 3607 1908 diﬂ'e-

2025 1951 2277 2006 rentihus
2306 1960 2501 2005 natura
2533 1950 2717 2004 divina
2749 1949 3105 2019 intelligatur.
3133 1948 3199 2002 Et
3219 1948 3363 2018 quod
3390 1946 3609 2016 proprie

2026 2044 2201 2112 magis
2253 2045 2330 2096 rei
2377 2044 2667 2113 propositae
2720 2058 3022 2112 congruere
3071 2050 3269 2112 potest,
3318 2055 3425 2094 non
3482 2040 3610 2091 licet

1990 2180 1994 2183 Α
2024 2132 2185 2187 facile
2220 2150 2285 2187 ex
2316 2134 2560 2189 collectis
2604 2132 2868 2205 invenire.
2944 2132 3206 2187 Dominus
3249 2132 3473 2185 ostium.
3504 2128 3610 2183 Per

2024 2239 2125 2283 me,
2164 2222 2359 2291 inquit,
2395 2224 2443 2275 si
2482 2223 2597 2291 quis
2638 2222 2937 2288 intrauerit,
2987 2220 3301 2282 servabitur,
3345 2227 3394 2271 et
3439 2219 3611 2286 ingre-

2023 2314 2218 2379 dietur,
2262 2324 2310 2368 et
2356 2316 2672 2384 egredietur,
2704 2324 2753 2368 et
2777 2330 2977 2382 pascua
3021 2314 3274 2377 inveniet;
3301 2315 3608 2380 ingressum

2024 2405 2325 2461 dixerimus
2357 2421 2456 2476 pro
2496 2406 2733 2460 essentia
2779 2406 2957 2476 ipsum
3007 2405 3213 2468 dicere,
3254 2420 3323 2458 an
3377 2405 3607 2458 salutem

2023 2497 2468 2567 ingredientium,
2502 2498 2586 2551 vel
2622 2512 2906 2567 egressum
2968 2498 3051 2551 vel
3088 2511 3371 2566 pascumn,
3403 2497 3483 2548 vel
3525 2496 3609 2548 in-

2023 2588 2377 2641 ventionem?
2415 2589 2608 2641 ltorum
2634 2590 2776 2641 enim
2814 2590 3067 2658 quodque
3118 2590 3376 2657 peculiari
3401 2595 3454 2641 et
3487 2603 3613 2656 pro-

2025 2680 2144 2747 prio
2179 2679 2489 2747 significatu
2533 2678 2907 2748 distinguitur,
2947 2696 3122 2749 neque
3170 2695 3291 2733 cum
3334 2680 3441 2732 alio
3478 2694 3612 2732 con-

2024 2765 2358 2821 sonat.Nam
2385 2769 2533 2823 intus
2550 2785 2690 2832 esse,
2714 2770 2762 2823 ei
2796 2770 2939 2837 quod
2971 2780 3053 2824 est
3072 2770 3241 2833 exire,
3274 2770 3611 2824 contrarium

2022 2872 2087 2911 ex
2144 2857 2319 2926 primo
2377 2868 2705 2914 occurrente
2756 2860 3063 2929 signiﬁcatu
3118 2860 3353 2924 videtur,
3400 2868 3455 2913 et
3505 2861 3610 2913 alia

2024 2948 2296 3004 similiter.
2330 2950 2493 3005 Aliud
2516 2951 2659 3005 enim
2686 2962 2769 3006 εει
2791 2954 3014 3021 prOprio
3037 2968 3289 3006 sermone
3320 2968 3608 3021 pascuum,

2024 3041 2172 3094 aliud
2201 3058 2329 3098 vero
2349 3044 2610 3113 quiddam
2641 3055 2833 3114 praeter
2858 3046 2958 3098 hoc
2991 3046 3247 3098 inventio.
3278 3045 3415 3110 Quid
3445 3046 3613 3115 igitur

2026 3151 2090 3189 ex
2114 3136 2199 3190 his
2226 3135 2404 3192 Patris
2432 3138 2672 3192 essentia
2702 3140 2998 3193 censetur?
3027 3138 3209 3207 Neque
3240 3138 3384 3191 enim
3421 3138 3606 3193 omnia
3698 3177 3707 3183 ς

2027 3231 2073 3283 si
2097 3230 2220 3298 quis
2248 3230 2470 3291 dixerit,
2518 3245 2624 3282 non
2667 3229 2810 3281 inter
2851 3246 2909 3283 se
2936 3230 3333 3297 signiﬁcatione
3378 3245 3611 3283 concor-

2027 3323 2235 3387 dantia,
2277 3323 2575 3391 simplicem
2625 3331 2677 3375 et
2704 3323 3121 3388 incompositam
3175 3322 3472 3376 essentiam
3517 3338 3613 3392 per

2029 3416 2143 3469 haec
2170 3417 2498 3468 inconcinna
2524 3422 2578 3467 ct
2601 3414 2976 3469 discordantia
3011 3414 3274 3467 indicabit
3326 3415 3614 3479 Quomodo

2029 3517 2209 3562 autem
2230 3524 2415 3562 verum
2438 3508 2643 3560 diceret
2667 3522 2867 3571 sermo,
2896 3508 3037 3575 quod
3057 3508 3076 3535 ¹
3099 3504 3266 3558 Νευιο
3294 3506 3450 3558 Deum
3486 3506 3614 3559 vidit

2029 3616 2302 3669 unquam;
2331 3598 2460 3663 et’,
2498 3598 2663 3664 Quem
2716 3599 2981 3652 hominum
3035 3599 3214 3651 nullus
3264 3598 3413 3660 ridit,
3455 3614 3615 3667 neque

2026 3703 2192 3761 potest
2212 3691 2382 3747 ridere
2406 3708 2419 3742 :
2450 3702 2497 3745 et
2524 3693 2667 3761 quod
2690 3693 2711 3723 ⁸
2744 3692 2940 3745 Nullus
2965 3694 3109 3752 rit-ct,
3135 3702 3180 3745 et
3205 3692 3393 3745 ridebit
3426 3693 3613 3759 faciem

2029 3787 2288 3841 Domini:
2334 3783 2604 3853 siquidem
2654 3784 2738 3837 vel
2784 3785 2928 3852 quod
2974 3784 3114 3836 intra
3157 3784 3357 3837 ostium
3408 3795 3490 3838 est
3531 3785 3612 3837 vel

2027 3888 2203 3936 extra.
2255 3885 2309 3931 et
2357 3877 2601 3930 inventio
2652 3877 2862 3945 pascui,
2906 3876 3145 3929 essentia
3196 3873 3373 3928 Patris
3425 3874 3614 3928 existi-

2028 3973 2244 4024 matur?
2268 3968 2376 4023 Sed
2412 3970 2668 4038 quoniam
2703 3967 2805 4020 hoc
2839 3983 2946 4020 non
2996 3974 3100 4029 est,
3144 3981 3251 4019 non
3293 3973 3472 4018 tamen
3511 3965 3612 4019 hoc

2034 4077 2233 4115 nomen
2261 4061 2387 4115 ostii
2435 4061 2488 4114 in
2530 4058 2760 4113 Domino
2815 4059 3051 4113 otiosum
3095 4064 3148 4109 et
3195 4056 3612 4127 signiﬁcationis

2030 4167 2225 4221 expers
2257 4151 2681 4220 suspicabimur.
2721 4150 2859 4204 Vere
2891 4150 3034 4205 enim
3068 4149 3186 4219 ipse
3215 4158 3299 4204 est
3327 4158 3381 4203 et
3407 4149 3611 4203 ostium

2029 4243 2481 4307 circumstantiae,
2529 4249 2582 4297 et
2629 4240 2826 4297 domus
2873 4242 3091 4312 refugii,
3124 4242 3266 4296 sicut
3306 4240 3472 4296 David
3516 4257 3614 4295 no-

2031 4335 2259 4396 minat‘,
2290 4344 2343 4388 et
2369 4350 2463 4403 per
2492 4349 2553 4388 se
2579 4334 2755 4403 ipsum
2789 4333 3156 4402 ingredientes
3198 4332 3453 4398 admittit,
3482 4341 3534 4385 et
3556 4333 3612 4386 in

2030 4427 2211 4496 seipso
2239 4427 2338 4481 hos
2385 4426 2477 4495 qui
2526 4436 2654 4480 sunt
2702 4426 2849 4480 intus
2899 4433 3097 4484 servat,
3155 4434 3209 4493 et
3266 4438 3458 4478 rursus
3517 4439 3613 4492 per

334 4535 456 4582 νους
490 4518 672 4583 σώζει,
698 4518 793 4571 καὶ
822 4519 985 4572 πάλιν
1012 4519 1077 4571 δι’
1105 4519 1294 4571 ἐαυτοῦ
1328 4520 1465 4591 πρὸς
1492 4520 1588 4591 τὴν
1614 4521 1786 4591 νομὴν
1815 4522 1920 4574 τῶν

2030 4520 2207 4587 ipsum
2244 4519 2309 4573 ad
2339 4519 2601 4573 virtutum
2630 4532 2831 4586 pascua
2863 4518 3067 4571 educit.
3114 4515 3178 4569 Et
3219 4517 3304 4570 his
3341 4516 3432 4584 qui
3474 4516 3610 4569 salvi

332 4609 544 4678 ἀρετῶν
580 4609 830 4679 προάγει.
874 4610 983 4662 Καὶ
1032 4610 1210 4663 πάντα
1250 4610 1458 4678 γίνεται
1526 4614 1636 4675 τοῖς
1680 4611 1921 4681 σωζομέ-

332 4716 465 4762 νοις,
524 4699 611 4753 ἵνα
667 4698 881 4769 ἑκάστῳ
928 4699 1234 4769 πρόσφορον
1286 4699 1479 4752 ἐαυτὸν
1538 4701 1769 4769 ποιήσῃ·
1831 4700 1921 4751 καὶ

331 4789 471 4855 ὁδὸς,
503 4790 597 4843 καὶ
622 4790 833 4861 ὀδηγὸς,
857 4791 951 4843 καὶ
974 4790 1110 4861 θύρα
1149 4791 1425 4861 περιοχῆς,
1461 4791 1553 4842 καὶ
1584 4785 1729 4851 οἶκος
1756 4805 1924 4841 κατα-

332 4884 533 4953 φυγῆς.
570 4883 666 4936 καὶ
704 4883 847 4954 ὓδωρ
881 4882 1259 4945 ἀναπαύσεως,
1301 4885 1396 4935 καὶ
1440 4883 1605 4944 τόπος
1646 4882 1830 4952 χλόης,
1858 4883 1923 4950 ἣν

331 4976 391 5027 ἐν
427 4974 504 5045 τῷ
537 4976 851 5046 Εὐαγγελίῳ
879 4975 1045 5046 νομὴν
1072 4974 1359 5044 ὀνομάζει·
1399 4978 1427 5027 6
1469 4974 1525 5027 δὲ
1574 4974 1755 5036 καινὸς
1805 4973 1924 5026 θεο-

332 5066 511 5135 λόγος,
539 5066 625 5120 διὰ
666 5066 762 5138 τὴν
792 5066 992 5135 γνῶσιν
1017 5069 1115 5136 τῆς
1154 5066 1247 5118 τοῦ
1279 5067 1491 5136 Πατρός
1514 5066 1721 5129 οὐσίας,
1753 5065 1922 5135 θύραν

332 5159 497 5229 φησιν
521 5158 835 5228 ὠνομάσθαι
882 5159 972 5211 τὸν
1023 5158 1246 5228 Κύριον.
1289 5157 1354 5209 Τί
1401 5154 1492 5210 οὖν
1533 5157 1653 5226 οὐχὶ
1694 5159 1789 5210 καὶ
1824 5159 1920 5228 τῆν

269 5319 275 5326 _
331 5253 560 5323 πέτραν,
594 5252 686 5305 καὶ
714 5250 803 5305 τὸν
840 5250 1007 5315 λίθον,
1038 5250 1131 5302 καὶ
1158 5250 1257 5320 τὴν
1292 5250 1495 5321 πηγὴν,
1524 5253 1617 5303 καὶ
1650 5251 1708 5303 τὸ
1742 5250 1917 5314 ξύλον,

332 5342 429 5395 καὶ
480 5341 548 5395 τὰ
596 5341 760 5395 λοιπὰ
803 5340 910 5395 τῶν
948 5340 1227 5411 ὀνομάτων
1252 5342 1389 5411 πρὸς
1424 5342 1522 5412 τὴν
1561 5342 1729 5412 αὐτὴν
1773 5342 1920 5394 ἕλκει

328 5436 598 5500 διάνοιαν,
663 5433 739 5496 ὡς
780 5432 847 5487 ἂν
898 5432 974 5503 τῷ
1017 5432 1212 5501 πλήθει
1269 5432 1374 5486 τῶν
1436 5433 1736 5486 ἀλλοκότων
1780 5451 1919 5504 μαρ-

329 5527 535 5600 τυριῶν
595 5526 657 5581 τὸ
720 5524 914 5580 ἑαυτοῦ
971 5526 1147 5596 δόγμα
1202 5524 1569 5590 πιστώσαιτο,
1618 5526 1916 5597 δυνάμενος

337 5622 555 5690 ἑκάστῳ
577 5620 785 5673 τούτων
812 5619 904 5671 τὸν
929 5618 1091 5671 αὐτὸν
1130 5618 1444 5690 ἐφαρμόσαι
1480 5619 1659 5688 λόγον,
1692 5620 1752 5674 ὃν
1792 5621 1924 5691 περὶ

336 5714 436 5786 τῆς
465 5712 587 5767 ὀδοῦ
635 5712 860 5783 καὶτῆς
889 5709 1082 5780 θύρας,
1123 5712 1218 5765 καὶ
1260 5711 1354 5765 τοῦ
1391 5712 1567 5781 φωτὸς
1607 5713 1917 5784 διεξῆλθεν;

413 5812 431 5847 ⁸
464 5813 621 5872 Joan.
649 5830 705 5886 x,
739 5816 791 5872 9.
866 5818 885 5850 ³
915 5814 1073 5876 Joan.
1108 5833 1149 5886 ι,
1183 5815 1268 5870 18.
1332 5813 1639 5871 ³1Τίιιιοιιι.
1670 5829 1745 5884 vi,
1784 5816 1870 5869 16.

1946 5816 1966 5848 ⁸
1996 5814 2145 5870 Exod
2204 5829 2397 5874 χχχιιι,
2432 5810 2517 5866 ‘20.

2035 4615 2191 4673 tiunt,
2218 4611 2399 4664 omnia
2433 4611 2512 4669 tit,
2546 4616 2605 4663 ut
2647 4609 2941 4679 unicuique
2986 4610 3226 4679 seipsum
3262 4609 3609 4663 commodum

2023 4712 2076 4756 et
2105 4702 2361 4757 idoneum
2392 4702 2618 4756 reddat:
2655 4712 2709 4755 et
2734 4704 2844 4763 via,
2892 4710 2946 4755 et
2992 4703 3092 4755 vite
3127 4701 3259 4765 dux,
3307 4708 3361 4755 et
3405 4704 3606 4755 ostium

2023 4794 2469 4857 circumstantiaa,
2502 4804 2555 4848 et
2584 4794 2780 4848 domus
2802 4794 3016 4863 refugii,
3041 4802 3095 4847 et
3124 4808 3260 4862 aqua
3286 4795 3517 4863 requiei,
3552 4802 3609 4846 et
3648 4868 3652 4870 γ

2026 4887 2179 4941 locus
2210 4887 2389 4940 herba:
2436 4886 2647 4951 viridis,
2698 4901 2859 4956 quam
2899 4886 2951 4938 in
2998 4884 3290 4954 Evangelio
3343 4900 3604 4955 pascuum

2027 4979 2316 5031 nominat:
2364 4978 2452 5033 hic
2492 4986 2672 5031 autem
2729 4978 2969 5030 novitius
3018 4977 3331 5047 theologus,
3383 4986 3608 5047 propter

2027 5070 2387 5140 cognitionem
2433 5072 2687 5125 essentia:
2719 5068 2913 5131 Patris,
2946 5070 3019 5122 ait
3068 5069 3355 5123 Dominum
3403 5070 3604 5124 ostium

2027 5163 2318 5217 nominari.
2349 5165 2460 5217 (iur
2484 5178 2592 5215 non
2617 5163 2779 5215 etiam
2812 5176 2999 5229 rupem
3024 5169 3078 5214 et
3111 5162 3364 5230 lapidem,
3398 5173 3449 5215 et
3486 5162 3608 5214 fon-

2026 5261 2157 5317 tem,
2215 5263 2269 5307 et
2325 5253 2552 5322 lignum,
2604 5264 2655 5307 et
2696 5254 2903 5322 reliqua
2964 5254 3187 5306 nomina
3246 5254 3313 5307 ad
3361 5255 3607 5309 eamdem

2025 5345 2193 5397 trahit
2236 5344 2694 5413 intelligentiam,
2749 5353 2808 5398 ut
2858 5352 3301 5414 portentosorum
3357 5347 3607 5401 testimo-

2022 5438 2238 5489 niorum
2288 5436 2637 5490 multitudine
2687 5452 2847 5491 suum
2895 5438 3152 5507 placitum
3202 5437 3423 5507 probet,
3479 5452 3603 5490 cum

2022 5527 2420 5597 possitcuique
2461 5528 2653 5581 horum
2709 5528 2954 5582 eamdem
3004 5528 3272 5581 rationem
3321 5530 3599 5599 adaptare,

2021 5635 2184 5689 quam
2210 5619 2276 5675 de
2302 5621 2383 5674 via
2415 5628 2468 5674 et
2491 5621 2633 5675 ostio
2662 5628 2714 5676 et
2739 5621 2861 5675 luce
2886 5620 3209 5675 recensuit?

2599 5813 2616 5842 ⁸
2657 5809 2776 5865 I’sal
2825 5826 2928 5864 CXL
2950 5853 2961 5875 ,
2984 5811 3035 5865 ϐ.
