4142 6374
561 389 660 444 851

632 501 741 570 Ego
771 508 950 553 autem
992 516 1023 554 a
1071 500 1359 569 Scriptura
1421 498 1689 555 divinitus
1748 500 2013 568 inspirata
2042 498 2146 550 hoc
2176 499 2226 556 Α

556 594 784 647 edoctus
842 590 1112 646 amrmare
1174 591 1372 654 audeo,
1427 592 1574 660 quod
1635 591 1726 660 qui
1760 605 1927 659 supra
1988 603 2153 644 omne

557 690 643 737 est
678 696 903 745 nomen,
936 681 1098 737 nobis
1140 680 1332 736 multis
1367 679 1684 733 nominibus
1716 679 1918 733 dicitur
1950 693 2151 732 secun-

558 772 687 825 dum
726 772 907 825 varias
973 779 1028 825 et
1081 772 1282 826 multas
1350 770 1739 825 beneﬁciorum
1790 768 2148 830 diﬁ‘erentias,

557 863 687 915 dum
718 862 1054 924 nominatur,
1092 861 1185 913 lux
1216 860 1436 930 quidem
1470 875 1593 914 eum
1648 860 1968 929 ignorantiae
2020 858 2151 912 cali-

558 955 737 1022 ginem
774 953 1011 1021 dispellit
1036 961 1092 1006 et
1123 953 1349 1007 discutit
1382 970 1395 1018 ;
1422 952 1531 1005 vita
1559 967 1686 1005 vero
1712 967 1833 1003 cum
1868 952 2149 1004 immorta-

558 1045 763 1098 litatem
798 1046 1157 1113 gratilicatur,
1182 1045 1292 1107 via,
1322 1058 1445 1097 cum
1472 1044 1540 1096 ab
1564 1058 1751 1097 errore
1776 1043 1839 1096 ad
1868 1043 2149 1095 veritatem

558 1146 819 1204 tanquam
852 1151 1017 1190 manu
1043 1136 1230 1203 ducit;
1267 1136 1347 1189 sic
1373 1136 1537 1189 etiam
1573 1136 1741 1189 turris
1784 1132 2149 1195 fortitudinis,

558 1228 827 1283 etcivitas
861 1229 1282 1298 complexionis,
1312 1236 1361 1283 et
1420 1227 1564 1292 fons,
1596 1234 1651 1281 et
1685 1244 1869 1296 rupes,
1916 1236 1971 1281 et
1998 1226 2151 1290 vitis,

556 1326 613 1373 et
644 1320 914 1385 medicus,
969 1329 1023 1374 et
1085 1320 1442 1385 resurrectio,
1473 1329 1527 1373 et
1572 1320 1757 1371 omnia
1810 1319 1939 1370 talia
1976 1317 2153 1370 nostri

556 1412 773 1466 ratione
803 1414 1160 1479 nominatur;
1198 1412 1353 1465 vario
1379 1411 1543 1465 modo
1601 1410 1841 1480 seipsum
1878 1409 1993 1464 suis
2026 1424 2153 1479 erga

558 1518 661 1557 nos
697 1502 981 1559 beneﬁciis
1013 1503 1379 1559 distribuens.
1415 1503 1480 1556 lli
1519 1517 1650 1557 vero
1676 1518 1771 1573 per
1795 1502 1910 1557 haec
1934 1501 2154 1556 nomina

557 1594 831 1649 essentias
858 1595 1315 1663 interpretantur,
1347 1597 1439 1664 qui
1473 1610 1640 1664 super
1667 1595 1962 1648 humanam
1993 1603 2151 1646 natu-

558 1701 674 1739 ram
707 1694 869 1741 acute
889 1696 1144 1749 cernunt,
1179 1688 1274 1756 qui
1307 1686 1453 1757 quod
1478 1696 1563 1742 est
1599 1685 2155 1755 incomprehensibilc

560 1778 766 1842 vident,
826 1786 881 1832 et
947 1779 1093 1847 quod
1146 1786 1327 1848 potest
1375 1778 1766 1847 comprehendi
1830 1778 2147 1847 dispiciunt.

558 1868 730 1934 Quem
754 1871 899 1923 enim
917 1885 1094 1939 neque
1116 1870 1399 1923 hominum
1419 1871 1709 1940 quisquam
1729 1869 1865 1923 vidit
1884 1883 2146 1938 unquam,

558 1972 735 2025 neque
788 1966 968 2028 potest
1003 1959 1205 2024 videre,
1246 1960 1391 2013 hunc
1439 1974 1549 2013 non
1600 1960 1777 2015 solum
1812 1974 1872 2013 se
1927 1959 2148 2023 intueri,

559 2051 654 2104 sed
690 2048 853 2103 etiam
895 2051 1075 2105 metiri
1118 2050 1386 2105 allirmant
1414 2070 1428 2118 ;
1454 2051 1610 2105 ﬁdem
1644 2066 1777 2105 vero
1815 2065 1922 2104 non
1958 2051 2150 2103 animae

559 2143 723 2198 oculo
744 2150 996 2206 cernunt,
1021 2143 1166 2211 quod
1193 2144 1411 2213 quidem
1438 2144 1616 2198 solum
1649 2150 1702 2197 et
1734 2151 1933 2197 nostra;
1957 2148 2147 2213 cogni-

557 2232 694 2285 tioni
727 2246 1102 2286 commensmn
1127 2240 1180 2287 et
1199 2234 1666 2287 accommodatum
1689 2252 1701 2287 :
1720 2240 1773 2288 et
1785 2234 2149 2305 cognitionem

559 2330 681 2391 qua:
714 2338 779 2377 ex
808 2323 1115 2379 rationibus
1148 2324 1413 2393 procedit,
1445 2324 1571 2377 huic
1592 2333 1911 2394 prazponunt
1948 2332 2001 2379 et
2034 2325 2151 2393 plu-

556 2415 639 2467 ris
676 2412 904 2465 faciunt.
965 2412 1055 2466 Sic
1104 2414 1289 2467 audivi
1353 2414 1636 2468 historiam
1671 2415 1809 2471 ﬁlios
1868 2414 2152 2483 Benjamin

560 2513 937 2568 accusantem,
967 2507 1058 2573 qui
1091 2506 1308 2574 Quidem
1334 2506 1399 2559 ad
1433 2509 1602 2576 legem
1632 2524 1739 2560 non
1759 2508 2149 2577 respiciebant,

561 2596 628 2648 ad
685 2596 941 2664 capillum
1002 2604 1181 2649 autem
1242 2598 1437 2665 capitis
1464 2596 1631 2650 funda
1658 2600 2048 2666 jaculabantur
2092 2600 2148 2665 ⁶;

564 2701 841 2749 sermone,
899 2688 1114 2755 opinor,
1155 2688 1473 2742 declarante
1526 2689 1579 2741 in
1630 2704 1688 2742 re
1738 2704 1877 2742 vana
1915 2698 1969 2743 et
2010 2690 2150 2744 futili

563 2778 805 2845 ipsorum
842 2779 1239 2847 occupationen
1275 2779 1461 2848 :quod
1500 2780 1771 2833 inutilium
1804 2792 1857 2836 et
1882 2782 2149 2845 inanium,

563 2886 740 2938 neque
779 2872 1196 2925 subsistentium
1248 2872 1583 2941 jaculatores
1639 2874 1860 2944 quidam
1915 2884 2072 2929 erant
2098 2886 2152 2930 et

572 2961 737 3029 periti
772 2961 1174 3029 collimatores;
1246 2964 1461 3018 utilium
1515 2980 1643 3019 vero
1670 2974 1724 3019 et
1756 2966 2152 3037 manifesteju-

561 3055 806 3108 vantium
842 3055 1082 3124 imperiti
1112 3064 1166 3111 et
1201 3057 1538 3127 neglectores
1594 3075 1607 3111 :
1662 3058 1822 3112 dictis
1850 3061 1993 3113 enim
2023 3061 2153 3114 sub-

1782 382 1839 437 S.
1884 375 2213 436 GREGORII
2248 374 2543 433 NYSSENI

3733 368 3844 424 83.9.

2333 490 2474 560 Ἐγὼ
2512 489 2568 543 δὲ
2611 487 2765 541 τοῦτο
2814 486 2965 557 παρὰ
2995 486 3090 556 τῆς
3126 483 3482 537 θεοπνεύστου
3518 481 3557 533 Γ
3562 480 3738 552 ραφῆς
3759 480 3845 534 δι-

2252 583 2487 652 δαχθεὶς,
2511 578 2726 651 θαρσῶν
2753 576 3123 645 ἀποφαίνομαι
3144 592 3156 605 ’
3192 576 3273 627 ὅτι
3302 577 3330 628 ὁ
3367 572 3507 642 ὑπὲρ
3536 574 3641 625 πᾶν
3668 572 3841 641 ὄνομα

2251 673 2346 739 ὢν,
2384 676 2512 745 ἡμῖν
2551 670 2900 740 πολυώνυμος
2953 669 3181 737 γίνεται,
3213 666 3353 721 κατὰ
3399 667 3499 729 τὰς
3531 664 3639 718 τῶν
3684 665 3837 734 εὐερ-

2251 766 2448 833 γεσιῶν
2501 765 2771 827 ποικιλίας
2817 763 3247 831 ὀνομαζόμενοςο
3289 759 3404 828 φῶς
3447 758 3564 828 μὲν,
3595 758 3722 809 ὃταν
3750 754 3840 819 ὲξ-

2252 858 2500 925 ἀφανίζει
2536 858 2632 927 τῆς
2662 856 2884 923 ἀγνοίας
2911 855 3001 906 τὸν
3045 855 3237 920 ξόφοψ
3276 852 3387 922 ζωὴ
3440 851 3516 914 δὲ,
3565 852 3694 904 ὅταν
3738 848 3838 917 τὴν

2252 948 2551 1001 ἀθανασίαν
2576 948 2876 1017 χαρίζεται·
2902 946 3019 1007 ὁδὸς
3038 946 3113 1003 δὲ,
3149 946 3274 997 ὅταν
3301 944 3433 1013 πρὸς,
3455 943 3553 1012 τὴν
3582 942 3837 1011 ἀλήθειαν

2253 1040 2361 1094 ἀπὸ
2418 1041 2515 1110 τῆς
2569 1040 2773 1107 πλάνης
2819 1039 3241 1109 χειραγωγήσῃο
3289 1036 3429 1089 οὕτω
3483 1036 3577 1088 καὶ
3631 1036 3839 1106 πύργος

2256 1134 2457 1205 ἰσχύος,
2491 1136 2583 1186 καὶ
2623 1133 2777 1194 πόλις
2823 1132 3103 1202 περιοχῆς,
3156 1130 3250 1183 καὶ
3306 1130 3476 1199 πηγὴ,
3512 1130 3605 1180 καὶ
3641 1130 3835 1199 πέτρα,

2251 1227 2346 1278 καὶ
2374 1225 2635 1294 ἄμπελος,
2681 1226 2777 1276 καὶ
2824 1222 3025 1293 ἰατρὸς,
3068 1222 3160 1276 καὶ
3193 1222 3507 1284 ἀνάστασις.
3540 1222 3632 1274 καὶ
3665 1225 3838 1277 πάντα

2254 1317 2322 1369 τά
2346 1316 2569 1369 τοιαῦτα
2611 1317 2747 1388 πρὸς
2781 1320 2926 1387 ἡμᾶς
2968 1318 3318 1388 ὀνομάζεται*
3354 1319 3611 1381 ποικίλως
3650 1319 3837 1371 ἑαυτὸν

2256 1411 2375 1471 ταῖς
2429 1407 2725 1478 ἡμετέραις
2776 1408 3113 1478 εὐεργεσίαις
3169 1409 3568 1479 καταμερίζων.
3621 1408 3729 1471 Τὰς
3780 1409 3838 1461 δὲ

2251 1498 2438 1560 οὐσίας
2471 1497 2556 1550 διὰ
2588 1497 2696 1549 τῶν
2733 1497 3010 1566 ὀνομάτων
3040 1498 3427 1569 ὲρμηνεύονται
3472 1500 3521 1550 οἱ
3568 1497 3705 1569 ὑπὲρ
3740 1498 3837 1569 τὴν

2252 1592 2599 1661 ἀνθρωπίνην
2649 1590 2810 1660 φύσιν
2851 1591 3259 1656 όξυωποῦντες,
3318 1591 3366 1643 οἰ
3416 1592 3477 1645 τὸ
3512 1593 3611 1662 μὲν
3638 1593 3839 1645 ἀκατά-

2252 1683 2455 1753 ληπτον
2485 1682 2790 1752 βλέποντες,
2825 1683 2885 1735 τὸ
2917 1682 2973 1736 δὲ
3006 1684 3350 1753 καταληπτὸν
3376 1684 3834 1752 παραϐλέποντες.

2259 1778 2354 1829 "Ov
2382 1777 2490 1847 γὰρ
2516 1776 2640 1829 οῦτε
2674 1772 2781 1827 εἶδέ
2810 1793 2895 1838 τις
2936 1775 3255 1845 ἀνθρώπων,
3287 1774 3411 1829 οὔτε
3446 1778 3577 1829 ἰδεῖν
3600 1777 3835 1843 δύναται,

2182 1848 2225 1904 Β
2255 1866 2443 1920 τοῦτον
2470 1868 2531 1919 ού
2570 1868 2729 1937 μόνον
2752 1868 2906 1937 ὁρᾷν,
2933 1867 3068 1920 ἀλλά
3094 1867 3188 1921 καὶ
3235 1871 3453 1939 μετρεῖν
3478 1868 3839 1922 διαϐεϐαιοῦν-

2252 1973 2373 2008 ται*
2405 1957 2502 2026 τὴν
2526 1956 2583 2009 δὲ
2615 1956 2797 2008 πίστιν
2822 1956 2881 2008 οὐ
2911 1955 3165 2025 βλέπουσι
3196 1955 3274 2026 τῷ
3312 1960 3412 2027 τῆς
3435 1957 3612 2029 ψυχῆς
3640 1959 3841 2028 ὀφθαλ-

2256 2050 2361 2120 μῷ,
2417 2051 2553 2120 ὅπερ
2714 2049 2870 2118 μόνον
2932 2049 3242 2119 σύμμετρόν
3301 2052 3418 2102 ἐστι
3471 2054 3537 2122 τῇ
3598 2054 3840 2124 ἡμετέρᾳ

2252 2140 2611 2209 κατανοήσει’
2646 2138 2743 2209 τὴν
2790 2140 2856 2191 ἐκ
2911 2138 3021 2192 τῶν
3073 2138 3347 2209 λογισμῶν
3388 2142 3682 2209 ἐπίγνωσιν
3724 2146 3842 2195 ὲπί-

2252 2231 2485 2301 προσθεν
2529 2228 2729 2298 ταύτης
2756 2227 3086 2298 ποιούμενοι.
3123 2228 3308 2293 Οὕτως
3344 2231 3552 2300 ἥκουσα
3574 2232 3674 2298 τῆς
3702 2233 3845 2286 ἱστο-

2254 2322 2377 2392 ρίας
2406 2321 2514 2373 τῶν
2548 2319 2677 2372 υἱῶν
2733 2320 2991 2389 Βενιαμὶν
3030 2319 3461 2391 κατηγορούσης,
3502 2322 3552 2373 οἳ
3581 2322 3716 2391 πρὸς
3746 2324 3842 2393 μὲν

2251 2415 2343 2467 τὸν
2377 2415 2539 2484 νόμον
2569 2413 2668 2467 οὐκ
2696 2412 2943 2475 ἔϐλεπον,
2983 2411 3125 2465 κατά
3169 2412 3225 2464 δὲ
3262 2412 3446 2484 τριχὸς
3496 2411 3840 2476 ὲτοξάζοντο·

2251 2506 2557 2573 δηλοῦντος,
2604 2501 2779 2575 οἴμαι,
2827 2504 2920 2557 τοῦ
2971 2503 3128 2572 λόγου
3183 2503 3281 2575 τὴν
3333 2505 3461 2575 περὶ
3498 2504 3562 2556 τὸ
3616 2506 3843 2574 μάταιον

2252 2598 2428 2652 αὐτῶν
2457 2596 2710 2665 ἀσχολίαν
2732 2610 2746 2625 °
2781 2597 2862 2648 ὃτι
2896 2594 3005 2648 τῶν
3038 2596 3136 2665 μὲν
3174 2594 3465 2663 ἀνωφελῶν
3502 2597 3594 2647 καὶ
3640 2597 3843 2648 ἀνυπο-

2257 2692 2486 2755 στάτων,
2515 2688 2764 2759 ὲκηϐόλοι
2794 2688 2938 2751 τινὲς
2980 2686 3121 2759 ἦσαν
3169 2689 3261 2742 καὶ
3290 2686 3504 2757 εὐφυεῖς
3525 2690 3845 2759 στοχασταῢ

2252 2786 2361 2838 τῶν
2392 2784 2447 2836 δὲ
2484 2780 2764 2853 προδήλως
2805 2780 3177 2849 ὠφελούντων,
3225 2782 3456 2851 ἀμαθεῖς
3488 2779 3547 2835 τε
3587 2782 3681 2835 καὶ
3709 2785 3848 2851 ἀμε-

2253 2876 2462 2945 λέτητοι
2483 2891 2495 2903 ·
2530 2874 2725 2941 ἐπάγει
2751 2872 2859 2943 γὰρ
2886 2876 2999 2936 τοῖς
3027 2873 3336 2944 εἰρημένοις
3364 2874 3575 2945 ἱστορία
3602 2874 3702 2944 τὴν
3727 2876 3849 2927 κατ’

2255 2968 2450 3029 αὐτοὺς
2479 2965 2785 3037 συμφορὰν,
2810 2966 2958 3028 ὅπως
2996 2965 3132 3034 πρὸς
3164 2964 3262 3035 τὴν
3294 2964 3643 3036 Σοδομιτικὴν
3674 2982 3853 3035 παρα-

2255 3060 2447 3131 νομίαν
2498 3058 2905 3128 λυσσήσαντες,
2972 3057 3313 3126 πανστρατιᾷ
3359 3055 3452 3109 τοῦ
3517 3057 3850 3126 Ἰσραήλίτου

566 3145 695 3200 inde
720 3145 871 3201 addit
906 3148 1131 3203 historia
1187 3149 1552 3204 calamitatem
1595 3165 1715 3219 qua:
1760 3152 1895 3220 ipsis
1931 3152 2152 3212 accidit,

2256 3153 2385 3208 λαοῦ
2432 3152 2552 3205 κατ’
2601 3149 2781 3205 αὐτῶν
2832 3148 3201 3214 ὁπλισθέντος,
3249 3148 3723 3220 ἐξεπορθήθησαν·
3757 3147 3852 3201 καί

560 3238 705 3305 quod
748 3238 815 3291 ad
857 3236 1253 3293 Sodomiticum
1301 3241 1480 3295 scelus
1536 3242 1686 3295 rabie
1747 3242 2028 3305 concitati,
2085 3245 2153 3298 ab

562 3332 838 3387 universis
856 3332 1030 3402 copiis
1056 3333 1339 3388 lsraelitici
1366 3336 1758 3403 populicontra
1780 3338 1928 3405 ipsos
1955 3338 2152 3391 armati

564 3419 809 3475 funditus
833 3423 1008 3476 eversi
1030 3430 1181 3477 sunt.
1210 3422 1288 3475 Ac
1312 3423 1442 3475 mihi
1467 3422 1679 3485 videtur
1714 3424 2010 3477 humanum
2031 3439 2155 3481 esse

559 3511 873 3580 junioribus
904 3514 1206 3583 sagittariis
1232 3515 1485 3578 suadere,
1524 3529 1592 3568 ne
1617 3525 1807 3569 contra
1856 3517 2022 3586 pilum
2054 3533 2151 3573 ve-

563 3602 665 3655 lint
690 3604 941 3672 sagittam
980 3618 1112 3658 arcu
1150 3604 1460 3667 immittere,
1494 3605 1695 3659 ostium
1731 3622 1860 3661 vero
1891 3609 2010 3663 ﬁdei
2044 3625 2151 3664 non

564 3694 769 3759 videre,
808 3694 903 3750 sed
952 3704 1011 3749 ut
1042 3697 1231 3751 relicto
1260 3712 1399 3750 vano
1451 3697 1546 3749 illo
1579 3698 1782 3760 labore,
1811 3715 1970 3768 quem
2010 3702 2062 3755 in
2091 3719 2157 3758 eo

2262 3265 2351 3317 μοι
2382 3245 2529 3298 δοκεῖ
2561 3242 2948 3313 φιλάνθρωπον
2998 3235 3137 3292 εἶναι
3188 3239 3413 3310 γνώμην
3457 3236 3854 3309 εἰσηγήσασθαι

2257 3340 2368 3401 τοῖς
2392 3337 2531 3399 νέοις
2557 3334 2822 3400 τοξόταις,
2866 3331 2941 3402 μὴ
2992 3330 3132 3384 κατά
3162 3330 3346 3401 τριχὸς
3395 3330 3599 3384 ἐθέλειν
3631 3331 3853 3394 τοξάζε..

2259 3429 2402 3495 σθαι,
2437 3429 2537 3496 τὴν
2582 3425 2639 3478 δὲ
2691 3424 2861 3495 θύραν
2908 3422 2981 3493 μὴ
3031 3421 3249 3491 βλέπειν
3301 3423 3399 3493 τῆς
3434 3423 3686 3487 πίστεως,
3716 3423 3855 3476 ἀλλὰ

2258 3520 2531 3591 παρέντας
2582 3518 2682 3587 τὴν
2736 3516 2863 3587 περὶ
2913 3515 2974 3567 τὸ
3020 3513 3261 3584 ἄληπτον
3317 3514 3725 3584 ματαιοπονίαν,
3777 3515 3853 3584 μὴ

2262 3610 2587 3682 ζημιοῦσθαι
2626 3608 2689 3661 τὸ
2736 3608 3023 3679 πρόχειρον
3070 3606 3279 3677 κέρδος,
3309 3607 3371 3659 τὸ
3419 3606 3506 3659 διὰ
3550 3606 3718 3676 μόνης
3752 3605 3855 3673 τῆς

2266 3706 2499 3766 πίστεως
2535 3700 2947 3773 εὑρισκόμενον.

564 3786 713 3855 quod
750 3802 857 3840 non
896 3796 1071 3856 potest
1092 3787 1477 3857 comprehendi
1505 3789 1809 3854 insumunt,
1852 3792 1997 3847 illius
2024 3796 2161 3851 lucri
2205 3798 2350 3869 quod
2381 3797 2435 3850 in
2467 3801 2720 3866 promptu
2748 3793 2928 3862 parari
2947 3800 3427 3863 potest,]acturam
3475 3806 3582 3844 non
3628 3790 3855 3878 faciant,

563 3875 708 3945 quod
742 3891 838 3944 per
875 3877 1042 3930 solam
1086 3876 1243 3929 ﬁdem
1280 3877 1575 3933 invenitur.

641 3964 749 4022 Sed
778 3970 982 4037 reliqua
1005 3970 1185 4025 inanis
1214 3971 1361 4025 illius
1386 3972 1572 4041 scripti
1596 3974 1977 4038 considerans,
2003 3977 2151 4046 piget

566 4077 653 4114 me
692 4076 1000 4115 sermonem
1029 4064 1262 4119 ulterius
1299 4067 1620 4134 provehere,
1658 4067 1883 4123 horrore
1914 4070 2151 4138 quodam

565 4168 631 4206 ex
664 4153 749 4206 his
778 4168 899 4221 quae
948 4154 1208 4208 dicuntur
1251 4171 1349 4209 cor
1378 4172 1558 4211 meum
1605 4169 1996 4228 procurrente;
2041 4163 2153 4215 vult

566 4243 709 4296 enim
747 4243 890 4296 aliud
924 4244 1182 4312 quiddam
1239 4248 1526 4302 ostendere
1570 4258 1768 4318 praeter
1803 4251 1969 4303 vitam
1997 4260 2154 4305 aeter-

566 4351 690 4388 nam
722 4350 841 4388 esse
884 4333 1100 4391 Fi|ium.
1144 4354 1264 4406 quae
1323 4340 1543 4407 quidem
1604 4341 1710 4393 nisi
1749 4342 1806 4394 in
1863 4344 2154 4412 llnigenito

567 4432 859 4493 spectetur.
900 4442 1035 4479 vana
1067 4428 1196 4482 ﬁdes
1246 4429 1732 4497 demonstrabitur,
1762 4433 1941 4487 inanis
1964 4436 2155 4503 przedi-

2334 3974 2495 4027 Ἀλλά
2546 3972 2615 4025 τὰ
2662 3971 2956 4041 λειπόμενα
3000 3974 3097 4041 τῆς
3139 3970 3503 4041 λογογραφίας
3554 3973 3856 4043 ἐπισκεψά-

2254 4083 2439 4138 μενος,
2474 4064 2619 4117 ὀκνῶ
2650 4064 2987 4133 προαγαγεῖν
3029 4063 3338 4134 περαιτέρω
3384 4062 3475 4115 τὸν
3508 4061 3683 4131 λόγον,
3724 4065 3854 4135 φρί-

2252 4176 2353 4227 κης
2400 4156 2542 4218 τινὸς
2594 4157 2658 4208 ὲκ
2703 4153 2813 4206 τῶν
2856 4153 3165 4223 λεγομένων
3206 4155 3306 4224 τὴν
3355 4155 3583 4225 καρδίαν
3620 4156 3855 4228 ὑποδρα-

2256 4252 2479 4323 μούσης.
2513 4249 2767 4302 Βούλεται
2806 4246 2915 4319 γὰρ
2949 4247 3075 4299 ἄλλο
3112 4265 3164 4300 τι
3195 4247 3364 4313 δεῖξαι
3411 4247 3561 4317 παρὰ
3599 4248 3699 4319 τὴν
3726 4252 3855 4301 αἰω-

2261 4344 2377 4398 νίαν
2404 4341 2547 4412 ζωὴν
2579 4342 2668 4393 τὸν
2698 4341 2827 4392 Υίὸν
2855 4340 3006 4403 ὄντα,
3044 4339 3164 4410 ἥτις
3188 4341 3235 4391 εί
3273 4338 3346 4409 μὴ
3395 4339 3454 4392 ὲν
3500 4338 3579 4409 τῷ
3615 4340 3855 4407 Μονογε-

2263 4439 2341 4487 νεῖ
2374 4434 2647 4505 θεωροῖτο,
2680 4432 2883 4504 ματαία
2942 4433 3039 4502 μὲν
3082 4434 3114 4502 ὴ
3166 4432 3347 4495 πίστις
3380 4432 3850 4503 ἀποδειχθήσεται,

565 4515 732 4578 catio,
779 4516 1111 4584 superﬂuum
1164 4519 1457 4588 baptisma,
1495 4531 1794 4591 martyrum
1847 4523 2056 4579 labores
2104 4531 2152 4578 et

2264 4527 2417 4580 κενὸν
2471 4526 2525 4577 δὲ
2576 4526 2637 4578 τὸ
2685 4527 2966 4595 κήρυγμα,
3020 4523 3273 4595 περιττὸν
3322 4524 3378 4576 δὲ
3431 4524 3729 4594 βάπτισμα,
3771 4527 3853 4588 εἰς

565 4608 842 4661 cruciatus
878 4609 1153 4661 incassum
1202 4612 1445 4680 suscepti
1496 4620 1549 4666 ct
1579 4614 1815 4675 tolerati,
1852 4615 2073 4668 inutiles
2102 4624 2157 4669 et

569 4696 895 4755 infructuosi
954 4699 1234 4755 hominum
1298 4704 1423 4757 vita:
1478 4706 1848 4774 apostolorum
1901 4706 2151 4761 sudores.

566 4788 675 4841 Cur
704 4790 849 4842 enim
882 4788 1159 4845 Christum
1217 4795 1639 4862 annuntiarunt,
1683 4798 1738 4849 in
1794 4812 1901 4867 quo
1937 4808 2154 4852 aeternae

564 4881 710 4942 vitae,
741 4887 800 4933 ut
825 4890 1013 4935 censet
1059 4882 1381 4949 Eunomius,
1416 4901 1524 4940 non
1551 4896 1635 4941 est
1665 4890 1946 4957 potestas?
1981 4889 2152 4956 Quor—

567 4986 688 5026 sum
713 4987 810 5027 eos
838 4975 931 5041 qui
976 4975 1347 5040 crediderunt,
1381 4978 1585 5033 Christi
1614 4983 1831 5036 nomine
1854 4984 2147 5052 appeilant,

566 5064 612 5119 si
639 5081 748 5120 non
778 5081 875 5135 per
911 5067 1058 5121 hunc
1082 5070 1247 5122 vitam
1300 5079 1555 5124 aeternam
1596 5076 1947 5127 consecuturi
1986 5077 2151 5130 sunt?

572 5154 722 5217 Mens
756 5156 916 5219 enim,
963 5158 1057 5211 ait.
1088 5174 1267 5211 eorum
1295 5161 1384 5228 qui
1414 5161 1469 5214 in
1501 5160 1783 5215 Dominum
1819 5166 2152 5219 crediderunt

565 5262 723 5311 super
761 5263 963 5301 omnem
1019 5249 1315 5303 sensibilem
1362 5261 1411 5303 et
1450 5253 1833 5323 intelligibilem
1873 5259 2154 5310 essentiam

568 5352 684 5388 cum
713 5353 825 5391 sese
849 5339 1227 5409 extulitmeque
1253 5344 1308 5395 in
1344 5342 1476 5397 Filii
1509 5349 1840 5414 generatione
1868 5348 2156 5401 subsistere

567 5438 734 5497 potest
765 5446 786 5484 :
825 5431 971 5484 ultra
1000 5432 1134 5486 hanc
1165 5437 1320 5503 gestit
1351 5436 1446 5503 ire,
1487 5438 1606 5492 vitw
1635 5448 1847 5493 (eterna:
1888 5441 2149 5495 desiderio

571 5523 740 5590 primo
794 5541 1066 5579 occurrere
1139 5530 1299 5595 potiri
1360 5531 1590 5598 cupiens.
1641 5530 1781 5596 Quid
1858 5533 2030 5603 magis
2094 5535 2147 5587 in

572 5611 656 5671 his
686 5614 844 5670 dictis
874 5616 1184 5687 deplorem?
1235 5636 1301 5674 an
1344 5622 1490 5693 quod
1541 5623 1595 5677 in
1629 5622 1767 5680 Filio
1791 5624 1958 5679 vitam
1992 5632 2148 5680 aeter-

644 5788 865 5850 ‘Judic.
908 5810 999 5862 xx,
1046 5795 1132 5851 16.

2261 4616 2410 4669 οὐδὲν
2450 4616 2506 4668 δὲ
2553 4615 2660 4666 τῶν
2707 4614 2999 4685 μαρτύρων
3052 4616 3100 4666 οἱ
3141 4614 3311 4677 πόνοι,
3355 4614 3614 4683 ἄχρηστοι
3650 4613 3706 4666 δὲ
3757 4615 3853 4666 καὶ

2259 4709 2505 4776 ἀνόνητοι
2553 4708 2619 4776 τῇ
2664 4706 2775 4776 ζωῇ
2824 4705 2931 4757 τῶν
2970 4704 3272 4776 ἀνθρώπων
3304 4707 3353 4757 οἱ
3383 4706 3492 4757 τῶν
3541 4706 3854 4760 ἀποστόλων

2258 4798 2501 4869 ἱδρῶτες.
2533 4798 2597 4849 Τί
2625 4797 2733 4866 γὰρ
2763 4796 3127 4867 κατήγγειλαν
3156 4797 3247 4848 τὸν
3272 4797 3527 4867 Χριστὸν,
3570 4798 3628 4849 ὲν
3667 4791 3710 4864 ᾧ
3753 4797 3853 4869 τῆς

2253 4890 2475 4953 αἰωνίοις
2509 4890 2652 4961 ζωῆς
2687 4892 2805 4942 κατ’
2855 4890 3119 4959 Εὐνόμιον
3164 4890 3263 4941 οὐκ
3309 4888 3454 4941 ἔστιν
3504 4891 3537 4959 ἡ
3579 4891 3851 4960 δύναμις;

2252 4982 2345 5045 Ei;
2382 4982 2521 5035 τίδὲ
2568 4980 2646 5051 τῷ
2674 4981 2895 5051 ὀνόματι
2948 4981 3185 5050 Χριστοῦ
3233 4982 3358 5044 τοὺς
3422 4982 3855 5043 πεπιστευκότας

2250 5072 2730 5140 κατονομαζουσιν,
2774 5073 2821 5123 εί
2865 5070 2940 5141 μὴ
2966 5070 3057 5123 διὰ
3104 5070 3294 5123 τούτου
3331 5072 3431 5143 τῆς
3470 5072 3694 5134 αίωνίας
3724 5072 3855 5143 μέλι

2251 5164 2391 5216 λοιεν
2433 5163 2680 5233 μετέχειν
2722 5163 2905 5232 ζωῆςς
2950 5163 3004 5215 '0
3046 5162 3153 5232 γὰρ
3181 5162 3347 5228 νοῦς,
3399 5164 3551 5233 φησὶ,
3594 5164 3711 5215 τῶν
3755 5167 3847 5227 εἰς

2252 5256 2358 5309 τὸν
2396 5256 3146 5331 Κῴων-πεπιστευκότων,
3182 5254 3389 5309 πᾶσαν
3420 5256 3717 5323 αἰσθητὴν
3742 5258 3843 5309 καὶ

2253 5348 2482 5415 νοητὴν
2528 5348 2748 5401 οὐσίαν
2805 5347 3190 5415 ὑπερκύψας,
3237 5346 3378 5400 οὐδὲ
3414 5346 3513 5399 ἐπὶ
3564 5344 3674 5413 τῆς
3743 5347 3851 5400 τοῦ

2266 5440 2403 5493 Υίοῦ
2434 5439 2778 5509 γεννήσεως
2809 5441 3093 5493 ἵστασθαι
3135 5440 3434 5508 πέφυκεν·
3476 5440 3755 5493 ἐπέκεινα
3782 5439 3856 5492 δὲ

2256 5533 2477 5599 ταύτης
2522 5532 2667 5586 ἵεται
2723 5534 2886 5595 πόθῳ
2926 5530 3035 5601 τῆς
3086 5533 3326 5586 αἰωνίου
3375 5531 3525 5600 ζωῆς
3573 5530 3855 5600 ἐντυχεῖν

2259 5624 2340 5691 τῷ
2381 5624 2587 5692 πρώτῳ
2629 5625 3004 5695 γλιχόμενος.
3063 5624 3129 5678 Τί
3170 5623 3279 5677 τῶν
3328 5623 3632 5695 εἰρημένων
3688 5622 3857 5678 πλέον
