  <div class='ocr_page' id='page_1' title='image "/cluster/home/n/w/nwhite01/storage/ocr_20150623/45/nnc1.0046978445/428.png"; bbox 0 0 4142 6374; ppageno 0'>
   <div class='ocr_carea' id='block_1_1' title="bbox 298 387 406 441">
    <p class='ocr_par' dir='ltr' id='par_1_1' title="bbox 298 387 406 441">
     <span class='ocr_line' id='line_1_1' title="bbox 298 387 406 441; baseline 0 0"><span class='ocrx_word' id='word_1_1' title='bbox 298 387 406 441; x_wconf 81' lang='grc'><strong>855</strong></span> 
     </span>
    </p>
   </div>
   <div class='ocr_carea' id='block_1_2' title="bbox 1433 388 2424 458">
    <p class='ocr_par' dir='ltr' id='par_1_2' title="bbox 1433 388 2424 458">
     <span class='ocr_line' id='line_1_2' title="bbox 1433 388 2424 458; baseline -0.001 -11"><span class='ocrx_word' id='word_1_2' title='bbox 1433 388 1717 447; x_wconf 76' lang='lat' dir='ltr'><strong>CONTRA</strong></span> <span class='ocrx_word' id='word_1_3' title='bbox 1757 389 2146 458; x_wconf 72' lang='grc' dir='ltr'><strong>ΕΠΝΟΜΙΠΜ,</strong></span> <span class='ocrx_word' id='word_1_4' title='bbox 2189 390 2316 449; x_wconf 82' lang='lat' dir='ltr'><strong>LIB.</strong></span> <span class='ocrx_word' id='word_1_5' title='bbox 2358 394 2424 447; x_wconf 82' lang='grc' dir='ltr'>Χ.</span> 
     </span>
    </p>
   </div>
   <div class='ocr_carea' id='block_1_3' title="bbox 3454 409 3555 463">
    <p class='ocr_par' dir='ltr' id='par_1_3' title="bbox 3454 409 3555 463">
     <span class='ocr_line' id='line_1_3' title="bbox 3454 409 3555 463; baseline 0 0"><span class='ocrx_word' id='word_1_6' title='bbox 3454 409 3555 463; x_wconf 66' lang='grc'><strong>854</strong></span> 
     </span>
    </p>
   </div>
   <div class='ocr_carea' id='block_1_4' title="bbox 294 500 1872 593">
    <p class='ocr_par' dir='ltr' id='par_1_4' title="bbox 294 500 1872 581">
     <span class='ocr_line' id='line_1_4' title="bbox 294 500 1872 581; baseline 0.004 -25"><span class='ocrx_word' id='word_1_7' title='bbox 294 502 596 574; x_wconf 83' lang='grc' dir='ltr'>ὀδύρωμαι,</span> <span class='ocrx_word' id='word_1_8' title='bbox 627 500 697 557; x_wconf 85' lang='grc' dir='ltr'>τὸ</span> <span class='ocrx_word' id='word_1_9' title='bbox 720 504 796 578; x_wconf 76' lang='grc' dir='ltr'>μὴ</span> <span class='ocrx_word' id='word_1_10' title='bbox 833 501 972 560; x_wconf 75' lang='grc' dir='ltr'>εἶναι</span> <span class='ocrx_word' id='word_1_11' title='bbox 1007 506 1107 578; x_wconf 77' lang='grc' dir='ltr'>τὴν</span> <span class='ocrx_word' id='word_1_12' title='bbox 1135 507 1357 564; x_wconf 73' lang='grc' dir='ltr'>αἰωνίαν</span> <span class='ocrx_word' id='word_1_13' title='bbox 1389 507 1533 579; x_wconf 81' lang='grc' dir='ltr'>ζωὴν</span> <span class='ocrx_word' id='word_1_14' title='bbox 1559 510 1618 563; x_wconf 80' lang='grc' dir='ltr'>ἐν</span> <span class='ocrx_word' id='word_1_15' title='bbox 1655 509 1734 581; x_wconf 79' lang='grc' dir='ltr'>τῷ</span> <span class='ocrx_word' id='word_1_16' title='bbox 1768 509 1872 580; x_wconf 55' lang='lat' dir='ltr'><strong>Ile;</strong></span> 
     </span>
    </p>
   </div>
   <div class='ocr_carea' id='block_1_5' title="bbox 1975 500 3556 593">
    <p class='ocr_par' dir='ltr' id='par_1_5' title="bbox 1985 515 3556 593">
     <span class='ocr_line' id='line_1_5' title="bbox 1985 515 3556 593; baseline 0.014 -27"><span class='ocrx_word' id='word_1_17' title='bbox 1985 527 2112 566; x_wconf 92' lang='lat' dir='ltr'><strong>nam</strong></span> <span class='ocrx_word' id='word_1_18' title='bbox 2136 528 2243 568; x_wconf 92' lang='lat' dir='ltr'><strong>non</strong></span> <span class='ocrx_word' id='word_1_19' title='bbox 2274 529 2398 570; x_wconf 86' lang='lat' dir='ltr'><strong>esse</strong></span> <span class='ocrx_word' id='word_1_20' title='bbox 2427 515 2609 571; x_wconf 85' lang='lat' dir='ltr'><strong>miseri</strong></span> <span class='ocrx_word' id='word_1_21' title='bbox 2641 529 2888 586; x_wconf 77' lang='lat' dir='ltr'><strong>censent,</strong></span> <span class='ocrx_word' id='word_1_22' title='bbox 2907 536 2976 577; x_wconf 85' lang='lat' dir='ltr'><strong>an</strong></span> <span class='ocrx_word' id='word_1_23' title='bbox 3001 522 3143 593; x_wconf 81' lang='lat' dir='ltr'><strong>quod</strong></span> <span class='ocrx_word' id='word_1_24' title='bbox 3169 523 3251 580; x_wconf 88' lang='lat' dir='ltr'><strong>sic</strong></span> <span class='ocrx_word' id='word_1_25' title='bbox 3301 526 3556 588; x_wconf 97' lang='lat' dir='ltr'><strong>humilem</strong></span> 
     </span>
    </p>
   </div>
   <div class='ocr_carea' id='block_1_6' title="bbox 295 596 1883 673">
    <p class='ocr_par' dir='ltr' id='par_1_6' title="bbox 295 596 1883 673">
     <span class='ocr_line' id='line_1_6' title="bbox 295 596 1883 673; baseline 0.006 -23"><span class='ocrx_word' id='word_1_26' title='bbox 295 597 423 660; x_wconf 82' lang='grc' dir='ltr'>τοὺς</span> <span class='ocrx_word' id='word_1_27' title='bbox 453 596 718 664; x_wconf 79' lang='grc' dir='ltr'>δειλαίους</span> <span class='ocrx_word' id='word_1_28' title='bbox 763 598 1023 670; x_wconf 84' lang='grc' dir='ltr'>νομίζειν,</span> <span class='ocrx_word' id='word_1_29' title='bbox 1072 598 1104 670; x_wconf 83' lang='grc' dir='ltr'>ἢ</span> <span class='ocrx_word' id='word_1_30' title='bbox 1160 600 1221 654; x_wconf 88' lang='grc' dir='ltr'><strong>τὸ</strong></span> <span class='ocrx_word' id='word_1_31' title='bbox 1276 600 1558 673; x_wconf 77' lang='grc' dir='ltr'>χθαμαλὴν</span> <span class='ocrx_word' id='word_1_32' title='bbox 1606 601 1750 655; x_wconf 75' lang='grc' dir='ltr'>οὕτω</span> <span class='ocrx_word' id='word_1_33' title='bbox 1787 607 1883 660; x_wconf 74' lang='grc' dir='ltr'>καὶ</span> 
     </span>
    </p>
   </div>
   <div class='ocr_carea' id='block_1_7' title="bbox 293 688 1879 760">
    <p class='ocr_par' dir='ltr' id='par_1_7' title="bbox 293 688 1879 760">
     <span class='ocr_line' id='line_1_7' title="bbox 293 688 1879 760; baseline 0.004 -20"><span class='ocrx_word' id='word_1_34' title='bbox 293 689 583 758; x_wconf 77' lang='grc' dir='ltr'><strong>πρόσγειον</strong></span> <span class='ocrx_word' id='word_1_35' title='bbox 621 688 840 759; x_wconf 83' lang='grc' dir='ltr'><strong>βλέπειν</strong></span> <span class='ocrx_word' id='word_1_36' title='bbox 885 689 983 760; x_wconf 77' lang='grc' dir='ltr'>τὴν</span> <span class='ocrx_word' id='word_1_37' title='bbox 1030 689 1127 743; x_wconf 81' lang='grc' dir='ltr'><strong>τοῦ</strong></span> <span class='ocrx_word' id='word_1_38' title='bbox 1180 690 1516 760; x_wconf 78' lang='grc' dir='ltr'>Μονογενοῦς</span> <span class='ocrx_word' id='word_1_39' title='bbox 1565 693 1879 760; x_wconf 77' lang='grc' dir='ltr'><strong>ὑπόστασιν,</strong></span> 
     </span>
    </p>
   </div>
   <div class='ocr_carea' id='block_1_8' title="bbox 295 780 1879 856">
    <p class='ocr_par' dir='ltr' id='par_1_8' title="bbox 295 780 1879 856">
     <span class='ocr_line' id='line_1_8' title="bbox 295 780 1879 856; baseline 0.005 -24"><span class='ocrx_word' id='word_1_40' title='bbox 295 780 436 832; x_wconf 82' lang='grc' dir='ltr'>ὥστε</span> <span class='ocrx_word' id='word_1_41' title='bbox 484 781 584 849; x_wconf 84' lang='grc' dir='ltr'>τῆς</span> <span class='ocrx_word' id='word_1_42' title='bbox 646 782 820 852; x_wconf 82' lang='grc' dir='ltr'>ἀρχῆς</span> <span class='ocrx_word' id='word_1_43' title='bbox 871 781 1036 836; x_wconf 81' lang='grc' dir='ltr'>αὐτοῦ</span> <span class='ocrx_word' id='word_1_44' title='bbox 1085 786 1197 847; x_wconf 89' lang='grc' dir='ltr'>τοῖς</span> <span class='ocrx_word' id='word_1_45' title='bbox 1252 783 1530 856; x_wconf 81' lang='grc' dir='ltr'><strong>λογισμοῖς</strong></span> <span class='ocrx_word' id='word_1_46' title='bbox 1566 787 1879 854; x_wconf 83' lang='grc' dir='ltr'>ἐπιϐάντας,</span> 
     </span>
    </p>
   </div>
   <div class='ocr_carea' id='block_1_9' title="bbox 297 869 1883 946">
    <p class='ocr_par' dir='ltr' id='par_1_9' title="bbox 297 869 1883 946">
     <span class='ocr_line' id='line_1_9' title="bbox 297 869 1883 946; baseline 0.008 -26"><span class='ocrx_word' id='word_1_47' title='bbox 297 869 665 939; x_wconf 81' lang='grc' dir='ltr'>ὑπερκύπτειν</span> <span class='ocrx_word' id='word_1_48' title='bbox 703 872 815 925; x_wconf 84' lang='grc' dir='ltr'>ἄνω</span> <span class='ocrx_word' id='word_1_49' title='bbox 840 872 938 939; x_wconf 83' lang='grc' dir='ltr'>τῆς</span> <span class='ocrx_word' id='word_1_50' title='bbox 961 871 1057 925; x_wconf 79' lang='grc' dir='ltr'>τοῦ</span> <span class='ocrx_word' id='word_1_51' title='bbox 1091 873 1221 926; x_wconf 84' lang='grc' dir='ltr'><strong>Υίοῦ</strong></span> <span class='ocrx_word' id='word_1_52' title='bbox 1257 873 1402 946; x_wconf 82' lang='grc' dir='ltr'>ζωῆς</span> <span class='ocrx_word' id='word_1_53' title='bbox 1431 879 1496 946; x_wconf 84' lang='grc' dir='ltr'><strong>τῇ</strong></span> <span class='ocrx_word' id='word_1_54' title='bbox 1537 878 1745 930; x_wconf 77' lang='grc' dir='ltr'>ἑαυτῶν</span> <span class='ocrx_word' id='word_1_55' title='bbox 1773 878 1883 932; x_wconf 86' lang='grc' dir='ltr'>δια-</span> 
     </span>
    </p>
   </div>
   <div class='ocr_carea' id='block_1_10' title="bbox 296 961 1880 1033">
    <p class='ocr_par' dir='ltr' id='par_1_10' title="bbox 296 961 1880 1033">
     <span class='ocr_line' id='line_1_10' title="bbox 296 961 1880 1033; baseline 0.006 -20"><span class='ocrx_word' id='word_1_56' title='bbox 296 962 416 1033; x_wconf 72' lang='grc' dir='ltr'>νοίᾳ</span> <span class='ocrx_word' id='word_1_57' title='bbox 441 961 827 1031; x_wconf 80' lang='grc' dir='ltr'>φαντάζεσθαι,</span> <span class='ocrx_word' id='word_1_58' title='bbox 879 965 970 1018; x_wconf 79' lang='grc' dir='ltr'>καὶ</span> <span class='ocrx_word' id='word_1_59' title='bbox 1014 967 1411 1032; x_wconf 79' lang='grc' dir='ltr'><strong>καταλιπόντας</strong></span> <span class='ocrx_word' id='word_1_60' title='bbox 1443 971 1594 1022; x_wconf 81' lang='grc' dir='ltr'>κάτω</span> <span class='ocrx_word' id='word_1_61' title='bbox 1645 987 1750 1024; x_wconf 83' lang='grc' dir='ltr'><strong>που</strong></span> <span class='ocrx_word' id='word_1_62' title='bbox 1785 970 1880 1023; x_wconf 76' lang='grc' dir='ltr'><strong>τοῦ</strong></span> 
     </span>
    </p>
   </div>
   <div class='ocr_carea' id='block_1_11' title="bbox 297 1053 1880 1133">
    <p class='ocr_par' dir='ltr' id='par_1_11' title="bbox 297 1053 1880 1133">
     <span class='ocr_line' id='line_1_11' title="bbox 297 1053 1880 1133; baseline 0.006 -27"><span class='ocrx_word' id='word_1_63' title='bbox 297 1053 505 1120; x_wconf 82' lang='grc' dir='ltr'>Κυρίου</span> <span class='ocrx_word' id='word_1_64' title='bbox 538 1053 636 1124; x_wconf 81' lang='grc' dir='ltr'>τὴν</span> <span class='ocrx_word' id='word_1_65' title='bbox 663 1054 935 1125; x_wconf 83' lang='grc' dir='ltr'>γέννησιν,</span> <span class='ocrx_word' id='word_1_66' title='bbox 971 1057 1228 1111; x_wconf 81' lang='grc' dir='ltr'><strong>ἐπέκεινα</strong></span> <span class='ocrx_word' id='word_1_67' title='bbox 1283 1058 1485 1130; x_wconf 77' lang='grc' dir='ltr'>ταύτης</span> <span class='ocrx_word' id='word_1_68' title='bbox 1534 1059 1706 1114; x_wconf 74' lang='grc' dir='ltr'>ἵεσθαι</span> <span class='ocrx_word' id='word_1_69' title='bbox 1731 1062 1880 1133; x_wconf 87' lang='grc' dir='ltr'>πόθῳ</span> 
     </span>
    </p>
   </div>
   <div class='ocr_carea' id='block_1_12' title="bbox 296 1145 1876 1222">
    <p class='ocr_par' dir='ltr' id='par_1_12' title="bbox 296 1145 1876 1222">
     <span class='ocr_line' id='line_1_12' title="bbox 296 1145 1876 1222; baseline 0.006 -26"><span class='ocrx_word' id='word_1_70' title='bbox 296 1147 395 1216; x_wconf 79' lang='grc' dir='ltr'>τῆς</span> <span class='ocrx_word' id='word_1_71' title='bbox 424 1145 642 1197; x_wconf 79' lang='grc' dir='ltr'>αἰωνίου</span> <span class='ocrx_word' id='word_1_72' title='bbox 675 1145 842 1217; x_wconf 83' lang='grc' dir='ltr'>ζωῆς;</span> <span class='ocrx_word' id='word_1_73' title='bbox 866 1148 1079 1218; x_wconf 84' lang='grc' dir='ltr'>Ταύτην</span> <span class='ocrx_word' id='word_1_74' title='bbox 1108 1150 1218 1220; x_wconf 80' lang='grc' dir='ltr'>γὰρ</span> <span class='ocrx_word' id='word_1_75' title='bbox 1254 1150 1320 1202; x_wconf 82' lang='grc' dir='ltr'><strong>τὰ</strong></span> <span class='ocrx_word' id='word_1_76' title='bbox 1342 1151 1609 1220; x_wconf 82' lang='grc' dir='ltr'><strong>εἰρημένα</strong></span> <span class='ocrx_word' id='word_1_77' title='bbox 1635 1151 1733 1222; x_wconf 76' lang='grc' dir='ltr'>τὴν</span> <span class='ocrx_word' id='word_1_78' title='bbox 1761 1154 1876 1206; x_wconf 54' lang='grc' dir='ltr'><strong>διά-</strong></span> 
     </span>
    </p>
   </div>
   <div class='ocr_carea' id='block_1_13' title="bbox 296 1235 1878 1312">
    <p class='ocr_par' dir='ltr' id='par_1_13' title="bbox 296 1235 1878 1312">
     <span class='ocr_line' id='line_1_13' title="bbox 296 1235 1878 1312; baseline 0.008 -27"><span class='ocrx_word' id='word_1_79' title='bbox 296 1249 445 1287; x_wconf 82' lang='grc' dir='ltr'>νοιαν</span> <span class='ocrx_word' id='word_1_80' title='bbox 479 1235 613 1304; x_wconf 79' lang='grc' dir='ltr'>ἔχει,</span> <span class='ocrx_word' id='word_1_81' title='bbox 647 1236 726 1288; x_wconf 82' lang='grc' dir='ltr'>ὅτι</span> <span class='ocrx_word' id='word_1_82' title='bbox 775 1237 804 1288; x_wconf 99' lang='lat'><strong>6</strong></span> <span class='ocrx_word' id='word_1_83' title='bbox 873 1236 1211 1308; x_wconf 85' lang='grc' dir='ltr'><strong>ἀνθρώπινος</strong></span> <span class='ocrx_word' id='word_1_84' title='bbox 1259 1240 1382 1303; x_wconf 73' lang='grc' dir='ltr'>νοῦς</span> <span class='ocrx_word' id='word_1_85' title='bbox 1431 1241 1531 1312; x_wconf 81' lang='grc' dir='ltr'>τὴν</span> <span class='ocrx_word' id='word_1_86' title='bbox 1572 1243 1679 1294; x_wconf 82' lang='grc' dir='ltr'><strong>τῶν</strong></span> <span class='ocrx_word' id='word_1_87' title='bbox 1713 1243 1878 1297; x_wconf 78' lang='grc' dir='ltr'>ὄντων</span> 
     </span>
    </p>
   </div>
   <div class='ocr_carea' id='block_1_14' title="bbox 296 1325 1878 1405">
    <p class='ocr_par' dir='ltr' id='par_1_14' title="bbox 296 1325 1878 1405">
     <span class='ocr_line' id='line_1_14' title="bbox 296 1325 1878 1405; baseline 0.008 -28"><span class='ocrx_word' id='word_1_88' title='bbox 296 1325 496 1392; x_wconf 81' lang='grc' dir='ltr'>γνῶσιν</span> <span class='ocrx_word' id='word_1_89' title='bbox 523 1325 956 1398; x_wconf 83' lang='grc' dir='ltr'><strong>διερευνώμενος,</strong></span> <span class='ocrx_word' id='word_1_90' title='bbox 988 1329 1082 1382; x_wconf 73' lang='grc' dir='ltr'>καὶ</span> <span class='ocrx_word' id='word_1_91' title='bbox 1110 1329 1210 1399; x_wconf 81' lang='grc' dir='ltr'>τῆς</span> <span class='ocrx_word' id='word_1_92' title='bbox 1246 1331 1507 1404; x_wconf 80' lang='grc' dir='ltr'>αίσθητῆς</span> <span class='ocrx_word' id='word_1_93' title='bbox 1545 1351 1603 1386; x_wconf 85' lang='grc' dir='ltr'><strong>τε</strong></span> <span class='ocrx_word' id='word_1_94' title='bbox 1636 1336 1724 1388; x_wconf 80' lang='grc' dir='ltr'>καὶ</span> <span class='ocrx_word' id='word_1_95' title='bbox 1756 1353 1878 1405; x_wconf 83' lang='grc' dir='ltr'>νοη-</span> 
     </span>
    </p>
   </div>
   <div class='ocr_carea' id='block_1_15' title="bbox 295 1419 1876 1498">
    <p class='ocr_par' dir='ltr' id='par_1_15' title="bbox 295 1419 1876 1498">
     <span class='ocr_line' id='line_1_15' title="bbox 295 1419 1876 1498; baseline 0.005 -25"><span class='ocrx_word' id='word_1_96' title='bbox 295 1419 398 1487; x_wconf 84' lang='grc' dir='ltr'>τῆς</span> <span class='ocrx_word' id='word_1_97' title='bbox 452 1421 681 1485; x_wconf 84' lang='grc' dir='ltr'>κτίσεως</span> <span class='ocrx_word' id='word_1_98' title='bbox 737 1423 926 1478; x_wconf 86' lang='grc' dir='ltr'>ἐαυτὸν</span> <span class='ocrx_word' id='word_1_99' title='bbox 975 1423 1208 1494; x_wconf 84' lang='grc' dir='ltr'>ὑπάρας,</span> <span class='ocrx_word' id='word_1_100' title='bbox 1269 1425 1390 1478; x_wconf 88' lang='grc' dir='ltr'>καθ’</span> <span class='ocrx_word' id='word_1_101' title='bbox 1425 1426 1718 1498; x_wconf 84' lang='grc' dir='ltr'>ὁμοιότητα</span> <span class='ocrx_word' id='word_1_102' title='bbox 1768 1428 1876 1481; x_wconf 88' lang='grc' dir='ltr'><strong>τῶν</strong></span> 
     </span>
    </p>
   </div>
   <div class='ocr_carea' id='block_1_16' title="bbox 295 1511 1874 1589">
    <p class='ocr_par' dir='ltr' id='par_1_16' title="bbox 295 1511 1874 1589">
     <span class='ocr_line' id='line_1_16' title="bbox 295 1511 1874 1589; baseline 0.006 -25"><span class='ocrx_word' id='word_1_103' title='bbox 295 1511 517 1577; x_wconf 84' lang='grc' dir='ltr'>λοιπῶν,</span> <span class='ocrx_word' id='word_1_104' title='bbox 550 1511 855 1585; x_wconf 82' lang='grc' dir='ltr'>κατώτερον</span> <span class='ocrx_word' id='word_1_105' title='bbox 887 1513 1066 1584; x_wconf 83' lang='grc' dir='ltr'>ἐαυτῷ</span> <span class='ocrx_word' id='word_1_106' title='bbox 1110 1513 1200 1568; x_wconf 85' lang='grc' dir='ltr'><strong>τὸν</strong></span> <span class='ocrx_word' id='word_1_107' title='bbox 1244 1516 1302 1568; x_wconf 83' lang='grc' dir='ltr'><strong>ἐν</strong></span> <span class='ocrx_word' id='word_1_108' title='bbox 1340 1517 1479 1588; x_wconf 82' lang='grc' dir='ltr'><strong>ἀρχῇ</strong></span> <span class='ocrx_word' id='word_1_109' title='bbox 1532 1518 1658 1572; x_wconf 77' lang='grc' dir='ltr'>ὄντα</span> <span class='ocrx_word' id='word_1_110' title='bbox 1705 1521 1874 1589; x_wconf 81' lang='grc' dir='ltr'>Λόγον</span> 
     </span>
    </p>
   </div>
   <div class='ocr_carea' id='block_1_17' title="bbox 295 1600 1874 1680">
    <p class='ocr_par' dir='ltr' id='par_1_17' title="bbox 295 1600 1874 1680">
     <span class='ocr_line' id='line_1_17' title="bbox 295 1600 1874 1680; baseline 0.006 -23"><span class='ocrx_word' id='word_1_111' title='bbox 295 1605 428 1658; x_wconf 82' lang='grc' dir='ltr'>Θεὸν</span> <span class='ocrx_word' id='word_1_112' title='bbox 458 1605 804 1676; x_wconf 76' lang='grc' dir='ltr'>καταλείψει·</span> <span class='ocrx_word' id='word_1_113' title='bbox 837 1606 931 1659; x_wconf 82' lang='grc' dir='ltr'>καὶ</span> <span class='ocrx_word' id='word_1_114' title='bbox 969 1608 1026 1659; x_wconf 83' lang='grc' dir='ltr'>ἐν</span> <span class='ocrx_word' id='word_1_115' title='bbox 1054 1600 1099 1674; x_wconf 84' lang='grc' dir='ltr'>ᾧ</span> <span class='ocrx_word' id='word_1_116' title='bbox 1123 1607 1223 1660; x_wconf 82' lang='grc' dir='ltr'><strong>οὐκ</strong></span> <span class='ocrx_word' id='word_1_117' title='bbox 1256 1603 1324 1678; x_wconf 86' lang='grc' dir='ltr'><strong>ἦν</strong></span> <span class='ocrx_word' id='word_1_118' title='bbox 1359 1612 1388 1660; x_wconf 96' lang='lat'><strong>6</strong></span> <span class='ocrx_word' id='word_1_119' title='bbox 1418 1609 1549 1674; x_wconf 84' lang='grc' dir='ltr'>Θεὸς</span> <span class='ocrx_word' id='word_1_120' title='bbox 1593 1612 1784 1680; x_wconf 87' lang='grc' dir='ltr'>Λόγος,</span> <span class='ocrx_word' id='word_1_121' title='bbox 1816 1614 1874 1666; x_wconf 88' lang='grc' dir='ltr'><strong>ἐν</strong></span> 
     </span>
    </p>
   </div>
   <div class='ocr_carea' id='block_1_18' title="bbox 296 1697 1871 1775">
    <p class='ocr_par' dir='ltr' id='par_1_18' title="bbox 296 1697 1871 1775">
     <span class='ocr_line' id='line_1_18' title="bbox 296 1697 1871 1775; baseline 0.007 -27"><span class='ocrx_word' id='word_1_122' title='bbox 296 1697 490 1766; x_wconf 84' lang='grc' dir='ltr'>ἐκείνῳ</span> <span class='ocrx_word' id='word_1_123' title='bbox 524 1697 686 1760; x_wconf 85' lang='grc' dir='ltr'>αὐτὸς</span> <span class='ocrx_word' id='word_1_124' title='bbox 712 1697 919 1766; x_wconf 88' lang='grc' dir='ltr'>γίνεται</span> <span class='ocrx_word' id='word_1_125' title='bbox 953 1697 1038 1751; x_wconf 83' lang='grc' dir='ltr'>διὰ</span> <span class='ocrx_word' id='word_1_126' title='bbox 1069 1700 1169 1771; x_wconf 85' lang='grc' dir='ltr'>τῆς</span> <span class='ocrx_word' id='word_1_127' title='bbox 1211 1702 1740 1775; x_wconf 83' lang='grc' dir='ltr'><strong>πολυπραγμοσύνης</strong></span> <span class='ocrx_word' id='word_1_128' title='bbox 1777 1705 1871 1760; x_wconf 82' lang='grc' dir='ltr'><strong>τοῦ</strong></span> 
     </span>
    </p>
   </div>
   <div class='ocr_carea' id='block_1_19' title="bbox 295 1789 1866 1866">
    <p class='ocr_par' dir='ltr' id='par_1_19' title="bbox 295 1789 1866 1866">
     <span class='ocr_line' id='line_1_19' title="bbox 295 1789 1866 1866; baseline 0.006 -27"><span class='ocrx_word' id='word_1_129' title='bbox 295 1789 385 1842; x_wconf 87' lang='grc' dir='ltr'><strong>νοῦ</strong></span> <span class='ocrx_word' id='word_1_130' title='bbox 410 1792 518 1852; x_wconf 91' lang='grc' dir='ltr'>τοῖς</span> <span class='ocrx_word' id='word_1_131' title='bbox 541 1789 953 1859; x_wconf 83' lang='grc' dir='ltr'>ύπερκειμένοις</span> <span class='ocrx_word' id='word_1_132' title='bbox 972 1792 1065 1862; x_wconf 85' lang='grc' dir='ltr'>τῆς</span> <span class='ocrx_word' id='word_1_133' title='bbox 1097 1792 1189 1846; x_wconf 82' lang='grc' dir='ltr'><strong>τοῦ</strong></span> <span class='ocrx_word' id='word_1_134' title='bbox 1214 1795 1345 1847; x_wconf 85' lang='grc' dir='ltr'><strong>Υἱοῦ</strong></span> <span class='ocrx_word' id='word_1_135' title='bbox 1368 1796 1510 1865; x_wconf 81' lang='grc' dir='ltr'>ζωῆς</span> <span class='ocrx_word' id='word_1_136' title='bbox 1533 1797 1866 1866; x_wconf 87' lang='grc' dir='ltr'>ἐμϐατεύων,</span> 
     </span>
    </p>
   </div>
   <div class='ocr_carea' id='block_1_20' title="bbox 1985 603 3557 686">
    <p class='ocr_par' dir='ltr' id='par_1_20' title="bbox 1985 603 3557 686">
     <span class='ocr_line' id='line_1_20' title="bbox 1985 603 3557 686; baseline 0.013 -30"><span class='ocrx_word' id='word_1_137' title='bbox 1985 615 2039 656; x_wconf 87' lang='lat' dir='ltr'><strong>et</strong></span> <span class='ocrx_word' id='word_1_138' title='bbox 2066 603 2416 673; x_wconf 83' lang='lat' dir='ltr'><strong>abjectam,et</strong></span> <span class='ocrx_word' id='word_1_139' title='bbox 2445 616 2755 664; x_wconf 90' lang='lat' dir='ltr'><strong>terrestrem</strong></span> <span class='ocrx_word' id='word_1_140' title='bbox 2789 615 3086 682; x_wconf 76' lang='lat' dir='ltr'><strong>respiciant.</strong></span> <span class='ocrx_word' id='word_1_141' title='bbox 3119 615 3394 686; x_wconf 83' lang='lat' dir='ltr'><strong>Unigeniti</strong></span> <span class='ocrx_word' id='word_1_142' title='bbox 3423 625 3557 676; x_wconf 85' lang='lat' dir='ltr'><strong>sub-</strong></span> 
     </span>
    </p>
   </div>
   <div class='ocr_carea' id='block_1_21' title="bbox 1985 696 3559 781">
    <p class='ocr_par' dir='ltr' id='par_1_21' title="bbox 1985 696 3559 781">
     <span class='ocr_line' id='line_1_21' title="bbox 1985 696 3559 781; baseline 0.011 -33"><span class='ocrx_word' id='word_1_143' title='bbox 1985 696 2309 762; x_wconf 86' lang='lat' dir='ltr'><strong>sistentiam,</strong></span> <span class='ocrx_word' id='word_1_144' title='bbox 2341 699 2416 752; x_wconf 84' lang='lat' dir='ltr'><strong>ita</strong></span> <span class='ocrx_word' id='word_1_145' title='bbox 2445 706 2508 752; x_wconf 87' lang='lat' dir='ltr'><strong>ut</strong></span> <span class='ocrx_word' id='word_1_146' title='bbox 2553 701 2882 771; x_wconf 89' lang='lat' dir='ltr'><strong>principium</strong></span> <span class='ocrx_word' id='word_1_147' title='bbox 2933 705 3102 775; x_wconf 86' lang='lat' dir='ltr'><strong>ipsius</strong></span> <span class='ocrx_word' id='word_1_148' title='bbox 3153 711 3352 764; x_wconf 88' lang='lat' dir='ltr'><strong>mentis</strong></span> <span class='ocrx_word' id='word_1_149' title='bbox 3385 713 3559 781; x_wconf 80' lang='lat' dir='ltr'><strong>agita-</strong></span> 
     </span>
    </p>
   </div>
   <div class='ocr_carea' id='block_1_22' title="bbox 1985 789 3557 868">
    <p class='ocr_par' dir='ltr' id='par_1_22' title="bbox 1985 789 3557 868">
     <span class='ocr_line' id='line_1_22' title="bbox 1985 789 3557 868; baseline 0.011 -28"><span class='ocrx_word' id='word_1_150' title='bbox 1985 789 2228 845; x_wconf 86' lang='lat' dir='ltr'><strong>tionibus</strong></span> <span class='ocrx_word' id='word_1_151' title='bbox 2253 794 2618 862; x_wconf 80' lang='lat' dir='ltr'><strong>supergressi,</strong></span> <span class='ocrx_word' id='word_1_152' title='bbox 2641 810 2763 850; x_wconf 87' lang='lat' dir='ltr'><strong>sese</strong></span> <span class='ocrx_word' id='word_1_153' title='bbox 2786 797 3044 853; x_wconf 83' lang='lat' dir='ltr'><strong>extollere</strong></span> <span class='ocrx_word' id='word_1_154' title='bbox 3070 816 3231 868; x_wconf 90' lang='lat' dir='ltr'><strong>supra</strong></span> <span class='ocrx_word' id='word_1_155' title='bbox 3250 800 3374 854; x_wconf 86' lang='lat' dir='ltr'><strong>Filii</strong></span> <span class='ocrx_word' id='word_1_156' title='bbox 3395 804 3557 858; x_wconf 86' lang='lat' dir='ltr'><strong>vitam</strong></span> 
     </span>
    </p>
   </div>
   <div class='ocr_carea' id='block_1_23' title="bbox 1984 883 3560 959">
    <p class='ocr_par' dir='ltr' id='par_1_23' title="bbox 1984 883 3560 959">
     <span class='ocr_line' id='line_1_23' title="bbox 1984 883 3560 959; baseline 0.009 -25"><span class='ocrx_word' id='word_1_157' title='bbox 1984 897 2081 934; x_wconf 88' lang='lat' dir='ltr'><strong>sua</strong></span> <span class='ocrx_word' id='word_1_158' title='bbox 2115 883 2355 951; x_wconf 90' lang='lat' dir='ltr'><strong>ipsorum</strong></span> <span class='ocrx_word' id='word_1_159' title='bbox 2386 885 2717 955; x_wconf 76' lang='lat' dir='ltr'><strong>cogitatione</strong></span> <span class='ocrx_word' id='word_1_160' title='bbox 2744 887 2950 959; x_wconf 80' lang='lat' dir='ltr'><strong>ﬁngant</strong></span> <span class='ocrx_word' id='word_1_161' title='bbox 2980 899 3033 944; x_wconf 93' lang='lat' dir='ltr'><strong>et</strong></span> <span class='ocrx_word' id='word_1_162' title='bbox 3063 893 3354 957; x_wconf 88' lang='lat' dir='ltr'><strong>somnient,</strong></span> <span class='ocrx_word' id='word_1_163' title='bbox 3387 902 3440 948; x_wconf 89' lang='lat' dir='ltr'><strong>et</strong></span> <span class='ocrx_word' id='word_1_164' title='bbox 3475 911 3560 948; x_wconf 89' lang='lat' dir='ltr'><strong>re-</strong></span> 
     </span>
    </p>
   </div>
   <div class='ocr_carea' id='block_1_24' title="bbox 1986 971 3554 1051">
    <p class='ocr_par' dir='ltr' id='par_1_24' title="bbox 1986 971 3554 1051">
     <span class='ocr_line' id='line_1_24' title="bbox 1986 971 3554 1051; baseline 0.01 -28"><span class='ocrx_word' id='word_1_165' title='bbox 1986 971 2113 1024; x_wconf 89' lang='lat' dir='ltr'><strong>licta</strong></span> <span class='ocrx_word' id='word_1_166' title='bbox 2164 974 2352 1028; x_wconf 90' lang='lat' dir='ltr'><strong>nescio</strong></span> <span class='ocrx_word' id='word_1_167' title='bbox 2413 991 2524 1044; x_wconf 89' lang='lat' dir='ltr'><strong>quo</strong></span> <span class='ocrx_word' id='word_1_168' title='bbox 2586 977 2841 1032; x_wconf 80' lang='lat' dir='ltr'><strong>deorsum</strong></span> <span class='ocrx_word' id='word_1_169' title='bbox 2917 978 3129 1034; x_wconf 88' lang='lat' dir='ltr'><strong>Domini</strong></span> <span class='ocrx_word' id='word_1_170' title='bbox 3188 985 3554 1051; x_wconf 81' lang='lat' dir='ltr'><strong>generatione,</strong></span> 
     </span>
    </p>
   </div>
   <div class='ocr_carea' id='block_1_25' title="bbox 1983 1064 3558 1145">
    <p class='ocr_par' dir='ltr' id='par_1_25' title="bbox 1983 1064 3558 1145">
     <span class='ocr_line' id='line_1_25' title="bbox 1983 1064 3558 1145; baseline 0.008 -28"><span class='ocrx_word' id='word_1_171' title='bbox 1983 1078 2149 1132; x_wconf 88' lang='lat' dir='ltr'><strong>supra</strong></span> <span class='ocrx_word' id='word_1_172' title='bbox 2199 1064 2338 1119; x_wconf 88' lang='lat' dir='ltr'><strong>hanc</strong></span> <span class='ocrx_word' id='word_1_173' title='bbox 2396 1066 2578 1121; x_wconf 79' lang='lat' dir='ltr'><strong>eﬂ‘erri</strong></span> <span class='ocrx_word' id='word_1_174' title='bbox 2643 1068 2915 1124; x_wconf 88' lang='lat' dir='ltr'><strong>desiderio</strong></span> <span class='ocrx_word' id='word_1_175' title='bbox 2953 1073 3079 1126; x_wconf 75' lang='lat' dir='ltr'><strong>vitae</strong></span> <span class='ocrx_word' id='word_1_176' title='bbox 3139 1075 3392 1128; x_wconf 60' lang='lat' dir='ltr'><strong>aeterna?</strong></span> <span class='ocrx_word' id='word_1_177' title='bbox 3429 1078 3558 1145; x_wconf 66' lang='lat' dir='ltr'><strong>Quae</strong></span> 
     </span>
    </p>
   </div>
   <div class='ocr_carea' id='block_1_26' title="bbox 1981 1155 3553 1236">
    <p class='ocr_par' dir='ltr' id='par_1_26' title="bbox 1981 1155 3553 1236">
     <span class='ocr_line' id='line_1_26' title="bbox 1981 1155 3553 1236; baseline 0.01 -28"><span class='ocrx_word' id='word_1_178' title='bbox 1981 1155 2126 1208; x_wconf 88' lang='lat' dir='ltr'><strong>enim</strong></span> <span class='ocrx_word' id='word_1_179' title='bbox 2159 1157 2228 1210; x_wconf 90' lang='lat' dir='ltr'><strong>ab</strong></span> <span class='ocrx_word' id='word_1_180' title='bbox 2280 1173 2346 1212; x_wconf 90' lang='lat' dir='ltr'><strong>eo</strong></span> <span class='ocrx_word' id='word_1_181' title='bbox 2403 1158 2547 1213; x_wconf 85' lang='lat' dir='ltr'><strong>dicta</strong></span> <span class='ocrx_word' id='word_1_182' title='bbox 2601 1171 2730 1216; x_wconf 90' lang='lat' dir='ltr'><strong>sunt</strong></span> <span class='ocrx_word' id='word_1_183' title='bbox 2764 1163 2904 1217; x_wconf 90' lang='lat' dir='ltr'><strong>hanc</strong></span> <span class='ocrx_word' id='word_1_184' title='bbox 2953 1164 3155 1219; x_wconf 82' lang='lat' dir='ltr'><strong>habent</strong></span> <span class='ocrx_word' id='word_1_185' title='bbox 3208 1169 3553 1236; x_wconf 83' lang='lat' dir='ltr'><strong>sententiam,</strong></span> 
     </span>
    </p>
   </div>
   <div class='ocr_carea' id='block_1_27' title="bbox 1982 1241 3554 1330">
    <p class='ocr_par' dir='ltr' id='par_1_27' title="bbox 1982 1241 3554 1330">
     <span class='ocr_line' id='line_1_27' title="bbox 1982 1241 3554 1330; baseline 0.015 -37"><span class='ocrx_word' id='word_1_186' title='bbox 1982 1241 2128 1311; x_wconf 89' lang='lat' dir='ltr'><strong>quod</strong></span> <span class='ocrx_word' id='word_1_187' title='bbox 2165 1247 2398 1302; x_wconf 88' lang='lat' dir='ltr'><strong>humana</strong></span> <span class='ocrx_word' id='word_1_188' title='bbox 2435 1267 2587 1307; x_wconf 90' lang='lat' dir='ltr'><strong>mens</strong></span> <span class='ocrx_word' id='word_1_189' title='bbox 2635 1269 2824 1308; x_wconf 88' lang='lat' dir='ltr'><strong>eorum</strong></span> <span class='ocrx_word' id='word_1_190' title='bbox 2853 1271 2974 1324; x_wconf 65' lang='lat' dir='ltr'><strong>quae</strong></span> <span class='ocrx_word' id='word_1_191' title='bbox 3017 1265 3146 1313; x_wconf 88' lang='lat' dir='ltr'><strong>sunt</strong></span> <span class='ocrx_word' id='word_1_192' title='bbox 3193 1262 3554 1330; x_wconf 81' lang='lat' dir='ltr'><strong>cognitionem</strong></span> 
     </span>
    </p>
   </div>
   <div class='ocr_carea' id='block_1_28' title="bbox 1980 1347 3552 1421">
    <p class='ocr_par' dir='ltr' id='par_1_28' title="bbox 1980 1347 3552 1421">
     <span class='ocr_line' id='line_1_28' title="bbox 1980 1347 3552 1421; baseline 0.01 -29"><span class='ocrx_word' id='word_1_193' title='bbox 1980 1349 2356 1407; x_wconf 80' lang='lat' dir='ltr'><strong>perscrutans,</strong></span> <span class='ocrx_word' id='word_1_194' title='bbox 2391 1351 2442 1395; x_wconf 87' lang='lat' dir='ltr'><strong>et</strong></span> <span class='ocrx_word' id='word_1_195' title='bbox 2472 1359 2634 1412; x_wconf 81' lang='lat' dir='ltr'><strong>supra</strong></span> <span class='ocrx_word' id='word_1_196' title='bbox 2695 1347 3015 1401; x_wconf 89' lang='lat' dir='ltr'><strong>sensibilem</strong></span> <span class='ocrx_word' id='word_1_197' title='bbox 3057 1357 3110 1403; x_wconf 90' lang='lat' dir='ltr'><strong>et</strong></span> <span class='ocrx_word' id='word_1_198' title='bbox 3161 1349 3552 1421; x_wconf 80' lang='lat' dir='ltr'><strong>intelligibilem</strong></span> 
     </span>
    </p>
   </div>
   <div class='ocr_carea' id='block_1_29' title="bbox 1977 1437 3553 1511">
    <p class='ocr_par' dir='ltr' id='par_1_29' title="bbox 1977 1437 3553 1511">
     <span class='ocr_line' id='line_1_29' title="bbox 1977 1437 3553 1511; baseline 0.011 -31"><span class='ocrx_word' id='word_1_199' title='bbox 1977 1438 2282 1483; x_wconf 75' lang='lat' dir='ltr'><strong>creaturam</strong></span> <span class='ocrx_word' id='word_1_200' title='bbox 2311 1448 2432 1486; x_wconf 91' lang='lat' dir='ltr'><strong>sese</strong></span> <span class='ocrx_word' id='word_1_201' title='bbox 2457 1449 2578 1487; x_wconf 91' lang='lat' dir='ltr'><strong>cum</strong></span> <span class='ocrx_word' id='word_1_202' title='bbox 2615 1437 2827 1500; x_wconf 81' lang='lat' dir='ltr'><strong>extulit,</strong></span> <span class='ocrx_word' id='word_1_203' title='bbox 2861 1439 3034 1492; x_wconf 89' lang='lat' dir='ltr'><strong>instar</strong></span> <span class='ocrx_word' id='word_1_204' title='bbox 3078 1442 3432 1511; x_wconf 89' lang='lat' dir='ltr'><strong>reliquorum,</strong></span> <span class='ocrx_word' id='word_1_205' title='bbox 3466 1444 3553 1496; x_wconf 91' lang='lat' dir='ltr'><strong>in-</strong></span> 
     </span>
    </p>
   </div>
   <div class='ocr_carea' id='block_1_30' title="bbox 1975 1517 3553 1600">
    <p class='ocr_par' dir='ltr' id='par_1_30' title="bbox 1975 1517 3553 1600">
     <span class='ocr_line' id='line_1_30' title="bbox 1975 1517 3553 1600; baseline 0.011 -30"><span class='ocrx_word' id='word_1_206' title='bbox 1975 1517 2227 1573; x_wconf 81' lang='lat' dir='ltr'><strong>feriorem</strong></span> <span class='ocrx_word' id='word_1_207' title='bbox 2257 1523 2434 1592; x_wconf 89' lang='lat' dir='ltr'><strong>seipso</strong></span> <span class='ocrx_word' id='word_1_208' title='bbox 2459 1541 2580 1578; x_wconf 91' lang='lat' dir='ltr'><strong>eu:n</strong></span> <span class='ocrx_word' id='word_1_209' title='bbox 2628 1526 2722 1594; x_wconf 89' lang='lat' dir='ltr'><strong>qui</strong></span> <span class='ocrx_word' id='word_1_210' title='bbox 2765 1529 2819 1581; x_wconf 93' lang='lat' dir='ltr'><strong>in</strong></span> <span class='ocrx_word' id='word_1_211' title='bbox 2850 1531 3118 1600; x_wconf 90' lang='lat' dir='ltr'><strong>principio</strong></span> <span class='ocrx_word' id='word_1_212' title='bbox 3147 1541 3263 1586; x_wconf 91' lang='lat' dir='ltr'><strong>erat</strong></span> <span class='ocrx_word' id='word_1_213' title='bbox 3293 1531 3553 1598; x_wconf 83' lang='lat' dir='ltr'><strong>Verbum,</strong></span> 
     </span>
    </p>
   </div>
   <div class='ocr_carea' id='block_1_31' title="bbox 1977 1608 3551 1686">
    <p class='ocr_par' dir='ltr' id='par_1_31' title="bbox 1977 1608 3551 1686">
     <span class='ocr_line' id='line_1_31' title="bbox 1977 1608 3551 1686; baseline 0.009 -24"><span class='ocrx_word' id='word_1_214' title='bbox 1977 1608 2144 1663; x_wconf 90' lang='lat' dir='ltr'><strong>Deum</strong></span> <span class='ocrx_word' id='word_1_215' title='bbox 2184 1613 2452 1683; x_wconf 86' lang='lat' dir='ltr'><strong>relinquet</strong></span> <span class='ocrx_word' id='word_1_216' title='bbox 2490 1633 2503 1669; x_wconf 85' lang='lat'><strong>:</strong></span> <span class='ocrx_word' id='word_1_217' title='bbox 2546 1617 2675 1669; x_wconf 88' lang='lat' dir='ltr'><strong>etin</strong></span> <span class='ocrx_word' id='word_1_218' title='bbox 2699 1635 2806 1686; x_wconf 88' lang='lat' dir='ltr'><strong>quo</strong></span> <span class='ocrx_word' id='word_1_219' title='bbox 2841 1636 2947 1674; x_wconf 88' lang='lat' dir='ltr'><strong>non</strong></span> <span class='ocrx_word' id='word_1_220' title='bbox 2984 1630 3101 1675; x_wconf 89' lang='lat' dir='ltr'><strong>erat</strong></span> <span class='ocrx_word' id='word_1_221' title='bbox 3125 1623 3264 1677; x_wconf 88' lang='lat' dir='ltr'><strong>Deus</strong></span> <span class='ocrx_word' id='word_1_222' title='bbox 3297 1623 3551 1685; x_wconf 88' lang='lat' dir='ltr'><strong>Verbum,</strong></span> 
     </span>
    </p>
   </div>
   <div class='ocr_carea' id='block_1_32' title="bbox 1975 1701 3554 1777">
    <p class='ocr_par' dir='ltr' id='par_1_32' title="bbox 1975 1701 3554 1777">
     <span class='ocr_line' id='line_1_32' title="bbox 1975 1701 3554 1777; baseline 0.01 -23"><span class='ocrx_word' id='word_1_223' title='bbox 1975 1701 2029 1754; x_wconf 91' lang='lat' dir='ltr'><strong>in</strong></span> <span class='ocrx_word' id='word_1_224' title='bbox 2065 1703 2156 1755; x_wconf 90' lang='lat' dir='ltr'><strong>illo</strong></span> <span class='ocrx_word' id='word_1_225' title='bbox 2187 1703 2303 1773; x_wconf 89' lang='lat' dir='ltr'><strong>ipse.</strong></span> <span class='ocrx_word' id='word_1_226' title='bbox 2334 1705 2564 1761; x_wconf 81' lang='lat' dir='ltr'><strong>eﬂieitur</strong></span> <span class='ocrx_word' id='word_1_227' title='bbox 2594 1724 2691 1777; x_wconf 89' lang='lat' dir='ltr'><strong>per</strong></span> <span class='ocrx_word' id='word_1_228' title='bbox 2721 1712 3096 1767; x_wconf 85' lang='lat' dir='ltr'><strong>curiositatem</strong></span> <span class='ocrx_word' id='word_1_229' title='bbox 3130 1715 3349 1777; x_wconf 89' lang='lat' dir='ltr'><strong>mentis,</strong></span> <span class='ocrx_word' id='word_1_230' title='bbox 3383 1715 3436 1769; x_wconf 90' lang='lat' dir='ltr'><strong>in</strong></span> <span class='ocrx_word' id='word_1_231' title='bbox 3469 1717 3554 1770; x_wconf 87' lang='lat' dir='ltr'><strong>his</strong></span> 
     </span>
    </p>
   </div>
   <div class='ocr_carea' id='block_1_33' title="bbox 1975 1791 3556 1868">
    <p class='ocr_par' dir='ltr' id='par_1_33' title="bbox 1975 1791 3556 1868">
     <span class='ocr_line' id='line_1_33' title="bbox 1975 1791 3556 1868; baseline 0.011 -25"><span class='ocrx_word' id='word_1_232' title='bbox 1975 1807 2094 1860; x_wconf 64' lang='lat' dir='ltr'><strong>quae</strong></span> <span class='ocrx_word' id='word_1_233' title='bbox 2121 1791 2241 1847; x_wconf 86' lang='lat' dir='ltr'><strong>Filii</strong></span> <span class='ocrx_word' id='word_1_234' title='bbox 2282 1797 2447 1849; x_wconf 83' lang='lat' dir='ltr'><strong>vitam</strong></span> <span class='ocrx_word' id='word_1_235' title='bbox 2483 1803 2888 1868; x_wconf 80' lang='lat' dir='ltr'><strong>superemineut</strong></span> <span class='ocrx_word' id='word_1_236' title='bbox 2926 1804 3204 1868; x_wconf 83' lang='lat' dir='ltr'><strong>incedens,</strong></span> <span class='ocrx_word' id='word_1_237' title='bbox 3252 1807 3359 1859; x_wconf 89' lang='lat' dir='ltr'><strong>illic</strong></span> <span class='ocrx_word' id='word_1_238' title='bbox 3397 1817 3556 1861; x_wconf 73' lang='lat' dir='ltr'><strong>aeter-</strong></span> 
     </span>
    </p>
   </div>
   <div class='ocr_carea' id='block_1_34' title="bbox 294 1879 1872 1962">
    <p class='ocr_par' dir='ltr' id='par_1_34' title="bbox 294 1879 1872 1956">
     <span class='ocr_line' id='line_1_34' title="bbox 294 1879 1872 1956; baseline 0.005 -22"><span class='ocrx_word' id='word_1_239' title='bbox 294 1883 411 1936; x_wconf 82' lang='grc' dir='ltr'>ἐκεῖ</span> <span class='ocrx_word' id='word_1_240' title='bbox 453 1881 549 1952; x_wconf 82' lang='grc' dir='ltr'>τὴν</span> <span class='ocrx_word' id='word_1_241' title='bbox 602 1879 812 1934; x_wconf 84' lang='grc' dir='ltr'>αίώνιον</span> <span class='ocrx_word' id='word_1_242' title='bbox 856 1882 997 1954; x_wconf 81' lang='grc' dir='ltr'>ζωὴν</span> <span class='ocrx_word' id='word_1_243' title='bbox 1040 1885 1425 1956; x_wconf 86' lang='grc' dir='ltr'>ἐρευνώμενος,</span> <span class='ocrx_word' id='word_1_244' title='bbox 1461 1888 1591 1940; x_wconf 85' lang='grc' dir='ltr'>ὃπου</span> <span class='ocrx_word' id='word_1_245' title='bbox 1640 1891 1668 1942; x_wconf 88' lang='grc' dir='ltr'><em>ὀ</em></span> <span class='ocrx_word' id='word_1_246' title='bbox 1703 1890 1872 1942; x_wconf 84' lang='grc' dir='ltr'>Μονο-</span> 
     </span>
    </p>
   </div>
   <div class='ocr_carea' id='block_1_35' title="bbox 1975 1879 3554 1962">
    <p class='ocr_par' dir='ltr' id='par_1_35' title="bbox 1983 1885 3554 1962">
     <span class='ocr_line' id='line_1_35' title="bbox 1983 1885 3554 1962; baseline 0.01 -27"><span class='ocrx_word' id='word_1_247' title='bbox 1983 1899 2104 1937; x_wconf 88' lang='lat' dir='ltr'><strong>nam</strong></span> <span class='ocrx_word' id='word_1_248' title='bbox 2140 1885 2300 1941; x_wconf 80' lang='lat' dir='ltr'><strong>vitam</strong></span> <span class='ocrx_word' id='word_1_249' title='bbox 2332 1898 2608 1955; x_wconf 89' lang='lat' dir='ltr'><strong>scrutans,</strong></span> <span class='ocrx_word' id='word_1_250' title='bbox 2650 1893 2740 1944; x_wconf 90' lang='lat' dir='ltr'><strong>ubi</strong></span> <span class='ocrx_word' id='word_1_251' title='bbox 2778 1890 3101 1962; x_wconf 83' lang='lat' dir='ltr'><strong>Unigenitus</strong></span> <span class='ocrx_word' id='word_1_252' title='bbox 3133 1895 3270 1950; x_wconf 87' lang='lat' dir='ltr'><strong>Deus</strong></span> <span class='ocrx_word' id='word_1_253' title='bbox 3300 1913 3409 1952; x_wconf 91' lang='lat' dir='ltr'><strong>non</strong></span> <span class='ocrx_word' id='word_1_254' title='bbox 3448 1905 3554 1954; x_wconf 89' lang='lat' dir='ltr'><strong>est.</strong></span> 
     </span>
    </p>
   </div>
   <div class='ocr_carea' id='block_1_36' title="bbox 293 1971 1872 2052">
    <p class='ocr_par' dir='ltr' id='par_1_36' title="bbox 293 1971 1872 2052">
     <span class='ocr_line' id='line_1_36' title="bbox 293 1971 1872 2052; baseline 0.002 -24"><span class='ocrx_word' id='word_1_255' title='bbox 293 1972 456 2044; x_wconf 85' lang='grc' dir='ltr'>γενὴς</span> <span class='ocrx_word' id='word_1_256' title='bbox 484 1973 616 2036; x_wconf 87' lang='grc' dir='ltr'>Θεὸς</span> <span class='ocrx_word' id='word_1_257' title='bbox 646 1973 746 2026; x_wconf 87' lang='grc' dir='ltr'><strong>ούκ</strong></span> <span class='ocrx_word' id='word_1_258' title='bbox 778 1971 943 2026; x_wconf 78' lang='grc' dir='ltr'>ἐστιν.</span> <span class='ocrx_word' id='word_1_259' title='bbox 975 1975 1132 2045; x_wconf 85' lang='grc' dir='ltr'><strong>Πόθῳ</strong></span> <span class='ocrx_word' id='word_1_260' title='bbox 1169 1975 1276 2048; x_wconf 81' lang='grc' dir='ltr'><strong>γὰρ</strong></span> <span class='ocrx_word' id='word_1_261' title='bbox 1310 1981 1409 2048; x_wconf 81' lang='grc' dir='ltr'>τῆς</span> <span class='ocrx_word' id='word_1_262' title='bbox 1447 1979 1688 2045; x_wconf 75' lang='grc' dir='ltr'>αἰωνίοις,</span> <span class='ocrx_word' id='word_1_263' title='bbox 1722 1983 1872 2052; x_wconf 74' lang='grc' dir='ltr'>φησὶ,</span> 
     </span>
    </p>
   </div>
   <div class='ocr_carea' id='block_1_37' title="bbox 295 2063 1875 2141">
    <p class='ocr_par' dir='ltr' id='par_1_37' title="bbox 295 2063 1875 2141">
     <span class='ocr_line' id='line_1_37' title="bbox 295 2063 1875 2141; baseline 0.006 -25"><span class='ocrx_word' id='word_1_264' title='bbox 295 2063 437 2134; x_wconf 79' lang='grc' dir='ltr'>ζωῆς</span> <span class='ocrx_word' id='word_1_265' title='bbox 475 2065 554 2128; x_wconf 80' lang='grc' dir='ltr'>εἰς</span> <span class='ocrx_word' id='word_1_266' title='bbox 579 2063 647 2116; x_wconf 84' lang='grc' dir='ltr'><strong>τὰ</strong></span> <span class='ocrx_word' id='word_1_267' title='bbox 671 2064 924 2119; x_wconf 82' lang='grc' dir='ltr'>ἐπέκεινα</span> <span class='ocrx_word' id='word_1_268' title='bbox 958 2065 1051 2119; x_wconf 80' lang='grc' dir='ltr'><strong>τοῦ</strong></span> <span class='ocrx_word' id='word_1_269' title='bbox 1082 2067 1209 2119; x_wconf 86' lang='grc' dir='ltr'>Υἱοῦ</span> <span class='ocrx_word' id='word_1_270' title='bbox 1233 2067 1313 2138; x_wconf 79' lang='grc' dir='ltr'><strong>τῷ</strong></span> <span class='ocrx_word' id='word_1_271' title='bbox 1342 2068 1418 2139; x_wconf 84' lang='grc' dir='ltr'>νῷ</span> <span class='ocrx_word' id='word_1_272' title='bbox 1447 2069 1688 2141; x_wconf 84' lang='grc' dir='ltr'>φέρεται,</span> <span class='ocrx_word' id='word_1_273' title='bbox 1711 2071 1787 2136; x_wconf 83' lang='grc' dir='ltr'>ὡς</span> <span class='ocrx_word' id='word_1_274' title='bbox 1820 2073 1875 2126; x_wconf 82' lang='grc' dir='ltr'><strong>ἐν</strong></span> 
     </span>
    </p>
   </div>
   <div class='ocr_carea' id='block_1_38' title="bbox 293 2154 1876 2230">
    <p class='ocr_par' dir='ltr' id='par_1_38' title="bbox 293 2154 1876 2230">
     <span class='ocr_line' id='line_1_38' title="bbox 293 2154 1876 2230; baseline 0.007 -23"><span class='ocrx_word' id='word_1_275' title='bbox 293 2155 372 2226; x_wconf 80' lang='grc' dir='ltr'><strong>τῷ</strong></span> <span class='ocrx_word' id='word_1_276' title='bbox 396 2154 510 2225; x_wconf 83' lang='grc' dir='ltr'><strong>Υίῷ</strong></span> <span class='ocrx_word' id='word_1_277' title='bbox 536 2155 752 2220; x_wconf 82' lang='grc' dir='ltr'>πάντως</span> <span class='ocrx_word' id='word_1_278' title='bbox 784 2157 857 2228; x_wconf 77' lang='grc' dir='ltr'>μὴ</span> <span class='ocrx_word' id='word_1_279' title='bbox 898 2156 1071 2228; x_wconf 82' lang='grc' dir='ltr'>εὑρὼν</span> <span class='ocrx_word' id='word_1_280' title='bbox 1101 2159 1160 2212; x_wconf 90' lang='grc' dir='ltr'><strong>τὸ</strong></span> <span class='ocrx_word' id='word_1_281' title='bbox 1193 2159 1539 2230; x_wconf 84' lang='grc' dir='ltr'>ζητούμενον,</span> <span class='ocrx_word' id='word_1_282' title='bbox 1573 2163 1635 2215; x_wconf 76' lang='lat' dir='ltr'><strong>Ei</strong></span> <span class='ocrx_word' id='word_1_283' title='bbox 1663 2160 1756 2216; x_wconf 73' lang='grc' dir='ltr'><strong>οὖν</strong></span> <span class='ocrx_word' id='word_1_284' title='bbox 1776 2165 1876 2218; x_wconf 74' lang='grc' dir='ltr'>οὐκ</span> 
     </span>
    </p>
   </div>
   <div class='ocr_carea' id='block_1_39' title="bbox 294 2246 1875 2326">
    <p class='ocr_par' dir='ltr' id='par_1_39' title="bbox 294 2246 1875 2326">
     <span class='ocr_line' id='line_1_39' title="bbox 294 2246 1875 2326; baseline 0.006 -27"><span class='ocrx_word' id='word_1_285' title='bbox 294 2246 440 2300; x_wconf 77' lang='grc' dir='ltr'>ἐστιν</span> <span class='ocrx_word' id='word_1_286' title='bbox 464 2249 524 2300; x_wconf 85' lang='grc' dir='ltr'><strong>ἐν</strong></span> <span class='ocrx_word' id='word_1_287' title='bbox 553 2246 630 2317; x_wconf 81' lang='grc' dir='ltr'>τῷ</span> <span class='ocrx_word' id='word_1_288' title='bbox 662 2247 776 2318; x_wconf 87' lang='grc' dir='ltr'><strong>Υίῷ</strong></span> <span class='ocrx_word' id='word_1_289' title='bbox 817 2250 850 2319; x_wconf 81' lang='grc' dir='ltr'>ἡ</span> <span class='ocrx_word' id='word_1_290' title='bbox 900 2249 1116 2314; x_wconf 77' lang='grc' dir='ltr'>αἰώνιος</span> <span class='ocrx_word' id='word_1_291' title='bbox 1143 2249 1276 2321; x_wconf 78' lang='grc' dir='ltr'>ζωὴ,</span> <span class='ocrx_word' id='word_1_292' title='bbox 1312 2253 1420 2322; x_wconf 83' lang='grc' dir='ltr'><strong>ἄρα</strong></span> <span class='ocrx_word' id='word_1_293' title='bbox 1454 2253 1648 2326; x_wconf 80' lang='grc' dir='ltr'>ψευδὴς</span> <span class='ocrx_word' id='word_1_294' title='bbox 1668 2254 1875 2311; x_wconf 79' lang='grc' dir='ltr'>ἁλῶται</span> 
     </span>
    </p>
   </div>
   <div class='ocr_carea' id='block_1_40' title="bbox 292 2337 1871 2416">
    <p class='ocr_par' dir='ltr' id='par_1_40' title="bbox 292 2337 1871 2416">
     <span class='ocr_line' id='line_1_40' title="bbox 292 2337 1871 2416; baseline 0.008 -27"><span class='ocrx_word' id='word_1_295' title='bbox 292 2337 529 2402; x_wconf 85' lang='grc' dir='ltr'>ὁείπὼν,</span> <span class='ocrx_word' id='word_1_296' title='bbox 569 2338 649 2391; x_wconf 82' lang='grc' dir='ltr'>ὅτι</span> <span class='ocrx_word' id='word_1_297' title='bbox 693 2339 839 2408; x_wconf 76' lang='grc' dir='ltr'><strong>Ἐγώ</strong></span> <span class='ocrx_word' id='word_1_298' title='bbox 877 2343 992 2409; x_wconf 73' lang='grc' dir='ltr'>ειμι</span> <span class='ocrx_word' id='word_1_299' title='bbox 1042 2343 1081 2409; x_wconf 79' lang='grc' dir='ltr'>ἡ</span> <span class='ocrx_word' id='word_1_300' title='bbox 1131 2340 1271 2412; x_wconf 76' lang='grc' dir='ltr'>ζωή·</span> <span class='ocrx_word' id='word_1_301' title='bbox 1319 2343 1350 2414; x_wconf 81' lang='grc' dir='ltr'><strong>ἢ</strong></span> <span class='ocrx_word' id='word_1_302' title='bbox 1403 2343 1515 2416; x_wconf 82' lang='grc' dir='ltr'>ζωὴ</span> <span class='ocrx_word' id='word_1_303' title='bbox 1565 2345 1662 2416; x_wconf 86' lang='grc' dir='ltr'><strong>μὲν</strong></span> <span class='ocrx_word' id='word_1_304' title='bbox 1707 2345 1871 2416; x_wconf 80' lang='grc' dir='ltr'>ἐστιν,</span> 
     </span>
    </p>
   </div>
   <div class='ocr_carea' id='block_1_41' title="bbox 294 2428 1874 2511">
    <p class='ocr_par' dir='ltr' id='par_1_41' title="bbox 294 2428 1874 2511">
     <span class='ocr_line' id='line_1_41' title="bbox 294 2428 1874 2511; baseline 0.008 -30"><span class='ocrx_word' id='word_1_305' title='bbox 294 2429 393 2482; x_wconf 82' lang='grc' dir='ltr'>οὐκ</span> <span class='ocrx_word' id='word_1_306' title='bbox 441 2428 656 2494; x_wconf 79' lang='grc' dir='ltr'>αἰώνιος</span> <span class='ocrx_word' id='word_1_307' title='bbox 705 2430 781 2485; x_wconf 89' lang='grc' dir='ltr'><strong>δέ.</strong></span> <span class='ocrx_word' id='word_1_308' title='bbox 823 2432 984 2485; x_wconf 83' lang='grc' dir='ltr'>Ἀλλὰ</span> <span class='ocrx_word' id='word_1_309' title='bbox 1037 2433 1100 2487; x_wconf 89' lang='grc' dir='ltr'><strong>τὸ</strong></span> <span class='ocrx_word' id='word_1_310' title='bbox 1155 2433 1230 2505; x_wconf 84' lang='grc' dir='ltr'>μὴ</span> <span class='ocrx_word' id='word_1_311' title='bbox 1276 2435 1508 2497; x_wconf 79' lang='grc' dir='ltr'>αἰώνιον,</span> <span class='ocrx_word' id='word_1_312' title='bbox 1543 2438 1874 2511; x_wconf 84' lang='grc' dir='ltr'>πρόσκαιρον</span> 
     </span>
    </p>
   </div>
   <div class='ocr_carea' id='block_1_42' title="bbox 295 2520 1874 2597">
    <p class='ocr_par' dir='ltr' id='par_1_42' title="bbox 295 2520 1874 2597">
     <span class='ocr_line' id='line_1_42' title="bbox 295 2520 1874 2597; baseline 0.008 -24"><span class='ocrx_word' id='word_1_313' title='bbox 295 2521 529 2584; x_wconf 83' lang='grc' dir='ltr'>πάντως.</span> <span class='ocrx_word' id='word_1_314' title='bbox 563 2520 635 2576; x_wconf 88' lang='grc' dir='ltr'><strong>Τὸ</strong></span> <span class='ocrx_word' id='word_1_315' title='bbox 672 2521 729 2576; x_wconf 84' lang='grc' dir='ltr'><strong>δὲ</strong></span> <span class='ocrx_word' id='word_1_316' title='bbox 765 2523 976 2577; x_wconf 83' lang='grc' dir='ltr'>τοιοῦτο</span> <span class='ocrx_word' id='word_1_317' title='bbox 1021 2525 1117 2595; x_wconf 83' lang='grc' dir='ltr'><strong>τῆς</strong></span> <span class='ocrx_word' id='word_1_318' title='bbox 1163 2525 1306 2597; x_wconf 84' lang='grc' dir='ltr'>ζωῆς</span> <span class='ocrx_word' id='word_1_319' title='bbox 1356 2524 1511 2591; x_wconf 78' lang='grc' dir='ltr'>εἶδος,</span> <span class='ocrx_word' id='word_1_320' title='bbox 1559 2531 1733 2583; x_wconf 90' lang='grc' dir='ltr'>κοινὸν</span> <span class='ocrx_word' id='word_1_321' title='bbox 1777 2531 1874 2584; x_wconf 78' lang='grc' dir='ltr'>καὶ</span> 
     </span>
    </p>
   </div>
   <div class='ocr_carea' id='block_1_43' title="bbox 293 2607 1873 2690">
    <p class='ocr_par' dir='ltr' id='par_1_43' title="bbox 293 2607 1873 2690">
     <span class='ocr_line' id='line_1_43' title="bbox 293 2607 1873 2690; baseline 0.009 -30"><span class='ocrx_word' id='word_1_322' title='bbox 293 2607 400 2661; x_wconf 89' lang='grc' dir='ltr'><strong>τῶν</strong></span> <span class='ocrx_word' id='word_1_323' title='bbox 431 2609 638 2675; x_wconf 84' lang='grc' dir='ltr'>ἀλόγων</span> <span class='ocrx_word' id='word_1_324' title='bbox 669 2611 837 2666; x_wconf 87' lang='grc' dir='ltr'>ἐστίν.</span> <span class='ocrx_word' id='word_1_325' title='bbox 873 2612 981 2666; x_wconf 82' lang='grc' dir='ltr'><strong>Ποῦ</strong></span> <span class='ocrx_word' id='word_1_326' title='bbox 1007 2615 1182 2668; x_wconf 84' lang='grc' dir='ltr'>τοίνυν</span> <span class='ocrx_word' id='word_1_327' title='bbox 1212 2615 1274 2667; x_wconf 93' lang='grc' dir='ltr'><strong>τὸ</strong></span> <span class='ocrx_word' id='word_1_328' title='bbox 1323 2618 1602 2688; x_wconf 87' lang='grc' dir='ltr'>μεγαλεῖον</span> <span class='ocrx_word' id='word_1_329' title='bbox 1637 2619 1738 2690; x_wconf 84' lang='grc' dir='ltr'>τῆς</span> <span class='ocrx_word' id='word_1_330' title='bbox 1784 2620 1873 2674; x_wconf 79' lang='grc' dir='ltr'><strong>ὅν-</strong></span> 
     </span>
    </p>
   </div>
   <div class='ocr_carea' id='block_1_44' title="bbox 293 2699 1870 2780">
    <p class='ocr_par' dir='ltr' id='par_1_44' title="bbox 293 2699 1870 2780">
     <span class='ocr_line' id='line_1_44' title="bbox 293 2699 1870 2780; baseline 0.008 -26"><span class='ocrx_word' id='word_1_331' title='bbox 293 2716 402 2763; x_wconf 82' lang='grc' dir='ltr'><strong>τως</strong></span> <span class='ocrx_word' id='word_1_332' title='bbox 439 2699 603 2772; x_wconf 82' lang='grc' dir='ltr'>ζωῆς,</span> <span class='ocrx_word' id='word_1_333' title='bbox 639 2703 686 2754; x_wconf 88' lang='grc' dir='ltr'><strong>εί</strong></span> <span class='ocrx_word' id='word_1_334' title='bbox 720 2707 933 2774; x_wconf 84' lang='grc' dir='ltr'>μετέχοι</span> <span class='ocrx_word' id='word_1_335' title='bbox 966 2704 1168 2774; x_wconf 80' lang='grc' dir='ltr'>ταύτης</span> <span class='ocrx_word' id='word_1_336' title='bbox 1224 2709 1320 2761; x_wconf 75' lang='grc' dir='ltr'>καὶ</span> <span class='ocrx_word' id='word_1_337' title='bbox 1365 2709 1396 2779; x_wconf 81' lang='grc' dir='ltr'>ἡ</span> <span class='ocrx_word' id='word_1_338' title='bbox 1445 2708 1636 2779; x_wconf 83' lang='grc' dir='ltr'>ἄλογος</span> <span class='ocrx_word' id='word_1_339' title='bbox 1679 2711 1870 2780; x_wconf 83' lang='grc' dir='ltr'>φύσις;</span> 
     </span>
    </p>
   </div>
   <div class='ocr_carea' id='block_1_45' title="bbox 297 2792 1874 2875">
    <p class='ocr_par' dir='ltr' id='par_1_45' title="bbox 297 2792 1874 2875">
     <span class='ocr_line' id='line_1_45' title="bbox 297 2792 1874 2875; baseline 0.008 -31"><span class='ocrx_word' id='word_1_340' title='bbox 297 2792 419 2856; x_wconf 86' lang='grc' dir='ltr'>Πῶς</span> <span class='ocrx_word' id='word_1_341' title='bbox 451 2792 506 2846; x_wconf 87' lang='grc' dir='ltr'><strong>δέ</strong></span> <span class='ocrx_word' id='word_1_342' title='bbox 541 2793 733 2848; x_wconf 79' lang='grc' dir='ltr'>ταύτὸν</span> <span class='ocrx_word' id='word_1_343' title='bbox 773 2795 922 2850; x_wconf 82' lang='grc' dir='ltr'>ἐσται</span> <span class='ocrx_word' id='word_1_344' title='bbox 954 2800 1018 2868; x_wconf 84' lang='grc' dir='ltr'><strong>τῇ</strong></span> <span class='ocrx_word' id='word_1_345' title='bbox 1059 2797 1169 2869; x_wconf 83' lang='grc' dir='ltr'><strong>ζωῇ</strong></span> <span class='ocrx_word' id='word_1_346' title='bbox 1211 2801 1240 2852; x_wconf 91' lang='lat'><strong>6</strong></span> <span class='ocrx_word' id='word_1_347' title='bbox 1282 2799 1458 2869; x_wconf 81' lang='grc' dir='ltr'>λόγος,</span> <span class='ocrx_word' id='word_1_348' title='bbox 1496 2803 1544 2854; x_wconf 87' lang='grc' dir='ltr'><strong>εί</strong></span> <span class='ocrx_word' id='word_1_349' title='bbox 1583 2805 1648 2875; x_wconf 80' lang='grc' dir='ltr'>τῇ</span> <span class='ocrx_word' id='word_1_350' title='bbox 1695 2803 1874 2874; x_wconf 85' lang='grc' dir='ltr'>ἀλόγῳ</span> 
     </span>
    </p>
   </div>
   <div class='ocr_carea' id='block_1_46' title="bbox 297 2880 1873 2968">
    <p class='ocr_par' dir='ltr' id='par_1_46' title="bbox 297 2880 1873 2968">
     <span class='ocr_line' id='line_1_46' title="bbox 297 2880 1873 2968; baseline 0.011 -36"><span class='ocrx_word' id='word_1_351' title='bbox 297 2880 455 2948; x_wconf 75' lang='grc' dir='ltr'>φύσει</span> <span class='ocrx_word' id='word_1_352' title='bbox 481 2882 568 2936; x_wconf 74' lang='grc' dir='ltr'><strong>διὰ</strong></span> <span class='ocrx_word' id='word_1_353' title='bbox 600 2883 698 2953; x_wconf 84' lang='grc' dir='ltr'>τῆς</span> <span class='ocrx_word' id='word_1_354' title='bbox 731 2887 1066 2957; x_wconf 86' lang='grc' dir='ltr'>προσκαίρου</span> <span class='ocrx_word' id='word_1_355' title='bbox 1087 2888 1232 2960; x_wconf 80' lang='grc' dir='ltr'>ζωῆς</span> <span class='ocrx_word' id='word_1_356' title='bbox 1265 2892 1640 2959; x_wconf 80' lang='grc' dir='ltr'>εἰσοικίζοιτο;</span> <span class='ocrx_word' id='word_1_357' title='bbox 1677 2896 1738 2948; x_wconf 84' lang='grc' dir='ltr'>Εἰ</span> <span class='ocrx_word' id='word_1_358' title='bbox 1765 2898 1873 2968; x_wconf 85' lang='grc' dir='ltr'>γὰρ</span> 
     </span>
    </p>
   </div>
   <div class='ocr_carea' id='block_1_47' title="bbox 296 2975 1870 3057">
    <p class='ocr_par' dir='ltr' id='par_1_47' title="bbox 296 2975 1870 3057">
     <span class='ocr_line' id='line_1_47' title="bbox 296 2975 1870 3057; baseline 0.011 -31"><span class='ocrx_word' id='word_1_359' title='bbox 296 2975 436 3028; x_wconf 81' lang='grc' dir='ltr'>κατὰ</span> <span class='ocrx_word' id='word_1_360' title='bbox 459 2975 550 3030; x_wconf 91' lang='grc' dir='ltr'><strong>τὸν</strong></span> <span class='ocrx_word' id='word_1_361' title='bbox 576 2977 806 3046; x_wconf 81' lang='grc' dir='ltr'>μεγάλον</span> <span class='ocrx_word' id='word_1_362' title='bbox 850 2979 1122 3050; x_wconf 83' lang='grc' dir='ltr'>Ἰωάννην,</span> <span class='ocrx_word' id='word_1_363' title='bbox 1155 2983 1266 3054; x_wconf 83' lang='grc' dir='ltr'>ζωὴ</span> <span class='ocrx_word' id='word_1_364' title='bbox 1315 2985 1413 3054; x_wconf 83' lang='grc' dir='ltr'><strong>μέν</strong></span> <span class='ocrx_word' id='word_1_365' title='bbox 1445 2985 1590 3039; x_wconf 80' lang='grc' dir='ltr'>ἐστιν</span> <span class='ocrx_word' id='word_1_366' title='bbox 1613 2989 1643 3040; x_wconf 85' lang='grc' dir='ltr'><strong>ό</strong></span> <span class='ocrx_word' id='word_1_367' title='bbox 1679 2989 1870 3057; x_wconf 86' lang='grc' dir='ltr'>Λόγος,</span> 
     </span>
    </p>
   </div>
   <div class='ocr_carea' id='block_1_48' title="bbox 297 3065 1872 3151">
    <p class='ocr_par' dir='ltr' id='par_1_48' title="bbox 297 3065 1872 3151">
     <span class='ocr_line' id='line_1_48' title="bbox 297 3065 1872 3151; baseline 0.013 -37"><span class='ocrx_word' id='word_1_368' title='bbox 297 3065 628 3137; x_wconf 82' lang='grc' dir='ltr'>πρόσκαιρος</span> <span class='ocrx_word' id='word_1_369' title='bbox 655 3067 711 3121; x_wconf 85' lang='grc' dir='ltr'><strong>δὲ</strong></span> <span class='ocrx_word' id='word_1_370' title='bbox 741 3067 876 3139; x_wconf 75' lang='grc' dir='ltr'>αὕτη</span> <span class='ocrx_word' id='word_1_371' title='bbox 903 3071 996 3124; x_wconf 79' lang='grc' dir='ltr'>καὶ</span> <span class='ocrx_word' id='word_1_372' title='bbox 1020 3072 1119 3126; x_wconf 78' lang='grc' dir='ltr'>οὐκ</span> <span class='ocrx_word' id='word_1_373' title='bbox 1156 3073 1387 3138; x_wconf 78' lang='grc' dir='ltr'>αἰώνιος,</span> <span class='ocrx_word' id='word_1_374' title='bbox 1416 3077 1597 3142; x_wconf 89' lang='grc' dir='ltr'>καθὼς</span> <span class='ocrx_word' id='word_1_375' title='bbox 1623 3082 1688 3149; x_wconf 80' lang='grc' dir='ltr'>τῇ</span> <span class='ocrx_word' id='word_1_376' title='bbox 1721 3081 1872 3151; x_wconf 82' lang='grc' dir='ltr'>αἱρέ-</span> 
     </span>
    </p>
   </div>
   <div class='ocr_carea' id='block_1_49' title="bbox 298 3157 1870 3242">
    <p class='ocr_par' dir='ltr' id='par_1_49' title="bbox 298 3157 1870 3242">
     <span class='ocr_line' id='line_1_49' title="bbox 298 3157 1870 3242; baseline 0.011 -34"><span class='ocrx_word' id='word_1_377' title='bbox 298 3173 379 3208; x_wconf 91' lang='grc' dir='ltr'><strong>σει</strong></span> <span class='ocrx_word' id='word_1_378' title='bbox 427 3157 596 3211; x_wconf 86' lang='grc' dir='ltr'>δοκεῖ·</span> <span class='ocrx_word' id='word_1_379' title='bbox 627 3160 836 3224; x_wconf 89' lang='grc' dir='ltr'>γίνεται</span> <span class='ocrx_word' id='word_1_380' title='bbox 861 3162 918 3214; x_wconf 79' lang='grc' dir='ltr'><strong>δὲ</strong></span> <span class='ocrx_word' id='word_1_381' title='bbox 957 3163 1050 3216; x_wconf 79' lang='grc' dir='ltr'>καὶ</span> <span class='ocrx_word' id='word_1_382' title='bbox 1091 3167 1148 3218; x_wconf 84' lang='grc' dir='ltr'><strong>ἐν</strong></span> <span class='ocrx_word' id='word_1_383' title='bbox 1190 3169 1302 3231; x_wconf 87' lang='grc' dir='ltr'>τοῖς</span> <span class='ocrx_word' id='word_1_384' title='bbox 1333 3168 1512 3232; x_wconf 80' lang='grc' dir='ltr'>ἄλλοις</span> <span class='ocrx_word' id='word_1_385' title='bbox 1544 3173 1576 3241; x_wconf 90' lang='grc' dir='ltr'><strong>ἡ</strong></span> <span class='ocrx_word' id='word_1_386' title='bbox 1608 3172 1870 3242; x_wconf 83' lang='grc' dir='ltr'>πρόσκαι-</span> 
     </span>
    </p>
   </div>
   <div class='ocr_carea' id='block_1_50' title="bbox 1981 1975 3553 2058">
    <p class='ocr_par' dir='ltr' id='par_1_50' title="bbox 1981 1975 3553 2058">
     <span class='ocr_line' id='line_1_50' title="bbox 1981 1975 3553 2058; baseline 0.01 -30"><span class='ocrx_word' id='word_1_387' title='bbox 1981 1975 2260 2031; x_wconf 89' lang='lat' dir='ltr'><strong>Desiderio</strong></span> <span class='ocrx_word' id='word_1_388' title='bbox 2313 1980 2480 2043; x_wconf 89' lang='lat' dir='ltr'><strong>enim,</strong></span> <span class='ocrx_word' id='word_1_389' title='bbox 2531 1983 2625 2046; x_wconf 85' lang='lat' dir='ltr'><strong>ait,</strong></span> <span class='ocrx_word' id='word_1_390' title='bbox 2685 1985 2810 2039; x_wconf 67' lang='lat' dir='ltr'><strong>vitae</strong></span> <span class='ocrx_word' id='word_1_391' title='bbox 2849 1996 3063 2043; x_wconf 68' lang='lat' dir='ltr'><strong>mternze</strong></span> <span class='ocrx_word' id='word_1_392' title='bbox 3116 2004 3277 2058; x_wconf 89' lang='lat' dir='ltr'><strong>supra</strong></span> <span class='ocrx_word' id='word_1_393' title='bbox 3311 1997 3362 2044; x_wconf 92' lang='lat' dir='ltr'><strong>et</strong></span> <span class='ocrx_word' id='word_1_394' title='bbox 3410 1991 3553 2044; x_wconf 89' lang='lat' dir='ltr'><strong>ultra</strong></span> 
     </span>
    </p>
   </div>
   <div class='ocr_carea' id='block_1_51' title="bbox 1980 2065 3553 2150">
    <p class='ocr_par' dir='ltr' id='par_1_51' title="bbox 1980 2065 3553 2150">
     <span class='ocr_line' id='line_1_51' title="bbox 1980 2065 3553 2150; baseline 0.011 -32"><span class='ocrx_word' id='word_1_395' title='bbox 1980 2065 2174 2121; x_wconf 86' lang='lat' dir='ltr'><strong>Filium</strong></span> <span class='ocrx_word' id='word_1_396' title='bbox 2209 2079 2391 2125; x_wconf 89' lang='lat' dir='ltr'><strong>mente</strong></span> <span class='ocrx_word' id='word_1_397' title='bbox 2425 2071 2614 2136; x_wconf 84' lang='lat' dir='ltr'><strong>fertur,</strong></span> <span class='ocrx_word' id='word_1_398' title='bbox 2654 2085 2712 2127; x_wconf 91' lang='lat' dir='ltr'><strong>ut</strong></span> <span class='ocrx_word' id='word_1_399' title='bbox 2749 2077 2838 2144; x_wconf 92' lang='lat' dir='ltr'><strong>qui</strong></span> <span class='ocrx_word' id='word_1_400' title='bbox 2878 2079 2931 2130; x_wconf 92' lang='lat' dir='ltr'><strong>in</strong></span> <span class='ocrx_word' id='word_1_401' title='bbox 2965 2077 3099 2132; x_wconf 86' lang='lat' dir='ltr'><strong>Filio</strong></span> <span class='ocrx_word' id='word_1_402' title='bbox 3132 2095 3356 2148; x_wconf 83' lang='lat' dir='ltr'><strong>prorsus</strong></span> <span class='ocrx_word' id='word_1_403' title='bbox 3409 2080 3553 2150; x_wconf 89' lang='lat' dir='ltr'><strong>quod</strong></span> 
     </span>
    </p>
   </div>
   <div class='ocr_carea' id='block_1_52' title="bbox 1979 2163 3554 2238">
    <p class='ocr_par' dir='ltr' id='par_1_52' title="bbox 1979 2163 3554 2238">
     <span class='ocr_line' id='line_1_52' title="bbox 1979 2163 3554 2238; baseline 0.009 -27"><span class='ocrx_word' id='word_1_404' title='bbox 1979 2163 2255 2228; x_wconf 72' lang='lat' dir='ltr'><strong>quzrritur,</strong></span> <span class='ocrx_word' id='word_1_405' title='bbox 2285 2179 2394 2217; x_wconf 86' lang='lat' dir='ltr'><strong>non</strong></span> <span class='ocrx_word' id='word_1_406' title='bbox 2439 2165 2727 2220; x_wconf 83' lang='lat' dir='ltr'><strong>invenerit.</strong></span> <span class='ocrx_word' id='word_1_407' title='bbox 2776 2168 2831 2222; x_wconf 91' lang='lat' dir='ltr'><strong>Si</strong></span> <span class='ocrx_word' id='word_1_408' title='bbox 2859 2168 3024 2238; x_wconf 83' lang='lat' dir='ltr'><strong>igitur</strong></span> <span class='ocrx_word' id='word_1_409' title='bbox 3050 2186 3164 2224; x_wconf 82' lang='lat' dir='ltr'><strong>Inon</strong></span> <span class='ocrx_word' id='word_1_410' title='bbox 3209 2180 3294 2225; x_wconf 88' lang='lat' dir='ltr'><strong>est</strong></span> <span class='ocrx_word' id='word_1_411' title='bbox 3334 2172 3389 2226; x_wconf 90' lang='lat' dir='ltr'><strong>in</strong></span> <span class='ocrx_word' id='word_1_412' title='bbox 3417 2171 3554 2226; x_wconf 88' lang='lat' dir='ltr'><strong>Filio</strong></span> 
     </span>
    </p>
   </div>
   <div class='ocr_carea' id='block_1_53' title="bbox 1977 2251 3548 2333">
    <p class='ocr_par' dir='ltr' id='par_1_53' title="bbox 1977 2251 3548 2333">
     <span class='ocr_line' id='line_1_53' title="bbox 1977 2251 3548 2333; baseline 0.011 -32"><span class='ocrx_word' id='word_1_413' title='bbox 1977 2251 2086 2302; x_wconf 89' lang='lat' dir='ltr'><strong>vita</strong></span> <span class='ocrx_word' id='word_1_414' title='bbox 2113 2261 2338 2316; x_wconf 70' lang='lat' dir='ltr'><strong>aeterna,</strong></span> <span class='ocrx_word' id='word_1_415' title='bbox 2388 2257 2618 2310; x_wconf 77' lang='lat' dir='ltr'><strong>mendax</strong></span> <span class='ocrx_word' id='word_1_416' title='bbox 2657 2258 3082 2328; x_wconf 88' lang='lat' dir='ltr'><strong>deprehenditur</strong></span> <span class='ocrx_word' id='word_1_417' title='bbox 3134 2263 3224 2317; x_wconf 91' lang='lat' dir='ltr'><strong>ille</strong></span> <span class='ocrx_word' id='word_1_418' title='bbox 3266 2265 3356 2333; x_wconf 92' lang='lat' dir='ltr'><strong>qui</strong></span> <span class='ocrx_word' id='word_1_419' title='bbox 3393 2266 3548 2327; x_wconf 80' lang='lat' dir='ltr'><strong>dixit,</strong></span> 
     </span>
    </p>
   </div>
   <div class='ocr_carea' id='block_1_54' title="bbox 1981 2339 3550 2423">
    <p class='ocr_par' dir='ltr' id='par_1_54' title="bbox 1981 2339 3550 2423">
     <span class='ocr_line' id='line_1_54' title="bbox 1981 2339 3550 2423; baseline 0.012 -31"><span class='ocrx_word' id='word_1_420' title='bbox 1981 2339 2090 2411; x_wconf 80' lang='lat' dir='ltr'><strong>Ego</strong></span> <span class='ocrx_word' id='word_1_421' title='bbox 2158 2361 2273 2398; x_wconf 75' lang='lat' dir='ltr'><strong>sum</strong></span> <span class='ocrx_word' id='word_1_422' title='bbox 2332 2346 2440 2400; x_wconf 82' lang='lat' dir='ltr'><strong>vita</strong></span> <span class='ocrx_word' id='word_1_423' title='bbox 2471 2348 2526 2413; x_wconf 81' lang='lat'><strong>&#39;;</strong></span> <span class='ocrx_word' id='word_1_424' title='bbox 2601 2351 2681 2404; x_wconf 82' lang='lat' dir='ltr'><strong>vel</strong></span> <span class='ocrx_word' id='word_1_425' title='bbox 2740 2352 2850 2404; x_wconf 90' lang='lat' dir='ltr'><strong>vita</strong></span> <span class='ocrx_word' id='word_1_426' title='bbox 2904 2353 3122 2423; x_wconf 87' lang='lat' dir='ltr'><strong>quidem</strong></span> <span class='ocrx_word' id='word_1_427' title='bbox 3174 2365 3278 2418; x_wconf 87' lang='lat' dir='ltr'><strong>est,</strong></span> <span class='ocrx_word' id='word_1_428' title='bbox 3314 2357 3406 2411; x_wconf 87' lang='lat' dir='ltr'><strong>sed</strong></span> <span class='ocrx_word' id='word_1_429' title='bbox 3445 2374 3550 2411; x_wconf 86' lang='lat' dir='ltr'><strong>non</strong></span> 
     </span>
    </p>
   </div>
   <div class='ocr_carea' id='block_1_55' title="bbox 1977 2437 3550 2514">
    <p class='ocr_par' dir='ltr' id='par_1_55' title="bbox 1977 2437 3550 2514">
     <span class='ocr_line' id='line_1_55' title="bbox 1977 2437 3550 2514; baseline 0.008 -26"><span class='ocrx_word' id='word_1_430' title='bbox 1977 2443 2195 2489; x_wconf 83' lang='lat' dir='ltr'><strong>aeterna.</strong></span> <span class='ocrx_word' id='word_1_431' title='bbox 2224 2437 2293 2489; x_wconf 87' lang='lat' dir='ltr'><strong>At</strong></span> <span class='ocrx_word' id='word_1_432' title='bbox 2319 2439 2462 2507; x_wconf 90' lang='lat' dir='ltr'><strong>quod</strong></span> <span class='ocrx_word' id='word_1_433' title='bbox 2499 2455 2606 2494; x_wconf 92' lang='lat' dir='ltr'><strong>non</strong></span> <span class='ocrx_word' id='word_1_434' title='bbox 2657 2449 2918 2496; x_wconf 79' lang='lat' dir='ltr'><strong>aeternum</strong></span> <span class='ocrx_word' id='word_1_435' title='bbox 2950 2455 3054 2510; x_wconf 89' lang='lat' dir='ltr'><strong>est,</strong></span> <span class='ocrx_word' id='word_1_436' title='bbox 3083 2448 3269 2514; x_wconf 92' lang='lat' dir='ltr'><strong>procul</strong></span> <span class='ocrx_word' id='word_1_437' title='bbox 3291 2447 3457 2502; x_wconf 89' lang='lat' dir='ltr'><strong>dubio</strong></span> <span class='ocrx_word' id='word_1_438' title='bbox 3483 2451 3550 2501; x_wconf 83' lang='lat' dir='ltr'><strong>ad</strong></span> 
     </span>
    </p>
   </div>
   <div class='ocr_carea' id='block_1_56' title="bbox 1976 2535 3552 2594">
    <p class='ocr_par' dir='ltr' id='par_1_56' title="bbox 1976 2535 3552 2594">
     <span class='ocr_line' id='line_1_56' title="bbox 1976 2535 3552 2594; baseline 0.01 -16"><span class='ocrx_word' id='word_1_439' title='bbox 1976 2535 2190 2594; x_wconf 86' lang='lat' dir='ltr'><strong>tempus</strong></span> <span class='ocrx_word' id='word_1_440' title='bbox 2229 2535 2312 2583; x_wconf 85' lang='lat' dir='ltr'><strong>est</strong></span> <span class='ocrx_word' id='word_1_441' title='bbox 2370 2537 2424 2584; x_wconf 90' lang='lat' dir='ltr'><strong>et</strong></span> <span class='ocrx_word' id='word_1_442' title='bbox 2485 2543 2948 2591; x_wconf 87' lang='lat' dir='ltr'><strong>momentaneum.</strong></span> <span class='ocrx_word' id='word_1_443' title='bbox 2985 2536 3134 2593; x_wconf 85' lang='lat' dir='ltr'><strong>Talis</strong></span> <span class='ocrx_word' id='word_1_444' title='bbox 3184 2548 3363 2593; x_wconf 88' lang='lat' dir='ltr'><strong>autem</strong></span> <span class='ocrx_word' id='word_1_445' title='bbox 3427 2542 3552 2594; x_wconf 72' lang='lat' dir='ltr'><strong>vita:</strong></span> 
     </span>
    </p>
   </div>
   <div class='ocr_carea' id='block_1_57' title="bbox 1976 2619 3551 2700">
    <p class='ocr_par' dir='ltr' id='par_1_57' title="bbox 1976 2619 3551 2700">
     <span class='ocr_line' id='line_1_57' title="bbox 1976 2619 3551 2700; baseline 0.011 -30"><span class='ocrx_word' id='word_1_446' title='bbox 1976 2619 2187 2686; x_wconf 87' lang='lat' dir='ltr'><strong>species</strong></span> <span class='ocrx_word' id='word_1_447' title='bbox 2209 2623 2515 2676; x_wconf 89' lang='lat' dir='ltr'><strong>communis</strong></span> <span class='ocrx_word' id='word_1_448' title='bbox 2536 2632 2618 2678; x_wconf 89' lang='lat' dir='ltr'><strong>est</strong></span> <span class='ocrx_word' id='word_1_449' title='bbox 2640 2624 2961 2681; x_wconf 87' lang='lat' dir='ltr'><strong>belluarum.</strong></span> <span class='ocrx_word' id='word_1_450' title='bbox 2986 2627 3218 2683; x_wconf 87' lang='lat' dir='ltr'><strong>Ubinam</strong></span> <span class='ocrx_word' id='word_1_451' title='bbox 3250 2631 3413 2700; x_wconf 79' lang='lat' dir='ltr'><strong>igitur</strong></span> <span class='ocrx_word' id='word_1_452' title='bbox 3427 2635 3551 2687; x_wconf 76' lang='lat' dir='ltr'><strong>vita:</strong></span> 
     </span>
    </p>
   </div>
   <div class='ocr_carea' id='block_1_58' title="bbox 1976 2713 3550 2788">
    <p class='ocr_par' dir='ltr' id='par_1_58' title="bbox 1976 2713 3550 2788">
     <span class='ocr_line' id='line_1_58' title="bbox 1976 2713 3550 2788; baseline 0.011 -28"><span class='ocrx_word' id='word_1_453' title='bbox 1976 2723 2115 2761; x_wconf 70' lang='lat' dir='ltr'><strong>vera:</strong></span> <span class='ocrx_word' id='word_1_454' title='bbox 2180 2713 2557 2780; x_wconf 69' lang='lat' dir='ltr'><strong>prmrogativa,</strong></span> <span class='ocrx_word' id='word_1_455' title='bbox 2619 2716 2664 2770; x_wconf 92' lang='lat' dir='ltr'><strong>si</strong></span> <span class='ocrx_word' id='word_1_456' title='bbox 2697 2716 2817 2784; x_wconf 89' lang='lat' dir='ltr'><strong>ejus</strong></span> <span class='ocrx_word' id='word_1_457' title='bbox 2867 2720 3142 2788; x_wconf 83' lang='lat' dir='ltr'><strong>particeps</strong></span> <span class='ocrx_word' id='word_1_458' title='bbox 3195 2729 3278 2776; x_wconf 93' lang='lat' dir='ltr'><strong>est</strong></span> <span class='ocrx_word' id='word_1_459' title='bbox 3321 2724 3550 2778; x_wconf 85' lang='lat' dir='ltr'><strong>rationis</strong></span> 
     </span>
    </p>
   </div>
   <div class='ocr_carea' id='block_1_59' title="bbox 1975 2798 3549 2870">
    <p class='ocr_par' dir='ltr' id='par_1_59' title="bbox 1975 2798 3549 2870">
     <span class='ocr_line' id='line_1_59' title="bbox 1975 2798 3549 2870; baseline 0.015 -24"><span class='ocrx_word' id='word_1_460' title='bbox 1975 2809 2170 2863; x_wconf 83' lang='lat' dir='ltr'><strong>expers</strong></span> <span class='ocrx_word' id='word_1_461' title='bbox 2193 2798 2412 2852; x_wconf 84' lang='lat' dir='ltr'><strong>natura?</strong></span> <span class='ocrx_word' id='word_1_462' title='bbox 2437 2803 2708 2870; x_wconf 90' lang='lat' dir='ltr'><strong>quomodo</strong></span> <span class='ocrx_word' id='word_1_463' title='bbox 2735 2802 2967 2859; x_wconf 85' lang='lat' dir='ltr'><strong>Verbum</strong></span> <span class='ocrx_word' id='word_1_464' title='bbox 2990 2808 3128 2863; x_wconf 87' lang='lat' dir='ltr'><strong>idem</strong></span> <span class='ocrx_word' id='word_1_465' title='bbox 3152 2811 3388 2866; x_wconf 90' lang='lat' dir='ltr'><strong>eritcum</strong></span> <span class='ocrx_word' id='word_1_466' title='bbox 3407 2814 3512 2867; x_wconf 86' lang='lat' dir='ltr'><strong>vita</strong></span> <span class='ocrx_word' id='word_1_467' title='bbox 3531 2833 3549 2870; x_wconf 90' lang='lat'><strong>:</strong></span> 
     </span>
    </p>
   </div>
   <div class='ocr_carea' id='block_1_60' title="bbox 1977 2885 3549 2972">
    <p class='ocr_par' dir='ltr' id='par_1_60' title="bbox 1977 2885 3549 2972">
     <span class='ocr_line' id='line_1_60' title="bbox 1977 2885 3549 2972; baseline 0.015 -35"><span class='ocrx_word' id='word_1_468' title='bbox 1977 2885 2021 2939; x_wconf 92' lang='lat' dir='ltr'><strong>si</strong></span> <span class='ocrx_word' id='word_1_469' title='bbox 2051 2900 2174 2939; x_wconf 87' lang='lat' dir='ltr'><strong>cum</strong></span> <span class='ocrx_word' id='word_1_470' title='bbox 2207 2889 2432 2945; x_wconf 91' lang='lat' dir='ltr'><strong>rationis</strong></span> <span class='ocrx_word' id='word_1_471' title='bbox 2461 2903 2678 2961; x_wconf 82' lang='lat' dir='ltr'><strong>experte</strong></span> <span class='ocrx_word' id='word_1_472' title='bbox 2733 2906 2947 2962; x_wconf 86' lang='lat' dir='ltr'><strong>natura,</strong></span> <span class='ocrx_word' id='word_1_473' title='bbox 2984 2914 3080 2968; x_wconf 91' lang='lat' dir='ltr'><strong>per</strong></span> <span class='ocrx_word' id='word_1_474' title='bbox 3113 2901 3276 2956; x_wconf 87' lang='lat' dir='ltr'><strong>vitam</strong></span> <span class='ocrx_word' id='word_1_475' title='bbox 3316 2920 3438 2972; x_wconf 72' lang='lat' dir='ltr'><strong>qua:</strong></span> <span class='ocrx_word' id='word_1_476' title='bbox 3465 2917 3549 2961; x_wconf 90' lang='lat' dir='ltr'><strong>est</strong></span> 
     </span>
    </p>
   </div>
   <div class='ocr_carea' id='block_1_61' title="bbox 1976 2977 3548 3052">
    <p class='ocr_par' dir='ltr' id='par_1_61' title="bbox 1976 2977 3548 3052">
     <span class='ocr_line' id='line_1_61' title="bbox 1976 2977 3548 3052; baseline 0.015 -23"><span class='ocrx_word' id='word_1_477' title='bbox 1976 2977 2039 3029; x_wconf 92' lang='lat' dir='ltr'><strong>ad</strong></span> <span class='ocrx_word' id='word_1_478' title='bbox 2094 2986 2310 3048; x_wconf 88' lang='lat' dir='ltr'><strong>tempus</strong></span> <span class='ocrx_word' id='word_1_479' title='bbox 2358 2984 2410 3034; x_wconf 93' lang='lat' dir='ltr'><strong>in</strong></span> <span class='ocrx_word' id='word_1_480' title='bbox 2466 2983 2710 3039; x_wconf 87' lang='lat' dir='ltr'><strong>eamdem</strong></span> <span class='ocrx_word' id='word_1_481' title='bbox 2736 2986 2956 3041; x_wconf 84' lang='lat' dir='ltr'><strong>domum</strong></span> <span class='ocrx_word' id='word_1_482' title='bbox 3013 2991 3434 3050; x_wconf 86' lang='lat' dir='ltr'><strong>introducatur?</strong></span> <span class='ocrx_word' id='word_1_483' title='bbox 3490 2997 3548 3052; x_wconf 87' lang='lat' dir='ltr'><strong>Si</strong></span> 
     </span>
    </p>
   </div>
   <div class='ocr_carea' id='block_1_62' title="bbox 1973 3069 3551 3152">
    <p class='ocr_par' dir='ltr' id='par_1_62' title="bbox 1973 3069 3551 3152">
     <span class='ocr_line' id='line_1_62' title="bbox 1973 3069 3551 3152; baseline 0.013 -32"><span class='ocrx_word' id='word_1_484' title='bbox 1973 3069 2140 3133; x_wconf 88' lang='lat' dir='ltr'><strong>enim,</strong></span> <span class='ocrx_word' id='word_1_485' title='bbox 2175 3082 2234 3124; x_wconf 91' lang='lat' dir='ltr'><strong>ut</strong></span> <span class='ocrx_word' id='word_1_486' title='bbox 2272 3071 2349 3124; x_wconf 91' lang='lat' dir='ltr'><strong>ait</strong></span> <span class='ocrx_word' id='word_1_487' title='bbox 2382 3088 2612 3144; x_wconf 84' lang='lat' dir='ltr'><strong>magnus</strong></span> <span class='ocrx_word' id='word_1_488' title='bbox 2639 3075 2879 3132; x_wconf 85' lang='lat' dir='ltr'><strong>Joannes</strong></span> <span class='ocrx_word' id='word_1_489' title='bbox 2910 3081 2932 3112; x_wconf 86' lang='grc'><strong>⁸</strong></span> <span class='ocrx_word' id='word_1_490' title='bbox 2963 3117 2978 3144; x_wconf 91' lang='grc'><strong>,</strong></span> <span class='ocrx_word' id='word_1_491' title='bbox 3017 3082 3126 3134; x_wconf 89' lang='lat' dir='ltr'><strong>vita</strong></span> <span class='ocrx_word' id='word_1_492' title='bbox 3185 3085 3400 3152; x_wconf 89' lang='lat' dir='ltr'><strong>quidem</strong></span> <span class='ocrx_word' id='word_1_493' title='bbox 3466 3098 3551 3142; x_wconf 91' lang='lat' dir='ltr'><strong>est</strong></span> 
     </span>
    </p>
   </div>
   <div class='ocr_carea' id='block_1_63' title="bbox 1977 3156 3551 3241">
    <p class='ocr_par' dir='ltr' id='par_1_63' title="bbox 1977 3156 3551 3241">
     <span class='ocr_line' id='line_1_63' title="bbox 1977 3156 3551 3241; baseline 0.013 -30"><span class='ocrx_word' id='word_1_494' title='bbox 1977 3156 2233 3226; x_wconf 87' lang='lat' dir='ltr'><strong>Verbum,</strong></span> <span class='ocrx_word' id='word_1_495' title='bbox 2285 3165 2600 3232; x_wconf 86' lang='lat' dir='ltr'><strong>temporalis</strong></span> <span class='ocrx_word' id='word_1_496' title='bbox 2627 3179 2806 3222; x_wconf 88' lang='lat' dir='ltr'><strong>autem</strong></span> <span class='ocrx_word' id='word_1_497' title='bbox 2843 3171 2955 3223; x_wconf 58' lang='lat' dir='ltr'><strong>haec</strong></span> <span class='ocrx_word' id='word_1_498' title='bbox 3005 3187 3105 3226; x_wconf 92' lang='lat' dir='ltr'><strong>nec</strong></span> <span class='ocrx_word' id='word_1_499' title='bbox 3137 3182 3359 3241; x_wconf 70' lang='lat' dir='ltr'><strong>aeterna,</strong></span> <span class='ocrx_word' id='word_1_500' title='bbox 3407 3177 3551 3232; x_wconf 82' lang='lat' dir='ltr'><strong>sicut</strong></span> 
     </span>
    </p>
   </div>
   <div class='ocr_carea' id='block_1_64' title="bbox 299 3221 1872 3334">
    <p class='ocr_par' dir='ltr' id='par_1_64' title="bbox 299 3221 1872 3334">
     <span class='ocr_line' id='line_1_64' title="bbox 299 3221 1872 3334; baseline 0.012 -35"><span class='ocrx_word' id='word_1_501' title='bbox 299 3264 408 3316; x_wconf 88' lang='grc' dir='ltr'>ρος,</span> <span class='ocrx_word' id='word_1_502' title='bbox 439 3247 494 3301; x_wconf 85' lang='grc' dir='ltr'><strong>τί</strong></span> <span class='ocrx_word' id='word_1_503' title='bbox 531 3221 670 3304; x_wconf 67' lang='grc' dir='ltr'>κατα</span> <span class='ocrx_word' id='word_1_504' title='bbox 700 3251 762 3303; x_wconf 90' lang='grc' dir='ltr'><strong>τὸ</strong></span> <span class='ocrx_word' id='word_1_505' title='bbox 803 3253 1090 3309; x_wconf 86' lang='grc' dir='ltr'>ἀκόλουθον</span> <span class='ocrx_word' id='word_1_506' title='bbox 1134 3221 1590 3330; x_wconf 68' lang='grc' dir='ltr'>συμπεραίνετάιέ</span> 
     </span>
    </p>
   </div>
   <div class='ocr_carea' id='block_1_65' title="bbox 1975 3221 3552 3334">
    <p class='ocr_par' dir='ltr' id='par_1_65' title="bbox 1978 3250 3552 3326">
     <span class='ocr_line' id='line_1_65' title="bbox 1978 3250 3552 3326; baseline 0.013 -24"><span class='ocrx_word' id='word_1_507' title='bbox 1978 3250 2169 3305; x_wconf 78' lang='lat' dir='ltr'><strong>haeresi</strong></span> <span class='ocrx_word' id='word_1_508' title='bbox 2198 3252 2414 3308; x_wconf 81' lang='lat' dir='ltr'><strong>videtur</strong></span> <span class='ocrx_word' id='word_1_509' title='bbox 2451 3273 2465 3309; x_wconf 90' lang='lat'><strong>:</strong></span> <span class='ocrx_word' id='word_1_510' title='bbox 2495 3257 2734 3326; x_wconf 76' lang='lat' dir='ltr'><strong>gignitur</strong></span> <span class='ocrx_word' id='word_1_511' title='bbox 2775 3267 2954 3314; x_wconf 90' lang='lat' dir='ltr'><strong>autem</strong></span> <span class='ocrx_word' id='word_1_512' title='bbox 3002 3263 3163 3316; x_wconf 87' lang='lat' dir='ltr'><strong>etiam</strong></span> <span class='ocrx_word' id='word_1_513' title='bbox 3190 3265 3244 3318; x_wconf 91' lang='lat' dir='ltr'><strong>in</strong></span> <span class='ocrx_word' id='word_1_514' title='bbox 3287 3266 3408 3321; x_wconf 90' lang='lat' dir='ltr'><strong>aliis</strong></span> <span class='ocrx_word' id='word_1_515' title='bbox 3438 3271 3552 3322; x_wconf 77' lang='lat' dir='ltr'><strong>vita</strong></span> 
     </span>
    </p>
   </div>
   <div class='ocr_carea' id='block_1_66' title="bbox 295 3332 1871 3420">
    <p class='ocr_par' dir='ltr' id='par_1_66' title="bbox 295 3332 1871 3420">
     <span class='ocr_line' id='line_1_66' title="bbox 295 3332 1871 3420; baseline 0.011 -32"><span class='ocrx_word' id='word_1_516' title='bbox 295 3332 434 3390; x_wconf 80' lang='grc' dir='ltr'>εἶναι</span> <span class='ocrx_word' id='word_1_517' title='bbox 475 3338 544 3391; x_wconf 83' lang='grc' dir='ltr'>τὰ</span> <span class='ocrx_word' id='word_1_518' title='bbox 589 3339 836 3412; x_wconf 77' lang='grc' dir='ltr'>ἄλογα,ἢ</span> <span class='ocrx_word' id='word_1_519' title='bbox 885 3343 1076 3414; x_wconf 81' lang='grc' dir='ltr'>ἄλογον</span> <span class='ocrx_word' id='word_1_520' title='bbox 1125 3345 1498 3417; x_wconf 82' lang='grc' dir='ltr'>ὁμολογεῖσθαι</span> <span class='ocrx_word' id='word_1_521' title='bbox 1547 3332 1652 3404; x_wconf 37' lang='grc' dir='ltr'>τὸν-</span> <span class='ocrx_word' id='word_1_522' title='bbox 1681 3353 1871 3420; x_wconf 84' lang='grc' dir='ltr'>Λόγον.</span> 
     </span>
    </p>
   </div>
   <div class='ocr_carea' id='block_1_67' title="bbox 296 3425 1875 3507">
    <p class='ocr_par' dir='ltr' id='par_1_67' title="bbox 296 3425 1875 3507">
     <span class='ocr_line' id='line_1_67' title="bbox 296 3425 1875 3507; baseline 0.008 -25"><span class='ocrx_word' id='word_1_523' title='bbox 296 3425 441 3500; x_wconf 63' lang='grc' dir='ltr'>’Δρα</span> <span class='ocrx_word' id='word_1_524' title='bbox 468 3430 547 3484; x_wconf 78' lang='grc' dir='ltr'><strong>ἔτι</strong></span> <span class='ocrx_word' id='word_1_525' title='bbox 576 3430 748 3500; x_wconf 88' lang='grc' dir='ltr'>λόγων</span> <span class='ocrx_word' id='word_1_526' title='bbox 778 3433 914 3504; x_wconf 88' lang='grc' dir='ltr'>πρὸς</span> <span class='ocrx_word' id='word_1_527' title='bbox 942 3434 1159 3505; x_wconf 78' lang='grc' dir='ltr'>ἔλεγχον</span> <span class='ocrx_word' id='word_1_528' title='bbox 1199 3439 1297 3507; x_wconf 81' lang='grc' dir='ltr'>τῆς</span> <span class='ocrx_word' id='word_1_529' title='bbox 1343 3438 1625 3507; x_wconf 81' lang='grc' dir='ltr'>ἐξαγίστου</span> <span class='ocrx_word' id='word_1_530' title='bbox 1658 3443 1751 3494; x_wconf 71' lang='grc' dir='ltr'>καὶ</span> <span class='ocrx_word' id='word_1_531' title='bbox 1781 3459 1875 3494; x_wconf 83' lang='grc' dir='ltr'><strong>πο-</strong></span> 
     </span>
    </p>
   </div>
   <div class='ocr_carea' id='block_1_68' title="bbox 293 3521 1874 3600">
    <p class='ocr_par' dir='ltr' id='par_1_68' title="bbox 293 3521 1874 3600">
     <span class='ocr_line' id='line_1_68' title="bbox 293 3521 1874 3600; baseline 0.008 -28"><span class='ocrx_word' id='word_1_532' title='bbox 293 3521 465 3590; x_wconf 82' lang='grc' dir='ltr'>νηρᾶς</span> <span class='ocrx_word' id='word_1_533' title='bbox 496 3521 674 3575; x_wconf 76' lang='grc' dir='ltr'>αὐτῶν</span> <span class='ocrx_word' id='word_1_534' title='bbox 713 3523 1058 3596; x_wconf 69' lang='grc' dir='ltr'>βλασφημίας</span> <span class='ocrx_word' id='word_1_535' title='bbox 1083 3525 1349 3595; x_wconf 81' lang='grc' dir='ltr'>δεόμεθα;</span> <span class='ocrx_word' id='word_1_536' title='bbox 1383 3529 1474 3599; x_wconf 83' lang='grc' dir='ltr'><strong>Μὴ</strong></span> <span class='ocrx_word' id='word_1_537' title='bbox 1501 3529 1608 3600; x_wconf 83' lang='grc' dir='ltr'>γὰρ</span> <span class='ocrx_word' id='word_1_538' title='bbox 1650 3531 1874 3584; x_wconf 80' lang='grc' dir='ltr'>τοιαῦτα</span> 
     </span>
    </p>
   </div>
   <div class='ocr_carea' id='block_1_69' title="bbox 292 3609 1874 3691">
    <p class='ocr_par' dir='ltr' id='par_1_69' title="bbox 292 3609 1874 3691">
     <span class='ocr_line' id='line_1_69' title="bbox 292 3609 1874 3691; baseline 0.008 -28"><span class='ocrx_word' id='word_1_539' title='bbox 292 3609 577 3682; x_wconf 86' lang='grc' dir='ltr'>λεγόμενα,</span> <span class='ocrx_word' id='word_1_540' title='bbox 622 3613 698 3678; x_wconf 82' lang='grc' dir='ltr'>ὡς</span> <span class='ocrx_word' id='word_1_541' title='bbox 729 3617 1115 3687; x_wconf 81' lang='grc' dir='ltr'>κεκρυμμένην</span> <span class='ocrx_word' id='word_1_542' title='bbox 1140 3616 1282 3687; x_wconf 80' lang='grc' dir='ltr'>ἔχειν</span> <span class='ocrx_word' id='word_1_543' title='bbox 1313 3619 1412 3689; x_wconf 82' lang='grc' dir='ltr'>τὴν</span> <span class='ocrx_word' id='word_1_544' title='bbox 1445 3619 1751 3690; x_wconf 82' lang='grc' dir='ltr'>συμϐουλὴν</span> <span class='ocrx_word' id='word_1_545' title='bbox 1776 3622 1874 3691; x_wconf 83' lang='grc' dir='ltr'>τῆς</span> 
     </span>
    </p>
   </div>
   <div class='ocr_carea' id='block_1_70' title="bbox 291 3703 1871 3781">
    <p class='ocr_par' dir='ltr' id='par_1_70' title="bbox 291 3703 1871 3781">
     <span class='ocr_line' id='line_1_70' title="bbox 291 3703 1871 3781; baseline 0.006 -25"><span class='ocrx_word' id='word_1_546' title='bbox 291 3703 386 3757; x_wconf 76' lang='grc' dir='ltr'><strong>τοῦ</strong></span> <span class='ocrx_word' id='word_1_547' title='bbox 414 3704 616 3777; x_wconf 85' lang='grc' dir='ltr'>Κυρίου</span> <span class='ocrx_word' id='word_1_548' title='bbox 650 3706 966 3778; x_wconf 86' lang='grc' dir='ltr'>ἅρνήσεως;</span> <span class='ocrx_word' id='word_1_549' title='bbox 1005 3708 1066 3760; x_wconf 87' lang='grc' dir='ltr'>Εἰ</span> <span class='ocrx_word' id='word_1_550' title='bbox 1107 3708 1215 3778; x_wconf 80' lang='grc' dir='ltr'><strong>γὰρ</strong></span> <span class='ocrx_word' id='word_1_551' title='bbox 1247 3710 1492 3781; x_wconf 83' lang='grc' dir='ltr'>φανερῶς</span> <span class='ocrx_word' id='word_1_552' title='bbox 1525 3711 1621 3780; x_wconf 83' lang='grc' dir='ltr'>μὲν</span> <span class='ocrx_word' id='word_1_553' title='bbox 1649 3713 1678 3764; x_wconf 94' lang='lat'><strong>6</strong></span> <span class='ocrx_word' id='word_1_554' title='bbox 1712 3713 1871 3766; x_wconf 84' lang='grc' dir='ltr'>Ἀπό-</span> 
     </span>
    </p>
   </div>
   <div class='ocr_carea' id='block_1_71' title="bbox 295 3795 1872 3871">
    <p class='ocr_par' dir='ltr' id='par_1_71' title="bbox 295 3795 1872 3871">
     <span class='ocr_line' id='line_1_71' title="bbox 295 3795 1872 3871; baseline 0.006 -23"><span class='ocrx_word' id='word_1_555' title='bbox 295 3796 475 3860; x_wconf 88' lang='grc' dir='ltr'>στολος</span> <span class='ocrx_word' id='word_1_556' title='bbox 501 3795 676 3865; x_wconf 84' lang='grc' dir='ltr'>λέγει’</span> <span class='ocrx_word' id='word_1_557' title='bbox 699 3801 778 3856; x_wconf 86' lang='grc' dir='ltr'>Τὸ</span> <span class='ocrx_word' id='word_1_558' title='bbox 805 3799 878 3870; x_wconf 84' lang='grc' dir='ltr'>μὴ</span> <span class='ocrx_word' id='word_1_559' title='bbox 912 3800 1125 3853; x_wconf 76' lang='grc' dir='ltr'>αἰώνιον</span> <span class='ocrx_word' id='word_1_560' title='bbox 1167 3800 1494 3871; x_wconf 81' lang='grc' dir='ltr'>πρόσκαιρον</span> <span class='ocrx_word' id='word_1_561' title='bbox 1516 3818 1529 3830; x_wconf 83' lang='lat'><strong><em>°</em></strong></span> <span class='ocrx_word' id='word_1_562' title='bbox 1560 3795 1704 3856; x_wconf 78' lang='grc' dir='ltr'>οὗτοι</span> <span class='ocrx_word' id='word_1_563' title='bbox 1730 3803 1785 3856; x_wconf 82' lang='grc' dir='ltr'><strong>δὲ</strong></span> <span class='ocrx_word' id='word_1_564' title='bbox 1814 3805 1872 3858; x_wconf 84' lang='grc' dir='ltr'>ἐν</span> 
     </span>
    </p>
   </div>
   <div class='ocr_carea' id='block_1_72' title="bbox 295 3888 1866 3964">
    <p class='ocr_par' dir='ltr' id='par_1_72' title="bbox 295 3888 1866 3964">
     <span class='ocr_line' id='line_1_72' title="bbox 295 3888 1866 3964; baseline 0.004 -24"><span class='ocrx_word' id='word_1_565' title='bbox 295 3888 428 3958; x_wconf 81' lang='grc' dir='ltr'>μόνῃ</span> <span class='ocrx_word' id='word_1_566' title='bbox 458 3890 522 3959; x_wconf 79' lang='grc' dir='ltr'><strong>τῇ</strong></span> <span class='ocrx_word' id='word_1_567' title='bbox 548 3890 703 3960; x_wconf 79' lang='grc' dir='ltr'>οὐσίᾳ</span> <span class='ocrx_word' id='word_1_568' title='bbox 734 3889 824 3942; x_wconf 80' lang='grc' dir='ltr'><strong>τοῦ</strong></span> <span class='ocrx_word' id='word_1_569' title='bbox 855 3891 1066 3960; x_wconf 80' lang='grc' dir='ltr'>Πατρὸς</span> <span class='ocrx_word' id='word_1_570' title='bbox 1113 3891 1210 3962; x_wconf 86' lang='grc' dir='ltr'>τὴν</span> <span class='ocrx_word' id='word_1_571' title='bbox 1255 3891 1471 3944; x_wconf 78' lang='grc' dir='ltr'>αἰώνιον</span> <span class='ocrx_word' id='word_1_572' title='bbox 1497 3893 1663 3963; x_wconf 93' lang='grc' dir='ltr'>ὁρῶσι</span> <span class='ocrx_word' id='word_1_573' title='bbox 1705 3894 1866 3964; x_wconf 86' lang='grc' dir='ltr'>ζωὴν,</span> 
     </span>
    </p>
   </div>
   <div class='ocr_carea' id='block_1_73' title="bbox 290 3977 1868 4054">
    <p class='ocr_par' dir='ltr' id='par_1_73' title="bbox 290 3977 1868 4054">
     <span class='ocr_line' id='line_1_73' title="bbox 290 3977 1868 4054; baseline 0.006 -24"><span class='ocrx_word' id='word_1_574' title='bbox 290 3977 380 4030; x_wconf 90' lang='grc' dir='ltr'><strong>τὸν</strong></span> <span class='ocrx_word' id='word_1_575' title='bbox 406 3977 463 4030; x_wconf 84' lang='grc' dir='ltr'><strong>δὲ</strong></span> <span class='ocrx_word' id='word_1_576' title='bbox 501 3977 628 4031; x_wconf 88' lang='grc' dir='ltr'>Υἰὸν</span> <span class='ocrx_word' id='word_1_577' title='bbox 668 3978 768 4048; x_wconf 82' lang='grc' dir='ltr'>τῆς</span> <span class='ocrx_word' id='word_1_578' title='bbox 814 3979 908 4032; x_wconf 80' lang='grc' dir='ltr'>τοῦ</span> <span class='ocrx_word' id='word_1_579' title='bbox 954 3981 1162 4052; x_wconf 86' lang='grc' dir='ltr'>Πατρὸς</span> <span class='ocrx_word' id='word_1_580' title='bbox 1196 3981 1409 4048; x_wconf 86' lang='grc' dir='ltr'>φύσεως</span> <span class='ocrx_word' id='word_1_581' title='bbox 1439 3983 1868 4054; x_wconf 85' lang='grc' dir='ltr'>ἀλλοτριοῦντες,</span> 
     </span>
    </p>
   </div>
   <div class='ocr_carea' id='block_1_74' title="bbox 292 4067 1871 4144">
    <p class='ocr_par' dir='ltr' id='par_1_74' title="bbox 292 4067 1871 4144">
     <span class='ocr_line' id='line_1_74' title="bbox 292 4067 1871 4144; baseline 0.006 -25"><span class='ocrx_word' id='word_1_582' title='bbox 292 4067 751 4139; x_wconf 84' lang='grc' dir='ltr'>συναποτέμνουσι</span> <span class='ocrx_word' id='word_1_583' title='bbox 793 4069 887 4123; x_wconf 75' lang='grc' dir='ltr'>καὶ</span> <span class='ocrx_word' id='word_1_584' title='bbox 931 4071 1030 4141; x_wconf 84' lang='grc' dir='ltr'>τῆς</span> <span class='ocrx_word' id='word_1_585' title='bbox 1081 4071 1298 4125; x_wconf 85' lang='grc' dir='ltr'>αίωνίου</span> <span class='ocrx_word' id='word_1_586' title='bbox 1327 4073 1500 4144; x_wconf 84' lang='grc' dir='ltr'>ζωῆς·</span> <span class='ocrx_word' id='word_1_587' title='bbox 1536 4075 1590 4126; x_wconf 89' lang='grc' dir='ltr'><strong>τί</strong></span> <span class='ocrx_word' id='word_1_588' title='bbox 1625 4074 1749 4128; x_wconf 78' lang='grc' dir='ltr'>ἄλλο</span> <span class='ocrx_word' id='word_1_589' title='bbox 1779 4077 1871 4128; x_wconf 74' lang='grc' dir='ltr'>καὶ</span> 
     </span>
    </p>
   </div>
   <div class='ocr_carea' id='block_1_75' title="bbox 289 4161 1871 4236">
    <p class='ocr_par' dir='ltr' id='par_1_75' title="bbox 289 4161 1871 4236">
     <span class='ocr_line' id='line_1_75' title="bbox 289 4161 1871 4236; baseline 0.003 -23"><span class='ocrx_word' id='word_1_590' title='bbox 289 4161 408 4230; x_wconf 71' lang='grc' dir='ltr'><strong>οὐχὶ</strong></span> <span class='ocrx_word' id='word_1_591' title='bbox 435 4161 660 4232; x_wconf 81' lang='grc' dir='ltr'>ἄρνησίς</span> <span class='ocrx_word' id='word_1_592' title='bbox 694 4163 808 4215; x_wconf 87' lang='grc' dir='ltr'>ἐστι</span> <span class='ocrx_word' id='word_1_593' title='bbox 847 4161 1168 4233; x_wconf 85' lang='grc' dir='ltr'>περιφανὴς,</span> <span class='ocrx_word' id='word_1_594' title='bbox 1218 4165 1312 4217; x_wconf 72' lang='grc' dir='ltr'><strong>καὶ</strong></span> <span class='ocrx_word' id='word_1_595' title='bbox 1358 4164 1612 4236; x_wconf 80' lang='grc' dir='ltr'>ἀθέτησις</span> <span class='ocrx_word' id='word_1_596' title='bbox 1643 4166 1743 4236; x_wconf 79' lang='grc' dir='ltr'>τῆς</span> <span class='ocrx_word' id='word_1_597' title='bbox 1791 4168 1871 4230; x_wconf 82' lang='grc' dir='ltr'><strong>είς</strong></span> 
     </span>
    </p>
   </div>
   <div class='ocr_carea' id='block_1_76' title="bbox 289 4253 1871 4328">
    <p class='ocr_par' dir='ltr' id='par_1_76' title="bbox 289 4253 1871 4328">
     <span class='ocr_line' id='line_1_76' title="bbox 289 4253 1871 4328; baseline 0.004 -22"><span class='ocrx_word' id='word_1_598' title='bbox 289 4253 380 4308; x_wconf 88' lang='grc' dir='ltr'><strong>τὸν</strong></span> <span class='ocrx_word' id='word_1_599' title='bbox 411 4253 614 4324; x_wconf 82' lang='grc' dir='ltr'>Κύριον</span> <span class='ocrx_word' id='word_1_600' title='bbox 647 4255 882 4319; x_wconf 82' lang='grc' dir='ltr'>πίστεως</span> <span class='ocrx_word' id='word_1_601' title='bbox 908 4289 923 4313; x_wconf 86' lang='grc'><strong>,</strong></span> <span class='ocrx_word' id='word_1_602' title='bbox 975 4256 1159 4324; x_wconf 63' lang='grc' dir='ltr'>σαφῶς</span> <span class='ocrx_word' id='word_1_603' title='bbox 1199 4255 1293 4310; x_wconf 81' lang='grc' dir='ltr'><strong>τοῦ</strong></span> <span class='ocrx_word' id='word_1_604' title='bbox 1329 4258 1650 4311; x_wconf 80' lang='grc' dir='ltr'>’Δποστόλου</span> <span class='ocrx_word' id='word_1_605' title='bbox 1690 4259 1871 4328; x_wconf 88' lang='grc' dir='ltr'>λέγον-</span> 
     </span>
    </p>
   </div>
   <div class='ocr_carea' id='block_1_77' title="bbox 289 4345 1872 4420">
    <p class='ocr_par' dir='ltr' id='par_1_77' title="bbox 289 4345 1872 4420">
     <span class='ocr_line' id='line_1_77' title="bbox 289 4345 1872 4420; baseline 0.003 -21"><span class='ocrx_word' id='word_1_606' title='bbox 289 4363 399 4410; x_wconf 88' lang='grc' dir='ltr'>τος,</span> <span class='ocrx_word' id='word_1_607' title='bbox 426 4346 550 4408; x_wconf 78' lang='grc' dir='ltr'>τοὺς</span> <span class='ocrx_word' id='word_1_608' title='bbox 578 4345 636 4401; x_wconf 84' lang='grc' dir='ltr'><strong>ἐν</strong></span> <span class='ocrx_word' id='word_1_609' title='bbox 662 4349 726 4417; x_wconf 86' lang='grc' dir='ltr'><strong>τῇ</strong></span> <span class='ocrx_word' id='word_1_610' title='bbox 755 4346 865 4416; x_wconf 87' lang='grc' dir='ltr'>ζωῇ</span> <span class='ocrx_word' id='word_1_611' title='bbox 897 4349 1070 4418; x_wconf 85' lang='grc' dir='ltr'>ταύτῃ</span> <span class='ocrx_word' id='word_1_612' title='bbox 1121 4347 1278 4418; x_wconf 90' lang='grc' dir='ltr'>μόνον</span> <span class='ocrx_word' id='word_1_613' title='bbox 1306 4349 1362 4401; x_wconf 81' lang='grc' dir='ltr'>ἐν</span> <span class='ocrx_word' id='word_1_614' title='bbox 1396 4347 1614 4419; x_wconf 81' lang='grc' dir='ltr'>Χριστῷ</span> <span class='ocrx_word' id='word_1_615' title='bbox 1644 4350 1872 4420; x_wconf 73' lang='grc' dir='ltr'>ἠλπικό-</span> 
     </span>
    </p>
   </div>
   <div class='ocr_carea' id='block_1_78' title="bbox 289 4434 1870 4512">
    <p class='ocr_par' dir='ltr' id='par_1_78' title="bbox 289 4434 1870 4512">
     <span class='ocr_line' id='line_1_78' title="bbox 289 4434 1870 4512; baseline 0.004 -23"><span class='ocrx_word' id='word_1_616' title='bbox 289 4451 389 4498; x_wconf 84' lang='grc' dir='ltr'><strong>τας</strong></span> <span class='ocrx_word' id='word_1_617' title='bbox 421 4435 814 4499; x_wconf 84' lang='grc' dir='ltr'>ἐλεεινοτάτους</span> <span class='ocrx_word' id='word_1_618' title='bbox 865 4438 1116 4490; x_wconf 82' lang='grc' dir='ltr'>ἁπάντων</span> <span class='ocrx_word' id='word_1_619' title='bbox 1158 4434 1326 4509; x_wconf 62' lang='lat' dir='ltr'><strong>aii/at;</strong></span> <span class='ocrx_word' id='word_1_620' title='bbox 1371 4441 1431 4492; x_wconf 82' lang='grc' dir='ltr'><strong>Εἰ</strong></span> <span class='ocrx_word' id='word_1_621' title='bbox 1475 4436 1567 4493; x_wconf 74' lang='grc' dir='ltr'><strong>οὖν</strong></span> <span class='ocrx_word' id='word_1_622' title='bbox 1612 4441 1723 4512; x_wconf 81' lang='grc' dir='ltr'>ζωὴ</span> <span class='ocrx_word' id='word_1_623' title='bbox 1773 4443 1870 4512; x_wconf 87' lang='grc' dir='ltr'><strong>μὲν</strong></span> 
     </span>
    </p>
   </div>
   <div class='ocr_carea' id='block_1_79' title="bbox 1977 3342 3549 3419">
    <p class='ocr_par' dir='ltr' id='par_1_79' title="bbox 1977 3342 3549 3419">
     <span class='ocr_line' id='line_1_79' title="bbox 1977 3342 3549 3419; baseline 0.012 -24"><span class='ocrx_word' id='word_1_624' title='bbox 1977 3342 2043 3396; x_wconf 89' lang='lat' dir='ltr'><strong>ad</strong></span> <span class='ocrx_word' id='word_1_625' title='bbox 2103 3353 2336 3412; x_wconf 88' lang='lat' dir='ltr'><strong>tempus,</strong></span> <span class='ocrx_word' id='word_1_626' title='bbox 2371 3347 2501 3415; x_wconf 88' lang='lat' dir='ltr'><strong>quid</strong></span> <span class='ocrx_word' id='word_1_627' title='bbox 2548 3363 2611 3402; x_wconf 84' lang='lat' dir='ltr'><strong>ex</strong></span> <span class='ocrx_word' id='word_1_628' title='bbox 2674 3362 3044 3419; x_wconf 81' lang='lat' dir='ltr'><strong>consequente</strong></span> <span class='ocrx_word' id='word_1_629' title='bbox 3098 3356 3430 3412; x_wconf 79' lang='lat' dir='ltr'><strong>coniicitur?</strong></span> <span class='ocrx_word' id='word_1_630' title='bbox 3462 3361 3549 3414; x_wconf 77' lang='lat' dir='ltr'><strong>vel</strong></span> 
     </span>
    </p>
   </div>
   <div class='ocr_carea' id='block_1_80' title="bbox 1975 3434 3548 3512">
    <p class='ocr_par' dir='ltr' id='par_1_80' title="bbox 1975 3434 3548 3512">
     <span class='ocr_line' id='line_1_80' title="bbox 1975 3434 3548 3512; baseline 0.011 -24"><span class='ocrx_word' id='word_1_631' title='bbox 1975 3434 2134 3489; x_wconf 84' lang='lat' dir='ltr'><strong>bruta</strong></span> <span class='ocrx_word' id='word_1_632' title='bbox 2201 3451 2322 3492; x_wconf 89' lang='lat' dir='ltr'><strong>esse</strong></span> <span class='ocrx_word' id='word_1_633' title='bbox 2369 3439 2600 3495; x_wconf 88' lang='lat' dir='ltr'><strong>rationis</strong></span> <span class='ocrx_word' id='word_1_634' title='bbox 2630 3443 2870 3512; x_wconf 88' lang='lat' dir='ltr'><strong>capacia,</strong></span> <span class='ocrx_word' id='word_1_635' title='bbox 2903 3447 2990 3498; x_wconf 89' lang='lat' dir='ltr'><strong>vel</strong></span> <span class='ocrx_word' id='word_1_636' title='bbox 3032 3444 3267 3501; x_wconf 84' lang='lat' dir='ltr'><strong>Verbum</strong></span> <span class='ocrx_word' id='word_1_637' title='bbox 3299 3451 3548 3506; x_wconf 89' lang='lat' dir='ltr'><strong>conliteri</strong></span> 
     </span>
    </p>
   </div>
   <div class='ocr_carea' id='block_1_81' title="bbox 1975 3526 3550 3596">
    <p class='ocr_par' dir='ltr' id='par_1_81' title="bbox 1975 3526 3550 3596">
     <span class='ocr_line' id='line_1_81' title="bbox 1975 3526 3550 3596; baseline 0.011 -20"><span class='ocrx_word' id='word_1_638' title='bbox 1975 3526 2202 3581; x_wconf 83' lang='lat' dir='ltr'><strong>ratiOnis</strong></span> <span class='ocrx_word' id='word_1_639' title='bbox 2234 3542 2450 3596; x_wconf 79' lang='lat' dir='ltr'><strong>expers.</strong></span> <span class='ocrx_word' id='word_1_640' title='bbox 2506 3529 2589 3582; x_wconf 82' lang='lat' dir='ltr'><strong>An</strong></span> <span class='ocrx_word' id='word_1_641' title='bbox 2619 3532 2798 3585; x_wconf 86' lang='lat' dir='ltr'><strong>adhuc</strong></span> <span class='ocrx_word' id='word_1_642' title='bbox 2841 3535 3144 3590; x_wconf 88' lang='lat' dir='ltr'><strong>rationibus</strong></span> <span class='ocrx_word' id='word_1_643' title='bbox 3169 3537 3236 3590; x_wconf 91' lang='lat' dir='ltr'><strong>ad</strong></span> <span class='ocrx_word' id='word_1_644' title='bbox 3264 3539 3550 3594; x_wconf 83' lang='lat' dir='ltr'><strong>refutatio-</strong></span> 
     </span>
    </p>
   </div>
   <div class='ocr_carea' id='block_1_82' title="bbox 1974 3617 3551 3697">
    <p class='ocr_par' dir='ltr' id='par_1_82' title="bbox 1974 3617 3551 3697">
     <span class='ocr_line' id='line_1_82' title="bbox 1974 3617 3551 3697; baseline 0.011 -30"><span class='ocrx_word' id='word_1_645' title='bbox 1974 3630 2096 3668; x_wconf 91' lang='lat' dir='ltr'><strong>nem</strong></span> <span class='ocrx_word' id='word_1_646' title='bbox 2125 3630 2312 3670; x_wconf 90' lang='lat' dir='ltr'><strong>eorum</strong></span> <span class='ocrx_word' id='word_1_647' title='bbox 2345 3617 2604 3686; x_wconf 80' lang='lat' dir='ltr'><strong>improbae</strong></span> <span class='ocrx_word' id='word_1_648' title='bbox 2635 3628 2689 3674; x_wconf 91' lang='lat' dir='ltr'><strong>et</strong></span> <span class='ocrx_word' id='word_1_649' title='bbox 2720 3624 3000 3678; x_wconf 69' lang='lat' dir='ltr'><strong>scelerata:</strong></span> <span class='ocrx_word' id='word_1_650' title='bbox 3050 3626 3398 3697; x_wconf 67' lang='lat' dir='ltr'><strong>blasphemiae</strong></span> <span class='ocrx_word' id='word_1_651' title='bbox 3419 3632 3551 3685; x_wconf 84' lang='lat' dir='ltr'><strong>indi-</strong></span> 
     </span>
    </p>
   </div>
   <div class='ocr_carea' id='block_1_83' title="bbox 1974 3706 3550 3786">
    <p class='ocr_par' dir='ltr' id='par_1_83' title="bbox 1974 3706 3550 3786">
     <span class='ocr_line' id='line_1_83' title="bbox 1974 3706 3550 3786; baseline 0.011 -27"><span class='ocrx_word' id='word_1_652' title='bbox 1974 3706 2467 3777; x_wconf 73' lang='lat' dir='ltr'><strong>gemus?Nunquid</strong></span> <span class='ocrx_word' id='word_1_653' title='bbox 2489 3710 2631 3764; x_wconf 90' lang='lat' dir='ltr'><strong>enim</strong></span> <span class='ocrx_word' id='word_1_654' title='bbox 2659 3712 2786 3765; x_wconf 89' lang='lat' dir='ltr'><strong>talia</strong></span> <span class='ocrx_word' id='word_1_655' title='bbox 2813 3729 2937 3768; x_wconf 92' lang='lat' dir='ltr'><strong>cum</strong></span> <span class='ocrx_word' id='word_1_656' title='bbox 2967 3716 3245 3786; x_wconf 91' lang='lat' dir='ltr'><strong>dicuntur,</strong></span> <span class='ocrx_word' id='word_1_657' title='bbox 3267 3722 3347 3776; x_wconf 89' lang='lat' dir='ltr'><strong>sie</strong></span> <span class='ocrx_word' id='word_1_658' title='bbox 3371 3725 3550 3777; x_wconf 84' lang='lat' dir='ltr'><strong>occul-</strong></span> 
     </span>
    </p>
   </div>
   <div class='ocr_carea' id='block_1_84' title="bbox 1975 3799 3544 3876">
    <p class='ocr_par' dir='ltr' id='par_1_84' title="bbox 1975 3799 3544 3876">
     <span class='ocr_line' id='line_1_84' title="bbox 1975 3799 3544 3876; baseline 0.013 -26"><span class='ocrx_word' id='word_1_659' title='bbox 1975 3807 2084 3851; x_wconf 91' lang='lat' dir='ltr'><strong>tum</strong></span> <span class='ocrx_word' id='word_1_660' title='bbox 2147 3799 2348 3854; x_wconf 89' lang='lat' dir='ltr'><strong>habent</strong></span> <span class='ocrx_word' id='word_1_661' title='bbox 2398 3804 2689 3857; x_wconf 89' lang='lat' dir='ltr'><strong>consilium</strong></span> <span class='ocrx_word' id='word_1_662' title='bbox 2747 3805 3124 3876; x_wconf 82' lang='lat' dir='ltr'><strong>abnegationis</strong></span> <span class='ocrx_word' id='word_1_663' title='bbox 3179 3809 3441 3867; x_wconf 86' lang='lat' dir='ltr'><strong>Domini?</strong></span> <span class='ocrx_word' id='word_1_664' title='bbox 3487 3815 3544 3870; x_wconf 85' lang='lat' dir='ltr'><strong>Si</strong></span> 
     </span>
    </p>
   </div>
   <div class='ocr_carea' id='block_1_85' title="bbox 1972 3891 3544 3975">
    <p class='ocr_par' dir='ltr' id='par_1_85' title="bbox 1972 3891 3544 3975">
     <span class='ocr_line' id='line_1_85' title="bbox 1972 3891 3544 3975; baseline 0.012 -34"><span class='ocrx_word' id='word_1_665' title='bbox 1972 3891 2118 3943; x_wconf 90' lang='lat' dir='ltr'><strong>enim</strong></span> <span class='ocrx_word' id='word_1_666' title='bbox 2163 3903 2346 3960; x_wconf 87' lang='lat' dir='ltr'><strong>aperte</strong></span> <span class='ocrx_word' id='word_1_667' title='bbox 2394 3895 2609 3962; x_wconf 87' lang='lat' dir='ltr'><strong>quidem</strong></span> <span class='ocrx_word' id='word_1_668' title='bbox 2645 3895 2779 3949; x_wconf 89' lang='lat' dir='ltr'><strong>dicit</strong></span> <span class='ocrx_word' id='word_1_669' title='bbox 2829 3896 3123 3975; x_wconf 82' lang='lat' dir='ltr'><strong>Apostolus</strong></span> <span class='ocrx_word' id='word_1_670' title='bbox 3161 3920 3174 3956; x_wconf 94' lang='lat'>:</span> <span class='ocrx_word' id='word_1_671' title='bbox 3231 3902 3387 3969; x_wconf 87' lang='lat' dir='ltr'><strong>Quod</strong></span> <span class='ocrx_word' id='word_1_672' title='bbox 3437 3922 3544 3960; x_wconf 92' lang='lat' dir='ltr'><strong>non</strong></span> 
     </span>
    </p>
   </div>
   <div class='ocr_carea' id='block_1_86' title="bbox 1971 3988 3547 4053">
    <p class='ocr_par' dir='ltr' id='par_1_86' title="bbox 1971 3988 3547 4053">
     <span class='ocr_line' id='line_1_86' title="bbox 1971 3988 3547 4053; baseline 0.012 -19"><span class='ocrx_word' id='word_1_673' title='bbox 1971 3988 2232 4034; x_wconf 63' lang='lat' dir='ltr'><strong>aeternum</strong></span> <span class='ocrx_word' id='word_1_674' title='bbox 2280 3991 2364 4036; x_wconf 87' lang='lat' dir='ltr'><strong>est</strong></span> <span class='ocrx_word' id='word_1_675' title='bbox 2411 3993 2853 4042; x_wconf 87' lang='lat' dir='ltr'><strong>momentaneum</strong></span> <span class='ocrx_word' id='word_1_676' title='bbox 2924 4000 3009 4045; x_wconf 87' lang='lat' dir='ltr'><strong>est</strong></span> <span class='ocrx_word' id='word_1_677' title='bbox 3069 3994 3209 4048; x_wconf 87' lang='lat' dir='ltr'><strong>:isti</strong></span> <span class='ocrx_word' id='word_1_678' title='bbox 3253 4003 3430 4050; x_wconf 87' lang='lat' dir='ltr'><strong>autem</strong></span> <span class='ocrx_word' id='word_1_679' title='bbox 3489 4000 3547 4053; x_wconf 87' lang='lat' dir='ltr'><strong>in</strong></span> 
     </span>
    </p>
   </div>
   <div class='ocr_carea' id='block_1_87' title="bbox 1972 4071 3548 4154">
    <p class='ocr_par' dir='ltr' id='par_1_87' title="bbox 1972 4071 3548 4154">
     <span class='ocr_line' id='line_1_87' title="bbox 1972 4071 3548 4154; baseline 0.011 -28"><span class='ocrx_word' id='word_1_680' title='bbox 1972 4074 2087 4127; x_wconf 91' lang='lat' dir='ltr'><strong>sola</strong></span> <span class='ocrx_word' id='word_1_681' title='bbox 2125 4071 2302 4128; x_wconf 85' lang='lat' dir='ltr'><strong>Patris</strong></span> <span class='ocrx_word' id='word_1_682' title='bbox 2330 4077 2568 4132; x_wconf 86' lang='lat' dir='ltr'><strong>essentia</strong></span> <span class='ocrx_word' id='word_1_683' title='bbox 2600 4080 2766 4132; x_wconf 82' lang='lat' dir='ltr'><strong>vitam</strong></span> <span class='ocrx_word' id='word_1_684' title='bbox 2800 4089 3058 4137; x_wconf 64' lang='lat' dir='ltr'><strong>mternam</strong></span> <span class='ocrx_word' id='word_1_685' title='bbox 3091 4086 3309 4154; x_wconf 88' lang='lat' dir='ltr'><strong>vident;</strong></span> <span class='ocrx_word' id='word_1_686' title='bbox 3347 4089 3548 4144; x_wconf 84' lang='lat' dir='ltr'><strong>Filium</strong></span> 
     </span>
    </p>
   </div>
   <div class='ocr_carea' id='block_1_88' title="bbox 1969 4165 3549 4238">
    <p class='ocr_par' dir='ltr' id='par_1_88' title="bbox 1969 4165 3549 4238">
     <span class='ocr_line' id='line_1_88' title="bbox 1969 4165 3549 4238; baseline 0.011 -18"><span class='ocrx_word' id='word_1_687' title='bbox 1969 4180 2098 4220; x_wconf 77' lang='lat' dir='ltr'><strong>vero</strong></span> <span class='ocrx_word' id='word_1_688' title='bbox 2137 4181 2165 4218; x_wconf 92' lang='lat' dir='ltr'><strong>a</strong></span> <span class='ocrx_word' id='word_1_689' title='bbox 2187 4165 2367 4222; x_wconf 87' lang='lat' dir='ltr'><strong>Patris</strong></span> <span class='ocrx_word' id='word_1_690' title='bbox 2391 4177 2585 4222; x_wconf 86' lang='lat' dir='ltr'><strong>natura</strong></span> <span class='ocrx_word' id='word_1_691' title='bbox 2611 4170 2740 4223; x_wconf 91' lang='lat' dir='ltr'><strong>dum</strong></span> <span class='ocrx_word' id='word_1_692' title='bbox 2782 4174 3094 4228; x_wconf 87' lang='lat' dir='ltr'><strong>abalienant</strong></span> <span class='ocrx_word' id='word_1_693' title='bbox 3125 4185 3178 4230; x_wconf 86' lang='lat' dir='ltr'><strong>et</strong></span> <span class='ocrx_word' id='word_1_694' title='bbox 3236 4179 3306 4233; x_wconf 91' lang='lat' dir='ltr'><strong>ab</strong></span> <span class='ocrx_word' id='word_1_695' title='bbox 3337 4193 3549 4238; x_wconf 65' lang='lat' dir='ltr'><strong>aeterna</strong></span> 
     </span>
    </p>
   </div>
   <div class='ocr_carea' id='block_1_89' title="bbox 1968 4256 3550 4338">
    <p class='ocr_par' dir='ltr' id='par_1_89' title="bbox 1968 4256 3550 4338">
     <span class='ocr_line' id='line_1_89' title="bbox 1968 4256 3550 4338; baseline 0.014 -31"><span class='ocrx_word' id='word_1_696' title='bbox 1968 4256 2078 4308; x_wconf 83' lang='lat' dir='ltr'><strong>vita</strong></span> <span class='ocrx_word' id='word_1_697' title='bbox 2107 4256 2433 4312; x_wconf 88' lang='lat' dir='ltr'><strong>abscindunt</strong></span> <span class='ocrx_word' id='word_1_698' title='bbox 2458 4277 2471 4313; x_wconf 91' lang='lat'>:</span> <span class='ocrx_word' id='word_1_699' title='bbox 2504 4261 2630 4332; x_wconf 87' lang='lat' dir='ltr'><strong>quid</strong></span> <span class='ocrx_word' id='word_1_700' title='bbox 2660 4261 2763 4318; x_wconf 89' lang='lat' dir='ltr'><strong>hoc</strong></span> <span class='ocrx_word' id='word_1_701' title='bbox 2790 4265 2936 4318; x_wconf 89' lang='lat' dir='ltr'><strong>aliud</strong></span> <span class='ocrx_word' id='word_1_702' title='bbox 2952 4274 3037 4321; x_wconf 89' lang='lat' dir='ltr'><strong>est</strong></span> <span class='ocrx_word' id='word_1_703' title='bbox 3069 4283 3232 4338; x_wconf 89' lang='lat' dir='ltr'><strong>quam</strong></span> <span class='ocrx_word' id='word_1_704' title='bbox 3254 4272 3550 4329; x_wconf 77' lang='lat' dir='ltr'><strong>manifesta</strong></span> 
     </span>
    </p>
   </div>
   <div class='ocr_carea' id='block_1_90' title="bbox 1969 4349 3549 4422">
    <p class='ocr_par' dir='ltr' id='par_1_90' title="bbox 1969 4349 3549 4422">
     <span class='ocr_line' id='line_1_90' title="bbox 1969 4349 3549 4422; baseline 0.01 -22"><span class='ocrx_word' id='word_1_705' title='bbox 1969 4349 2186 4418; x_wconf 79' lang='lat' dir='ltr'><strong>negatio</strong></span> <span class='ocrx_word' id='word_1_706' title='bbox 2212 4358 2266 4403; x_wconf 89' lang='lat' dir='ltr'><strong>et</strong></span> <span class='ocrx_word' id='word_1_707' title='bbox 2323 4359 2672 4422; x_wconf 90' lang='lat' dir='ltr'><strong>contemptus</strong></span> <span class='ocrx_word' id='word_1_708' title='bbox 2713 4354 2837 4408; x_wconf 83' lang='lat' dir='ltr'><strong>ﬁdei</strong></span> <span class='ocrx_word' id='word_1_709' title='bbox 2889 4357 2942 4410; x_wconf 93' lang='lat' dir='ltr'><strong>in</strong></span> <span class='ocrx_word' id='word_1_710' title='bbox 3001 4358 3292 4415; x_wconf 89' lang='lat' dir='ltr'><strong>Dominum</strong></span> <span class='ocrx_word' id='word_1_711' title='bbox 3329 4397 3344 4421; x_wconf 84' lang='lat'><strong>,</strong></span> <span class='ocrx_word' id='word_1_712' title='bbox 3419 4379 3549 4418; x_wconf 26' lang='lat' dir='ltr'><strong>cum.</strong></span> 
     </span>
    </p>
   </div>
   <div class='ocr_carea' id='block_1_91' title="bbox 1970 4441 3550 4518">
    <p class='ocr_par' dir='ltr' id='par_1_91' title="bbox 1970 4441 3550 4518">
     <span class='ocr_line' id='line_1_91' title="bbox 1970 4441 3550 4518; baseline 0.011 -26"><span class='ocrx_word' id='word_1_713' title='bbox 1970 4450 2154 4508; x_wconf 89' lang='lat' dir='ltr'><strong>aperte</strong></span> <span class='ocrx_word' id='word_1_714' title='bbox 2174 4441 2316 4496; x_wconf 84' lang='lat' dir='ltr'><strong>dicat</strong></span> <span class='ocrx_word' id='word_1_715' title='bbox 2338 4444 2630 4511; x_wconf 84' lang='lat' dir='ltr'><strong>Apostolus</strong></span> <span class='ocrx_word' id='word_1_716' title='bbox 2653 4446 2674 4476; x_wconf 82' lang='grc'><strong>⁹</strong></span> <span class='ocrx_word' id='word_1_717' title='bbox 2710 4485 2725 4510; x_wconf 88' lang='grc'><strong>,</strong></span> <span class='ocrx_word' id='word_1_718' title='bbox 2767 4463 2862 4502; x_wconf 86' lang='lat' dir='ltr'><strong>eos</strong></span> <span class='ocrx_word' id='word_1_719' title='bbox 2891 4450 2982 4518; x_wconf 91' lang='lat' dir='ltr'><strong>qui</strong></span> <span class='ocrx_word' id='word_1_720' title='bbox 3009 4451 3066 4504; x_wconf 89' lang='lat' dir='ltr'><strong>in</strong></span> <span class='ocrx_word' id='word_1_721' title='bbox 3098 4453 3198 4506; x_wconf 87' lang='lat' dir='ltr'><strong>hac</strong></span> <span class='ocrx_word' id='word_1_722' title='bbox 3235 4454 3344 4507; x_wconf 83' lang='lat' dir='ltr'><strong>vita</strong></span> <span class='ocrx_word' id='word_1_723' title='bbox 3367 4456 3550 4509; x_wconf 84' lang='lat' dir='ltr'><strong>solum</strong></span> 
     </span>
    </p>
   </div>
   <div class='ocr_carea' id='block_1_92' title="bbox 290 4525 1872 4619">
    <p class='ocr_par' dir='ltr' id='par_1_92' title="bbox 290 4525 1866 4605">
     <span class='ocr_line' id='line_1_92' title="bbox 290 4525 1866 4605; baseline 0.004 -26"><span class='ocrx_word' id='word_1_724' title='bbox 290 4525 512 4598; x_wconf 80' lang='grc' dir='ltr'>Κύριος,</span> <span class='ocrx_word' id='word_1_725' title='bbox 542 4527 641 4580; x_wconf 77' lang='grc' dir='ltr'><strong>οὐκ</strong></span> <span class='ocrx_word' id='word_1_726' title='bbox 673 4527 885 4591; x_wconf 78' lang='grc' dir='ltr'>αἰώνιος</span> <span class='ocrx_word' id='word_1_727' title='bbox 932 4528 1009 4591; x_wconf 83' lang='grc' dir='ltr'><strong>δὲ,</strong></span> <span class='ocrx_word' id='word_1_728' title='bbox 1044 4530 1373 4601; x_wconf 82' lang='grc' dir='ltr'>πρόσκαιρος</span> <span class='ocrx_word' id='word_1_729' title='bbox 1406 4532 1622 4595; x_wconf 79' lang='grc' dir='ltr'>πάντως</span> <span class='ocrx_word' id='word_1_730' title='bbox 1659 4535 1804 4586; x_wconf 75' lang='grc' dir='ltr'>ἐστὶν</span> <span class='ocrx_word' id='word_1_731' title='bbox 1835 4537 1866 4605; x_wconf 90' lang='grc' dir='ltr'><strong>ή</strong></span> 
     </span>
    </p>
   </div>
   <div class='ocr_carea' id='block_1_93' title="bbox 1975 4525 3553 4619">
    <p class='ocr_par' dir='ltr' id='par_1_93' title="bbox 1975 4531 3553 4604">
     <span class='ocr_line' id='line_1_93' title="bbox 1975 4531 3553 4604; baseline 0.012 -20"><span class='ocrx_word' id='word_1_732' title='bbox 1975 4531 2025 4584; x_wconf 92' lang='lat' dir='ltr'><strong>in</strong></span> <span class='ocrx_word' id='word_1_733' title='bbox 2053 4531 2280 4587; x_wconf 78' lang='lat' dir='ltr'><strong>Christo</strong></span> <span class='ocrx_word' id='word_1_734' title='bbox 2322 4546 2699 4604; x_wconf 89' lang='lat' dir='ltr'><strong>speraverunt,</strong></span> <span class='ocrx_word' id='word_1_735' title='bbox 2745 4540 2987 4594; x_wconf 90' lang='lat' dir='ltr'><strong>omnium</strong></span> <span class='ocrx_word' id='word_1_736' title='bbox 3029 4559 3150 4598; x_wconf 83' lang='lat' dir='ltr'><strong>esse</strong></span> <span class='ocrx_word' id='word_1_737' title='bbox 3185 4546 3553 4603; x_wconf 78' lang='lat' dir='ltr'><strong>miserrimos?</strong></span> 
     </span>
    </p>
   </div>
   <div class='ocr_carea' id='block_1_94' title="bbox 290 4611 1870 4694">
    <p class='ocr_par' dir='ltr' id='par_1_94' title="bbox 290 4611 1870 4694">
     <span class='ocr_line' id='line_1_94' title="bbox 290 4611 1870 4694; baseline 0.005 -27"><span class='ocrx_word' id='word_1_738' title='bbox 290 4611 402 4685; x_wconf 77' lang='grc' dir='ltr'>ζωὴ</span> <span class='ocrx_word' id='word_1_739' title='bbox 429 4617 568 4685; x_wconf 77' lang='grc' dir='ltr'>καὶὴ</span> <span class='ocrx_word' id='word_1_740' title='bbox 589 4616 882 4688; x_wconf 74' lang='grc' dir='ltr'>ἐφήμερος,</span> <span class='ocrx_word' id='word_1_741' title='bbox 912 4617 944 4687; x_wconf 86' lang='grc' dir='ltr'><strong>ἡ</strong></span> <span class='ocrx_word' id='word_1_742' title='bbox 975 4617 1115 4671; x_wconf 79' lang='grc' dir='ltr'>κατὰ</span> <span class='ocrx_word' id='word_1_743' title='bbox 1143 4618 1233 4672; x_wconf 81' lang='grc' dir='ltr'><strong>τὸν</strong></span> <span class='ocrx_word' id='word_1_744' title='bbox 1254 4619 1494 4690; x_wconf 80' lang='grc' dir='ltr'>παρόντα</span> <span class='ocrx_word' id='word_1_745' title='bbox 1515 4621 1704 4692; x_wconf 86' lang='grc' dir='ltr'>χρόνον</span> <span class='ocrx_word' id='word_1_746' title='bbox 1721 4624 1870 4694; x_wconf 82' lang='grc' dir='ltr'>ἐνερ-</span> 
     </span>
    </p>
   </div>
   <div class='ocr_carea' id='block_1_95' title="bbox 289 4705 1867 4778">
    <p class='ocr_par' dir='ltr' id='par_1_95' title="bbox 289 4705 1867 4778">
     <span class='ocr_line' id='line_1_95' title="bbox 289 4705 1867 4778; baseline 0.005 -21"><span class='ocrx_word' id='word_1_747' title='bbox 289 4705 548 4778; x_wconf 87' lang='grc' dir='ltr'>γουμένη,</span> <span class='ocrx_word' id='word_1_748' title='bbox 583 4707 616 4778; x_wconf 78' lang='grc' dir='ltr'>ἢ</span> <span class='ocrx_word' id='word_1_749' title='bbox 661 4708 786 4771; x_wconf 82' lang='grc' dir='ltr'>τοὺς</span> <span class='ocrx_word' id='word_1_750' title='bbox 830 4708 1144 4774; x_wconf 77' lang='grc' dir='ltr'>ἐλπίζοντας</span> <span class='ocrx_word' id='word_1_751' title='bbox 1171 4713 1198 4764; x_wconf 87' lang='lat'><strong>6</strong></span> <span class='ocrx_word' id='word_1_752' title='bbox 1237 4711 1556 4775; x_wconf 80' lang='grc' dir='ltr'>’Λπόστολος</span> <span class='ocrx_word' id='word_1_753' title='bbox 1599 4713 1867 4767; x_wconf 77' lang='grc' dir='ltr'>κατοικτί·</span> 
     </span>
    </p>
   </div>
   <div class='ocr_carea' id='block_1_96' title="bbox 291 4795 1617 4874">
    <p class='ocr_par' dir='ltr' id='par_1_96' title="bbox 291 4795 1617 4874">
     <span class='ocr_line' id='line_1_96' title="bbox 291 4795 1617 4874; baseline 0.006 -25"><span class='ocrx_word' id='word_1_754' title='bbox 291 4795 460 4863; x_wconf 83' lang='grc' dir='ltr'>ζεται,</span> <span class='ocrx_word' id='word_1_755' title='bbox 487 4797 561 4862; x_wconf 86' lang='grc' dir='ltr'><strong>ῶς</strong></span> <span class='ocrx_word' id='word_1_756' title='bbox 588 4801 687 4870; x_wconf 82' lang='grc' dir='ltr'>τῆς</span> <span class='ocrx_word' id='word_1_757' title='bbox 713 4798 972 4870; x_wconf 80' lang='grc' dir='ltr'>ἀληθινῆς</span> <span class='ocrx_word' id='word_1_758' title='bbox 1008 4801 1427 4872; x_wconf 82' lang='grc' dir='ltr'>ἀφαμαρτόντας</span> <span class='ocrx_word' id='word_1_759' title='bbox 1453 4803 1617 4874; x_wconf 81' lang='grc' dir='ltr'>ζωῆς.</span> 
     </span>
    </p>
   </div>
   <div class='ocr_carea' id='block_1_97' title="bbox 372 5059 1860 5136">
    <p class='ocr_par' dir='ltr' id='par_1_97' title="bbox 372 5059 1860 5136">
     <span class='ocr_line' id='line_1_97' title="bbox 372 5059 1860 5136; baseline 0.005 -23"><span class='ocrx_word' id='word_1_760' title='bbox 372 5061 530 5114; x_wconf 85' lang='grc' dir='ltr'><strong>Ἀλλὰ</strong></span> <span class='ocrx_word' id='word_1_761' title='bbox 567 5062 672 5132; x_wconf 80' lang='grc' dir='ltr'>μὴν</span> <span class='ocrx_word' id='word_1_762' title='bbox 697 5059 885 5115; x_wconf 80' lang='grc' dir='ltr'>τοῦτον</span> <span class='ocrx_word' id='word_1_763' title='bbox 925 5061 1207 5126; x_wconf 76' lang='grc' dir='ltr'>διαϐάντες</span> <span class='ocrx_word' id='word_1_764' title='bbox 1231 5064 1280 5115; x_wconf 82' lang='grc' dir='ltr'><strong>οἱ</strong></span> <span class='ocrx_word' id='word_1_765' title='bbox 1319 5065 1436 5118; x_wconf 86' lang='grc' dir='ltr'>κατ’</span> <span class='ocrx_word' id='word_1_766' title='bbox 1471 5065 1735 5136; x_wconf 80' lang='grc' dir='ltr'>Εὐνόμιον</span> <span class='ocrx_word' id='word_1_767' title='bbox 1761 5085 1860 5121; x_wconf 83' lang='grc' dir='ltr'>πε-</span> 
     </span>
    </p>
   </div>
   <div class='ocr_carea' id='block_1_98' title="bbox 291 5153 1864 5228">
    <p class='ocr_par' dir='ltr' id='par_1_98' title="bbox 291 5153 1864 5228">
     <span class='ocr_line' id='line_1_98' title="bbox 291 5153 1864 5228; baseline 0.004 -23"><span class='ocrx_word' id='word_1_768' title='bbox 291 5153 638 5224; x_wconf 75' lang='grc' dir='ltr'>φωτισμένοι,</span> <span class='ocrx_word' id='word_1_769' title='bbox 667 5155 744 5217; x_wconf 85' lang='grc' dir='ltr'><strong>είς</strong></span> <span class='ocrx_word' id='word_1_770' title='bbox 771 5153 863 5207; x_wconf 91' lang='grc' dir='ltr'><strong>τὸν</strong></span> <span class='ocrx_word' id='word_1_771' title='bbox 891 5153 1149 5209; x_wconf 81' lang='grc' dir='ltr'>ἐπέκεινα</span> <span class='ocrx_word' id='word_1_772' title='bbox 1174 5154 1268 5207; x_wconf 80' lang='grc' dir='ltr'>τοῦ</span> <span class='ocrx_word' id='word_1_773' title='bbox 1291 5155 1422 5208; x_wconf 88' lang='grc' dir='ltr'>Υἱοῦ</span> <span class='ocrx_word' id='word_1_774' title='bbox 1447 5160 1560 5220; x_wconf 86' lang='grc' dir='ltr'>τοῖς</span> <span class='ocrx_word' id='word_1_775' title='bbox 1585 5157 1864 5228; x_wconf 88' lang='grc' dir='ltr'>λογισμοῖς</span> 
     </span>
    </p>
   </div>
   <div class='ocr_carea' id='block_1_99' title="bbox 291 5244 1864 5320">
    <p class='ocr_par' dir='ltr' id='par_1_99' title="bbox 291 5244 1864 5320">
     <span class='ocr_line' id='line_1_99' title="bbox 291 5244 1864 5320; baseline 0.003 -24"><span class='ocrx_word' id='word_1_776' title='bbox 291 5245 573 5314; x_wconf 75' lang='grc' dir='ltr'>φέρονται,</span> <span class='ocrx_word' id='word_1_777' title='bbox 609 5245 666 5298; x_wconf 89' lang='grc' dir='ltr'><strong>ἐν</strong></span> <span class='ocrx_word' id='word_1_778' title='bbox 711 5245 790 5316; x_wconf 86' lang='grc' dir='ltr'><strong>τῷ</strong></span> <span class='ocrx_word' id='word_1_779' title='bbox 832 5244 936 5312; x_wconf 72' lang='grc' dir='ltr'><strong>ἔξω</strong></span> <span class='ocrx_word' id='word_1_780' title='bbox 980 5245 1075 5298; x_wconf 85' lang='grc' dir='ltr'><strong>τοῦ</strong></span> <span class='ocrx_word' id='word_1_781' title='bbox 1119 5245 1454 5313; x_wconf 82' lang='grc' dir='ltr'>Μονογενοῦς</span> <span class='ocrx_word' id='word_1_782' title='bbox 1508 5247 1864 5320; x_wconf 81' lang='grc' dir='ltr'>θεωρουμένῳ</span> 
     </span>
    </p>
   </div>
   <div class='ocr_carea' id='block_1_100' title="bbox 289 5332 1861 5408">
    <p class='ocr_par' dir='ltr' id='par_1_100' title="bbox 289 5332 1861 5408">
     <span class='ocr_line' id='line_1_100' title="bbox 289 5332 1861 5408; baseline 0.006 -24"><span class='ocrx_word' id='word_1_783' title='bbox 289 5333 386 5403; x_wconf 82' lang='grc' dir='ltr'>τὴν</span> <span class='ocrx_word' id='word_1_784' title='bbox 415 5332 630 5387; x_wconf 82' lang='grc' dir='ltr'>αἰώνιον</span> <span class='ocrx_word' id='word_1_785' title='bbox 677 5333 1069 5405; x_wconf 80' lang='grc' dir='ltr'>ἀναζητοῦντες</span> <span class='ocrx_word' id='word_1_786' title='bbox 1112 5332 1280 5405; x_wconf 78' lang='grc' dir='ltr'>ζωήν.</span> <span class='ocrx_word' id='word_1_787' title='bbox 1310 5337 1374 5389; x_wconf 91' lang='grc' dir='ltr'>Τί</span> <span class='ocrx_word' id='word_1_788' title='bbox 1407 5337 1512 5408; x_wconf 83' lang='grc' dir='ltr'><strong>χρὴ</strong></span> <span class='ocrx_word' id='word_1_789' title='bbox 1543 5339 1722 5407; x_wconf 87' lang='grc' dir='ltr'>λέγειν</span> <span class='ocrx_word' id='word_1_790' title='bbox 1770 5342 1861 5393; x_wconf 75' lang='grc' dir='ltr'>ἐπὶ</span> 
     </span>
    </p>
   </div>
   <div class='ocr_carea' id='block_1_101' title="bbox 290 5424 1865 5500">
    <p class='ocr_par' dir='ltr' id='par_1_101' title="bbox 290 5424 1865 5500">
     <span class='ocr_line' id='line_1_101' title="bbox 290 5424 1865 5500; baseline 0.004 -22"><span class='ocrx_word' id='word_1_791' title='bbox 290 5424 397 5478; x_wconf 90' lang='grc' dir='ltr'><strong>τῶν</strong></span> <span class='ocrx_word' id='word_1_792' title='bbox 435 5425 690 5479; x_wconf 88' lang='grc' dir='ltr'>τοιούτων</span> <span class='ocrx_word' id='word_1_793' title='bbox 722 5425 906 5481; x_wconf 83' lang='grc' dir='ltr'>κακῶν</span> <span class='ocrx_word' id='word_1_794' title='bbox 963 5425 1088 5480; x_wconf 83' lang='grc' dir='ltr'>ἄλλο</span> <span class='ocrx_word' id='word_1_795' title='bbox 1130 5426 1267 5497; x_wconf 82' lang='grc' dir='ltr'>πλὴν</span> <span class='ocrx_word' id='word_1_796' title='bbox 1295 5428 1346 5480; x_wconf 83' lang='grc' dir='ltr'><strong>εί</strong></span> <span class='ocrx_word' id='word_1_797' title='bbox 1371 5444 1424 5480; x_wconf 86' lang='grc' dir='ltr'><strong>τι</strong></span> <span class='ocrx_word' id='word_1_798' title='bbox 1467 5428 1659 5500; x_wconf 83' lang='grc' dir='ltr'>θρῆνον</span> <span class='ocrx_word' id='word_1_799' title='bbox 1701 5433 1865 5484; x_wconf 88' lang='grc' dir='ltr'>ἐκκα-</span> 
     </span>
    </p>
   </div>
   <div class='ocr_carea' id='block_1_102' title="bbox 290 5514 1866 5593">
    <p class='ocr_par' dir='ltr' id='par_1_102' title="bbox 290 5514 1866 5593">
     <span class='ocr_line' id='line_1_102' title="bbox 290 5514 1866 5593; baseline 0.006 -27"><span class='ocrx_word' id='word_1_800' title='bbox 290 5514 460 5568; x_wconf 84' lang='grc' dir='ltr'>λεῖται</span> <span class='ocrx_word' id='word_1_801' title='bbox 485 5517 576 5570; x_wconf 72' lang='grc' dir='ltr'>καὶ</span> <span class='ocrx_word' id='word_1_802' title='bbox 593 5517 854 5589; x_wconf 81' lang='grc' dir='ltr'>δάκρυον;</span> <span class='ocrx_word' id='word_1_803' title='bbox 881 5519 944 5569; x_wconf 86' lang='grc' dir='ltr'><em>Ὦ</em></span> <span class='ocrx_word' id='word_1_804' title='bbox 970 5517 1086 5580; x_wconf 86' lang='grc' dir='ltr'><strong>πῶς</strong></span> <span class='ocrx_word' id='word_1_805' title='bbox 1107 5516 1171 5570; x_wconf 87' lang='grc' dir='ltr'><strong>ἂν</strong></span> <span class='ocrx_word' id='word_1_806' title='bbox 1204 5519 1654 5590; x_wconf 77' lang='grc' dir='ltr'>ἐπιστενάξαιμεν</span> <span class='ocrx_word' id='word_1_807' title='bbox 1673 5527 1736 5593; x_wconf 83' lang='grc' dir='ltr'><strong>τῇ</strong></span> <span class='ocrx_word' id='word_1_808' title='bbox 1761 5524 1866 5576; x_wconf 76' lang='grc' dir='ltr'>δειο</span> 
     </span>
    </p>
   </div>
   <div class='ocr_carea' id='block_1_103' title="bbox 290 5605 1868 5680">
    <p class='ocr_par' dir='ltr' id='par_1_103' title="bbox 290 5605 1868 5680">
     <span class='ocr_line' id='line_1_103' title="bbox 290 5605 1868 5680; baseline 0.004 -19"><span class='ocrx_word' id='word_1_809' title='bbox 290 5605 416 5679; x_wconf 80' lang='grc' dir='ltr'>λαίᾳ</span> <span class='ocrx_word' id='word_1_810' title='bbox 445 5607 615 5680; x_wconf 78' lang='grc' dir='ltr'>ταύτῃ</span> <span class='ocrx_word' id='word_1_811' title='bbox 648 5609 742 5662; x_wconf 71' lang='grc' dir='ltr'>καὶ</span> <span class='ocrx_word' id='word_1_812' title='bbox 770 5607 976 5678; x_wconf 80' lang='grc' dir='ltr'>ἐλεεινῇ</span> <span class='ocrx_word' id='word_1_813' title='bbox 1010 5610 1192 5678; x_wconf 87' lang='grc' dir='ltr'>γενεᾷ,</span> <span class='ocrx_word' id='word_1_814' title='bbox 1225 5608 1480 5663; x_wconf 84' lang='grc' dir='ltr'>τοιούτων</span> <span class='ocrx_word' id='word_1_815' title='bbox 1511 5612 1694 5666; x_wconf 87' lang='grc' dir='ltr'>κακῶν</span> <span class='ocrx_word' id='word_1_816' title='bbox 1728 5614 1868 5680; x_wconf 78' lang='grc' dir='ltr'>ἐξενο</span> 
     </span>
    </p>
   </div>
   <div class='ocr_carea' id='block_1_104' title="bbox 364 5783 1827 5858">
    <p class='ocr_par' dir='ltr' id='par_1_104' title="bbox 364 5783 1827 5858">
     <span class='ocr_line' id='line_1_104' title="bbox 364 5783 1827 5858; baseline 0.005 -19"><span class='ocrx_word' id='word_1_817' title='bbox 364 5785 382 5816; x_wconf 78' lang='grc' dir='ltr'><strong><em>τ</em></strong></span> <span class='ocrx_word' id='word_1_818' title='bbox 411 5783 570 5840; x_wconf 86' lang='lat' dir='ltr'><strong>Joan.</strong></span> <span class='ocrx_word' id='word_1_819' title='bbox 604 5802 746 5858; x_wconf 80' lang='lat' dir='ltr'><strong>xnn,</strong></span> <span class='ocrx_word' id='word_1_820' title='bbox 774 5787 828 5842; x_wconf 87' lang='lat'><strong>6.</strong></span> <span class='ocrx_word' id='word_1_821' title='bbox 903 5788 924 5821; x_wconf 85' lang='grc'>⁸</span> <span class='ocrx_word' id='word_1_822' title='bbox 954 5786 1110 5843; x_wconf 81' lang='lat' dir='ltr'><strong>Joan.</strong></span> <span class='ocrx_word' id='word_1_823' title='bbox 1145 5805 1184 5852; x_wconf 83' lang='grc' dir='ltr'>ι.</span> <span class='ocrx_word' id='word_1_824' title='bbox 1220 5791 1274 5845; x_wconf 72' lang='grc'>4.</span> <span class='ocrx_word' id='word_1_825' title='bbox 1352 5791 1373 5821; x_wconf 81' lang='grc'><strong><em>³</em></strong></span> <span class='ocrx_word' id='word_1_826' title='bbox 1400 5789 1419 5843; x_wconf 89' lang='lat' dir='ltr'><strong>l</strong></span> <span class='ocrx_word' id='word_1_827' title='bbox 1447 5789 1572 5846; x_wconf 90' lang='lat' dir='ltr'><strong>Cor.</strong></span> <span class='ocrx_word' id='word_1_828' title='bbox 1613 5806 1705 5858; x_wconf 80' lang='lat' dir='ltr'><strong>xv,</strong></span> <span class='ocrx_word' id='word_1_829' title='bbox 1741 5790 1827 5847; x_wconf 74' lang='grc'>19.</span> 
     </span>
    </p>
   </div>
   <div class='ocr_carea' id='block_1_105' title="bbox 1975 4621 3547 4697">
    <p class='ocr_par' dir='ltr' id='par_1_105' title="bbox 1975 4621 3547 4697">
     <span class='ocr_line' id='line_1_105' title="bbox 1975 4621 3547 4697; baseline 0.011 -22"><span class='ocrx_word' id='word_1_830' title='bbox 1975 4621 2031 4676; x_wconf 89' lang='lat' dir='ltr'><strong>Si</strong></span> <span class='ocrx_word' id='word_1_831' title='bbox 2087 4624 2252 4693; x_wconf 81' lang='lat' dir='ltr'><strong>igitur</strong></span> <span class='ocrx_word' id='word_1_832' title='bbox 2307 4627 2413 4680; x_wconf 89' lang='lat' dir='ltr'><strong>vita</strong></span> <span class='ocrx_word' id='word_1_833' title='bbox 2466 4627 2683 4696; x_wconf 89' lang='lat' dir='ltr'><strong>quidem</strong></span> <span class='ocrx_word' id='word_1_834' title='bbox 2737 4641 2822 4684; x_wconf 86' lang='lat' dir='ltr'><strong>est</strong></span> <span class='ocrx_word' id='word_1_835' title='bbox 2866 4633 3150 4697; x_wconf 89' lang='lat' dir='ltr'><strong>Dominus,</strong></span> <span class='ocrx_word' id='word_1_836' title='bbox 3203 4651 3309 4691; x_wconf 92' lang='lat' dir='ltr'><strong>non</strong></span> <span class='ocrx_word' id='word_1_837' title='bbox 3364 4647 3547 4692; x_wconf 83' lang='lat' dir='ltr'><strong>autem</strong></span> 
     </span>
    </p>
   </div>
   <div class='ocr_carea' id='block_1_106' title="bbox 1970 4716 3546 4784">
    <p class='ocr_par' dir='ltr' id='par_1_106' title="bbox 1970 4716 3546 4784">
     <span class='ocr_line' id='line_1_106' title="bbox 1970 4716 3546 4784; baseline 0.011 -18"><span class='ocrx_word' id='word_1_838' title='bbox 1970 4724 2194 4777; x_wconf 66' lang='lat' dir='ltr'><strong>aeterna,</strong></span> <span class='ocrx_word' id='word_1_839' title='bbox 2251 4716 2407 4784; x_wconf 90' lang='lat' dir='ltr'><strong>plane</strong></span> <span class='ocrx_word' id='word_1_840' title='bbox 2451 4727 2536 4772; x_wconf 85' lang='lat' dir='ltr'><strong>est</strong></span> <span class='ocrx_word' id='word_1_841' title='bbox 2596 4731 2979 4777; x_wconf 88' lang='lat' dir='ltr'><strong>momentanea</strong></span> <span class='ocrx_word' id='word_1_842' title='bbox 3013 4726 3120 4777; x_wconf 84' lang='lat' dir='ltr'><strong>vita</strong></span> <span class='ocrx_word' id='word_1_843' title='bbox 3167 4727 3331 4781; x_wconf 89' lang='lat' dir='ltr'><strong>etiam</strong></span> <span class='ocrx_word' id='word_1_844' title='bbox 3381 4731 3546 4784; x_wconf 73' lang='lat' dir='ltr'><strong>unius</strong></span> 
     </span>
    </p>
   </div>
   <div class='ocr_carea' id='block_1_107' title="bbox 1969 4803 3548 4884">
    <p class='ocr_par' dir='ltr' id='par_1_107' title="bbox 1969 4803 3548 4884">
     <span class='ocr_line' id='line_1_107' title="bbox 1969 4803 3548 4884; baseline 0.012 -28"><span class='ocrx_word' id='word_1_845' title='bbox 1969 4803 2100 4869; x_wconf 87' lang='lat' dir='ltr'><strong>diei,</strong></span> <span class='ocrx_word' id='word_1_846' title='bbox 2130 4820 2252 4874; x_wconf 66' lang='lat' dir='ltr'><strong>quae</strong></span> <span class='ocrx_word' id='word_1_847' title='bbox 2279 4808 2580 4862; x_wconf 83' lang='lat' dir='ltr'><strong>secundum</strong></span> <span class='ocrx_word' id='word_1_848' title='bbox 2615 4826 2857 4881; x_wconf 64' lang='lat' dir='ltr'><strong>praesens</strong></span> <span class='ocrx_word' id='word_1_849' title='bbox 2913 4822 3125 4884; x_wconf 90' lang='lat' dir='ltr'><strong>tempus</strong></span> <span class='ocrx_word' id='word_1_850' title='bbox 3174 4832 3400 4873; x_wconf 90' lang='lat' dir='ltr'><strong>munere</strong></span> <span class='ocrx_word' id='word_1_851' title='bbox 3443 4835 3548 4874; x_wconf 76' lang='lat' dir='ltr'><strong>suo</strong></span> 
     </span>
    </p>
   </div>
   <div class='ocr_carea' id='block_1_108' title="bbox 1970 4894 3542 4979">
    <p class='ocr_par' dir='ltr' id='par_1_108' title="bbox 1970 4894 3542 4979">
     <span class='ocr_line' id='line_1_108' title="bbox 1970 4894 3542 4979; baseline 0.011 -32"><span class='ocrx_word' id='word_1_852' title='bbox 1970 4894 2231 4964; x_wconf 80' lang='lat' dir='ltr'><strong>fungitur,</strong></span> <span class='ocrx_word' id='word_1_853' title='bbox 2264 4901 2347 4953; x_wconf 85' lang='lat' dir='ltr'><strong>vel</strong></span> <span class='ocrx_word' id='word_1_854' title='bbox 2397 4911 2685 4970; x_wconf 90' lang='lat' dir='ltr'><strong>sperantes</strong></span> <span class='ocrx_word' id='word_1_855' title='bbox 2713 4907 3008 4972; x_wconf 85' lang='lat' dir='ltr'><strong>Apostolus</strong></span> <span class='ocrx_word' id='word_1_856' title='bbox 3051 4907 3251 4963; x_wconf 84' lang='lat' dir='ltr'><strong>misere</strong></span> <span class='ocrx_word' id='word_1_857' title='bbox 3272 4907 3542 4979; x_wconf 87' lang='lat' dir='ltr'><strong>deplorat,</strong></span> 
     </span>
    </p>
   </div>
   <div class='ocr_carea' id='block_1_109' title="bbox 1971 4989 2786 5055">
    <p class='ocr_par' dir='ltr' id='par_1_109' title="bbox 1971 4989 2786 5055">
     <span class='ocr_line' id='line_1_109' title="bbox 1971 4989 2786 5055; baseline 0.009 -15"><span class='ocrx_word' id='word_1_858' title='bbox 1971 4995 2028 5040; x_wconf 90' lang='lat' dir='ltr'><strong>ut</strong></span> <span class='ocrx_word' id='word_1_859' title='bbox 2059 4989 2150 5055; x_wconf 92' lang='lat' dir='ltr'><strong>qui</strong></span> <span class='ocrx_word' id='word_1_860' title='bbox 2183 5005 2309 5044; x_wconf 83' lang='lat' dir='ltr'><strong>vera</strong></span> <span class='ocrx_word' id='word_1_861' title='bbox 2338 4992 2448 5044; x_wconf 84' lang='lat' dir='ltr'><strong>vita</strong></span> <span class='ocrx_word' id='word_1_862' title='bbox 2466 4993 2786 5048; x_wconf 88' lang='lat' dir='ltr'><strong>exciderint.</strong></span> 
     </span>
    </p>
   </div>
   <div class='ocr_carea' id='block_1_110' title="bbox 2041 5076 3545 5150">
    <p class='ocr_par' dir='ltr' id='par_1_110' title="bbox 2041 5076 3545 5150">
     <span class='ocr_line' id='line_1_110' title="bbox 2041 5076 3545 5150; baseline 0.009 -20"><span class='ocrx_word' id='word_1_863' title='bbox 2041 5076 2428 5136; x_wconf 86' lang='lat' dir='ltr'><strong>Verumtamen</strong></span> <span class='ocrx_word' id='word_1_864' title='bbox 2496 5083 2589 5150; x_wconf 91' lang='lat' dir='ltr'><strong>qui</strong></span> <span class='ocrx_word' id='word_1_865' title='bbox 2643 5087 2947 5140; x_wconf 89' lang='lat' dir='ltr'><strong>secundum</strong></span> <span class='ocrx_word' id='word_1_866' title='bbox 3006 5087 3338 5142; x_wconf 84' lang='lat' dir='ltr'><strong>Eunomium</strong></span> <span class='ocrx_word' id='word_1_867' title='bbox 3418 5091 3545 5144; x_wconf 82' lang='lat' dir='ltr'><strong>illu-</strong></span> 
     </span>
    </p>
   </div>
   <div class='ocr_carea' id='block_1_111' title="bbox 1970 5168 3547 5248">
    <p class='ocr_par' dir='ltr' id='par_1_111' title="bbox 1970 5168 3547 5248">
     <span class='ocr_line' id='line_1_111' title="bbox 1970 5168 3547 5248; baseline 0.01 -29"><span class='ocrx_word' id='word_1_868' title='bbox 1970 5168 2159 5221; x_wconf 89' lang='lat' dir='ltr'><strong>minati</strong></span> <span class='ocrx_word' id='word_1_869' title='bbox 2189 5178 2339 5234; x_wconf 91' lang='lat' dir='ltr'><strong>sunt,</strong></span> <span class='ocrx_word' id='word_1_870' title='bbox 2383 5171 2529 5226; x_wconf 92' lang='lat' dir='ltr'><strong>hunc</strong></span> <span class='ocrx_word' id='word_1_871' title='bbox 2577 5177 2942 5244; x_wconf 81' lang='lat' dir='ltr'><strong>supergressi,</strong></span> <span class='ocrx_word' id='word_1_872' title='bbox 2977 5178 3044 5232; x_wconf 89' lang='lat' dir='ltr'><strong>ad</strong></span> <span class='ocrx_word' id='word_1_873' title='bbox 3103 5177 3196 5231; x_wconf 93' lang='lat' dir='ltr'><strong>illa</strong></span> <span class='ocrx_word' id='word_1_874' title='bbox 3241 5194 3364 5248; x_wconf 71' lang='lat' dir='ltr'><strong>qua:</strong></span> <span class='ocrx_word' id='word_1_875' title='bbox 3418 5190 3547 5235; x_wconf 88' lang='lat' dir='ltr'><strong>sunt</strong></span> 
     </span>
    </p>
   </div>
   <div class='ocr_carea' id='block_1_112' title="bbox 1971 5259 3545 5341">
    <p class='ocr_par' dir='ltr' id='par_1_112' title="bbox 1971 5259 3545 5341">
     <span class='ocr_line' id='line_1_112' title="bbox 1971 5259 3545 5341; baseline 0.007 -27"><span class='ocrx_word' id='word_1_876' title='bbox 1971 5273 2136 5327; x_wconf 87' lang='lat' dir='ltr'><strong>supra</strong></span> <span class='ocrx_word' id='word_1_877' title='bbox 2187 5259 2384 5314; x_wconf 88' lang='lat' dir='ltr'><strong>Filium</strong></span> <span class='ocrx_word' id='word_1_878' title='bbox 2425 5265 2622 5319; x_wconf 90' lang='lat' dir='ltr'><strong>mentis</strong></span> <span class='ocrx_word' id='word_1_879' title='bbox 2678 5266 2799 5320; x_wconf 89' lang='lat' dir='ltr'><strong>acie</strong></span> <span class='ocrx_word' id='word_1_880' title='bbox 2839 5266 3160 5334; x_wconf 74' lang='lat' dir='ltr'><strong>efferuntur,</strong></span> <span class='ocrx_word' id='word_1_881' title='bbox 3180 5269 3236 5322; x_wconf 90' lang='lat' dir='ltr'><strong>in</strong></span> <span class='ocrx_word' id='word_1_882' title='bbox 3286 5285 3352 5324; x_wconf 89' lang='lat' dir='ltr'><strong>eo</strong></span> <span class='ocrx_word' id='word_1_883' title='bbox 3398 5273 3545 5341; x_wconf 89' lang='lat' dir='ltr'><strong>quod</strong></span> 
     </span>
    </p>
   </div>
   <div class='ocr_carea' id='block_1_113' title="bbox 1971 5347 3545 5431">
    <p class='ocr_par' dir='ltr' id='par_1_113' title="bbox 1971 5347 3545 5431">
     <span class='ocr_line' id='line_1_113' title="bbox 1971 5347 3545 5431; baseline 0.011 -30"><span class='ocrx_word' id='word_1_884' title='bbox 1971 5359 2126 5402; x_wconf 81' lang='lat' dir='ltr'><strong>extra</strong></span> <span class='ocrx_word' id='word_1_885' title='bbox 2155 5347 2510 5420; x_wconf 76' lang='lat' dir='ltr'><strong>Unigenitum</strong></span> <span class='ocrx_word' id='word_1_886' title='bbox 2568 5362 2870 5424; x_wconf 86' lang='lat' dir='ltr'><strong>spectatur,</strong></span> <span class='ocrx_word' id='word_1_887' title='bbox 2921 5367 3184 5413; x_wconf 87' lang='lat' dir='ltr'><strong>aeternam</strong></span> <span class='ocrx_word' id='word_1_888' title='bbox 3233 5371 3545 5431; x_wconf 74' lang='lat' dir='ltr'><strong>quazrentcs</strong></span> 
     </span>
    </p>
   </div>
   <div class='ocr_carea' id='block_1_114' title="bbox 1971 5441 3542 5508">
    <p class='ocr_par' dir='ltr' id='par_1_114' title="bbox 1971 5441 3542 5508">
     <span class='ocr_line' id='line_1_114' title="bbox 1971 5441 3542 5508; baseline 0.01 -15"><span class='ocrx_word' id='word_1_889' title='bbox 1971 5443 2155 5495; x_wconf 86' lang='lat' dir='ltr'><strong>vitam.</strong></span> <span class='ocrx_word' id='word_1_890' title='bbox 2193 5441 2333 5508; x_wconf 86' lang='lat' dir='ltr'><strong>Quid</strong></span> <span class='ocrx_word' id='word_1_891' title='bbox 2371 5443 2426 5498; x_wconf 92' lang='lat' dir='ltr'><strong>in</strong></span> <span class='ocrx_word' id='word_1_892' title='bbox 2458 5446 2657 5500; x_wconf 87' lang='lat' dir='ltr'><strong>talibus</strong></span> <span class='ocrx_word' id='word_1_893' title='bbox 2715 5448 2876 5503; x_wconf 90' lang='lat' dir='ltr'><strong>malis</strong></span> <span class='ocrx_word' id='word_1_894' title='bbox 2929 5451 3074 5505; x_wconf 89' lang='lat' dir='ltr'><strong>aliud</strong></span> <span class='ocrx_word' id='word_1_895' title='bbox 3111 5459 3196 5506; x_wconf 89' lang='lat' dir='ltr'><strong>est</strong></span> <span class='ocrx_word' id='word_1_896' title='bbox 3250 5455 3542 5508; x_wconf 82' lang='lat' dir='ltr'><strong>dicendum</strong></span> 
     </span>
    </p>
   </div>
   <div class='ocr_carea' id='block_1_115' title="bbox 1973 5531 3545 5610">
    <p class='ocr_par' dir='ltr' id='par_1_115' title="bbox 1973 5531 3545 5610">
     <span class='ocr_line' id='line_1_115' title="bbox 1973 5531 3545 5610; baseline 0.008 -29"><span class='ocrx_word' id='word_1_897' title='bbox 1973 5545 2136 5597; x_wconf 83' lang='lat' dir='ltr'><strong>quam</strong></span> <span class='ocrx_word' id='word_1_898' title='bbox 2180 5531 2225 5586; x_wconf 93' lang='lat' dir='ltr'><strong>si</strong></span> <span class='ocrx_word' id='word_1_899' title='bbox 2276 5531 2409 5603; x_wconf 86' lang='lat' dir='ltr'><strong>quid</strong></span> <span class='ocrx_word' id='word_1_900' title='bbox 2437 5533 2504 5587; x_wconf 91' lang='lat' dir='ltr'><strong>ad</strong></span> <span class='ocrx_word' id='word_1_901' title='bbox 2563 5534 2862 5589; x_wconf 87' lang='lat' dir='ltr'><strong>lamentum</strong></span> <span class='ocrx_word' id='word_1_902' title='bbox 2895 5546 2949 5592; x_wconf 91' lang='lat' dir='ltr'><strong>et</strong></span> <span class='ocrx_word' id='word_1_903' title='bbox 2995 5538 3268 5610; x_wconf 82' lang='lat' dir='ltr'><strong>lacrymas</strong></span> <span class='ocrx_word' id='word_1_904' title='bbox 3311 5542 3545 5594; x_wconf 81' lang='lat' dir='ltr'><strong>excitat?</strong></span> 
     </span>
    </p>
   </div>
   <div class='ocr_carea' id='block_1_116' title="bbox 1975 5619 3550 5695">
    <p class='ocr_par' dir='ltr' id='par_1_116' title="bbox 1975 5619 3550 5695">
     <span class='ocr_line' id='line_1_116' title="bbox 1975 5619 3550 5695; baseline 0.009 -21"><span class='ocrx_word' id='word_1_905' title='bbox 1975 5619 2018 5674; x_wconf 95' lang='grc' dir='ltr'>Ο</span> <span class='ocrx_word' id='word_1_906' title='bbox 2051 5623 2328 5691; x_wconf 85' lang='lat' dir='ltr'><strong>quomodo</strong></span> <span class='ocrx_word' id='word_1_907' title='bbox 2365 5624 2817 5695; x_wconf 76' lang='lat' dir='ltr'><strong>ingemuerimus,</strong></span> <span class='ocrx_word' id='word_1_908' title='bbox 2848 5628 2901 5682; x_wconf 93' lang='lat' dir='ltr'><strong>in</strong></span> <span class='ocrx_word' id='word_1_909' title='bbox 2933 5629 3034 5687; x_wconf 91' lang='lat' dir='ltr'><strong>hac</strong></span> <span class='ocrx_word' id='word_1_910' title='bbox 3061 5627 3263 5685; x_wconf 84' lang='lat' dir='ltr'><strong>infelici</strong></span> <span class='ocrx_word' id='word_1_911' title='bbox 3290 5637 3345 5687; x_wconf 87' lang='lat' dir='ltr'><strong>et</strong></span> <span class='ocrx_word' id='word_1_912' title='bbox 3370 5629 3550 5687; x_wconf 85' lang='lat' dir='ltr'><strong>mise-</strong></span> 
     </span>
    </p>
   </div>
  </div>
