4142 6374
505 399 614 458 855

1739 388 1800 442 S.
1839 380 2168 442 GREGORII
2202 377 2494 436 NYSSENI

3657 367 3761 424 856

507 516 665 570 rabili
696 513 1070 585 generatione,
1110 525 1233 582 qia:
1278 510 1400 566 .alia
1441 505 1650 563 invexit
1677 503 1849 560 mala!
1885 501 2077 568 Quon-
2108 541 2115 559 ι

2217 496 2424 568 γκούσῃ
2478 491 2696 564 φοράνί
2736 485 3035 559 Ἐθρήνησέ
3079 501 3210 540 ποτε
3263 485 3354 539 τὸν
3426 484 3763 556 Ἰσραηλίτην

508 610 632 663 dam
655 606 922 662 Jeremias
947 606 1065 660 zelo
1103 618 1392 668 accensus,
1434 599 1794 655 lsraeliticum
1821 593 2081 665 p0pulum

510 698 816 768 deploravit
858 697 1198 758 lamentans,
1253 708 1377 748 cum
1427 689 1704 746 Jechonize
1759 684 2085 740 idololatriae

511 789 639 845 duci
672 788 973 851 consensit,
1021 793 1076 841 et
1121 800 1223 856 pro
1261 784 1462 838 violata
1521 779 1790 834 scelerate
1823 775 2086 845 religione

515 882 570 936 in
606 881 977 952 captivitatem
1017 877 1084 931 ad
1117 875 1374 947 Assyrios
1403 869 1753 927 condemnati
1807 873 1956 929 sunt,
1989 880 2086 919 ex-

515 982 694 1027 torres
724 987 754 1025 e
803 969 1140 1032 sanctuario,
1179 975 1236 1022 et
1286 973 1506 1034 patrum
1538 961 1857 1016 haereditate
1896 953 2085 1026 procul

517 1065 734 1134 deiecti.
777 1062 899 1117 Haec
916 1063 1155 1116 lamenta
1191 1059 1324 1113 mihi
1357 1071 1504 1110 nunc
1533 1055 1793 1108 videntur
1833 1050 2087 1120 proprius

518 1171 571 1213 et
600 1157 1012 1213 convenientius
1039 1161 1282 1214 cantare,
1309 1149 1529 1220 quando
1558 1145 1832 1202 Jeehoniae
1853 1143 2090 1196 imitator

521 1253 586 1306 ad
623 1252 763 1304 hanc
796 1263 988 1304 novam
1035 1244 1359 1300 idololatriae
1394 1241 1633 1311 speciem
1663 1236 1924 1292 delinitos
1960 1234 2089 1286 abs-

521 1343 722 1403 trahit,
777 1356 806 1392 a
855 1347 1079 1408 paterna
1127 1335 1463 1396 htereditate,
1508 1331 1562 1384 id
1612 1337 1699 1384 est
1741 1327 1866 1386 fide,
1912 1331 2093 1378 exter-

521 1434 760 1486 minans.
796 1429 1003 1495 Qnibus
1033 1426 1325 1482 admodum
1363 1420 1668 1477 secundum
1705 1416 1988 1471 historiam
2025 1410 2092 1465 ad

522 1523 845 1593 Babylonios
865 1521 921 1573 fit
941 1516 1375 1586 transmigratio.
1433 1529 1462 1566 a
1504 1524 1742 1581 superna
1771 1505 2092 1566 Jerusalem,

528 1616 630 1668 hoc
659 1621 763 1674 est,
797 1627 826 1664 a
867 1610 959 1662 Dei
1015 1608 1263 1662 Ecclesia
1294 1606 1360 1660 ad
1392 1605 1533 1658 hanc
1567 1600 1947 1656 confusionem
1979 1611 2098 1652 sce-

527 1701 824 1755 leratorum
858 1698 1184 1767 placitorum
1234 1691 1778 1762 transmigrantibus.
1829 1687 2096 1742 Co'nfusio

528 1793 673 1844 enim
717 1790 955 1860 Babylon
1011 1787 1464 1855 interpretatione
1516 1785 1859 1853 explicatur:
1909 1791 1965 1837 ct
2009 1797 2098 1837 se-

2187 588 2314 641 λαὸν
2339 587 2368 640 ὁ
2408 583 2654 656 ζηλωτὴς
2709 579 3012 652 Ἰερεμίας,
3047 578 3136 632 ὅτε
3167 576 3245 648 τῷ
3289 577 3513 647 Ἰεχονίᾳ
3562 577 3660 646 τῆς
3687 577 3766 627 si-

2189 677 2552 748 δωλολατρίας
2603 671 2998 743 καθηγουμένῳ
3045 669 3181 741 πρὸς
3203 668 3268 722 τὸ
3307 668 3474 722 κακὸν
3508 666 3764 735 συνεφρό-

2190 788 2360 842 νησαν
2379 787 2395 802 ο
2429 770 2523 823 καὶ
2569 766 2689 820 ἀντὶ
2715 767 2814 836 τῆς
2839 765 2920 826 εἰς
2945 763 3045 834 τὴν
3077 761 3368 833 θρησκείαν
3399 759 3762 831 παρανομίας,

2189 861 2288 932 τὴν
2355 862 2434 922 είς
2492 855 2805 927 Ἀσσυρίους
2851 852 3225 924 αἰχμαλωσίαν
3280 848 3765 918 κατεδικάσθησαν,

2193 950 2581 1017 ἐξοικισθέντες
2629 946 2722 1001 τοῦ
2756 946 3127 1016 ἁγιάσματος,
3158 945 3254 998 καὶ
3298 942 3487 1012 πόρρω
3533 941 3633 1003 τῆς
3658 940 3767 991 τῶν

2192 1043 2445 1114 πατέρων
2485 1037 2844 1110 κληρονομίας
2887 1037 3188 1107 γενόμενοι.
3240 1033 3476 1095 Τούτους
3509 1049 3597 1101 μοι
3625 1031 3770 1084 δοκεῖ

2193 1136 2287 1189 νῦν
2312 1137 2438 1197 τοὺς
2465 1133 2695 1202 θρήνους
2721 1129 3046 1198 οἰκειότερον
3076 1125 3317 1197 ᾄδεσθαι,
3345 1125 3432 1177 ὅτε
3478 1127 3506 1178 ὀ
3528 1122 3770 1194 μιμητὴς

2193 1228 2288 1283 τοῦ
2331 1225 2578 1296 Ἰεχονίου
2625 1223 2763 1294 πρὸς
2799 1221 2860 1274 τὸ
2911 1219 3096 1272 καινὸν
3145 1217 3302 1271 τοῦτο
3341 1216 3440 1285 τῆς
3492 1214 3772 1268 εἰδωλολα-

2194 1319 2348 1390 τρίας
2380 1312 2518 1378 εἶδος
2600 1314 2726 1377 τοὺς
2759 1309 3134 1380 ἀπαγομένους
3181 1307 3488 1376 ἐφέλκεται,
3541 1304 3639 1372 τῆς
3669 1319 3772 1356 πα-

2195 1409 2389 1480 τρικῆς
2430 1405 2711 1470 ὲξοικίζων
2763 1399 3157 1472 κληρονομίας,
3195 1397 3292 1468 τῆς
3336 1395 3570 1456 πίστεως
3603 1393 3763 1460 λέγω.

2200 1493 2294 1561 Οἷς
2327 1495 2564 1566 ἀτεχνῶς
2612 1493 2752 1547 κατὰ
2795 1491 2894 1561 τὴν
2927 1487 3166 1559 ἱστορίαν
3209 1487 3290 1548 εἰς
3319 1483 3689 1545 Βαϐυλωνίους
3738 1483 3772 1554 ή

2204 1587 2599 1660 μετανάστασις
2629 1584 2872 1652 γίνεται,
2925 1578 3032 1634 ἀπὸ
3071 1577 3170 1646 τῆς
3218 1576 3328 1630 ἄνω
3390 1574 3770 1646 Ἰερουσαλὴμ,

2199 1679 2504 1742 τουτέστιν,
2539 1676 2645 1729 ἀπὸ
2698 1675 2800 1744 τῆς
2846 1672 2938 1726 τοῦ
2993 1670 3128 1725 Θεοῦ
3187 1668 3511 1738 Ἐκκλησίας
3543 1667 3636 1719 ἐπὶ
3677 1667 3773 1736 τὴν

2205 1770 2460 1841 σύγχυσιν
2486 1766 2688 1836 ταύτην
2715 1763 2821 1816 τῶν
2857 1761 3107 1833 πονηρῶν
3135 1759 3420 1830 δογμάτων
3449 1757 3774 1828 μεθισταμέ-

530 1882 770 1936 cundum
804 1881 1113 1934 mutilatum
1153 1876 1497 1944 Jcchoniam,
1549 1884 1602 1929 et
1647 1876 1733 1929 hic
1771 1882 1964 1943 sponte
2001 1886 2101 1927 sua

2217 1876 2334 1920 mg.
2360 1855 2625 1926 Σύγχυσις
2649 1853 2758 1924 γὰρ
2780 1854 2814 1924 ἡ
2837 1850 3091 1906 Βαϐυλὼν
3114 1848 3487 1920 ἑρμηνεύεται·
3520 1849 3613 1901 καὶ
3639 1846 3777 1900 κατὰ

531 1973 674 2027 lucis
708 1972 940 2026 veritate
966 1970 1233 2039 privatus.
1266 1969 1443 2022 factus
1471 1975 1555 2022 est
1574 1966 1754 2036 przeda
1785 1972 1839 2019 et
1864 1964 2099 2034 spolium

531 2063 814 2134 Babylonii
855 2062 1102 2132 tyranni:
1156 2061 1283 2130 quia
1327 2075 1434 2113 non
1484 2058 1675 2112 didicit
1727 2057 1914 2116 miser,
1957 2052 2102 2123 quod

531 2157 698 2210 vitam
728 2164 987 2209 aalernam
1021 2168 1087 2207 ex
1115 2167 1272 2222 teque
1292 2152 1344 2204 in
1374 2149 1534 2204 Patre
1558 2161 1612 2204 et
1644 2149 1781 2202 Filio
1804 2156 1858 2203 et
1893 2146 2100 2216 Spiritu

535 2257 724 2302 sancto
767 2247 1034 2316 inspicere
1058 2244 1216 2298 docet
1257 2243 1636 2312 Evangelium;
1673 2240 1740 2295 de
1781 2239 1944 2292 Patre
1973 2236 2102 2306 qui-

531 2338 660 2392 dem
683 2339 765 2393 sic
793 2338 1011 2391 dicente
1047 2350 1324 2398 sermone.
1360 2333 1508 2404 quod
1557 2333 1736 2402 ipsum
1769 2342 2109 2399 cognoscere

537 2439 741 2486 :eterna
779 2436 863 2483 est
888 2429 998 2481 vita
1027 2428 1105 2493 ¹⁰;
1143 2427 1212 2480 de
1239 2425 1382 2479 Filio
1411 2433 1616 2487 autem,
1644 2421 1786 2493 quod
1817 2421 1995 2474 omnis
2015 2419 2108 2486 qui

536 2523 713 2578 credit
747 2522 800 2574 in
831 2522 1010 2590 ipsum
1039 2519 1204 2572 habet
1245 2518 1413 2571 vitam
1446 2523 1706 2570 aeternam
1753 2514 1834 2579 “;
1883 2512 1950 2565 de
1984 2511 2110 2580 Spi-

539 2616 647 2669 ritu
671 2621 883 2676 sancto,
933 2611 1082 2682 quod
1112 2612 1164 2666 ei
1203 2610 1296 2680 qui
1327 2609 1558 2679 gratiam
1589 2606 1823 2675 accepit,
1850 2605 1956 2658 erit
1990 2603 2111 2656 fons

541 2725 697 2776 aquae
742 2707 988 2762 salientis
1027 2705 1082 2758 in
1115 2704 1279 2758 vitam
1336 2708 1594 2756 aeternam
1649 2700 1712 2750 η.
1745 2698 1886 2766 Ergo
1934 2695 2114 2750 omnis

541 2800 633 2868 qui
686 2797 959 2852 desiderat
1011 2795 1179 2847 vitam
1250 2801 1533 2856 aeternam,
1579 2799 1869 2860 postquam
1919 2796 2116 2842 nactus

542 2889 647 2942 erit
671 2885 890 2949 Filium,
912 2899 1099 2938 verum
1125 2883 1249 2937 dico
1279 2891 1458 2936 etnon
1487 2880 1916 2941 falsinominem,
1943 2887 2114 2931 totum

545 2980 750 3034 invenit
800 2980 855 3031 in
901 2978 1020 3047 ipso
1067 2975 1214 3046 quod
1273 2973 1492 3044 quidem
1553 2971 1933 3036 desideravit;
1991 2971 2116 3038 quia

544 3080 598 3126 et
632 3071 748 3139 ipse
779 3078 864 3123 est
902 3069 1035 3130 vita,
1064 3077 1120 3122 et
1164 3067 1217 3120 in
1253 3067 1438 3135 seipso
1476 3065 1643 3117 vitam
1677 3063 1858 3117 habet.
1892 3060 1996 3115 Sed
2032 3061 2120 3114 hic

548 3162 735 3218 subtili
757 3167 936 3215 mente
960 3160 1220 3230 praeditus
1241 3165 1293 3211 et
1322 3157 1486 3211 corde
1526 3154 1826 3224 perspicaci
1863 3152 2116 3221 insignis.
2147 3178 2192 3239 ο

548 3270 660 3325 pra:
691 3255 861 3306 multa
894 3251 1114 3306 videndi
1151 3250 1267 3304 acie
1308 3250 1361 3301 in
1402 3247 1545 3302 Filio
1577 3262 1686 3300 non
1724 3245 1926 3315 reperit
1953 3245 2118 3298 vitam

547 3353 830 3406 aeternam,
864 3343 955 3398 sed
1005 3356 1429 3412 supergressus,
1483 3348 1536 3394 et
1595 3340 1741 3393 hunc
1804 3340 2120 3408 relinquens

548 3436 698 3489 velut
744 3432 1019 3502 quoddam
1051 3430 1524 3500 impedimentum,
1572 3430 1640 3483 ad
1697 3429 1750 3484 id
1791 3431 1934 3499 quod
1975 3446 2123 3499 qua:-

551 3526 711 3588 ritur,
766 3525 877 3578 illic
930 3529 1310 3592 perscrutatnr
1347 3523 1509 3574 vitam
1554 3529 1836 3583 aeternam,
1877 3522 1966 3574 ubi
2013 3536 2122 3574 non

549 3633 672 3672 esse
735 3624 889 3685 putat
945 3629 1132 3670 veram
1195 3615 1386 3669 vitam.
1427 3612 1698 3679 Quidnam
1752 3613 1946 3667 horum
2001 3617 2126 3682 quis

552 3706 892 3778 cogitaverit,
937 3705 1023 3759 vel
1074 3705 1145 3758 ad
1199 3704 1589 3773 blasphemiam
1646 3704 1986 3765 horribilius,
2041 3703 2125 3756 vel

556 3801 620 3854 ad
641 3796 1089 3853 lamentationum
1111 3797 1456 3850 occasionem
1477 3796 1718 3850 tristius?
1737 3795 2125 3849 Verumtamen

557 3893 603 3946 si
635 3891 759 3961 quis
793 3890 992 3944 dixerit
1029 3889 1226 3958 dogma
1257 3885 1484 3941 Sabellii
1527 3895 1582 3942 et
1633 3887 1871 3940 Montani
1921 3887 2127 3940 nostris

559 3980 1111 4050 deeretisinvulgari,
1155 3977 1382 4047 perinde
1427 3984 1512 4032 est
1572 3993 1636 4033 ac
1687 3979 1736 4031 si
1789 3977 1913 4046 quis
1963 3978 2126 4030 etiam

563 4073 812 4128 Eunomii
843 4071 1234 4142 blasphemiam
1263 4072 1422 4126 nobis
1451 4069 1743 4124 aﬂ'ricaret.
1769 4068 1901 4123 Nam
1928 4071 1972 4124 si
2006 4069 2129 4137 quis

563 4170 818 4219 accurate
889 4162 1232 4231 perspexerit
1298 4161 1439 4214 hanc
1492 4160 1772 4214 haereseon
1837 4160 2129 4225 fallaciam,

565 4270 816 4326 magnam
844 4267 968 4307 cum
1018 4251 1274 4306 Eunomii
1313 4266 1506 4306 errore
1555 4250 1981 4306 familiaritatem
2033 4251 2133 4304 ha-

565 4349 693 4402 bere
721 4346 983 4399 inveniet:
1006 4352 1236 4413 uterque
1259 4343 1404 4397 enim
1442 4342 1686 4412 judaizat
1711 4344 1828 4412 ipso
1860 4343 2132 4412 dogmate,

567 4454 746 4509 neque
769 4438 1106 4506 unigenitum
1134 4433 1328 4497 Deum,
1363 4448 1539 4504 neque
1570 4433 1834 4503 Spiritum
1885 4444 2132 4488 sanctum

565 4487 912 4583 ad1deitatics
964 4523 1406 4580 communionem
1450 4487 1639 4592 inagni
1689 4522 1832 4592 apud
1891 4523 2040 4592 ipsos
2081 4529 2134 4574 et
2165 4515 2212 4572 D
2239 4487 2346 4592 Υίᾶρ

567 4616 729 4686 primi
761 4615 892 4667 dicti
939 4613 1036 4667 Dei
1092 4611 1412 4666 admittens.
1449 4608 1628 4674 Quem
1665 4611 1809 4665 enim
1863 4609 2137 4664 Sabellius

567 4706 704 4761 dicit
746 4703 1120 4767 trinominem,
1160 4701 1306 4755 hunc
1347 4699 1650 4754 Eunomius
1693 4699 1940 4752 nominat
1989 4700 2142 4768 inge-

567 4797 768 4849 nilum.
808 4793 1012 4847 Horum
1062 4799 1246 4846 autem
1296 4797 1492 4845 neuter
1527 4790 1580 4842 in
1624 4787 1896 4843 Trini-tate
1943 4802 2138 4858 perso—

571 4901 764 4939 narum
797 4883 1196 4952 contemplatur
1253 4881 1530 4935 deitatem.
1565 4878 1698 4944 Quis
1750 4879 1914 4949 igitur
1957 4878 2142 4933 adhae-

570 4987 687 5033 reat
722 4975 978 5036 Sabellio,
1022 4987 1210 5026 eorum
1237 4972 1332 5041 qui
1379 4971 1525 5025 hunc
1549 4985 1854 5025 sermonem
1887 4970 2138 5039 legerint,

570 5066 834 5139 judicium
869 5063 1110 5120 deﬁniat.
1146 5063 1251 5119 Sed
1291 5063 1405 5118 haec
1434 5062 1655 5132 quidem
1707 5062 1997 5116 hactenus.

643 5301 908 5371 Quoniam
935 5313 1062 5354 vero
1085 5298 1332 5369 prolixus
1350 5303 1435 5350 est
1463 5294 1908 5366 insequentibus,
1935 5297 2146 5349 abomi-

572 5396 836 5452 nabilium
864 5400 1307 5460 argumentorum
1333 5398 1529 5442 tetrum
1552 5401 1900 5440 commovens
1922 5387 2142 5441 odorem

571 5489 777 5560 quibus
853 5483 1189 5553 unigenitum
1243 5481 1412 5536 Deum
1471 5495 1582 5533 non
1633 5479 1928 5548 aliquando
1976 5478 2149 5534 fuisse

569 5581 845 5637 adstruit:
874 5575 1130 5646 praeclare
1160 5573 1361 5628 habere
1387 5572 1529 5637 dico,
1562 5586 1686 5626 cum
1712 5572 1824 5640 jam
1846 5585 1910 5625 ex
1937 5572 2001 5627 iis
2025 5587 2146 5641 quae

645 5756 696 5788 ³⁸
721 5754 882 5810 Joan.
919 5769 1048 5818 xvii,
1080 5753 1134 5807 5.

1213 5750 1434 5806 “Joan.
1470 5765 1522 5812 v,
1578 5749 1668 5805 40.
1747 5747 1975 5804 "Ioan.
2007 5751 2179 5818 tv,l4.

2211 1948 2302 2002 τὸν
2340 1945 2662 2018 πηρωθέντα
2700 1943 2974 2012 Ἰεχονίαν,
3005 1942 3098 1994 καί¹
3123 1935 3277 2002 οὗτος
3301 1938 3492 1992 ἑαυτὸν
3517 1937 3775 2001 ἑκουσίως

2203 2038 2298 2092 τοῦ
2345 2038 2520 2109 φωτὸς
2546 2036 2645 2106 τῆς
2687 2033 2942 2104 ἀληθείας
2984 2033 3280 2103 στερήσας,
3309 2030 3546 2101 λάφυρον
3591 2031 3778 2096 γέγονε

2204 2129 2295 2182 τοῦ
2317 2126 2654 2181 Βαϐυλωνίου
2681 2125 2967 2194 τυράννου,
2996 2121 3069 2193 μὴ
3107 2120 3438 2191 καταμαθὼν
3469 2121 3496 2172 ο
3533 2119 3776 2185 δείλαιος,

2206 2223 2287 2274 ὅτι
2320 2220 2420 2290 τὴν
2466 2217 2682 2272 αίώνιον
2709 2216 2852 2286 ζωὴν
2898 2217 3092 2285 ἐπίσης
3124 2213 3298 2284 Πατρί
3328 2231 3386 2264 τε
3415 2213 3508 2266 καὶ¹
3541 2211 3656 2282 Υἱῷ
3688 2213 3782 2264 καὶ

2209 2310 2484 2380 Πνεύματι
2530 2307 2668 2378 ἁγίῳ
2717 2307 2779 2359 τὺ
2821 2304 3150 2374 Εύαγγέλιον
3199 2302 3392 2372 ὲνορᾷν
3446 2301 3780 2370 δογματίζει.

2209 2403 2341 2474 Περὶ
2379 2401 2476 2470 μὲν
2504 2399 2598 2452 τοῦ
2624 2397 2856 2468 Πατρδς,
2893 2395 3067 2458 οῦτως
3097 2395 3341 2456 εἰπόντος
3367 2392 3460 2445 τοῦ
3495 2393 3669 2460 Λόγου
3702 2393 3783 2446 ὅτι

2211 2495 2285 2546 Τὸ
2310 2491 2596 2561 γινώσκειν
2631 2488 2791 2542 αὑτὸν
2818 2489 2851 2558 ή
2879 2485 3091 2549 αίώνιός
3114 2489 3228 2540 ἐστι
3261 2483 3374 2553 ζωή
3394 2499 3409 2513 ο
3450 2485 3577 2553 περὶ⁵
3609 2483 3665 2535 δέ
3691 2481 3782 2534 τοῦ

2213 2583 2341 2637 Υίοῦ
2357 2626 2371 2648 ,
2407 2584 2489 2636 ὅτι
2533 2582 2646 2644 Πᾶς
2671 2581 2698 2632 ὁ
2722 2577 2991 2632 πιστεύων
3016 2579 3094 2639 είς
3117 2574 3279 2627 αὐτὸν
3309 2574 3408 2643 τὴν
3431 2572 3643 2626 αἰώνιον
3677 2572 3787 2642 ἔχει

2215 2675 2375 2744 ζωήν·
2410 2673 2536 2742 περὶ
2561 2671 2617 2725 δὲ
2638 2670 2731 2724 τοῦ
2755 2669 3069 2740 Πνεύματος
3092 2668 3184 2720 τοῦ
3213 2667 3390 2737 ἁγίου,
3421 2663 3604 2734 sum
3631 2664 3785 2730 δεξα-

2219 2766 2365 2836 μένῳ
2395 2763 2492 2832 τὴν
2521 2763 2679 2831 χάριν
2732 2759 2884 2812 ἕσται
2930 2757 3079 2828 πηγὴ
3131 2757 3318 2819 ὓδατος
3369 2755 3661 2825 ἁλλομένου
3710 2755 3789 2817 εἰς

2217 2855 2359 2926 ζωὴν
2410 2854 2660 2908 αἰώνιον.
2712 2849 2919 2904 Οὐκοῦν
2985 2851 3091 2912 πᾶς
3143 2851 3172 2901 ὁ
3226 2847 3403 2902 ποθῶν
3431 2847 3528 2918 τὴν
3576 2846 3790 2900 αἰώνιον

2220 2945 2384 3012 ζωὴν,
2419 2944 2635 2996 ἐπειδὰν
2659 2941 2795 3014 εὕρῃ
2823 2942 2910 2996 τὸν
2931 2941 3080 3002 Υἰὸν,
3106 2941 3195 2993 τὸν
3227 2939 3396 3010 άληθῆ
3431 2939 3576 3006 λέγω
3609 2938 3703 2990 καὶ
3727 2938 3788 2989 οὐ

2220 3035 2596 3104 ψευδώνυμον,
2641 3033 2760 3085 ὅλον
2807 3023 2964 3102 εὗρεν
2994 3032 3050 3083 ἐν
3076 3029 3253 3098 ἑαυτῷ
3290 3030 3423 3100 ὅπερ
3464 3027 3790 3097 ἐπεπόθησε.

2225 3126 2367 3179 Διότι
2393 3126 2485 3177 καὶ
2518 3124 2679 3187 αὑτός
2702 3123 2846 3174 ἐστιν
2877 3123 2910 3192 ή
2944 3121 3077 3191 ζωὴ,
3112 3121 3207 3173 καὶ
3231 3123 3288 3173 ἐν
3319 3119 3495 3189 ἑαυτῷ
3521 3121 3618 3191 τὴν
3649 3119 3793 3190 ζωὴν

2222 3217 2353 3286 ἔχει.
2402 3215 2536 3268 Ἀλλ’
2583 3215 2611 3268 ό
2657 3213 2849 3275 λεπτὸς
2879 3207 3033 3275 οὗτος
3075 3212 3165 3266 τὸν
3199 3212 3342 3276 νοῦν,
3373 3213 3465 3265 καὶ
3490 3211 3794 3282 διορατικὺς

2220 3308 2317 3378 τὴν
2342 3306 2589 3377 καρδίαν,
2632 3304 2736 3358 ὑπὸ
2773 3303 2973 3372 πολλῆς
3002 3303 3274 3368 όξυωπίας
3297 3303 3376 3374 τῷ
3399 3302 3513 3371 Υίῷ
3540 3304 3638 3374 τὴν
3666 3306 3796 3358 αίω-

2223 3399 2341 3452 νίαν
2371 3398 2469 3449 ούκ
2510 3395 2812 3466 ὲνευρίσκει
2839 3393 2982 3465 ζωήν
3007 3409 3020 3422 ·
3071 3393 3185 3448 ἀλλ’
3213 3394 3455 3465 ὑπερϐάς
3482 3393 3666 3448 τοῦτον
3700 3394 3796 3446 καὶ

2224 3486 2570 3550 καταλιπὼν,
2603 3482 2714 3538 οἷον
2757 3485 3010 3554 ἐμπόδιόν
3060 3503 3112 3539 τι
3151 3486 3286 3556 πρὸς
3318 3485 3379 3538 τὸ
3432 3485 3794 3556 ζητούμενον,

2223 3582 2341 3632 ἐκεῖ
2386 3579 2726 3648 διερευνᾶται
2761 3577 2859 3645 τὴν
2912 3576 3128 3630 αἰώνιον
3166 3576 3342 3647 ζωὴν,
3373 3579 3504 3631 ὅπου
3546 3576 3620 3648 μὴ
3656 3572 3796 3630 εἶναι

2225 3668 2393 3721 οἴεται
2435 3668 2536 3737 τὴν
2579 3667 2746 3730 ὅντως
2775 3667 2938 3737 ζωήν.
2969 3667 3033 3720 Τί
3067 3669 3134 3722 ἄν
3155 3685 3238 3730 τις
3266 3669 3567 3738 ἐπινοήσειε
3595 3667 3797 3720 τούτων

2226 3761 2260 3829 ἢ
2295 3761 2374 3822 εἰς
2421 3758 2768 3828 βλασφημίαν
2805 3759 3176 3830 φρικτότερον,
3214 3760 3248 3830 ἢ
3278 3761 3358 3822 είς
3391 3757 3602 3830 θρήνων
3633 3759 3800 3830 ἀφορ-

2232 3849 2337 3919 μὴν
2402 3847 2876 3919 σκυθρωπότερον;
2939 3848 3098 3902 Ἀλλά
3147 3849 3253 3920 μὴν
3285 3849 3347 3901 τὸ
3398 3848 3683 3902 Σαϐέλλιόν
3736 3865 3798 3902 τε

2229 3939 2327 3993 καὶ
2381 3938 2684 4002 Μοντανδν,
2728 3940 2841 4000 τοῖς
2885 3938 3173 4009 ἡμετέροις
3233 3938 3492 4009 δόγμασιν
3542 3938 3797 4010 ἐπιθρυλ-

2229 4028 2471 4090 λεῐσθαι,
2512 4027 2752 4080 τοιοῦτόν
2803 4028 2980 4094 ἐστιν,
3025 4025 3136 4080 οἷον
3178 4030 3231 4081 εἴ
3265 4045 3351 4092 τις
3401 4028 3494 4082 καὶ
3536 4029 3635 4100 τὴν
3679 4029 3799 4082 κατ’

2231 4121 2495 4190 Εὐνόμιον
2551 4121 2679 4190 ἡμῖν
2732 4118 3075 4190 βλασφημίαν
3130 4119 3526 4191 προστρίϐοιτο.
3588 4121 3650 4173 El
3693 4121 3801 4191 γάρ

2233 4231 2318 4276 τις
2365 4212 2773 4281 ὲπεσκεμμένος
2825 4211 2922 4281 τὴν
2967 4211 3075 4264 τῶν
3113 4212 3377 4282 αἱρέσεων
3412 4212 3616 4282 ταύτην
3661 4213 3802 4267 ἀπά-

2234 4323 2332 4374 την
2361 4303 2746 4368 διεξετάσειεν,
2795 4303 3020 4375 εὑρήσει
3053 4303 3250 4373 πολλὴν
3297 4303 3487 4374 ἔχοντα
3539 4305 3673 4375 πρὸς
3705 4305 3802 4376 τὴν

2237 4399 2357 4451 κατ’
2407 4396 2670 4466 Εὐνόμιον
2721 4394 2963 4466 πλάνην,
3001 4394 3101 4465 τὴν
3154 4396 3478 4466 οἰκειότητα.
3529 4397 3802 4460 Ἰουδαῖζει

2370 4486 2628 4556 ἑκάτερος
2649 4486 2797 4556 αὐτῷ
2826 4486 3074 4557 δόγματι,
3105 4485 3226 4540 οὕτε
3249 4488 3337 4540 τὸν
3365 4489 3625 4558 μονογενῆ
3650 4489 3800 4553 Θεὸν,

2236 4578 2360 4632 οὔτε
2384 4578 2444 4632 τὸ
2484 4577 2707 4648 Πνεῦμα
2737 4579 2799 4632 τὸ
2831 4579 2985 4648 ἅγιον
3012 4580 3093 4641 είς
3118 4580 3401 4633 κοινωνίαν
3434 4581 3531 4650 τῆς
3559 4580 3805 4649 θεότητος

2236 4671 2330 4723 τοῦ
2366 4669 2603 4739 μεγάλου
2634 4671 2763 4741 παρ’
2789 4671 2969 4735 αὐτοῖς
2995 4671 3089 4724 καὶ
3117 4670 3329 4741 πρώτου
3353 4673 3642 4742 λεγομένου
3671 4673 3803 4726 Θεοῦ

2239 4759 2675 4832 προσδεχόμενος.
2698 4763 2796 4815 Ὃν
2833 4761 2939 4832 γὰρ
2970 4761 3254 4824 Σαϐέλλιος
3299 4761 3443 4832 λέγει
3483 4763 3804 4834 τριώνυμον,

2237 4851 2426 4906 τοῦτον
2463 4851 2724 4923 Εὐνόμιος
2755 4852 3009 4923 ὀνομάζει
3058 4851 3369 4922 ἀγέννητον.
3411 4853 3704 4925 Οὑθέτερος
3750 4855 3807 4909 δέ

2237 4944 2442 4998 τούτων
2490 4946 2549 4996 ἐν
2598 4946 2664 5015 τῇ
2699 4945 2888 5016 Τριάδι
2923 4944 3030 4999 τῶν
3071 4945 3418 4998 ύποστάσεων
3459 4945 3658 5016 θεωρεί
3711 4947 3807 5017 τὴν

2241 5034 2486 5103 θεότητα.
2521 5033 2618 5097 Τίς
2642 5034 2819 5087 τοίνυν
2845 5035 3060 5098 οίκείως
3090 5034 3203 5105 ἕχει
3227 5035 3362 5106 πρὸς
3388 5034 3479 5088 τὸν
3505 5036 3805 5100 Σαδέλλιον,

2239 5127 2272 5196 ὴ
2302 5124 2408 5177 τῶν
2449 5125 2878 5194 ἐντυγχανόντων
2920 5126 2998 5196 τῷ
3029 5126 3172 5198 λόγῳ
3200 5126 3379 5198 κρίσις
3421 5128 3807 5198 ἀποφηνάσθω.

2253 5215 2411 5269 ’Δλλὰ
2438 5216 2610 5269 ταῦτα
2642 5217 2738 5287 μὲν
2775 5220 2855 5281 είς
2885 5217 3156 5271 τοσοῦτον.

2328 5307 2482 5361 Ἐπεὶ
2529 5306 2586 5359 δὲ
2633 5308 2800 5372 πολύς
2847 5309 2994 5362 ἐστιν
3031 5311 3088 5362 ὲν
3130 5310 3242 5372 τοῖς
3285 5307 3501 5379 ἐφεξῆς,
3547 5309 3657 5363 τῶν
3704 5310 3816 5379 βδε-

2246 5396 2421 5467 λυρῶν
2451 5398 2894 5468 ἐπιχειρημάτων
2923 5399 3190 5454 ἀνακινῶν
3225 5399 3607 5470 τὴν-δυσωδὴν,
3630 5401 3699 5455 δι’
3744 5395 3816 5452 ὧν

2249 5488 2323 5558 μὴ
2356 5482 2492 5539 εἷναί
2524 5504 2652 5539 ποτε
2693 5489 2782 5542 τὸν
2806 5490 3064 5559 μονογενῆ
3099 5488 3496 5554 κατασκευάζει
3527 5489 3680 5553 Θεὸν,
3717 5509 3815 5542 κα-

2245 5575 2350 5639 λῶς
2401 5573 2541 5644 ἔχειν
2572 5578 2711 5648 φημὶ
2742 5577 2826 5632 διὰ
2867 5579 2975 5633 τῶν
3026 5577 3402 5649 προλαϐόντων
3450 5580 3688 5651 μετρίως
3719 5579 3815 5649 τῆς
