4142 6374
439 398 543 456 857

1571 392 1849 449 CONTRA
1890 387 2279 458 EUNOMIUM,
2315 391 2444 446 LIB.
2489 391 2555 444 Χ.

3585 387 3690 443 838

442 513 570 583 περὶ
614 509 816 565 τούτων
859 511 989 580 ἡμῖν
1024 508 1267 571 διανοίας
1321 505 1777 576 ὲκκαθαρθείσης,
1831 503 2012 574 μηκέτ

2132 514 2530 573 prtecesserunt
2567 505 2636 560 ah
2663 505 2892 560 istorum
2917 504 3004 559 lue
3033 503 3168 559 satis
3190 503 3569 574 sitexpurgata
3594 521 3694 560 no—

441 597 912 662 συνδιασαπτίζειν
947 598 1039 651 τὸν
1065 597 1221 665 λόγον
1253 597 1362 658 τοῖς
1392 594 1596 666 ὁμοίοις
1637 595 1846 657 κακοῖς,
1877 593 2018 663 πλὴν

439 691 599 746 τοῦτο
625 690 783 762 μόνον
801 690 901 742 οὐκ
924 690 1148 759 ἄκαιρον
1179 689 1307 750 ἴσως
1332 685 1645 758 προσθεῖναι
1677 685 1783 739 τῶν
1807 683 2016 738 πολλῶν

440 783 824 852 ἐκλεξάμενον·
848 780 987 850 Φησὶ
1013 779 1152 832 κατά
1185 779 1246 831 τὸ
1270 772 1410 842 ἴσον,
1446 779 1539 830 καὶ
1578 779 1643 848 τῇ
1677 775 1770 829 τοῦ
1804 774 2016 847 Πατρὸς

441 875 600 946 οὐσίᾳ
657 871 1005 942 συνεζεῦχθαί
1045 888 1187 933 τινος
1224 869 1320 941 τὴν
1368 869 1691 939 ἀγεννησίαν
1747 868 2012 930 εἰπόντος.

439 968 538 1022 Διά
564 966 673 1019 τῶν
702 965 903 1036 ὁμοίων
948 967 976 1017 ὁ
1007 964 1160 1032 λόγος
1190 964 1549 1035 προέρχεται,
1586 961 1768 1026 καθὼς
1804 961 1896 1014 ἐπὶ
1919 960 2014 1013 τοῦ

441 1060 574 1113 Υἱοῦ
610 1059 970 1128 συνεπέρανεν
1003 1057 1188 1125 σαφῶς
1221 1055 1310 1110 διὰ
1343 1057 1442 1126 τῆς
1479 1055 1588 1107 τῶν
1620 1054 1874 1107 ἐναντίων
1912 1070 2016 1105 κα-

441 1151 742 1220 τασκευῆς,
788 1150 847 1202 τὸ
889 1149 1063 1218 δόγμα
1101 1149 1201 1219 τῆς
1250 1147 1530 1209 εὐσεϐείας
1570 1145 1918 1218 κρατύνεται,
1954 1145 2015 1198 τὸ

446 1244 520 1312 μὴ
547 1242 742 1295 ταύτὸν
775 1241 988 1294 οἴεσθαι
1031 1236 1169 1293 εἶναι
1194 1243 1260 1311 τῇ
1289 1240 1446 1310 οὐσία.
1471 1239 1566 1310 τὴν
1598 1238 1920 1308 ἀγεννησίαν
1952 1255 2012 1290 τε

441 1331 537 1384 καὶ
559 1332 657 1400 τὴν
683 1331 932 1400 γέννησιν
952 1346 965 1360 °
1003 1329 1118 1383 ἀλλ’
1162 1328 1578 1400 έπιθεωρεῖσθαι
1610 1328 1706 1397 μὲν
1733 1326 1905 1381 ταῦτα
1935 1325 2014 1396 τῷ

441 1422 803 1492 ὑποκειμένῳ,
841 1421 967 1474 ἄλλο
1008 1421 1064 1474 δέ
1097 1439 1148 1474 τι
1191 1420 1338 1491 παρά
1384 1419 1552 1473 ταῦτα
1592 1415 1731 1472 εἶναι
1771 1417 1848 1488 τῷ
1899 1417 2014 1488 ἰδίῳ

439 1515 582 1585 λόγῳ
603 1515 662 1566 τὸ
691 1513 1064 1583 ὑποκείμενον,
1095 1511 1178 1580 ἐφ’
1205 1505 1266 1564 οὗ
1296 1512 1564 1582 μηδεμιᾶς
1583 1512 1844 1582 διαφορᾶς
1867 1511 2012 1581 εὑρι-

443 1604 732 1674 σκομένης,
757 1603 842 1656 διὰ
871 1601 932 1654 τὸ
963 1601 1292 1671 κεχωρίσθαι
1328 1602 1425 1671 τῆς
1451 1601 1636 1664 οὐσίας
1664 1601 1763 1671 τὴν
1791 1598 1932 1652 κατὰ
1953 1598 2013 1652 τὸ

439 1695 694 1764 γεννητόν
722 1711 781 1746 τε
821 1692 916 1746 καὶ
956 1693 1248 1762 ἀγέννητον
1270 1691 1529 1763 διαφοράν
1553 1707 1568 1720 ⁸
1600 1691 1842 1743 λείπεται
1870 1690 2010 1744 κατά

441 1786 619 1837 πᾶσαν
649 1783 892 1851 ἀνάγκην
916 1781 976 1834 τὸ
1005 1781 1423 1851 ἀπαράλλακτον
1464 1781 1550 1835 ἐπ’
1571 1783 1773 1851 ἀμφοῖν
1791 1780 1889 1851 τὴν
1917 1781 2008 1833 οὐ-

442 1878 562 1930 σίαν
613 1875 970 1929 συντίθεσθαι.
1033 1875 1154 1927 Ἔτι
1201 1873 1298 1927 καὶ
1345 1873 1502 1926 τοῦτο
1539 1875 1650 1936 τοῖς
1700 1873 2008 1944 εἰρημένοις

440 1966 949 2040 προσεξετάσιι›μεν’
984 1963 1106 2026 Πῶς
1139 1961 1470 2033 κεχωρίσθαι
1494 1963 1586 2015 τοῦ
1614 1963 1826 2033 Πατρὸς
1861 1961 2008 2030 λέγει

438 2062 538 2131 τὴν
564 2061 844 2128 γέννησιν,
869 2055 1053 2110 οὐσίαν
1079 2055 1246 2124 αὐτὴν
1275 2054 1432 2118 νοῶν,
1465 2053 1498 2124 ἦ
1529 2053 1841 2126 ὲνέργειαν;
1870 2053 2009 2106 Ἀλλ’

444 2153 492 2205 εἰ
523 2153 620 2222 μὲν
654 2150 930 2221 ἐνέργειαν
951 2147 1116 2201 οἴεται
1141 2146 1363 2216 ταύτην,
1385 2146 1579 2216 ἐπίσης
1604 2146 1820 2209 πάντως
1851 2145 1928 2215 τῷ
1950 2162 2008 2198 τε

438 2239 804 2311 ὲνεργηθέντι,
840 2238 933 2290 καὶ
960 2237 1038 2307 τῷ
1079 2235 1392 2308 ὲνεργοῦντι
1422 2235 1753 2288 συνάπτεται
1773 2251 1788 2265 ·
1820 2233 2009 2306 ὥσπερ

436 2333 532 2386 ἐπὶ
563 2332 740 2400 πάσης
768 2329 1132 2396 κατασκευῆς,
1166 2327 1364 2397 ὁμοίως
1391 2326 1482 2379 ὲπί
1506 2342 1564 2378 τε
1609 2325 1702 2378 τοῦ
1727 2325 2008 2396 γινομένου

438 2425 532 2478 καὶ
577 2422 670 2476 τοῦ
712 2421 987 2484 ποιοῦντος
1031 2418 1176 2474 ἐστιν
1211 2420 1338 2473 ἰδεῖν
1374 2418 1470 2490 τὴν
1501 2419 1809 2490 ἐνέργειαν,
1875 2420 2008 2492 μήτε

435 2515 530 2568 τοῦ
563 2512 958 2584 τεχνιτεύοντος
999 2511 1390 2582 χωριζομένην,
1439 2511 1534 2564 καὶ
1579 2513 1644 2581 τῇ
1695 2513 2008 2582 κατασκευῇ

435 2608 544 2660 τῶν
566 2605 1016 2674 ἀποτελεσμάτων
1051 2602 1474 2672 ἐμφαινομένην.
1507 2602 1570 2654 Ei
1593 2601 1649 2653 δὲ
1682 2601 1868 2654 οὐσίαν
1908 2602 2006 2655 αὐ-

437 2700 534 2771 τὴν
558 2699 701 2767 λέγοι
749 2698 849 2767 τῆς
883 2697 976 2750 τοῦ
1011 2695 1219 2766 [ἰατρὸς
1261 2695 1446 2759 οὐσίας
1481 2692 1911 2765 κεχωρισμένην,
1945 2695 2011 2747 ἐκ

436 2790 636 2860 ταύτης
658 2786 930 2858 ὁμολογῶν
953 2780 1090 2838 εἶναι
1108 2785 1199 2837 τὸν
1221 2784 1444 2855 Κύριον,
1466 2783 1621 2853 δῆλός
1659 2785 1772 2836 ἐστι
1809 2781 2009 2851 ταύτην

437 2881 557 2934 ἀντὶ
586 2880 674 2932 τοῦ
716 2876 929 2947 Πατρὸς
951 2878 1042 2929 ἐπὶ
1071 2876 1164 2928 τοῦ
1191 2875 1525 2944 Μονογενοῦς
1547 2875 1776 2945 βλέπων,
1820 2875 1896 2937 ὡς
1917 2874 2011 2927 δύο

435 2968 683 3040 Πατέρας
706 2967 800 3024 ἐπὶ
838 2969 930 3022 τοῦ
964 2968 1094 3022 Υἰοῦ
1127 2969 1393 3023 νοεῖσθαι·
1426 2968 1516 3020 τὸν
1557 2969 1653 3038 μὲν
1679 2967 2009 3037 ὀνομαζόμε-

438 3079 527 3114 νον
556 3063 734 3132 μόνον,
759 3063 816 3114 ὃν
841 3060 904 3132 δὴ
925 3063 1017 3114 καὶ
1045 3061 1336 3131 ἀγέννητον
1357 3060 1526 3128 λέγει,
1555 3061 1630 3131 μὴ
1651 3059 2009 3112 κοινωνοῦντα

438 3154 494 3206 δὲ
534 3154 628 3223 τῆς
668 3154 1001 3223 γεννήσεως·
1051 3152 1148 3223 τὴν
1199 3152 1287 3218 δὲ,
1325 3153 1394 3205 τὰ
1423 3151 1516 3205 τοῦ
1551 3150 1760 3223 [ἰατρὸς
1792 3151 1884 3204 ἐπὶ
1915 3150 2008 3205 τοῦ

439 3244 777 3311 Μονογενοῦς
805 3242 1150 3313 ἐνεργοῦσαν,
1186 3243 1253 3314 ἣν
1291 3243 1540 3312 γέννησιν
1589 3242 1862 3312 ὀνομάζει.
1900 3241 2012 3295 Καὶ

440 3334 597 3387 τοῦτο
629 3333 828 3402 μᾶλλον
863 3334 929 3387 δι’
961 3333 1139 3386 αὐτῶν
1182 3334 1291 3387 τῶν
1329 3333 1596 3404 Εὐνομίου
1626 3333 1820 3404 λόγων,
1849 3333 1883 3403 ἢ
1923 3331 2012 3387 διὰ

443 3425 548 3478 τῶν
574 3424 854 3496 ἡμετέρων
882 3423 1178 3493 ἐλέγχεται.

509 3599 671 3666 Λέγει
709 3599 816 3670 γὰρ
845 3599 903 3650 ὲν
932 3601 1043 3662 τοῖς
1083 3598 1306 3668 ἐφεξῆς·
1359 3593 1418 3653 Ὀ
1443 3599 1512 3652 δὲ
1533 3599 1675 3666 Θεὸς
1695 3601 1868 3670 χωρὶς
1883 3618 2014 3672 γεν-

439 3690 675 3756 νήσεως
689 3689 792 3753 ὢν,
816 3690 913 3744 καὶ
931 3690 1044 3758 πρὸ
1063 3689 1171 3743 τοῦ
1188 3690 1577 3759 γεννηθέντος
1588 3691 1739 3745 ἐστί’
1759 3693 1851 3745 καὶ
1893 3696 2010 3762 μετ’

441 3783 636 3851 ὀλίγον*
659 3777 733 3853 ⁷ῼ
773 3783 880 3852 γὰρ
909 3783 978 3835 ἐκ
1012 3781 1122 3835 τοῦ
1153 3782 1513 3852 γεννηθῆναι
1538 3783 1603 3835 τὸ
1630 3779 1803 3848 εἶναι,
1836 3781 2012 3850 οὗτος

442 3873 584 3940 πρὶν
604 3872 962 3943 γεννηθῆναι
981 3875 1088 3926 οὐκ
1110 3872 1204 3940 ἦν.
1224 3873 1462 3925 Οὐκοῦν
1473 3875 1524 3926 εί
1547 3874 1584 3940 ἡ
1602 3873 1886 3942 γέννησις
1895 3874 2014 3943 μέν

443 3983 466 4017 x
480 3963 789 4033 εχώρισται
805 3964 910 4017 τοῦ
925 3963 1171 4030 Πατρός,
1187 3963 1266 4028 τῷ
1279 3964 1347 4016 δὲ
1371 3962 1480 4028 Υἱῷ
1499 3964 1567 4017 ἐκ
1596 3965 1701 4018 τοῦ
1721 3965 2011 4034 γεννηθῆ-

441 4076 459 4110 τ
479 4073 537 4110 αι
554 4057 617 4108 τὸ
631 4051 785 4108 εἷναί
799 4055 987 4108 ἐστιν’
1005 4055 1116 4122 ἄρα
1127 4055 1518 4124 ἀνενέργητος
1530 4059 1563 4109 ό
1573 4058 1775 4125 Πατὴρ
1790 4059 1885 4111 ἐπὶ
1902 4057 2013 4126 τῆς

442 4148 546 4201 τοῦ
574 4145 947 4223 Μονογενοῦς
972 4144 1384 4211 ὑποστάσεως,
1403 4149 1435 4199 ό
1455 4149 1890 4217 κεχωρισμένος
1905 4151 2014 4219 τῆς

444 4239 800 4306 γεννήσεως,
821 4233 1005 4306 ἀφ’ἧς
1023 4239 1055 4290 ό
1079 4235 1204 4299 Υἱὸς
1226 4240 1288 4290 τὸ
1307 4237 1460 4292 εἷναι
1492 4239 1636 4307 ἔχει.
1656 4242 1718 4293 Εἰ
1741 4237 1832 4294 οὖν
1860 4243 2014 4311 ἠλλο-

440 4330 664 4400 τρίωται
702 4329 801 4397 τῆς
846 4327 940 4380 τοῦ
990 4326 1120 4380 Υίοῦ
1148 4331 1452 4399 γεννήσεως
1484 4330 1511 4381 ὀ
1549 4331 1760 4402 Πατὴρ,
1791 4333 1822 4402 ἢ
1856 4333 2013 4386 ἄλλον

439 4415 559 4473 τινὰ
579 4415 794 4490 Πατέρα
823 4420 915 4471 τοῦ
938 4417 1068 4470 Υἰοῦ
1089 4418 1177 4470 διὰ
1194 4419 1286 4471 τοῦ
1307 4420 1404 4490 τῆς
1431 4423 1732 4492 γεννήσεως
1756 4423 2014 4493 ὀνόματος

440 4510 895 4574 ἀναπλάσσουσιν,
936 4509 968 4579 ἢ
1013 4508 1400 4580 αὐτογέννητόν
1444 4527 1566 4564 τινα
1607 4513 1699 4564 καὶ
1725 4514 2007 4582 αὐτογένε-
2040 4514 2083 4568 D

440 4601 562 4654 θλον
604 4601 694 4653 τὸν
734 4601 861 4653 Υίδν
906 4602 954 4652 οἱ
1013 4601 1165 4668 σοφοί
1203 4599 1289 4652 διὰ.
1323 4601 1431 4654 τῶν
1462 4602 1766 4672 εἰρημένων
1799 4606 2009 4660 ἀποδει-

441 4693 712 4744 κνύουσιν.
771 4693 931 4762 Ὁρᾷς
963 4691 1024 4743 τὸ
1055 4691 1464 4760 πεφωραμένον
1485 4694 1582 4762 τῆς
1625 4695 1861 4758 διανοίας
1914 4696 2006 4750 τοῦ

439 4782 537 4852 τὴν
568 4781 806 4851 ἀμαθίαν
841 4783 972 4850 ἡμῖν
999 4780 1110 4833 ἄνω
1135 4781 1227 4833 καὶ
1255 4788 1405 4833 κάτω
1425 4781 1510 4834 διὰ
1539 4782 1646 4835 τῶν
1679 4784 1820 4836 ἰδίων
1841 4785 2008 4852 λόγων

442 4875 834 4944 προφέροντος·
863 4873 937 4936 ὡς
981 4873 1333 4927 διαπλανᾶται
1361 4875 1481 4937 ταῖς
1515 4875 1840 4940 πολυοὸίαις,
1879 4879 2012 4947 μᾶλ-

441 4968 530 5020 λον
563 4966 620 5019 δὲ
645 4969 764 5029 ταῖς
786 4965 1020 5028 ἀνοδίαις
1047 4967 1078 5036 ή
1104 4965 1435 5035 βλασφημία,
1465 4965 1529 5018 δι’
1558 4967 1768 5030 οὐδενὸς
1792 4969 2008 5038 βεϐαίου

444 5058 578 5130 πρὸς
606 5058 696 5110 τὸν
721 5057 920 5109 σκοπὸν
954 5058 1150 5127 ἑαυτῆς
1181 5056 1464 5128 προϊοῦσα.
1495 5058 1604 5109 Καὶ
1635 5057 1712 5120 ὡς
1745 5058 1890 5111 ἔστιν
1920 5061 2012 5113 ἐπὶ

441 5149 549 5201 τῶν
595 5149 799 5217 νηπίων
844 5148 990 5210 ἰδεῖν,
1035 5150 1163 5201 ὅταν
1212 5151 1300 5218 ὑφ’
1346 5149 1560 5220 ἡλικίας
1609 5149 1920 5221 ἀθύροντες,
1954 5154 2012 5206 ἐν

441 5240 651 5311 ψάμμῳ
673 5242 776 5292 τινὶ
809 5240 1079 5310 μιμῶνται
1104 5242 1201 5304 τὰς
1226 5241 1334 5296 τῶν
1359 5240 1806 5312 οἰκοδομημάτων
1842 5261 2012 5296 κατα-

445 5335 643 5393 σκευάς
659 5348 670 5359 ·
692 5326 773 5394 οἷς
799 5333 859 5384 οὐ
884 5331 1023 5384 κατὰ
1045 5333 1242 5386 σκοπὸν
1266 5336 1297 5404 ἡ
1333 5333 1561 5404 μίμησις
1597 5336 1854 5404 τεχνικῶς
1878 5337 2013 5408 πρὸς

443 5420 505 5472 τὸ
547 5421 850 5490 ἀρχέτυπον
896 5421 1199 5490 ὁμοιοῦται⁶
1250 5421 1391 5474 ἀλλὰ
1418 5423 1680 5495 πρότερον
1709 5425 1799 5476 ὐπ’
1831 5427 2014 5488 ἀνοίας

443 5527 498 5565 τι
517 5513 656 5564 κατά
680 5512 740 5564 τὸ
761 5515 973 5584 συμϐὰν
995 5516 1374 5585 ἐξειργάσαντο
1391 5531 1404 5544 ·
1444 5513 1561 5568 εἶτα
1590 5516 1929 5585 βουλεύονται
1960 5521 2013 5573 τί

445 5604 552 5676 χρὴ
590 5605 850 5674 ὀνομάσαι
897 5608 958 5660 τὸ
1008 5608 1458 5678 κατασκεύασμα.
1516 5607 1735 5678 Ταύτην
1781 5611 1872 5662 καὶ
1921 5612 2013 5664 ἐπὶ

443 5693 538 5747 τοῦ
564 5695 902 5766 λογογράφου
945 5697 1042 5768 τὴν
1077 5699 1353 5768 ἀγχίνοιαν
1384 5698 1583 5768 βλέπω.
1611 5694 1734 5752 Οἷον
1763 5701 1870 5771 γάρ
1895 5719 2014 5756 τινα

444 5785 672 5855 ψάμμου
707 5787 935 5856 σωρείαν
974 5790 1113 5843 κατὰ
1153 5791 1209 5842 τὸ
1240 5789 1461 5844 ἐπελθὸν
1495 5790 1640 5861 αὐτῷ
1668 5791 1736 5844 τὰ
1761 5792 1859 5855 τῆς
1887 5794 2012 5846 ἀσε-

2119 604 2233 649 stra
2263 611 2437 661 mens,
2462 596 2509 650 si
2538 610 2646 649 non
2663 595 2898 666 amplius
2913 594 3184 650 similibus
3208 594 3366 648 malis
3384 609 3690 649 sermonem

2117 695 2367 744 nostrum
2407 689 2705 758 tingamus,
2739 698 2940 758 praeter
2965 687 3070 742 hoc
3093 687 3270 743 solum
3294 687 3437 756 quod
3454 702 3521 740 ex
3553 687 3686 738 nmi-

2116 780 2186 834 tis
2213 779 2756 847 selectumadjecisse
2790 779 3023 833 fortasse
3046 793 3155 831 non
3172 777 3686 846 eritimportunum:
3726 795 3728 798 ν

2117 872 2260 926 ldem
2295 873 2429 926 dicit
2459 873 2745 942 aequaliter
2769 887 2893 926 cum
2918 888 2985 926 eo
3008 871 3100 940 qui
3138 871 3336 926 asserit
3360 885 3482 925 cum
3512 869 3690 924 Patris

2115 961 2352 1015 essentia
2413 963 2723 1031 copulatam
2770 976 2894 1016 esse
2958 958 3320 1029 ἀγεννησίανζ
3367 973 3461 1028 per
3489 956 3689 1013 similia

2115 1067 2298 1107 sermo
2331 1053 2596 1122 procedit,
2623 1052 2765 1108 sicut
2797 1053 2852 1106 in
2888 1050 3027 1105 Filio
3045 1051 3314 1105 conclusit
3342 1064 3358 1102 :
3386 1057 3570 1118 aperte
3591 1063 3689 1118 per

2114 1158 2177 1199 ea
2200 1159 2321 1213 quae
2347 1143 2643 1199 adversarii
2667 1143 2979 1208 adstruunt,
3001 1143 3219 1212 pietatis
3241 1142 3518 1196 decretum
3548 1155 3685 1194 con-

2117 1235 2400 1303 ﬁrmatur;
2441 1251 2548 1291 non
2593 1236 2730 1290 idem
2766 1244 2958 1305 putare
3003 1250 3130 1288 cum
3168 1235 3406 1289 essentia
3460 1231 3687 1302 ingeniti

2113 1327 2381 1381 rationem
2410 1337 2465 1382 et
2519 1327 2945 1396 generationem,
2977 1327 3070 1380 sed
3111 1326 3227 1380 btec
3253 1326 3306 1379 in
3337 1325 3524 1380 eodem
3556 1325 3686 1380 sub-

2109 1417 2256 1488 jecto
2294 1419 2653 1473 considerari.
2676 1418 2995 1488 Subjectum
3017 1427 3195 1472 autem
3225 1418 3444 1487 pr0pria
3478 1417 3686 1471 ratione

2111 1526 2235 1566 esse
2263 1511 2393 1580 quid
2425 1511 2572 1564 aliud
2627 1521 2824 1579 prater
2862 1509 2990 1572 ista,
3027 1510 3081 1563 in
3110 1524 3220 1578 quo
3256 1523 3381 1563 cum
3418 1509 3565 1562 nulla
3600 1509 3686 1562 in-

2111 1601 2362 1656 veniatur
2395 1601 2720 1667 diﬁ‘erentia,
2749 1617 2855 1671 qua
2904 1601 2972 1655 ab
3001 1601 3237 1654 essentia
3271 1608 3556 1669 separetur
3580 1599 3683 1654 dif-

2113 1694 2342 1750 ferentia
2378 1710 2499 1764 qua:
2526 1703 2611 1750 est
2642 1695 2941 1750 secundum
2975 1695 3217 1764 genitum
3251 1703 3304 1747 et
3335 1692 3636 1763 ingenitum
3665 1709 3682 1746 :

2112 1796 2284 1842 restat
2304 1787 2615 1842 necessario
2646 1787 2696 1840 in
2720 1787 2990 1840 ambobus
3019 1787 3313 1840 essentiam
3354 1787 3602 1840 eamdem
3629 1792 3685 1838 et

2111 1877 2336 1931 minime
2360 1877 2696 1932 differentem
2729 1892 2852 1930 esse
2882 1875 3152 1929 conﬁteri.
3186 1875 3320 1930 Illud
3347 1877 3512 1930 etiam
3547 1890 3685 1946 prae-

2111 1973 2195 2019 ter
2214 1980 2276 2019 ea
2305 1981 2426 2035 quae
2442 1966 2555 2034 jam
2585 1966 2728 2020 dicta
2777 1974 2926 2027 sunt,
2961 1967 3334 2020 examincmus
3361 1964 3683 2032 :Quomodo

2112 2056 2200 2110 hic
2238 2058 2436 2111 asserit
2474 2071 2504 2109 a
2535 2056 2697 2110 Patre
2743 2057 3143 2126 generationem
3211 2066 3518 2126 separatam
3539 2071 3685 2122 esse,

2111 2147 2409 2202 essentiam
2445 2149 2618 2217 ipsam
2653 2147 2958 2217 intelligens
3004 2163 3071 2199 an
3105 2160 3235 2200 vero
3289 2147 3692 2216 operationem?

2113 2241 2217 2296 Sed
2237 2243 2283 2297 si
2313 2244 2685 2312 operationem
2717 2257 2836 2296 eam
2886 2256 3008 2296 esse
3056 2249 3226 2310 putat,
3258 2241 3398 2295 hanc
3430 2257 3495 2295 ex
3527 2256 3684 2310 teque

2109 2347 2335 2400 prorsus
2367 2348 2489 2388 cum
2519 2344 2742 2403 operato
2767 2343 2820 2388 et
2849 2341 3108 2402 operante
3139 2333 3456 2403 conjungit:
3492 2348 3686 2402 quem-

2112 2422 2405 2478 admodum
2455 2425 2510 2478 in
2575 2426 2722 2478 omni
2779 2426 2958 2494 operis
2990 2433 3287 2486 structura,
3326 2424 3580 2478 srmiliter
3627 2425 3683 2478 in

2111 2529 2176 2568 eo
2205 2513 2350 2584 quod
2377 2513 2434 2567 ﬁt
2461 2522 2516 2568 et
2549 2515 2602 2568 in
2630 2515 2894 2569 elﬁciente
2925 2517 3296 2585 operationem
3331 2516 3456 2570 licet
3482 2515 3682 2580 videre,

2111 2619 2288 2674 neque
2317 2605 2385 2660 ab
2421 2604 2631 2660 artiﬁce
2652 2613 2954 2675 separatam
2983 2613 3035 2659 et
3062 2607 3113 2658 in
3147 2621 3372 2674 operum
3402 2614 3681 2660 structura

2110 2681 2661 2768 apparentem.quod
2696 2697 3173 2768 si(gcnerationcm
3195 2697 3465 2773 videlicet)
3495 2713 3682 2752 esseu-

2111 2788 2240 2842 tiam
2272 2787 2444 2857 ipsam
2484 2786 2651 2850 dicat,
2684 2786 2752 2840 ab
2786 2788 3024 2842 essentia
3055 2787 3230 2840 Patris
3263 2799 3588 2857 separatam,
3617 2804 3682 2842 ex

2111 2877 2214 2932 hac
2244 2875 2537 2931 Dominum
2563 2891 2690 2932 esse
2728 2877 2995 2932 conﬁtens
3025 2897 3036 2931 :
3070 2877 3211 2931 hanc
3246 2877 3537 2932 manifesto
3565 2879 3686 2932 loco

2111 2966 2291 3022 Patris
2331 2967 2386 3022 in
2417 2966 2557 3020 Filio
2587 2968 2831 3036 respicit,
2868 2970 2943 3021 ita
2996 2976 3052 3021 ut
3087 2968 3224 3023 duos
3261 2967 3444 3024 Patres
3468 2970 3520 3023 in
3548 2968 3687 3024 Filio

2113 3058 2400 3130 intelligat,
2430 3059 2584 3112 illum
2609 3058 2828 3128 quidem
2857 3059 3076 3113 nomine
3103 3061 3302 3123 solum,
3333 3077 3491 3129 quem
3521 3061 3688 3116 etiam

2037 3178 2086 3240 ο
2117 3151 2417 3220 ingenitum
2445 3151 2598 3216 dicit,
2641 3167 2765 3206 cum
2827 3155 3174 3222 generatione
3201 3153 3401 3206 nullam
3440 3167 3687 3208 commu-

2113 3246 2332 3299 nionem
2386 3244 2672 3299 habentem
2709 3287 2724 3310 ,
2766 3244 2906 3298 hanc
2931 3259 3060 3298 vero
3081 3260 3200 3313 quae
3228 3256 3357 3298 sunt
3401 3243 3578 3302 Patris
3627 3247 3684 3300 in

2114 3336 2400 3407 Unigenito
2417 3346 2735 3406 operantem
2764 3354 2777 3390 :
2803 3351 2965 3405 quam
2991 3337 3392 3406 generationem
3416 3338 3683 3391 nominat.

2109 3427 2289 3498 Atque
2313 3427 2417 3482 hoc
2454 3429 2627 3498 magis
2680 3443 2747 3483 ex
2803 3428 2941 3497 ipsis
2975 3428 3226 3482 Eunomii
3285 3429 3467 3485 verbis
3517 3445 3684 3500 quam

2111 3518 2318 3572 nostris
2347 3517 2792 3588 deprehenditur.

2181 3610 2323 3664 Dicit
2357 3611 2499 3664 enim
2546 3611 2600 3663 in
2646 3611 3044 3680 sequentibus:
3097 3611 3239 3665 Deus
3291 3624 3465 3666 autem
3492 3615 3685 3683 quiest

2112 3701 2222 3754 sine
2261 3701 2632 3772 generatione,
2673 3702 2831 3753 etiam
2868 3710 2944 3754 est
3002 3712 3123 3756 ante
3171 3703 3224 3755 id
3271 3703 3408 3772 quod
3448 3705 3682 3772 genitum

2111 3799 2230 3855 est;
2291 3799 2345 3844 et
2393 3791 2554 3860 paulo
2613 3797 2772 3859 post:
2805 3789 2904 3844 Cui
2941 3793 3077 3844 enim
3108 3802 3182 3846 est
3215 3809 3320 3846 esse
3348 3810 3411 3847 ex
3461 3811 3520 3847 eo
3547 3799 3683 3866 quod

2111 3884 2178 3934 sit
2217 3883 2440 3952 genitus,
2493 3883 2575 3935 hic
2619 3883 2925 3952 priusquam
2981 3894 3108 3937 esset
3149 3886 3351 3955 genitus
3399 3903 3499 3940 non
3545 3899 3678 3942 erat.

2115 3974 2254 4046 Ergo
2283 3993 2326 4029 st
2362 3977 2632 4045 generatio
2663 3993 2695 4029 (ι
2730 3977 2894 4030 Patre
2921 3989 2994 4030 est
3020 3989 3267 4047 separata
3297 3997 3315 4037 :
3345 3981 3478 4034 Filio
3505 3993 3684 4037 autem

2114 4084 2222 4120 esse
2269 4077 2342 4120 est
2406 4083 2470 4119 ea:
2525 4083 2583 4118 eo
2638 4069 2775 4138 quod
2833 4069 2900 4120 sit
2957 4071 3390 4140 genitus:igitur
3435 4071 3598 4126 Pater
3626 4075 3682 4126 in

2120 4157 2389 4228 Unigeniti
2441 4159 2776 4213 subsistentia
2811 4161 3006 4214 otiosus
3044 4170 3140 4224 est,
3176 4163 3406 4232 nihilque
3435 4181 3678 4233 operans,

2114 4271 2232 4307 cum
2261 4256 2327 4306 sit
2371 4271 2403 4306 a
2452 4255 2786 4323 generatione
2836 4265 3110 4323 separatus
3141 4273 3173 4307 a
3221 4271 3324 4325 qua
3369 4257 3536 4312 Filius
3573 4277 3682 4314 esse

2113 4345 2283 4398 habet.
2321 4343 2377 4396 Si
2409 4345 2575 4413 igitur
2601 4343 2761 4399 Pater
2790 4359 2820 4397 a
2860 4345 2980 4398 Filii
3029 4351 3378 4414 generatione
3412 4350 3680 4407 alienatus

2114 4444 2218 4500 est,
2270 4437 2354 4489 vel
2410 4437 2574 4489 alium
2619 4438 2902 4504 quemdam
2947 4435 3063 4490 Filii
3095 4437 3308 4492 Patrem
3359 4455 3456 4508 per
3483 4457 3677 4497 nomen

2114 4527 2481 4597 generationis
2513 4529 2852 4597 conﬁngunt,
2887 4530 2969 4582 vel
2998 4545 3062 4582 ex
3090 4546 3147 4585 se
3183 4533 3420 4600 genitum
3444 4534 3679 4604 aliquem

2114 4625 2168 4673 et
2202 4618 2290 4672 cui
2322 4617 2422 4687 ipsi
2452 4634 2479 4670 a
2511 4619 2694 4687 seipso
2716 4635 2888 4688 genus
2906 4629 3010 4681 est,
3040 4619 3233 4675 Filium
3278 4623 3365 4676 isti
3407 4625 3685 4693 sapientes

2115 4725 2210 4779 per
2231 4724 2294 4764 ea
2328 4725 2447 4778 qua:
2473 4711 2756 4764 suntdicta
2779 4712 3155 4768 demonstrant
3182 4732 3195 4767 :
3219 4715 3368 4769 vides
3391 4717 3688 4788 intelligen-

2116 4802 2246 4855 tiam
2275 4803 2421 4856 velut
2452 4804 2504 4856 in
2563 4802 2708 4858 furto
2751 4805 3143 4873 deprehensam
3191 4808 3330 4876 ejus.
3388 4810 3481 4879 qui
3525 4814 3686 4870 nobis

2117 4893 2387 4948 inscitiam
2425 4909 2641 4949 sursum
2680 4903 2733 4948 et
2759 4896 3012 4950 deorsum
3039 4899 3156 4954 suis
3173 4902 3520 4957 sermonibus
3553 4921 3684 4973 pro-

2118 4983 2219 5038 fert
2243 4992 2298 5036 et
2317 4983 2524 5052 objicit,
2557 5000 2716 5053 quam
2753 4986 2938 5040 multis
2983 4988 3085 5042 viis
3112 4990 3350 5053 oberrat,
3385 4995 3470 5046 vel
3501 4998 3683 5064 potius

2117 5073 2276 5128 inviis
2302 5074 2416 5129 sive
2463 5073 2635 5131 deviis
2678 5075 2813 5131 locis
2843 5077 3178 5147 blasphemia
3219 5083 3369 5137 nullo
3422 5085 3575 5140 ﬁrmo
3629 5097 3685 5142 et

2118 5173 2270 5220 certo
2293 5167 2460 5236 gradu
2512 5166 2579 5220 ad
2613 5183 2770 5222 suum
2822 5185 3046 5239 scopum
3084 5174 3455 5244 progrediens.
3506 5178 3686 5246 Atque

2119 5263 2178 5309 ut
2204 5256 2256 5310 in
2292 5255 2592 5312 infantibus
2637 5259 2763 5311 licet
2801 5259 3004 5325 videre,
3031 5277 3153 5315 cum
3192 5280 3301 5332 prze
3348 5274 3504 5321 aetate
3552 5269 3686 5324 lusi-

2117 5355 2297 5402 tantes
2320 5347 2374 5401 in
2405 5363 2569 5402 arena
2595 5349 2826 5418 quadam
2851 5351 3202 5406 aediﬁciorum
3235 5363 3540 5414 structuras
3563 5360 3687 5414 imi-

2119 5447 2324 5501 tantur,
2368 5440 2570 5508 quibus
2626 5457 2732 5495 non
2771 5441 2835 5494 ad
2867 5443 3102 5512 aliquem
3153 5463 3376 5516 scopum
3433 5451 3684 5516 imitatio,

2120 5529 2420 5585 secundum
2457 5531 2590 5586 artis
2619 5531 2830 5601 regulas
2857 5534 2920 5586 ad
2945 5535 3292 5606 archetypum
3311 5541 3683 5612 assimilatur;

2121 5615 2215 5670 sed
2257 5619 2407 5686 prius
2441 5633 2551 5686 pra:
2598 5618 2832 5671 amentia
2862 5636 2927 5673 ex
2951 5630 3142 5675 eventu
3175 5624 3376 5694 aliquid
3404 5639 3688 5683 exstruxe-

2120 5715 2291 5761 runt:
2324 5706 2520 5761 deinde
2572 5708 2879 5762 deliberant
2913 5711 3043 5778 quid
3103 5716 3387 5771 nominare
3438 5730 3687 5790 oporteat

2122 5796 2263 5867 quod
2289 5804 2623 5852 exstructum
2659 5809 2734 5853 est
2767 5818 2781 5857 :
2810 5802 3051 5858 eamdem
3111 5805 3162 5859 in
3191 5807 3458 5878 scriptore
3509 5813 3686 5868 soler-
