  <div class='ocr_page' id='page_1' title='image "/cluster/home/n/w/nwhite01/storage/ocr_20150623/45/nnc1.0046978445/431.png"; bbox 0 0 4142 6374; ppageno 0'>
   <div class='ocr_carea' id='block_1_1' title="bbox 460 391 569 449">
    <p class='ocr_par' dir='ltr' id='par_1_1' title="bbox 460 391 569 449">
     <span class='ocr_line' id='line_1_1' title="bbox 460 391 569 449; baseline 0.009 -1"><span class='ocrx_word' id='word_1_1' title='bbox 460 391 569 449; x_wconf 77' lang='grc'><strong>859</strong></span> 
     </span>
    </p>
   </div>
   <div class='ocr_carea' id='block_1_2' title="bbox 1668 380 2422 442">
    <p class='ocr_par' dir='ltr' id='par_1_2' title="bbox 1668 380 2422 442">
     <span class='ocr_line' id='line_1_2' title="bbox 1668 380 2422 442; baseline -0.009 -1"><span class='ocrx_word' id='word_1_2' title='bbox 1668 386 1724 442; x_wconf 92' lang='lat' dir='ltr'><strong>S.</strong></span> <span class='ocrx_word' id='word_1_3' title='bbox 1765 382 2091 441; x_wconf 73' lang='lat' dir='ltr'><strong>GREGORII</strong></span> <span class='ocrx_word' id='word_1_4' title='bbox 2132 380 2422 437; x_wconf 76' lang='lat' dir='ltr'><strong>NYSSENI</strong></span> 
     </span>
    </p>
   </div>
   <div class='ocr_carea' id='block_1_3' title="bbox 3621 377 3724 433">
    <p class='ocr_par' dir='ltr' id='par_1_3' title="bbox 3621 377 3724 433">
     <span class='ocr_line' id='line_1_3' title="bbox 3621 377 3724 433; baseline 0 -1"><span class='ocrx_word' id='word_1_5' title='bbox 3621 377 3724 433; x_wconf 70' lang='grc'><strong>840</strong></span> 
     </span>
    </p>
   </div>
   <div class='ocr_carea' id='block_1_4' title="bbox 464 492 2050 574">
    <p class='ocr_par' dir='ltr' id='par_1_4' title="bbox 464 503 2033 574">
     <span class='ocr_line' id='line_1_4' title="bbox 464 503 2033 574; baseline -0.003 -15"><span class='ocrx_word' id='word_1_6' title='bbox 464 507 595 559; x_wconf 89' lang='lat' dir='ltr'><strong>tiam</strong></span> <span class='ocrx_word' id='word_1_7' title='bbox 626 503 898 574; x_wconf 90' lang='lat' dir='ltr'><strong>perspicio</strong></span> <span class='ocrx_word' id='word_1_8' title='bbox 927 519 945 571; x_wconf 90' lang='lat'><strong>;</strong></span> <span class='ocrx_word' id='word_1_9' title='bbox 972 503 1122 559; x_wconf 87' lang='lat' dir='ltr'><strong>velut</strong></span> <span class='ocrx_word' id='word_1_10' title='bbox 1164 506 1308 559; x_wconf 90' lang='lat' dir='ltr'><strong>enim</strong></span> <span class='ocrx_word' id='word_1_11' title='bbox 1350 520 1529 559; x_wconf 83' lang='lat' dir='ltr'><strong>arenae</strong></span> <span class='ocrx_word' id='word_1_12' title='bbox 1554 518 1832 563; x_wconf 81' lang='lat' dir='ltr'><strong>acervum,</strong></span> <span class='ocrx_word' id='word_1_13' title='bbox 1871 507 2033 571; x_wconf 97' lang='lat' dir='ltr'><strong>prout</strong></span> 
     </span>
    </p>
   </div>
   <div class='ocr_carea' id='block_1_5' title="bbox 2155 492 3724 574">
    <p class='ocr_par' dir='ltr' id='par_1_5' title="bbox 2155 492 3724 569">
     <span class='ocr_line' id='line_1_5' title="bbox 2155 492 3724 569; baseline -0.002 -21"><span class='ocrx_word' id='word_1_14' title='bbox 2155 497 2287 561; x_wconf 74' lang='grc' dir='ltr'>ῖείας</span> <span class='ocrx_word' id='word_1_15' title='bbox 2312 499 2377 569; x_wconf 73' lang='grc' dir='ltr'><strong>ρή</strong></span> <span class='ocrx_word' id='word_1_16' title='bbox 2388 514 2531 568; x_wconf 86' lang='grc' dir='ltr'>ματα</span> <span class='ocrx_word' id='word_1_17' title='bbox 2555 496 2933 566; x_wconf 77' lang='grc' dir='ltr'>συμφορήσας,</span> <span class='ocrx_word' id='word_1_18' title='bbox 2962 494 3104 564; x_wconf 83' lang='grc' dir='ltr'>μετὰ</span> <span class='ocrx_word' id='word_1_19' title='bbox 3128 492 3295 546; x_wconf 79' lang='grc' dir='ltr'>ταῦτα</span> <span class='ocrx_word' id='word_1_20' title='bbox 3331 492 3602 560; x_wconf 77' lang='grc' dir='ltr'>λογίζεται</span> <span class='ocrx_word' id='word_1_21' title='bbox 3629 494 3724 561; x_wconf 66' lang='grc' dir='ltr'>την</span> 
     </span>
    </p>
   </div>
   <div class='ocr_carea' id='block_1_6' title="bbox 463 596 2041 666">
    <p class='ocr_par' dir='ltr' id='par_1_6' title="bbox 463 596 2041 666">
     <span class='ocr_line' id='line_1_6' title="bbox 463 596 2041 666; baseline -0.004 -13"><span class='ocrx_word' id='word_1_22' title='bbox 463 600 515 653; x_wconf 91' lang='lat' dir='ltr'><strong>ei</strong></span> <span class='ocrx_word' id='word_1_23' title='bbox 541 598 595 653; x_wconf 91' lang='lat' dir='ltr'><strong>in</strong></span> <span class='ocrx_word' id='word_1_24' title='bbox 650 608 888 651; x_wconf 88' lang='lat' dir='ltr'><strong>mentem</strong></span> <span class='ocrx_word' id='word_1_25' title='bbox 938 596 1110 660; x_wconf 80' lang='lat' dir='ltr'><strong>venit,</strong></span> <span class='ocrx_word' id='word_1_26' title='bbox 1161 596 1457 666; x_wconf 72' lang='lat' dir='ltr'><strong>impietatis</strong></span> <span class='ocrx_word' id='word_1_27' title='bbox 1508 596 1671 651; x_wconf 73' lang='lat' dir='ltr'><strong>verba</strong></span> <span class='ocrx_word' id='word_1_28' title='bbox 1717 609 2041 665; x_wconf 89' lang='lat' dir='ltr'><strong>congerens,</strong></span> 
     </span>
    </p>
   </div>
   <div class='ocr_carea' id='block_1_7' title="bbox 467 686 2042 758">
    <p class='ocr_par' dir='ltr' id='par_1_7' title="bbox 467 686 2042 758">
     <span class='ocr_line' id='line_1_7' title="bbox 467 686 2042 758; baseline -0.003 -17"><span class='ocrx_word' id='word_1_29' title='bbox 467 696 655 758; x_wconf 90' lang='lat' dir='ltr'><strong>postea</strong></span> <span class='ocrx_word' id='word_1_30' title='bbox 716 687 966 742; x_wconf 84' lang='lat' dir='ltr'><strong>insanam</strong></span> <span class='ocrx_word' id='word_1_31' title='bbox 1004 686 1404 756; x_wconf 83' lang='lat' dir='ltr'><strong>blasphemiam</strong></span> <span class='ocrx_word' id='word_1_32' title='bbox 1466 703 1576 742; x_wconf 93' lang='lat' dir='ltr'><strong>non</strong></span> <span class='ocrx_word' id='word_1_33' title='bbox 1633 686 2042 747; x_wconf 76' lang='lat' dir='ltr'><strong>animadvertit,</strong></span> 
     </span>
    </p>
   </div>
   <div class='ocr_carea' id='block_1_8' title="bbox 466 780 2043 852">
    <p class='ocr_par' dir='ltr' id='par_1_8' title="bbox 466 780 2043 852">
     <span class='ocr_line' id='line_1_8' title="bbox 466 780 2043 852; baseline -0.001 -19"><span class='ocrx_word' id='word_1_34' title='bbox 466 782 671 852; x_wconf 88' lang='lat' dir='ltr'><strong>absque</strong></span> <span class='ocrx_word' id='word_1_35' title='bbox 692 781 798 835; x_wconf 91' lang='lat' dir='ltr'><strong>ulla</strong></span> <span class='ocrx_word' id='word_1_36' title='bbox 833 780 1083 834; x_wconf 89' lang='lat' dir='ltr'><strong>rationali</strong></span> <span class='ocrx_word' id='word_1_37' title='bbox 1129 781 1522 835; x_wconf 90' lang='lat' dir='ltr'><strong>consecutione</strong></span> <span class='ocrx_word' id='word_1_38' title='bbox 1571 780 1799 835; x_wconf 79' lang='lat' dir='ltr'><strong>fortuito</strong></span> <span class='ocrx_word' id='word_1_39' title='bbox 1833 785 1888 833; x_wconf 91' lang='lat' dir='ltr'><strong>et</strong></span> <span class='ocrx_word' id='word_1_40' title='bbox 1910 793 2043 833; x_wconf 90' lang='lat' dir='ltr'><strong>casu</strong></span> 
     </span>
    </p>
   </div>
   <div class='ocr_carea' id='block_1_9' title="bbox 468 871 2045 943">
    <p class='ocr_par' dir='ltr' id='par_1_9' title="bbox 468 871 2045 943">
     <span class='ocr_line' id='line_1_9' title="bbox 468 871 2045 943; baseline -0.001 -18"><span class='ocrx_word' id='word_1_41' title='bbox 468 888 561 943; x_wconf 88' lang='lat' dir='ltr'><strong>per</strong></span> <span class='ocrx_word' id='word_1_42' title='bbox 581 888 641 926; x_wconf 91' lang='lat' dir='ltr'><strong>ea</strong></span> <span class='ocrx_word' id='word_1_43' title='bbox 671 888 791 941; x_wconf 71' lang='lat' dir='ltr'><strong>qua:</strong></span> <span class='ocrx_word' id='word_1_44' title='bbox 811 872 879 925; x_wconf 90' lang='lat' dir='ltr'><strong>ab</strong></span> <span class='ocrx_word' id='word_1_45' title='bbox 906 887 972 926; x_wconf 90' lang='lat' dir='ltr'><strong>eo</strong></span> <span class='ocrx_word' id='word_1_46' title='bbox 1000 879 1129 925; x_wconf 90' lang='lat' dir='ltr'><strong>sunt</strong></span> <span class='ocrx_word' id='word_1_47' title='bbox 1173 872 1318 926; x_wconf 89' lang='lat' dir='ltr'><strong>dicta</strong></span> <span class='ocrx_word' id='word_1_48' title='bbox 1349 874 1725 942; x_wconf 88' lang='lat' dir='ltr'><strong>pullulantem.</strong></span> <span class='ocrx_word' id='word_1_49' title='bbox 1753 871 1871 925; x_wconf 83' lang='lat' dir='ltr'><strong>Non</strong></span> <span class='ocrx_word' id='word_1_50' title='bbox 1898 871 2045 925; x_wconf 89' lang='lat' dir='ltr'><strong>enim</strong></span> 
     </span>
    </p>
   </div>
   <div class='ocr_carea' id='block_1_10' title="bbox 467 962 2041 1033">
    <p class='ocr_par' dir='ltr' id='par_1_10' title="bbox 467 962 2041 1033">
     <span class='ocr_line' id='line_1_10' title="bbox 467 962 2041 1033; baseline 0.001 -17"><span class='ocrx_word' id='word_1_51' title='bbox 467 965 703 1017; x_wconf 84' lang='lat' dir='ltr'><strong>arbitror</strong></span> <span class='ocrx_word' id='word_1_52' title='bbox 723 980 787 1017; x_wconf 84' lang='lat' dir='ltr'><strong>ex</strong></span> <span class='ocrx_word' id='word_1_53' title='bbox 815 964 1095 1033; x_wconf 90' lang='lat' dir='ltr'><strong>proposito</strong></span> <span class='ocrx_word' id='word_1_54' title='bbox 1118 966 1490 1033; x_wconf 84' lang='lat' dir='ltr'><strong>generationis</strong></span> <span class='ocrx_word' id='word_1_55' title='bbox 1521 964 1937 1018; x_wconf 90' lang='lat' dir='ltr'><strong>subsistentiam</strong></span> <span class='ocrx_word' id='word_1_56' title='bbox 1970 962 2041 1017; x_wconf 91' lang='lat' dir='ltr'><strong>ab</strong></span> 
     </span>
    </p>
   </div>
   <div class='ocr_carea' id='block_1_11' title="bbox 467 1054 2047 1125">
    <p class='ocr_par' dir='ltr' id='par_1_11' title="bbox 467 1054 2047 1125">
     <span class='ocr_line' id='line_1_11' title="bbox 467 1054 2047 1125; baseline -0.003 -14"><span class='ocrx_word' id='word_1_57' title='bbox 467 1059 586 1125; x_wconf 91' lang='lat' dir='ltr'><strong>ipso</strong></span> <span class='ocrx_word' id='word_1_58' title='bbox 614 1058 901 1110; x_wconf 81' lang='lat' dir='ltr'><strong>conlictam</strong></span> <span class='ocrx_word' id='word_1_59' title='bbox 924 1070 1067 1119; x_wconf 88' lang='lat' dir='ltr'><strong>esse,</strong></span> <span class='ocrx_word' id='word_1_60' title='bbox 1099 1056 1218 1110; x_wconf 91' lang='lat' dir='ltr'><strong>loco</strong></span> <span class='ocrx_word' id='word_1_61' title='bbox 1250 1054 1429 1111; x_wconf 85' lang='lat' dir='ltr'><strong>Patris</strong></span> <span class='ocrx_word' id='word_1_62' title='bbox 1457 1057 1709 1111; x_wconf 59' lang='lat' dir='ltr'><strong>essentia:</strong></span> <span class='ocrx_word' id='word_1_63' title='bbox 1738 1054 1858 1109; x_wconf 86' lang='lat' dir='ltr'><strong>Filii</strong></span> <span class='ocrx_word' id='word_1_64' title='bbox 1887 1070 2047 1109; x_wconf 87' lang='lat' dir='ltr'><strong>acce-</strong></span> 
     </span>
    </p>
   </div>
   <div class='ocr_carea' id='block_1_12' title="bbox 464 1144 2041 1217">
    <p class='ocr_par' dir='ltr' id='par_1_12' title="bbox 464 1144 2041 1217">
     <span class='ocr_line' id='line_1_12' title="bbox 464 1144 2041 1217; baseline -0.001 -16"><span class='ocrx_word' id='word_1_65' title='bbox 464 1150 699 1201; x_wconf 82' lang='lat' dir='ltr'><strong>dentem.</strong></span> <span class='ocrx_word' id='word_1_66' title='bbox 734 1145 915 1216; x_wconf 86' lang='lat' dir='ltr'><strong>Neque</strong></span> <span class='ocrx_word' id='word_1_67' title='bbox 945 1144 1155 1200; x_wconf 86' lang='lat' dir='ltr'><strong>Patrem</strong></span> <span class='ocrx_word' id='word_1_68' title='bbox 1191 1162 1220 1199; x_wconf 93' lang='lat' dir='ltr'><strong>a</strong></span> <span class='ocrx_word' id='word_1_69' title='bbox 1258 1146 1380 1200; x_wconf 87' lang='lat' dir='ltr'><strong>Filii</strong></span> <span class='ocrx_word' id='word_1_70' title='bbox 1412 1148 1762 1217; x_wconf 83' lang='lat' dir='ltr'><strong>generatione</strong></span> <span class='ocrx_word' id='word_1_71' title='bbox 1798 1148 2041 1201; x_wconf 85' lang='lat' dir='ltr'><strong>alienum</strong></span> 
     </span>
    </p>
   </div>
   <div class='ocr_carea' id='block_1_13' title="bbox 464 1236 2045 1308">
    <p class='ocr_par' dir='ltr' id='par_1_13' title="bbox 464 1236 2045 1308">
     <span class='ocr_line' id='line_1_13' title="bbox 464 1236 2045 1308; baseline 0.001 -16"><span class='ocrx_word' id='word_1_72' title='bbox 464 1240 863 1301; x_wconf 89' lang='lat' dir='ltr'><strong>demonstrare,</strong></span> <span class='ocrx_word' id='word_1_73' title='bbox 906 1236 1009 1290; x_wconf 81' lang='lat' dir='ltr'><strong>fuit</strong></span> <span class='ocrx_word' id='word_1_74' title='bbox 1056 1237 1166 1301; x_wconf 89' lang='lat' dir='ltr'><strong>hic,</strong></span> <span class='ocrx_word' id='word_1_75' title='bbox 1199 1238 1344 1292; x_wconf 87' lang='lat' dir='ltr'><strong>sicut</strong></span> <span class='ocrx_word' id='word_1_76' title='bbox 1374 1254 1518 1301; x_wconf 90' lang='lat' dir='ltr'><strong>reor,</strong></span> <span class='ocrx_word' id='word_1_77' title='bbox 1579 1253 1781 1308; x_wconf 87' lang='lat' dir='ltr'><strong>scopus</strong></span> <span class='ocrx_word' id='word_1_78' title='bbox 1838 1240 2045 1293; x_wconf 88' lang='lat' dir='ltr'><strong>oratori</strong></span> 
     </span>
    </p>
   </div>
   <div class='ocr_carea' id='block_1_14' title="bbox 467 1329 2043 1401">
    <p class='ocr_par' dir='ltr' id='par_1_14' title="bbox 467 1329 2043 1401">
     <span class='ocr_line' id='line_1_14' title="bbox 467 1329 2043 1401; baseline -0.001 -16"><span class='ocrx_word' id='word_1_79' title='bbox 467 1332 817 1401; x_wconf 86' lang='lat' dir='ltr'><strong>propositus;</strong></span> <span class='ocrx_word' id='word_1_80' title='bbox 850 1345 1028 1397; x_wconf 85' lang='lat' dir='ltr'><strong>neque</strong></span> <span class='ocrx_word' id='word_1_81' title='bbox 1066 1329 1170 1383; x_wconf 89' lang='lat' dir='ltr'><strong>hoc</strong></span> <span class='ocrx_word' id='word_1_82' title='bbox 1196 1345 1225 1382; x_wconf 90' lang='lat' dir='ltr'><strong>a</strong></span> <span class='ocrx_word' id='word_1_83' title='bbox 1255 1331 1438 1400; x_wconf 88' lang='lat' dir='ltr'><strong>scipso</strong></span> <span class='ocrx_word' id='word_1_84' title='bbox 1474 1347 1646 1400; x_wconf 87' lang='lat' dir='ltr'><strong>genus</strong></span> <span class='ocrx_word' id='word_1_85' title='bbox 1675 1331 1879 1385; x_wconf 84' lang='lat' dir='ltr'><strong>habens</strong></span> <span class='ocrx_word' id='word_1_86' title='bbox 1918 1347 2043 1400; x_wconf 89' lang='lat' dir='ltr'><strong>por-</strong></span> 
     </span>
    </p>
   </div>
   <div class='ocr_carea' id='block_1_15' title="bbox 466 1422 2044 1491">
    <p class='ocr_par' dir='ltr' id='par_1_15' title="bbox 466 1422 2044 1491">
     <span class='ocr_line' id='line_1_15' title="bbox 466 1422 2044 1491; baseline -0.001 -15"><span class='ocrx_word' id='word_1_87' title='bbox 466 1432 695 1483; x_wconf 81' lang='lat' dir='ltr'><strong>lentum,</strong></span> <span class='ocrx_word' id='word_1_88' title='bbox 729 1437 823 1491; x_wconf 91' lang='lat' dir='ltr'><strong>per</strong></span> <span class='ocrx_word' id='word_1_89' title='bbox 853 1423 1090 1491; x_wconf 87' lang='lat' dir='ltr'><strong>aliquam</strong></span> <span class='ocrx_word' id='word_1_90' title='bbox 1120 1422 1534 1475; x_wconf 87' lang='lat' dir='ltr'><strong>antecedentem</strong></span> <span class='ocrx_word' id='word_1_91' title='bbox 1592 1422 2044 1477; x_wconf 86' lang='lat' dir='ltr'><strong>deliberationem</strong></span> 
     </span>
    </p>
   </div>
   <div class='ocr_carea' id='block_1_16' title="bbox 463 1511 2048 1584">
    <p class='ocr_par' dir='ltr' id='par_1_16' title="bbox 463 1511 2048 1584">
     <span class='ocr_line' id='line_1_16' title="bbox 463 1511 2048 1584; baseline -0.001 -17"><span class='ocrx_word' id='word_1_92' title='bbox 463 1515 671 1567; x_wconf 88' lang='lat' dir='ltr'><strong>illatum</strong></span> <span class='ocrx_word' id='word_1_93' title='bbox 700 1524 801 1567; x_wconf 89' lang='lat' dir='ltr'><strong>est.</strong></span> <span class='ocrx_word' id='word_1_94' title='bbox 840 1511 946 1567; x_wconf 89' lang='lat' dir='ltr'><strong>Sed</strong></span> <span class='ocrx_word' id='word_1_95' title='bbox 979 1514 1163 1566; x_wconf 87' lang='lat' dir='ltr'><strong>omnia</strong></span> <span class='ocrx_word' id='word_1_96' title='bbox 1206 1514 1336 1566; x_wconf 92' lang='lat' dir='ltr'><strong>talia</strong></span> <span class='ocrx_word' id='word_1_97' title='bbox 1369 1515 1577 1584; x_wconf 85' lang='lat' dir='ltr'><strong>absque</strong></span> <span class='ocrx_word' id='word_1_98' title='bbox 1625 1530 1789 1569; x_wconf 89' lang='lat' dir='ltr'><strong>sensu</strong></span> <span class='ocrx_word' id='word_1_99' title='bbox 1828 1531 1922 1584; x_wconf 91' lang='lat' dir='ltr'><strong>per</strong></span> <span class='ocrx_word' id='word_1_100' title='bbox 1955 1531 2048 1568; x_wconf 85' lang='lat' dir='ltr'><strong>vo-</strong></span> 
     </span>
    </p>
   </div>
   <div class='ocr_carea' id='block_1_17' title="bbox 464 1606 2047 1674">
    <p class='ocr_par' dir='ltr' id='par_1_17' title="bbox 464 1606 2047 1674">
     <span class='ocr_line' id='line_1_17' title="bbox 464 1606 2047 1674; baseline 0 -13"><span class='ocrx_word' id='word_1_101' title='bbox 464 1610 654 1661; x_wconf 88' lang='lat' dir='ltr'><strong>mitum</strong></span> <span class='ocrx_word' id='word_1_102' title='bbox 681 1608 748 1660; x_wconf 91' lang='lat' dir='ltr'><strong>ah</strong></span> <span class='ocrx_word' id='word_1_103' title='bbox 793 1606 896 1659; x_wconf 92' lang='lat' dir='ltr'><strong>hoc</strong></span> <span class='ocrx_word' id='word_1_104' title='bbox 941 1606 1315 1674; x_wconf 87' lang='lat' dir='ltr'><strong>scriptitatore</strong></span> <span class='ocrx_word' id='word_1_105' title='bbox 1356 1615 1483 1658; x_wconf 90' lang='lat' dir='ltr'><strong>sunt</strong></span> <span class='ocrx_word' id='word_1_106' title='bbox 1510 1616 1716 1674; x_wconf 85' lang='lat' dir='ltr'><strong>egesta,</strong></span> <span class='ocrx_word' id='word_1_107' title='bbox 1748 1614 1808 1659; x_wconf 88' lang='lat' dir='ltr'><strong>ut</strong></span> <span class='ocrx_word' id='word_1_108' title='bbox 1860 1608 1911 1659; x_wconf 93' lang='lat' dir='ltr'><strong>in</strong></span> <span class='ocrx_word' id='word_1_109' title='bbox 1964 1607 2047 1661; x_wconf 91' lang='lat' dir='ltr'><strong>his</strong></span> 
     </span>
    </p>
   </div>
   <div class='ocr_carea' id='block_1_18' title="bbox 464 1696 2047 1766">
    <p class='ocr_par' dir='ltr' id='par_1_18' title="bbox 464 1696 2047 1766">
     <span class='ocr_line' id='line_1_18' title="bbox 464 1696 2047 1766; baseline -0.001 -14"><span class='ocrx_word' id='word_1_110' title='bbox 464 1714 572 1752; x_wconf 91' lang='lat' dir='ltr'><strong>non</strong></span> <span class='ocrx_word' id='word_1_111' title='bbox 604 1698 763 1766; x_wconf 91' lang='lat' dir='ltr'><strong>longa</strong></span> <span class='ocrx_word' id='word_1_112' title='bbox 790 1696 860 1750; x_wconf 92' lang='lat' dir='ltr'><strong>sit</strong></span> <span class='ocrx_word' id='word_1_113' title='bbox 882 1696 1235 1749; x_wconf 86' lang='lat' dir='ltr'><strong>accusatione</strong></span> <span class='ocrx_word' id='word_1_114' title='bbox 1270 1696 1469 1765; x_wconf 85' lang='lat' dir='ltr'><strong>dignus</strong></span> <span class='ocrx_word' id='word_1_115' title='bbox 1499 1696 1593 1765; x_wconf 84' lang='lat' dir='ltr'><strong>qui</strong></span> <span class='ocrx_word' id='word_1_116' title='bbox 1625 1706 1772 1750; x_wconf 85' lang='lat' dir='ltr'><strong>errat</strong></span> <span class='ocrx_word' id='word_1_117' title='bbox 1803 1698 1857 1751; x_wconf 92' lang='lat' dir='ltr'><strong>in</strong></span> <span class='ocrx_word' id='word_1_118' title='bbox 1875 1698 2047 1751; x_wconf 86' lang='lat' dir='ltr'><strong>decu-</strong></span> 
     </span>
    </p>
   </div>
   <div class='ocr_carea' id='block_1_19' title="bbox 466 1772 2046 1860">
    <p class='ocr_par' dir='ltr' id='par_1_19' title="bbox 466 1772 2046 1860">
     <span class='ocr_line' id='line_1_19' title="bbox 466 1772 2046 1860; baseline 0.001 -18"><span class='ocrx_word' id='word_1_119' title='bbox 466 1792 680 1852; x_wconf 90' lang='lat' dir='ltr'><strong>mentis,</strong></span> <span class='ocrx_word' id='word_1_120' title='bbox 714 1804 890 1856; x_wconf 87' lang='lat' dir='ltr'><strong>neque</strong></span> <span class='ocrx_word' id='word_1_121' title='bbox 938 1789 1095 1850; x_wconf 88' lang='lat' dir='ltr'><strong>sciat,</strong></span> <span class='ocrx_word' id='word_1_122' title='bbox 1127 1789 1269 1843; x_wconf 85' lang='lat' dir='ltr'><strong>sicut</strong></span> <span class='ocrx_word' id='word_1_123' title='bbox 1316 1789 1557 1857; x_wconf 85' lang='lat' dir='ltr'><strong>loquitur</strong></span> <span class='ocrx_word' id='word_1_124' title='bbox 1597 1790 1914 1860; x_wconf 84' lang='lat' dir='ltr'><strong>Apostolus,</strong></span> <span class='ocrx_word' id='word_1_125' title='bbox 1952 1772 2046 1844; x_wconf 78' lang='lat' dir='ltr'><strong>ne—</strong></span> 
     </span>
    </p>
   </div>
   <div class='ocr_carea' id='block_1_20' title="bbox 464 1878 1820 1951">
    <p class='ocr_par' dir='ltr' id='par_1_20' title="bbox 464 1878 1820 1951">
     <span class='ocr_line' id='line_1_20' title="bbox 464 1878 1820 1951; baseline 0.001 -18"><span class='ocrx_word' id='word_1_126' title='bbox 464 1897 570 1951; x_wconf 90' lang='lat' dir='ltr'><strong>que</strong></span> <span class='ocrx_word' id='word_1_127' title='bbox 610 1880 751 1949; x_wconf 86' lang='lat' dir='ltr'><strong>quod</strong></span> <span class='ocrx_word' id='word_1_128' title='bbox 788 1879 941 1941; x_wconf 88' lang='lat' dir='ltr'><strong>dicit,</strong></span> <span class='ocrx_word' id='word_1_129' title='bbox 966 1895 1142 1949; x_wconf 86' lang='lat' dir='ltr'><strong>neque</strong></span> <span class='ocrx_word' id='word_1_130' title='bbox 1164 1880 1231 1933; x_wconf 91' lang='lat' dir='ltr'><strong>de</strong></span> <span class='ocrx_word' id='word_1_131' title='bbox 1261 1880 1459 1948; x_wconf 88' lang='lat' dir='ltr'><strong>quibus</strong></span> <span class='ocrx_word' id='word_1_132' title='bbox 1494 1878 1723 1933; x_wconf 82' lang='lat' dir='ltr'><strong>aﬂirmat</strong></span> <span class='ocrx_word' id='word_1_133' title='bbox 1756 1882 1820 1935; x_wconf 80' lang='grc'><strong>¹³.</strong></span> 
     </span>
    </p>
   </div>
   <div class='ocr_carea' id='block_1_21' title="bbox 534 1971 2044 2043">
    <p class='ocr_par' dir='ltr' id='par_1_21' title="bbox 534 1971 2044 2043">
     <span class='ocr_line' id='line_1_21' title="bbox 534 1971 2044 2043; baseline 0.002 -17"><span class='ocrx_word' id='word_1_134' title='bbox 534 1972 631 2026; x_wconf 88' lang='lat' dir='ltr'><strong>Cui</strong></span> <span class='ocrx_word' id='word_1_135' title='bbox 664 1971 831 2034; x_wconf 89' lang='lat' dir='ltr'><strong>enim,</strong></span> <span class='ocrx_word' id='word_1_136' title='bbox 861 1972 1056 2040; x_wconf 88' lang='lat' dir='ltr'><strong>inquit,</strong></span> <span class='ocrx_word' id='word_1_137' title='bbox 1082 1987 1204 2026; x_wconf 90' lang='lat' dir='ltr'><strong>esse</strong></span> <span class='ocrx_word' id='word_1_138' title='bbox 1257 1972 1528 2042; x_wconf 89' lang='lat' dir='ltr'><strong>contingit</strong></span> <span class='ocrx_word' id='word_1_139' title='bbox 1574 1987 1640 2025; x_wconf 83' lang='lat' dir='ltr'><strong>ex</strong></span> <span class='ocrx_word' id='word_1_140' title='bbox 1673 1989 1738 2026; x_wconf 91' lang='lat' dir='ltr'><strong>eo</strong></span> <span class='ocrx_word' id='word_1_141' title='bbox 1781 1975 1927 2043; x_wconf 92' lang='lat' dir='ltr'><strong>quod</strong></span> <span class='ocrx_word' id='word_1_142' title='bbox 1976 1975 2044 2029; x_wconf 84' lang='lat' dir='ltr'><strong>sit</strong></span> 
     </span>
    </p>
   </div>
   <div class='ocr_carea' id='block_1_22' title="bbox 465 2066 2047 2137">
    <p class='ocr_par' dir='ltr' id='par_1_22' title="bbox 465 2066 2047 2137">
     <span class='ocr_line' id='line_1_22' title="bbox 465 2066 2047 2137; baseline 0.002 -17"><span class='ocrx_word' id='word_1_143' title='bbox 465 2067 700 2137; x_wconf 90' lang='lat' dir='ltr'><strong>genitus,</strong></span> <span class='ocrx_word' id='word_1_144' title='bbox 736 2066 821 2119; x_wconf 93' lang='lat' dir='ltr'><strong>hic</strong></span> <span class='ocrx_word' id='word_1_145' title='bbox 870 2073 996 2120; x_wconf 89' lang='lat' dir='ltr'><strong>ante</strong></span> <span class='ocrx_word' id='word_1_146' title='bbox 1033 2066 1441 2135; x_wconf 79' lang='lat' dir='ltr'><strong>generationem</strong></span> <span class='ocrx_word' id='word_1_147' title='bbox 1490 2083 1599 2120; x_wconf 91' lang='lat' dir='ltr'><strong>non</strong></span> <span class='ocrx_word' id='word_1_148' title='bbox 1648 2075 1766 2121; x_wconf 90' lang='lat' dir='ltr'><strong>erat</strong></span> <span class='ocrx_word' id='word_1_149' title='bbox 1799 2086 1815 2123; x_wconf 89' lang='lat'><strong>:</strong></span> <span class='ocrx_word' id='word_1_150' title='bbox 1852 2068 1897 2122; x_wconf 88' lang='lat' dir='ltr'><strong>si</strong></span> <span class='ocrx_word' id='word_1_151' title='bbox 1950 2085 2047 2137; x_wconf 89' lang='lat' dir='ltr'><strong>pro</strong></span> 
     </span>
    </p>
   </div>
   <div class='ocr_carea' id='block_1_23' title="bbox 464 2155 2047 2228">
    <p class='ocr_par' dir='ltr' id='par_1_23' title="bbox 464 2155 2047 2228">
     <span class='ocr_line' id='line_1_23' title="bbox 464 2155 2047 2228; baseline 0.002 -18"><span class='ocrx_word' id='word_1_152' title='bbox 464 2155 626 2212; x_wconf 78' lang='lat' dir='ltr'><strong>Patre</strong></span> <span class='ocrx_word' id='word_1_153' title='bbox 672 2157 985 2226; x_wconf 82' lang='lat' dir='ltr'><strong>intelligens</strong></span> <span class='ocrx_word' id='word_1_154' title='bbox 1035 2157 1444 2223; x_wconf 87' lang='lat' dir='ltr'><strong>generationem</strong></span> <span class='ocrx_word' id='word_1_155' title='bbox 1490 2157 1643 2219; x_wconf 89' lang='lat' dir='ltr'><strong>dicit,</strong></span> <span class='ocrx_word' id='word_1_156' title='bbox 1690 2173 1790 2226; x_wconf 89' lang='lat' dir='ltr'><strong>ego</strong></span> <span class='ocrx_word' id='word_1_157' title='bbox 1829 2174 2047 2228; x_wconf 88' lang='lat' dir='ltr'><strong>quoque</strong></span> 
     </span>
    </p>
   </div>
   <div class='ocr_carea' id='block_1_24' title="bbox 467 2248 2045 2317">
    <p class='ocr_par' dir='ltr' id='par_1_24' title="bbox 467 2248 2045 2317">
     <span class='ocr_line' id='line_1_24' title="bbox 467 2248 2045 2317; baseline 0.002 -15"><span class='ocrx_word' id='word_1_158' title='bbox 467 2249 759 2315; x_wconf 89' lang='lat' dir='ltr'><strong>assentior,</strong></span> <span class='ocrx_word' id='word_1_159' title='bbox 795 2257 849 2303; x_wconf 90' lang='lat' dir='ltr'><strong>et</strong></span> <span class='ocrx_word' id='word_1_160' title='bbox 884 2265 990 2302; x_wconf 91' lang='lat' dir='ltr'><strong>non</strong></span> <span class='ocrx_word' id='word_1_161' title='bbox 1046 2258 1129 2302; x_wconf 90' lang='lat' dir='ltr'><strong>est</strong></span> <span class='ocrx_word' id='word_1_162' title='bbox 1172 2248 1263 2317; x_wconf 87' lang='lat' dir='ltr'><strong>qui</strong></span> <span class='ocrx_word' id='word_1_163' title='bbox 1309 2249 1689 2304; x_wconf 88' lang='lat' dir='ltr'><strong>contradicat:</strong></span> <span class='ocrx_word' id='word_1_164' title='bbox 1726 2251 1866 2303; x_wconf 91' lang='lat' dir='ltr'><strong>idem</strong></span> <span class='ocrx_word' id='word_1_165' title='bbox 1902 2253 2045 2306; x_wconf 91' lang='lat' dir='ltr'><strong>enim</strong></span> 
     </span>
    </p>
   </div>
   <div class='ocr_carea' id='block_1_25' title="bbox 467 2340 2047 2410">
    <p class='ocr_par' dir='ltr' id='par_1_25' title="bbox 467 2340 2047 2410">
     <span class='ocr_line' id='line_1_25' title="bbox 467 2340 2047 2410; baseline 0.002 -16"><span class='ocrx_word' id='word_1_166' title='bbox 467 2356 563 2409; x_wconf 88' lang='lat' dir='ltr'><strong>per</strong></span> <span class='ocrx_word' id='word_1_167' title='bbox 594 2350 882 2409; x_wconf 89' lang='lat' dir='ltr'><strong>utramque</strong></span> <span class='ocrx_word' id='word_1_168' title='bbox 911 2340 1208 2393; x_wconf 89' lang='lat' dir='ltr'><strong>dictionem</strong></span> <span class='ocrx_word' id='word_1_169' title='bbox 1242 2340 1367 2393; x_wconf 90' lang='lat' dir='ltr'><strong>licet</strong></span> <span class='ocrx_word' id='word_1_170' title='bbox 1403 2341 1715 2410; x_wconf 80' lang='lat' dir='ltr'><strong>signiﬁcare</strong></span> <span class='ocrx_word' id='word_1_171' title='bbox 1743 2359 1757 2408; x_wconf 88' lang='lat'><strong>;</strong></span> <span class='ocrx_word' id='word_1_172' title='bbox 1791 2352 1844 2396; x_wconf 90' lang='lat' dir='ltr'><strong>et</strong></span> <span class='ocrx_word' id='word_1_173' title='bbox 1882 2360 1950 2397; x_wconf 78' lang='lat' dir='ltr'><strong>ex</strong></span> <span class='ocrx_word' id='word_1_174' title='bbox 1981 2359 2047 2398; x_wconf 91' lang='lat' dir='ltr'><strong>eo</strong></span> 
     </span>
    </p>
   </div>
   <div class='ocr_carea' id='block_1_26' title="bbox 466 2431 2047 2502">
    <p class='ocr_par' dir='ltr' id='par_1_26' title="bbox 466 2431 2047 2502">
     <span class='ocr_line' id='line_1_26' title="bbox 466 2431 2047 2502; baseline 0.004 -17"><span class='ocrx_word' id='word_1_175' title='bbox 466 2433 612 2501; x_wconf 81' lang='lat' dir='ltr'><strong>quod</strong></span> <span class='ocrx_word' id='word_1_176' title='bbox 652 2432 777 2501; x_wconf 90' lang='lat' dir='ltr'><strong>quis</strong></span> <span class='ocrx_word' id='word_1_177' title='bbox 817 2432 983 2492; x_wconf 88' lang='lat' dir='ltr'><strong>dicat,</strong></span> <span class='ocrx_word' id='word_1_178' title='bbox 1022 2433 1169 2499; x_wconf 91' lang='lat' dir='ltr'><strong>quod</strong></span> <span class='ocrx_word' id='word_1_179' title='bbox 1218 2431 1495 2485; x_wconf 82' lang='lat' dir='ltr'><strong>Abraham</strong></span> <span class='ocrx_word' id='word_1_180' title='bbox 1530 2434 1716 2501; x_wconf 80' lang='lat' dir='ltr'><strong>genuit</strong></span> <span class='ocrx_word' id='word_1_181' title='bbox 1757 2434 1946 2502; x_wconf 81' lang='lat' dir='ltr'><strong>lsaac;</strong></span> <span class='ocrx_word' id='word_1_182' title='bbox 1995 2446 2047 2491; x_wconf 87' lang='lat' dir='ltr'><strong>et</strong></span> 
     </span>
    </p>
   </div>
   <div class='ocr_carea' id='block_1_27' title="bbox 468 2522 2048 2597">
    <p class='ocr_par' dir='ltr' id='par_1_27' title="bbox 468 2522 2048 2597">
     <span class='ocr_line' id='line_1_27' title="bbox 468 2522 2048 2597; baseline 0.004 -21"><span class='ocrx_word' id='word_1_183' title='bbox 468 2540 567 2593; x_wconf 87' lang='lat' dir='ltr'><strong>pro</strong></span> <span class='ocrx_word' id='word_1_184' title='bbox 613 2524 812 2592; x_wconf 79' lang='lat' dir='ltr'><strong>genuit,</strong></span> <span class='ocrx_word' id='word_1_185' title='bbox 844 2522 988 2593; x_wconf 90' lang='lat' dir='ltr'><strong>quod</strong></span> <span class='ocrx_word' id='word_1_186' title='bbox 1024 2532 1175 2589; x_wconf 87' lang='lat' dir='ltr'><strong>pater</strong></span> <span class='ocrx_word' id='word_1_187' title='bbox 1211 2522 1313 2576; x_wconf 82' lang='lat' dir='ltr'><strong>fuit</strong></span> <span class='ocrx_word' id='word_1_188' title='bbox 1359 2523 1541 2579; x_wconf 88' lang='lat' dir='ltr'><strong>lsaac:</strong></span> <span class='ocrx_word' id='word_1_189' title='bbox 1578 2528 1835 2594; x_wconf 88' lang='lat' dir='ltr'><strong>quoniam</strong></span> <span class='ocrx_word' id='word_1_190' title='bbox 1883 2530 2048 2597; x_wconf 82' lang='lat' dir='ltr'><strong>igitur</strong></span> 
     </span>
    </p>
   </div>
   <div class='ocr_carea' id='block_1_28' title="bbox 470 2613 2037 2685">
    <p class='ocr_par' dir='ltr' id='par_1_28' title="bbox 470 2613 2037 2685">
     <span class='ocr_line' id='line_1_28' title="bbox 470 2613 2037 2685; baseline 0.003 -19"><span class='ocrx_word' id='word_1_191' title='bbox 470 2613 613 2668; x_wconf 88' lang='lat' dir='ltr'><strong>idem</strong></span> <span class='ocrx_word' id='word_1_192' title='bbox 644 2622 724 2667; x_wconf 91' lang='lat' dir='ltr'><strong>est</strong></span> <span class='ocrx_word' id='word_1_193' title='bbox 758 2613 1010 2682; x_wconf 86' lang='lat' dir='ltr'><strong>genuisse</strong></span> <span class='ocrx_word' id='word_1_194' title='bbox 1044 2620 1096 2665; x_wconf 91' lang='lat' dir='ltr'><strong>et</strong></span> <span class='ocrx_word' id='word_1_195' title='bbox 1131 2621 1339 2680; x_wconf 87' lang='lat' dir='ltr'><strong>patrem</strong></span> <span class='ocrx_word' id='word_1_196' title='bbox 1369 2630 1510 2675; x_wconf 87' lang='lat' dir='ltr'><strong>esse,</strong></span> <span class='ocrx_word' id='word_1_197' title='bbox 1538 2616 1584 2668; x_wconf 91' lang='lat' dir='ltr'><strong>si</strong></span> <span class='ocrx_word' id='word_1_198' title='bbox 1618 2616 1743 2685; x_wconf 88' lang='lat' dir='ltr'><strong>quis</strong></span> <span class='ocrx_word' id='word_1_199' title='bbox 1772 2618 1825 2671; x_wconf 92' lang='lat' dir='ltr'><strong>in</strong></span> <span class='ocrx_word' id='word_1_200' title='bbox 1871 2619 2037 2671; x_wconf 81' lang='lat' dir='ltr'><strong>altera</strong></span> 
     </span>
    </p>
   </div>
   <div class='ocr_carea' id='block_1_29' title="bbox 470 2705 2048 2778">
    <p class='ocr_par' dir='ltr' id='par_1_29' title="bbox 470 2705 2048 2778">
     <span class='ocr_line' id='line_1_29' title="bbox 470 2705 2048 2778; baseline 0.004 -19"><span class='ocrx_word' id='word_1_201' title='bbox 470 2706 647 2759; x_wconf 79' lang='lat' dir='ltr'><strong>forma</strong></span> <span class='ocrx_word' id='word_1_202' title='bbox 700 2705 933 2773; x_wconf 89' lang='lat' dir='ltr'><strong>accipiat</strong></span> <span class='ocrx_word' id='word_1_203' title='bbox 961 2705 1147 2768; x_wconf 87' lang='lat' dir='ltr'><strong>verba,</strong></span> <span class='ocrx_word' id='word_1_204' title='bbox 1192 2706 1333 2757; x_wconf 90' lang='lat' dir='ltr'><strong>idem</strong></span> <span class='ocrx_word' id='word_1_205' title='bbox 1364 2722 1487 2760; x_wconf 88' lang='lat' dir='ltr'><strong>esse</strong></span> <span class='ocrx_word' id='word_1_206' title='bbox 1536 2722 1661 2761; x_wconf 91' lang='lat' dir='ltr'><strong>cum</strong></span> <span class='ocrx_word' id='word_1_207' title='bbox 1697 2711 2048 2778; x_wconf 87' lang='lat' dir='ltr'><strong>generatione</strong></span> 
     </span>
    </p>
   </div>
   <div class='ocr_carea' id='block_1_30' title="bbox 475 2796 2049 2871">
    <p class='ocr_par' dir='ltr' id='par_1_30' title="bbox 475 2796 2049 2871">
     <span class='ocr_line' id='line_1_30' title="bbox 475 2796 2049 2871; baseline 0.003 -20"><span class='ocrx_word' id='word_1_208' title='bbox 475 2797 775 2867; x_wconf 88' lang='lat' dir='ltr'><strong>paternitas</strong></span> <span class='ocrx_word' id='word_1_209' title='bbox 808 2796 1295 2851; x_wconf 83' lang='lat' dir='ltr'><strong>demonstrabitur.</strong></span> <span class='ocrx_word' id='word_1_210' title='bbox 1348 2796 1406 2850; x_wconf 90' lang='lat' dir='ltr'><strong>Si</strong></span> <span class='ocrx_word' id='word_1_211' title='bbox 1472 2799 1637 2868; x_wconf 89' lang='lat' dir='ltr'><strong>igitur</strong></span> <span class='ocrx_word' id='word_1_212' title='bbox 1668 2802 1746 2855; x_wconf 89' lang='lat' dir='ltr'><strong>sic</strong></span> <span class='ocrx_word' id='word_1_213' title='bbox 1805 2801 2049 2871; x_wconf 89' lang='lat' dir='ltr'><strong>loquitur</strong></span> 
     </span>
    </p>
   </div>
   <div class='ocr_carea' id='block_1_31' title="bbox 472 2887 2050 2957">
    <p class='ocr_par' dir='ltr' id='par_1_31' title="bbox 472 2887 2050 2957">
     <span class='ocr_line' id='line_1_31' title="bbox 472 2887 2050 2957; baseline 0.003 -14"><span class='ocrx_word' id='word_1_214' title='bbox 472 2888 775 2943; x_wconf 82' lang='lat' dir='ltr'><strong>Eunomius</strong></span> <span class='ocrx_word' id='word_1_215' title='bbox 802 2906 814 2941; x_wconf 90' lang='lat'>:</span> <span class='ocrx_word' id='word_1_216' title='bbox 845 2887 989 2957; x_wconf 91' lang='lat' dir='ltr'><strong>quod</strong></span> <span class='ocrx_word' id='word_1_217' title='bbox 1039 2887 1127 2940; x_wconf 91' lang='lat' dir='ltr'><strong>cui</strong></span> <span class='ocrx_word' id='word_1_218' title='bbox 1161 2902 1228 2941; x_wconf 74' lang='lat' dir='ltr'><strong>ex</strong></span> <span class='ocrx_word' id='word_1_219' title='bbox 1269 2888 1427 2943; x_wconf 84' lang='lat' dir='ltr'><strong>Patre</strong></span> <span class='ocrx_word' id='word_1_220' title='bbox 1473 2898 1557 2943; x_wconf 81' lang='lat' dir='ltr'><strong>est</strong></span> <span class='ocrx_word' id='word_1_221' title='bbox 1614 2907 1756 2954; x_wconf 83' lang='lat' dir='ltr'><strong>csse,</strong></span> <span class='ocrx_word' id='word_1_222' title='bbox 1794 2892 1883 2945; x_wconf 90' lang='lat' dir='ltr'><strong>hic</strong></span> <span class='ocrx_word' id='word_1_223' title='bbox 1924 2903 2050 2947; x_wconf 88' lang='lat' dir='ltr'><strong>ante</strong></span> 
     </span>
    </p>
   </div>
   <div class='ocr_carea' id='block_1_32' title="bbox 473 2980 2046 3045">
    <p class='ocr_par' dir='ltr' id='par_1_32' title="bbox 473 2980 2046 3045">
     <span class='ocr_line' id='line_1_32' title="bbox 473 2980 2046 3045; baseline 0.004 -12"><span class='ocrx_word' id='word_1_224' title='bbox 473 2980 688 3034; x_wconf 86' lang='lat' dir='ltr'><strong>Patrem</strong></span> <span class='ocrx_word' id='word_1_225' title='bbox 750 2995 858 3032; x_wconf 86' lang='lat' dir='ltr'><strong>non</strong></span> <span class='ocrx_word' id='word_1_226' title='bbox 913 2986 1051 3040; x_wconf 90' lang='lat' dir='ltr'><strong>erat,</strong></span> <span class='ocrx_word' id='word_1_227' title='bbox 1086 2993 1257 3034; x_wconf 89' lang='lat' dir='ltr'><strong>sanus</strong></span> <span class='ocrx_word' id='word_1_228' title='bbox 1293 2990 1377 3033; x_wconf 87' lang='lat' dir='ltr'><strong>est</strong></span> <span class='ocrx_word' id='word_1_229' title='bbox 1414 2997 1614 3045; x_wconf 89' lang='lat' dir='ltr'><strong>sermo,</strong></span> <span class='ocrx_word' id='word_1_230' title='bbox 1651 2992 1707 3036; x_wconf 91' lang='lat' dir='ltr'><strong>et</strong></span> <span class='ocrx_word' id='word_1_231' title='bbox 1746 2999 1845 3037; x_wconf 91' lang='lat' dir='ltr'><strong>nos</strong></span> <span class='ocrx_word' id='word_1_232' title='bbox 1880 2984 2046 3041; x_wconf 88' lang='lat' dir='ltr'><strong>dictis</strong></span> 
     </span>
    </p>
   </div>
   <div class='ocr_carea' id='block_1_33' title="bbox 470 3068 2049 3139">
    <p class='ocr_par' dir='ltr' id='par_1_33' title="bbox 470 3068 2049 3139">
     <span class='ocr_line' id='line_1_33' title="bbox 470 3068 2049 3139; baseline 0.003 -13"><span class='ocrx_word' id='word_1_233' title='bbox 470 3073 741 3126; x_wconf 87' lang='lat' dir='ltr'><strong>calculum</strong></span> <span class='ocrx_word' id='word_1_234' title='bbox 775 3072 957 3123; x_wconf 88' lang='lat' dir='ltr'><strong>album</strong></span> <span class='ocrx_word' id='word_1_235' title='bbox 990 3068 1299 3139; x_wconf 89' lang='lat' dir='ltr'><strong>adjicimus.</strong></span> <span class='ocrx_word' id='word_1_236' title='bbox 1333 3071 1489 3137; x_wconf 89' lang='lat' dir='ltr'><strong>Quod</strong></span> <span class='ocrx_word' id='word_1_237' title='bbox 1520 3073 1566 3126; x_wconf 90' lang='lat' dir='ltr'><strong>si</strong></span> <span class='ocrx_word' id='word_1_238' title='bbox 1608 3074 1676 3128; x_wconf 88' lang='lat' dir='ltr'><strong>ad</strong></span> <span class='ocrx_word' id='word_1_239' title='bbox 1738 3076 1884 3129; x_wconf 90' lang='lat' dir='ltr'><strong>illam</strong></span> <span class='ocrx_word' id='word_1_240' title='bbox 1931 3095 2049 3131; x_wconf 87' lang='lat' dir='ltr'><strong>ser-</strong></span> 
     </span>
    </p>
   </div>
   <div class='ocr_carea' id='block_1_34' title="bbox 474 3162 2049 3234">
    <p class='ocr_par' dir='ltr' id='par_1_34' title="bbox 474 3162 2049 3234">
     <span class='ocr_line' id='line_1_34' title="bbox 474 3162 2049 3234; baseline 0.003 -18"><span class='ocrx_word' id='word_1_241' title='bbox 474 3178 634 3217; x_wconf 88' lang='lat' dir='ltr'><strong>mone</strong></span> <span class='ocrx_word' id='word_1_242' title='bbox 662 3162 895 3216; x_wconf 90' lang='lat' dir='ltr'><strong>recurrit</strong></span> <span class='ocrx_word' id='word_1_243' title='bbox 945 3164 1372 3232; x_wconf 86' lang='lat' dir='ltr'><strong>generationem,</strong></span> <span class='ocrx_word' id='word_1_244' title='bbox 1434 3172 1487 3218; x_wconf 91' lang='lat' dir='ltr'><strong>et</strong></span> <span class='ocrx_word' id='word_1_245' title='bbox 1519 3174 1826 3234; x_wconf 87' lang='lat' dir='ltr'><strong>separatam</strong></span> <span class='ocrx_word' id='word_1_246' title='bbox 1861 3184 1984 3223; x_wconf 87' lang='lat' dir='ltr'><strong>esse</strong></span> <span class='ocrx_word' id='word_1_247' title='bbox 2019 3184 2049 3221; x_wconf 88' lang='lat' dir='ltr'><strong>a</strong></span> 
     </span>
    </p>
   </div>
   <div class='ocr_carea' id='block_1_35' title="bbox 472 3254 2051 3326">
    <p class='ocr_par' dir='ltr' id='par_1_35' title="bbox 472 3254 2051 3326">
     <span class='ocr_line' id='line_1_35' title="bbox 472 3254 2051 3326; baseline 0.006 -20"><span class='ocrx_word' id='word_1_248' title='bbox 472 3254 639 3307; x_wconf 82' lang='lat' dir='ltr'><strong>Patre</strong></span> <span class='ocrx_word' id='word_1_249' title='bbox 672 3254 976 3318; x_wconf 88' lang='lat' dir='ltr'><strong>contendit,</strong></span> <span class='ocrx_word' id='word_1_250' title='bbox 1013 3264 1206 3309; x_wconf 91' lang='lat' dir='ltr'><strong>etcum</strong></span> <span class='ocrx_word' id='word_1_251' title='bbox 1240 3255 1377 3309; x_wconf 89' lang='lat' dir='ltr'><strong>Filio</strong></span> <span class='ocrx_word' id='word_1_252' title='bbox 1407 3258 1738 3326; x_wconf 88' lang='lat' dir='ltr'><strong>copulatam,</strong></span> <span class='ocrx_word' id='word_1_253' title='bbox 1772 3275 1971 3314; x_wconf 88' lang='lat' dir='ltr'><strong>vanum</strong></span> <span class='ocrx_word' id='word_1_254' title='bbox 1999 3270 2051 3315; x_wconf 93' lang='lat' dir='ltr'><strong>et</strong></span> 
     </span>
    </p>
   </div>
   <div class='ocr_carea' id='block_1_36' title="bbox 470 3345 2046 3407">
    <p class='ocr_par' dir='ltr' id='par_1_36' title="bbox 470 3345 2046 3407">
     <span class='ocr_line' id='line_1_36' title="bbox 470 3345 2046 3407; baseline 0.005 -8"><span class='ocrx_word' id='word_1_255' title='bbox 470 3359 696 3400; x_wconf 84' lang='lat' dir='ltr'><strong>cassum</strong></span> <span class='ocrx_word' id='word_1_256' title='bbox 728 3361 852 3400; x_wconf 90' lang='lat' dir='ltr'><strong>esse</strong></span> <span class='ocrx_word' id='word_1_257' title='bbox 877 3345 1113 3400; x_wconf 89' lang='lat' dir='ltr'><strong>arbitror</strong></span> <span class='ocrx_word' id='word_1_258' title='bbox 1136 3348 1191 3400; x_wconf 90' lang='lat' dir='ltr'><strong>in</strong></span> <span class='ocrx_word' id='word_1_259' title='bbox 1211 3362 1391 3401; x_wconf 90' lang='lat' dir='ltr'><strong>rerum</strong></span> <span class='ocrx_word' id='word_1_260' title='bbox 1431 3348 1676 3403; x_wconf 89' lang='lat' dir='ltr'><strong>inanium</strong></span> <span class='ocrx_word' id='word_1_261' title='bbox 1729 3358 1782 3404; x_wconf 92' lang='lat' dir='ltr'><strong>et</strong></span> <span class='ocrx_word' id='word_1_262' title='bbox 1812 3350 2046 3407; x_wconf 81' lang='lat' dir='ltr'><strong>futilium</strong></span> 
     </span>
    </p>
   </div>
   <div class='ocr_carea' id='block_1_37' title="bbox 475 3438 2052 3509">
    <p class='ocr_par' dir='ltr' id='par_1_37' title="bbox 475 3438 2052 3509">
     <span class='ocr_line' id='line_1_37' title="bbox 475 3438 2052 3509; baseline 0.003 -18"><span class='ocrx_word' id='word_1_263' title='bbox 475 3446 529 3491; x_wconf 89' lang='lat' dir='ltr'><strong>et</strong></span> <span class='ocrx_word' id='word_1_264' title='bbox 578 3453 608 3491; x_wconf 91' lang='lat' dir='ltr'><strong>a</strong></span> <span class='ocrx_word' id='word_1_265' title='bbox 669 3438 881 3492; x_wconf 86' lang='lat' dir='ltr'><strong>ratione</strong></span> <span class='ocrx_word' id='word_1_266' title='bbox 921 3438 1203 3492; x_wconf 88' lang='lat' dir='ltr'><strong>deviarum</strong></span> <span class='ocrx_word' id='word_1_267' title='bbox 1264 3440 1636 3509; x_wconf 86' lang='lat' dir='ltr'><strong>speculatione</strong></span> <span class='ocrx_word' id='word_1_268' title='bbox 1686 3440 1893 3497; x_wconf 90' lang='lat' dir='ltr'><strong>diutius</strong></span> <span class='ocrx_word' id='word_1_269' title='bbox 1948 3444 2052 3496; x_wconf 86' lang='lat' dir='ltr'><strong>im-</strong></span> 
     </span>
    </p>
   </div>
   <div class='ocr_carea' id='block_1_38' title="bbox 470 3526 2053 3602">
    <p class='ocr_par' dir='ltr' id='par_1_38' title="bbox 470 3526 2053 3602">
     <span class='ocr_line' id='line_1_38' title="bbox 470 3526 2053 3602; baseline 0.003 -21"><span class='ocrx_word' id='word_1_270' title='bbox 470 3528 701 3582; x_wconf 87' lang='lat' dir='ltr'><strong>morari.</strong></span> <span class='ocrx_word' id='word_1_271' title='bbox 750 3526 934 3598; x_wconf 87' lang='lat' dir='ltr'><strong>Neque</strong></span> <span class='ocrx_word' id='word_1_272' title='bbox 965 3530 1108 3583; x_wconf 90' lang='lat' dir='ltr'><strong>enim</strong></span> <span class='ocrx_word' id='word_1_273' title='bbox 1149 3529 1261 3583; x_wconf 83' lang='lat' dir='ltr'><strong>sive</strong></span> <span class='ocrx_word' id='word_1_274' title='bbox 1319 3546 1432 3583; x_wconf 90' lang='lat' dir='ltr'><strong>rem</strong></span> <span class='ocrx_word' id='word_1_275' title='bbox 1484 3531 1538 3584; x_wconf 90' lang='lat' dir='ltr'><strong>in</strong></span> <span class='ocrx_word' id='word_1_276' title='bbox 1589 3533 1807 3602; x_wconf 89' lang='lat' dir='ltr'><strong>propria</strong></span> <span class='ocrx_word' id='word_1_277' title='bbox 1868 3535 2053 3589; x_wconf 70' lang='lat' dir='ltr'><strong>subsi~</strong></span> 
     </span>
    </p>
   </div>
   <div class='ocr_carea' id='block_1_39' title="bbox 468 3622 2051 3694">
    <p class='ocr_par' dir='ltr' id='par_1_39' title="bbox 468 3622 2051 3694">
     <span class='ocr_line' id='line_1_39' title="bbox 468 3622 2051 3694; baseline 0.003 -19"><span class='ocrx_word' id='word_1_278' title='bbox 468 3622 679 3676; x_wconf 85' lang='lat' dir='ltr'><strong>stentia</strong></span> <span class='ocrx_word' id='word_1_279' title='bbox 715 3628 1015 3689; x_wconf 87' lang='lat' dir='ltr'><strong>spectatam</strong></span> <span class='ocrx_word' id='word_1_280' title='bbox 1062 3622 1465 3689; x_wconf 88' lang='lat' dir='ltr'><strong>generationem</strong></span> <span class='ocrx_word' id='word_1_281' title='bbox 1498 3630 1672 3691; x_wconf 83' lang='lat' dir='ltr'><strong>putat,</strong></span> <span class='ocrx_word' id='word_1_282' title='bbox 1707 3641 1882 3694; x_wconf 81' lang='lat' dir='ltr'><strong>neque</strong></span> <span class='ocrx_word' id='word_1_283' title='bbox 1906 3628 1952 3681; x_wconf 89' lang='lat' dir='ltr'><strong>si</strong></span> <span class='ocrx_word' id='word_1_284' title='bbox 1984 3627 2051 3680; x_wconf 90' lang='lat' dir='ltr'><strong>ad</strong></span> 
     </span>
    </p>
   </div>
   <div class='ocr_carea' id='block_1_40' title="bbox 465 3710 2049 3783">
    <p class='ocr_par' dir='ltr' id='par_1_40' title="bbox 465 3710 2049 3783">
     <span class='ocr_line' id='line_1_40' title="bbox 465 3710 2049 3783; baseline 0.003 -18"><span class='ocrx_word' id='word_1_285' title='bbox 465 3712 685 3781; x_wconf 77' lang='lat' dir='ltr'><strong>aliquid</strong></span> <span class='ocrx_word' id='word_1_286' title='bbox 722 3710 868 3780; x_wconf 83' lang='lat' dir='ltr'><strong>quod</strong></span> <span class='ocrx_word' id='word_1_287' title='bbox 904 3726 1009 3765; x_wconf 89' lang='lat' dir='ltr'><strong>non</strong></span> <span class='ocrx_word' id='word_1_288' title='bbox 1040 3712 1304 3765; x_wconf 85' lang='lat' dir='ltr'><strong>subsistat</strong></span> <span class='ocrx_word' id='word_1_289' title='bbox 1334 3712 1650 3767; x_wconf 90' lang='lat' dir='ltr'><strong>notionibus</strong></span> <span class='ocrx_word' id='word_1_290' title='bbox 1688 3730 1785 3783; x_wconf 90' lang='lat' dir='ltr'><strong>per</strong></span> <span class='ocrx_word' id='word_1_291' title='bbox 1818 3716 1921 3770; x_wconf 90' lang='lat' dir='ltr'><strong>hoc</strong></span> <span class='ocrx_word' id='word_1_292' title='bbox 1949 3733 2049 3769; x_wconf 83' lang='lat' dir='ltr'><strong>no-</strong></span> 
     </span>
    </p>
   </div>
   <div class='ocr_carea' id='block_1_41' title="bbox 470 3802 2054 3877">
    <p class='ocr_par' dir='ltr' id='par_1_41' title="bbox 470 3802 2054 3877">
     <span class='ocr_line' id='line_1_41' title="bbox 470 3802 2054 3877; baseline 0.003 -19"><span class='ocrx_word' id='word_1_293' title='bbox 470 3820 602 3858; x_wconf 81' lang='lat' dir='ltr'><strong>men</strong></span> <span class='ocrx_word' id='word_1_294' title='bbox 665 3803 1021 3872; x_wconf 88' lang='lat' dir='ltr'><strong>pertrahitur,</strong></span> <span class='ocrx_word' id='word_1_295' title='bbox 1074 3802 1343 3857; x_wconf 90' lang='lat' dir='ltr'><strong>hactenus</strong></span> <span class='ocrx_word' id='word_1_296' title='bbox 1390 3818 1459 3858; x_wconf 80' lang='grc' dir='ltr'>ει</span> <span class='ocrx_word' id='word_1_297' title='bbox 1515 3804 1680 3859; x_wconf 92' lang='lat' dir='ltr'><strong>dictis</strong></span> <span class='ocrx_word' id='word_1_298' title='bbox 1733 3807 2054 3877; x_wconf 89' lang='lat' dir='ltr'><strong>conspicere</strong></span> 
     </span>
    </p>
   </div>
   <div class='ocr_carea' id='block_1_42' title="bbox 472 3892 2052 3965">
    <p class='ocr_par' dir='ltr' id='par_1_42' title="bbox 472 3892 2052 3965">
     <span class='ocr_line' id='line_1_42' title="bbox 472 3892 2052 3965; baseline 0.003 -18"><span class='ocrx_word' id='word_1_299' title='bbox 472 3895 788 3965; x_wconf 76' lang='lat' dir='ltr'><strong>potuimus:</strong></span> <span class='ocrx_word' id='word_1_300' title='bbox 828 3892 999 3947; x_wconf 82' lang='lat' dir='ltr'><strong>fertur</strong></span> <span class='ocrx_word' id='word_1_301' title='bbox 1024 3894 1169 3946; x_wconf 92' lang='lat' dir='ltr'><strong>enim</strong></span> <span class='ocrx_word' id='word_1_302' title='bbox 1205 3893 1259 3945; x_wconf 91' lang='lat' dir='ltr'><strong>in</strong></span> <span class='ocrx_word' id='word_1_303' title='bbox 1285 3901 1576 3964; x_wconf 89' lang='lat' dir='ltr'><strong>utramque</strong></span> <span class='ocrx_word' id='word_1_304' title='bbox 1605 3896 1920 3965; x_wconf 89' lang='lat' dir='ltr'><strong>opinionem</strong></span> <span class='ocrx_word' id='word_1_305' title='bbox 1943 3913 2052 3951; x_wconf 91' lang='lat' dir='ltr'><strong>non</strong></span> 
     </span>
    </p>
   </div>
   <div class='ocr_carea' id='block_1_43' title="bbox 481 3983 2051 4058">
    <p class='ocr_par' dir='ltr' id='par_1_43' title="bbox 481 3983 2051 4058">
     <span class='ocr_line' id='line_1_43' title="bbox 481 3983 2051 4058; baseline 0.003 -18"><span class='ocrx_word' id='word_1_306' title='bbox 481 3987 620 4040; x_wconf 81' lang='lat' dir='ltr'><strong>bene</strong></span> <span class='ocrx_word' id='word_1_307' title='bbox 650 3993 967 4054; x_wconf 88' lang='lat' dir='ltr'><strong>eompactus</strong></span> <span class='ocrx_word' id='word_1_308' title='bbox 990 3999 1090 4038; x_wconf 90' lang='lat' dir='ltr'><strong>nec</strong></span> <span class='ocrx_word' id='word_1_309' title='bbox 1110 3983 1279 4039; x_wconf 73' lang='lat' dir='ltr'><strong>firmis</strong></span> <span class='ocrx_word' id='word_1_310' title='bbox 1303 3986 1579 4042; x_wconf 88' lang='lat' dir='ltr'><strong>radicibus</strong></span> <span class='ocrx_word' id='word_1_311' title='bbox 1597 3988 1818 4043; x_wconf 81' lang='lat' dir='ltr'><strong>innixus</strong></span> <span class='ocrx_word' id='word_1_312' title='bbox 1845 4006 2051 4058; x_wconf 90' lang='lat' dir='ltr'><strong>sermo,</strong></span> 
     </span>
    </p>
   </div>
   <div class='ocr_carea' id='block_1_44' title="bbox 478 4074 2014 4149">
    <p class='ocr_par' dir='ltr' id='par_1_44' title="bbox 478 4074 2014 4149">
     <span class='ocr_line' id='line_1_44' title="bbox 478 4074 2014 4149; baseline 0.003 -19"><span class='ocrx_word' id='word_1_313' title='bbox 478 4077 754 4130; x_wconf 81' lang='lat' dir='ltr'><strong>inclinans</strong></span> <span class='ocrx_word' id='word_1_314' title='bbox 776 4075 843 4128; x_wconf 89' lang='lat' dir='ltr'><strong>ad</strong></span> <span class='ocrx_word' id='word_1_315' title='bbox 891 4075 943 4128; x_wconf 89' lang='lat' dir='ltr'><strong>id</strong></span> <span class='ocrx_word' id='word_1_316' title='bbox 973 4074 1118 4144; x_wconf 91' lang='lat' dir='ltr'><strong>quod</strong></span> <span class='ocrx_word' id='word_1_317' title='bbox 1152 4076 1472 4147; x_wconf 87' lang='lat' dir='ltr'><strong>intelligenti</strong></span> <span class='ocrx_word' id='word_1_318' title='bbox 1510 4080 1685 4149; x_wconf 89' lang='lat' dir='ltr'><strong>magis</strong></span> <span class='ocrx_word' id='word_1_319' title='bbox 1716 4082 2014 4149; x_wconf 90' lang='lat' dir='ltr'><strong>placuerit.</strong></span> 
     </span>
    </p>
   </div>
   <div class='ocr_carea' id='block_1_45' title="bbox 557 4162 2056 4232">
    <p class='ocr_par' dir='ltr' id='par_1_45' title="bbox 557 4162 2056 4232">
     <span class='ocr_line' id='line_1_45' title="bbox 557 4162 2056 4232; baseline 0.005 -15"><span class='ocrx_word' id='word_1_320' title='bbox 557 4164 660 4219; x_wconf 87' lang='lat' dir='ltr'><strong>Sed</strong></span> <span class='ocrx_word' id='word_1_321' title='bbox 696 4162 937 4217; x_wconf 90' lang='lat' dir='ltr'><strong>nondum</strong></span> <span class='ocrx_word' id='word_1_322' title='bbox 980 4164 1331 4232; x_wconf 70' lang='lat' dir='ltr'><strong>blasphemia:</strong></span> <span class='ocrx_word' id='word_1_323' title='bbox 1375 4169 1702 4224; x_wconf 89' lang='lat' dir='ltr'><strong>acerbitates</strong></span> <span class='ocrx_word' id='word_1_324' title='bbox 1732 4172 2056 4225; x_wconf 57' lang='lat' dir='ltr'><strong>examinata;</strong></span> 
     </span>
    </p>
   </div>
   <div class='ocr_carea' id='block_1_46' title="bbox 485 4254 2055 4328">
    <p class='ocr_par' dir='ltr' id='par_1_46' title="bbox 485 4254 2055 4328">
     <span class='ocr_line' id='line_1_46' title="bbox 485 4254 2055 4328; baseline 0.004 -19"><span class='ocrx_word' id='word_1_325' title='bbox 485 4263 641 4317; x_wconf 85' lang='lat' dir='ltr'><strong>sunt,</strong></span> <span class='ocrx_word' id='word_1_326' title='bbox 706 4269 842 4323; x_wconf 91' lang='lat' dir='ltr'><strong>quas</strong></span> <span class='ocrx_word' id='word_1_327' title='bbox 873 4254 929 4307; x_wconf 90' lang='lat' dir='ltr'><strong>in</strong></span> <span class='ocrx_word' id='word_1_328' title='bbox 966 4255 1322 4324; x_wconf 88' lang='lat' dir='ltr'><strong>sequentibus</strong></span> <span class='ocrx_word' id='word_1_329' title='bbox 1385 4258 1612 4327; x_wconf 90' lang='lat' dir='ltr'><strong>scriptis</strong></span> <span class='ocrx_word' id='word_1_330' title='bbox 1672 4260 1903 4328; x_wconf 87' lang='lat' dir='ltr'><strong>adjicit;</strong></span> <span class='ocrx_word' id='word_1_331' title='bbox 1959 4263 2055 4316; x_wconf 89' lang='lat' dir='ltr'><strong>sed</strong></span> 
     </span>
    </p>
   </div>
   <div class='ocr_carea' id='block_1_47' title="bbox 480 4347 2057 4416">
    <p class='ocr_par' dir='ltr' id='par_1_47' title="bbox 480 4347 2057 4416">
     <span class='ocr_line' id='line_1_47' title="bbox 480 4347 2057 4416; baseline 0.006 -16"><span class='ocrx_word' id='word_1_332' title='bbox 480 4347 593 4416; x_wconf 87' lang='lat' dir='ltr'><strong>jam</strong></span> <span class='ocrx_word' id='word_1_333' title='bbox 621 4348 734 4413; x_wconf 83' lang='lat' dir='ltr'><strong>ejus</strong></span> <span class='ocrx_word' id='word_1_334' title='bbox 766 4348 912 4400; x_wconf 91' lang='lat' dir='ltr'><strong>dicta</strong></span> <span class='ocrx_word' id='word_1_335' title='bbox 941 4347 1006 4400; x_wconf 90' lang='lat' dir='ltr'><strong>ad</strong></span> <span class='ocrx_word' id='word_1_336' title='bbox 1043 4348 1269 4401; x_wconf 81' lang='lat' dir='ltr'><strong>verbum</strong></span> <span class='ocrx_word' id='word_1_337' title='bbox 1298 4349 1728 4406; x_wconf 88' lang='lat' dir='ltr'><strong>consideremus.</strong></span> <span class='ocrx_word' id='word_1_338' title='bbox 1761 4351 1916 4407; x_wconf 85' lang='lat' dir='ltr'><strong>Haud</strong></span> <span class='ocrx_word' id='word_1_339' title='bbox 1942 4356 2057 4409; x_wconf 93' lang='lat' dir='ltr'><strong>scio</strong></span> 
     </span>
    </p>
   </div>
   <div class='ocr_carea' id='block_1_48' title="bbox 478 4436 2058 4515">
    <p class='ocr_par' dir='ltr' id='par_1_48' title="bbox 478 4436 2058 4515">
     <span class='ocr_line' id='line_1_48' title="bbox 478 4436 2058 4515; baseline 0.004 -23"><span class='ocrx_word' id='word_1_340' title='bbox 478 4452 619 4492; x_wconf 75' lang='lat' dir='ltr'><strong>sane</strong></span> <span class='ocrx_word' id='word_1_341' title='bbox 675 4437 948 4505; x_wconf 89' lang='lat' dir='ltr'><strong>quomodo</strong></span> <span class='ocrx_word' id='word_1_342' title='bbox 977 4436 1287 4490; x_wconf 84' lang='lat' dir='ltr'><strong>horriﬁcam</strong></span> <span class='ocrx_word' id='word_1_343' title='bbox 1336 4448 1391 4492; x_wconf 92' lang='lat' dir='ltr'><strong>et</strong></span> <span class='ocrx_word' id='word_1_344' title='bbox 1442 4440 1662 4509; x_wconf 86' lang='lat' dir='ltr'><strong>impiam</strong></span> <span class='ocrx_word' id='word_1_345' title='bbox 1708 4442 1917 4498; x_wconf 82' lang='lat' dir='ltr'><strong>Christi</strong></span> <span class='ocrx_word' id='word_1_346' title='bbox 1960 4461 2058 4515; x_wconf 89' lang='lat' dir='ltr'><strong>op-</strong></span> 
     </span>
    </p>
   </div>
   <div class='ocr_carea' id='block_1_49' title="bbox 2148 582 3725 659">
    <p class='ocr_par' dir='ltr' id='par_1_49' title="bbox 2148 582 3725 659">
     <span class='ocr_line' id='line_1_49' title="bbox 2148 582 3725 659; baseline -0.006 -16"><span class='ocrx_word' id='word_1_347' title='bbox 2148 589 2464 659; x_wconf 78' lang='grc' dir='ltr'><strong>ἀδιανόητον</strong></span> <span class='ocrx_word' id='word_1_348' title='bbox 2500 586 2868 656; x_wconf 79' lang='grc' dir='ltr'><strong>βλασφημίαν,</strong></span> <span class='ocrx_word' id='word_1_349' title='bbox 2893 585 3028 657; x_wconf 76' lang='grc' dir='ltr'>πρὸς</span> <span class='ocrx_word' id='word_1_350' title='bbox 3058 585 3086 637; x_wconf 87' lang='grc' dir='ltr'><strong>ὃ</strong></span> <span class='ocrx_word' id='word_1_351' title='bbox 3117 602 3169 637; x_wconf 91' lang='grc' dir='ltr'><strong>τι</strong></span> <span class='ocrx_word' id='word_1_352' title='bbox 3202 583 3409 655; x_wconf 80' lang='grc' dir='ltr'><strong>βλέπει,</strong></span> <span class='ocrx_word' id='word_1_353' title='bbox 3431 582 3555 652; x_wconf 87' lang='grc' dir='ltr'>δίχα</span> <span class='ocrx_word' id='word_1_354' title='bbox 3582 584 3725 646; x_wconf 67' lang='grc' dir='ltr'>τινὸς</span> 
     </span>
    </p>
   </div>
   <div class='ocr_carea' id='block_1_50' title="bbox 2146 675 3724 751">
    <p class='ocr_par' dir='ltr' id='par_1_50' title="bbox 2146 675 3724 751">
     <span class='ocr_line' id='line_1_50' title="bbox 2146 675 3724 751; baseline -0.004 -17"><span class='ocrx_word' id='word_1_355' title='bbox 2146 682 2372 751; x_wconf 80' lang='grc' dir='ltr'><strong>λογικῆς</strong></span> <span class='ocrx_word' id='word_1_356' title='bbox 2405 680 2723 742; x_wconf 80' lang='grc' dir='ltr'>ἀκολουθίας</span> <span class='ocrx_word' id='word_1_357' title='bbox 2760 680 2825 731; x_wconf 83' lang='grc' dir='ltr'><strong>ἐκ</strong></span> <span class='ocrx_word' id='word_1_358' title='bbox 2864 677 2958 731; x_wconf 78' lang='grc' dir='ltr'>τοῦ</span> <span class='ocrx_word' id='word_1_359' title='bbox 2994 678 3306 746; x_wconf 79' lang='grc' dir='ltr'><strong>αὐτομάτου</strong></span> <span class='ocrx_word' id='word_1_360' title='bbox 3330 677 3416 729; x_wconf 82' lang='grc' dir='ltr'>διὰ</span> <span class='ocrx_word' id='word_1_361' title='bbox 3448 675 3555 728; x_wconf 84' lang='grc' dir='ltr'>τῶν</span> <span class='ocrx_word' id='word_1_362' title='bbox 3578 678 3724 743; x_wconf 76' lang='grc' dir='ltr'>εἰρη-</span> 
     </span>
    </p>
   </div>
   <div class='ocr_carea' id='block_1_51' title="bbox 2150 767 3723 843">
    <p class='ocr_par' dir='ltr' id='par_1_51' title="bbox 2150 767 3723 843">
     <span class='ocr_line' id='line_1_51' title="bbox 2150 767 3723 843; baseline -0.004 -16"><span class='ocrx_word' id='word_1_363' title='bbox 2150 775 2325 843; x_wconf 83' lang='grc' dir='ltr'><strong>μένων</strong></span> <span class='ocrx_word' id='word_1_364' title='bbox 2347 776 2697 840; x_wconf 84' lang='grc' dir='ltr'>ἀναφυεῖσαν.</span> <span class='ocrx_word' id='word_1_365' title='bbox 2732 773 2804 825; x_wconf 86' lang='grc' dir='ltr'><strong>υὺ</strong></span> <span class='ocrx_word' id='word_1_366' title='bbox 2826 771 2935 843; x_wconf 77' lang='grc' dir='ltr'>γὰρ</span> <span class='ocrx_word' id='word_1_367' title='bbox 2956 767 3107 841; x_wconf 80' lang='grc' dir='ltr'>οἶμαι</span> <span class='ocrx_word' id='word_1_368' title='bbox 3135 770 3271 823; x_wconf 86' lang='grc' dir='ltr'><strong>κατά</strong></span> <span class='ocrx_word' id='word_1_369' title='bbox 3299 770 3555 839; x_wconf 73' lang='grc' dir='ltr'><strong>πρόθεσιν</strong></span> <span class='ocrx_word' id='word_1_370' title='bbox 3575 767 3723 838; x_wconf 85' lang='grc' dir='ltr'>αὑτῷ</span> 
     </span>
    </p>
   </div>
   <div class='ocr_carea' id='block_1_52' title="bbox 2146 863 3724 937">
    <p class='ocr_par' dir='ltr' id='par_1_52' title="bbox 2146 863 3724 937">
     <span class='ocr_line' id='line_1_52' title="bbox 2146 863 3724 937; baseline -0.003 -18"><span class='ocrx_word' id='word_1_371' title='bbox 2146 868 2244 936; x_wconf 80' lang='grc' dir='ltr'><strong>τὴν</strong></span> <span class='ocrx_word' id='word_1_372' title='bbox 2298 868 2395 937; x_wconf 82' lang='grc' dir='ltr'>τῆς</span> <span class='ocrx_word' id='word_1_373' title='bbox 2436 866 2700 935; x_wconf 79' lang='grc' dir='ltr'>γενέσεως</span> <span class='ocrx_word' id='word_1_374' title='bbox 2760 864 3055 917; x_wconf 78' lang='grc' dir='ltr'>ὑπόστασιν</span> <span class='ocrx_word' id='word_1_375' title='bbox 3102 863 3549 925; x_wconf 71' lang='grc' dir='ltr'>ἀναπεπλάσθαι,</span> <span class='ocrx_word' id='word_1_376' title='bbox 3600 863 3724 915; x_wconf 74' lang='grc' dir='ltr'>ἀντὶ</span> 
     </span>
    </p>
   </div>
   <div class='ocr_carea' id='block_1_53' title="bbox 2147 953 3721 1028">
    <p class='ocr_par' dir='ltr' id='par_1_53' title="bbox 2147 953 3721 1028">
     <span class='ocr_line' id='line_1_53' title="bbox 2147 953 3721 1028; baseline -0.002 -19"><span class='ocrx_word' id='word_1_377' title='bbox 2147 957 2360 1027; x_wconf 79' lang='grc' dir='ltr'>Πατρὸς</span> <span class='ocrx_word' id='word_1_378' title='bbox 2404 960 2470 1028; x_wconf 81' lang='grc' dir='ltr'>τῇ</span> <span class='ocrx_word' id='word_1_379' title='bbox 2514 958 2670 1028; x_wconf 79' lang='grc' dir='ltr'>οὐσίᾳ</span> <span class='ocrx_word' id='word_1_380' title='bbox 2708 956 2801 1009; x_wconf 82' lang='grc' dir='ltr'>τοῦ</span> <span class='ocrx_word' id='word_1_381' title='bbox 2850 954 2981 1008; x_wconf 88' lang='grc' dir='ltr'>Υἱοῦ</span> <span class='ocrx_word' id='word_1_382' title='bbox 3023 956 3329 1027; x_wconf 78' lang='grc' dir='ltr'>γινομένην.</span> <span class='ocrx_word' id='word_1_383' title='bbox 3369 953 3504 1008; x_wconf 84' lang='grc' dir='ltr'><strong>Οὐδὲ</strong></span> <span class='ocrx_word' id='word_1_384' title='bbox 3542 954 3603 1006; x_wconf 77' lang='grc' dir='ltr'>τὸ</span> <span class='ocrx_word' id='word_1_385' title='bbox 3628 954 3721 1007; x_wconf 86' lang='grc' dir='ltr'>ἀλ-</span> 
     </span>
    </p>
   </div>
   <div class='ocr_carea' id='block_1_54' title="bbox 2146 1041 3724 1119">
    <p class='ocr_par' dir='ltr' id='par_1_54' title="bbox 2146 1041 3724 1119">
     <span class='ocr_line' id='line_1_54' title="bbox 2146 1041 3724 1119; baseline -0.002 -20"><span class='ocrx_word' id='word_1_386' title='bbox 2146 1047 2355 1119; x_wconf 87' lang='grc' dir='ltr'>λότριον</span> <span class='ocrx_word' id='word_1_387' title='bbox 2396 1048 2778 1119; x_wconf 82' lang='grc' dir='ltr'>ἀποδειχθῆναι</span> <span class='ocrx_word' id='word_1_388' title='bbox 2822 1048 2919 1118; x_wconf 78' lang='grc' dir='ltr'>τῆς</span> <span class='ocrx_word' id='word_1_389' title='bbox 2970 1046 3273 1116; x_wconf 86' lang='grc' dir='ltr'><strong>γεννήσεως</strong></span> <span class='ocrx_word' id='word_1_390' title='bbox 3320 1044 3413 1097; x_wconf 81' lang='grc' dir='ltr'>τοῦ</span> <span class='ocrx_word' id='word_1_391' title='bbox 3465 1041 3593 1097; x_wconf 85' lang='grc' dir='ltr'><strong>Υίοῦ</strong></span> <span class='ocrx_word' id='word_1_392' title='bbox 3633 1045 3724 1097; x_wconf 79' lang='grc' dir='ltr'>τὸν</span> 
     </span>
    </p>
   </div>
   <div class='ocr_carea' id='block_1_55' title="bbox 2148 1137 3722 1213">
    <p class='ocr_par' dir='ltr' id='par_1_55' title="bbox 2148 1137 3722 1213">
     <span class='ocr_line' id='line_1_55' title="bbox 2148 1137 3722 1213; baseline -0.003 -20"><span class='ocrx_word' id='word_1_393' title='bbox 2148 1142 2385 1212; x_wconf 82' lang='grc' dir='ltr'>Πατέρα,</span> <span class='ocrx_word' id='word_1_394' title='bbox 2426 1144 2454 1195; x_wconf 92' lang='lat'><strong>6</strong></span> <span class='ocrx_word' id='word_1_395' title='bbox 2498 1145 2696 1205; x_wconf 84' lang='grc' dir='ltr'>σκοπὸς</span> <span class='ocrx_word' id='word_1_396' title='bbox 2736 1137 2836 1213; x_wconf 74' lang='grc' dir='ltr'>ἦν,</span> <span class='ocrx_word' id='word_1_397' title='bbox 2871 1142 2945 1202; x_wconf 77' lang='grc' dir='ltr'>ὡς</span> <span class='ocrx_word' id='word_1_398' title='bbox 2965 1137 3139 1212; x_wconf 77' lang='grc' dir='ltr'>οἶμαι,</span> <span class='ocrx_word' id='word_1_399' title='bbox 3176 1139 3255 1210; x_wconf 83' lang='grc' dir='ltr'>τῷ</span> <span class='ocrx_word' id='word_1_400' title='bbox 3298 1140 3507 1210; x_wconf 76' lang='grc' dir='ltr'>ῥήτορι,</span> <span class='ocrx_word' id='word_1_401' title='bbox 3540 1138 3658 1190; x_wconf 83' lang='grc' dir='ltr'>οὑδὲ</span> <span class='ocrx_word' id='word_1_402' title='bbox 3689 1138 3722 1208; x_wconf 83' lang='grc' dir='ltr'><strong>ή</strong></span> 
     </span>
    </p>
   </div>
   <div class='ocr_carea' id='block_1_56' title="bbox 2148 1230 3723 1305">
    <p class='ocr_par' dir='ltr' id='par_1_56' title="bbox 2148 1230 3723 1305">
     <span class='ocr_line' id='line_1_56' title="bbox 2148 1230 3723 1305; baseline -0.002 -20"><span class='ocrx_word' id='word_1_403' title='bbox 2148 1234 2531 1301; x_wconf 87' lang='grc' dir='ltr'>αὑτογένεθλος</span> <span class='ocrx_word' id='word_1_404' title='bbox 2586 1231 2867 1305; x_wconf 81' lang='grc' dir='ltr'>τερατεία,</span> <span class='ocrx_word' id='word_1_405' title='bbox 2936 1234 3026 1286; x_wconf 87' lang='grc' dir='ltr'><strong>διά</strong></span> <span class='ocrx_word' id='word_1_406' title='bbox 3086 1250 3230 1295; x_wconf 87' lang='grc' dir='ltr'>τινος</span> <span class='ocrx_word' id='word_1_407' title='bbox 3285 1230 3723 1302; x_wconf 76' lang='grc' dir='ltr'>προϐουλεύσεως</span> 
     </span>
    </p>
   </div>
   <div class='ocr_carea' id='block_1_57' title="bbox 2148 1322 3724 1396">
    <p class='ocr_par' dir='ltr' id='par_1_57' title="bbox 2148 1322 3724 1396">
     <span class='ocr_line' id='line_1_57' title="bbox 2148 1322 3724 1396; baseline -0.004 -18"><span class='ocrx_word' id='word_1_408' title='bbox 2148 1325 2530 1396; x_wconf 76' lang='grc' dir='ltr'>ἐπεισηνέχθη.</span> <span class='ocrx_word' id='word_1_409' title='bbox 2581 1327 2740 1379; x_wconf 82' lang='grc' dir='ltr'>Ἀλλά</span> <span class='ocrx_word' id='word_1_410' title='bbox 2765 1326 2939 1379; x_wconf 85' lang='grc' dir='ltr'>πάντα</span> <span class='ocrx_word' id='word_1_411' title='bbox 2966 1324 3033 1377; x_wconf 81' lang='grc' dir='ltr'>τὰ</span> <span class='ocrx_word' id='word_1_412' title='bbox 3056 1324 3277 1377; x_wconf 79' lang='grc' dir='ltr'>τοιαῦτα</span> <span class='ocrx_word' id='word_1_413' title='bbox 3298 1322 3533 1385; x_wconf 81' lang='grc' dir='ltr'>διανοίας</span> <span class='ocrx_word' id='word_1_414' title='bbox 3559 1323 3724 1392; x_wconf 81' lang='grc' dir='ltr'>χωρὶς</span> 
     </span>
    </p>
   </div>
   <div class='ocr_carea' id='block_1_58' title="bbox 2147 1415 3723 1493">
    <p class='ocr_par' dir='ltr' id='par_1_58' title="bbox 2147 1415 3723 1493">
     <span class='ocr_line' id='line_1_58' title="bbox 2147 1415 3723 1493; baseline -0.004 -18"><span class='ocrx_word' id='word_1_415' title='bbox 2147 1422 2441 1493; x_wconf 86' lang='grc' dir='ltr'>ἀπημέσθη</span> <span class='ocrx_word' id='word_1_416' title='bbox 2472 1419 2549 1490; x_wconf 76' lang='grc' dir='ltr'><strong>τῷ</strong></span> <span class='ocrx_word' id='word_1_417' title='bbox 2595 1420 2950 1490; x_wconf 80' lang='grc' dir='ltr'>λογογράφῳ,</span> <span class='ocrx_word' id='word_1_418' title='bbox 2973 1420 3049 1483; x_wconf 84' lang='grc' dir='ltr'>ὡς</span> <span class='ocrx_word' id='word_1_419' title='bbox 3083 1418 3214 1489; x_wconf 83' lang='grc' dir='ltr'>μηδὲ</span> <span class='ocrx_word' id='word_1_420' title='bbox 3258 1417 3455 1487; x_wconf 79' lang='grc' dir='ltr'>πολλῆς</span> <span class='ocrx_word' id='word_1_421' title='bbox 3494 1415 3640 1479; x_wconf 82' lang='grc' dir='ltr'>ἄξιον</span> <span class='ocrx_word' id='word_1_422' title='bbox 3667 1418 3723 1469; x_wconf 91' lang='grc' dir='ltr'><strong>ἐν</strong></span> 
     </span>
    </p>
   </div>
   <div class='ocr_carea' id='block_1_59' title="bbox 2146 1510 3724 1584">
    <p class='ocr_par' dir='ltr' id='par_1_59' title="bbox 2146 1510 3724 1584">
     <span class='ocr_line' id='line_1_59' title="bbox 2146 1510 3724 1584; baseline -0.003 -18"><span class='ocrx_word' id='word_1_423' title='bbox 2146 1514 2353 1578; x_wconf 83' lang='grc' dir='ltr'>τούτοις</span> <span class='ocrx_word' id='word_1_424' title='bbox 2380 1514 2711 1584; x_wconf 78' lang='grc' dir='ltr'>κατηγορίας</span> <span class='ocrx_word' id='word_1_425' title='bbox 2758 1511 2916 1573; x_wconf 84' lang='grc' dir='ltr'>εἶναι,</span> <span class='ocrx_word' id='word_1_426' title='bbox 2944 1512 3034 1564; x_wconf 82' lang='grc' dir='ltr'><strong>τὸν</strong></span> <span class='ocrx_word' id='word_1_427' title='bbox 3077 1510 3499 1581; x_wconf 81' lang='grc' dir='ltr'>πλημμελοῦντα</span> <span class='ocrx_word' id='word_1_428' title='bbox 3539 1510 3637 1580; x_wconf 85' lang='grc' dir='ltr'><strong>μὲν</strong></span> <span class='ocrx_word' id='word_1_429' title='bbox 3668 1512 3724 1562; x_wconf 89' lang='grc' dir='ltr'><strong>ἐν</strong></span> 
     </span>
    </p>
   </div>
   <div class='ocr_carea' id='block_1_60' title="bbox 2146 1603 3726 1676">
    <p class='ocr_par' dir='ltr' id='par_1_60' title="bbox 2146 1603 3726 1676">
     <span class='ocr_line' id='line_1_60' title="bbox 2146 1603 3726 1676; baseline -0.003 -17"><span class='ocrx_word' id='word_1_430' title='bbox 2146 1610 2259 1669; x_wconf 88' lang='grc' dir='ltr'>τοῖς</span> <span class='ocrx_word' id='word_1_431' title='bbox 2284 1608 2576 1676; x_wconf 81' lang='grc' dir='ltr'>δόγμασιν,</span> <span class='ocrx_word' id='word_1_432' title='bbox 2618 1607 2717 1657; x_wconf 81' lang='grc' dir='ltr'><strong>οὑκ</strong></span> <span class='ocrx_word' id='word_1_433' title='bbox 2744 1604 2917 1657; x_wconf 78' lang='grc' dir='ltr'>εἰδότα</span> <span class='ocrx_word' id='word_1_434' title='bbox 2943 1604 3033 1671; x_wconf 81' lang='grc' dir='ltr'><strong>δὲ,</strong></span> <span class='ocrx_word' id='word_1_435' title='bbox 3082 1603 3264 1667; x_wconf 81' lang='grc' dir='ltr'>καθώς</span> <span class='ocrx_word' id='word_1_436' title='bbox 3304 1622 3466 1673; x_wconf 87' lang='grc' dir='ltr'>φησιν</span> <span class='ocrx_word' id='word_1_437' title='bbox 3499 1606 3527 1656; x_wconf 97' lang='lat'><strong>6</strong></span> <span class='ocrx_word' id='word_1_438' title='bbox 3571 1604 3726 1656; x_wconf 80' lang='grc' dir='ltr'>Ἀπό-</span> 
     </span>
    </p>
   </div>
   <div class='ocr_carea' id='block_1_61' title="bbox 2150 1696 3720 1767">
    <p class='ocr_par' dir='ltr' id='par_1_61' title="bbox 2150 1696 3720 1767">
     <span class='ocr_line' id='line_1_61' title="bbox 2150 1696 3720 1767; baseline -0.001 -17"><span class='ocrx_word' id='word_1_439' title='bbox 2150 1699 2362 1761; x_wconf 86' lang='grc' dir='ltr'>στολος,</span> <span class='ocrx_word' id='word_1_440' title='bbox 2390 1696 2512 1750; x_wconf 68' lang='grc' dir='ltr'>οὔτε</span> <span class='ocrx_word' id='word_1_441' title='bbox 2541 1697 2569 1749; x_wconf 85' lang='lat'><strong>6</strong></span> <span class='ocrx_word' id='word_1_442' title='bbox 2597 1696 2777 1765; x_wconf 83' lang='grc' dir='ltr'>λέγει,</span> <span class='ocrx_word' id='word_1_443' title='bbox 2806 1696 2927 1749; x_wconf 74' lang='grc' dir='ltr'>οὔτε</span> <span class='ocrx_word' id='word_1_444' title='bbox 2964 1697 3090 1767; x_wconf 67' lang='grc' dir='ltr'>περὶ</span> <span class='ocrx_word' id='word_1_445' title='bbox 3115 1697 3273 1750; x_wconf 89' lang='grc' dir='ltr'>τίνων</span> <span class='ocrx_word' id='word_1_446' title='bbox 3301 1696 3720 1749; x_wconf 79' lang='grc' dir='ltr'>διαϐεϐαιοῦται.</span> 
     </span>
    </p>
   </div>
   <div class='ocr_carea' id='block_1_62' title="bbox 2219 1950 3719 2033">
    <p class='ocr_par' dir='ltr' id='par_1_62' title="bbox 2219 1950 3719 2033">
     <span class='ocr_line' id='line_1_62' title="bbox 2219 1950 3719 2033; baseline 0.021 -52"><span class='ocrx_word' id='word_1_447' title='bbox 2219 1955 2289 2033; x_wconf 72' lang='grc' dir='ltr'><strong>τῼ</strong></span> <span class='ocrx_word' id='word_1_448' title='bbox 2321 1960 2428 2031; x_wconf 65' lang='grc' dir='ltr'>γὰρ</span> <span class='ocrx_word' id='word_1_449' title='bbox 2457 1961 2519 2013; x_wconf 65' lang='grc' dir='ltr'>ἐκ</span> <span class='ocrx_word' id='word_1_450' title='bbox 2558 1959 2649 2012; x_wconf 68' lang='grc' dir='ltr'><strong>τοῦ</strong></span> <span class='ocrx_word' id='word_1_451' title='bbox 2700 1958 3064 2028; x_wconf 81' lang='grc' dir='ltr'>γεννηθῆναι,</span> <span class='ocrx_word' id='word_1_452' title='bbox 3095 1959 3246 2027; x_wconf 78' lang='grc' dir='ltr'>φησὶ,</span> <span class='ocrx_word' id='word_1_453' title='bbox 3281 1959 3342 2010; x_wconf 76' lang='grc' dir='ltr'><strong>τὸ</strong></span> <span class='ocrx_word' id='word_1_454' title='bbox 3370 1956 3530 2023; x_wconf 72' lang='grc' dir='ltr'>εἶναι,</span> <span class='ocrx_word' id='word_1_455' title='bbox 3566 1950 3719 2021; x_wconf 71' lang='grc' dir='ltr'>οὗτος</span> 
     </span>
    </p>
   </div>
   <div class='ocr_carea' id='block_1_63' title="bbox 2149 2046 3725 2122">
    <p class='ocr_par' dir='ltr' id='par_1_63' title="bbox 2149 2046 3725 2122">
     <span class='ocr_line' id='line_1_63' title="bbox 2149 2046 3725 2122; baseline -0.003 -18"><span class='ocrx_word' id='word_1_456' title='bbox 2149 2053 2253 2122; x_wconf 77' lang='grc' dir='ltr'><strong>πρὸ</strong></span> <span class='ocrx_word' id='word_1_457' title='bbox 2289 2053 2385 2121; x_wconf 82' lang='grc' dir='ltr'>τῆς</span> <span class='ocrx_word' id='word_1_458' title='bbox 2416 2054 2720 2122; x_wconf 80' lang='grc' dir='ltr'>γεννήσεως</span> <span class='ocrx_word' id='word_1_459' title='bbox 2754 2051 2853 2103; x_wconf 79' lang='grc' dir='ltr'><strong>οὐκ</strong></span> <span class='ocrx_word' id='word_1_460' title='bbox 2873 2046 2960 2120; x_wconf 83' lang='grc' dir='ltr'><strong>ἦν.</strong></span> <span class='ocrx_word' id='word_1_461' title='bbox 2995 2050 3057 2102; x_wconf 81' lang='grc' dir='ltr'><strong>Εἰ</strong></span> <span class='ocrx_word' id='word_1_462' title='bbox 3084 2051 3205 2103; x_wconf 73' lang='grc' dir='ltr'>ἀντὶ</span> <span class='ocrx_word' id='word_1_463' title='bbox 3228 2049 3323 2103; x_wconf 76' lang='grc' dir='ltr'>τοῦ</span> <span class='ocrx_word' id='word_1_464' title='bbox 3354 2049 3562 2120; x_wconf 66' lang='grc' dir='ltr'>Πατρός</span> <span class='ocrx_word' id='word_1_465' title='bbox 3592 2051 3725 2101; x_wconf 82' lang='grc' dir='ltr'>νοῶν</span> 
     </span>
    </p>
   </div>
   <div class='ocr_carea' id='block_1_64' title="bbox 2148 2141 3726 2214">
    <p class='ocr_par' dir='ltr' id='par_1_64' title="bbox 2148 2141 3726 2214">
     <span class='ocr_line' id='line_1_64' title="bbox 2148 2141 3726 2214; baseline -0.002 -18"><span class='ocrx_word' id='word_1_466' title='bbox 2148 2144 2244 2214; x_wconf 84' lang='grc' dir='ltr'>τὴν</span> <span class='ocrx_word' id='word_1_467' title='bbox 2278 2144 2527 2213; x_wconf 78' lang='grc' dir='ltr'>γέννησιν</span> <span class='ocrx_word' id='word_1_468' title='bbox 2548 2142 2715 2211; x_wconf 82' lang='grc' dir='ltr'>λέγει,</span> <span class='ocrx_word' id='word_1_469' title='bbox 2743 2142 2897 2211; x_wconf 88' lang='grc' dir='ltr'>κάγὼ</span> <span class='ocrx_word' id='word_1_470' title='bbox 2930 2141 3360 2211; x_wconf 79' lang='grc' dir='ltr'>συντίθεμαι,κα“ι</span> <span class='ocrx_word' id='word_1_471' title='bbox 3380 2143 3407 2194; x_wconf 89' lang='lat'><strong>6</strong></span> <span class='ocrx_word' id='word_1_472' title='bbox 3436 2141 3726 2207; x_wconf 82' lang='grc' dir='ltr'>ἀντιλέγων</span> 
     </span>
    </p>
   </div>
   <div class='ocr_carea' id='block_1_65' title="bbox 2149 2233 3726 2305">
    <p class='ocr_par' dir='ltr' id='par_1_65' title="bbox 2149 2233 3726 2305">
     <span class='ocr_line' id='line_1_65' title="bbox 2149 2233 3726 2305; baseline -0.003 -16"><span class='ocrx_word' id='word_1_473' title='bbox 2149 2239 2248 2289; x_wconf 81' lang='grc' dir='ltr'><strong>οὑκ</strong></span> <span class='ocrx_word' id='word_1_474' title='bbox 2298 2235 2464 2287; x_wconf 77' lang='grc' dir='ltr'>ἐστιν.</span> <span class='ocrx_word' id='word_1_475' title='bbox 2511 2234 2688 2287; x_wconf 80' lang='grc' dir='ltr'>Ταὺτὸ</span> <span class='ocrx_word' id='word_1_476' title='bbox 2735 2236 2843 2305; x_wconf 88' lang='grc' dir='ltr'><strong>γάρ</strong></span> <span class='ocrx_word' id='word_1_477' title='bbox 2893 2236 3009 2287; x_wconf 76' lang='grc' dir='ltr'>ἐστι</span> <span class='ocrx_word' id='word_1_478' title='bbox 3059 2234 3125 2287; x_wconf 87' lang='grc' dir='ltr'>δι’</span> <span class='ocrx_word' id='word_1_479' title='bbox 3175 2233 3440 2304; x_wconf 78' lang='grc' dir='ltr'>ἑκατέρας</span> <span class='ocrx_word' id='word_1_480' title='bbox 3489 2233 3726 2303; x_wconf 75' lang='grc' dir='ltr'>σημῆναι</span> 
     </span>
    </p>
   </div>
   <div class='ocr_carea' id='block_1_66' title="bbox 2148 2324 3728 2396">
    <p class='ocr_par' dir='ltr' id='par_1_66' title="bbox 2148 2324 3728 2396">
     <span class='ocr_line' id='line_1_66' title="bbox 2148 2324 3728 2396; baseline -0.001 -18"><span class='ocrx_word' id='word_1_481' title='bbox 2148 2328 2244 2395; x_wconf 79' lang='grc' dir='ltr'>τῆς</span> <span class='ocrx_word' id='word_1_482' title='bbox 2268 2324 2484 2390; x_wconf 82' lang='grc' dir='ltr'>λέξεως,</span> <span class='ocrx_word' id='word_1_483' title='bbox 2516 2326 2580 2378; x_wconf 79' lang='grc' dir='ltr'>ἔκ</span> <span class='ocrx_word' id='word_1_484' title='bbox 2611 2343 2671 2379; x_wconf 89' lang='grc' dir='ltr'><strong>τε</strong></span> <span class='ocrx_word' id='word_1_485' title='bbox 2702 2326 2795 2378; x_wconf 78' lang='grc' dir='ltr'>τοῦ</span> <span class='ocrx_word' id='word_1_486' title='bbox 2828 2328 3023 2391; x_wconf 80' lang='grc' dir='ltr'>εἰπεῖν,</span> <span class='ocrx_word' id='word_1_487' title='bbox 3066 2327 3147 2379; x_wconf 84' lang='grc' dir='ltr'>ὅτι</span> <span class='ocrx_word' id='word_1_488' title='bbox 3197 2325 3444 2396; x_wconf 69' lang='grc' dir='ltr'>Ἀϐραὰμ</span> <span class='ocrx_word' id='word_1_489' title='bbox 3475 2326 3728 2396; x_wconf 77' lang='grc' dir='ltr'>ἐγέννησε</span> 
     </span>
    </p>
   </div>
   <div class='ocr_carea' id='block_1_67' title="bbox 2148 2418 3729 2490">
    <p class='ocr_par' dir='ltr' id='par_1_67' title="bbox 2148 2418 3729 2490">
     <span class='ocr_line' id='line_1_67' title="bbox 2148 2418 3729 2490; baseline -0.001 -20"><span class='ocrx_word' id='word_1_490' title='bbox 2148 2420 2238 2470; x_wconf 77' lang='grc' dir='ltr'><strong>τὸν</strong></span> <span class='ocrx_word' id='word_1_491' title='bbox 2264 2419 2469 2482; x_wconf 80' lang='grc' dir='ltr'>Ἰσαὰκ,</span> <span class='ocrx_word' id='word_1_492' title='bbox 2498 2421 2593 2472; x_wconf 69' lang='grc' dir='ltr'><strong>καὶ</strong></span> <span class='ocrx_word' id='word_1_493' title='bbox 2624 2419 2744 2472; x_wconf 75' lang='grc' dir='ltr'>ἀντὶ</span> <span class='ocrx_word' id='word_1_494' title='bbox 2771 2418 2862 2472; x_wconf 81' lang='grc' dir='ltr'>τοῦ</span> <span class='ocrx_word' id='word_1_495' title='bbox 2900 2419 3208 2490; x_wconf 79' lang='grc' dir='ltr'>ἐγέννησεν,</span> <span class='ocrx_word' id='word_1_496' title='bbox 3232 2420 3315 2471; x_wconf 83' lang='grc' dir='ltr'><strong>ὅτι</strong></span> <span class='ocrx_word' id='word_1_497' title='bbox 3346 2419 3531 2490; x_wconf 80' lang='grc' dir='ltr'>πατὴρ</span> <span class='ocrx_word' id='word_1_498' title='bbox 3550 2419 3729 2485; x_wconf 82' lang='grc' dir='ltr'>ἐγένε-</span> 
     </span>
    </p>
   </div>
   <div class='ocr_carea' id='block_1_68' title="bbox 2148 2506 3731 2582">
    <p class='ocr_par' dir='ltr' id='par_1_68' title="bbox 2148 2506 3731 2582">
     <span class='ocr_line' id='line_1_68' title="bbox 2148 2506 3731 2582; baseline 0 -20"><span class='ocrx_word' id='word_1_499' title='bbox 2148 2527 2208 2563; x_wconf 87' lang='grc' dir='ltr'><strong>το</strong></span> <span class='ocrx_word' id='word_1_500' title='bbox 2260 2510 2352 2563; x_wconf 77' lang='grc' dir='ltr'>τοῦ</span> <span class='ocrx_word' id='word_1_501' title='bbox 2396 2509 2595 2563; x_wconf 84' lang='grc' dir='ltr'>Ἰσαάκ.</span> <span class='ocrx_word' id='word_1_502' title='bbox 2644 2510 2796 2564; x_wconf 79' lang='grc' dir='ltr'>Ἐπεὶ</span> <span class='ocrx_word' id='word_1_503' title='bbox 2818 2506 2910 2563; x_wconf 80' lang='grc' dir='ltr'><strong>οὖν</strong></span> <span class='ocrx_word' id='word_1_504' title='bbox 2937 2512 3130 2564; x_wconf 80' lang='grc' dir='ltr'>ταύτόν</span> <span class='ocrx_word' id='word_1_505' title='bbox 3160 2513 3273 2563; x_wconf 82' lang='grc' dir='ltr'>ἐστι</span> <span class='ocrx_word' id='word_1_506' title='bbox 3302 2511 3377 2582; x_wconf 82' lang='grc' dir='ltr'>τῷ</span> <span class='ocrx_word' id='word_1_507' title='bbox 3407 2511 3731 2580; x_wconf 85' lang='grc' dir='ltr'>γεγεννηκέ-</span> 
     </span>
    </p>
   </div>
   <div class='ocr_carea' id='block_1_69' title="bbox 2149 2599 3730 2672">
    <p class='ocr_par' dir='ltr' id='par_1_69' title="bbox 2149 2599 3730 2672">
     <span class='ocr_line' id='line_1_69' title="bbox 2149 2599 3730 2672; baseline 0.001 -21"><span class='ocrx_word' id='word_1_508' title='bbox 2149 2618 2234 2653; x_wconf 76' lang='grc' dir='ltr'><strong>ναι</strong></span> <span class='ocrx_word' id='word_1_509' title='bbox 2267 2602 2326 2653; x_wconf 74' lang='grc' dir='ltr'>τὸ</span> <span class='ocrx_word' id='word_1_510' title='bbox 2351 2603 2560 2672; x_wconf 83' lang='grc' dir='ltr'>πατέρα</span> <span class='ocrx_word' id='word_1_511' title='bbox 2595 2599 2752 2667; x_wconf 77' lang='grc' dir='ltr'>εἶναι,</span> <span class='ocrx_word' id='word_1_512' title='bbox 2789 2603 2840 2655; x_wconf 83' lang='grc' dir='ltr'><strong>εἴ</strong></span> <span class='ocrx_word' id='word_1_513' title='bbox 2866 2619 2950 2665; x_wconf 86' lang='grc' dir='ltr'><strong>τις</strong></span> <span class='ocrx_word' id='word_1_514' title='bbox 2982 2602 3118 2671; x_wconf 78' lang='grc' dir='ltr'>πρὸς</span> <span class='ocrx_word' id='word_1_515' title='bbox 3142 2602 3325 2672; x_wconf 78' lang='grc' dir='ltr'>ἕτερον</span> <span class='ocrx_word' id='word_1_516' title='bbox 3356 2600 3526 2653; x_wconf 83' lang='grc' dir='ltr'>τύπον</span> <span class='ocrx_word' id='word_1_517' title='bbox 3566 2617 3730 2671; x_wconf 82' lang='grc' dir='ltr'>μετα·-</span> 
     </span>
    </p>
   </div>
   <div class='ocr_carea' id='block_1_70' title="bbox 2149 2688 3730 2763">
    <p class='ocr_par' dir='ltr' id='par_1_70' title="bbox 2149 2688 3730 2763">
     <span class='ocr_line' id='line_1_70' title="bbox 2149 2688 3730 2763; baseline 0.002 -22"><span class='ocrx_word' id='word_1_518' title='bbox 2149 2690 2300 2743; x_wconf 74' lang='grc' dir='ltr'>λάϐοι</span> <span class='ocrx_word' id='word_1_519' title='bbox 2334 2693 2403 2744; x_wconf 73' lang='grc' dir='ltr'>τὰ</span> <span class='ocrx_word' id='word_1_520' title='bbox 2436 2692 2671 2761; x_wconf 73' lang='grc' dir='ltr'>ῥήματα,</span> <span class='ocrx_word' id='word_1_521' title='bbox 2698 2692 2894 2743; x_wconf 71' lang='grc' dir='ltr'>ταύτὸν</span> <span class='ocrx_word' id='word_1_522' title='bbox 2928 2688 3059 2744; x_wconf 70' lang='grc' dir='ltr'>οὖσα</span> <span class='ocrx_word' id='word_1_523' title='bbox 3090 2695 3153 2762; x_wconf 76' lang='grc' dir='ltr'>τῇ</span> <span class='ocrx_word' id='word_1_524' title='bbox 3182 2694 3427 2762; x_wconf 76' lang='grc' dir='ltr'>γεννήσει</span> <span class='ocrx_word' id='word_1_525' title='bbox 3462 2695 3493 2763; x_wconf 81' lang='grc' dir='ltr'>ἡ</span> <span class='ocrx_word' id='word_1_526' title='bbox 3528 2693 3730 2762; x_wconf 75' lang='grc' dir='ltr'>πατρόο</span> 
     </span>
    </p>
   </div>
   <div class='ocr_carea' id='block_1_71' title="bbox 2149 2780 3731 2854">
    <p class='ocr_par' dir='ltr' id='par_1_71' title="bbox 2149 2780 3731 2854">
     <span class='ocr_line' id='line_1_71' title="bbox 2149 2780 3731 2854; baseline 0.001 -19"><span class='ocrx_word' id='word_1_527' title='bbox 2149 2799 2247 2852; x_wconf 89' lang='grc' dir='ltr'><strong>της</strong></span> <span class='ocrx_word' id='word_1_528' title='bbox 2279 2782 2741 2853; x_wconf 78' lang='grc' dir='ltr'>ἀναδειχθήσεται.</span> <span class='ocrx_word' id='word_1_529' title='bbox 2781 2784 2843 2836; x_wconf 73' lang='lat' dir='ltr'><strong>Et</strong></span> <span class='ocrx_word' id='word_1_530' title='bbox 2881 2780 2972 2836; x_wconf 71' lang='grc' dir='ltr'>οὖν</span> <span class='ocrx_word' id='word_1_531' title='bbox 3004 2783 3145 2835; x_wconf 76' lang='grc' dir='ltr'>οὑτω</span> <span class='ocrx_word' id='word_1_532' title='bbox 3178 2785 3339 2853; x_wconf 69' lang='grc' dir='ltr'>φησὶν</span> <span class='ocrx_word' id='word_1_533' title='bbox 3372 2786 3399 2836; x_wconf 88' lang='lat'><strong>6</strong></span> <span class='ocrx_word' id='word_1_534' title='bbox 3442 2785 3731 2854; x_wconf 74' lang='grc' dir='ltr'>Εὸνόμιος,</span> 
     </span>
    </p>
   </div>
   <div class='ocr_carea' id='block_1_72' title="bbox 2151 2867 3730 2946">
    <p class='ocr_par' dir='ltr' id='par_1_72' title="bbox 2151 2867 3730 2946">
     <span class='ocr_line' id='line_1_72' title="bbox 2151 2867 3730 2946; baseline 0.001 -19"><span class='ocrx_word' id='word_1_535' title='bbox 2151 2867 2325 2946; x_wconf 60' lang='grc' dir='ltr'>ὄτι⁷ῼ</span> <span class='ocrx_word' id='word_1_536' title='bbox 2364 2875 2472 2944; x_wconf 77' lang='grc' dir='ltr'><strong>γὰρ</strong></span> <span class='ocrx_word' id='word_1_537' title='bbox 2522 2876 2584 2927; x_wconf 83' lang='grc' dir='ltr'>ὲκ</span> <span class='ocrx_word' id='word_1_538' title='bbox 2626 2874 2719 2926; x_wconf 79' lang='grc' dir='ltr'>τοῦ</span> <span class='ocrx_word' id='word_1_539' title='bbox 2760 2875 2971 2945; x_wconf 75' lang='grc' dir='ltr'>Πατρδς</span> <span class='ocrx_word' id='word_1_540' title='bbox 3001 2876 3059 2927; x_wconf 75' lang='grc' dir='ltr'>τὸ</span> <span class='ocrx_word' id='word_1_541' title='bbox 3101 2870 3274 2939; x_wconf 77' lang='grc' dir='ltr'>εἶναι,</span> <span class='ocrx_word' id='word_1_542' title='bbox 3324 2870 3475 2938; x_wconf 71' lang='grc' dir='ltr'>οὗτος</span> <span class='ocrx_word' id='word_1_543' title='bbox 3506 2875 3609 2945; x_wconf 81' lang='grc' dir='ltr'>πρὸ</span> <span class='ocrx_word' id='word_1_544' title='bbox 3639 2876 3730 2928; x_wconf 79' lang='grc' dir='ltr'>τοῦ</span> 
     </span>
    </p>
   </div>
   <div class='ocr_carea' id='block_1_73' title="bbox 2154 2968 3734 3043">
    <p class='ocr_par' dir='ltr' id='par_1_73' title="bbox 2154 2968 3734 3043">
     <span class='ocr_line' id='line_1_73' title="bbox 2154 2968 3734 3043; baseline 0.001 -20"><span class='ocrx_word' id='word_1_545' title='bbox 2154 2970 2365 3040; x_wconf 70' lang='grc' dir='ltr'>Πατρός</span> <span class='ocrx_word' id='word_1_546' title='bbox 2396 2973 2493 3024; x_wconf 81' lang='grc' dir='ltr'><strong>οὑκ</strong></span> <span class='ocrx_word' id='word_1_547' title='bbox 2526 2968 2613 3043; x_wconf 80' lang='grc' dir='ltr'>ἦν,</span> <span class='ocrx_word' id='word_1_548' title='bbox 2646 2973 2879 3040; x_wconf 84' lang='grc' dir='ltr'>ὑγιαίνει</span> <span class='ocrx_word' id='word_1_549' title='bbox 2910 2974 2938 3024; x_wconf 91' lang='lat'><strong>6</strong></span> <span class='ocrx_word' id='word_1_550' title='bbox 2982 2971 3158 3038; x_wconf 77' lang='grc' dir='ltr'>λόγος,</span> <span class='ocrx_word' id='word_1_551' title='bbox 3196 2975 3289 3023; x_wconf 72' lang='grc' dir='ltr'><strong>καὶ</strong></span> <span class='ocrx_word' id='word_1_552' title='bbox 3318 2974 3477 3041; x_wconf 73' lang='grc' dir='ltr'>ἡμεῖς</span> <span class='ocrx_word' id='word_1_553' title='bbox 3514 2975 3624 3034; x_wconf 83' lang='grc' dir='ltr'>τοῖς</span> <span class='ocrx_word' id='word_1_554' title='bbox 3658 2974 3734 3024; x_wconf 78' lang='grc' dir='ltr'>είο</span> 
     </span>
    </p>
   </div>
   <div class='ocr_carea' id='block_1_74' title="bbox 2158 3063 3735 3136">
    <p class='ocr_par' dir='ltr' id='par_1_74' title="bbox 2158 3063 3735 3136">
     <span class='ocr_line' id='line_1_74' title="bbox 2158 3063 3735 3136; baseline -0.001 -19"><span class='ocrx_word' id='word_1_555' title='bbox 2158 3067 2409 3136; x_wconf 87' lang='grc' dir='ltr'>ρημένοις</span> <span class='ocrx_word' id='word_1_556' title='bbox 2449 3064 2867 3134; x_wconf 63' lang='grc' dir='ltr'>ἐπιψηφίζομεν.</span> <span class='ocrx_word' id='word_1_557' title='bbox 2907 3063 2967 3116; x_wconf 76' lang='lat' dir='ltr'><strong>Ei</strong></span> <span class='ocrx_word' id='word_1_558' title='bbox 2996 3064 3050 3115; x_wconf 85' lang='grc' dir='ltr'>δὲ</span> <span class='ocrx_word' id='word_1_559' title='bbox 3098 3064 3232 3135; x_wconf 79' lang='grc' dir='ltr'>πρὸς</span> <span class='ocrx_word' id='word_1_560' title='bbox 3264 3066 3478 3135; x_wconf 82' lang='grc' dir='ltr'>ἐκείνην</span> <span class='ocrx_word' id='word_1_561' title='bbox 3510 3065 3735 3135; x_wconf 82' lang='grc' dir='ltr'>ἀνατρέ-</span> 
     </span>
    </p>
   </div>
   <div class='ocr_carea' id='block_1_75' title="bbox 2154 3153 3734 3226">
    <p class='ocr_par' dir='ltr' id='par_1_75' title="bbox 2154 3153 3734 3226">
     <span class='ocr_line' id='line_1_75' title="bbox 2154 3153 3734 3226; baseline 0.001 -20"><span class='ocrx_word' id='word_1_562' title='bbox 2154 3172 2236 3225; x_wconf 89' lang='grc' dir='ltr'><strong>χει</strong></span> <span class='ocrx_word' id='word_1_563' title='bbox 2273 3154 2349 3223; x_wconf 85' lang='grc' dir='ltr'><strong>τῷ</strong></span> <span class='ocrx_word' id='word_1_564' title='bbox 2377 3154 2520 3224; x_wconf 84' lang='grc' dir='ltr'>λόγῳ</span> <span class='ocrx_word' id='word_1_565' title='bbox 2549 3154 2648 3223; x_wconf 82' lang='grc' dir='ltr'>τὴν</span> <span class='ocrx_word' id='word_1_566' title='bbox 2682 3153 2954 3223; x_wconf 79' lang='grc' dir='ltr'>γέννησιν,</span> <span class='ocrx_word' id='word_1_567' title='bbox 2987 3153 3081 3207; x_wconf 64' lang='grc' dir='ltr'><strong>κα)⁸</strong></span> <span class='ocrx_word' id='word_1_568' title='bbox 3111 3155 3441 3224; x_wconf 87' lang='grc' dir='ltr'>κεχωρίσθαι</span> <span class='ocrx_word' id='word_1_569' title='bbox 3475 3156 3571 3226; x_wconf 86' lang='grc' dir='ltr'><strong>μέν</strong></span> <span class='ocrx_word' id='word_1_570' title='bbox 3602 3172 3734 3226; x_wconf 83' lang='grc' dir='ltr'>φησι</span> 
     </span>
    </p>
   </div>
   <div class='ocr_carea' id='block_1_76' title="bbox 2156 3239 3736 3319">
    <p class='ocr_par' dir='ltr' id='par_1_76' title="bbox 2156 3239 3736 3319">
     <span class='ocr_line' id='line_1_76' title="bbox 2156 3239 3736 3319; baseline 0.001 -20"><span class='ocrx_word' id='word_1_571' title='bbox 2156 3245 2246 3299; x_wconf 79' lang='grc' dir='ltr'>τοῦ</span> <span class='ocrx_word' id='word_1_572' title='bbox 2290 3246 2521 3316; x_wconf 82' lang='grc' dir='ltr'>Πατρὺς,</span> <span class='ocrx_word' id='word_1_573' title='bbox 2546 3239 2897 3315; x_wconf 77' lang='grc' dir='ltr'>συνεζεῦχθαι</span> <span class='ocrx_word' id='word_1_574' title='bbox 2938 3246 2992 3298; x_wconf 82' lang='grc' dir='ltr'>δὲ</span> <span class='ocrx_word' id='word_1_575' title='bbox 3029 3245 3106 3316; x_wconf 83' lang='grc' dir='ltr'>τῷ</span> <span class='ocrx_word' id='word_1_576' title='bbox 3134 3245 3247 3315; x_wconf 85' lang='grc' dir='ltr'><strong>Υἰῷ</strong></span> <span class='ocrx_word' id='word_1_577' title='bbox 3271 3287 3285 3311; x_wconf 94' lang='grc'><strong>,</strong></span> <span class='ocrx_word' id='word_1_578' title='bbox 3314 3247 3540 3316; x_wconf 81' lang='grc' dir='ltr'>μάταιον</span> <span class='ocrx_word' id='word_1_579' title='bbox 3573 3248 3736 3319; x_wconf 82' lang='grc' dir='ltr'>ἠγοῦ-</span> 
     </span>
    </p>
   </div>
   <div class='ocr_carea' id='block_1_77' title="bbox 2161 3337 3734 3410">
    <p class='ocr_par' dir='ltr' id='par_1_77' title="bbox 2161 3337 3734 3410">
     <span class='ocr_line' id='line_1_77' title="bbox 2161 3337 3734 3410; baseline 0.004 -20"><span class='ocrx_word' id='word_1_580' title='bbox 2161 3355 2259 3409; x_wconf 88' lang='grc' dir='ltr'><strong>μαι</strong></span> <span class='ocrx_word' id='word_1_581' title='bbox 2283 3341 2348 3409; x_wconf 85' lang='grc' dir='ltr'>τῇ</span> <span class='ocrx_word' id='word_1_582' title='bbox 2381 3337 2487 3389; x_wconf 85' lang='grc' dir='ltr'><strong>τῶν</strong></span> <span class='ocrx_word' id='word_1_583' title='bbox 2525 3337 2852 3406; x_wconf 83' lang='grc' dir='ltr'>ἀδιανοήτων</span> <span class='ocrx_word' id='word_1_584' title='bbox 2888 3337 3275 3409; x_wconf 85' lang='grc' dir='ltr'>ἐμφιλοχωρεῖν</span> <span class='ocrx_word' id='word_1_585' title='bbox 3320 3340 3548 3410; x_wconf 74' lang='grc' dir='ltr'>θεωρίᾳ.</span> <span class='ocrx_word' id='word_1_586' title='bbox 3597 3341 3734 3396; x_wconf 80' lang='grc' dir='ltr'><strong>υὺτε</strong></span> 
     </span>
    </p>
   </div>
   <div class='ocr_carea' id='block_1_78' title="bbox 2158 3429 3732 3503">
    <p class='ocr_par' dir='ltr' id='par_1_78' title="bbox 2158 3429 3732 3503">
     <span class='ocr_line' id='line_1_78' title="bbox 2158 3429 3732 3503; baseline 0.004 -22"><span class='ocrx_word' id='word_1_587' title='bbox 2158 3435 2264 3499; x_wconf 84' lang='grc' dir='ltr'><strong>γὰρ</strong></span> <span class='ocrx_word' id='word_1_588' title='bbox 2307 3431 2354 3482; x_wconf 85' lang='grc' dir='ltr'>εἰ</span> <span class='ocrx_word' id='word_1_589' title='bbox 2398 3430 2628 3499; x_wconf 77' lang='grc' dir='ltr'>πρᾶγμα</span> <span class='ocrx_word' id='word_1_590' title='bbox 2660 3430 2778 3482; x_wconf 77' lang='grc' dir='ltr'>κατ’</span> <span class='ocrx_word' id='word_1_591' title='bbox 2832 3429 2967 3482; x_wconf 78' lang='grc' dir='ltr'>ἰδίαν</span> <span class='ocrx_word' id='word_1_592' title='bbox 3000 3430 3297 3484; x_wconf 85' lang='grc' dir='ltr'>ὑπόστασιν</span> <span class='ocrx_word' id='word_1_593' title='bbox 3342 3432 3732 3503; x_wconf 76' lang='grc' dir='ltr'>θεωρούμενον,</span> 
     </span>
    </p>
   </div>
   <div class='ocr_carea' id='block_1_79' title="bbox 2158 3519 3737 3591">
    <p class='ocr_par' dir='ltr' id='par_1_79' title="bbox 2158 3519 3737 3591">
     <span class='ocr_line' id='line_1_79' title="bbox 2158 3519 3737 3591; baseline 0.003 -20"><span class='ocrx_word' id='word_1_594' title='bbox 2158 3520 2255 3589; x_wconf 83' lang='grc' dir='ltr'><strong>τὴν</strong></span> <span class='ocrx_word' id='word_1_595' title='bbox 2307 3520 2556 3590; x_wconf 84' lang='grc' dir='ltr'>γέννησιν</span> <span class='ocrx_word' id='word_1_596' title='bbox 2600 3519 2801 3583; x_wconf 69' lang='grc' dir='ltr'>οἴεται,</span> <span class='ocrx_word' id='word_1_597' title='bbox 2831 3519 2955 3573; x_wconf 72' lang='grc' dir='ltr'>οὔτε</span> <span class='ocrx_word' id='word_1_598' title='bbox 2998 3522 3046 3573; x_wconf 86' lang='grc' dir='ltr'><strong>εί</strong></span> <span class='ocrx_word' id='word_1_599' title='bbox 3096 3522 3234 3591; x_wconf 80' lang='grc' dir='ltr'>πρὸς</span> <span class='ocrx_word' id='word_1_600' title='bbox 3277 3522 3336 3575; x_wconf 82' lang='grc' dir='ltr'><strong>τὸ</strong></span> <span class='ocrx_word' id='word_1_601' title='bbox 3368 3524 3737 3577; x_wconf 82' lang='grc' dir='ltr'>ἀνυπόστατον</span> 
     </span>
    </p>
   </div>
   <div class='ocr_carea' id='block_1_80' title="bbox 2158 3611 3735 3685">
    <p class='ocr_par' dir='ltr' id='par_1_80' title="bbox 2158 3611 3735 3685">
     <span class='ocr_line' id='line_1_80' title="bbox 2158 3611 3735 3685; baseline 0.002 -20"><span class='ocrx_word' id='word_1_602' title='bbox 2158 3615 2276 3675; x_wconf 85' lang='grc' dir='ltr'>ταῖς</span> <span class='ocrx_word' id='word_1_603' title='bbox 2304 3612 2531 3674; x_wconf 74' lang='grc' dir='ltr'>ἐννοίαις</span> <span class='ocrx_word' id='word_1_604' title='bbox 2555 3611 2641 3663; x_wconf 73' lang='grc' dir='ltr'>διὰ</span> <span class='ocrx_word' id='word_1_605' title='bbox 2672 3611 2764 3664; x_wconf 72' lang='grc' dir='ltr'>τοῦ</span> <span class='ocrx_word' id='word_1_606' title='bbox 2792 3612 3051 3682; x_wconf 83' lang='grc' dir='ltr'>ὀνόματος</span> <span class='ocrx_word' id='word_1_607' title='bbox 3075 3613 3425 3684; x_wconf 86' lang='grc' dir='ltr'>ὑποσύρεται,</span> <span class='ocrx_word' id='word_1_608' title='bbox 3458 3615 3612 3685; x_wconf 85' lang='grc' dir='ltr'>μέχρι</span> <span class='ocrx_word' id='word_1_609' title='bbox 3640 3616 3735 3669; x_wconf 80' lang='grc' dir='ltr'>τοῦ</span> 
     </span>
    </p>
   </div>
   <div class='ocr_carea' id='block_1_81' title="bbox 2160 3703 3735 3776">
    <p class='ocr_par' dir='ltr' id='par_1_81' title="bbox 2160 3703 3735 3776">
     <span class='ocr_line' id='line_1_81' title="bbox 2160 3703 3735 3776; baseline 0.001 -19"><span class='ocrx_word' id='word_1_610' title='bbox 2160 3703 2253 3757; x_wconf 78' lang='grc' dir='ltr'>νῦν</span> <span class='ocrx_word' id='word_1_611' title='bbox 2280 3705 2343 3756; x_wconf 83' lang='grc' dir='ltr'><strong>ἐκ</strong></span> <span class='ocrx_word' id='word_1_612' title='bbox 2375 3703 2485 3755; x_wconf 83' lang='grc' dir='ltr'>τῶν</span> <span class='ocrx_word' id='word_1_613' title='bbox 2514 3704 2820 3773; x_wconf 79' lang='grc' dir='ltr'>εἰρημένων</span> <span class='ocrx_word' id='word_1_614' title='bbox 2861 3704 3095 3755; x_wconf 85' lang='grc' dir='ltr'>κατιδεῖν</span> <span class='ocrx_word' id='word_1_615' title='bbox 3123 3704 3476 3775; x_wconf 82' lang='grc' dir='ltr'>δεδυνήμεθα.</span> <span class='ocrx_word' id='word_1_616' title='bbox 3510 3706 3735 3776; x_wconf 79' lang='grc' dir='ltr'>Φέρεται</span> 
     </span>
    </p>
   </div>
   <div class='ocr_carea' id='block_1_82' title="bbox 2160 3795 3738 3867">
    <p class='ocr_par' dir='ltr' id='par_1_82' title="bbox 2160 3795 3738 3867">
     <span class='ocr_line' id='line_1_82' title="bbox 2160 3795 3738 3867; baseline 0.001 -18"><span class='ocrx_word' id='word_1_617' title='bbox 2160 3796 2269 3866; x_wconf 79' lang='grc' dir='ltr'><strong>γὰρ</strong></span> <span class='ocrx_word' id='word_1_618' title='bbox 2295 3795 2494 3865; x_wconf 87' lang='grc' dir='ltr'>ὁμοίως</span> <span class='ocrx_word' id='word_1_619' title='bbox 2522 3796 2658 3865; x_wconf 84' lang='grc' dir='ltr'>πρὸς</span> <span class='ocrx_word' id='word_1_620' title='bbox 2691 3796 2957 3866; x_wconf 80' lang='grc' dir='ltr'>ἑκατέραν</span> <span class='ocrx_word' id='word_1_621' title='bbox 2988 3795 3096 3849; x_wconf 86' lang='grc' dir='ltr'><strong>τῶν</strong></span> <span class='ocrx_word' id='word_1_622' title='bbox 3129 3796 3448 3867; x_wconf 77' lang='grc' dir='ltr'>ὑπολήψεων</span> <span class='ocrx_word' id='word_1_623' title='bbox 3495 3798 3554 3852; x_wconf 85' lang='grc' dir='ltr'><strong>τὸ</strong></span> <span class='ocrx_word' id='word_1_624' title='bbox 3591 3800 3738 3851; x_wconf 82' lang='grc' dir='ltr'>ἀπαο</span> 
     </span>
    </p>
   </div>
   <div class='ocr_carea' id='block_1_83' title="bbox 2161 3886 3736 3961">
    <p class='ocr_par' dir='ltr' id='par_1_83' title="bbox 2161 3886 3736 3961">
     <span class='ocr_line' id='line_1_83' title="bbox 2161 3886 3736 3961; baseline 0.003 -20"><span class='ocrx_word' id='word_1_625' title='bbox 2161 3889 2254 3957; x_wconf 92' lang='grc' dir='ltr'><strong>γές</strong></span> <span class='ocrx_word' id='word_1_626' title='bbox 2280 3888 2370 3940; x_wconf 77' lang='grc' dir='ltr'>τοῦ</span> <span class='ocrx_word' id='word_1_627' title='bbox 2400 3887 2558 3956; x_wconf 89' lang='grc' dir='ltr'>λόγου</span> <span class='ocrx_word' id='word_1_628' title='bbox 2586 3888 2678 3941; x_wconf 78' lang='grc' dir='ltr'><strong>καὶ</strong></span> <span class='ocrx_word' id='word_1_629' title='bbox 2710 3886 2917 3959; x_wconf 75' lang='grc' dir='ltr'>ἄριζον,</span> <span class='ocrx_word' id='word_1_630' title='bbox 2949 3890 3087 3961; x_wconf 82' lang='grc' dir='ltr'>πρὸς</span> <span class='ocrx_word' id='word_1_631' title='bbox 3114 3890 3175 3943; x_wconf 86' lang='grc' dir='ltr'><strong>τὸ</strong></span> <span class='ocrx_word' id='word_1_632' title='bbox 3199 3890 3388 3944; x_wconf 82' lang='grc' dir='ltr'>δοκοῦν</span> <span class='ocrx_word' id='word_1_633' title='bbox 3412 3890 3491 3961; x_wconf 81' lang='grc' dir='ltr'><strong>τῷ</strong></span> <span class='ocrx_word' id='word_1_634' title='bbox 3528 3891 3736 3945; x_wconf 69' lang='grc' dir='ltr'>νοοῦντι</span> 
     </span>
    </p>
   </div>
   <div class='ocr_carea' id='block_1_84' title="bbox 2164 3979 2628 4050">
    <p class='ocr_par' dir='ltr' id='par_1_84' title="bbox 2164 3979 2628 4050">
     <span class='ocr_line' id='line_1_84' title="bbox 2164 3979 2628 4050; baseline 0.002 -19"><span class='ocrx_word' id='word_1_635' title='bbox 2164 3997 2229 4031; x_wconf 89' lang='grc' dir='ltr'><strong>πε</strong></span> <span class='ocrx_word' id='word_1_636' title='bbox 2239 3979 2628 4050; x_wconf 86' lang='grc' dir='ltr'>ρικλινόμενον.</span> 
     </span>
    </p>
   </div>
   <div class='ocr_carea' id='block_1_85' title="bbox 2246 4158 3731 4233">
    <p class='ocr_par' dir='ltr' id='par_1_85' title="bbox 2246 4158 3731 4233">
     <span class='ocr_line' id='line_1_85' title="bbox 2246 4158 3731 4233; baseline 0.001 -21"><span class='ocrx_word' id='word_1_637' title='bbox 2246 4159 2383 4212; x_wconf 84' lang='grc' dir='ltr'>Ἀλλ’</span> <span class='ocrx_word' id='word_1_638' title='bbox 2408 4158 2559 4214; x_wconf 76' lang='grc' dir='ltr'>οὔπω</span> <span class='ocrx_word' id='word_1_639' title='bbox 2582 4158 2651 4212; x_wconf 79' lang='grc' dir='ltr'>τὰ</span> <span class='ocrx_word' id='word_1_640' title='bbox 2680 4158 2889 4229; x_wconf 87' lang='grc' dir='ltr'>χαλεπὰ</span> <span class='ocrx_word' id='word_1_641' title='bbox 2918 4159 3017 4229; x_wconf 83' lang='grc' dir='ltr'>τῆς</span> <span class='ocrx_word' id='word_1_642' title='bbox 3047 4158 3392 4231; x_wconf 77' lang='grc' dir='ltr'>βλασφημίας</span> <span class='ocrx_word' id='word_1_643' title='bbox 3425 4160 3731 4233; x_wconf 51' lang='lat' dir='ltr'><strong>timuerat-</strong></span> 
     </span>
    </p>
   </div>
   <div class='ocr_carea' id='block_1_86' title="bbox 2165 4253 3731 4326">
    <p class='ocr_par' dir='ltr' id='par_1_86' title="bbox 2165 4253 3731 4326">
     <span class='ocr_line' id='line_1_86' title="bbox 2165 4253 3731 4326; baseline -0.001 -18"><span class='ocrx_word' id='word_1_644' title='bbox 2165 4255 2307 4324; x_wconf 84' lang='grc' dir='ltr'>ἆπερ</span> <span class='ocrx_word' id='word_1_645' title='bbox 2332 4255 2433 4326; x_wconf 77' lang='grc' dir='ltr'>ἤδη</span> <span class='ocrx_word' id='word_1_646' title='bbox 2457 4254 2565 4307; x_wconf 85' lang='grc' dir='ltr'>τῶν</span> <span class='ocrx_word' id='word_1_647' title='bbox 2587 4253 3034 4323; x_wconf 86' lang='grc' dir='ltr'>γεγραμμένωνὴ</span> <span class='ocrx_word' id='word_1_648' title='bbox 3057 4253 3342 4306; x_wconf 84' lang='grc' dir='ltr'>ἀκολουθία</span> <span class='ocrx_word' id='word_1_649' title='bbox 3378 4254 3731 4325; x_wconf 86' lang='grc' dir='ltr'>προστίθησι,</span> 
     </span>
    </p>
   </div>
   <div class='ocr_carea' id='block_1_87' title="bbox 2164 4336 3737 4417">
    <p class='ocr_par' dir='ltr' id='par_1_87' title="bbox 2164 4336 3737 4417">
     <span class='ocr_line' id='line_1_87' title="bbox 2164 4336 3737 4417; baseline 0.002 -21"><span class='ocrx_word' id='word_1_650' title='bbox 2164 4346 2257 4397; x_wconf 74' lang='grc' dir='ltr'><strong>καὶ</strong></span> <span class='ocrx_word' id='word_1_651' title='bbox 2286 4345 2348 4416; x_wconf 82' lang='grc' dir='ltr'>δὴ</span> <span class='ocrx_word' id='word_1_652' title='bbox 2383 4345 2452 4397; x_wconf 88' lang='grc' dir='ltr'><strong>τά</strong></span> <span class='ocrx_word' id='word_1_653' title='bbox 2480 4344 2745 4417; x_wconf 85' lang='grc' dir='ltr'>είρημένα</span> <span class='ocrx_word' id='word_1_654' title='bbox 2777 4345 2917 4398; x_wconf 83' lang='grc' dir='ltr'>κατὰ</span> <span class='ocrx_word' id='word_1_655' title='bbox 2956 4345 3100 4410; x_wconf 78' lang='grc' dir='ltr'>λέξιν</span> <span class='ocrx_word' id='word_1_656' title='bbox 3131 4336 3737 4416; x_wconf 72' lang='grc' dir='ltr'>διασκεψώμεθα.ὐῖδα</span> 
     </span>
    </p>
   </div>
   <div class='ocr_carea' id='block_1_88' title="bbox 2163 4434 3736 4505">
    <p class='ocr_par' dir='ltr' id='par_1_88' title="bbox 2163 4434 3736 4505">
     <span class='ocr_line' id='line_1_88' title="bbox 2163 4434 3736 4505; baseline -0.001 -17"><span class='ocrx_word' id='word_1_657' title='bbox 2163 4436 2218 4488; x_wconf 81' lang='grc' dir='ltr'>δὲ</span> <span class='ocrx_word' id='word_1_658' title='bbox 2261 4436 2376 4498; x_wconf 82' lang='grc' dir='ltr'><strong>πῶς</strong></span> <span class='ocrx_word' id='word_1_659' title='bbox 2427 4436 2538 4488; x_wconf 82' lang='grc' dir='ltr'>ἔστι</span> <span class='ocrx_word' id='word_1_660' title='bbox 2590 4434 2859 4503; x_wconf 83' lang='grc' dir='ltr'>τολμῆσαι</span> <span class='ocrx_word' id='word_1_661' title='bbox 2908 4436 3290 4504; x_wconf 82' lang='grc' dir='ltr'>προσενεγκεῖν</span> <span class='ocrx_word' id='word_1_662' title='bbox 3337 4434 3423 4488; x_wconf 87' lang='grc' dir='ltr'>διὰ</span> <span class='ocrx_word' id='word_1_663' title='bbox 3472 4436 3736 4505; x_wconf 88' lang='grc' dir='ltr'>στόματος</span> 
     </span>
    </p>
   </div>
   <div class='ocr_carea' id='block_1_89' title="bbox 480 4524 2050 4625">
    <p class='ocr_par' dir='ltr' id='par_1_89' title="bbox 480 4525 2050 4597">
     <span class='ocr_line' id='line_1_89' title="bbox 480 4525 2050 4597; baseline 0.006 -19"><span class='ocrx_word' id='word_1_664' title='bbox 480 4527 809 4597; x_wconf 77' lang='lat' dir='ltr'><strong>pugnatoris</strong></span> <span class='ocrx_word' id='word_1_665' title='bbox 847 4525 1085 4579; x_wconf 61' lang='lat' dir='ltr'><strong>haeretici</strong></span> <span class='ocrx_word' id='word_1_666' title='bbox 1136 4526 1492 4594; x_wconf 90' lang='lat' dir='ltr'><strong>scriptionem</strong></span> <span class='ocrx_word' id='word_1_667' title='bbox 1529 4530 1731 4584; x_wconf 89' lang='lat' dir='ltr'><strong>audere</strong></span> <span class='ocrx_word' id='word_1_668' title='bbox 1788 4533 1916 4586; x_wconf 91' lang='lat' dir='ltr'><strong>licet</strong></span> <span class='ocrx_word' id='word_1_669' title='bbox 1961 4551 2050 4588; x_wconf 79' lang='lat' dir='ltr'><strong>ul‘C</strong></span> 
     </span>
    </p>
   </div>
   <div class='ocr_carea' id='block_1_90' title="bbox 2155 4524 3738 4625">
    <p class='ocr_par' dir='ltr' id='par_1_90' title="bbox 2165 4524 3738 4597">
     <span class='ocr_line' id='line_1_90' title="bbox 2165 4524 3738 4597; baseline 0 -18"><span class='ocrx_word' id='word_1_670' title='bbox 2165 4527 2262 4596; x_wconf 83' lang='grc' dir='ltr'>τὴν</span> <span class='ocrx_word' id='word_1_671' title='bbox 2291 4525 2533 4597; x_wconf 76' lang='grc' dir='ltr'>φρικώδη</span> <span class='ocrx_word' id='word_1_672' title='bbox 2563 4542 2623 4577; x_wconf 90' lang='grc' dir='ltr'><strong>τε</strong></span> <span class='ocrx_word' id='word_1_673' title='bbox 2658 4525 2752 4578; x_wconf 76' lang='grc' dir='ltr'><strong>καὶ</strong></span> <span class='ocrx_word' id='word_1_674' title='bbox 2780 4525 2935 4578; x_wconf 80' lang='grc' dir='ltr'>ἄθεον</span> <span class='ocrx_word' id='word_1_675' title='bbox 2960 4524 3053 4577; x_wconf 79' lang='grc' dir='ltr'>τοῦ</span> <span class='ocrx_word' id='word_1_676' title='bbox 3081 4526 3447 4597; x_wconf 88' lang='grc' dir='ltr'>χριστομάχου</span> <span class='ocrx_word' id='word_1_677' title='bbox 3476 4526 3738 4597; x_wconf 88' lang='grc' dir='ltr'>λογογρα-</span> 
     </span>
    </p>
   </div>
   <div class='ocr_carea' id='block_1_91' title="bbox 485 4616 2055 4689">
    <p class='ocr_par' dir='ltr' id='par_1_91' title="bbox 485 4616 2055 4689">
     <span class='ocr_line' id='line_1_91' title="bbox 485 4616 2055 4689; baseline 0.004 -18"><span class='ocrx_word' id='word_1_678' title='bbox 485 4616 767 4689; x_wconf 84' lang='lat' dir='ltr'><strong>proferre;</strong></span> <span class='ocrx_word' id='word_1_679' title='bbox 800 4632 991 4670; x_wconf 88' lang='lat' dir='ltr'><strong>vereor</strong></span> <span class='ocrx_word' id='word_1_680' title='bbox 1032 4631 1099 4670; x_wconf 89' lang='lat' dir='ltr'><strong>ne</strong></span> <span class='ocrx_word' id='word_1_681' title='bbox 1134 4617 1217 4668; x_wconf 89' lang='lat' dir='ltr'><strong>ori</strong></span> <span class='ocrx_word' id='word_1_682' title='bbox 1248 4633 1341 4685; x_wconf 90' lang='lat' dir='ltr'><strong>per</strong></span> <span class='ocrx_word' id='word_1_683' title='bbox 1373 4619 1517 4686; x_wconf 88' lang='lat' dir='ltr'><strong>quod</strong></span> <span class='ocrx_word' id='word_1_684' title='bbox 1548 4621 1774 4673; x_wconf 85' lang='lat' dir='ltr'><strong>verbum</strong></span> <span class='ocrx_word' id='word_1_685' title='bbox 1836 4626 2055 4687; x_wconf 91' lang='lat' dir='ltr'><strong>transit,</strong></span> 
     </span>
    </p>
   </div>
   <div class='ocr_carea' id='block_1_92' title="bbox 486 4707 2061 4769">
    <p class='ocr_par' dir='ltr' id='par_1_92' title="bbox 486 4707 2061 4769">
     <span class='ocr_line' id='line_1_92' title="bbox 486 4707 2061 4769; baseline 0.004 -7"><span class='ocrx_word' id='word_1_686' title='bbox 486 4708 729 4762; x_wconf 85' lang='lat' dir='ltr'><strong>letalium</strong></span> <span class='ocrx_word' id='word_1_687' title='bbox 766 4721 1097 4760; x_wconf 83' lang='lat' dir='ltr'><strong>venenorum</strong></span> <span class='ocrx_word' id='word_1_688' title='bbox 1127 4721 1283 4760; x_wconf 92' lang='lat' dir='ltr'><strong>more</strong></span> <span class='ocrx_word' id='word_1_689' title='bbox 1341 4707 1636 4762; x_wconf 80' lang='lat' dir='ltr'><strong>mortiferae</strong></span> <span class='ocrx_word' id='word_1_690' title='bbox 1675 4714 2061 4769; x_wconf 85' lang='lat' dir='ltr'><strong>amaritudinis</strong></span> 
     </span>
    </p>
   </div>
   <div class='ocr_carea' id='block_1_93' title="bbox 476 4796 2061 4869">
    <p class='ocr_par' dir='ltr' id='par_1_93' title="bbox 476 4796 2061 4869">
     <span class='ocr_line' id='line_1_93' title="bbox 476 4796 2061 4869; baseline 0.003 -16"><span class='ocrx_word' id='word_1_691' title='bbox 476 4799 746 4867; x_wconf 67' lang='lat' dir='ltr'><strong>reliquias</strong></span> <span class='ocrx_word' id='word_1_692' title='bbox 803 4798 973 4851; x_wconf 91' lang='lat' dir='ltr'><strong>indat.</strong></span> <span class='ocrx_word' id='word_1_693' title='bbox 1041 4796 1278 4864; x_wconf 85' lang='lat' dir='ltr'><strong>Oportet,</strong></span> <span class='ocrx_word' id='word_1_694' title='bbox 1330 4798 1506 4867; x_wconf 92' lang='lat' dir='ltr'><strong>inquit</strong></span> <span class='ocrx_word' id='word_1_695' title='bbox 1553 4801 1874 4869; x_wconf 79' lang='lat' dir='ltr'><strong>Apostolus,</strong></span> <span class='ocrx_word' id='word_1_696' title='bbox 1911 4821 2061 4857; x_wconf 78' lang='lat' dir='ltr'><strong>acce-</strong></span> 
     </span>
    </p>
   </div>
   <div class='ocr_carea' id='block_1_94' title="bbox 472 4887 2061 4962">
    <p class='ocr_par' dir='ltr' id='par_1_94' title="bbox 472 4887 2061 4962">
     <span class='ocr_line' id='line_1_94' title="bbox 472 4887 2061 4962; baseline 0.006 -22"><span class='ocrx_word' id='word_1_697' title='bbox 472 4889 691 4941; x_wconf 62' lang='lat' dir='ltr'><strong>rdentem</strong></span> <span class='ocrx_word' id='word_1_698' title='bbox 722 4888 790 4940; x_wconf 88' lang='lat' dir='ltr'><strong>ad</strong></span> <span class='ocrx_word' id='word_1_699' title='bbox 830 4887 994 4941; x_wconf 87' lang='lat' dir='ltr'><strong>Deum</strong></span> <span class='ocrx_word' id='word_1_700' title='bbox 1024 4888 1231 4941; x_wconf 82' lang='lat' dir='ltr'><strong>credere</strong></span> <span class='ocrx_word' id='word_1_701' title='bbox 1260 4890 1386 4956; x_wconf 83' lang='lat' dir='ltr'><strong>quia</strong></span> <span class='ocrx_word' id='word_1_702' title='bbox 1416 4899 1492 4941; x_wconf 80' lang='lat' dir='ltr'><strong>est</strong></span> <span class='ocrx_word' id='word_1_703' title='bbox 1525 4890 1589 4943; x_wconf 67' lang='grc' dir='ltr'><strong>ιδ.</strong></span> <span class='ocrx_word' id='word_1_704' title='bbox 1639 4889 1807 4962; x_wconf 87' lang='lat' dir='ltr'><strong>Igitur</strong></span> <span class='ocrx_word' id='word_1_705' title='bbox 1836 4894 2061 4949; x_wconf 88' lang='lat' dir='ltr'><strong>deitatis</strong></span> 
     </span>
    </p>
   </div>
   <div class='ocr_carea' id='block_1_95' title="bbox 482 4978 2057 5050">
    <p class='ocr_par' dir='ltr' id='par_1_95' title="bbox 482 4978 2057 5050">
     <span class='ocr_line' id='line_1_95' title="bbox 482 4978 2057 5050; baseline 0.003 -16"><span class='ocrx_word' id='word_1_706' title='bbox 482 4981 766 5050; x_wconf 77' lang='lat' dir='ltr'><strong>preprium</strong></span> <span class='ocrx_word' id='word_1_707' title='bbox 813 4978 1073 5032; x_wconf 89' lang='lat' dir='ltr'><strong>indicium</strong></span> <span class='ocrx_word' id='word_1_708' title='bbox 1107 4987 1190 5033; x_wconf 88' lang='lat' dir='ltr'><strong>est</strong></span> <span class='ocrx_word' id='word_1_709' title='bbox 1229 4996 1353 5035; x_wconf 84' lang='lat' dir='ltr'><strong>vere</strong></span> <span class='ocrx_word' id='word_1_710' title='bbox 1384 4997 1528 5035; x_wconf 88' lang='lat' dir='ltr'><strong>esse.</strong></span> <span class='ocrx_word' id='word_1_711' title='bbox 1566 4981 1665 5036; x_wconf 84' lang='lat' dir='ltr'><strong>Hic</strong></span> <span class='ocrx_word' id='word_1_712' title='bbox 1698 4996 1877 5038; x_wconf 89' lang='lat' dir='ltr'><strong>autem</strong></span> <span class='ocrx_word' id='word_1_713' title='bbox 1935 5003 2057 5041; x_wconf 90' lang='lat' dir='ltr'><strong>eum</strong></span> 
     </span>
    </p>
   </div>
   <div class='ocr_carea' id='block_1_96' title="bbox 485 5069 2061 5142">
    <p class='ocr_par' dir='ltr' id='par_1_96' title="bbox 485 5069 2061 5142">
     <span class='ocr_line' id='line_1_96' title="bbox 485 5069 2061 5142; baseline 0.003 -18"><span class='ocrx_word' id='word_1_714' title='bbox 485 5072 583 5142; x_wconf 88' lang='lat' dir='ltr'><strong>qui</strong></span> <span class='ocrx_word' id='word_1_715' title='bbox 623 5086 747 5124; x_wconf 81' lang='lat' dir='ltr'><strong>vere</strong></span> <span class='ocrx_word' id='word_1_716' title='bbox 792 5077 896 5133; x_wconf 88' lang='lat' dir='ltr'><strong>est,</strong></span> <span class='ocrx_word' id='word_1_717' title='bbox 935 5069 1170 5123; x_wconf 87' lang='lat' dir='ltr'><strong>adstruit</strong></span> <span class='ocrx_word' id='word_1_718' title='bbox 1225 5070 1305 5124; x_wconf 91' lang='lat' dir='ltr'><strong>vel</strong></span> <span class='ocrx_word' id='word_1_719' title='bbox 1353 5086 1460 5125; x_wconf 89' lang='lat' dir='ltr'><strong>non</strong></span> <span class='ocrx_word' id='word_1_720' title='bbox 1508 5074 1725 5141; x_wconf 87' lang='lat' dir='ltr'><strong>preprie</strong></span> <span class='ocrx_word' id='word_1_721' title='bbox 1775 5090 1930 5139; x_wconf 90' lang='lat' dir='ltr'><strong>esse,</strong></span> <span class='ocrx_word' id='word_1_722' title='bbox 1977 5077 2061 5130; x_wconf 90' lang='lat' dir='ltr'><strong>vel</strong></span> 
     </span>
    </p>
   </div>
   <div class='ocr_carea' id='block_1_97' title="bbox 483 5163 2062 5232">
    <p class='ocr_par' dir='ltr' id='par_1_97' title="bbox 483 5163 2062 5232">
     <span class='ocr_line' id='line_1_97' title="bbox 483 5163 2062 5232; baseline 0.004 -14"><span class='ocrx_word' id='word_1_723' title='bbox 483 5180 594 5219; x_wconf 88' lang='lat' dir='ltr'><strong>non</strong></span> <span class='ocrx_word' id='word_1_724' title='bbox 628 5164 682 5217; x_wconf 92' lang='lat' dir='ltr'><strong>in</strong></span> <span class='ocrx_word' id='word_1_725' title='bbox 713 5163 1027 5217; x_wconf 86' lang='lat' dir='ltr'><strong>universum</strong></span> <span class='ocrx_word' id='word_1_726' title='bbox 1069 5178 1227 5216; x_wconf 90' lang='lat' dir='ltr'><strong>esse:</strong></span> <span class='ocrx_word' id='word_1_727' title='bbox 1260 5164 1405 5232; x_wconf 90' lang='lat' dir='ltr'><strong>quod</strong></span> <span class='ocrx_word' id='word_1_728' title='bbox 1462 5164 1605 5219; x_wconf 88' lang='lat' dir='ltr'><strong>idem</strong></span> <span class='ocrx_word' id='word_1_729' title='bbox 1632 5173 1715 5221; x_wconf 92' lang='lat' dir='ltr'><strong>est</strong></span> <span class='ocrx_word' id='word_1_730' title='bbox 1745 5182 1809 5221; x_wconf 90' lang='lat' dir='ltr'><strong>ac</strong></span> <span class='ocrx_word' id='word_1_731' title='bbox 1839 5170 1885 5222; x_wconf 92' lang='lat' dir='ltr'><strong>si</strong></span> <span class='ocrx_word' id='word_1_732' title='bbox 1915 5169 2062 5224; x_wconf 85' lang='lat' dir='ltr'><strong>dicat</strong></span> 
     </span>
    </p>
   </div>
   <div class='ocr_carea' id='block_1_98' title="bbox 483 5253 2059 5332">
    <p class='ocr_par' dir='ltr' id='par_1_98' title="bbox 483 5253 2059 5332">
     <span class='ocr_line' id='line_1_98' title="bbox 483 5253 2059 5332; baseline 0.006 -25"><span class='ocrx_word' id='word_1_733' title='bbox 483 5256 633 5326; x_wconf 89' lang='lat' dir='ltr'><strong>quis,</strong></span> <span class='ocrx_word' id='word_1_734' title='bbox 661 5255 884 5307; x_wconf 89' lang='lat' dir='ltr'><strong>omnino</strong></span> <span class='ocrx_word' id='word_1_735' title='bbox 910 5265 962 5309; x_wconf 89' lang='lat' dir='ltr'><strong>et</strong></span> <span class='ocrx_word' id='word_1_736' title='bbox 1010 5253 1226 5322; x_wconf 90' lang='lat' dir='ltr'><strong>penitus</strong></span> <span class='ocrx_word' id='word_1_737' title='bbox 1269 5271 1376 5307; x_wconf 91' lang='lat' dir='ltr'><strong>non</strong></span> <span class='ocrx_word' id='word_1_738' title='bbox 1407 5271 1561 5322; x_wconf 88' lang='lat' dir='ltr'><strong>esse;</strong></span> <span class='ocrx_word' id='word_1_739' title='bbox 1610 5259 1704 5327; x_wconf 90' lang='lat' dir='ltr'><strong>qui</strong></span> <span class='ocrx_word' id='word_1_740' title='bbox 1748 5262 1891 5314; x_wconf 91' lang='lat' dir='ltr'><strong>enim</strong></span> <span class='ocrx_word' id='word_1_741' title='bbox 1933 5278 2059 5332; x_wconf 90' lang='lat' dir='ltr'><strong>pro-</strong></span> 
     </span>
    </p>
   </div>
   <div class='ocr_carea' id='block_1_99' title="bbox 486 5345 2057 5419">
    <p class='ocr_par' dir='ltr' id='par_1_99' title="bbox 486 5345 2057 5419">
     <span class='ocr_line' id='line_1_99' title="bbox 486 5345 2057 5419; baseline 0.006 -18"><span class='ocrx_word' id='word_1_742' title='bbox 486 5348 603 5419; x_wconf 89' lang='lat' dir='ltr'><strong>prie</strong></span> <span class='ocrx_word' id='word_1_743' title='bbox 638 5363 747 5401; x_wconf 93' lang='lat' dir='ltr'><strong>non</strong></span> <span class='ocrx_word' id='word_1_744' title='bbox 794 5354 898 5412; x_wconf 88' lang='lat' dir='ltr'><strong>est,</strong></span> <span class='ocrx_word' id='word_1_745' title='bbox 947 5361 1125 5414; x_wconf 88' lang='lat' dir='ltr'><strong>neque</strong></span> <span class='ocrx_word' id='word_1_746' title='bbox 1154 5354 1237 5400; x_wconf 92' lang='lat' dir='ltr'><strong>est</strong></span> <span class='ocrx_word' id='word_1_747' title='bbox 1287 5345 1554 5403; x_wconf 80' lang='lat' dir='ltr'><strong>funditus.</strong></span> <span class='ocrx_word' id='word_1_748' title='bbox 1590 5350 2057 5415; x_wconf 85' lang='lat' dir='ltr'><strong>Quemadmodum</strong></span> 
     </span>
    </p>
   </div>
   <div class='ocr_carea' id='block_1_100' title="bbox 488 5438 2059 5511">
    <p class='ocr_par' dir='ltr' id='par_1_100' title="bbox 488 5438 2059 5511">
     <span class='ocr_line' id='line_1_100' title="bbox 488 5438 2059 5511; baseline 0.003 -16"><span class='ocrx_word' id='word_1_749' title='bbox 488 5441 534 5495; x_wconf 93' lang='lat' dir='ltr'><strong>is</strong></span> <span class='ocrx_word' id='word_1_750' title='bbox 570 5438 770 5494; x_wconf 91' lang='lat' dir='ltr'><strong>dicitur</strong></span> <span class='ocrx_word' id='word_1_751' title='bbox 804 5455 896 5509; x_wconf 88' lang='lat' dir='ltr'><strong>per</strong></span> <span class='ocrx_word' id='word_1_752' title='bbox 933 5438 1298 5508; x_wconf 89' lang='lat' dir='ltr'><strong>phantasiam,</strong></span> <span class='ocrx_word' id='word_1_753' title='bbox 1347 5441 1461 5493; x_wconf 88' lang='lat' dir='ltr'><strong>sive</strong></span> <span class='ocrx_word' id='word_1_754' title='bbox 1521 5441 1964 5511; x_wconf 88' lang='lat' dir='ltr'><strong>imaginationem</strong></span> <span class='ocrx_word' id='word_1_755' title='bbox 2004 5446 2059 5498; x_wconf 93' lang='lat' dir='ltr'><strong>in</strong></span> 
     </span>
    </p>
   </div>
   <div class='ocr_carea' id='block_1_101' title="bbox 482 5529 2063 5606">
    <p class='ocr_par' dir='ltr' id='par_1_101' title="bbox 482 5529 2063 5606">
     <span class='ocr_line' id='line_1_101' title="bbox 482 5529 2063 5606; baseline 0.002 -18"><span class='ocrx_word' id='word_1_756' title='bbox 482 5531 694 5588; x_wconf 68' lang='lat' dir='ltr'><strong>somnis</strong></span> <span class='ocrx_word' id='word_1_757' title='bbox 724 5545 965 5595; x_wconf 85' lang='lat' dir='ltr'><strong>currere,</strong></span> <span class='ocrx_word' id='word_1_758' title='bbox 1000 5529 1091 5599; x_wconf 93' lang='lat' dir='ltr'><strong>qui</strong></span> <span class='ocrx_word' id='word_1_759' title='bbox 1139 5545 1333 5583; x_wconf 85' lang='lat' dir='ltr'><strong>cursus</strong></span> <span class='ocrx_word' id='word_1_760' title='bbox 1372 5531 1553 5585; x_wconf 88' lang='lat' dir='ltr'><strong>studio</strong></span> <span class='ocrx_word' id='word_1_761' title='bbox 1605 5548 1823 5589; x_wconf 88' lang='lat' dir='ltr'><strong>currere</strong></span> <span class='ocrx_word' id='word_1_762' title='bbox 1874 5536 2063 5606; x_wconf 86' lang='lat' dir='ltr'><strong>imagi-</strong></span> 
     </span>
    </p>
   </div>
   <div class='ocr_carea' id='block_1_102' title="bbox 488 5621 2060 5697">
    <p class='ocr_par' dir='ltr' id='par_1_102' title="bbox 488 5621 2060 5697">
     <span class='ocr_line' id='line_1_102' title="bbox 488 5621 2060 5697; baseline 0.003 -20"><span class='ocrx_word' id='word_1_763' title='bbox 488 5632 667 5677; x_wconf 84' lang='lat' dir='ltr'><strong>natur.</strong></span> <span class='ocrx_word' id='word_1_764' title='bbox 697 5621 799 5677; x_wconf 85' lang='lat' dir='ltr'><strong>Sed</strong></span> <span class='ocrx_word' id='word_1_765' title='bbox 832 5623 1087 5693; x_wconf 88' lang='lat' dir='ltr'><strong>quoniam</strong></span> <span class='ocrx_word' id='word_1_766' title='bbox 1110 5622 1246 5677; x_wconf 82' lang='lat' dir='ltr'><strong>falso</strong></span> <span class='ocrx_word' id='word_1_767' title='bbox 1270 5624 1377 5677; x_wconf 88' lang='lat' dir='ltr'><strong>veri</strong></span> <span class='ocrx_word' id='word_1_768' title='bbox 1400 5639 1597 5680; x_wconf 89' lang='lat' dir='ltr'><strong>cursus</strong></span> <span class='ocrx_word' id='word_1_769' title='bbox 1624 5625 2060 5697; x_wconf 69' lang='lat' dir='ltr'><strong>imaginationem</strong></span> 
     </span>
    </p>
   </div>
   <div class='ocr_carea' id='block_1_103' title="bbox 558 5801 1514 5873">
    <p class='ocr_par' dir='ltr' id='par_1_103' title="bbox 558 5801 1514 5873">
     <span class='ocr_line' id='line_1_103' title="bbox 558 5801 1514 5873; baseline 0.002 -16"><span class='ocrx_word' id='word_1_770' title='bbox 558 5801 661 5857; x_wconf 65' lang='grc' dir='ltr'><strong>εἰ</strong></span> <span class='ocrx_word' id='word_1_771' title='bbox 700 5803 841 5859; x_wconf 86' lang='lat' dir='ltr'><strong>Tim.</strong></span> <span class='ocrx_word' id='word_1_772' title='bbox 883 5820 922 5873; x_wconf 91' lang='grc' dir='ltr'><strong>ι,</strong></span> <span class='ocrx_word' id='word_1_773' title='bbox 954 5803 1006 5862; x_wconf 85' lang='grc'><strong>7.</strong></span> <span class='ocrx_word' id='word_1_774' title='bbox 1084 5802 1310 5859; x_wconf 74' lang='lat' dir='ltr'><strong>“Hebr.</strong></span> <span class='ocrx_word' id='word_1_775' title='bbox 1355 5817 1431 5870; x_wconf 73' lang='lat' dir='ltr'><strong>xx,</strong></span> <span class='ocrx_word' id='word_1_776' title='bbox 1460 5801 1514 5859; x_wconf 84' lang='lat'>6.</span> 
     </span>
    </p>
   </div>
   <div class='ocr_carea' id='block_1_104' title="bbox 2162 4616 3738 4689">
    <p class='ocr_par' dir='ltr' id='par_1_104' title="bbox 2162 4616 3738 4689">
     <span class='ocr_line' id='line_1_104' title="bbox 2162 4616 3738 4689; baseline 0 -20"><span class='ocrx_word' id='word_1_777' title='bbox 2162 4618 2310 4686; x_wconf 84' lang='grc' dir='ltr'>φίαν.</span> <span class='ocrx_word' id='word_1_778' title='bbox 2343 4617 2565 4669; x_wconf 84' lang='grc' dir='ltr'>Δέδοικα</span> <span class='ocrx_word' id='word_1_779' title='bbox 2595 4616 2705 4688; x_wconf 84' lang='grc' dir='ltr'>γὰρ</span> <span class='ocrx_word' id='word_1_780' title='bbox 2735 4617 2945 4688; x_wconf 83' lang='grc' dir='ltr'>μήποτε</span> <span class='ocrx_word' id='word_1_781' title='bbox 2972 4617 3093 4670; x_wconf 82' lang='grc' dir='ltr'>καθ’</span> <span class='ocrx_word' id='word_1_782' title='bbox 3122 4618 3417 4689; x_wconf 85' lang='grc' dir='ltr'>ὁμοιότητα</span> <span class='ocrx_word' id='word_1_783' title='bbox 3442 4618 3549 4671; x_wconf 83' lang='grc' dir='ltr'>τῶν</span> <span class='ocrx_word' id='word_1_784' title='bbox 3575 4618 3738 4688; x_wconf 79' lang='grc' dir='ltr'>δηλη-</span> 
     </span>
    </p>
   </div>
   <div class='ocr_carea' id='block_1_105' title="bbox 2158 4702 3737 4779">
    <p class='ocr_par' dir='ltr' id='par_1_105' title="bbox 2158 4702 3737 4779">
     <span class='ocr_line' id='line_1_105' title="bbox 2158 4702 3737 4779; baseline 0.002 -20"><span class='ocrx_word' id='word_1_785' title='bbox 2158 4705 2360 4777; x_wconf 87' lang='grc' dir='ltr'>τηρίων</span> <span class='ocrx_word' id='word_1_786' title='bbox 2378 4707 2682 4777; x_wconf 80' lang='grc' dir='ltr'>φαρμάκων</span> <span class='ocrx_word' id='word_1_787' title='bbox 2712 4708 3039 4777; x_wconf 87' lang='grc' dir='ltr'>ἐναπόθηται</span> <span class='ocrx_word' id='word_1_788' title='bbox 3080 4708 3155 4779; x_wconf 80' lang='grc' dir='ltr'><strong>τῷ</strong></span> <span class='ocrx_word' id='word_1_789' title='bbox 3194 4708 3421 4777; x_wconf 88' lang='grc' dir='ltr'>στόματι</span> <span class='ocrx_word' id='word_1_790' title='bbox 3443 4750 3457 4773; x_wconf 93' lang='grc'><strong>,</strong></span> <span class='ocrx_word' id='word_1_791' title='bbox 3489 4709 3556 4761; x_wconf 74' lang='grc' dir='ltr'>δι’</span> <span class='ocrx_word' id='word_1_792' title='bbox 3588 4702 3647 4762; x_wconf 73' lang='grc' dir='ltr'>οὗ</span> <span class='ocrx_word' id='word_1_793' title='bbox 3677 4710 3737 4763; x_wconf 84' lang='grc' dir='ltr'>τὸ</span> 
     </span>
    </p>
   </div>
   <div class='ocr_carea' id='block_1_106' title="bbox 2164 4797 3738 4871">
    <p class='ocr_par' dir='ltr' id='par_1_106' title="bbox 2164 4797 3738 4871">
     <span class='ocr_line' id='line_1_106' title="bbox 2164 4797 3738 4871; baseline 0.001 -21"><span class='ocrx_word' id='word_1_794' title='bbox 2164 4799 2313 4868; x_wconf 81' lang='grc' dir='ltr'>ῥῆμα</span> <span class='ocrx_word' id='word_1_795' title='bbox 2347 4797 2719 4867; x_wconf 87' lang='grc' dir='ltr'>παρέρχεται,</span> <span class='ocrx_word' id='word_1_796' title='bbox 2758 4799 2857 4868; x_wconf 82' lang='grc' dir='ltr'>τῆς</span> <span class='ocrx_word' id='word_1_797' title='bbox 2903 4798 3226 4869; x_wconf 88' lang='grc' dir='ltr'>φθοροποιοῦ</span> <span class='ocrx_word' id='word_1_798' title='bbox 3276 4802 3499 4871; x_wconf 86' lang='grc' dir='ltr'>πικρίας</span> <span class='ocrx_word' id='word_1_799' title='bbox 3527 4801 3587 4853; x_wconf 84' lang='grc' dir='ltr'><strong>τὸ</strong></span> <span class='ocrx_word' id='word_1_800' title='bbox 3630 4800 3738 4853; x_wconf 85' lang='grc' dir='ltr'>λεί-</span> 
     </span>
    </p>
   </div>
   <div class='ocr_carea' id='block_1_107' title="bbox 2158 4888 3734 4961">
    <p class='ocr_par' dir='ltr' id='par_1_107' title="bbox 2158 4888 3734 4961">
     <span class='ocr_line' id='line_1_107' title="bbox 2158 4888 3734 4961; baseline 0.003 -19"><span class='ocrx_word' id='word_1_801' title='bbox 2158 4889 2345 4958; x_wconf 71' lang='grc' dir='ltr'>ψανον.</span> <span class='ocrx_word' id='word_1_802' title='bbox 2399 4889 2731 4943; x_wconf 84' lang='grc' dir='ltr'>Πιστεῦσαι</span> <span class='ocrx_word' id='word_1_803' title='bbox 2780 4888 2876 4942; x_wconf 85' lang='grc' dir='ltr'>δεῖ</span> <span class='ocrx_word' id='word_1_804' title='bbox 2912 4890 3019 4943; x_wconf 84' lang='grc' dir='ltr'><strong>τὸν</strong></span> <span class='ocrx_word' id='word_1_805' title='bbox 3061 4894 3547 4961; x_wconf 80' lang='grc' dir='ltr'>προσερχόμενον</span> <span class='ocrx_word' id='word_1_806' title='bbox 3594 4891 3734 4959; x_wconf 85' lang='grc' dir='ltr'>Θεῷ,</span> 
     </span>
    </p>
   </div>
   <div class='ocr_carea' id='block_1_108' title="bbox 2166 4981 3737 5054">
    <p class='ocr_par' dir='ltr' id='par_1_108' title="bbox 2166 4981 3737 5054">
     <span class='ocr_line' id='line_1_108' title="bbox 2166 4981 3737 5054; baseline 0.003 -21"><span class='ocrx_word' id='word_1_807' title='bbox 2166 4983 2328 5053; x_wconf 70' lang='grc' dir='ltr'>φησιν</span> <span class='ocrx_word' id='word_1_808' title='bbox 2368 4983 2397 5034; x_wconf 88' lang='grc' dir='ltr'>ὁ</span> <span class='ocrx_word' id='word_1_809' title='bbox 2447 4981 2794 5045; x_wconf 84' lang='grc' dir='ltr'>Ἀπόστολος,</span> <span class='ocrx_word' id='word_1_810' title='bbox 2821 4982 2909 5036; x_wconf 82' lang='grc' dir='ltr'>ὅτι</span> <span class='ocrx_word' id='word_1_811' title='bbox 2932 4982 3121 5039; x_wconf 81' lang='grc' dir='ltr'>ἐστιν.</span> <span class='ocrx_word' id='word_1_812' title='bbox 3151 4983 3358 5036; x_wconf 79' lang='grc' dir='ltr'>Οὐκοῦν</span> <span class='ocrx_word' id='word_1_813' title='bbox 3393 4985 3520 5037; x_wconf 78' lang='grc' dir='ltr'>[διον</span> <span class='ocrx_word' id='word_1_814' title='bbox 3549 4984 3737 5054; x_wconf 86' lang='grc' dir='ltr'>θεότη-</span> 
     </span>
    </p>
   </div>
   <div class='ocr_carea' id='block_1_109' title="bbox 2166 5070 3736 5144">
    <p class='ocr_par' dir='ltr' id='par_1_109' title="bbox 2166 5070 3736 5144">
     <span class='ocr_line' id='line_1_109' title="bbox 2166 5070 3736 5144; baseline 0.002 -17"><span class='ocrx_word' id='word_1_815' title='bbox 2166 5091 2257 5137; x_wconf 86' lang='grc' dir='ltr'><strong>τος</strong></span> <span class='ocrx_word' id='word_1_816' title='bbox 2284 5072 2624 5144; x_wconf 85' lang='grc' dir='ltr'>γνώρισμια,</span> <span class='ocrx_word' id='word_1_817' title='bbox 2654 5074 2714 5127; x_wconf 81' lang='grc' dir='ltr'><strong>τὸ</strong></span> <span class='ocrx_word' id='word_1_818' title='bbox 2756 5074 2968 5144; x_wconf 84' lang='grc' dir='ltr'>ἀληθῶς</span> <span class='ocrx_word' id='word_1_819' title='bbox 3000 5070 3156 5129; x_wconf 73' lang='grc' dir='ltr'>εἶναι·</span> <span class='ocrx_word' id='word_1_820' title='bbox 3194 5078 3220 5128; x_wconf 89' lang='grc' dir='ltr'>ὁ</span> <span class='ocrx_word' id='word_1_821' title='bbox 3259 5075 3315 5128; x_wconf 87' lang='grc' dir='ltr'>δὲ</span> <span class='ocrx_word' id='word_1_822' title='bbox 3345 5077 3736 5141; x_wconf 78' lang='grc' dir='ltr'>κατασκευάζει</span> 
     </span>
    </p>
   </div>
   <div class='ocr_carea' id='block_1_110' title="bbox 2167 5164 3737 5242">
    <p class='ocr_par' dir='ltr' id='par_1_110' title="bbox 2167 5164 3737 5242">
     <span class='ocr_line' id='line_1_110' title="bbox 2167 5164 3737 5242; baseline 0.003 -23"><span class='ocrx_word' id='word_1_823' title='bbox 2167 5168 2257 5220; x_wconf 81' lang='grc' dir='ltr'><strong>τὸν</strong></span> <span class='ocrx_word' id='word_1_824' title='bbox 2299 5167 2512 5239; x_wconf 84' lang='grc' dir='ltr'>ἀληθῶς</span> <span class='ocrx_word' id='word_1_825' title='bbox 2538 5166 2667 5219; x_wconf 79' lang='grc' dir='ltr'>ὅντα</span> <span class='ocrx_word' id='word_1_826' title='bbox 2690 5208 2703 5230; x_wconf 92' lang='grc'><strong>,</strong></span> <span class='ocrx_word' id='word_1_827' title='bbox 2736 5167 2768 5237; x_wconf 84' lang='grc' dir='ltr'>ἢ</span> <span class='ocrx_word' id='word_1_828' title='bbox 2812 5169 2888 5238; x_wconf 83' lang='grc' dir='ltr'>μὴ</span> <span class='ocrx_word' id='word_1_829' title='bbox 2922 5168 3126 5239; x_wconf 87' lang='grc' dir='ltr'>κυρίως</span> <span class='ocrx_word' id='word_1_830' title='bbox 3158 5164 3314 5229; x_wconf 81' lang='grc' dir='ltr'>εἶναι.</span> <span class='ocrx_word' id='word_1_831' title='bbox 3344 5170 3376 5241; x_wconf 82' lang='grc' dir='ltr'>ἢ</span> <span class='ocrx_word' id='word_1_832' title='bbox 3412 5171 3486 5242; x_wconf 84' lang='grc' dir='ltr'>μὴ</span> <span class='ocrx_word' id='word_1_833' title='bbox 3510 5170 3737 5223; x_wconf 88' lang='grc' dir='ltr'>καθόλου</span> 
     </span>
    </p>
   </div>
   <div class='ocr_carea' id='block_1_111' title="bbox 2169 5244 3736 5333">
    <p class='ocr_par' dir='ltr' id='par_1_111' title="bbox 2169 5244 3736 5333">
     <span class='ocr_line' id='line_1_111' title="bbox 2169 5244 3736 5333; baseline 0.003 -24"><span class='ocrx_word' id='word_1_834' title='bbox 2169 5254 2303 5311; x_wconf 78' lang='grc' dir='ltr'>εἶναι</span> <span class='ocrx_word' id='word_1_835' title='bbox 2323 5301 2336 5324; x_wconf 87' lang='grc'><strong>,</strong></span> <span class='ocrx_word' id='word_1_836' title='bbox 2362 5244 2497 5329; x_wconf 84' lang='grc' dir='ltr'>ὅπερ</span> <span class='ocrx_word' id='word_1_837' title='bbox 2522 5254 2638 5311; x_wconf 77' lang='grc' dir='ltr'>ἶσόν</span> <span class='ocrx_word' id='word_1_838' title='bbox 2666 5259 2784 5311; x_wconf 86' lang='grc' dir='ltr'>ἐστι</span> <span class='ocrx_word' id='word_1_839' title='bbox 2810 5258 2888 5329; x_wconf 86' lang='grc' dir='ltr'><strong>τῷ</strong></span> <span class='ocrx_word' id='word_1_840' title='bbox 2919 5259 3051 5328; x_wconf 84' lang='grc' dir='ltr'>μηδὲ</span> <span class='ocrx_word' id='word_1_841' title='bbox 3070 5259 3205 5324; x_wconf 83' lang='grc' dir='ltr'>ὅλως</span> <span class='ocrx_word' id='word_1_842' title='bbox 3241 5256 3402 5316; x_wconf 76' lang='grc' dir='ltr'>εἶναι.</span> <span class='ocrx_word' id='word_1_843' title='bbox 3442 5263 3499 5314; x_wconf 86' lang='grc' dir='ltr'>Ὀ</span> <span class='ocrx_word' id='word_1_844' title='bbox 3520 5262 3628 5333; x_wconf 88' lang='grc' dir='ltr'>γὰρ</span> <span class='ocrx_word' id='word_1_845' title='bbox 3663 5261 3736 5332; x_wconf 78' lang='grc' dir='ltr'>μὴ</span> 
     </span>
    </p>
   </div>
   <div class='ocr_carea' id='block_1_112' title="bbox 2167 5349 3739 5424">
    <p class='ocr_par' dir='ltr' id='par_1_112' title="bbox 2167 5349 3739 5424">
     <span class='ocr_line' id='line_1_112' title="bbox 2167 5349 3739 5424; baseline 0 -20"><span class='ocrx_word' id='word_1_846' title='bbox 2167 5352 2369 5422; x_wconf 83' lang='grc' dir='ltr'>κυρίως</span> <span class='ocrx_word' id='word_1_847' title='bbox 2412 5349 2507 5415; x_wconf 82' lang='grc' dir='ltr'><strong>ὢν,</strong></span> <span class='ocrx_word' id='word_1_848' title='bbox 2564 5351 2685 5404; x_wconf 87' lang='grc' dir='ltr'>οὑδέ</span> <span class='ocrx_word' id='word_1_849' title='bbox 2719 5353 2864 5403; x_wconf 88' lang='grc' dir='ltr'>ἐστιν</span> <span class='ocrx_word' id='word_1_850' title='bbox 2902 5351 3058 5413; x_wconf 82' lang='grc' dir='ltr'>ὅλως.</span> <span class='ocrx_word' id='word_1_851' title='bbox 3100 5349 3224 5406; x_wconf 76' lang='grc' dir='ltr'>Οἷον</span> <span class='ocrx_word' id='word_1_852' title='bbox 3270 5354 3482 5424; x_wconf 86' lang='grc' dir='ltr'>τρέχειν</span> <span class='ocrx_word' id='word_1_853' title='bbox 3525 5354 3739 5421; x_wconf 85' lang='grc' dir='ltr'>λέγεται</span> 
     </span>
    </p>
   </div>
   <div class='ocr_carea' id='block_1_113' title="bbox 2168 5441 3740 5515">
    <p class='ocr_par' dir='ltr' id='par_1_113' title="bbox 2168 5441 3740 5515">
     <span class='ocr_line' id='line_1_113' title="bbox 2168 5441 3740 5515; baseline 0 -19"><span class='ocrx_word' id='word_1_854' title='bbox 2168 5442 2308 5496; x_wconf 82' lang='grc' dir='ltr'>κατὰ</span> <span class='ocrx_word' id='word_1_855' title='bbox 2340 5441 2437 5512; x_wconf 83' lang='grc' dir='ltr'>τὴν</span> <span class='ocrx_word' id='word_1_856' title='bbox 2467 5442 2713 5496; x_wconf 88' lang='grc' dir='ltr'>ἐνύπνιον</span> <span class='ocrx_word' id='word_1_857' title='bbox 2742 5442 3040 5512; x_wconf 83' lang='grc' dir='ltr'>φαντασίαν</span> <span class='ocrx_word' id='word_1_858' title='bbox 3095 5444 3123 5495; x_wconf 91' lang='lat'><strong>6</strong></span> <span class='ocrx_word' id='word_1_859' title='bbox 3162 5447 3225 5514; x_wconf 82' lang='grc' dir='ltr'>τῇ</span> <span class='ocrx_word' id='word_1_860' title='bbox 3264 5444 3461 5515; x_wconf 83' lang='grc' dir='ltr'>σπουδῇ</span> <span class='ocrx_word' id='word_1_861' title='bbox 3494 5444 3587 5497; x_wconf 79' lang='grc' dir='ltr'>τοῦ</span> <span class='ocrx_word' id='word_1_862' title='bbox 3617 5445 3740 5513; x_wconf 90' lang='grc' dir='ltr'>δρό-</span> 
     </span>
    </p>
   </div>
   <div class='ocr_carea' id='block_1_114' title="bbox 2173 5535 3742 5609">
    <p class='ocr_par' dir='ltr' id='par_1_114' title="bbox 2173 5535 3742 5609">
     <span class='ocr_line' id='line_1_114' title="bbox 2173 5535 3742 5609; baseline 0.003 -22"><span class='ocrx_word' id='word_1_863' title='bbox 2173 5553 2271 5606; x_wconf 87' lang='grc' dir='ltr'><strong>μου</strong></span> <span class='ocrx_word' id='word_1_864' title='bbox 2292 5535 2789 5608; x_wconf 79' lang='grc' dir='ltr'>ἐμφανταςόμενος.</span> <span class='ocrx_word' id='word_1_865' title='bbox 2835 5537 2971 5590; x_wconf 81' lang='grc' dir='ltr'>Ἀλλ’</span> <span class='ocrx_word' id='word_1_866' title='bbox 3004 5538 3189 5609; x_wconf 82' lang='grc' dir='ltr'>ἐπειδὴ</span> <span class='ocrx_word' id='word_1_867' title='bbox 3218 5538 3428 5606; x_wconf 75' lang='grc' dir='ltr'>ψευδῶς</span> <span class='ocrx_word' id='word_1_868' title='bbox 3460 5540 3556 5608; x_wconf 81' lang='grc' dir='ltr'>τὴν</span> <span class='ocrx_word' id='word_1_869' title='bbox 3590 5538 3742 5605; x_wconf 80' lang='grc' dir='ltr'>δόκη-</span> 
     </span>
    </p>
   </div>
   <div class='ocr_carea' id='block_1_115' title="bbox 2172 5626 3742 5700">
    <p class='ocr_par' dir='ltr' id='par_1_115' title="bbox 2172 5626 3742 5700">
     <span class='ocr_line' id='line_1_115' title="bbox 2172 5626 3742 5700; baseline 0 -19"><span class='ocrx_word' id='word_1_870' title='bbox 2172 5646 2254 5681; x_wconf 88' lang='grc' dir='ltr'><strong>σιν</strong></span> <span class='ocrx_word' id='word_1_871' title='bbox 2301 5626 2395 5679; x_wconf 75' lang='grc' dir='ltr'>τοῦ</span> <span class='ocrx_word' id='word_1_872' title='bbox 2436 5628 2665 5698; x_wconf 80' lang='grc' dir='ltr'>ἀληθοῦς</span> <span class='ocrx_word' id='word_1_873' title='bbox 2704 5630 3051 5700; x_wconf 88' lang='grc' dir='ltr'>ὑποκρίνεται</span> <span class='ocrx_word' id='word_1_874' title='bbox 3096 5629 3330 5700; x_wconf 83' lang='grc' dir='ltr'>δρόμου,</span> <span class='ocrx_word' id='word_1_875' title='bbox 3381 5629 3470 5684; x_wconf 83' lang='grc' dir='ltr'><strong>διὰ</strong></span> <span class='ocrx_word' id='word_1_876' title='bbox 3507 5628 3661 5683; x_wconf 81' lang='grc' dir='ltr'>τοῦτο</span> <span class='ocrx_word' id='word_1_877' title='bbox 3707 5630 3742 5700; x_wconf 78' lang='grc' dir='ltr'><strong>η</strong></span> 
     </span>
    </p>
   </div>
  </div>
