4142 6374
373 415 466 473 8U

1472 419 1749 474 CONTRA
1793 421 2187 484 EUNUMlUM,
2233 421 2359 476 LIB.
2404 421 2470 476 Χ.

3524 413 3626 468 3ίέ

375 529 640 600 φαντασία
677 530 872 599 δρόμος
905 531 1002 582 οὐκ
1032 531 1195 586 ἔστιν.
1244 531 1399 585 Ἀλλὰ
1427 535 1530 586 κᾶν
1555 535 1727 597 οὓτως
1756 535 1818 587 ἐκ
1850 553 1946 587 κα-

2074 540 2154 591 lilii
2205 537 2392 607 ﬁngit,
2439 535 2561 588 idm
2616 531 2932 602 imaginatio
2983 540 3206 584 nonest
3252 545 3469 583 cursus.
3521 531 3626 585 Sed

377 625 691 692 ταχρήσεως
734 623 974 690 λέγηται,
1008 613 1342 694 ψευδωνύμιει
1381 629 1446 694 τῇ
1488 625 1675 696 κλήσει
1727 644 1948 679 κατονοο

381 713 629 779 μαζεται.
661 711 866 765 Οὐκοῦν
898 715 926 764 6
960 713 1168 782 τολμῶν
1203 714 1292 765 τὸν
1329 715 1587 784 μονογενῆ
1615 715 1749 767 Θεὸν
1777 715 1956 781 λέγειν

378 799 411 868 ἦ
452 799 524 868 μὴ
553 796 710 860 εἶναι,
737 801 768 867 ἢ
819 799 890 870 μὴ
920 801 1121 870 κυρίως
1148 797 1306 864 εἶναι,
1341 805 1524 870 σαφῶς
1554 804 1650 874 τὴν
1685 805 1763 866 εἰς
1797 803 1957 854 αὑτὸν

385 890 561 942 πίστιν
594 891 878 961 διαγράφει
922 890 1015 944 τοῦ
1048 892 1335 962 δόγματος.
1373 895 1467 957 Τίς
1513 895 1620 964 γὰρ
1661 894 1727 948 ἂν
1757 894 1836 945 ἔτι
1883 893 1956 961 μὴ

381 983 492 1033 ὄντι
520 981 894 1045 πιστεύσειεν;
943 978 1012 1035 Ἢ
1044 983 1126 1046 τίς
1159 985 1224 1037 ἂν
1252 985 1538 1056 πρόσθοιτο
1567 986 1772 1050 τούτῳ,
1805 979 1864 1038 οὗ
1897 985 1958 1036 τὸ

383 1069 520 1124 εἶναι
546 1064 744 1142 ἄκυρον
764 1073 1135 1127 ἀποδέδεικται
1157 1075 1307 1146 παρὰ
1336 1075 1443 1128 τῶν
1469 1077 1677 1148 ἐχθρῶν
1705 1077 1796 1129 τοῦ
1830 1077 1960 1146 ἁλη-

386 1163 531 1216 θινοῦ
557 1164 759 1234 Κυρίου
793 1165 885 1216 καὶ
913 1165 1299 1220 ἀνυπόστατον.

457 1322 568 1373 Καὶ
597 1321 671 1384 ὼς
697 1321 762 1374 ἂν
799 1322 873 1392 μὴ
908 1321 1108 1386 δόξειεν
1132 1324 1220 1376 διά
1243 1341 1386 1388 τινος
1419 1325 1779 1388 συκοφαντίας
1821 1325 1962 1379 κατὰ

388 1412 495 1464 τῶν
522 1413 852 1467 ὑπεναντίων
880 1417 907 1466 ὁ
936 1416 1064 1485 παρ’
1095 1415 1252 1485 ἡμῶν
1291 1416 1537 1483 γίνεσθαι
1567 1417 1722 1485 λόγος
1745 1461 1758 1482 ,
1791 1418 1959 1488 αὐτὴν

391 1503 774 1574 παραθήσομαι
817 1506 926 1558 τῶν
957 1507 1165 1558 ἀσεϐῶν
1198 1506 1293 1577 τὴν
1341 1507 1482 1574 λέξιν
1515 1507 1742 1578 ἔχουσαν
1767 1509 1960 1573 οὕτως’

393 1598 514 1648 Οὐκ
536 1592 638 1658 ὢν,
671 1596 812 1648 οὐδὲ
842 1597 1058 1663 κιιοίως
1089 1597 1192 1659 ὢν,
1228 1599 1413 1668 φησὶν,
1445 1601 1477 1651 ὀ
1503 1599 1573 1651 ἐν
1601 1603 1852 1665 κόλποις
1878 1601 1964 1652 ὢν

389 1686 494 1739 τοῦ
529 1685 722 1752 ὄντος,
760 1687 829 1738 ἐν
858 1685 1015 1754 ἀρχῇ
1048 1686 1151 1750 ὢν,
1203 1687 1300 1740 καὶ
1350 1687 1498 1754 πρὸς
1535 1689 1641 1740 τὸν
1681 1687 1828 1742 Θεὸν
1859 1687 1963 1753 ὢν,

390 1778 506 1830 κᾶν
523 1779 836 1839 Βασίλειος
858 1779 962 1831 τοῦ
985 1777 1295 1845 διορισμοῦ
1308 1780 1520 1833 τούτου
1545 1779 1770 1847 καὶτῆς
1786 1796 1967 1849 προσ-

390 1874 578 1935 θήκης
623 1869 932 1936 ἀμελήσας
951 1911 965 1932 ,

392 1956 799 2023 προσηγορίαν
831 1958 986 2022 παρὰ
1027 1955 1140 2022 τὴν
1187 1955 1489 2021 ἀλήθειαν.
1531 1956 1597 2008 Τί
1642 1958 1858 2026 λέγεις;
1907 1959 1964 2010 '0

391 2049 450 2099 ὲν
481 2045 558 2116 τῷ
591 2047 766 2118 Πατρὶ
793 2045 866 2099 ὣν
907 2049 1008 2100 οὐκ
1063 2047 1208 2107 ἔστι.
1248 2047 1343 2101 καὶ
1371 2050 1399 2100 6
1429 2049 1486 2100 ὲν
1517 2049 1656 2120 ἀρχῇ
1689 2047 1782 2112 ὢν,
1818 2049 1912 2103 καὶ
1939 2053 1966 2102 ὁ

394 2139 451 2189 ἐν
477 2139 586 2200 τοῖς
618 2138 836 2200 κόλποις
873 2137 968 2201 ῶν,
1001 2138 1088 2190 διὰ
1117 2138 1272 2191 τοῦτο
1297 2140 1396 2193 οὐκ
1423 2139 1590 2202 ἔστιν,
1633 2141 1714 2192 ὅτι
1740 2143 1798 2192 ἐν
1823 2141 1964 2212 ἀρχῇ

393 2229 538 2291 ἐστι,
573 2228 667 2280 καὶ¹
714 2231 770 2281 ὲν
804 2229 881 2298 τῷ
924 2230 1096 2300 Πατρί
1142 2231 1291 2295 ἐστι,
1335 2231 1432 2284 καὶ
1480 2232 1538 2282 ἐν
1591 2232 1702 2292 τοῖς
1747 2230 1968 2294 κόλποις

393 2320 690 2390 καθορᾶται
711 2318 804 2372 τοῦ
831 2319 1000 2382 ὄντος,
1026 2321 1117 2372 καὶ
1142 2321 1229 2372 διὰ
1251 2320 1404 2372 τοῦτο
1428 2320 1630 2390 κυρίως
1656 2322 1755 2374 οὐκ
1785 2320 1956 2387 ἔστιν,

396 2410 476 2461 ὃτι
501 2411 554 2461 ἐν
583 2409 659 2478 τῷ
685 2409 796 2462 ὄντι
823 2410 993 2474 ﬁeri»);
1020 2411 1083 2461 Ὢ
1109 2410 1280 2462 κενῶν
1307 2427 1363 2462 τε
1389 2411 1482 2462 καὶ
1506 2411 1824 2481 παραλόγων
1847 2411 1968 2481 δογ-

407 2502 624 2570 parum!
674 2502 769 2554 νῦν
823 2501 1052 2572 πρώτως
1079 2503 1175 2572 τῆς
1205 2503 1535 2572 κενοφωνίας
1561 2503 1765 2572 ταύτης
1803 2503 1968 2572 ἠκού-

402 2611 573 2664 σαμεν
608 2632 624 2658 ,
660 2591 748 2645 ὅτι
780 2596 809 2646 6
838 2594 1039 2666 Κύριος
1079 2593 1145 2646 δι’
1190 2587 1250 2647 οὗ
1276 2595 1344 2648 τὰ
1385 2597 1590 2656 πάντα,
1639 2596 1841 2667 κυρίως
1869 2596 1970 2648 οὐκ

399 2680 563 2734 ἔστιν.
610 2682 714 2733 Καὶ
747 2681 899 2736 οὔπω
936 2683 1093 2736 τοῦτο
1136 2682 1324 2748 δεινὸν,
1367 2683 1482 2736 ἀλλ’
1517 2684 1596 2736 ἔτι
1643 2685 1736 2737 καὶ
1780 2683 1969 2736 τούτου

399 2771 869 2844 παραλογώτερον,
904 2773 966 2825 τὸ
1004 2773 1076 2844 μὴ
1109 2775 1267 2842 μόνον
1304 2774 1378 2844 μὴ
1413 2770 1551 2827 εἶναι
1582 2774 1744 2827 αὑτὸν
1771 2773 1967 2842 λέγειν,

399 2863 434 2934 ἢ
487 2863 560 2934 μὴ
589 2865 788 2934 κυρίως
818 2861 978 2927 εἶναι,
1006 2865 1139 2918 αλλὰ
1159 2867 1250 2918 καὶ
1285 2869 1352 2937 τῇ
1386 2865 1618 2936 συνθέτῳ
1649 2883 1706 2918 τε
1731 2867 1823 2917 καὶ
1849 2882 1968 2917 ποι-

403 2954 525 3026 κίλῃ
568 2955 944 3026 ἐνθεωρεῖσθαι
989 2956 1167 3024 φύσει·
1205 2958 1305 3010 οὐκ
1334 2957 1410 3009 ῶν
1448 2958 1587 3028 γὰρ,
1625 2959 1807 3026 φησὶν,
1852 2957 1971 3009 οὐδὲ

404 3042 603 3104 ἁπλοῦς
634 3041 728 3095 ῶν.
756 3037 824 3114 τῼ
855 3044 992 3096 δὲτὸ
1026 3044 1226 3096 ἁπλοῦν
1253 3047 1313 3097 οὐ
1340 3046 1615 3115 πρόσεστι,
1644 3045 1704 3096 τὸ
1733 3045 1972 3097 ποικίλον

401 3133 640 3203 δηλονότι
687 3139 1203 3206 προσμαρτυρεῖται,
1250 3137 1338 3188 καὶ
1368 3136 1633 3189 σύνθετον.
1664 3137 1785 3199 Πῶς
1821 3133 1912 3188 οὖν
1944 3137 1972 3188 6

1035 1869 1403 1922 ἀπαλλάττει
1448 1869 1564 1936 τὴν
1617 1871 1725 1924 τοῦ
1785 1871 1961 1938 ὄντος
1995 1877 2034 1928 Β

2052 625 2268 682 etiamsi
2328 627 2554 680 abusive
2614 627 2684 679 ita
2715 626 2949 689 dicatur,
2989 625 3122 677 falsa
3153 633 3331 677 tamen
3395 625 3630 678 nominis

2055 719 2420 787 appellatione
2453 725 2696 772 vocatur.
2733 715 2875 785 Ergo
2923 716 3014 785 qui
3073 716 3236 768 audet
3279 712 3627 783 Unigenitum

2059 809 2246 870 Deum,
2277 809 2360 862 vel
2400 823 2504 861 non
2537 823 2680 866 esse,
2719 807 2801 860 vel
2841 822 2947 859 non
2993 807 3210 875 prOprie
3264 821 3388 859 esse
3425 804 3628 860 dicere.

2057 909 2241 968 aperte
2303 899 2356 951 in
2418 899 2592 968 ipsum
2661 899 2818 951 ﬁdem
2870 898 3095 966 abrogat
3148 896 3439 964 dogmatis.
3498 893 3632 960 Quis

2057 989 2203 1042 enim
2237 990 2472 1058 amplius
2517 989 2564 1043 ei
2595 991 2687 1058 qui
2729 1004 2835 1042 non
2867 997 2950 1042 est
3012 986 3352 1041 crediderit?
3388 987 3471 1040 vel
3507 986 3633 1040 huic

2061 1084 2379 1143 assenserit,
2413 1080 2570 1150 cujus
2598 1097 2719 1136 esse
2761 1081 3116 1150 improprium
3159 1088 3212 1132 et
3258 1078 3401 1147 quod
3451 1078 3631 1131 subsi-

2061 1180 2207 1225 stere
2253 1180 2505 1240 nequeat,
2563 1172 2629 1224 ab
2683 1171 2921 1224 inimicis
2973 1169 3085 1222 veri
3123 1167 3335 1221 Domini
3400 1167 3630 1221 denum-

2063 1273 2297 1318 stratum
2329 1263 2508 1317 fuerit.

2131 1376 2199 1429 At
2238 1390 2306 1428 ne
2335 1378 2421 1429 cui
2455 1374 2702 1428 videatur
2735 1372 3014 1427 calumnia
3045 1370 3278 1441 quadam
3311 1379 3503 1424 contra
3536 1369 3634 1422 ad-

2061 1467 2335 1523 versarios
2368 1466 2421 1521 id
2453 1483 2482 1520 a
2515 1467 2670 1520 nobis
2700 1465 2954 1534 proferri,
3001 1466 3173 1534 ipsam
3216 1477 3486 1533 apponam
3531 1461 3632 1516 im-

2064 1559 2276 1627 piorum
2317 1556 2612 1610 dictionem
2656 1555 2734 1607 sic
2771 1553 3096 1607 habentem:
3127 1551 3231 1616 Qui
3265 1567 3366 1603 non
3395 1559 3496 1613 est,
3548 1549 3634 1602 in—

2065 1648 2202 1716 quit,
2237 1662 2397 1714 neque
2411 1645 2618 1712 proprie
2643 1654 2740 1708 est,
2761 1645 2850 1713 qui
2872 1653 2948 1696 est
2973 1642 3024 1694 in
3046 1642 3251 1694 sinibus
3277 1639 3390 1708 ejus
3423 1639 3632 1708 quiest.

2065 1750 2114 1793 et
2166 1740 2256 1808 qui
2317 1740 2369 1791 in
2405 1737 2663 1805 principio
2711 1745 2810 1797 est,
2861 1743 2910 1788 et
2945 1733 3082 1802 apud
3141 1733 3304 1786 Deum
3364 1743 3480 1793 est;
3529 1731 3628 1786 etsi

2072 1829 2328 1887 Basilius,
2373 1829 2472 1880 hac
2530 1826 2834 1894 deﬁnitione.
2893 1836 2942 1878 et
3016 1824 3309 1893 adjectioue
3373 1823 3632 1893 neglecta,

2069 1929 2232 1973 mutet
2291 1919 2425 1972 cutis
2473 1918 2877 1986 appellationem
2933 1926 3124 1984 prirter
3164 1917 3457 1968 raritatem.
3490 1915 3631 1980 Quid

2067 2011 2242 2065 dicis?
2273 2009 2373 2075 Qui
2416 2020 2498 2064 est
2533 2010 2588 2062 in
2641 2010 2798 2062 Patre
2843 2023 2951 2062 non
2983 2017 3088 2074 est,
3123 2009 3216 2077 qui
3273 2009 3326 2060 in
3363 2007 3636 2077 principio

2068 2113 2150 2156 est
2192 2111 2245 2154 et
2282 2103 2336 2154 in
2367 2100 2546 2155 Patris
2575 2101 2808 2162 sinibus,
2861 2108 3152 2170 propterea
3206 2115 3312 2152 non
3350 2106 3455 2163 est,
3506 2098 3634 2167 quia

2070 2198 2122 2250 in
2155 2196 2419 2266 principio
2444 2202 2548 2257 est,
2577 2201 2630 2249 et
2655 2194 2709 2248 in
2745 2193 2907 2248 Patre
2937 2203 3043 2257 est,
3074 2201 3128 2246 et
3177 2193 3232 2246 in
3262 2193 3476 2247 sinibus
3516 2193 3637 2260 ejus

2068 2290 2160 2357 qui
2218 2295 2297 2342 est
2351 2285 2716 2356 conspicitur;
2767 2293 3052 2355 propterea
3109 2286 3325 2353 proprie
3376 2300 3486 2337 non
3531 2299 3636 2345 εει,

2069 2382 2196 2451 quia
2229 2389 2312 2435 est
2349 2382 2402 2434 in
2443 2396 2508 2435 eo
2553 2380 2646 2450 qui
2679 2379 2810 2434 est?
2855 2378 2899 2433 Ο
2933 2393 3071 2432 vana
3116 2376 3406 2446 iutiliaque
3438 2387 3492 2430 et
3543 2377 3640 2430 ab-

2069 2473 2236 2527 surda
2273 2473 2560 2542 dogmata!
2615 2470 2892 2541 Nusquam
2935 2483 3091 2524 antea
3141 2471 3282 2523 hanc
3332 2469 3484 2521 vocis
3523 2469 3639 2520 ina-

2073 2565 2294 2618 nitatem
2332 2565 2445 2619 sive
2478 2563 2937 2633 vaniloquentiam
2976 2561 3324 2616 audivimus:
3362 2564 3506 2630 quod
3537 2559 3641 2612 Do-

2071 2657 2274 2720 minus,
2336 2671 2431 2724 per
2459 2671 2621 2725 quem
2675 2656 2881 2718 omnia,
2919 2655 3138 2724 proprie
3190 2670 3296 2708 non
3353 2662 3456 2708 est.
3528 2653 3637 2705 Nec

2075 2747 2256 2800 adhuc
2286 2747 2389 2800 hoc
2414 2762 2578 2816 grave
2626 2755 2752 2807 est,
2800 2744 2893 2800 sed
2954 2746 3089 2800 illud
3141 2745 3305 2798 etiam
3343 2745 3513 2796 Inulto
3558 2753 3641 2796 est

2073 2839 2392 2901 absurdius,
2440 2853 2549 2892 non
2596 2839 2773 2893 solum
2816 2853 2922 2892 non
2951 2852 3074 2891 esse
3109 2835 3284 2905 ipsum
3316 2835 3520 2898 dicere,
3557 2835 3641 2887 vel

2076 2948 2182 2989 non
2224 2931 2444 3000 proprie
2471 2946 2630 2998 esse;
2657 2931 2751 2985 sed
2773 2932 2937 2985 etiam
2971 2932 3024 2983 in
3050 2929 3351 2998 composita
3383 2929 3645 2996 variaque

2083 3024 2326 3094 conspici
2351 3032 2582 3079 natura:
2620 3040 2724 3077 nou
2749 3024 2916 3085 enim,
2941 3023 3037 3086 ait,
3070 3038 3186 3086 ens,
3213 3037 3390 3091 neque
3415 3021 3642 3091 simplex

2074 3131 2194 3173 ens.
2235 3116 2330 3170 Cui
2373 3124 2553 3171 autem
2597 3117 2924 3186 simplicitas
2969 3131 3076 3169 non
3129 3115 3304 3176 adest,
3365 3114 3511 3182 quod
3562 3120 3642 3165 est

403 3225 562 3288 αὐτὸς
591 3227 682 3277 καὶ
715 3227 814 3278 οὐκ
851 3227 994 3279 ἔστιν
1029 3228 1164 3290 ὅλως
1194 3229 1286 3280 καὶ
1312 3227 1560 3290 σύνθετος
1590 3230 1729 3282 κατὰ
1767 3229 1863 3299 τὴν
1892 3229 1971 3281 οὐ·

2083 3208 2295 3261 νοτίοιο
2344 3223 2537 3276 nempe
2574 3208 2916 3268 altribuitur,
2975 3217 3027 3260 et
3059 3207 3203 3276 quod
3257 3205 3643 3274 compositum.

405 3313 522 3366 σίαν
555 3316 728 3381 ἐστίν;
773 3317 890 3386 Χρὴ
921 3317 1028 3387 γαρ
1075 3317 1183 3369 τῶν
1212 3318 1304 3370 δύο
1333 3318 1389 3370 τὸ
1422 3318 1628 3388 ἕτερον,
1663 3319 1695 3389 ἦ
1745 3319 1974 3370 καθόλου

407 3408 958 3478 προσμαρτυροῦντας
1001 3410 1147 3479 αὐτῷ
1185 3410 1245 3462 τὺ
1275 3409 1640 3479 ἀνύπαρκτον,
1675 3410 1808 3480 μηδὲ
1852 3410 1974 3460 σύν-

404 3497 562 3550 θετον
591 3499 786 3566 λέγειν,
825 3500 857 3570 ἢ
891 3500 950 3553 τὸ
984 3501 1231 3553 σύνθετον
1273 3500 1664 3564 ἐπικαλοῦντας
1699 3501 1867 3571 αὐτῷ,
1903 3503 1976 3572 μὴ

404 3589 636 3660 ἐξαίρειν
659 3590 748 3642 τοῦ
769 3591 938 3655 ὄντος.
987 3592 1124 3644 Ἀλλ’
1153 3593 1227 3654 ὡς
1252 3593 1314 3645 ἂν
1339 3591 1628 3654 πολυειδῶς
1653 3609 1709 3643 τε
1735 3593 1829 3644 καὶ
1861 3610 1976 3644 ποι⁸

405 3679 566 3740 κίλως
594 3679 793 3746 γίνοιτο
823 3681 952 3752 παρ’
981 3680 1156 3733 αὐτῶν
1179 3667 1219 3751 ’ἡ
1254 3680 1569 3750 βλασφημία
1589 3721 1603 3742 ,
1645 3683 1776 3733 πᾶσι
1818 3680 1980 3748 σφάλ-

406 3770 555 3822 λεται
584 3776 695 3834 τοῖς
731 3773 906 3838 ἀθέοις
945 3776 1203 3844 νοήμασι·
1239 3778 1304 3844 τῇ
1340 3775 1436 3842 μὲν
1481 3775 1616 3844 πρὸς
1653 3774 1713 3826 τὸ
1756 3775 1814 3826 ὃν
1857 3791 1979 3842 συγ-

409 3864 617 3931 κρίσει,
656 3865 729 3934 μὴ
779 3861 918 3918 εἶναι
970 3866 1173 3936 Κύριον
1217 3865 1480 3933 λέγουσα⁹
1533 3869 1596 3936 τῇ
1633 3866 1688 3917 δὲ
1744 3866 1878 3937 πρὸς
1917 3867 1978 3918 τὸ

408 3956 608 4008 ἁπλοῦν
639 3956 839 4026 σχέσει,
863 3958 1107 4029 ἀμοιρεῖν
1135 3958 1232 4028 τῆς
1257 3959 1574 4028 ἁπλότητος·
1606 3959 1703 4011 ούκ
1731 3957 1824 4019 ῶν,
1858 3959 1978 4012 οὐδὲ

407 4045 610 4110 ἁπλῶς,
645 4046 764 4098 οὐδὲ
795 4047 997 4118 κυρίως
1038 4045 1128 4100 ῶν.
1156 4047 1252 4109 Τίς
1277 4048 1384 4099 τῶν
1411 4047 1866 4116 παραϐεϐηκότων
1888 4047 1977 4099 τὸν

407 4139 560 4206 λόγον
598 4140 692 4191 καὶ
721 4139 817 4206 τὴν
849 4139 1028 4190 πίστιν
1067 4139 1477 4208 ἐξομοσαμένων
1509 4139 1756 4190 τοσοῦτον
1795 4139 1976 4191 ἐνεδασ

408 4233 694 4302 ψιλεύσατο
727 4234 845 4295 ταῖς
869 4234 1176 4303 ἁρνητικαῖς
1211 4231 1302 4284 τοῦ
1337 4232 1538 4303 Κυρίου
1579 4233 1818 4299 φωναῖς;
1858 4232 1978 4283 ’Λν-

407 4323 793 4393 τεφιλοτιμήθη
855 4323 932 4392 τῷ
996 4322 1123 4392 θείῳ
1184 4323 1280 4374 τοῦ
1342 4323 1585 4375 Ἰωάννου
1640 4323 1973 4392 κηρύγματι.

421 4417 640 4478 Ὁσάκις
663 4417 769 4485 γὰρ
796 4417 998 4476 ἐκεῖνος
1019 4414 1078 4466 τὸ
1104 4409 1179 4483 ἦν
1194 4414 1270 4483 τῷ
1285 4411 1442 4485 Λόγῳ
1466 4432 1628 4484 προσε
1639 4433 1711 4484 μα
1721 4413 1812 4483 ρτύ
1823 4433 1886 4486 pr,-
1899 4432 1975 4476 σε,

409 4505 730 4566 τοσαυτάκις
756 4497 909 4563 οὗτος
943 4501 1238 4555 ἀντιθεῖναι
1268 4504 1327 4554 τὸ
1356 4506 1464 4554 οὐκ
1498 4501 1576 4573 ἦν
1606 4504 1681 4574 τῷ
1713 4504 1822 4556 ὄντι
1858 4506 1977 4571 ἐει-

409 4600 705 4670 λονείκησε.
746 4599 854 4652 Καὶ
884 4598 961 4668 τῷ
992 4597 1130 4668 ἁγίῳ
1169 4597 1391 4666 στόματι
1428 4597 1519 4648 τοῦ
1572 4597 1781 4667 πατρὸς
1821 4597 1976 4666 ἡμῶν

407 4691 729 4762 διαμάχεται
770 4689 942 4742 ταῦτα
983 4689 1272 4760 προφέρων
1313 4688 1432 4740 κατ’
1465 4687 1626 4739 αὐτοῦ
1671 4687 1738 4740 τὰ
1783 4688 1980 4758 ἐγκλή-

413 4801 590 4854 ματα·
623 4785 702 4835 ὄτι
755 4781 946 4852 ἀμελεί
983 4781 1091 4832 τῶν
1119 4779 1414 4851 διορισμῶν
1442 4778 1645 4831 τούτων
1682 4778 1975 4840 Βασίλειος,

409 4877 538 4930 ὄντα
567 4875 738 4942 λέγων
761 4875 850 4926 τὸν
875 4876 931 4925 ὲν
961 4871 1034 4942 τῷ
1075 4873 1269 4936 “arpi,
1307 4872 1399 4923 καὶ
1430 4872 1487 4922 ὲν
1514 4873 1581 4941 τῇ
1612 4873 1776 4940 ἀρχῇ,
1807 4873 1898 4923 καὶ
1924 4873 1981 4923 ἐν

409 4972 520 5032 τοῖς
548 4968 766 5029 κόλποις
795 4966 944 5029 ὄντα,
972 4965 1046 5027 ὡς
1072 4963 1171 5032 τῆς
1217 4963 1468 5032 τοιαύτης
1512 4962 1853 5032 προσθέσεως
1883 4963 1980 5030 τῆς

410 5061 552 5114 κατὰ
581 5059 681 5129 τὴν
701 5057 874 5129 ἀρχὴν
899 5058 990 5109 καὶ
1009 5057 1098 5108 τὸν
1121 5055 1338 5118 κόλπον,
1369 5056 1868 5125 παραγραφομένης
1887 5054 1980 5106 τοῦ

393 5150 559 5212 ’ὄντος
591 5149 686 5220 τὴν
719 5147 966 5218 ὓπαρξιν.
1003 5147 1066 5197 Ὦ
1111 5144 1281 5198 κενῶν
1320 5143 1684 5214 μαθημάτωνῐ
1726 5139 1815 5198 οἷα
1858 5163 1981 5196 παις

409 5240 652 5293 ὃεύουσιν
693 5241 742 5291 oi.
780 5237 1064 5290 παιδευταὶ
1099 5235 1196 5304 τῆς
1242 5232 1493 5302 ἀπάτηςῑ
1524 5233 1650 5284 οἴων
1697 5232 1980 5301 δογμάτων

409 5333 693 5400 εἰσηγηταὶ
727 5333 838 5392 τοῖς
881 5328 1135 5381 ἀκούουσι
1168 5325 1437 5394 γίνονταιί
1482 5324 1544 5376 τὸ
1575 5325 1630 5376 ἕν
1661 5341 1761 5376 τινι
1804 5322 1862 5374 ὃν
1907 5323 1980 5394 μὴ

409 5421 548 5475 εἶναι
589 5422 949 5475 διδάσκουσιν.
988 5419 1215 5479 Οὐκοῦν,
1259 5416 1443 5485 ἐπειδὴ
1488 5415 1636 5478 ἐντός
1679 5414 1770 5467 σού
1813 5417 1979 5477 ἐστιν,

411 5515 664 5582 Εὐνόμιε,
691 5516 723 5583 ἠ
749 5511 946 5582 καρδία
969 5511 1062 5564 καὶ
1086 5512 1114 5562 ὁ
1140 5507 1456 5576 ἐγκέφαλος,
1479 5506 1702 5559 οὐκέστι
1729 5507 1870 5560 κατὰ
1892 5505 1982 5560 τὸν

412 5609 502 5661 σὺν
545 5605 819 5676 διορισμὸν
866 5603 1068 5656 τούτων
1114 5601 1388 5671 ἑκάτερον.
1441 5599 1502 5651 Ei
1543 5598 1650 5668 γὰρ
1700 5597 1788 5650 διὰ
1827 5597 1982 5650 τοῦτο

415 5701 616 5770 κυρίως
654 5700 681 5750 ὁ
709 5695 1014 5764 Μονογενὴς
1043 5693 1173 5756 Θεὸς
1199 5693 1298 5745 οὐκ
1323 5691 1437 5743 ἐστι
1456 5730 1469 5752 ,
1503 5689 1638 5742 διότι
1665 5690 1722 5741 ὲν
1752 5691 1863 5751 τοῖς
1888 5688 1982 5742 τοῦ

411 5792 620 5864 Πατρός
661 5791 775 5842 ἐστι
819 5788 1072 5849 κόλποις,
1110 5786 1216 5837 πᾶν
1248 5784 1309 5836 τὸ
1351 5783 1408 5835 ἐν
1449 5799 1554 5835 τινι
1586 5780 1666 5845 ὃν,
1713 5778 1807 5834 τοῦ
1845 5778 1983 5835 εἶναι

729 5884 999 5942 ΡΑτιιθι..
1047 5879 1163 5937 Gn.
1215 5877 1401 5938 XLV.

2079 3299 2361 3364 Quomodo
2393 3300 2558 3368 igitur
2585 3299 2726 3353 idem
2764 3307 2818 3353 et
2855 3315 2960 3351 non
2992 3311 3075 3353 est
3114 3299 3360 3362 omnino,
3400 3305 3454 3351 et
3497 3312 3646 3350 com-

2079 3387 2316 3456 positum
2351 3387 2651 3440 secundmn
2693 3387 2986 3442 essentiam
3027 3387 3144 3441 est?
3169 3387 3362 3440 horum
3411 3386 3644 3439 duormn

2080 3482 2307 3532 altermn
2339 3488 2572 3549 oportet,
2624 3480 2706 3533 vel
2753 3479 2980 3534 omnino
3019 3481 3066 3532 ei
3102 3480 3448 3548 assignantes
3503 3478 3648 3546 quod

2081 3586 2187 3622 non
2226 3570 2462 3630 exsistit.
2497 3586 2672 3639 neque
2710 3572 3073 3640 compositmn
3112 3571 3318 3634 dicere,
3361 3569 3447 3623 vel
3495 3560 3650 3622 corn-

2081 3659 2315 3728 positmn
2353 3660 2407 3712 in
2439 3660 2554 3728 ipso
2583 3670 2862 3722 vocantes,
2897 3676 3002 3713 non
3050 3662 3289 3714 eximere
3318 3674 3380 3712 ex
3410 3674 3477 3713 eo
3503 3657 3647 3726 quod

2078 3759 2181 3803 est.
2218 3748 2322 3802 Sed
2348 3759 2403 3801 ut
2432 3749 2843 3802 multiformiter
2872 3758 2926 3803 et
2951 3751 3098 3804 varie
3132 3750 3199 3801 ab
3220 3749 3355 3818 ipsis
3389 3749 3482 3800 ﬁat
3510 3747 3650 3802 blas-

2080 3839 2312 3904 phemia,
2355 3840 2613 3894 omnibus
2662 3841 3032 3894 hallucinatur
3074 3841 3254 3908 impiis
3307 3840 3644 3893 notiouilms.

2078 3933 2211 3986 Nam
2233 3934 2298 3987 ad
2325 3949 2426 3988 ens
2449 3935 2858 4003 comparatione
2884 3933 3044 3994 facta,
3069 3950 3174 3986 non
3208 3950 3330 3988 esse
3359 3932 3646 3986 liotninum

2078 4024 2248 4078 dicit:
2282 4031 2336 4075 et
2386 4023 2648 4076 relatione
2676 4039 2801 4077 cum
2832 4038 2896 4077 eo
2925 4022 3070 4091 quod
3119 4024 3348 4089 simplex
3377 4029 3480 4082 cst,
3520 4038 3643 4075 eum

2080 4117 2431 4184 simplicitate
2492 4119 2670 4188 privat
2728 4128 2783 4172 et
2816 4119 3086 4173 destituit.
3120 4117 3238 4170 Non
3271 4135 3392 4180 ens,
3446 4117 3646 4186 inquit,

2081 4225 2253 4274 neque
2279 4209 2601 4277 simpliciter
2627 4248 2642 4273 ,
2677 4225 2852 4278 neque
2887 4210 3104 4278 prOprie
3129 4225 3245 4262 ens.
3275 4209 3409 4272 Quis
3455 4224 3646 4260 eorum

2079 4304 2170 4369 qui
2204 4316 2514 4354 sermonem
2541 4301 2872 4370 transgressi
2905 4311 3034 4354 sunt
3067 4308 3120 4352 et
3154 4299 3310 4353 ﬁdem
3337 4300 3647 4367 ejurarnnt,

2081 4403 2186 4445 tam
2218 4393 2398 4461 largus
2421 4400 2504 4446 cst
2523 4399 2576 4446 et
2603 4392 2846 4445 liberalis
2876 4392 2930 4444 in
2966 4389 3362 4462 prol'uudendis
3392 4392 3648 4451 vocibus,

2083 4485 2283 4553 quibus
2324 4484 2585 4539 Dominus
2633 4487 2908 4555 negatur?
2957 4484 3260 4538 Ambitiosa
3297 4483 3649 4537 contentione

2083 4594 2149 4631 ex
2178 4578 2410 4632 adverso
2433 4587 2699 4648 repugnat
2722 4578 2850 4632 huic
2879 4577 3063 4631 divino
3091 4574 3319 4630 Joannis
3351 4574 3648 4645 praeconio.

2085 4669 2310 4735 Quoties
2330 4671 2476 4725 enim
2495 4670 2863 4744 illequoderat
2905 4666 3084 4722 Verbo
3098 4667 3534 4733 altribuit,toties
3564 4666 3652 4719 hic

2082 4777 2356 4832 opponere
2372 4779 2472 4815 non
2498 4770 2609 4814 erat
2637 4761 2684 4814 ei
2700 4759 2908 4828 quiest,
2930 4757 3280 4828 pertinaciter
3293 4759 3529 4813 obnixus
3545 4767 3650 4812 est.

2085 4852 2148 4905 Et
2160 4854 2240 4906 ori
2256 4863 2446 4908 sancto
2461 4852 2634 4926 patris
2651 4851 2824 4905 nostri
2842 4859 3107 4920 repugnat
3121 4851 3234 4904 liam
3251 4851 3512 4904 adversus
3527 4863 3651 4902 eum

2085 4948 2366 5018 proferens
2385 4948 2653 5001 crimina:
2690 4945 2833 5014 quod
2871 4945 3127 4998 nimirum
3157 4943 3391 4997 Basilius
3412 4941 3651 4996 hasdeﬁ~

2083 5043 2320 5097 nitiones
2352 5039 2593 5109 negligit,
2630 5039 2819 5092 dicens
2845 5053 2968 5091 eum
2992 5051 3115 5091 esse
3142 5036 3336 5106 quiest
3369 5035 3423 5086 in
3455 5032 3642 5093 Patre,

2082 5143 2137 5190 et
2176 5135 2229 5188 in
2260 5133 2528 5204 principio
2571 5140 2623 5183 et
2657 5132 2709 5183 in
2740 5129 2972 5193 sinibus,
3017 5129 3174 5200 quasi
3215 5128 3472 5183 nimirum
3502 5126 3654 5194 ejus-

2087 5227 2230 5282 modi
2265 5225 2489 5289 additio,
2539 5225 2591 5278 in
2625 5223 2917 5294 principio,
2957 5232 3012 5277 et
3053 5223 3104 5275 in
3139 5225 3284 5283 sinu,
3334 5220 3652 5288 pra’scribat

2084 5339 2150 5376 ac
2179 5320 2398 5374 deﬁniat
2450 5320 2570 5387 ejus
2608 5320 2700 5386 qui
2749 5326 2833 5371 est
2867 5317 3261 5371 exsistentiam.
3295 5313 3338 5369 0
3381 5314 3564 5368 inania
3600 5321 3652 5366 et

2085 5413 2313 5484 nugacia
2345 5413 2701 5467 documenta!
2748 5411 2928 5481 qualia
2954 5409 3274 5481 praecipiunt
3301 5407 3507 5463 erroris
3537 5420 3646 5460 ma-

2085 5506 2272 5574 gistri!
2329 5504 2570 5572 qualium
2630 5504 2971 5556 decretorum
3027 5508 3280 5554 auctores
3313 5496 3654 5552 auditoribus

2087 5595 2258 5648 ﬁunt!
2314 5593 2457 5662 quod
2495 5593 2546 5645 in
2586 5593 2768 5660 aliquo
2796 5597 2900 5652 est,
2946 5603 3054 5642 non
3085 5603 3208 5642 esse
3237 5587 3452 5641 docent.
3491 5583 3652 5654 Ergo,

2084 5687 2339 5758 quoniam
2371 5686 2513 5739 intra
2541 5692 2612 5746 te,
2663 5698 2695 5736 ο
2721 5681 2970 5743 Eunomi,
3007 5689 3090 5732 est
3121 5694 3217 5732 cor
3248 5689 3302 5732 et
3347 5675 3653 5738 cerebrum,

2084 5778 2384 5837 secundum
2410 5787 2554 5833 tuam
2573 5774 2996 5838 distinctionem,
3017 5772 3209 5824 horum
3232 5779 3524 5838 utrumque
3545 5779 3652 5821 non

3331 5861 3409 5919 27
