4142 6374
508 422 614 470 διὸ
1734 419 1792 474 S.
1833 419 1873 473 G
1888 419 2163 476 REGORII
2203 421 2492 479 NYSSENI
3657 429 3762 483 8“

509 544 613 592 est.
652 534 707 586 Si
745 534 889 588 enim
915 535 986 589 ob
1017 550 1134 590 eam
1171 550 1392 590 causam
1435 536 1760 606 Unigeuitus
1790 536 1932 592 Deus
1957 555 2082 608 pro-
2113 543 2145 597 Α

2121 543 2156 598 Α
2185 542 2401 605 πάντως
2436 542 2715 614 ἐξὴρηται.
2764 544 2923 597 Ἀλλὰ
2955 544 3062 615 μὴν
3087 545 3144 596 ἐν
3178 545 3259 595 σοὶ
3293 545 3326 612 ἡ
3353 542 3546 613 καρδία
3575 544 3666 596 καὶ
3698 545 3757 598 οὐ

514 630 626 695 prie
661 641 766 680 non
799 636 901 689 est,
957 628 1084 696 quia
1119 629 1172 680 in
1207 627 1384 682 Patris
1423 636 1507 681 est
1553 627 1786 690 sinibus,
1819 628 2086 697 quidquid

2187 634 2307 685 καθ’
2347 635 2546 704 ἑαυτήν
2574 636 2738 687 ἐστιν.
2779 637 2920 704 Ἀρα
2953 634 3093 687 κατά
3116 634 3206 685 τὸν
3247 633 3337 685 σδν
3357 632 3514 699 λόγον
3553 633 3586 702 ἢ
3631 633 3757 686 καθ-

511 728 594 772 est
623 721 675 771 iu
705 718 908 790 aliquo,
939 719 1184 773 funditus
1210 735 1240 773 e
1269 735 1448 772 rermn
1475 727 1666 771 natura
1690 719 1958 773 sublatum
1980 729 2084 774 est.

2187 727 2308 778 όλου
2352 728 2456 798 χρὴ
2503 727 2575 797 μὴ
2604 723 2737 780 εἷναι
2765 727 2945 795 λέγειν
2973 728 3162 797 αὐτὴν,
3191 725 3222 794 ἢ
3271 725 3344 796 μὴ
3375 726 3576 795 κυρίως
3600 713 3755 779 εἶναι.

513 812 679 880 Atqui
712 812 765 863 in
808 821 858 866 te
889 827 985 865 cor
1016 821 1102 865 est
1133 820 1187 886 et
1225 826 1332 864 non
1364 827 1458 880 per
1481 827 1560 869 se,
1601 811 1764 879 igitur
1783 810 2085 865 secundum

2201 817 2360 870 Ἀλλά
2406 819 2467 870 τὸ
2514 818 2612 887 μὲν
2651 820 2974 872 ἀπαίδευτον
3019 821 3076 872 ἐν
3119 821 3232 880 τοῖς
3275 817 3585 888 εἰρημένοις
3633 819 3760 886 παρ’

515 911 662 954 luam
710 904 977 956 rationem
1005 903 1089 955 vel
1135 903 1358 956 omnino
1388 902 1676 955 dicendum
1709 911 1792 956 est
1825 918 1932 955 non
1966 917 2088 957 esse

2189 911 2352 962 αὐτοῦ
2388 911 2482 963 καὶ
2520 912 2581 963 16
2606 911 2942 980 βλάσφημον,
2986 910 3236 962 τοσοῦτόν
3274 926 3331 961 τε
3366 909 3459 961 καὶ⁹
3499 906 3759 966 τοιοῦτον,

517 993 716 1060 ipsum,
760 993 844 1046 vel
893 1009 1001 1047 non
1041 994 1259 1062 pmprie
1301 1008 1442 1047 esse.
1485 991 1589 1045 Sed
1627 992 1770 1061 quod
1808 992 2088 1045 indoctum

2189 1005 2266 1067 ὡς
2306 1005 2400 1057 καὶ
2441 1007 2546 1075 πρὸ
2587 1007 2696 1058 τῶν
2732 1008 3016 1078 ἡμετέρων
3055 1007 3228 1074 λόγων
3275 1005 3586 1074 καταφανὲς
3626 1001 3761 1058 εἶναι

513 1093 570 1138 et
594 1084 993 1154 blaSpbemum,
1029 1086 1080 1139 id
1110 1094 1195 1139 est
1225 1085 1389 1154 impie
1418 1093 1471 1137 et
1500 1086 1763 1138 scelerate
1793 1085 2086 1152 prolatum,

2189 1098 2300 1156 τοῖς
2333 1095 2455 1148 νοῦν
2498 1095 2730 1165 ἔχουσιψ
2762 1096 2836 1158 ὡς
2873 1097 2918 1150 δ’
2966 1097 3030 1150 ἂν
3074 1097 3270 1167 μᾶλλον
3311 1095 3560 1166 ἐπίδηλος
3600 1094 3760 1147 αὑτοῦ

512 1179 571 1231 in
599 1179 717 1247 ejus
751 1178 912 1232 dictis
952 1187 1159 1231 tantum
1191 1187 1271 1231 est
1309 1187 1361 1230 ct
1391 1179 1517 1242 tale,
1548 1185 1604 1229 ut
1636 1179 1799 1230 etiam
1831 1185 1959 1230 ante
1992 1191 2091 1228 no-

2191 1185 2400 1250 γένοιτο
2426 1187 2563 1256 μετὰ
2590 1188 2688 1257 τῆς
2717 1189 2969 1251 ἀσεϐείας
2991 1191 3022 1258 ή
3057 1189 3230 1248 ἄνοια.
3257 1188 3414 1241 τοῦτο
3441 1189 3551 1249 τοῖς
3581 1203 3766 1258 προει-

517 1278 661 1323 stros
709 1285 990 1323 sermones
1029 1279 1210 1323 mente
1243 1270 1485 1339 przeditis
1537 1272 1606 1322 sit
1657 1269 2002 1337 perspicuum
2039 1276 2092 1320 et

2197 1277 2450 1346 ρημένοις
2493 1277 2900 1350 προσθήσομεν·
2927 1281 2987 1332 Εἰ
3030 1279 3189 1349 μόνον
3230 1281 3344 1332 ἔστι
3383 1278 3587 1347 κυρίως
3629 1272 3764 1329 εἶναι

518 1364 907 1426 manifestum;
964 1371 1021 1416 ut
1051 1375 1230 1417 autem
1282 1364 1454 1433 magis
1484 1363 1604 1431 ejus
1643 1379 1766 1414 cum
1816 1361 2093 1429 impietate

2193 1369 2388 1436 λέγειν,
2420 1363 2462 1436 ᾧ
2494 1371 2594 1440 τῆς
2624 1370 2846 1440 Γραφῆς
2879 1373 2908 1423 6
2939 1371 3095 1439 λόγος
3134 1370 3531 1439 ἀπολελυμένον
3574 1387 3634 1421 τε
3673 1370 3767 1422 καὶ

517 1455 811 1524 conjuncta
843 1456 1114 1511 dementia
1159 1456 1489 1516 innotescat,
1546 1454 1648 1506 hoc
1702 1453 1768 1506 iis
1799 1468 1919 1522 qua:
1967 1459 2094 1505 aute

2194 1459 2419 1529 ἄσχετον
2451 1464 2717 1532 μαρτυρεῖ
2753 1467 2812 1514 16
2844 1457 2982 1515 εἶναι
3003 1504 3017 1526 ,
3049 1461 3137 1514 διὰ
3177 1462 3231 1514 τί
3265 1461 3518 1530 καθάπερ
3543 1462 3591 1512 οἱ
3617 1460 3770 1529 ὑδρο-

517 1547 756 1603 diximus
799 1547 1122 1617 adjiciemus
1156 1547 1250 1600 :Si
1304 1547 1481 1600 solum
1532 1545 1749 1615 proprie
1792 1560 1916 1599 esse
1969 1545 2094 1597 licet

2196 1554 2487 1623 φοροῢντες
2519 1556 2577 1606 ἐν
2620 1554 2836 1625 ἐξουσίᾳ
2867 1554 2958 1607 105
2998 1558 3140 1607 πιεῖν
3174 1557 3240 1625 τῇ
3266 1553 3395 1626 δίψῃ
3428 1553 3766 1622 φθείρονται;

518 1641 721 1704 dicere,
753 1643 838 1695 cui
871 1640 1168 1709 Scriptura:
1205 1655 1385 1693 sermo
1433 1639 1744 1693 absolutum
1781 1648 1833 1692 et
1867 1637 2092 1691 liberum

2195 1647 2305 1697 Καὶ
2331 1640 2482 1709 οὗτος
2505 1647 2791 1716 πρόχειρον
2820 1647 2956 1716 ἔχων
2974 1647 3070 1716 τῆς
3096 1647 3236 1700 κατά
3263 1645 3355 1698 105
3382 1645 3509 1698 Υἱοῦ
3529 1644 3767 1715 βλασφη-

507 1733 767 1786 «θιιιῆιιυίι
800 1747 940 1789 esse.
976 1731 1332 1800 quamobrem
1378 1729 1541 1783 veluli
1589 1729 1798 1798 aquarii
1835 1727 2095 1781 habentes

2171 1747 2174 1749 '
2201 1737 2326 1806 μίας
2349 1738 2409 1790 16
2432 1738 2864 1808 ἀντιφάρμακον,
2887 1737 3159 1807 ἐπιμύσας
3184 1735 3555 1806 παρέδραμεν,
3585 1734 3770 1802 ὥσπερ

518 1832 840 1894 potesmtem
869 1823 1105 1882 bibendi,
1140 1821 1229 1875 siti
1261 1820 1598 1874 enecantur?
1632 1829 1686 1874 et
1710 1821 1795 1871 hic
1823 1819 1878 1872 in
1916 1835 2096 1888 prom-
2129 1881 2154 1900 τ

2135 1881 2168 1900 η
2198 1829 2257 1881 16
2292 1829 2529 1898 σωθῆναι
2569 1829 2920 1900 φοὸούμενος.
2952 1832 3060 1882 Καὶ
3092 1829 3298 1882 ἀδικεῖν
3331 1828 3568 1880 αἰτιᾶται
3609 1824 3771 1880 Βασί-

511 1925 613 1985 -.ptu
663 1915 869 1969 habens
917 1914 1179 1967 adversus
1208 1913 1598 1982 blasphemiam
1637 1911 1690 1964 iu
1733 1909 1928 1964 Filimn
1961 1881 2147 1979 prae--l

2136 1881 2170 1935 Β
2202 1921 2362 1982 λειον,
2390 1881 2471 1974 ὅτι
2500 1881 2625 1987 105;
2656 1881 3108 1992 προσδιορισμοὺς
3136 1921 3414 1991 σιωπήσας
3433 1959 3448 1980 ,
3493 1917 3652 1988 μόνον
3687 1918 3772 1985 ἐφ’

520 2015 836 2061 ειιηιαιιειιιιι
870 2004 1186 2066 remedium,
1212 2004 1512 2057 connivens
1535 2001 1926 2071 prmtercurrit.
1953 2001 2102 2053 velut

2203 2009 2390 2065 ἑαυτοῦ
2419 2011 2478 2062 τὸ
2500 2007 2578 2079 ἦν
2606 2012 2697 2063 ἐπὶ
2726 2009 2820 2065 105
2848 2009 3178 2078 Μονογενοῠς
3232 2009 3545 2079 διηγήσατο.
3581 2004 3772 2058 Καίτοι

519 2098 728 2153 servari
791 2104 1059 2150 metuens.
1116 2095 1180 2148 Et
1219 2095 1476 2148 Basilium
1531 2096 1676 2164 turpi
1731 2097 1867 2146 fama
1917 2093 2098 2150 diﬂ'ert

2202 2119 2265 2169 γε
2288 2101 2510 2155 δυνατὸν
2528 2098 2617 2172 ἦν,
2642 2101 2676 2155 ἃ
2698 2104 2902 2166 ἐκεῖνος
2924 2097 3051 2165 οἶδε,
3075 2103 3170 2154 καὶ
3193 2101 3424 2162 ἕκαστος
3447 2097 3556 2151 τῶν
3577 2095 3774 2164 ὀφθαλ-

519 2190 666 2258 quod
690 2189 1076 2242 distinctiones
1095 2187 1310 2242 silentio
1333 2189 1530 2240 tacitus
1554 2187 1892 2254 praeteriens,
1923 2187 2098 2238 solum

2207 2193 2341 2262 μους
2388 2193 2617 2264 ἑχόντων
2670 2195 2792 2266 ὁρᾷ.
2844 2195 2940 2247 καὶ
2976 2193 3165 2246 τοῦτον
3194 2192 3340 2246 ίδεῖν.
3383 2191 3450 2243 Ὃ
3502 2206 3591 2260 μοι
3629 2187 3777 2241 δοκεῖ

519 2285 574 2337 in
608 2299 667 2338 se
701 2283 819 2351 ipso
858 2282 1082 2336 verbum
1131 2290 1246 2333 erat
1279 2281 1332 2332 in
1365 2278 1654 2347 Uuigeuito
1697 2278 1973 2346 exposuit.
2004 2278 2100 2329 At-

2205 2285 2554 2354 προφητικῶς
2575 2285 2814 2356 κινηθεὶς
2840 2288 2869 2338 6
2898 2284 3098 2356 ὑψηλὸς
3137 2283 3388 2352 Ἰωάννης
3410 2322 3425 2345 ν
3467 2281 3544 2343 ὡς
3577 2281 3642 2333 ἂν
3662 2281 3775 2348 -ὲμ-

511 2380 614 2449 qui
647 2383 882 2446 poterat,
934 2389 1055 2443 quae
1100 2374 1191 2427 ille
1237 2372 1393 2434 vidit,
1442 2373 1496 2425 et
1543 2386 1732 2424 eorum
1765 2371 1856 2439 qui
1900 2369 2103 2422 habent

2205 2378 2440 2448 φραγείη
2474 2377 2542 2429 τὰ
2581 2379 2823 2447 στόματα
2857 2376 2964 2429 τῶν
3002 2375 3506 2447 χριστομαχοόντων
3547 2371 3635 2424 διὰ
3676 2370 3777 2433 τὰς

522 2469 713 2523 oculos
779 2468 1160 2536 unusquisque
1217 2464 1384 2525 videt,
1442 2473 1496 2517 et
1547 2464 1636 2517 hic
1681 2463 1844 2516 etiam
1896 2461 2100 2515 videre.

2182 2457 2518 2538 ’προσθήκας
2553 2468 2753 2528 ταύτας
2792 2466 3121 2520 ἀθετοῦντων
3154 2465 3247 2518 105
3295 2463 3529 2535 Χριστοῦ
3573 2462 3633 2514 16
3673 2479 3773 2514 κυ-

517 2562 677 2628 'Quod
713 2561 842 2613 mihi
877 2560 1090 2613 videtur
1119 2558 1304 2612 divino
1356 2557 1620 2610 instinctu
1653 2555 1944 2624 afﬂatuque
1971 2569 2103 2606 con-

2209 2562 2336 2632 ρίως
2380 2557 2551 2621 εἶναι,
2587 2559 2772 2622 ἁπλῶς
2803 2560 2895 2612 καὶ
2943 2558 3258 2628 ἀδιορίστως
3294 2558 3486 2617 εἰπεῖν,
3527 2555 3610 2606 ὅτι
3646 2553 3776 2614 Θεὸς

523 2657 724 2708 citatus
763 2652 1018 2706 excelsus
1043 2650 1308 2711 Joannes,
1345 2659 1408 2704 ut
1444 2664 1537 2703 ora
1567 2664 1757 2701 eorum
1804 2647 1895 2715 qui
1937 2645 2101 2699 (Ihri-

2203 2650 2270 2724 ἦν
2297 2657 2324 2706 6
2347 2654 2537 2720 Λόγος,
2570 2653 2666 2705 καὶ
2690 2652 2802 2722 ζωὴ
2823 2648 2910 2721 ἦν,
2935 2650 3029 2704 καὶ
3052 2649 3164 2718 φῶς
3187 2645 3276 2720 ἦν,
3309 2649 3369 2700 οὐ
3399 2649 3502 2718 μὴν
3530 2649 3587 2699 ὲν
3607 2646 3773 2715 ἀρχῇ,

526 2756 670 2799 stum
721 2751 1040 2812 oppugnant
1085 2743 1420 2801 Obstrueret,
1474 2739 1678 2808 quique
1733 2748 1953 2806 prepter
2003 2737 2102 2790 has

2204 2746 2300 2798 καὶ
2330 2745 2465 2816 πρὸς
2493 2746 2585 2797 16v
2611 2745 2762 2807 Θεὸν,
2811 2744 2905 2797 καὶ
2939 2745 2996 2796 ἐν
3030 2743 3249 2805 κόλποις
3291 2740 3385 2794 105
3435 2738 3644 2808 Πατρός
3676 2736 3769 2789 ὥν·

527 2835 892 2891 accessiones.
922 2832 1124 2886 (lbristi
1149 2846 1334 2885 verum
1357 2845 1479 2885 esse
1501 2839 1552 2882 et
1575 2827 1854 2898 proprium
1886 2826 2100 2878 irritum

2204 2835 2342 2888 ὥστε
2375 2835 2463 2886 διὰ
2495 2834 2594 2903 τῆς
2623 2833 2873 2903 τοιαύτης
2900 2833 3134 2902 σχέσεως
3162 2829 3497 2901 ἀναιρεῖσθαι
3528 2826 3622 2880 105
3663 2828 3777 2878 Ku-

529 2930 707 2982 facere
739 2937 1098 2987 conarentur,
1135 2924 1481 2994 simpliciter.
1527 2923 1807 2982 absolute,
1840 2929 1893 2973 et
1937 2919 2104 2972 inter-

2207 2925 2324 2996 ρίου
2363 2926 2423 2978 τδ
2460 2925 2664 2996 κυρίως
2707 2923 2865 2977 εἶναι·
2905 2924 3038 2978 ἀλλά
3086 2925 3144 2976 16
3181 2926 3351 2976 εἰπεῖν
3396 2923 3474 2974 ὅτι
3517 2921 3647 2982 θεὸς
3685 2914 3774 2989 ἦν,

530 3021 732 3072 minate
765 3017 991 3077 dixisse,
1025 3016 1166 3069 Deus
1193 3023 1311 3069 erat
1353 3013 1588 3067 Verbum
1611 3053 1624 3072 .
1652 3020 1706 3066 et
1740 3012 1847 3064 vita
1878 3021 2017 3070 erat,
2051 3020 2104 3063 et

2204 3018 2268 3087 τῇ
2303 3015 2514 3086 ἀσχέτῳ
2553 3016 2722 3086 ταύτῃ
2767 3017 2861 3069 καὶ
2900 3015 3150 3085 ἀπολύτῳ
3188 3017 3374 3084 φωνῇ,
3406 3014 3584 3065 πᾶσαν
3627 3027 3781 3080 περι-

530 3111 618 3163 lux
651 3116 788 3172 erat,
819 3116 871 3160 ct
903 3124 1007 3160 non
1038 3107 1213 3161 solum
1246 3105 1340 3174 qui
1367 3113 1449 3164 est
1482 3105 1534 3157 in
1564 3103 1852 3172 principio,
1885 3109 1938 3155 et
1961 3100 2101 3170 apud

2205 3105 2409 3177 δρομὴν
2442 3106 2548 3159 τῶν
2588 3109 2667 3165 εἰς
2701 3106 2956 3159 ἀσέϐειαν
2998 3107 3300 3176 τρεχόντων
3346 3106 3458 3166 τοῖς
3505 3103 3778 3170 λογισμοῖς,

532 3199 721 3258 Deum.
751 3207 806 3252 et
841 3199 892 3251 in
937 3199 1150 3252 sinibus
1179 3197 1358 3252 Patris
1391 3214 1403 3249 :
1443 3199 1512 3249 ita
1547 3203 1604 3247 ut
1635 3210 1730 3263 per
1760 3195 1921 3246 talem
1960 3194 2103 3246 rela-
2131 3214 2168 3269 ρ

2148 3214 2172 3269 3
2207 3195 2587 3265 ὑποτέμνεται.
2618 3197 2724 3247 Καὶ
2753 3196 2831 3247 ἔτι
2863 3197 2997 3266 πρὸς
3020 3195 3269 3257 τούτοιςό
3299 3196 3392 3246 καὶ
3413 3192 3609 3263 μᾶλλον
3631 3191 3784 3258 ἔλθετ’

530 3291 732 3341 tionem
783 3288 999 3357 proprie
1044 3302 1168 3340 esse
1212 3285 1424 3339 Domini
1463 3285 1722 3338 tollatur:
1750 3283 1844 3337 sed
1873 3283 2105 3337 dicendo

2208 3305 2292 3358 χει
2337 3288 2437 3358 τὴν
2483 3287 2592 3340 τῶν
2637 3289 3025 3356 ἀντικειμένων
3059 3287 3345 3339 κακόνοιαν
3370 3296 3384 3311 ⁸
3418 3285 3464 3336 εί
3495 3283 3603 3351 γὰρ
3632 3281 3692 3333 16
3723 3279 3783 3332 ἐν

530 3379 676 3450 quod
725 3378 868 3433 Deus
901 3387 1039 3443 erat,
1076 3379 1176 3431 hac
1221 3379 1389 3432 libera
1424 3385 1477 3431 et
1518 3377 1694 3430 soluta
1725 3390 1858 3430 voce
1889 3389 2105 3428 onmem

2208 3397 2314 3432 τινι
2357 3375 2494 3432 εἶναι
2540 3382 2762 3448 σημεῖον
2807 3379 3085 3431 ποιοῦνται
3117 3377 3209 3430 105
3249 3377 3320 3447 μὴ
3356 3375 3558 3445 κυρίως
3599 3368 3777 3435 εἶναι,

532 3471 819 3524 circuitum
861 3468 928 3523 ad
961 3468 1290 3537 impietatem
1321 3467 1655 3521 currentium
1683 3465 2107 3536 cogitationibus

2208 3470 2329 3522 οὐδὲ
2361 3472 2455 3524 τὸν
2488 3473 2704 3541 Πατέρα
2749 3471 2951 3539 κυρίως
2989 3465 3128 3522 εἶναι
3163 3468 3376 3530 πάντως
3410 3465 3742 3518 συντίθενται
3763 3504 3779 3524 ,

533 3560 830 3616 intercidit.
867 3559 1136 3615 Prmterea
1164 3563 1308 3630 quod
1349 3560 1513 3614 etiam
1557 3558 1732 3628 magis
1765 3556 2108 3611 adversario-

2213 3560 2591 3632 μεμαθηκότες
2623 3564 2680 3615 ἐν
2709 3561 2787 3632 τῷ
2822 3560 3153 3630 Εὑαγγελίῳ,
3189 3561 3269 3612 ὅτι
3295 3557 3481 3628 ὥσπερ
3509 3559 3536 3609 6
3568 3555 3695 3617 Υἱὸς
3723 3555 3787 3607 ὲν

536 3668 654 3706 rum
689 3652 1078 3721 malignitatem
1127 3648 1364 3703 refellit:
1398 3648 1443 3701 si
1487 3647 1632 3701 enim
1687 3646 1737 3698 in
1773 3645 1956 3714 aliquo
1988 3659 2110 3698 esse

2208 3649 2287 3720 τῷ
2318 3651 2509 3722 Πατρὶ,
2535 3650 2676 3703 οὕτω
2702 3652 2796 3704 καὶ
2825 3653 2852 3704 6
2879 3651 3068 3718 Πατὴρ
3095 3651 3152 3701 ἐν
3181 3648 3258 3719 τῷ
3290 3647 3405 3717 Υἱῷ
3437 3647 3607 3716 μένει,
3641 3645 3781 3698 κατὰ

537 3752 918 3813 argumentum
956 3741 1182 3801 faciunt,
1218 3738 1362 3809 quod
1396 3753 1504 3791 non
1541 3740 1611 3792 sit
1645 3737 1887 3807 proprie.
1933 3752 2109 3805 neque

2209 3743 2310 3812 τὴν
2342 3742 2435 3796 τοῦ
2464 3743 2665 3814 Κυρίου
2697 3741 2897 3812 φωνὴν.
2928 3738 3076 3795 Ἷσον
3107 3741 3215 3812 γάρ
3240 3742 3353 3792 ἐστι
3382 3738 3460 3808 τῷ
3485 3741 3539 3790 ὲν
3569 3736 3785 3798 κόλποις

535 3833 752 3888 Patrem
815 3833 1034 3902 proprie
1094 3845 1218 3886 esse
1269 3829 1492 3882 omnino
1541 3828 1871 3882 coolitentur
1919 3828 2011 3896 qui
2055 3827 2110 3880 in

2211 3828 2348 3888 εῖναι
2383 3834 2475 3887 τοῦ
2496 3835 2707 3906 Πατρὸς
2730 3834 2820 3886 τὸν
2851 3833 2996 3895 Υἱὸν,
3030 3833 3092 3885 16
3117 3834 3174 3884 ὲν
3202 3831 3278 3901 τῷ
3305 3829 3420 3900 Υίῷ
3449 3829 3540 3881 16v
3573 3826 3787 3896 Πατέρα

541 3925 830 3995 Ιείνειηιζειίο
856 3923 1179 3983 didicerunt,
1209 3919 1353 3990 quod
1380 3919 1838 3988 quemadmodum
1869 3917 2035 3972 Filius
2057 3920 2108 3972 in

2213 3923 2350 3982 εἶναι
2376 3928 2574 3996 λέγειν.
2627 3927 2716 3980 Ἐν
2744 3926 2960 3997 παρόδῳ
2987 3925 3043 3978 δὲ
3076 3925 3167 3977 καὶ
3190 3923 3346 3977 τοῦτο
3379 3920 3785 3991 προσεξετάσω-

535 4016 723 4078 Palre,
765 4017 845 4069 sic
873 4024 927 4070 et
953 4014 1115 4069 Pater
1155 4015 1209 4067 in
1247 4012 1386 4066 Filio
1417 4021 1620 4074 manet,
1658 4011 1957 4065 secundum
2006 4011 2112 4063 Do-

2217 4019 2473 4091 μεν·”οτε
2489 4018 2587 4070 οὑκ
2616 4012 2707 4086 ἧν,
2749 4017 2823 4080 ὥς
2852 4034 3033 4085 φασιν,
3082 4019 3109 4069 6
3139 4016 3264 4079 Υἱὸς
3285 4057 3300 4081 ,
3333 4014 3384 4067 τί
3418 4014 3658 4081 περιεῖχε
3689 4008 3783 4062 105

541 4109 670 4161 mini
694 4124 902 4162 vocem.
936 4107 1171 4176 Equale
1197 4113 1280 4158 est
1303 4105 1449 4159 enim
1477 4103 1529 4156 in
1559 4103 1769 4156 sinibus
1791 4101 1970 4156 Patris
1992 4117 2114 4156 esse

2214 4110 2425 4181 Πατρὸς
2449 4112 2476 4162 6
2496 4109 2726 4172 κόλπος;
2749 4109 2973 4170 Πάντως
2995 4107 3102 4178 γὰρ
3128 4107 3160 4178 ἢ
3189 4106 3367 4176 πλήρη
3399 4103 3658 4156 δώσουσιν
3684 4101 3783 4153 αὺ-

534 4201 759 4260 Filium.
788 4207 842 4252 et
872 4201 923 4252 in
959 4196 1097 4252 Filio
1125 4195 1339 4250 Patrem
1365 4209 1486 4250 esse
1509 4194 1712 4248 dicere.
1736 4193 1925 4249 Obiter
1951 4195 2112 4247 etiam

2213 4199 2304 4252 τὸν
2343 4195 2500 4257 εἶναι,
2533 4198 2565 4268 ἢ
2599 4197 2752 4250 κενὸν
2783 4197 3160 4267 ὑποϐήσονται.
3201 4196 3266 4248 Εἰ
3311 4195 3408 4265 μὲν
3443 4188 3536 4246 05v
3576 4190 3785 4260 πλήρης

542 4292 642 4344 hoc
673 4292 1048 4344 examinemus
1079 4287 1364 4354 :Quando,
1422 4293 1481 4340 ut
1527 4286 1802 4355 inquiunt,
1850 4299 1956 4338 non
1998 4291 2116 4338 erat

2213 4284 2282 4360 ἦν
2308 4290 2336 4342 6
2364 4289 2582 4350 κόλπος,
2619 4288 2646 4339 6
2685 4286 2813 4350 Υἱὸς
2859 4286 3073 4349 πάντως
3101 4281 3169 4356 ἦν
3197 4285 3290 4338 τοῦ
3330 4283 3530 4337 κόλπου
3562 4282 3622 4334 16
3646 4280 3785 4350 πλή-

537 4381 734 4443 Filius,
776 4381 904 4451 quid
934 4380 1247 4434 continebat
1277 4376 1458 4432 Patris
1488 4375 1686 4432 sinus?
1715 4377 1946 4429 Prorsus
1969 4374 2114 4428 enim

2221 4398 2397 4451 ρωμα.
2440 4381 2502 4433 Et
2528 4378 2584 4431 δέ
2613 4396 2734 4432 τινα
2775 4380 3036 4448 κενότητα
3075 4379 3188 4439 τοῖς
3215 4374 3309 4430 105
3346 4373 3556 4444 Πατρδς
3587 4371 3785 4425 ὲνθεω-

543 4475 622 4527 vel
644 4479 859 4543 plenum
883 4472 1092 4526 dabunt
1119 4473 1295 4541 ipsum
1327 4469 1520 4531 fuisse,
1549 4469 1630 4522 vel
1652 4470 1867 4523 inanem
1891 4477 2112 4538 ponent.

2220 4472 2374 4545 ροῦσι
2407 4470 2645 4533 κόλποις,
2675 4468 2826 4522 οὐδὲν
2861 4467 3045 4536 ἕτερον
3070 4468 3103 4538 ἢ
3135 4469 3198 4520 ὲκ
3225 4465 3618 4537 παραυξήσεως
3638 4461 3787 4530 αὐτῷ

544 4563 599 4617 Si
657 4558 823 4632 igitUr
869 4562 1064 4632 plenus
1110 4571 1226 4615 erat
1283 4561 1479 4618 sinus:
1518 4558 1691 4613 Filius
1737 4559 1965 4612 omnino
1998 4567 2115 4612 erat
2149 4564 2180 4618 ι]

2149 4564 2192 4618 Β
2221 4563 2702 4636 προσμαρτυροῠσι
2733 4561 2830 4631 τὴν
2867 4559 3180 4630 τελειότητα
3203 4601 3217 4623 ,
3262 4558 3368 4612 ἀπὸ
3405 4557 3500 4610 105
3540 4554 3695 4609 κενοῦ
3726 4571 3785 4607 τε

539 4657 698 4710 sinus
729 4653 1029 4724 plenitudo.
1059 4651 1212 4718 Quod
1245 4651 1288 4705 si
1323 4652 1559 4720 aliquam
1610 4651 1664 4705 in
1695 4649 1873 4704 Patris
1902 4651 2114 4705 sinibus

2222 4656 2315 4708 καὶ
2334 4655 2607 4717 λείποντος
2627 4653 2718 4705 ἐπὶ
2732 4653 2792 4704 τὸ
2811 4653 3011 4723 πλῆρες
3035 4651 3425 4722 μεθισταμένου
3447 4651 3541 4703 καὶ
3562 4648 3783 4702 τέλειον.

543 4756 791 4820 spectant
811 4748 1153 4806 inanitatem,
1174 4746 1308 4800 nihil
1333 4743 1478 4798 aliud
1503 4758 1664 4814 quam
1691 4758 1755 4797 ex
1783 4743 2116 4797 incremento

2234 4745 2370 4798 Ἀλλ’
2397 4746 2496 4798 οὐκ
2529 4745 2766 4814 ἔγνωσαν
2791 4745 2908 4797 οὐδὲ
2937 4747 3195 4814 συνῆκαν,
3229 4744 3389 4813 φησὶν
3418 4745 3446 4795 6
3471 4741 3634 4795 Δαόὶδ
3664 4740 3788 4810 περὶ

544 4843 931 4914 perfectionem
965 4840 1013 4894 ei
1061 4839 1365 4908 assignant,
1414 4836 1542 4905 quia
1592 4837 1660 4889 ab
1707 4835 1854 4888 inani
1904 4846 1956 4887 et
1983 4834 2117 4888 deli-

2222 4834 2330 4887 τῶν
2351 4835 2408 4885 ὲν
2425 4834 2605 4886 σκότει
2620 4833 3109 4903 διαπορευομένων.
3144 4834 3202 4886 '0
3216 4834 3321 4904 γὰρ
3339 4829 3790 4901 ἐκπεπολεμωμέ-

543 4933 722 4987 ciente
757 4931 822 4984 ad
863 4931 1079 5000 plenum
1127 4936 1182 4982 et
1231 4928 1528 4996 perlectum
1582 4923 1954 4994 transmigret.
2011 4923 2114 4978 Sed

2224 4942 2312 4989 νος
2343 4925 2420 4995 τῷ
2442 4924 2677 4995 ἀληθινῷ
2706 4925 2864 4992 φωτὶ,
2883 4927 2940 4977 έν
2961 4927 3094 4992 φωτὶ
3121 4925 3218 4997 τὴν
3245 4924 3421 4995 ψυχὴν
3448 4923 3590 4994 ἔχειν
3617 4925 3677 4976 οὐ
3695 4923 3787 4976 δύο

544 5039 654 5078 non
685 5027 1081 5092 cognoverunt,
1113 5033 1289 5088 neque
1328 5017 1730 5080 intellexerunt,
1763 5015 1838 5068 ait
1861 5013 2028 5068 David
2051 5015 2119 5068 de

2223 5034 2399 5072 ναται·
2427 5016 2513 5070 διὰ
2542 5017 2698 5069 τοῦτο
2743 5017 3133 5088 προσκείμενον
3171 5019 3234 5069 ἐκ
3269 5015 3362 5068 τοῦ
3395 5014 3686 5068 ἀκολούθου
3730 5011 3792 5065 τὺ

543 5116 631 5169 bis
668 5115 843 5183 quiin
879 5112 1119 5167 tenebris
1156 5109 1473 5172 ambulant;
1524 5109 1620 5176 qui
1661 5107 1803 5161 enim
1839 5122 1980 5161 vera.-
2009 5107 2114 5160 luci

2221 5107 2321 5180 τὴν
2357 5107 2610 5162 ἀσέϐειαν
2639 5107 2842 5176 ταύτην
2881 5105 3366 5177 ἐπανορθούμενον,
3399 5104 3587 5175 ὥσπερ
3623 5105 3791 5172 ἀορα-

546 5209 746 5262 bellum
777 5205 978 5268 intulit,
1008 5204 1061 5258 in
1100 5203 1220 5256 luce
1253 5201 1495 5254 animum
1529 5199 1728 5253 habere
1763 5213 1870 5251 non
1914 5206 2111 5268 poteSt.

2102 5241 2111 5252 .
2225 5201 2315 5272 σίᾳ
2344 5201 2637 5270 πληγέντες
2663 5199 2802 5252 κατὰ
2828 5199 2953 5261 τοὺς
2977 5196 3269 5266 Σοδομίτας
3303 5196 3362 5247 οὐ
3391 5195 3738 5265 κατενόησαν.

546 5300 669 5352 Ideo
700 5297 911 5364 adjacet
941 5311 1004 5349 ex
1033 5291 1412 5363 consequenti,
1449 5289 1596 5360 quod
1623 5290 1762 5343 hanc
1790 5289 2118 5359 impietatem
2158 5296 2412 5362 castigat,
2443 5301 2702 5361 tanquam
2729 5290 2972 5344 caacitate
2996 5288 3230 5358 perculsi
3299 5289 3446 5342 velut
3503 5285 3795 5340 Sodomita:

549 5408 656 5446 non
691 5391 1092 5444 intellexerunt.

618 5483 927 5553 Quinetiam
967 5496 996 5534 a
1032 5479 1191 5534 Patre
1221 5479 1342 5533 Filii
1389 5477 1683 5532 essentiam
1735 5474 1963 5545 imperio
2010 5476 2119 5544 rcgi

2302 5471 2463 5523 Ἀλλά
2488 5471 2581 5522 καὶ
2608 5469 2951 5540 κυριεύεσθαι
2983 5467 3131 5534 λέγει
3163 5467 3316 5536 παρά
3337 5465 3431 5520 τοῦ
3463 5467 3674 5538 Πατρδς
3698 5469 3791 5522 τοῦ

550 5580 666 5635 sive.
688 5577 868 5631 Patris
898 5573 1142 5627 dominio
1175 5571 1372 5641 subjici
1419 5576 1686 5628 autumat.
1718 5568 1799 5622 sic
1825 5568 2014 5621 dicens
2054 5568 2119 5620 ad

2221 5563 2352 5616 Υἱοῦ
2409 5564 2508 5632 τὴν
2555 5563 2763 5625 οὐσίαν,
2798 5560 2940 5613 οὕτω
2971 5560 3143 5626 λέγων
3183 5560 3262 5630 τῷ
3295 5561 3498 5632 ῥήματι
3525 5575 3538 5587 ’
3576 5563 3658 5614 Οὐ
3687 5561 3794 5630 τὰρ

549 5672 814 5724 verbum:
847 5665 968 5719 Non
1007 5665 1146 5718 enim
1189 5664 1324 5716 hanc
1363 5663 1466 5716 sibi
1500 5670 1556 5714 ut
1588 5660 1857 5729 propriam
1887 5658 2119 5712 vindicat

2219 5653 2532 5707 οἰκειοῦται
2560 5651 2787 5716 ταύτην
2812 5649 2925 5717 τὴν
2944 5650 3124 5714 ἀξίαν
3155 5653 3187 5703 o'
3213 5649 3310 5704 διὰ
3327 5650 3434 5704 τὸν
3458 5651 3687 5720 Πατέρα
3709 5650 3795 5704 ὢν

482 5778 483 5781 ‘
552 5761 884 5831 dignitatem,
931 5757 1019 5826 qui
1063 5773 1153 5826 per
1196 5753 1411 5809 Patrem
1440 5762 1518 5807 est
1549 5763 1596 5806 et
1626 5753 1767 5816 rivit,
1812 5766 1929 5803 cum
1960 5749 2118 5802 etiam

2219 5746 2316 5798 καὶ
2343 5737 2472 5808 ζῶν,
2507 5742 2616 5812 τῆς
2636 5743 2733 5796 καὶ
2760 5744 2971 5796 τούτου
2995 5743 3392 5810 κυριευούσης
3414 5745 3625 5808 οὐσίας
3646 5741 3792 5810 πρὸς

557 5853 710 5917 huius
752 5850 1079 5903 dominatrix
1124 5847 1349 5901 essentia
1395 5845 1462 5899 ad
1499 5846 1725 5898 seiusam
1763 5842 1939 5896 trahat
1984 5840 2120 5894 entis

2219 5835 2443 5904 ἑαυτὴν
2470 5836 2772 5902 ἑλκούσης
2811 5835 2925 5904 τὴν
2963 5835 3068 5890 τοῦ
3095 5835 3268 5902 ὄντος
3294 5836 3554 5891 ἔννοιαν,
3595 5827 3655 5888 Εἰ
3692 5833 3790 5906 μὲν
