4142 6374
361 405 466 458 845

1472 404 1753 463 CONTRA
1790 406 2181 472 EUNOMIUM,
2222 406 2351 461 LIB.
2386 407 2458 459 Χ.

3523 401 3626 456 846

362 522 458 579 οὖν
494 525 600 577 τινί¹
622 524 731 577 τῶν
763 523 869 590 ἔξω
904 526 1080 593 σοφῶν
1108 526 1281 580 ταῦτα
1309 527 1485 585 δοκεῖ.
1519 529 1683 601 μηδὲν
1712 530 1948 601 ἐνοχλεί-

2070 528 2337 581 rationem.
2373 526 2426 580 Si
2456 525 2674 597 quidem
2715 525 2875 579 alicui
2922 534 3271 579 externorum
3320 521 3628 591 sapientum

364 616 476 668 σθω
514 614 584 666 τὰ
615 615 948 683 Εὑαγγέλια,
984 617 1118 686 μηδέ
1165 618 1198 687 ἡ
1239 618 1400 687 λοιπὴ
1447 619 1547 687 τῆς
1587 618 1944 672 θεοπνεύστου

363 705 583 777 Γραφῆς
621 705 955 760 διδασκαλία.
986 706 1079 769 Τίς
1111 706 1219 778 γὰρ
1250 709 1501 761 κοινωνία
1530 710 1608 779 τῷ
1640 708 1949 779 Χριστιανῷ

364 797 506 866 λόγῳ
536 796 671 867 πρὸς
694 796 791 866 τὴν
821 796 1194 867 μωρανθεῖσαν
1227 798 1451 865 σοφίανς
1486 798 1547 851 Εἰ
1580 799 1636 851 δὲ
1668 802 1779 862 τοῖς
1808 815 1947 869 γρασ

367 889 543 955 φικοίς
570 887 939 959 ἐπερείδεται,
970 888 1197 954 δειξάτω
1230 888 1486 961 τοιαύτην
1521 893 1584 943 ἐκ
1625 890 1735 944 τῶν
1782 890 1949 959 ἀγίων

366 977 569 1047 φωνὴν,
611 977 705 1029 καὶ
748 978 909 1046 ἡμεῖς
942 980 1311 1050 σιωπήσομεν.
1366 979 1604 1043 Βοῶν-τος
1639 981 1823 1034 ἀκούω
1854 980 1948 1033 τοῦ

367 1067 603 1133 Παύλου,
651 1070 731 1121 ὅτι
781 1064 887 1135 Εἷς
933 1071 1146 1137 Κύριος
1206 1070 1445 1137 Ἰησοῦς
1492 1074 1770 1140 Χριστός.
1810 1074 1949 1125 Ἀλλ’

368 1161 589 1232 ἀντιὸοᾷ
627 1160 705 1231 τῷ
750 1162 944 1231 Παύλῳ
984 1163 1246 1232 Εὑνόμιος
1270 1206 1283 1228 ,
1314 1163 1497 1216 δοῦλον
1528 1162 1811 1233 ὀνομάζων
1860 1164 1951 1217 τὸν

368 1252 622 1322 Χριστόν.
670 1251 831 1305 Ἀλλο
858 1253 965 1323 γάρ
993 1270 1043 1304 τι
1074 1253 1315 1317 δουλείας
1362 1256 1524 1323 ἡμεῖς
1567 1255 1667 1307 οὑκ
1698 1254 1954 1322 ἐπιγινώ-

372 1355 573 1409 σκομεν
602 1339 905 1410 γνώρισμα,
926 1341 1075 1420 ,πλὴν
1109 1342 1167 1394 τὸ
1202 1343 1510 1413 ὑποχείριον
1541 1339 1678 1397 εἶναι
1718 1346 1812 1396 καὶ
1857 1362 1954 1397 κυ-

374 1430 883 1500 ριεύεσθαι,“δοῦλος
915 1434 1129 1497 πάντως
1159 1436 1326 1487 ἐστίν.
1371 1435 1432 1489 Ὀ
1454 1436 1510 1493 δέ
1542 1436 1727 1499 δοῦλος
1752 1440 1818 1508 τῇ
1850 1437 1951 1504 φύ-

372 1539 455 1574 σει
498 1521 701 1591 Κύριος
746 1519 885 1576 εἶναι
930 1526 988 1577 οὑ
1037 1525 1278 1590 δύναται,
1327 1526 1426 1580 κᾶν
1464 1528 1528 1579 ἐκ
1556 1529 1953 1598 καταχρήσεως

369 1613 613 1683 λέγηται.
652 1613 755 1667 Καὶ
789 1615 840 1668 τί
872 1633 962 1685 μοι
1010 1617 1193 1687 φέρειν
1237 1619 1317 1681 εἰς
1367 1619 1674 1690 μαρτυρίαν
1718 1619 1815 1691 τὴν
1858 1618 1953 1672 τοῦ

369 1706 575 1776 Κυρίου
610 1706 904 1779 κυριότητα
937 1710 1015 1771 είς
1052 1708 1149 1771 τὰς
1178 1710 1271 1762 τοὺ
1312 1710 1528 1763 Παύλου
1576 1712 1796 1779 φωνάς-ς
1855 1712 1955 1763 Αύ-

373 1800 463 1861 τὸς
510 1799 619 1869 γὰρ
671 1803 699 1852 6
745 1800 955 1853 Παύλου
1006 1802 1284 1873 Δεσπότης
1342 1805 1480 1873 πρὸς
1528 1806 1654 1869 τοὺς
1709 1805 1957 1875 μαθητάς

2049 622 2163 675 hate
2192 622 2516 691 probamur,
2554 618 2692 671 nihil
2720 616 3154 671 inter-turbentur
3184 612 3500 684 Evangelia,
3539 629 3630 667 ne-

2049 729 2157 776 que
2189 713 2398 780 reliqua
2426 709 2691 763 divinitus
2717 707 2996 776 inspirata;
3028 705 3328 775 Scriptura:
3356 703 3629 758 doctrina.

2050 804 2181 869 Quae
2222 804 2365 856 enim
2403 801 2828 855 communicatio
2875 798 3313 853 Christianorum
3371 794 3632 859 sermoni,

2052 912 2177 949 cum
2211 896 2375 949 stulta
2414 904 2466 947 et
2496 894 2639 947 fatua
2674 890 2973 961 sapientia?
3005 889 3159 956 Quod
3196 889 3240 942 si
3292 888 3512 957 scriptis
3544 887 3630 940 in-

2051 990 2265 1050 nititur,
2296 986 2545 1042 ostendat
2573 985 2733 1039 talem
2761 1000 2825 1038 ex
2859 985 3065 1037 sanctis
3096 981 3398 1050 Scripturis
3419 996 3631 1038 vocem.

2052 1092 2106 1136 et
2134 1096 2233 1134 nos
2259 1078 2585 1133 tacebimus.
2614 1077 2950 1131 Clamantem
2980 1074 3143 1127 audio
3174 1073 3428 1137 Paulum,
3487 1072 3629 1140 quod

2066 1171 2210 1226 Unus
2229 1172 2482 1227 Dominus
2511 1168 2668 1222 Iesus
2700 1167 2962 1223 Christus.
3010 1165 3114 1220 Sed
3155 1164 3324 1219 Paulo
3374 1163 3633 1217 reclamat

2053 1273 2108 1319 et
2140 1264 2463 1318 adversatur
2508 1261 2830 1321 Eunomius,
2878 1259 3160 1313 Christum
3207 1271 3424 1312 servum
3458 1255 3633 1309 nomi-

2053 1370 2215 1410 nans.
2247 1353 2364 1409 Non
2417 1355 2564 1408 enim
2607 1352 2755 1407 aliud
2806 1367 2907 1406 nos
2966 1350 3248 1406 servitutis
3286 1348 3547 1403 indicimn
3582 1354 3638 1400 et

2054 1456 2267 1502 certum
2315 1446 2532 1517 signum
2567 1444 2939 1515 agnoscimus,
2987 1459 3149 1511 quam
3199 1441 3476 1495 subditum
3514 1454 3638 1493 esse

2056 1542 2109 1586 et
2139 1532 2429 1601 imperium
2455 1532 2601 1603 pati;
2649 1532 2742 1601 qui
2792 1533 2918 1585 talis
2960 1540 3062 1594 est,
3119 1538 3266 1585 certe
3297 1545 3486 1585 servus
3531 1537 3638 1582 est.

2060 1624 2265 1678 Servus
2308 1633 2489 1679 autem
2549 1632 2744 1677 natura
2790 1621 3053 1676 Dominus
3104 1637 3227 1677 esse
3276 1638 3384 1676 non
3434 1628 3637 1690 potest.

2057 1716 2311 1784 quamvis
2353 1716 2620 1769 abusione
2660 1714 2898 1768 dicatur.
2933 1713 3075 1778 Quid
3112 1712 3243 1766 mihi
3302 1728 3526 1767 necesse
3557 1721 3642 1766 est

2060 1805 2215 1861 Pauli
2242 1822 2403 1862 voces
2433 1807 2500 1860 ad
2533 1805 3017 1861 demonstrandam
3056 1804 3271 1859 Domini
3305 1805 3641 1859 dominatio-

374 1906 536 1958 φησιν
565 1890 776 1960 ἀληθῶς
817 1887 953 1944 εἶναι
988 1892 1189 1963 Κύριος
1213 1935 1228 1956 ,
1259 1895 1654 1965 ἀποδεχόμενος
1684 1896 1781 1967 τὴν
1827 1897 1958 1966 ὁμο-

2070 1913 2181 1950 uem
2217 1896 2271 1951 in
2307 1896 2685 1951 testimonium
2730 1893 2963 1948 afferre?
2995 1891 3115 1963 Ipse
3157 1893 3302 1947 enim
3354 1892 3505 1945 Pauli
3538 1891 3642 1944 Do-

372 1979 557 2047 λογίαν
576 1982 681 2033 τῶν
704 1980 1023 2035 διδάσκαλον
1038 1983 1198 2035 αὑτὸν
1218 1984 1314 2036 καὶ
1336 1983 1538 2054 Κύριον
1558 1984 1953 2055 ὀνομαζόντων,

373 2070 520 2139 λέγει
548 2072 676 2142 γὰρ,
709 2074 790 2126 ὅτι
842 2074 911 2127 ’Υ
904 2074 1038 2142 μεῖς
1086 2075 1321 2128 καλεῖτέ
1370 2094 1442 2145 με
1480 2077 1701 2145 Κύριοι⁴
1730 2077 1828 2130 καὶ
1874 2076 1960 2129 δι-

374 2163 705 2227 δάσκαλον,
738 2166 833 2218 καὶ
872 2166 1069 2232 καλῶς
1088 2167 1313 2236 λέγετε·
1340 2168 1457 2237 εὶμὶ
1484 2168 1616 2238 γάρ·
1658 2168 1718 2220 τὸ
1746 2168 1800 2220 δὲ
1825 2167 1958 2220 αὑτὸ

376 2254 532 2308 τοῦτο
569 2255 664 2307 καὶ
692 2254 781 2307 τὸν
809 2256 1026 2325 Πατέρα
1064 2256 1195 2327 παρ’
1223 2256 1401 2310 αὐτῶν
1433 2257 1790 2327 ἐνομοθέτησε
1816 2257 1961 2323 λέγε-

377 2347 500 2400 σθαι
516 2348 805 2415 είπιῦνθΜὴ
824 2348 1121 2416 καλέσητε
1134 2348 1480 2418 καθηγητὴν
1494 2349 1591 2402 ἐπὶ
1608 2348 1855 2419 τῆς-γῆς·
1872 2344 1961 2415 εἴς

376 2438 486 2508 γὰρ
504 2437 669 2508 ὑμῶν
689 2440 1051 2509 καθηγητὴς,
1078 2444 1109 2494 ὀ
1131 2442 1335 2510 Πατὴρ
1359 2445 1390 2495 ό
1418 2442 1487 2494 ἐν
1513 2442 1631 2505 τοῖς
1661 2443 1957 2511 οὐρανοῖς.

377 2531 496 2584 Τίνι
540 2532 718 2586 τοίνυν
749 2534 1076 2603 προσεκτέον
1105 2536 1239 2603 ἡμῖν
1275 2536 1332 2587 ἐν
1380 2535 1531 2606 μέσῳ
1567 2535 1771 2588 τούτων
1802 2537 1962 2588 ἀπει-

378 2624 695 2695 λημμένοιςς
730 2624 966 2678 Ἐκεῖθεν
987 2626 1147 2688 αὑτός
1170 2644 1229 2678 τε
1248 2627 1276 2678 6
1300 2626 1520 2696 Κύριος,
1544 2629 1637 2681 καὶ
1657 2629 1684 2679 ὁ
1699 2628 1962 2681 λαλοῦντα

380 2715 516 2784 ἔχων
556 2718 613 2767 ἐν
653 2715 829 2786 ἐαυτῷ
872 2717 963 2769 τὸν
1010 2718 1265 2787 Χριστὸν,
1312 2718 1373 2770 τὸ
1424 2720 1498 2790 μὴ
1544 2721 1738 2790 χρῆναι
1779 2719 1963 2773 δοῦλον

380 2807 539 2860 αὑτὸν
570 2809 770 2861 ἐννοεῖν
805 2809 1152 2876 ἐγκελεύεται
1174 2849 1190 2871 ,
1236 2810 1350 2863 ἀλλ’
1384 2810 1528 2863 οὑτω
1569 2812 1736 2883 τιμᾷν
1778 2812 1961 2877 αὑτὸν,

382 2898 564 2962 καθὼς
586 2902 810 2970 τιμᾶται
837 2902 865 2953 6
885 2901 1093 2972 Πατήρ.
1132 2901 1411 2955 Ἐντεῦθεν
1437 2903 1701 2971 Εὑνόμιος
1725 2903 1964 2967 δουλείας

382 2991 575 3060 ἐπάγει
607 2992 683 3061 τῷ
704 2991 888 3064 Κυρίῳ
917 2993 1150 3064 γραφὴν,
1183 2995 1531 3065 κυριεύεσθαι
1570 2995 1741 3062 λέγων
1765 2997 1849 3049 τὸν
1870 2998 1964 3050 τοῦ

383 3084 581 3147 παντὸς
619 3085 923 3155 ἐξημμένον
962 3086 1023 3139 τὸ
1051 3087 1272 3157 κράτος.
1307 3082 1455 3159 τΑρα
1505 3086 1803 3157 ἀμφίϐολος
1835 3089 1965 3158 ἡμῖν

383 3178 476 3230 τοῦ
501 3178 771 3249 πρακτέου
797 3180 831 3249 ἡ
864 3178 1110 3249 αἵρεσις;
1146 3179 1216 3231 Ἦ
1252 3181 1381 3250 παρ’
1422 3178 1599 3247 ὀλίγον
1624 3181 1770 3231 ἐστὶν
1797 3182 1830 3249 ἡ
1870 3178 1963 3232 τοῦ

384 3269 818 3340 λυσιτελεστέρου
870 3269 1175 3342 διάκρισις;
1252 3272 1533 3340 Ἀτιμάσω
1601 3271 1813 3324 Παύλου
1870 3270 1965 3341 τὴν

388 3360 717 3432 συμϐουλὴν,
742 3356 786 3414 ὣ
810 3362 1071 3431 Εὑνόμιε;
1098 3362 1189 3431 Μὴ
1217 3363 1540 3431 πιστοτέραν
1560 3363 1841 3433 ἡγήσομαι
1870 3362 1968 3431 τῆς

389 3455 485 3523 σῆς
519 3454 732 3524 ἀπάτης
768 3453 865 3522 τὴν
897 3454 995 3523 τῆς
1037 3454 1297 3523 ἀληθείας
1345 3455 1566 3525 φωνήνς
1627 3454 1789 3507 Ἀλλ’
1816 3453 1968 3522 εἰμὴ

387 3544 577 3616 ἦλθον
601 3547 697 3599 καὶ
725 3546 1030 3612 ἐλάλησα,
1065 3546 1248 3614 φησιν,
1277 3544 1501 3610 αὐτοῖς,
1536 3544 1830 3612 ἁμαρτίαν
1860 3547 1972 3599 οὐκ

391 3634 579 3707 εἶχον.
625 3638 780 3691 Ἐπεὶ
800 3633 892 3689 οὖν
923 3636 1083 3699 αὑτὸς
1122 3636 1382 3706 ἐλάλησεν
1415 3636 1597 3696 αὐτοῖς
1629 3636 1843 3707 ἀληθῶς
1883 3636 1971 3689 λέ-

392 3747 503 3797 γων
542 3730 731 3784 ἑαυτὸν
771 3726 907 3782 εἶναι
950 3729 1172 3799 Κύριον,
1201 3729 1322 3798 οὐχὶ
1349 3727 1556 3797 ψευδῶς
1590 3728 1969 3799 ὀνομάζεσθαι·

397 3824 684 3893 Είμὶγάρ,
732 3823 915 3892 φησὶν,
961 3822 1081 3891 οὐχὶ
1120 3820 1526 3891 ὀνομάζομαι...
1567 3820 1620 3871 τί
1667 3820 1965 3887 ἀναγκαῖον

397 3918 588 3977 ποιεῖν,
623 3909 667 3982 ᾧ
714 3913 1116 3984 ἀναπόδραστὸς
1162 3915 1308 3966 ἐστιν
1350 3915 1413 3966 ἐκ
1453 3912 1546 3965 τοῦ
1586 3913 1895 3984 προ-γνῶναι
1940 3914 1974 3984 ἡ

396 4025 633 4079 τιμωρία
658 4024 673 4072 ;

497 4188 635 4242 Ἀλλ’
691 4191 822 4250 ἴσως
880 4184 1040 4238 πάλιν
1058 4186 1186 4254 ἡμῖν
1204 4183 1338 4254 πρὸς
1353 4183 1524 4237 ταῦτα
1537 4184 1636 4254 τὴν
1659 4182 1865 4253 συνήθη
1891 4200 1979 4235 σο-

402 4278 527 4345 φίαν
559 4275 1041 4347 ἁντιπροϐάλλεται
1061 4316 1074 4340 ,
1124 4277 1219 4329 καὶ
1264 4276 1405 4339 λέξει
1434 4275 1523 4328 τὸν
1547 4275 1707 4328 αὑτὸν
1738 4274 1831 4327 καὶ
1861 4276 1980 4328 δου-

402 4368 575 4421 λεύειν
600 4369 693 4421 καὶ
723 4367 925 4437 Κύριον
952 4362 1110 4431 εἶναι,
1141 4365 1245 4419 ὑπὸ
1282 4365 1382 4436 μὲν
1403 4363 1497 4418 τοῦ
1526 4363 1856 4435 κρατοῦντος
1885 4382 1980 4417 κυ-

408 4461 735 4532 ριευόμενον,
757 4458 866 4512 τῶν
892 4459 947 4511 δέ
979 4458 1180 4511 λοιπῶν
1202 4456 1540 4528 κυριεύοντα.
1573 4457 1805 4525 Λέγεται
1838 4456 1895 4508 δέ
1912 4455 1981 4509 τὰ

406 4553 543 4621 σοφὰ
582 4552 754 4605 ταῦτα
799 4551 938 4605 κατά
970 4550 1069 4613 τὰς
1113 4550 1352 4619 τριόδους
1390 4549 1538 4620 παρά
1577 4549 1684 4601 τῶν
1734 4548 1980 4620 ἐραστῶν

403 4646 501 4716 τῆς
537 4645 752 4714 ἀπάτης
795 4643 1229 4713 περιφερόμενα,
1271 4643 1320 4695 οἳ
1366 4642 1451 4695 διά
1483 4641 1591 4694 τῶν
1623 4641 1979 4712 ἀνθρωπίνων

406 4736 776 4806 περιστάσεων
804 4734 900 4796 τὰς
937 4732 1168 4803 ματαίας
1196 4732 1403 4785 ἑαυτῶν
1442 4733 1738 4803 ὑπολήψεις
1772 4732 1899 4802 περὶ
1919 4731 1981 4783 τὸ

407 4829 559 4881 Θεῖον
586 4824 961 4896 κρατύνουσιν.
1041 4823 1255 4892 Ἐπειδὴ
1295 4823 1402 4893 γάρ
1457 4824 1513 4876 αἱ
1551 4824 1691 4877 κατά
1732 4823 1821 4875 τὸν
1868 4822 1982 4892 βίον

405 4916 591 4969 τοῦτον
618 4916 916 4987 συντυχίαι,
954 4914 1061 4967 τῶν
1089 4914 1346 4967 τοιούτων
1376 4915 1508 4985 ἡμῖν
1542 4915 1882 4985 πραγμάτων
1913 4913 1983 4966 τὰ

409 5007 776 5075 ὑποδείγματα
811 5007 1086 5077 φέρουσιν,
1118 5000 1227 5059 οἷον
1254 5004 1340 5057 ἐπ’
1363 5006 1537 5068 οἰκίας
1568 5003 1711 5058 ἐστιν
1738 5006 1985 5077 εὐπορω-

408 5101 572 5170 τέρας
605 5100 747 5157 ἰδεῖν.
794 5098 886 5151 τὸν
934 5096 1364 5170 δραστικώτερόν
1407 5116 1466 5150 τε
1496 5099 1590 5151 καὶ
1630 5096 1983 5168 εὐνούστερον

408 5194 518 5246 τῶν
561 5192 863 5263 ὁμοδούλων
912 5191 1348 5261 προτεταγμένον
1392 5191 1500 5244 τῶν
1549 5191 1985 5260 προσταγμάτων

411 5284 504 5336 τοῦ
533 5284 809 5346 δεσπότου,
840 5283 937 5354 τὴν
978 5283 1120 5336 κατά
1152 5282 1261 5335 τῶν
1292 5282 1567 5353 ὁμοτίμων
1588 5282 1859 5352 ὑπεροχὴν
1890 5281 1986 5335 λα-

413 5377 596 5447 χόντα,
637 5376 841 5445 ταύτην
888 5376 1213 5445 μετάγουσιν
1250 5375 1341 5426 ἐπί
1367 5374 1437 5427 τὰ
1474 5373 1591 5426 θεῖα
1620 5374 1863 5443 δόγματα
1890 5375 1988 5443 τὴν

414 5468 651 5522 διάνοιαν
672 5481 685 5495 ·
717 5466 857 5518 ὥστε
898 5466 988 5519 τὸν
1026 5466 1287 5536 μονογενῆ
1320 5465 1453 5519 Θεὸν
1480 5463 1883 5534 ὑπεξευγμένον
1917 5467 1985 5535 τῇ

414 5558 699 5629 δυναστείᾳ
735 5558 826 5611 τοῦ
877 5558 1257 5629 ὑπερέχοντος,
1306 5557 1469 5629 μηδὲν
1511 5554 1893 5627 ἐμποδίζεσθαι
1919 5560 1985 5628 τῇ

487 5770 529 5800 ’⁸
571 5765 728 5822 Joan.
773 5781 898 5831 xm,
934 5765 1013 5819 13.
1098 5765 1141 5795 ¹⁶
1178 5762 1363 5820 Matth.
1395 5777 1551 5831 xxut,
1581 5763 1634 5819 9.

2011 4592 2057 4650 D

2060 1992 2240 2045 minus
2275 1989 2341 2043 ad
2371 1987 2675 2058 discipulos
2708 1987 2784 2040 ait
2806 2002 2865 2041 se
2895 2000 3021 2040 vere
3057 1983 3345 2039 Dominum
3374 1998 3523 2047 esse,
3551 1998 3645 2053 ap—

2062 2084 2302 2153 probans
2329 2083 2524 2136 horum
2555 2080 2958 2133 confessionem
2984 2079 3077 2148 qui
3110 2079 3290 2146 ipsum
3323 2077 3641 2147 magistrum

2061 2186 2111 2227 et
2147 2172 2432 2226 Dominum
2478 2170 2857 2234 nominabant;
2890 2170 3019 2223 dicit
3066 2170 3210 2223 enim
3247 2187 3260 2222 :
3320 2167 3416 2221 Vos
3449 2170 3644 2221 vocalis

2062 2280 2143 2317 me
2181 2262 2461 2315 Dominum
2494 2269 2543 2314 et
2582 2263 2919 2329 magistrum,
2958 2269 3008 2313 et
3035 2259 3159 2313 bene
3196 2261 3401 2329 quidem
3429 2260 3645 2313 dicitis:

2062 2369 2180 2406 sum
2229 2354 2370 2406 enim
2394 2352 2458 2404 ¹⁵.
2493 2349 2607 2404 Hoc
2658 2351 2798 2405 idem
2846 2359 2900 2405 et
2929 2349 3149 2404 Patrem
3189 2350 3259 2405 ab
3308 2349 3444 2420 ipsis
3478 2349 3647 2418 jussit

2063 2444 2343 2514 appellari,
2374 2446 2499 2497 cum
2528 2443 2698 2497 dixit:
2725 2442 2905 2513 Neque
2926 2444 3234 2496 vocaveritis
3263 2444 3571 2512 magistrum
3592 2443 3646 2494 in

2066 2549 2241 2598 terra;
2284 2550 2421 2589 unus
2460 2536 2597 2589 enim
2639 2535 2891 2604 magister
2928 2544 3111 2599 vester,
3154 2532 3316 2587 Pater
3343 2551 3431 2603 qut
3463 2535 3518 2587 in
3544 2550 3648 2586 εω-

2066 2627 2131 2680 Iis
2156 2626 2221 2681 ¹⁶.
2253 2624 2484 2680 Cuinam
2537 2627 2703 2697 igitur
2731 2626 2890 2681 nobis
2939 2627 2994 2680 in
3034 2625 3212 2680 medio
3242 2625 3436 2679 horum
3477 2626 3648 2681 inter-

2065 2720 2238 2788 ceptis
2265 2718 2651 2775 adhmrcndum
2681 2729 2764 2772 est
2789 2716 2986 2773 ?lllinc
3017 2718 3133 2788 ipse
3166 2717 3447 2783 Dominus,
3474 2725 3528 2771 et
3551 2718 3646 2788 qui

2068 2812 2122 2865 in
2153 2812 2334 2879 seipso
2362 2812 2525 2867 habet
2556 2813 2865 2881 loquentem
2897 2811 3199 2875 Christum,
3247 2827 3356 2865 non
3397 2818 3651 2880 Oportcre

2068 2904 2246 2973 ipsum
2284 2920 2503 2959 servum
2534 2907 2718 2959 animo
2759 2904 3048 2973 concipere
3098 2904 3366 2975 praecipit,
3422 2904 3518 2959 sed
3571 2905 3652 2958 sic

2069 2995 2247 3063 ipsum
2282 2994 2467 3049 colere
2515 2995 2659 3049 sicut
2689 2995 2889 3048 colitur
2915 2993 3097 3047 Pater.
3134 2994 3305 3047 istinc
3349 2990 3651 3046 Eunomius

2068 3084 2298 3138 Domino
2333 3084 2617 3139 servitutis
2651 3085 2923 3138 actionem
2974 3083 3225 3147 intendit,
3276 3083 3405 3136 dum
3454 3082 3654 3137 asserit

2072 3194 2196 3233 eum
2234 3177 2326 3245 qui
2374 3177 2613 3232 universi
2646 3177 2934 3246 imperium
2979 3175 3208 3245 adeptus
3252 3183 3358 3236 est,
3403 3172 3654 3228 domina-

2077 3271 2209 3325 tioni
2239 3270 2458 3339 subjici.
2489 3272 2570 3324 An
2602 3269 2859 3339 ambigua
2886 3268 3047 3323 nobis
3066 3268 3187 3337 ejus
3211 3266 3357 3339 quod
3385 3267 3652 3338 agendum

2070 3372 2154 3417 est
2184 3362 2415 3416 electio?
2456 3378 2523 3416 an
2556 3378 2749 3432 parum
2801 3362 3029 3416 interest
3081 3360 3318 3414 utilioris
3348 3358 3654 3414 discretio?

2071 3456 2375 3509 Consilium
2419 3453 2597 3519 Pauli,
2633 3469 2666 3508 ο
2698 3453 2953 3519 Ευηοιηί,
2984 3451 3368 3508 contemnam?
3396 3449 3654 3505 Veritatis

2074 3562 2262 3601 vocem
2312 3554 2408 3600 tuo
2460 3562 2650 3601 errore
2694 3545 3096 3600 credibiliorcm
3152 3558 3262 3598 non
3308 3543 3659 3598 arbitrabor?

2076 3638 2202 3693 Nisi
2232 3643 2510 3701 venissem,
2544 3639 2639 3699 ait,
2671 3647 2721 3692 et
2750 3618 2839 3691 eos
2864 3637 3127 3691 allocutus
3158 3652 3346 3699 essent,
3388 3644 3654 3705 peccatum

2077 3748 2179 3784 non
2241 3730 2485 3785 haberent
2509 3731 2572 3784 ¹⁷.
2612 3728 2880 3796 Quoniam
2929 3729 3097 3798 igitur
3144 3727 3263 3798 ipse
3306 3729 3525 3785 locutus
3575 3736 3660 3784 est

2077 3822 2233 3893 ipsis.
2261 3838 2387 3877 vere
2411 3822 2599 3877 dicens
2632 3821 2873 3890 seipsum
2901 3835 3025 3875 esse
3044 3818 3355 3881 Dominum,
3393 3834 3502 3873 non
3522 3817 3659 3872 falso

2077 3913 2351 3969 nominari
2381 3911 2544 3967 :Sum
2567 3912 2734 3972 enim,
2762 3913 2961 3982 inquit,
3043 3927 3149 3966 non
3202 3913 3458 3968 nominor
3478 3954 3492 3978 ,
3528 3912 3656 3980 quid

2079 4020 2307 4060 necesse
2337 4014 2422 4060 est
2458 4003 2662 4067 facere,
2703 4003 2792 4057 cui
2819 4019 2885 4057 ex
2909 4018 2975 4058 eo
3000 4003 3146 4073 quod
3191 4003 3457 4073 przrnovit
3484 4003 3660 4057 inevi-

2079 4098 2245 4152 tabile
2271 4104 2354 4151 est
2384 4096 2709 4166 supplicium
2730 4095 2753 4148 ’ί

2154 4186 2261 4241 Sed
2297 4186 2532 4241 fortasse
2562 4185 2629 4239 ad
2661 4185 2776 4239 haec
2804 4199 2999 4239 rursus
3033 4184 3294 4239 usitatam
3331 4184 3658 4256 sapientiam

2079 4280 2242 4334 nobis
2267 4277 2625 4333 refractarius
2654 4284 2915 4346 opponet,
2933 4285 2987 4330 et
3012 4276 3160 4331 dicet
3182 4277 3433 4331 eumdem
3463 4286 3518 4331 et
3547 4292 3663 4331 ser-

2078 4368 2199 4422 vire
2232 4374 2286 4421 et
2320 4366 2610 4420 Dominum
2637 4380 2760 4420 esse
2787 4383 2801 4432 ;
2829 4366 3149 4434 praepotenti
3184 4366 3405 4436 quidem
3451 4368 3664 4435 subjec-

2080 4468 2221 4523 tum,
2252 4456 2481 4527 reliquis
2521 4470 2655 4510 vero
2682 4455 3074 4510 dominantem.
3110 4452 3235 4509 Haec
3279 4464 3459 4510 autem
3506 4455 3664 4509 docte

2084 4549 2349 4603 dicuntur
2385 4549 2440 4602 in
2470 4546 2649 4601 triviis
2686 4547 2754 4601 ab
2793 4544 3136 4599 amatoribus
3178 4545 3389 4601 erroris
3422 4546 3662 4600 circum-

2086 4642 2240 4707 ferri,
2282 4641 2375 4711 qui
2402 4656 2500 4711 per
2534 4641 2806 4695 humanas
2833 4638 3280 4695 circumstantias
3308 4652 3483 4693 vanas
3533 4651 3664 4692 suas

2085 4734 2153 4788 de
2188 4733 2295 4789 Deo
2319 4734 2610 4804 opiniones
2634 4732 2983 4788 conﬁrmant.
3027 4730 3485 4800 Quandoquidem
3516 4729 3662 4785 enim

2086 4826 2178 4895 qui
2210 4829 2265 4879 in
2305 4830 2407 4880 hac
2434 4827 2544 4881 vita
2577 4826 2903 4897 contingunt
2935 4838 3099 4880 casus
3125 4823 3316 4877 talium
3349 4836 3532 4878 rerum
3565 4835 3664 4876 no-

2089 4918 2173 4973 bis
2217 4919 2466 4989 exempla
2497 4917 2753 4981 afferunt,
2797 4915 3109 4987 cujusmodi
3136 4915 3191 4969 in
3231 4914 3436 4969 familia
3477 4913 3667 4984 copio—

2088 5013 2237 5066 siore
2261 5011 2386 5065 licet
2408 5011 2612 5076 videre,
2638 5027 2707 5066 ex
2734 5010 3015 5065 conservis
3048 5008 3117 5063 ad
3158 5006 3427 5077 agendum
3473 5021 3662 5076 prom-

2090 5100 2320 5169 ptiorem
2336 5101 2616 5171 magisque
2635 5099 3163 5165 benevolum,rebus
3186 5099 3268 5154 sui
3303 5097 3509 5152 domini
3532 5112 3662 5166 pra:-

2090 5191 2317 5258 fectum,
2350 5200 2541 5246 contra
2566 5194 2807 5262 mquales
2839 5191 3065 5264 gradum
3095 5191 3344 5245 altiorem
3374 5188 3625 5242 sortitum
3650 5203 3665 5252 ;

2093 5282 2241 5337 hunc
2270 5284 2337 5337 ad
2376 5283 2561 5338 divina
2586 5286 2838 5355 dogmata
2857 5292 3180 5353 conceptum
3203 5278 3565 5341 transferunt,
3594 5278 3668 5331 ita

2092 5383 2154 5429 ut
2176 5376 2518 5445 unigenitum
2551 5376 2719 5433 Deum
2751 5378 3010 5446 potestati
3050 5371 3515 5446 supereminentis
3541 5369 3666 5424 sub-

2088 5468 2336 5539 jugatum
2371 5468 2504 5522 nihil
2530 5476 2616 5523 est
2647 5468 2794 5538 quod
2843 5467 3123 5538 impediat,
3166 5466 3301 5537 quin
3330 5460 3669 5518 dominantis

2096 5560 2424 5615 auctoritate
2471 5559 2796 5616 inferiorum
2841 5558 3222 5631 praefecturam
3249 5555 3515 5612 obtineat.
3558 5552 3665 5608 Sed

1716 5761 1758 5793 ³⁷
1786 5758 1943 5814 Joan.
1968 5774 2059 5825 xv,
2088 5758 2177 5814 22.
