4142 6374
500 444 606 500 947

1719 448 1774 504 S.
1811 447 2140 504 GREGURll
2186 447 2476 505 NYSSENI

3669 441 3776 497 818

501 583 604 623 nos
631 567 723 622 tali
747 566 1028 636 sapientize
1057 583 1180 621 cum
1215 568 1516 626 dixerimus
1546 572 1862 642 valere,pro
1891 580 2080 627 nostra

2204 571 2278 625 τοῦ
2306 572 2718 634 δυναστεύοντος
2743 569 2955 642 ἐξουσία
2981 569 3114 641 πρὸς
3149 568 3250 640 τὴν
3277 567 3385 621 τῶν
3412 565 3777 620 καταδεεστέι

501 661 876 728 intelligentia:
949 659 1329 715 mediocritate
1397 660 1464 715 de
1521 663 1623 716 hac
1665 679 1723 717 re
1775 679 2082 718 sermonem

499 753 940 806 consideremus.
1006 753 1086 805 An
1129 752 1340 807 Patrem
1385 764 1579 808 natura
1619 753 1910 808 Dominum
1948 771 2084 808 eon-

501 847 746 907 liteutur,
785 860 852 896 an
890 844 1128 913 alicujus
1168 844 1428 914 sum-agio
1468 847 1532 899 ad
1563 847 1665 900 hoc
1695 849 1952 902 venisse?
1979 845 2086 900 Sed

503 940 773 990 neminem
811 952 875 990 eo
916 938 1168 990 amentiae
1199 946 1252 991 et
1287 938 1528 992 infamiae
1567 943 1908 1007 processisse
1941 939 2085 992 arbi-

505 1044 642 1094 tror,
689 1031 781 1101 qui
816 1032 977 1084 modo
1009 1047 1337 1100 quocunque
1387 1033 1585 1087 mentis
1619 1041 1673 1086 ct
1712 1033 2088 1101 intelligentiae

502 1126 573 1177 sit
618 1139 867 1193 compos,
900 1133 956 1176 ut
997 1141 1104 1177 non
1152 1123 1261 1176 Deo
1311 1125 1698 1178 universorum
1752 1124 2086 1178 dominatio-

503 1232 626 1268 nem
671 1225 864 1269 natura
894 1217 1079 1270 inesse
1103 1223 1356 1270 testetur.
1393 1214 1548 1280 Quod
1585 1217 1730 1271 enim
1770 1223 1966 1269 natura
2003 1223 2087 1270 est

501 1309 730 1378 simplex
768 1320 822 1364 et
854 1312 1090 1378 partium
1121 1325 1319 1378 expers
1365 1319 1418 1363 et
1456 1310 1902 1378 incompositum,
1939 1309 2083 1378 quod

503 1402 725 1471 quidem
779 1403 963 1465 fuerit,
997 1411 1168 1455 totum
1218 1413 1515 1472 perlatum
1570 1402 1673 1454 hoc
1716 1411 1819 1464 est,
1864 1417 1972 1454 non
2021 1417 2086 1454 ex

503 1492 805 1545 mutatione
831 1492 1070 1557 alicujus
1121 1492 1348 1544 alterius
1416 1490 1665 1543 factum:
1727 1489 1825 1543 sed
1869 1491 1922 1544 in
1977 1507 2090 1559 quo

502 1591 608 1644 est,
653 1598 982 1651 permanens
1012 1583 1063 1634 in
1092 1591 1380 1634 :rternum.
1415 1580 1554 1646 Quid
1595 1581 1760 1651 igitur
1795 1581 1928 1635 etde
1956 1579 2088 1634 Uni-

502 1674 684 1741 uenito
702 1674 1119 1728 existimarunt?
1143 1681 1323 1725 utrum
1351 1673 1657 1743 simplicem
1680 1680 1733 1725 et
1761 1672 1880 1741 ejus
1897 1690 2088 1728 essen-

503 1763 634 1815 tiam
666 1763 1018 1822 confitentur,
1057 1779 1126 1815 an
1157 1763 1394 1828 aliquam
1454 1764 1507 1816 in
1541 1779 1604 1816 ea
1631 1763 2086 1832 compositionem

506 1854 858 1922 intelligunt?
890 1853 945 1907 Si
985 1854 1150 1922 igitur
1195 1854 1398 1926 aliquid
1434 1855 1646 1907 varium
1698 1861 1751 1907 et
1804 1855 2088 1923 multiplex

504 1949 800 2016 multisque
825 1947 1071 2016 partibus
1101 1953 1364 2001 constans
1397 1948 1539 2000 hunc
1566 1963 1687 2001 esse
1728 1947 2092 2014 arbitrantur;

507 2057 680 2108 neque
711 2040 872 2108 plane
913 2038 1136 2093 deitatis
1170 2054 1366 2092 nomen
1409 2039 1457 2093 ei
1489 2039 1814 2102 concedent,
1871 2040 1937 2093 ad
1973 2055 2090 2092 ma-

505 2125 730 2176 terialcs
775 2124 1043 2190 quasdam
1086 2132 1141 2176 et
1190 2123 1512 2190 corporales
1561 2124 1849 2191 opiniones
1900 2125 2092 2178 decre-

505 2224 620 2268 tum
653 2215 720 2270 de
749 2215 970 2271 Christo
986 2217 1359 2270 traducentes.
1379 2213 1534 2279 Quod
1572 2215 1616 2268 si
1638 2217 1941 2283 simplicem
1967 2231 2094 2272 esse

506 2308 884 2368 consentiunt,
916 2307 1192 2376 quomodo
1219 2306 1271 2358 in
1306 2304 1661 2374 simplicitate
1687 2305 2093 2373 subjecti,cou-

509 2398 804 2452 trariornm
838 2413 1168 2452 concursum
1219 2398 1347 2452 licet
1381 2397 1622 2450 intueri?
1657 2405 1716 2450 ut
1773 2399 1919 2451 enim
1970 2399 2095 2453 vita:

505 2499 560 2543 rt
592 2491 787 2545 mortis
823 2492 875 2553 in
907 2491 1245 2544 contrarium
1285 2489 1600 2543 inunediata
1652 2497 1736 2544 est
1789 2492 2090 2561 oppositio,

508 2584 588 2635 sic
615 2598 739 2636 cum
778 2583 1042 2637 servitute
1071 2583 1374 2637 dominatio
1406 2585 1615 2636 nullum
1661 2583 1824 2638 habet
1858 2599 2094 2638 consor-

507 2676 667 2738 tiunn,
694 2683 748 2730 et
783 2676 1019 2746 prepriis
1053 2675 1436 2730 affectionibus
1464 2676 1698 2729 alienata
1726 2683 1830 2730 est.
1877 2675 1933 2730 Si
1971 2676 2095 2745 quis

509 2767 652 2819 enim
683 2767 876 2820 horum
909 2775 1206 2836 utrumque
1243 2767 1296 2820 in
1339 2767 1535 2835 seipsis
1587 2766 1931 2832 consideret,
1983 2782 2094 2820 non

510 2860 770 2930 :equalem
795 2860 1061 2915 ambobus
1096 2858 1366 2929 aptaverit
1397 2857 1791 2912 definitionem.
1845 2860 2094 2923 Quorum

510 2963 689 3006 autem
709 2951 950 3006 definitio
965 2969 1072 3006 non
1090 2953 1303 3018 eadem,
1319 2952 1513 3005 horum
1529 2952 1692 3006 etiam
1713 2964 1905 3006 natura
1925 2953 2099 3006 enmi-

514 3041 801 3097 nodiffert.
842 3044 897 3096 Si
937 3044 1108 3112 igitur
1133 3043 1367 3114 simplex
1392 3043 1692 3099 secundum
1715 3051 1962 3097 naturam
1993 3043 2099 3097 Do-

513 3135 716 3197 minus,
745 3135 1022 3204 qnomodo
1051 3133 1104 3187 in
1143 3134 1396 3202 subjecto
1427 3135 1834 3188 contrariorum
1862 3133 2097 3203 duplici-

2191 682 2299 734 ρων
2324 664 2638 733 ἡγεμονίαν.
2703 662 2839 714 Ἀλλ’
2870 663 3032 731 ἡμεῖς
3064 658 3338 730 ἐρρῶσθαι
3366 657 3674 726 φράσαντες
3705 656 3773 724 τῇ

2187 756 2407 825 τοιαύτῃ
2441 756 2618 826 σορίᾳ,
2653 754 2792 806 κατὰ
2817 753 2875 805 τὸ
2903 753 3168 822 ἡμέτερον
3190 752 3287 819 τῆς
3315 749 3550 811 διανοίας
3577 748 3774 818 μέτρον

2187 846 2276 898 τὸν
2309 846 2435 916 περὶ
2475 845 2660 897 τούτου
2694 844 2850 911 λόγον
2884 840 3320 911 διασκεψώμεθα.
3374 837 3520 910 ’Ἄρα
3545 838 3634 890 τὸν
3664 837 3771 888 Πα-

2187 937 2321 1008 τέρα
2372 936 2529 1006 φύσει
2559 935 2759 1006 Κύριον
2805 933 3193 1004 ὁμολογοῦσιν,
3245 933 3277 1001 ἢ
3323 932 3411 983 διὰ
3439 929 3772 1001 χειροτονίας

2187 1031 2332 1094 τινὸς
2362 1031 2497 1101 πρὸς
2530 1029 2685 1082 τοῦτο
2714 1028 2920 1091 ἐλΟεῖν;
2970 1025 3131 1079 Ἀλλὰ
3160 1027 3259 1079 ούκ
3293 1021 3444 1094 οἶμαι
3501 1026 3580 1086 εἰς
3619 1021 3774 1074 τοῦτο

2193 1123 2386 1191 μανίας
2419 1122 2592 1174 ἐλθεῖν
2633 1121 2724 1173 τὸν
2768 1120 2862 1172 καὶ
2890 1119 3135 1172 ὁπωσοῦν
3166 1117 3398 1179 διανοίας
3441 1115 3732 1185 μετέχοντα
3757 1130 3771 1142 '

2188 1213 2263 1274 ὡς
2289 1213 2362 1281 μὴ
2388 1214 2453 1281 τῇ
2486 1210 2645 1279 φύσει
2676 1212 3118 1280 προσμαρτυρεῖν
3148 1207 3224 1277 τῷ
3245 1208 3363 1278 Θεῷ
3390 1207 3496 1259 τῶν
3518 1207 3653 1260 ὅλων
3677 1205 3777 1273 τὴν

2189 1304 2514 1373 κυριότητα.
2562 1301 2629 1354 Ὃ
2657 1301 2765 1370 γὰρ
2797 1295 3000 1354 ἁπλοῦν
3037 1303 3101 1370 τῇ
3143 1299 3301 1368 φύσει
3333 1299 3426 1353 καὶ
3457 1298 3661 1369 ἀμερὲς
3683 1297 3776 1350 καὶ

2190 1394 2500 1455 ἀσύνθετον,
2533 1393 2628 1444 ὁπε
2637 1411 2668 1463 ρ
2703 1391 2768 1445 ἂν
2795 1392 2935 1462 τύχῃ
2960 1391 3039 1453 ὃν,
3064 1392 3182 1444 ὅλον
3205 1391 3377 1443 διόλου
3411 1389 3570 1442 τοῦτό
3599 1391 3774 1449 ἐστιν,

2189 1487 2289 1538 οὐκ
2324 1489 2386 1538 ἐκ
2423 1484 2725 1556 μεταϐολῆς
2757 1500 2900 1547 τινος
2949 1483 3136 1554 ἐτέρου
3190 1481 3470 1551 γινόμενον
3494 1498 3507 1512 ο
3562 1479 3675 1533 ἀλλ’
3710 1481 3769 1532 ἐν

2189 1571 2232 1645 ᾧ
2257 1581 2421 1640 ἐστιν,
2451 1575 2702 1646 διαμένον
2720 1575 2855 1647 πρὸς
2878 1576 2938 1629 τὸ
2967 1577 3154 1628 ἀΐδιον.
3183 1574 3247 1628 Τί
3275 1570 3369 1627 οῦν
3399 1573 3493 1626 καὶ
3526 1573 3654 1643 περὶ
3682 1571 3779 1625 τοῦ

2191 1668 2526 1736 Μονογενοῦς
2558 1669 2950 1738 ύπειλήφασιν-;
3004 1664 3111 1737 ἆρα
3146 1668 3322 1738 ἁπλῆν
3357 1665 3520 1718 αὐτοῦ
3554 1665 3652 1736 τὴν
3687 1665 3779 1716 ού-

2193 1762 2313 1814 σίαν
2337 1760 2712 1831 ὁμολογοῦσιν,
2745 1761 2778 1829 ἥ
2802 1777 2920 1812 τινα
2949 1762 3041 1814 καὶ
3067 1760 3313 1815 σύνθεσιν
3341 1759 3469 1829 περὶ
3495 1757 3660 1828 αὐτὴν
3691 1759 3777 1809 ἐν·

2192 1855 2427 1920 νοοῦσινς
2459 1856 2520 1906 Ei
2553 1854 2650 1924 μὲν
2671 1850 2762 1906 οῦν
2796 1854 3039 1906 ποικίλον
3060 1871 3110 1906 τι
3143 1853 3331 1924 χρῆμα
3361 1851 3452 1904 καὶ
3479 1847 3782 1918 πολυμερὲς

2195 1945 2333 2000 εἶναι
2366 1948 2554 2000 τοῦτον
2589 1946 2920 2017 νομίζουσιν,
2949 1947 3070 1999 ούδέ.
3115 1945 3174 1998 τὸ
3219 1945 3392 2014 ὄνομα
3435 1943 3651 2002 παντως
3683 1940 3782 2008 τῆς

2197 2040 2447 2110 Θεότητος
2478 2038 2627 2110 αὐτῷ
2651 2041 3115 2110 συγχωρήσουσιν,
3145 2039 3224 2100 είς
3255 2035 3477 2099 ὑλώδεις
3507 2032 3658 2096 τινὰς
3687 2032 3780 2084 καὶ

2198 2131 2514 2201 σωματικὰς
2533 2131 2826 2202 ὑπολήψεις
2854 2130 2914 2182 τὸ
2936 2128 3173 2200 περὶτοῦ
3198 2126 3435 2198 Χριστοῦ
3455 2126 3631 2195 δόγμα
3653 2137 3780 2192 μετ-

2195 2225 2438 2292 άγοντες.
2467 2224 2530 2276 Εἰ
2558 2224 2612 2276 δέ
2635 2221 2839 2276 ἁπλοῦν
2861 2218 2998 2274 εἶναι
3035 2221 3389 2284 συντίθενται,
3424 2217 3539 2279 πῶς
3577 2209 3691 2268 ἔστι
3711 2215 3783 2283 τῇ

2199 2317 2459 2387 ἁπλότητι
2492 2316 2584 2370 τοῦ
2617 2317 2983 2386 ὑποκειμένου
3018 2315 3113 2385 τὴν
3138 2314 3246 2365 τῶν
3285 2311 3540 2365 ἐναντίων
3571 2307 3786 2377 συνδρο-

2202 2409 2309 2480 μὴν
2349 2409 2683 2481 ἐνοεωρῆσαι
2708 2427 2722 2474 ;
2756 2409 2842 2471 Ὠς
2873 2409 2980 2479 γὰρ
2999 2408 3100 2476 τῆς
3129 2407 3272 2474 ζωῆς
3300 2405 3392 2456 καὶ
3431 2402 3524 2456 τοῦ
3551 2401 3782 2454 θανάτου

2198 2500 2400 2570 ἄμεσὸς
2433 2501 2576 2552 ἐστιν
2622 2501 2656 2569 ἡ
2699 2499 2835 2570 πρὸς
2864 2497 2923 2550 τὸ
2958 2496 3196 2549 ἐναντίον
3226 2492 3648 2554 ὰντιδιὰστασις,
3694 2488 3786 2541 οῦς-

2196 2610 2305 2655 τως
2418 2592 2672 2661 κυριότης
2714 2589 2849 2660 πρὸς
2879 2590 2974 2658 τὴν
3008 2587 3248 2640 δουλείαν
3287 2585 3515 2656 ἄμικτός
3551 2585 3665 2636 ἐστι
3690 2584 3790 2636 καὶ

2199 2684 2600 2756 ἡλλοτριωμὲνη
2627 2687 2736 2745 τοῖς
2772 2682 3078 2746 ἰδιάζουσιν.
3107 2680 3179 2732 Ub
3206 2679 3313 2749 γὰρ
3339 2677 3404 2730 ἄν
3427 2694 3511 2739 τις
3528 2675 3787 2744 ἑκάτερον

2197 2779 2402 2831 τούτων
2436 2777 2517 2844 ἐφ’
2553 2775 2759 2827 ἑαυτῶν
2785 2772 3024 2843 Θεωρῶν,
3052 2772 3144 2824 τὸν
3171 2766 3290 2822 ἴσον
3321 2767 3648 2838 ἀμτοτέρτις
3683 2765 3786 2833 ἁρ-

2204 2871 2384 2940 μόσειε
2420 2869 2595 2936 λόγον.
2621 2860 2721 2918 τΩν
2750 2866 2806 2918 δέ
2836 2866 2863 2916 ὁ
2896 2865 3051 2932 λόγος
3078 2863 3189 2942 οὐχ.
3211 2865 3238 2914 ὁ
3268 2861 3451 2921 αὐτὸς,
3476 2856 3790 2910 τούτωνκαὶ

2201 2964 2235 3032 ή
2267 2959 2424 3029 φύσις
2455 2958 2671 3020 πάντως
2695 2957 2967 3026 διάφορος.
3027 2954 3091 3006 Εἰ
3119 2949 3210 3006 οὖν
3251 2949 3453 3012 ἁπλοῦς
3505 2946 3645 3000 κατᾶ
3689 2945 3794 3013 τὴν

2204 3053 2364 3123 φύσιν
2394 3055 2420 3106 ὁ
2441 3054 2661 3122 Κύριος,
2703 3048 2819 3112 πῶς
2852 3047 2915 3101 ἂν
2941 3047 3154 3115 γένοιτο
3185 3062 3247 3097 πε
3261 3043 3311 3115 ρὶ
3333 3043 3394 3096 τὸ
3430 3039 3790 3108 ὑποκείμενον

2202 3150 2235 3216 ή
2275 3147 2382 3199 τῶν
2412 3145 2666 3198 ἐναντίων
2705 3143 2916 3211 διπλόη,
2962 3141 3201 3202 δουλείας
3241 3132 3791 3204 συνανακιρνωμένης

513 3232 600 3277 tas
644 3239 769 3278 esse
811 3227 1004 3294 possit,
1053 3225 1317 3278 servitute
1369 3225 1626 3278 nimirum
1683 3241 1806 3279 cum
1851 3225 2100 3279 domina-

2207 3244 2274 3311 τῇ
2309 3240 2626 3310 κυριότητις
2673 3235 2810 3288 Ἀλλ’
2845 3237 2891 3286 εί
2932 3233 3135 3304 Κύριος
3166 3230 3306 3284 κατὰ
3351 3231 3449 3296 τὴν
3475 3227 3584 3278 τῶν
3619 3223 3796 3290 ἁγίων

516 3316 667 3370 tione
711 3316 1170 3386 contemperala?
1225 3315 1329 3369 Sed
1381 3316 1428 3372 si
1481 3315 1749 3370 Dominus
1799 3319 2104 3374 secundum

515 3416 835 3460 sanctorum
865 3407 1171 3460 doctrinam
1217 3405 1564 3470 conceditur,
1614 3406 1793 3475 ipsum
1819 3415 2101 3476 expertem

515 3515 638 3554 esse
657 3499 920 3552 contrarii
946 3499 1269 3568 simplicitas
1297 3497 1534 3566 subjecti
1568 3505 1824 3552 teSIatur.
1878 3498 2036 3564 Quod
2061 3499 2108 3554 si

520 3593 696 3662 ipsum
752 3591 961 3644 servire
1011 3589 1362 3653 denuntiant,
1406 3589 1612 3642 frustra
1655 3590 1704 3644 ei
1770 3605 1968 3644 nomen
2011 3591 2109 3644 do-

521 3681 842 3740 minationis
895 3680 1226 3734 attribuunt.
1261 3679 1418 3746 Quod
1455 3681 1600 3734 enim
1653 3681 1884 3751 simplex
1908 3693 1961 3736 et
1995 3684 2109 3738 sin-

519 3789 707 3830 cerum
743 3781 960 3836 natura,
997 3772 1066 3825 ad
1101 3773 1414 3826 contrarias
1467 3774 1839 3843 proprietates
1868 3791 1993 3829 non-
2025 3775 2110 3829 di-

519 3866 816 3922 scinditur.
848 3865 1001 3930 Quod
1035 3867 1078 3918 si
1122 3866 1253 3920 illud
1279 3865 1500 3936 quidem
1535 3865 1713 3935 ipsum
1745 3883 1870 3922 esse
1893 3869 2106 3930 dicunt,

520 3961 630 4013 hoc
679 3973 810 4012 vero
860 3957 966 4011 dici
1015 3974 1030 4010 ι
1071 3966 1266 4010 natura
1317 3958 1535 4027 quidem
1597 3973 1839 4020 servum,
1889 3959 2110 4012 nomine

524 4064 654 4105 vero
681 4048 966 4103 dominum
995 4048 1321 4102 :ostcndant
1368 4048 1537 4102 libere
1584 4047 1857 4116 ejusmodi
1893 4063 2106 4112 vocem,

465 4175 474 4187 .
523 4147 577 4193 et
594 4154 697 4194 nos
718 4153 749 4192 a
767 4135 1225 4191 contradictionis
1243 4137 1527 4191 laboribus
1556 4138 1734 4206 longis
1763 4137 2109 4207 requiescere

527 4231 747 4286 facient.
783 4229 917 4296 Quis
944 4229 1091 4283 enim
1121 4228 1176 4282 in
1208 4229 1362 4283 vanis
1393 4237 1500 4280 tam
1533 4229 1646 4282 otio
1670 4230 1956 4282 abundans
1997 4237 2103 4291 est,

526 4333 586 4376 ut
616 4330 830 4394 aperta,
869 4321 1017 4376 clara
1044 4331 1097 4377 et
1116 4321 1421 4376 indubitata
1447 4322 1754 4376 rationibus
1776 4321 2068 4392 redarguat
2085 4324 2111 4376 ?'

525 4415 714 4486 Neque
733 4414 879 4470 enim
900 4413 1090 4483 siquis
1117 4414 1202 4467 sui
1226 4413 1401 4483 ipsius
1429 4413 1592 4467 caedis
1617 4415 1797 4468 scelus
1830 4414 2111 4469 indicave-

525 4508 617 4572 rit,
649 4505 1068 4561 accusatoribus
1117 4505 1273 4559 labor
1303 4505 1653 4574 relinquitur,
1698 4506 1866 4558 certis
1899 4513 1958 4558 ut
2010 4505 2110 4560 de-

2210 3329 2556 3384 διδασκαλίαν
2607 3323 3259 3395 ὁμολογεῖται,ἀμέτοχον
3303 3317 3462 3371 αὐτὸν
3512 3311 3650 3366 εἶναι
3693 3311 3791 3364 τοῦ

2211 3422 2452 3476 ἐναντίου
2496 3421 2528 3490 ἡ
2583 3417 2817 3486 ἁπλότης
2869 3414 2964 3467 τοῦ
3019 3411 3378 3482 ὑποκειμένου
3431 3406 3790 3479 μαρτύρεται.

2211 3518 2273 3569 Et
2301 3516 2356 3568 δέ
2383 3512 2649 3566 δουλεύειν
2708 3509 2868 3564 αὐτὸν
2898 3508 3306 3576 ἀποφαίνονται,
3338 3503 3513 3574 μάτην
3547 3497 3692 3566 αύτῷ
3730 3495 3798 3548 τὸ

2209 3609 2378 3679 ὄνομα
2397 3600 2878 3677 προσμαρτυροῦσι
2899 3601 2995 3669 τῆς
3012 3599 3347 3668 κυριότητος.
3369 3595 3442 3648 Τὸ
3464 3595 3569 3664 γὰρ
3587 3589 3790 3644 ἁπλοῦν

2209 3700 2274 3768 τῇ
2311 3695 2466 3764 φύσει
2502 3694 2638 3764 πρὸς
2670 3691 2738 3743 τὰ
2768 3691 2984 3743 ἐναντία
3029 3688 3136 3742 τῶν
3173 3686 3477 3757 ἰδιωμάτων
3506 3685 3566 3736 ού
3586 3681 3793 3749 διασχί-

2211 3787 2378 3851 ζεται.
2422 3786 2484 3836 Ei
2507 3784 2562 3837 δέ
2586 3784 2646 3834 τὺ
2673 3781 2771 3851 μὲν
2792 3775 2927 3833 εἷναί
2956 3795 3118 3848 φασιν
3141 3775 3394 3839 αύτὸν,τδ
3418 3773 3474 3827 δὲ
3502 3772 3754 3841 λέγεσθαι
3773 3787 3792 3800 ⁸

2209 3882 2272 3949 τῇ
2299 3877 2456 3946 φύσει
2490 3875 2586 3945 μὲν
2612 3874 2814 3936 δοῦλον,
2845 3871 2922 3942 τῷ
2968 3870 3190 3940 ὀνόματι
3231 3868 3284 3920 δέ
3315 3866 3517 3937 Κύριον
3542 3883 3553 3894 ·
3615 3861 3795 3927 δειξὰ-

2210 3987 2387 4024 τωσαν
2414 3969 2473 4019 ἐν
2507 3966 2790 4037 παρρησία
2815 3963 3070 4033 τοιαύτην
3103 3961 3304 4031 φωνὴν,
3328 3960 3420 4012 καὶ
3449 3956 3795 4012 ἀναπαύσου-

2213 4081 2296 4116 σιν
2327 4063 2471 4130 ἡμᾶς
2500 4059 2606 4110 τῶν
2660 4056 2884 4128 μακρῶν
2930 4055 3056 4124 περὶ
3090 4055 3186 4126 τὴν
3229 4053 3560 4124 ἀντίρρησιν
3590 4050 3788 4102 πόνων.

2212 4156 2303 4217 Τίς
2337 4155 2447 4223 γὰρ
2468 4153 2637 4214 οὕτως
2667 4153 2722 4202 ἐν
2753 4154 2865 4212 τοῖς
2908 4149 3153 4220 ματαίοις
3193 4147 3461 4216 εῦσχολος.
3494 4146 3568 4207 ὡς
3599 4145 3664 4197 τὰ
3691 4160 3793 4211 φας

2211 4249 2344 4319 νερά
2383 4264 2440 4300 τε
2476 4247 2568 4298 καὶ
2610 4243 2950 4314 ἀναμφίϐολα
3003 4243 3089 4294 διὰ
3137 4239 3412 4309 λογισμῶν
3455 4237 3797 4306 ἐξελέγχειν;

2211 4340 2343 4392 υύὸἐ
2377 4338 2485 4408 γὰρ
2527 4337 2580 4389 εί
2601 4355 2683 4398 τις
2724 4334 2915 4387 ἑαυτοῦ
2948 4334 3349 4404 καταμηνύσειε
3390 4332 3482 4384 τοῦ
3529 4331 3687 4398 φόνου
3731 4328 3805 4380 τὸ

2215 4431 2444 4501 μίασμα,
2495 4428 2653 4489 πόνος
2691 4445 2774 4487 τις
2805 4425 3154 4478 ὑπολείπεται
3193 4428 3302 4487 τοῖς
3351 4424 3695 4493 κατηγόροις,
3726 4420 3799 4471 δι’

2215 4518 2537 4584 ἀποδείξεών
2587 4536 2746 4570 τινων
2773 4518 2924 4585 ἄγειν
2972 4517 3067 4587 τὴν
3103 4516 3408 4585 μιαιφονίαν
3444 4517 3522 4576 είς
3555 4513 3793 4581 ἔλεγχον.

527 4597 1022 4654 monstrationibus
1049 4597 1250 4652 caedem
1285 4596 1352 4650 ad
1378 4596 1754 4666 probationem
1804 4596 2100 4659 adducant,

2212 4612 2367 4664 Οὕτω
2395 4612 2487 4665 καὶ
2517 4611 2674 4680 ἡμεῖς
2701 4608 2884 4662 οὐκέτι
2910 4608 3000 4660 τὸν
3026 4609 3090 4660 ἐκ
3119 4608 3216 4677 τῆς
3244 4607 3542 4673 ἐξετάσεως
3569 4605 3792 4674 ἔλεγχον

527 4704 759 4762 eamque
793 4688 995 4744 factam
1022 4704 1145 4744 esse
1179 4689 1528 4744 convineant.
1569 4687 1661 4741 Sic
1701 4703 1803 4743 nos
1845 4703 1952 4741 non
1994 4705 2112 4742 am-

529 4783 674 4854 plius
705 4781 1046 4852 argumentis
1078 4786 1228 4833 certa
1277 4781 1490 4833 ratione
1519 4779 1810 4849 exquisitis
1854 4779 2112 4835 adversa-

529 4874 643 4928 rios
672 4871 1160 4942 reprehendemus,
1189 4881 1313 4924 cmu
1347 4869 1629 4938 hucusque
1665 4869 1943 4939 impietate
1987 4885 2112 4938 pro-

530 4964 829 5020 cesserint.
850 4963 955 5030 Qui
982 4964 1487 5033 enimunigenitnm
1519 4963 1686 5018 Deum
1714 4979 1931 5018 servum
1950 4972 2114 5018 natu-

530 5073 590 5113 ra
617 5058 838 5122 asserit,
864 5059 1012 5111 liunc
1029 5056 1134 5112 sibi
1153 5071 1480 5111 conservum
1501 5071 1599 5126 per
1627 5073 1750 5127 quae
1767 5055 1835 5109 ait
1856 5057 2109 5112 adstruit:

515 5161 599 5205 'ex
634 5164 811 5220 eoque
851 5148 1053 5220 duplex
1102 5149 1417 5206 absurditas
1453 5151 1765 5206 necessario
1806 5148 2113 5217 inferetur;

531 5241 618 5297 vel
646 5240 793 5297 enim
829 5255 1159 5296 conservum
1204 5247 1520 5295 contemnet
1557 5249 1612 5294 et
1651 5241 1818 5296 ﬁdem
1869 5242 2113 5312 negabit,

529 5333 665 5404 iugo
693 5333 1086 5388 dominationis
1115 5332 1322 5388 Christi
1353 5347 1623 5401 excusso;
1650 5333 1736 5387 vel
1765 5348 1982 5388 servum
2020 5352 2116 5390 ve-

535 5424 839 5492 nerabitur,
872 5433 926 5480 et
958 5437 1211 5479 naturam
1248 5425 1332 5480 sui
1383 5425 1524 5495 juris
1555 5434 1608 5480 et
1639 5426 1868 5481 liberam
1894 5441 2113 5483 aversa-

535 5525 648 5580 tus,
679 5517 917 5588 quodam
950 5517 1113 5572 modo
1151 5517 1392 5586 seipsum
1424 5533 1525 5588 pro
1558 5516 1670 5573 Deo
1701 5519 1864 5573 colet.
1891 5517 1946 5572 Si
1971 5519 2118 5573 enim

536 5609 592 5662 in
627 5608 895 5663 servitute
937 5606 1162 5677 quidem
1204 5608 1466 5679 seipsum,
1530 5608 1585 5662 in
1617 5609 1881 5664 servitute
1935 5618 2120 5665 autem

536 5699 689 5756 videt
713 5699 877 5756 etiam
907 5699 961 5754 id
990 5698 1136 5769 quod
1152 5699 1450 5766 colitur,'in
1483 5701 1724 5771 seipsum
1751 5701 1914 5772 plane
1938 5702 2120 5757 intue-

539 5800 652 5858 tur,
683 5794 777 5862 qui
808 5793 976 5847 alium
1018 5795 1260 5863 seipsum
1299 5791 1353 5846 in
1383 5807 1450 5848 eo
1470 5794 1619 5863 quod
1656 5792 1919 5847 adoratur
1951 5795 2120 5850 videt.

543 5884 836 5942 Enimvero
869 5886 974 5940 alia
1005 5885 1187 5941 omnia
1220 5900 1340 5956 quae
1370 5886 1684 5943 necessario
1713 5886 1767 5940 in
1800 5886 1966 5956 hujus
1991 5887 2122 5960 dog-

2214 4705 2326 4762 τοῖς
2355 4699 2616 4761 ἐναντίοις
2650 4699 2964 4768 ἐποίσομεν,
2994 4698 3120 4750 ὁταν
3152 4697 3311 4768 μέχρι
3350 4695 3538 4749 τούτου
3570 4698 3634 4765 τῇ
3664 4698 3796 4747 ἀσε-

2215 4789 2336 4859 ϐείᾳ
2367 4787 2720 4859 προέλθωσιν.
2785 4788 2843 4838 '0
2868 4787 2975 4856 γὰρ
3000 4787 3182 4839 δοῦλον
3221 4790 3289 4858 τῇ
3317 4785 3476 4854 φύσει
3504 4785 3675 4852 λέγων
3703 4784 3804 4836 τδν

2219 4881 2482 4952 μονογενῆ
2512 4879 2663 4943 Θεὸν,
2705 4881 2991 4949 ὁμόδουλον
3040 4879 3216 4947 ἐαυτῷ
3245 4879 3432 4931 τοῦτον
3451 4878 3515 4930 δι’
3546 4872 3618 4930 ὧν
3649 4878 3798 4943 λέγει

2216 4972 2634 5036 κατασκευάζει,
2657 4974 2721 5024 ἐκ
2741 4971 2796 5024 δὲ
2820 4971 3008 5024 τούτου
3026 4970 3186 5039 διπλῆ
3209 4973 3242 5040 ἡ
3270 4971 3467 5023 ἀτοπία
3491 4972 3608 5022 κατ’
3639 4969 3798 5034 ἀναγ-

2217 5085 2320 5138 κην
2338 5065 2798 5136 συνενεχθήσεται.
2823 5065 2892 5117 "ll
2919 5066 3026 5133 γὰρ
3049 5067 3448 5134 καταφρονήσει
3466 5063 3557 5115 τοῦ
3570 5062 3797 5132 ὁμοδού-

2217 5159 2310 5212 λου
2341 5160 2433 5212 καὶ
2457 5160 2554 5229 τὴν
2574 5157 2757 5210 πίστιν
2781 5158 3098 5228 ἀρνήσεται,
3119 5156 3208 5208 τὸν
3237 5155 3401 5224 ζυγὸν
3422 5157 3515 5225 τῆς
3543 5155 3636 5207 τοῦ
3664 5156 3797 5224 Χρι-

2221 5249 2346 5304 στοῦ
2365 5249 2678 5311 δεσποτείας
2701 5246 3198 5317 ἀποσεισάμενοςσῆ
3227 5244 3490 5314 ὑποκύψει
3514 5246 3589 5315 τῷ
3605 5245 3798 5316 δούλῳ,

2219 5342 2313 5394 καὶ
2333 5341 2700 5412 ἀποστραφεὶς
2723 5341 2819 5410 τὴν
2841 5339 3152 5410 αὐτοκρατῆ
3175 5356 3233 5390 τε
3259 5339 3350 5391 καὶ
3383 5338 3674 5392 ἀδέσποτον
3697 5341 3797 5406 φύ-

2221 5451 2324 5498 σιν,
2352 5433 2550 5504 τρόπον
2583 5435 2702 5486 τινὰ
2730 5433 2917 5486 ἑαυτὸν
2951 5433 3070 5486 ἀντὶ
3094 5430 3229 5484 Θεοῦ
3262 5430 3672 5502 σεϐασθήσεται.
3731 5432 3795 5484 ΕΞ

2220 5525 2328 5594 γὰρ
2351 5527 2407 5576 ἐν
2435 5525 2648 5597 δουλείᾳ
2681 5525 2778 5594 μὲν
2809 5523 3018 5589 ἐαυτὸν,
3062 5525 3118 5576 ἐν
3155 5523 3368 5593 δουλείᾳ
3404 5522 3458 5574 δὲ
3484 5523 3585 5592 ὁρᾷ
3616 5522 3708 5575 καὶ⁵
3738 5521 3804 5574 τὸ

2224 5616 2491 5686 σέϐασμα,
2512 5618 2646 5688 πρὸς
2674 5618 2861 5671 ἑαυτὸν
2879 5615 3116 5687 ἀτεχνῶς
3145 5616 3351 5686 βλέπει,
3375 5616 3403 5666 ὁ
3425 5613 3580 5668 ἄλλον
3607 5614 3799 5667 ἑαυτὸν

2223 5709 2280 5761 ἐν
2311 5707 2389 5777 τῷ
2414 5709 2716 5778 σεϐάσματι
2749 5709 2981 5778 βλέπων.
3041 5707 3200 5760 Ἀλλὰ
3237 5707 3342 5777 μὴν
3370 5705 3438 5758 τὰ
3463 5705 3597 5758 ἄλλα
3624 5706 3798 5758 πάντα

2223 5798 2320 5853 ὅσα
2350 5802 2470 5851 κατ’
2500 5802 2744 5871 ἀνάγκην
2776 5804 2840 5872 τῇ
2877 5801 3044 5870 κακίᾳ
3073 5798 3242 5870 ταύτῃ
3283 5797 3662 5868 συνΟεωρεῖται
3703 5795 3799 5849 τοῦ

2224 5891 2512 5962 δόγματος,
2540 5894 2623 5958 τίς
2652 5893 2717 5948 ἂν
2746 5893 3171 5966 ἐξαριθμήσαιτο
3199 5891 3353 5960 λόγος
3377 5908 3399 5958 ',
3442 5890 3537 5955 Τίς
3559 5892 3664 5961 γὰρ
3701 5892 3804 5945 cia:
