4142 6374
403 421 508 474 849

1501 435 1782 490 CONTRA
1825 437 2206 508 EUNOMIUM,
2251 443 2376 498 LIB.
2425 449 2489 504 Χ.

3557 451 3658 504 850

405 539 544 580 οἷσίν
567 539 647 581 δτι
668 539 695 584 ὁ
723 539 904 596 δοῦλος
925 539 988 606 τῇ
1018 539 1174 604 φύσει
1198 543 1290 592 καὶ
1313 543 1442 612 πρὸς
1467 545 1788 617 δεσποτικὴν
1811 549 1975 616 ἀνάγ-

2083 557 2244 610 matis
2263 561 2622 627 perversitate
2639 572 2977 632 spectantur,
3016 576 3141 630 quiis
3157 574 3337 614 sermo
3364 574 3658 614 enumera-

405 637 508 688 κην
554 623 942 693 ἠσχολημένος,
997 629 1114 681 οὐδὲ
1156 631 1249 682 τοῦ
1282 635 1420 686 κατά
1460 636 1548 687 τὸν
1586 639 1746 704 φόϐον
1783 639 1984 703 πάθους

407 713 562 774 ἐκτὸς
585 713 651 766 ἂν
681 715 801 786 εἴης
867 721 1214 784 συνέζευκται
1255 727 1362 797 γάρ
1406 746 1518 792 πως
1568 734 1631 801 τῇ
1687 733 1845 801 φύσει
1885 736 1982 804 τῆς

405 804 646 870 δουλείας
680 807 706 857 6
745 809 924 874 φόϐος.
976 814 1086 866 Καὶ
1114 813 1300 868 τούτου
1335 818 1542 888 μάρτυς
1567 825 1594 874 ό
1634 823 1773 888 θεῖος
1818 827 1981 880 Ἀπό-

407 897 591 961 στολος
640 899 838 961 εἰπὼν,
884 903 964 955 ὅτι
1005 906 1126 956 Οὐκ
1158 907 1398 962 ἐλάϐετε
1427 912 1664 982 πνεῦμα
1704 915 1981 984 δουλείας

407 987 594 1040 πάλιν
619 992 704 1054 εἰς
727 995 934 1058 ρόΰον.
967 995 1144 1047 .Ὣστε
1173 998 1294 1050 καθ’
1321 1002 1611 1072 ὁμοιότητα
1635 1006 1740 1058 τῶν
1765 1007 1972 1080 ἀνθρώ-

407 1096 523 1130 πων
553 1081 644 1132 καὶ
667 1082 724 1133 τὸ
752 1085 890 1136 κατά
918 1085 1007 1138 τὸν
1039 1089 1200 1155 φόϐον
1229 1091 1395 1156 πάθος
1427 1096 1876 1166 ἐπιθρυλλήσουσι
1900 1099 1976 1170 τῷ

404 1169 676 1241 ὁμοδούλῳ
705 1173 842 1244 Θεῷ.

492 1435 629 1488 Ἀλλ’
657 1440 684 1489 ό
718 1438 814 1506 μὲν
851 1439 948 1508 τῆς
985 1443 1247 1512 αἱρέσεως
1283 1446 1436 1510 Θεὸς,
1475 1449 1743 1502 τοσοῦτον.
1794 1451 1981 1519 Ἡμεῖς

403 1527 460 1579 δὲ
487 1531 533 1580 οἱ
563 1528 704 1582 κατὰ
732 1531 820 1583 τὸν
867 1533 1201 1598 Ἀπόστολον,
1243 1537 1327 1588 ἐπ’
1359 1538 1636 1610 ἐλευθερίᾳ
1681 1543 1830 1611 παρά
1850 1544 1980 1612 Χρι-

409 1619 533 1670 στοῦ
567 1621 854 1690 κληθέντες
889 1624 981 1676 τοῦ
1003 1627 1100 1693 τῆς
1126 1627 1368 1692 δουλείας
1402 1633 1546 1700 ἡμᾶς
1581 1633 1977 1704 ἐλευθερώσαν-

404 1726 523 1772 τος,
581 1713 678 1763 ὅσα
727 1717 938 1784 φρονεῖν
979 1717 1128 1786 παρά
1173 1719 1280 1770 τῶν
1330 1721 1558 1792 Γραφῶν
1601 1725 1976 1796 ἐδιδάχθημεν,

403 1802 472 1854 δι’
509 1802 704 1871 ὀλίγων
734 1807 1050 1877 ἐκθήσομαι.
1113 1811 1254 1878 Ἐγὼ
1295 1811 1400 1883 γὰρ
1426 1817 1488 1866 ἐκ
1514 1815 1612 1884 τῆς
1658 1817 1805 1880 θείας
1831 1819 1979 1871 διδα-

409 1892 632 1956 σκαλίας
670 1895 1005 1965 ὁρμώμενος,
1044 1899 1260 1970 θαρσῶν
1303 1904 1690 1976 ἀποφαίνομαι,
1737 1910 1818 1962 ὅτι
1859 1910 1979 1962 οὐδὲ

409 1987 440 2052 ἡ
451 1986 553 2052 μᾶς
564 1985 776 2049 δούλους
794 1991 820 2040 ὀ
840 1989 977 2052 θεῖος
999 1990 1244 2060 βούλεται
1259 1994 1432 2064 λόγος,
1451 2003 1979 2074 μετασκευασθείσης

407 2079 537 2146 ἡμῖν
555 2081 688 2149 προς
706 2081 766 2134 τὸ
781 2086 1024 2152 κρεῖττον
1047 2087 1143 2156 τῆς
1167 2087 1398 2157 φύσεως.
1425 2091 1530 2144 Καὶ
1556 2093 1584 2144 6
1608 2093 1782 2146 πάντα
1797 2095 1975 2148 λαϐὼν

407 2173 474 2222 τὰ
507 2172 748 2243 ἡμέτερα
767 2215 780 2237 ,
817 2177 899 2244 ἐφ’
939 2174 1046 2246 ᾧτε
1096 2180 1394 2236 ἀντιδοῦναι
1425 2183 1492 2236 τὰ
1521 2183 1648 2249 ἴδια,
1675 2186 1749 2250 ὡς
1769 2189 1866 2252 τὰς
1891 2189 1980 2242 νό-

404 2278 554 2326 σους,
575 2266 776 2318 καὶτὸν
799 2265 1045 2334 θάνατον,
1075 2272 1168 2323 καὶ
1187 2273 1283 2342 τὴν
1301 2276 1666 2345 κατέιραν,κα)¹
1677 2283 1779 2354 τὴν
1801 2280 1980 2351 ἀμαρ-

404 2353 542 2416 τίαν,
576 2355 714 2409 οὕτω
767 2360 856 2411 καὶ
896 2361 992 2428 τὴν
1029 2361 1270 2417 δουλείαν
1309 2365 1496 2419 ἔλαϐεν
1521 2384 1535 2398 ·
1586 2370 1680 2439 οὐχ
1710 2353 1785 2434 ὡς
1818 2374 1980 2426 αὑτὸν

407 2447 550 2516 ἔχειν
581 2448 615 2500 ἂ
639 2448 846 2512 ἔλαϐεν,
882 2451 992 2502 ἀλλ’
1019 2452 1092 2515 ὡς
1137 2456 1435 2528 ἐκκαθάραι
1461 2459 1568 2510 τῶν
1601 2461 1854 2516 τοιούτων
1881 2465 1980 2535 τὴν

405 2539 586 2606 φύσιν,
637 2541 1098 2610 ὲξαφανισθέντων
1149 2548 1204 2598 ἐν
1247 2551 1312 2618 τῇ
1365 2550 1625 2623 ἀκηράτῳ
1677 2553 1834 2621 φύσει
1871 2557 1980 2611 τῶν

405 2635 706 2704 ἡμετέρων.
778 2638 864 2698 Ὠς
893 2633 982 2690 οὖν
1020 2639 1116 2690 οὐκ
1149 2639 1296 2692 ἔσται
1327 2642 1468 2694 κατά
1493 2644 1591 2713 τὴν
1624 2643 1979 2718 ἐλπιζομένην

401 2725 548 2796 ζωὴν
574 2729 634 2779 οὐ
661 2727 832 2790 νόσος,
863 2729 922 2780 οὐ
945 2730 1180 2799 κατάρα.
1214 2733 1310 2800 οὐχ
1347 2733 1608 2803 ἁμαρτία,
1644 2735 1702 2787 οὐ
1729 2736 1976 2802 θάνατος,

400 2817 574 2881 οὕτως
600 2821 678 2882 εἰς
717 2821 1019 2889 ἀφανισμόν
1061 2823 1153 2874 καὶ
1183 2823 1216 2891 ἡ
1258 2823 1468 2876 δουλεία
1500 2829 1636 2895 μετὰ
1669 2827 1872 2882 τούτων
1899 2830 1978 2882 δι-

402 2909 698 2962 ελεύσεται.
760 2912 868 2964 Καὶ
898 2912 979 2964 ὅτι
1008 2912 1178 2966 ταῦτα
1211 2914 1384 2985 ἀληθῆ
1415 2915 1588 2984 λέγω,
1635 2919 1804 2989 αὐτὴν
1843 2920 1978 2989 πρὸς

405 3001 706 3073 μαρτυρίαν
733 3003 881 3054 καλῶ
901 3004 998 3075 τὴν
1033 3005 1306 3076 ἀλήθειαν,
1335 3007 1370 3077 ἦ
1400 3025 1529 3078 φησι
1559 3011 1696 3080 πρὸς
1726 3013 1851 3076 τοὺς
1872 3031 1975 3083 μα-

2083 650 2263 702 verit?
2313 651 2446 716 Quis
2479 654 2625 706 enim
2681 654 2896 726 ignorat
2947 654 3094 723 quod
3132 660 3325 706 natura
3375 667 3570 708 servus
3604 662 3656 706 et

2083 739 2293 795 Domini
2325 745 2654 799 necessitate
2703 756 3026 814 occupatus.
3071 759 3252 812 neque
3285 743 3652 814 perturbatio-

2081 834 2165 888 nis
2197 843 2378 888 metus
2409 847 2462 890 et
2495 837 2706 892 timoris
2726 837 2888 891 fuerit
2909 835 3144 904 expers?
3170 835 3336 888 timor
3355 836 3498 888 enim
3519 848 3658 904 quo-

2079 923 2203 978 dam
2253 927 2414 980 modo
2457 944 2582 982 cum
2637 937 2836 982 natura
2860 928 3146 983 servitutis
3195 929 3526 996 conjunctus
3571 933 3656 981 est

2081 1023 2134 1068 et
2154 1015 2396 1086 jugatus.
2429 1018 2602 1088 Hujus
2651 1023 2725 1076 rei
2752 1022 2907 1076 testis
2927 1021 3149 1076 divinus
3177 1019 3492 1088 Apostolus.
3528 1031 3651 1070 cum

2082 1107 2257 1160 dixit:
2294 1107 2417 1162 Non
2441 1113 2715 1178 accepistis
2745 1114 2994 1180 spiritum
3041 1110 3314 1166 servitutis
3353 1110 3546 1162 iterum
3594 1108 3650 1160 in

2081 1201 2324 1252 timorem
2353 1202 2413 1252 ιη.
2469 1201 2546 1255 lta
2575 1212 2632 1255 ut
2659 1202 2727 1256 ad
2757 1202 3178 1258 similitudinem
3212 1200 3521 1268 hominum,
3570 1207 3652 1253 at-

2073 1307 2182 1360 que
2221 1292 2473 1346 affectum
2528 1294 2744 1349 timoris
2793 1295 2860 1350 de
2919 1307 3191 1351 conservo
3247 1293 3358 1350 Deo
3399 1292 3653 1364 pra‘dica-

2077 1385 2280 1437 verint.

2153 1472 2260 1528 Sed
2291 1474 2566 1530 Inereseos
2596 1475 2816 1544 quidem
2849 1476 3011 1538 Deus,
3055 1474 3349 1528 hactenus.
3399 1472 3508 1527 Nos
3559 1487 3653 1522 au-

2081 1571 2193 1620 tem
2250 1565 2553 1621 secundum
2603 1567 2948 1636 Apostolum,
3008 1567 3102 1637 qui
3156 1568 3208 1622 in
3261 1567 3565 1620 libertatem
3622 1581 3652 1614 a

2083 1655 2306 1712 Christo
2335 1674 2525 1713 sumus
2569 1661 2773 1723 vocati,
2805 1661 2896 1730 qui
2945 1675 3045 1714 nos
3098 1659 3414 1714 ascrvitulc
3457 1657 3654 1710 libera-

2009 1785 2052 1839 Β
2084 1749 2160 1802 vit
2189 1750 2252 1814 ³³,
2302 1765 2424 1820 qua:
2465 1765 2657 1820 sapere
2687 1761 2739 1806 et
2777 1755 2980 1807 sentire
3007 1767 3074 1805 ex
3125 1749 3426 1820 Seripturis
3473 1747 3650 1803 edocti

2081 1856 2293 1904 sumus,
2329 1842 2517 1910 paucis
2545 1857 2831 1910 exponam.
2877 1843 2984 1910 Ego
3018 1839 3163 1895 enim
3189 1855 3253 1894 ex
3302 1839 3484 1892 divina
3521 1837 3653 1891 doc-

2079 1932 2224 1984 trina
2255 1931 2522 2001 impulsus
2561 1931 2844 1986 confidens
2892 1932 3212 2001 pronuntio,
3277 1929 3422 1999 quod
3476 1944 3656 1998 neque

2081 2038 2178 2075 nos
2203 2021 2421 2076 divinus
2455 2037 2636 2076 sermo
2667 2037 2857 2076 servos
2876 2035 2997 2075 esse
3027 2020 3160 2084 vult,
3190 2035 3313 2072 cum
3346 2024 3534 2072 nostra
3583 2018 3655 2070 sit

2081 2113 2134 2165 in
2180 2113 2374 2166 melius
2429 2119 2678 2182 reparata
2733 2119 2948 2164 natura.
3003 2109 3068 2163 Et
3095 2109 3187 2180 qui
3239 2109 3422 2160 omnia
3465 2113 3652 2165 nostra

2080 2205 2333 2274 sumpsit.
2381 2213 2440 2259 ut
2483 2220 2582 2259 sua
2617 2205 2776 2258 nobis
2824 2201 3158 2264 refunderet,
3193 2208 3251 2253 ut
3315 2199 3557 2258 morbos.
3601 2205 3654 2250 et

2082 2307 2334 2362 mortem,
2361 2307 2416 2352 et
2445 2296 2910 2358 maledictionem,
2933 2301 2987 2349 et
3027 2299 3331 2364 peccatum,
3352 2289 3430 2344 sic
3462 2295 3514 2342 et
3539 2303 3654 2342 ser-

2079 2389 2303 2443 vitutem
2333 2389 2506 2458 cepit:
2540 2403 2650 2441 non
2681 2387 2828 2454 quod
2863 2387 2980 2456 ipse
3008 2385 3231 2439 haberet
3251 2398 3312 2436 ea
3341 2396 3462 2450 qua:
3487 2379 3653 2448 cepit.

2079 2479 2172 2532 sed
2210 2487 2267 2530 ut
2293 2488 2547 2532 naturam
2575 2476 2779 2530 talibus
2820 2475 3088 2544 expiaret,
3139 2471 3405 2526 obsoletis
3447 2477 3502 2523 et
3555 2485 3653 2522 ex-

2077 2573 2302 2641 punctis
2367 2570 2422 2623 in
2478 2576 2680 2622 natura
2731 2565 3128 2636 incorruptibili
3188 2565 3256 2618 iis
3310 2579 3430 2633 qua:
3468 2573 3654 2616 nostra

2078 2671 2228 2718 sunt.
2257 2662 2415 2716 Sicut
2469 2660 2635 2730 igitur
2667 2659 2721 2713 in
2757 2659 2864 2714 vita
2903 2675 3024 2728 qua:
3072 2669 3344 2726 speratur,
3397 2669 3504 2707 non
3553 2652 3656 2706 erit

2079 2753 2325 2813 morbus.
2357 2765 2462 2804 non
2485 2748 2860 2813 maledictum,
2885 2763 2993 2801 non
3015 2755 3316 2816 peccatum,
3339 2759 3448 2797 non
3467 2755 3652 2796 mors:

2078 2847 2158 2898 sic
2187 2845 2254 2898 ad
2285 2843 2641 2897 abolitionem
2671 2855 2796 2896 cum
2827 2840 2911 2895 his
2942 2841 3106 2894 etiam
3131 2838 3367 2894 servitus
3382 2834 3654 2890 deveniat.

2077 2933 2232 3000 Quod
2265 2941 2443 2988 autem
2473 2932 2588 2986 haec
2619 2947 2744 2986 vera
2781 2930 2924 2991 dico.
2959 2931 3132 2999 ipsam
3167 2929 3233 2982 ad
3276 2925 3662 2983 testimonium

2078 3027 2360 3080 veritatem
2389 3040 2545 3090 voco,
2573 3038 2696 3094 qua:
2718 3023 2794 3076 ait
2823 3023 2888 3076 ad
2933 3022 3238 3090 discipulos
3259 3037 3272 3072 :
3291 3019 3418 3074 Jam
3451 3035 3552 3072 non
3573 3019 3668 3072 di-

397 3093 568 3162 θητάς
591 3133 606 3156 ,
654 3095 733 3146 ὅτι
768 3096 975 3148 Οὐκέτι
1007 3097 1170 3150 καλῶ
1199 3098 1353 3167 ὑμᾶς
1375 3099 1648 3166 δούλους,
1678 3103 1839 3156 ἀλλὰ
1876 3107 1969 3173 επ-

2075 3134 2191 3169 cam
2224 3134 2310 3170 vos
2344 3133 2540 3181 servos,
2568 3115 2658 3169 sed
2688 3115 2886 3168 amicos
2919 3117 2965 3146 ²⁰
2994 3154 3006 3166 .
3041 3112 3095 3166 Si
3118 3115 3284 3183 igitur
3313 3113 3366 3168 id
3393 3113 3542 3182 quod
3563 3127 3652 3164 se.-

399 3188 568 3248 .lovc.
624 3185 684 3237 Εἰ
714 3181 806 3238 οὖν
835 3187 895 3240 τὸ
934 3187 1056 3240 καθ’
1084 3190 1230 3259 ἡμᾶς
1268 3191 1418 3244 ἔσται
1447 3192 1574 3244 ποτε
1605 3193 1698 3244 τοῦ
1730 3195 1827 3263 τῆς
1851 3195 1974 3248 δου-

397 3273 545 3338 λείας
573 3276 804 3340 ὀνείδους
821 3276 1122 3348 ἐλεύθερον,
1155 3279 1270 3342 πῶς
1297 3279 1325 3330 6
1349 3277 1442 3332 τοῦ
1472 3281 1674 3342 παντὸς
1698 3284 1975 3356 Δεσπότης

395 3371 548 3438 παρά
585 3370 681 3439 τῆς
716 3369 1098 3440 παραπληξίας
1137 3388 1196 3423 τε
1228 3375 1320 3426 καὶ
1361 3373 1556 3442 μανίας
1606 3374 1713 3427 τῶν
1747 3376 1970 3449 ἐξεστη-

399 3459 569 3510 κότων
598 3460 800 3512 τούτων
841 3462 1292 3528 καταδουλοῦται;
1333 3463 1398 3518 Οἳ
1430 3466 1568 3518 κατὰ
1593 3467 1652 3518 τό
1683 3467 1971 3522 ἀκόλουθον

397 3553 635 3616 πάντως,
680 3553 798 3605 οὐδὲ
831 3552 1120 3618 γινώσκειν
1145 3555 1305 3607 αὑτὸν
1335 3557 1402 3608 τὰ
1434 3556 1528 3608 τοῦ
1556 3559 1768 3630 Πατρδς
1807 3558 1973 3628 διορί-

396 3642 598 3708 ζονται,
627 3644 714 3696 διὰ
741 3645 838 3717 τὴν
875 3663 938 3698 πε
950 3645 1000 3715 pi.
1028 3646 1136 3698 τῶν
1169 3646 1369 3700 δούλων
1398 3649 1690 3717 ἀπόφασιν,
1723 3653 1756 3720 ἦ
1785 3669 1970 3718 φησιν,

395 3739 476 3790 ὅτι
510 3737 538 3788 ὁ
571 3737 752 3800 δοῦλος
791 3739 889 3790 οὐκ
919 3735 1024 3792 οἶδε
1053 3740 1104 3792 τί
1135 3745 1277 3791 ποιεῖ
1309 3744 1336 3794 ὁ
1385 3741 1569 3812 κύριος
1603 3743 1788 3796 αὑτοῦ.
1833 3745 1972 3797 Ἀλλ’

395 3832 522 3883 ὅταν
555 3829 724 3882 ταῦτα
753 3829 1001 3898 λέγωσιν,
1029 3833 1414 3886 ἀκουσάτωσαν
1440 3835 1520 3886 ὅτι
1553 3836 1728 3889 πάντα
1759 3838 1814 3887 ὲν
1847 3838 1973 3889 ἑαυ-

395 3920 472 3989 τῷ
501 3921 566 3974 τὰ
593 3920 685 3973 τοῦ
717 3923 925 3992 Πατρός
946 3925 973 3975 6
1013 3923 1138 3985 Υἱὸς
1171 3923 1301 3993 ἔχει,
1337 3926 1428 3978 καὶ
1465 3927 1636 3979 πάντα
1663 3927 1848 3996 βλέπει
1872 3929 1970 3980 ὅσα

393 4016 425 4065 ό
453 4014 640 4082 Πατὴρ
680 4016 840 4076 ποιεῖ,
870 4016 962 4066 καὶ
993 4015 1140 4067 οὐδὲν
1169 4016 1276 4068 τῶν
1315 4018 1593 4088 πατρικῶν
1625 4019 1842 4086 ἀγαθῶν
1869 4019 1971 4086 ἔξω

394 4104 493 4174 τῆς
547 4105 640 4156 τοῦ
667 4105 999 4172 Μονογενοῦς
1052 4107 1166 4158 ἐστι
1193 4107 1461 4176 γνώσεως.
1527 4109 1652 4173 Πῶς
1684 4112 1792 4182 γὰρ
1825 4113 1887 4166 ἄν
1919 4130 1970 4164 τι

395 4192 490 4250 τοῖ
514 4196 724 4266 Πατρδς
751 4198 824 4266 μὴ
852 4197 984 4268 ἔχοι,
1011 4198 1128 4251 ὅλον
1163 4198 1299 4270 ἔχων
1329 4203 1386 4252 ἐν
1411 4202 1586 4272 ἐαυτῷ
1613 4203 1705 4256 τὸν
1731 4205 1968 4273 Πατέρα;

394 4286 604 4340 Οὐκοῦν
637 4289 685 4340 εἰ
718 4287 900 4352 δοῦλος
951 4289 1048 4359 μὲν
1076 4289 1136 4342 οὐ
1166 4290 1422 4358 γινώσκει
1463 4291 1514 4344 τί
1549 4296 1691 4345 ποιεῖ
1726 4296 1754 4347 6
1785 4294 1973 4347 δεσπό-

395 4397 514 4450 της,
544 4379 572 4430 6
601 4379 658 4432 δὲ
682 4380 856 4434 πάντα
883 4381 938 4434 ὲν
966 4379 1143 4451 ἑαυτῷ
1171 4379 1238 4434 τά
1265 4381 1358 4433 τοῦ
1391 4383 1602 4454 Πατρός
1638 4383 1770 4454 ἔχει.
1798 4383 1970 4454 νηφά-

393 4471 574 4524 τωαάν
604 4488 734 4522 ποτε
767 4473 816 4523 οἱ
845 4473 910 4541 τῇ
943 4471 1080 4542 μέθῃ
1109 4472 1435 4543 παράφοροι,
1461 4475 1554 4526 καὶ
1585 4475 1968 4545 ἀναῦλεψάτω-
2002 4462 2046 4517 D

397 4579 496 4616 σαν
516 4561 609 4616 νῦν
625 4560 753 4628 γοῦν
773 4561 908 4633 πρὸς
922 4562 1018 4634 τὴν
1041 4563 1316 4634 ἀλήθειαν.
1335 4566 1455 4618 ’Ὀτι
1478 4567 1506 4617 6
1531 4567 1706 4620 πάντα
1724 4567 1860 4637 ἔχων
1883 4568 1969 4637 ἐφ’

393 4653 589 4708 ἑαυτοῦ
619 4654 962 4725 χαρακτῆρα,
998 4657 1092 4709 καὶ
1117 4659 1144 4710 ὀ
1172 4657 1265 4710 τοῦ
1295 4659 1494 4720 παντὸς
1541 4659 1858 4728 βασιλεύων,
1893 4663 1968 4733 μὴ

393 4743 652 4812 ὁμότιμον
683 4743 793 4813 ἔχει
825 4744 1000 4816 ἐαυτῷ
1038 4745 1135 4816 τὴν
1185 4749 1418 4818 μορφήν.
1457 4749 1526 4800 Ἦ
1559 4750 1676 4814 πῶς
1713 4753 1745 4820 ἡ
1776 4753 1968 4823 ἀτιμία

394 4837 493 4906 τῆς
527 4837 784 4906 ἀληθινῆς
809 4838 1180 4905 ἀπαυγάζεται
1210 4839 1367 4907 δόξης
1392 4859 1406 4907 ;
1445 4841 1662 4910 Ἀτιμία
1689 4844 1797 4916 γάρ
1821 4846 1968 4899 ἐστιν

395 4929 428 4998 ἡ
457 4928 686 4981 δουλεία.
745 4928 866 4992 Πῶς
895 4929 948 4982 δὲ
973 4931 1000 4982 6
1031 4929 1122 4982 τοῦ
1157 4929 1418 4999 βασιλέως
1451 4932 1576 4997 Υἱὸς
1616 4937 1696 4997 είς
1723 4935 1966 4991 δουλείαν

393 5022 683 5089 γεννᾶται;
721 5023 821 5074 οὐκ
847 5021 960 5072 ἐστι
989 5019 1178 5085 ταῦτα,
1215 5025 1312 5076 οὐκ
1335 5023 1500 5078 ἔστιν.
1569 5025 1706 5078 Ἀλλ’
1740 5027 1816 5091 ὡς
1851 5029 1966 5098 φῶς

394 5115 459 5164 ἐκ
504 5110 701 5179 φωτὸς,
741 5111 834 5163 καὶ
881 5109 993 5181 ζωὴ
1033 5111 1097 5162 ἐκ
1128 5109 1288 5181 ζωῆς,
1333 5111 1389 5178 ἐξ
1432 5113 1688 5184 ἀληθείας
1716 5117 1962 5188 ἀλήθεια,

393 5201 538 5255 οὕτω
565 5203 658 5256 καὶ
687 5205 750 5255 ἐκ
781 5204 984 5272 Κυρίου
1023 5202 1245 5274 Κύριος,
1285 5203 1538 5272 βασιλεὺς
1583 5209 1646 5259 ἐκ
1681 5207 1967 5277 βασιλέως,

396 5297 460 5347 ὲκ
503 5294 637 5346 Θεοῦ
671 5294 822 5358 Θεὸς,
877 5293 936 5361 ἐξ
981 5295 1272 5347 ἀδεσπότου
1311 5296 1641 5362 ἀδέσποτοςο
1693 5299 1811 5352 ὅλον
1861 5301 1970 5373 γὰρ

397 5385 535 5455 ἔχων
572 5388 628 5438 ἐν
665 5387 840 5454 ἑαυτῷ
883 5385 972 5439 τὸν
1003 5387 1240 5454 Πατέρα,
1278 5389 1328 5440 εἴ
1365 5405 1416 5440 τι
1447 5390 1474 5440 ὁ
1503 5391 1692 5460 Πατὴρ
1751 5391 1864 5461 ἔχει
1913 5398 1971 5446 ὲν

394 5476 594 5546 ἑαυτῷ,
645 5478 859 5541 παντως
903 5478 1034 5547 ἔχει,
1080 5483 1174 5530 καὶ
1200 5479 1384 5548 ἐπειδὴ
1429 5479 1605 5534 πάντα
1633 5481 1728 5534 τοῦ
1759 5484 1970 5554 Πατρός

395 5567 574 5630 ἐστιν,
620 5567 718 5620 ὅσα
747 5569 840 5622 καὶ
877 5571 904 5622 6
929 5569 1054 5632 Υἱὸς
1091 5567 1224 5638 ἔχει,
1264 5569 1474 5640 ἀνάγκη
1509 5573 1656 5624 πᾶσα
1686 5573 1835 5644 παρά
1861 5575 1969 5628 τῶν

395 5657 604 5730 ἐχθρῶν
631 5659 728 5729 τῆς
749 5657 843 5712 τοῦ
873 5661 1006 5713 Θεοῦ
1039 5661 1216 5732 δόξης,
1253 5661 1410 5733 εἴπερ
1432 5664 1459 5714 6
1485 5662 1610 5726 Υἱὸς
1637 5663 1838 5730 δοῦλος,
1875 5667 1970 5719 καὶ

473 5840 516 5872 ⁸³
563 5838 721 5895 Rom.
785 5856 904 5906 vni,
935 5841 1022 5897 13.
1101 5843 1140 5876 ³³
1174 5843 1291 5899 Gal.
1325 5862 1372 5912 v,
1407 5845 1496 5900 26.
1529 5861 1650 5917 sqq.

2077 3203 2315 3256 cundum
2352 3219 2453 3259 nos
2501 3214 2585 3259 est
2625 3204 2919 3272 aliquando
2968 3218 2997 3256 a
3047 3203 3326 3258 servitutis
3364 3201 3654 3271 opprobrio

2073 3293 2177 3348 erit
2207 3292 2460 3359 liberum,
2495 3294 2769 3364 quomodo
2799 3295 3040 3348 universi
3078 3293 3340 3347 Dominus
3373 3307 3400 3345 a
3434 3293 3652 3361 percul-

2073 3383 2227 3436 sione
2250 3389 2304 3436 et
2335 3383 2550 3437 insania
2582 3383 2776 3437 horum
2815 3383 3149 3437 furiosorum
3185 3390 3240 3436 et
3290 3384 3490 3436 mentis
3547 3382 3648 3434 im-

2072 3483 2259 3542 petum
2302 3473 2356 3527 in
2398 3474 2717 3528 servitutem
2777 3473 3072 3543 redigitur?
3102 3473 3192 3542 qui
3247 3469 3545 3526 secundum
3599 3469 3659 3522 id.

2072 3565 2214 3634 quod
2271 3565 2629 3634 consequitur
2659 3581 2888 3636 prorsus
2941 3565 3118 3633 ipsum
3159 3579 3267 3617 non
3315 3577 3652 3631 cognoscere

2072 3671 2194 3725 qua:
2234 3665 2362 3710 sunt
2418 3655 2600 3710 Patris
2647 3656 3053 3722 determinant;
3115 3665 3336 3726 propter
3375 3655 3527 3708 illam
3585 3655 3652 3707 de

2073 3749 2247 3803 servis
2276 3750 2604 3803 sententiam
2638 3763 2759 3818 qum
2789 3748 2882 3808 ait.
2909 3747 3054 3816 quod
3088 3763 3280 3800 servus
3309 3746 3484 3799 nescit
3521 3744 3650 3813 quid

2071 3839 2326 3894 dominus
2360 3853 2494 3893 suus
2533 3837 2701 3890 facit:
2743 3837 2836 3890 Sed
2871 3852 2996 3890 cum
3029 3836 3142 3888 hzec
3165 3836 3377 3896 dicunt.
3425 3835 3652 3887 audiant

2071 3932 2216 4000 quod
2254 3931 2436 3986 omnia
2471 3931 2524 3983 in
2552 3929 2736 3998 seipso
2773 3945 2893 3998 qua:
2935 3937 3064 3982 sunt
3094 3927 3295 3986 Patris.
3340 3925 3512 3981 Filius
3558 3929 3654 3980 ha-

2072 4025 2182 4085 bet.
2225 4031 2281 4078 et
2325 4024 2508 4076 omnia
2541 4021 2766 4090 respicit
2817 4035 2938 4089 qua:
2988 4019 3149 4072 Pater
3204 4021 3354 4079 facit.
3408 4019 3662 4083 nihilque-

2075 4123 2427 4184 paternorum
2455 4113 2721 4165 bonorum
2756 4118 2840 4164 est
2869 4119 3023 4164 extra
3057 4107 3332 4178 Unigeniti
3384 4107 3652 4178 cognitio-

2073 4221 2218 4260 nem.
2265 4203 2552 4270 Quomodo
2589 4204 2734 4256 enim
2794 4201 3003 4269 aliquid
3058 4202 3232 4254 Patris
3286 4216 3394 4254 non
3429 4199 3648 4258 haheat.

2073 4299 2167 4367 qui
2198 4306 2368 4350 totum
2397 4297 2449 4349 in
2477 4296 2658 4365 seipso
2698 4292 2915 4348 Patrem
2946 4293 3149 4346 habet?
3187 4293 3323 4358 Ergo
3365 4292 3410 4348 si
3455 4307 3658 4346 servus-

2075 4405 2181 4444 non
2223 4385 2505 4457 cognoscit
2542 4385 2671 4455 quid
2705 4385 2866 4439 faciat
2895 4385 3174 4444 dominus.
3205 4383 3290 4437 hic
3323 4391 3501 4436 autem
3529 4397 3648 4436 om-

2075 4481 2164 4535 nia
2199 4481 2252 4533 in
2288 4481 2468 4549 seipso
2507 4493 2628 4547 qua:
2657 4485 2786 4532 sunt
2827 4475 3007 4532 Patris
3059 4477 3262 4532 habet:
3317 4474 3483 4529 sobrii
3536 4475 3648 4528 sint

2076 4571 2294 4626 tandem
2327 4571 2420 4641 qui
2469 4569 2736 4624 ebrietate
2763 4570 2910 4639 capti
2949 4569 3248 4631 insaniunt,
3295 4577 3350 4622 et
3393 4583 3542 4622 mine
3585 4568 3640 4620 in

2075 4661 2358 4716 veritatem
2383 4661 2574 4714 oculos
2597 4667 2947 4714 convertant.
2987 4657 3140 4724 Quod
3181 4659 3272 4724 qui
3307 4674 3524 4711 omnem
3553 4659 3649 4711 ha-

2074 4754 2165 4810 bet
2200 4754 2256 4808 in
2290 4753 2474 4823 seipso
2503 4752 2901 4814 characterem,
2926 4759 2979 4803 et
3011 4751 3102 4820 qui
3139 4750 3378 4804 universi
3407 4765 3499 4802 rex
3541 4757 3648 4808 est.

2077 4861 2188 4900 non
2234 4845 2442 4898 honore
2487 4857 2671 4914 parem
2723 4842 2886 4895 habet
2922 4843 2976 4895 in
3025 4843 3208 4910 seipso
3257 4841 3521 4906 formam;
3563 4840 3646 4893 vel

2075 4939 2351 5013 quomodo
2377 4937 2671 5008 ignominia
2700 4949 2728 4988 a
2759 4951 2885 4988 vera
2918 4933 3090 5003 gloria
3125 4933 3412 5004 Splenderc
3437 4933 3649 5002 potest?

2073 5030 2371 5103 Ignominia
2391 5029 2536 5084 enim
2559 5035 2642 5084 est
2675 5027 2932 5081 servitus.
2967 5023 3252 5090 Quomodo
3277 5033 3458 5078 autem
3503 5025 3648 5094 regis

2073 5121 2314 5178 Filiusin
2338 5119 2652 5174 servitutem
2689 5116 2974 5186 gignitur?
3021 5115 3137 5170 haec
3183 5129 3292 5168 non
3340 5125 3489 5178 sunt,
3535 5131 3648 5169 non

2067 5221 2196 5271 sunt
2223 5213 2360 5274 hare.
2383 5211 2478 5266 sed
2505 5219 2563 5264 nt
2589 5211 2679 5264 lux
2709 5210 2778 5264 de
2798 5211 2936 5272 lure.
2971 5211 3079 5263 vita
3106 5209 3172 5262 de
3203 5209 3336 5269 vita.
3369 5217 3425 5263 et
3459 5225 3524 5262 ex
3551 5225 3642 5262 ve-

2069 5305 2230 5358 ritate
2256 5304 2458 5357 veritas
2484 5322 2497 5356 :
2529 5303 2608 5356 sic
2631 5317 2696 5356 ex
2725 5301 2952 5354 Domino
2981 5298 3266 5359 Dominus.
3303 5316 3397 5352 rex
3443 5313 3512 5354 ex
3557 5313 3644 5352 το·-

2069 5412 2154 5466 ge,
2186 5412 2250 5450 ex
2279 5394 2390 5450 Deo
2425 5394 2590 5455 Deus.
2629 5411 2696 5448 ex
2739 5393 2909 5447 libero
2947 5393 3105 5452 liber.
3147 5401 3320 5446 totum
3365 5391 3510 5444 enim
3547 5389 3647 5444 ha-

2068 5487 2204 5540 bens
2229 5487 2282 5539 in
2315 5485 2497 5554 seipso
2525 5483 2766 5540 Patrem.
2801 5484 2848 5537 si
2881 5481 3008 5551 quid
3043 5482 3204 5537 Pater
3229 5483 3282 5536 in
3337 5481 3520 5549 seipso
3547 5479 3644 5534 ha~

2073 5579 2182 5642 bet,
2211 5593 2440 5648 prorsus
2463 5579 2644 5632 omnia
2672 5577 2854 5630 habet.
2895 5575 2962 5628 Et
2984 5575 3243 5646 quoniam
3291 5573 3476 5628 omnia
3517 5585 3648 5628 sunt

2075 5668 2256 5725 Patris
2284 5683 2624 5740 quaecunque
2655 5667 2818 5723 habet
2861 5665 3056 5734 Filius,
3089 5683 3316 5723 necesse
3341 5673 3425 5721 est
3465 5665 3644 5720 omni—

1747 5845 1790 5878 ¹⁰
1816 5843 1971 5900 Joan.
2004 5861 2096 5912 xv,
2155 5845 2242 5899 13.
