4142 6374
483 451 579 508 851

1729 465 1786 514 δ.
1827 458 2155 518 GHEGORII
2196 460 2491 518 NYSSENI

3642 469 3749 525 852

485 585 554 624 no
580 570 648 624 ab
686 570 920 626 inimicis
944 574 1131 644 gloria:
1166 573 1282 638 Dei,
1313 578 1358 631 si
1390 578 1606 646 quidrm
1649 577 1821 634 Filius
1870 595 2063 634 servus

2172 579 2256 632 τὸν
2283 581 2500 652 Πατέρα
2534 582 2612 646 εἰς
2639 581 2882 636 δουλείαν
2910 583 3263 652 κατάγεσθαι.
3297 585 3466 638 Οὐδὲν
3495 584 3605 656 γάρ
3629 589 3744 640 ἐστι

481 670 589 725 est,
621 661 788 716 etiam
824 662 1040 719 Patrem
1076 667 1130 720 in
1167 669 1484 723 servitutem
1516 670 1702 740 redigi.
1741 671 1884 725 l\'ihil
1907 673 2054 726 enim

483 760 568 807 est
599 770 788 808 eorum
823 772 944 824 quae
976 758 1029 812 in
1067 757 1227 818 Filio,
1261 769 1600 829 spectantur,
1655 762 1801 831 quod
1833 778 2058 831 prorsus

485 861 592 899 non
617 846 688 900 sit
717 846 912 902 Patris.
947 850 1142 904 Omnia
1179 853 1346 917 enim,
1389 855 1487 916 ait,
1533 872 1649 908 mea
1688 864 1779 908 tua
1816 867 1957 920 sunt,
2010 865 2059 909 et

485 947 578 992 tua
608 957 721 993 mea
751 942 819 995 ".
853 941 995 1005 Quid
1030 946 1195 1013 igitUr
1221 947 1412 1001 miselli
1449 947 1681 1002 diecnt?
1722 949 1864 1015 Quid
1896 950 2062 1020 igitur

486 1029 658 1095 magis
687 1041 1120 1087 consentaneum
1147 1032 1338 1090 Filium
1391 1039 1539 1107 regia
1579 1035 1755 1094 Patris
1797 1049 2063 1109 potestate

485 1117 799 1181 clariﬁcari,
825 1122 915 1190 qui
940 1122 1111 1176 dixit:
1139 1122 1332 1178 Omnia
1364 1134 1456 1180 tua
1493 1143 1609 1182 mea
1635 1138 1782 1191 sunt,
1807 1141 1860 1182 et
1893 1131 2058 1183 clari-

488 1209 681 1266 ﬁcatus
712 1228 832 1266 sum
862 1214 914 1266 in
949 1215 1206 1283 ipsis,vel
1224 1215 1433 1271 Patrem
1455 1220 1754 1288 ignominia
1787 1223 1857 1276 oh
1888 1223 2060 1276 servi-

488 1310 660 1356 tutem
694 1301 816 1357 Filii
873 1307 1270 1362 contumeliose
1305 1309 1482 1362 allici?
1510 1310 1626 1366 Non
1658 1313 1802 1366 enim
1860 1329 1958 1383 par
1983 1325 2066 1368 est

486 1409 612 1449 eum
651 1396 743 1464 qui
774 1399 956 1451 omnia
980 1414 1099 1468 quae
1149 1407 1278 1453 sinit
1337 1400 1456 1454 Filii
1486 1403 1536 1455 in
1600 1404 1779 1472 seipso
1821 1405 2062 1474 comple-

488 1485 676 1544 ctitur.
705 1495 758 1540 et
779 1487 871 1555 qui
903 1489 1019 1558 ipse
1045 1497 1129 1544 est
1151 1490 1201 1544 in
1223 1489 1382 1554 Filio,
1401 1509 1510 1546 non
1537 1495 1698 1548 etiam
1733 1496 1785 1548 in
1807 1497 2067 1553 servitute

490 1575 613 1632 Filii
639 1594 865 1648 prorsus
885 1596 1027 1645 esse,
1046 1590 1212 1652 atque
1236 1583 1290 1637 in
1317 1585 1498 1654 seipse
1514 1587 1830 1641 servitutem
1849 1587 2064 1643 habere.

490 1667 614 1725 Haec
656 1678 789 1724 sunt
818 1673 1078 1742 przeclara
1115 1673 1368 1729 Eunomii
1409 1678 1689 1756 sapientiae
1714 1679 2064 1743 documenta,

488 1778 586 1829 per
609 1777 750 1831 qute,
794 1764 922 1817 dum
965 1768 1231 1821 servitute
1259 1769 1940 1824 contumeliosedeiormat
1965 1770 2069 1824 Do-

490 1854 720 1915 minum,
751 1857 1000 1913 eamdem
1034 1858 1389 1927 ignominiam
1445 1862 1851 1933 incorruptibili
1880 1865 2069 1935 gloriae

489 1940 670 1999 Patris
699 1944 886 2000 inurit.

562 2034 669 2090 Sed
698 2053 890 2092 rursus
918 2039 982 2092 ad
1006 2056 1066 2095 ea
1082 2056 1204 2110 qua:
1222 2041 1277 2096 in
1295 2043 1516 2113 scriptis
1554 2054 1858 2114 sequuntur
1879 2062 2066 2101 recur-

493 2141 700 2184 ramus.
743 2129 885 2196 Quid
921 2131 1058 2186 dicit
1100 2132 1168 2188 de
1205 2132 1494 2205 Unigenito
1534 2136 1880 2193 Eunomius?
1920 2139 2066 2207 quod

493 2219 598 2274 sibi
631 2235 737 2273 non
769 2221 909 2275 hanc
934 2223 1252 2290 dignitatem
1270 2227 1543 2293 vindicat;
1575 2229 1890 2299 dignitatem
1919 2232 2064 2285 enim

491 2311 738 2364 nominat
765 2312 886 2382 ejus
911 2315 1002 2382 qui
1027 2324 1109 2369 est
1135 2318 1568 2385 appellationem.
1610 2320 1654 2373 0
1689 2321 2065 2376 admirabilem

495 2403 888 2475 philosophiam
917 2409 929 2461 !
965 2406 1096 2474 Quis
1124 2427 1360 2480 unquam
1399 2421 1516 2481 post
1544 2414 1822 2468 hominum
1859 2432 2066 2472 memo—

493 2497 652 2562 riam,
707 2499 822 2553 sive
872 2501 1015 2570 apud
1068 2500 1310 2567 Graecos,
1363 2504 1480 2558 sive
1534 2505 1676 2574 apud
1727 2505 2063 2561 barbaricam

491 2589 892 2660 philosophiam
927 2609 941 2645 :
970 2592 1094 2662 quis
1121 2603 1367 2649 nostrum
1389 2635 1403 2657 ,
1436 2597 1561 2664 quis
1596 2598 2067 2653 omniumaelatum

493 2681 796 2746 hominum,
823 2698 1023 2738 nomen
1044 2683 1324 2754 dignitatis
1345 2687 1456 2740 enti
1475 2688 1767 2758 imposuit?
1794 2689 2067 2759 Quidquid

492 2773 636 2826 enim
655 2773 990 2830 exsistensin
1009 2790 1189 2830 rerum
1209 2784 1403 2830 natura
1422 2779 2070 2843 consideratur,rommu-

495 2865 584 2919 nis
630 2865 884 2934 loquendi
916 2868 1278 2930 consuetudo,
1319 2884 1440 2923 esse
1472 2871 1604 2922 dicit
1643 2885 1656 2920 :
1713 2886 1742 2922 a
1768 2869 1935 2925 verbo
1969 2887 2070 2924 au-

495 2963 604 3011 tem
628 2973 788 3024 esse,
813 2961 955 3014 entis
989 2961 1360 3015 denominatio
1392 2962 1616 3015 formata
1646 2972 1750 3018 est.
1793 2965 1895 3018 Sed
1925 2981 2070 3020 nunc

496 3061 638 3102 novo
688 3049 983 3104 locutionis
1027 3066 1249 3119 genere,
1307 3066 1407 3121 pro
1454 3055 1596 3106 entis
1649 3055 2092 3124 signiﬁcatione,.

496 3154 598 3194 vox
634 3141 918 3210 dignitatis
976 3152 1310 3212 usurpatur:
1343 3145 1472 3198 dicit
1525 3150 1668 3199 enim
1721 3145 1915 3200 Filium
1961 3163 2069 3202 non

495 3227 601 3284 sibi
652 3229 934 3285 vindicare
980 3233 1325 3303 dignitatem,
1377 3237 1471 3304 qui
1517 3252 1613 3304 per
1658 3235 1868 3291 Patrem
1904 3238 2070 3294 estet

495 3319 664 3385 vivit;
719 3322 810 3390 qui
855 3339 1034 3392 neque
1084 3325 1424 3395 Scripturam
1476 3329 1636 3383 Ituth
1685 3331 1749 3383 ad
1803 3334 2075 3387 sermonis

501 3414 863 3482 patrocinium
905 3423 960 3470 et
995 3416 1392 3482 defensionem,
1450 3435 1627 3491 neque
1689 3440 1784 3492 per
1839 3425 2074 3494 aliquam

500 3507 948 3576 consequentiam
991 3508 1058 3562 ad
1107 3509 1250 3563 hanc
1277 3512 1574 3566 amentiam
1607 3530 1914 3568 sermonem
1948 3532 2074 3584 pro-

499 3597 676 3665 (luxit,
704 3599 799 3653 sed
835 3601 1001 3654 veluti
1038 3599 1382 3657 ﬂatulentum
1412 3604 1732 3659 alimentum
1773 3606 2076 3662 visceribus

455 3706 465 3718 ‘
500 3691 774 3759 ingerens,
816 3691 1144 3763 indigestum
1190 3709 1292 3750 nec
1322 3695 1536 3752 ratione
1581 3699 1900 3753 conclusum
1932 3701 2078 3752 velut

500 3784 789 3850 quemdam
812 3793 1010 3838 tetrum
1029 3786 1242 3859 ﬂatum,
1267 3787 1660 3856 blasphemiam
1683 3801 1910 3845 eructat.
1936 3791 2076 3858 Non,

500 3875 696 3941 inquit,
728 3876 890 3930 talem
925 3876 1246 3947 dignitatem
1293 3880 1394 3932 sibi
1443 3882 2082 3937 attribuit:concedatur

501 3967 628 4036 ipsi,
675 3983 775 4022 ens
825 3967 1147 4035 dignitatem
1196 3972 1490 4024 nominari.
1535 3971 1676 4034 Quid
1728 3973 1932 4043 igitur?
1986 3977 2079 4044 qui

499 4069 604 4120 est.
637 4074 760 4114 esse
795 4075 902 4114 non
933 4061 1035 4115 sibi
1065 4063 1342 4131 proprium
1376 4063 1850 4131 l‘acit?Quoniam.
1877 4066 2078 4136 inquit,

503 4165 600 4219 per
635 4149 851 4205 Patrem
913 4160 1016 4206 est.
1074 4151 1213 4222 Ergo
1280 4169 1390 4206 non
1436 4168 1559 4209 esse
1591 4155 1732 4210 dicis
1791 4173 1938 4218 ειιιιι,
1987 4158 2082 4226 qui

501 4257 625 4297 esse
659 4242 762 4298 sibi
806 4258 910 4297 non
952 4244 1236 4298 vindieat?
1288 4245 1421 4299 Nam
1460 4262 1568 4301 non
1613 4263 1736 4302 csse
1774 4250 2078 4318 proprium,

501 4342 556 4388 et
593 4335 830 4388 alienum
863 4351 989 4390 esse
1040 4335 1179 4390 idem
1227 4337 1498 4405 signiﬁcat
1540 4358 1552 4392 :
1586 4349 1639 4393 et
1673 4339 1961 4395 manifesta
2003 4342 2081 4396 si-

501 4427 885 4496 gniticatorum
913 4431 1191 4482 contraria
1218 4429 1549 4484 diﬂ‘erentia.
1593 4432 1747 4497 Quod
1783 4433 1928 4487 enim
1967 4449 2085 4503 pro-

504 4520 683 4589 prium
724 4534 832 4574 non
878 4528 985 4585 est,
1026 4520 1305 4586 alienum;
1355 4532 1408 4574 et
1457 4523 1602 4591 quod
1658 4524 1917 4585 alienum,
1973 4541 2081 4580 non

2160 673 2268 726 τῶν
2296 675 2352 725 ἐν
2376 673 2454 744 τῷ
2486 675 2597 744 Υίῴ
2631 675 3039 746 θεωρουμένων,
3070 676 3097 728 ὃ
3140 676 3214 746 μὴ
3264 677 3357 729 τοῦ
3387 678 3598 748 Πατρός
3631 681 3744 731 ἐστι

2162 763 2398 825 πάντως.
2441 763 2641 818 Πάντα
2679 766 2817 835 πὰρ,
2857 767 3023 834 φησι,
3059 767 3130 820 τὰ
3155 768 3267 836 ἐμὰ
3298 769 3413 828 σὰ.
3442 768 3637 823 καὶτὰ
3663 771 3745 824 σὰ

2160 855 2292 924 ἐμά.
2318 857 2382 908 Τί
2410 853 2502 910 οὖν
2532 859 2745 920 ἐροῦι*.ν
2775 859 2825 912 οἰ
2853 857 3110 923 δείλαιοι;
3153 860 3218 911 Τί
3246 855 3337 912 οὖν
3377 861 3743 931 εὐλογώτερον

2161 948 2252 1000 τὸν
2277 949 2404 1000 Υἰὸν
2421 952 2485 1019 τῇ
2519 951 2763 1020 βασιλείᾳ
2789 950 2881 1003 τοῦ
2905 950 3116 1021 Πατρὺς
3145 951 3525 1019 ἐνδοξάζεσθαι
3553 957 3644 1006 τὸν
3669 957 3744 1006 εί-

2166 1038 2356 1099 πόντα.
2393 1041 2473 1093 ὅτι
2501 1040 2580 1094 Τά
2609 1041 2675 1095 σὰ
2704 1041 2813 1111 ἐμά
2833 1061 2846 1075 α
2887 1042 2980 1095 καὶ
3015 1043 3336 1113 δεδόξασμαι
3371 1044 3428 1096 ἐν
3459 1045 3640 1104 αὐτοῖς
3665 1062 3677 1073 ·
3709 1045 3742 1115 ἦ

2164 1129 2256 1182 τὸν
2285 1131 2504 1202 Πατέρα
2529 1135 2594 1201 τῇ
2620 1132 2811 1204 ἀτιμία
2831 1133 2932 1202 τῆς
2956 1133 3196 1197 δουλείας
3219 1134 3311 1187 τοῦ
3331 1134 3459 1188 Υίοῦ
3485 1135 3746 1204 καθυϐρίι

2167 1221 2352 1284 ζεσθαι
2375 1241 2385 1282 ;
2417 1223 2489 1274 Οὐ
2515 1223 2624 1295 γὰρ
2649 1227 2762 1280 ἐστι
2797 1225 2888 1277 τὸν
2913 1225 3089 1278 πάντα
3111 1227 3177 1278 τά
3199 1225 3288 1279 τοῦ
3319 1225 3450 1278 Υίοῦ
3481 1229 3536 1278 ἐν
3568 1226 3743 1296 ἑαυτῴ

2167 1314 2507 1384 περιέχοντα,
2537 1315 2630 1366 καὶ
2659 1315 2818 1368 αὐτὸν
2847 1317 2903 1368 ἐν
2932 1315 3009 1386 τῷ
3036 1317 3150 1388 mp
3178 1319 3326 1379 ὄντα,
3365 1317 3439 1387 μὴ
3469 1317 3560 1370 καί
3587 1319 3645 1369 ἐν
3675 1321 3740 1387 τῇ

2166 1407 2378 1478 δουλεία
2404 1407 2496 1460 τοῦ
2532 1407 2662 1460 Υίοῦ
2687 1409 2903 1472 πάντως
2932 1406 3091 1471 εἶναι,
3127 1411 3220 1462 καὶ
3247 1411 3304 1463 ἐν
3340 1409 3488 1480 αὐτῷ
3513 1411 3610 1480 τὴν
3632 1411 3746 1462 δου-

2167 1499 2316 1552 λείαν
2345 1499 2506 1570 ἐχειν.
2535 1500 2718 1553 Ταῦτα
2739 1501 2993 1573 κατορθοῖ
3011 1503 3096 1555 διὰ
3123 1503 3224 1573 τῆς
3247 1503 3435 1569 σοφίας
3461 1504 3740 1572 Εὐνόμιος,

2167 1590 2234 1642 δι’
2263 1585 2336 1644 ὧν
2385 1590 2702 1662 καθυϐρίζει
2752 1595 2815 1664 τῇ
2863 1593 3073 1663 δουλεία
3119 1594 3210 1646 τὸν
3243 1593 3478 1662 Κύριον,
3517 1594 3612 1666 τὴν
3642 1595 3744 1646 ait-

2165 1681 2263 1751 τὴν
2296 1683 2521 1753 ἀτιμίαν
2551 1686 2618 1754 τῇ
2659 1686 2919 1756 ἀκηράτῳ
2946 1682 3072 1757 δόξῃ
3113 1685 3206 1738 τοῦ
3236 1686 3447 1756 Πατρὺς
3486 1703 3745 1757 προστρι-

2169 1774 2229 1825 ϐό
2237 1791 2414 1843 μενος.

2242 2035 2383 2086 Ἀλλ’
2421 2037 2892 2108 ἐπαναδράμωμεν
2932 2039 3093 2092 πάλιν
3126 2039 3217 2091 ἐπὶ
3242 2039 3341 2110 τὴν
3373 2039 3481 2092 τῶν
3507 2055 3750 2111 γεγραμ-

2175 2127 2350 2200 μένων
2403 2129 2742 2183 ἀκολουθίαν.
2814 2131 2878 2183 Τί
2922 2131 3068 2198 λέγει
3115 2131 3243 2201 περὶ
3284 2131 3375 2184 τοῦ
3414 2132 3746 2201 Μονογενοῦς

2171 2226 2200 2275 ὁ
2228 2221 2521 2292 Εὐνόμιος;
2550 2222 2670 2274 ’Ὁτι
2708 2223 2808 2274 οὐκ
2844 2221 3138 2276 οἰκειοῦται
3178 2223 3379 2294 ταύτην
3421 2222 3518 2294 τὴν
3555 2223 3741 2287 ἀξίαν·

2175 2312 2332 2378 ἀξίαν
2375 2312 2484 2383 γάρ
2523 2313 2774 2384 ὀνομάζει
2816 2315 2915 2385 τὴν
2983 2315 3075 2368 τοῦ
3145 2315 3295 2379 ὗντος
3355 2315 3744 2387 προσηγορίαν.

2179 2404 2243 2455 Ὢ
2283 2405 2590 2474 παραλόγου
2644 2405 2990 2475 φιλοσοφίαςί
3048 2407 3131 2469 τίς
3170 2407 3277 2459 τῶν
3332 2408 3549 2462 πώποτε
3589 2423 3743 2476 γεγο-

2174 2496 2340 2549 νότων
2378 2495 2706 2567 ἀνθρώπων,
2764 2491 2873 2550 εἴτε
2934 2501 3063 2570 παρ’
3091 2499 3376 2568 Ἕλλησιν,
3418 2500 3527 2551 εἴτε
3598 2499 3750 2568 παρὰ

2174 2591 2239 2658 τῇ
2275 2588 2582 2660 βαρϐαρικῇ
2626 2589 2946 2663 φιλοσοφίᾳο
3004 2591 3085 2654 τίς
3125 2591 3233 2644 τῶν
3279 2594 3397 2644 καθ’
3441 2593 3620 2662 ἡμᾶς,
3663 2592 3748 2657 τίς

2174 2681 2280 2733 τῶν
2310 2684 2366 2735 ἐν
2403 2683 2565 2734 παντὶ
2605 2681 2680 2752 τῷ
2718 2682 2927 2753 χρόνῳ,
2971 2683 3126 2750 ἀξίας
3165 2683 3332 2754 ὄνομα
3372 2683 3448 2754 τῷ
3483 2684 3596 2737 όντι
3635 2684 3748 2737 ἑθε-

2175 2789 2270 2839 το;
2313 2776 2426 2826 Πᾶν
2467 2775 2572 2844 γάρ
2612 2774 2672 2826 τὸ
2711 2777 2768 2828 ἐν
2807 2775 3098 2827 ὑποστάσει
3137 2774 3526 2845 θεωρούμενον,
3565 2778 3598 2848 ή
3644 2793 3752 2829 κοι-

2175 2865 2240 2936 νὴ
2263 2865 2371 2918 τῶν
2392 2865 2532 2936 λόγῳ
2560 2867 2909 2936 κεχρημένων
2933 2866 3188 2938 συνήθεια
3216 2864 3353 2920 εἶναι
3373 2867 3537 2935 λέγει.
3589 2869 3748 2940 ΠαρΞι

2175 2958 2233 3010 δὲ
2275 2956 2336 3011 τὸ
2389 2952 2546 3022 εἶναι,
2593 2960 2626 3028 η
2675 2957 2768 3010 τοῦ
2813 2958 2966 3021 ὄντος
3007 2958 3289 3028 ἐπωνυμία
3336 2960 3751 3030 παρεσχηματι-

2179 3065 2321 3102 σται.
2385 3048 2544 3102 Ἀλλὰ
2585 3049 2680 3101 νῦν
2728 3053 3126 3120 καινοτομεῖται
3159 3050 3296 3103 κατὰ
3322 3052 3419 3121 τῆς
3459 3051 3551 3104 τοῦ
3599 3053 3751 3115 ὄντος

2179 3141 2471 3212 σημασίας,
2500 3142 2648 3211 ἡτῆς
2678 3141 2831 3206 ἀξίας
2861 3143 3034 3213 φωνή.
3088 3141 3249 3211 Λέγει
3275 3143 3382 3212 γὰρ
3405 3143 3495 3195 τὸν
3519 3142 3644 3195 Υἱὸν
3675 3144 3748 3211 μὴ

2177 3233 2505 3286 οἰκειοῦσθαι
2541 3234 2639 3304 τὴν
2663 3233 2754 3285 τοῦ
2781 3234 2933 3296 ὄντος
2958 3233 3131 3300 ἀξίαν,
3165 3233 3254 3286 τὸν
3292 3234 3379 3286 διὰ
3407 3233 3498 3286 τὸν
3532 3234 3752 3303 Πατέρα

2179 3322 2306 3376 ὄντα
2338 3324 2432 3376 καὶ
2466 3321 2658 3386 ζῶντα,
2688 3321 2810 3376 οὗτε
2851 3325 3072 3395 Γραφὴν
3117 3324 3252 3394 ἔχων
3291 3323 3384 3377 τοῦ
3427 3325 3583 3392 λόγου
3622 3341 3754 3394 προ-

2180 3415 2518 3485 στήσασθαι,
2584 3414 2706 3468 οὒτε
2752 3415 2840 3468 διά
2889 3433 3030 3477 τινος
3087 3415 3407 3477 ἀκολουθίας
3467 3415 3601 3486 πρὸς
3655 3415 3751 3485 τὴν

2179 3506 2362 3560 ἄνοιαν
2384 3506 2589 3576 ταύτην
2618 3506 2981 3577 προσαγαγὼν
3021 3508 3111 3560 τὸν
3154 3507 3312 3576 λόγον
3334 3524 3345 3534 ·
3381 3507 3494 3560 ἀλλ’
3527 3506 3601 3570 ὣς
3633 3523 3752 3560 τινα

2181 3595 2402 3666 φυσώδη
2434 3597 2641 3668 τροφὴν
2671 3601 2782 3660 τοῖς
2830 3598 3154 3668 σπλάγχνοις
3194 3599 3499 3668 ἐνθέμενος,
3549 3599 3753 3652 ἀκατά-

2182 3690 2374 3742 σκευόν
2401 3707 2460 3741 τε
2485 3691 2579 3742 καὶ
2610 3689 3015 3756 ἀσυλλόγιστον,
3045 3684 3155 3742 οἷόν
3176 3707 3229 3742 τι
3257 3689 3472 3758 πνεῦμα
3496 3689 3750 3751 δυσῶδες,

2143 3781 2278 3852 ,τὴν
2323 3781 2670 3852 βλασφημίαν
2717 3783 3022 3852 ἐρεύγεται.
3089 3784 3203 3835 Οὐκ
3239 3781 3552 3847 οἰκειοῦται,
3597 3782 3751 3850 φησὶ,

2179 3873 2383 3943 ταύτην
2410 3873 2508 3944 τὴν
2539 3872 2724 3938 ἀξίαν·
2745 3874 2975 3926 δεδόσθω
3007 3874 3068 3926 τὸ
3091 3873 3150 3926 ὃν
3191 3873 3347 3936 ἀξίαν
3386 3871 3752 3943 κατονομάζε-

2185 3965 2327 4018 σθαι.
2361 3965 2426 4017 Τί
2456 3961 2586 4031 οὖν;
2649 3959 2708 4019 Ὀ
2749 3964 2824 4018 ὢν
2854 3967 2952 4018 οὐκ
3002 3965 3296 4018 οἰκειοῦται
3323 3965 3384 4017 τὸ
3415 3960 3554 4018 εἶναι
3579 3964 3751 4029 ;”Οτι,

2139 4037 2142 4039 ’
2183 4060 2339 4128 φησὶ,
2373 4058 2462 4112 διὰ
2484 4059 2576 4111 τὸν
2602 4056 2820 4128 Πατέρα
2854 4056 3017 4110 ἐστίν.
3073 4055 3280 4110 Οὐκοῦν
3311 4056 3384 4127 μὴ
3407 4051 3544 4108 εἷναι
3576 4054 3755 4122 λέγεις

2182 4150 2273 4202 τὸν
2321 4144 2457 4202 εἶναι
2504 4147 2578 4219 μὴ
2611 4146 3020 4216 οίκειούμενον;
3064 4145 3138 4198 Τὸ
3167 4146 3273 4216 γάρ
3323 4145 3397 4216 μὴ
3426 4143 3754 4198 οἰκειοῦσθαι

2185 4242 2262 4313 τῷ
2294 4240 2700 4312 ἀλλοτριοῦσθαι
2751 4239 2913 4292 ταὺτὸ
2954 4237 3242 4308 σημαίνει,
3291 4239 3384 4289 καὶ
3431 4237 3692 4307 πρόδηλος
3717 4239 3752 4306 ἡ

2182 4335 2291 4387 τῶν
2323 4333 2732 4404 σημαινομένων
2765 4331 3170 4400 ἀντιδιαίρεσις.
3230 4328 3303 4382 Τό
3330 4346 3388 4381 τε
3422 4329 3529 4399 γὰρ
3560 4331 3756 4382 οἰκεῖον

2185 4429 2286 4480 οὐκ
2313 4427 2612 4496 ἀλλότριον,
2667 4426 2760 4478 καὶ
2796 4424 2856 4477 τὺ
2882 4424 3160 4493 ἀλλότριον
3186 4423 3286 4476 οὐκ
3317 4424 3534 4474 οἰκεῖον.
3578 4421 3636 4474 ’0
3664 4416 3757 4474 οὖν

2137 4551 2141 4556 ·
2189 4521 2264 4591 μὴ
2299 4518 2663 4588 οἰκειούμενος
2709 4517 2768 4569 τὸ
2815 4511 2953 4570 εἶναι
2995 4515 3346 4587 ἠλλοτρίωται
3396 4514 3612 4577 πάντως
3662 4511 3756 4566 τοῦ

501 4617 586 4665 est
630 4612 910 4681 pr0prium
946 4631 959 4667 :
991 4613 1082 4682 qui
1129 4613 1294 4682 igitur
1339 4629 1448 4668 non
1492 4615 1595 4669 sibi
1633 4617 1914 4686 proprium
1959 4633 2073 4673 esse

2186 4608 2346 4667 εἶναι.
2410 4612 2470 4666 Ὀ
2497 4611 2554 4662 δὲ
2590 4610 2684 4663 τοῦ
2732 4605 2868 4673 εἶναι
2902 4609 3196 4680 ἀλλότριος,
3249 4609 3308 4659 ἐν
3354 4607 3432 4677 τῷ
3475 4601 3614 4659 εἶναι
3659 4605 3759 4658 οὐκ

455 4747 458 4751 .
502 4704 719 4768 asserit,
765 4703 1031 4760 alienatus
1074 4713 1159 4760 est
1209 4721 1434 4776 prorsus
1471 4707 1540 4761 ab
1569 4723 1634 4762 eo
1677 4709 1822 4778 quod
1875 4709 2079 4763 dicitur

500 4809 641 4850 use.
697 4795 800 4861 Qui
846 4805 1024 4852 autem
1058 4797 1224 4852 abeo
1260 4800 1406 4868 quod
1446 4808 1550 4862 est,
1588 4801 1799 4856 alienus
1827 4811 1932 4864 est,
1968 4819 2077 4858 non

501 4893 586 4941 est
636 4903 690 4942 m
744 4903 888 4943 esse.
923 4887 1028 4944 Sed
1069 4890 1234 4960 hujus
1293 4892 1650 4948 absurditatis
1693 4896 2076 4950 necessitatem

503 4978 736 5034 subinde
777 4979 986 5034 addidit
1030 4997 1156 5036 cum
1189 4983 1363 5044 dixit,
1395 4982 1530 5036 Cum
1562 4984 1720 5053 hujus
1749 4985 2078 5040 dominatrix

505 5171 686 5220 autem
728 5165 1056 5221 inconcinna
1107 5168 1326 5238 quidem
1356 5170 1568 5223 locutio
1613 5171 1832 5226 silentio
1865 5180 2088 5241 praeter-

503 5266 680 5320 eatur,
721 5258 816 5314 sed
857 5259 1003 5329 quod
1054 5259 1108 5314 in
1150 5260 1267 5315 suis
1295 5259 1456 5316 dictis
1493 5262 1792 5322 contendit,
1855 5263 1907 5317 id
1958 5279 2086 5318 vero

504 5353 843 5422 exquiratur.
914 5352 1150 5420 Quinam
1200 5363 1284 5409 est
1331 5355 1549 5410 tandem
1603 5373 1784 5411 sermo
1827 5359 1920 5426 qui
1983 5358 2080 5413 de-

506 5451 775 5498 monstret
827 5442 1006 5500 Patris
1042 5447 1339 5501 essentiam
1405 5446 1698 5516 Unigenito
1763 5448 2083 5504 dominari?

508 5533 720 5589 Rursus
770 5551 837 5590 ex
887 5536 1058 5590 nimia
1113 5538 1417 5608 repletione
1458 5539 1618 5594 nobis
1672 5541 2082 5607 cructat:Quis

505 5625 840 5695 evangelista
896 5627 1064 5697 hujus
1107 5631 1378 5687 sermonis
1429 5639 1514 5686 est
1553 5631 1780 5687 auctor?
1819 5631 1952 5698 Quae
1995 5633 2083 5686 in-

507 5721 691 5774 cursio
736 5717 1066 5774 dialectica?
1113 5735 1237 5792 qua:
1277 5723 1706 5803 propositiones,
1755 5739 1879 5795 qua:
1947 5739 2075 5796 pro-

584 5895 627 5925 "
666 5893 803 5951 Joan
860 5911 991 5963 xvn,
1023 5893 1110 5949 10.

2135 4777 2138 4781 _
2185 4706 2370 4759 ἔστιν.
2402 4703 2563 4757 Ἀλλά
2603 4705 2702 4774 τὴν
2739 4704 2986 4773 ἀνάγκην
3015 4703 3114 4773 τῆς
3159 4701 3384 4762 ἀτοπίας
3430 4699 3632 4768 ταύτης
3656 4700 3757 4750 ὲπο

2185 4799 2394 4870 ήγαγεν
2414 4795 2599 4858 εἰπὼν,
2633 4793 2747 4861 Τῆς
2775 4793 2871 4847 καί
2894 4795 3107 4848 τούτου
3126 4793 3526 4860 κυριευούσης
3546 4791 3759 4856 οὐσίας

2185 4898 2336 4960 πρὸς
2368 4887 2592 4955 ἑαυτὴν
2623 4887 2926 4953 ἑλκούσης
2969 4884 3084 4953 τὴν
3128 4884 3233 4937 τοῦ
3282 4884 3454 4946 ὄντος
3495 4885 3755 4936 ἔννοιαν.

2132 5031 2134 5033 ,
2186 4983 2390 5036 Τούτου
2421 4981 2478 5034 δὲ
2504 4981 2564 5033 τὸ
2595 4979 2693 5050 μὲν
2723 4979 2863 5031 κατὰ
2891 4977 2990 5048 τὴν
3022 4977 3331 5046 σύμφρασιν
3367 4974 3735 5044 ἀωνάρτητον

501 5074 729 5126 essentia
759 5073 827 5126 ad
867 5075 1095 5143 seipsam
1135 5077 1361 5130 traxerit
1401 5077 1536 5132 entia
1584 5079 1828 5132 notitiam
1855 5095 1874 5133 :
1922 5079 2086 5148 hujus
2135 5143 2138 5147 _

2187 5073 2515 5129 σιωπάσθω’
2565 5069 2626 5122 τὺ
2655 5070 2712 5122 δὲ
2737 5067 3168 5137 σπουδαζόμενον
3201 5067 3260 5118 ὲν
3305 5066 3418 5126 τοῖς
3447 5063 3759 5134 λεγομένοις

2184 5164 2541 5231 ἐξεταζέσθω.
2591 5160 2748 5223 Τίνος
2786 5158 3161 5222 ἀποδείξαντος
3190 5157 3349 5224 λόγου
3380 5155 3440 5208 τὸ
3487 5153 3760 5225 κυριεύειν

2185 5259 2279 5312 τοῦ
2322 5254 2658 5323 Μονογενοῦς
2683 5252 2782 5321 τὴν
2817 5250 2911 5303 τοῦ
2959 5251 3173 5320 Πατρός
3213 5245 3658 5312 οὐσίαν;⁹Πάλιν
3695 5245 3760 5297 ἐκ

2185 5354 2283 5414 τῆς
2307 5347 2598 5418 πληθώρας
2618 5347 2748 5416 ἡμῖν
2773 5341 3222 5412 προσερεύγεται·
3249 5340 3345 5403 Τίς
3371 5335 3760 5406 εὐαγγελιστὴς

2185 5444 2373 5500 τούτου
2408 5441 2644 5511 προέστη
2675 5438 2768 5490 τοῦ
2813 5437 2970 5503 λόγου
2997 5451 3011 5499 ;
3059 5435 3154 5496 Τίς
3187 5433 3387 5501 ἔφοδος.
3409 5429 3720 5498 διαλεκτική
3742 5469 3756 5491 ,

2187 5538 2344 5590 Ποῖαι
2373 5532 2698 5605 προτάσειςς
2753 5530 2908 5591 Τίνες
2932 5525 3266 5581 κατασκευαὶ
3300 5525 3362 5578 τὸ
3412 5521 3759 5593 κυριεύεσθαι

2186 5629 2276 5683 τὸν
2299 5626 2557 5698 μονογενῆ
2588 5623 2718 5677 Θεὸν
2750 5621 2838 5676 διά
2876 5637 3017 5682 τινος
3061 5617 3381 5679 ἀκολουθίας
3429 5613 3756 5676 ἀπέδειξαν;

2200 5719 2361 5774 Ἀλλά
2387 5717 2523 5789 πρὸς
2551 5715 2745 5786 ἑαυτὴν
2767 5714 2935 5776 ἕλκει,
2964 5711 3148 5781 φησὶν,
3191 5711 3225 5780 ἡ
3255 5706 3350 5761 τοῦ
3387 5705 3518 5759 Υἰοῦ
3545 5699 3761 5775 κυριεύο
