4142 6374
424 435 530 493 855

1508 432 1784 487 CONTRA
1824 431 2210 497 EUNOMIUM,
2250 427 2381 484 LIB.
2422 428 2511 482 XI.

3574 419 3682 473 85b

423 566 560 604 ουσα
584 550 740 604 οὐσία
769 548 867 620 τὴν
900 550 994 603 τοῦ
1021 551 1173 615 ὄντος
1204 551 1432 604 ἔννοιαν.
1473 552 1537 603 Τί
1572 551 1757 620 βούλετ
1775 569 1833 604 αι
1857 550 2006 621 αὐτῷ
2035 585 2045 611 ε

2121 550 2362 604 bationes
2393 545 2730 617 unigenitum
2762 544 2931 598 Deum
2960 542 3188 612 imperio
3221 540 3418 603 subjicr
3454 555 3549 607 per
3573 544 3666 592 ale

425 641 456 693 ὁ
497 638 767 711 mnam;
812 639 906 693 τοῦ
945 640 1136 705 ὄντος;
1198 643 1327 699 Καὶ,
1354 641 1473 704 πῶς
1514 641 1851 713 προσερρίφη
1891 643 2002 703 τοῖς

427 730 740 800 εἰρημένοις
774 732 807 799 ἡ
830 730 922 782 τοῦ
950 729 1128 782 ἕλκειν
1161 731 1342 796 λέξιςς
1388 731 1578 799 Κρινεῖ
1607 730 1821 792 πάντως
1852 729 1880 780 ὁ
1909 731 2004 780 ἐπ-

430 819 768 890 εσκεμμένος
796 819 1024 889 δύναμιν
1048 819 1242 886 λόγων·
1309 818 1444 872 ἀλλὰ
1473 820 1567 871 καὶ
1597 819 1752 871 τοῦτο
1785 821 2006 888 σιγήσο-

435 927 572 980 μεν·
632 913 834 964 ἐκεῖνον
890 911 946 963 δὲ
1007 910 1169 964 πάλιν
1219 909 1310 960 τὸν
1364 910 1522 973 λόγον
1583 909 2002 980 ἀναληψόμεθαο

433 999 515 1052 ὅτι
570 999 632 1052 οὐ
680 999 892 1052 δίδωσιν
940 996 1080 1052 εἶναι
1137 1000 1254 1052 κατ’
1304 999 1491 1052 οὐσίαν
1523 993 1568 1067 ᾧ
1617 999 1676 1052 τὸ
1713 1000 1880 1069 ὄνομα
1912 998 2006 1052 τοῦ

432 1090 586 1154 ὄντος
633 1091 692 1144 οὐ
737 1091 1073 1152 καταλείπει,
1131 1091 1224 1144 καὶ
1252 1091 1303 1144 τί
1341 1091 1517 1162 μάτην
1567 1093 1853 1161 σκιομαχεῖ
1881 1092 2010 1160 περὶ

433 1182 529 1235 τοῦ
557 1183 630 1254 μὴ
675 1182 823 1246 ὄντος
844 1185 1166 1254 μαχόμενος,
1189 1183 1264 1244 ὡς
1292 1183 1495 1235 τοιοῦδε
1518 1181 1670 1245 ὄντος
1687 1205 1701 1253 ;
1719 1183 1792 1234 Τὸ
1805 1182 1913 1252 γὰρ
1934 1181 2010 1252 μὴ

436 1273 515 1337 ὃν,
577 1274 698 1327 οὕτε
759 1276 943 1345 ὅμοιόν
996 1292 1101 1327 τινι
1142 1276 1358 1338 πάντως
1393 1275 1559 1335 ἐστὶν,
1585 1273 1708 1326 οὔτε
1737 1274 2006 1344 ἀνόμοιον.

451 1363 610 1417 Ἀλλὰ
657 1365 830 1427 διδοὺς
879 1367 937 1417 τὸ
974 1362 1112 1418 εἶναι
1145 1365 1478 1437 ἀπαγορεύει
1529 1365 1592 1418 τὸ
1637 1365 1910 1434 λέγεσθαι.
1947 1366 2012 1417 Ὢ

439 1456 600 1525 κενῆς
621 1456 903 1526 ἀκριϐείας
931 1457 943 1508 !
983 1459 1038 1509 ὲν
1068 1456 1142 1526 τῷ
1162 1456 1366 1525 μείζονι
1390 1455 1791 1526 συγχωροῦντα,
1820 1471 2013 1526 μικρο-

438 1547 712 1615 λογεῖσθαι
741 1550 868 1619 περὶ
900 1549 990 1601 τὸν
1017 1548 1188 1617 ψόφον
1210 1548 1302 1600 τοῦ
1328 1550 1588 1618 ῥήματος.
1621 1547 1742 1610 Πῶς
1772 1547 1828 1600 δὲ
1861 1549 1888 1600 ὁ
1915 1564 2013 1598 κυ-

441 1638 657 1708 ριεύων,
709 1639 784 1702 ὦς
835 1657 987 1709 φησι,
1053 1639 1147 1691 τοῦ
1177 1637 1306 1691 Υίοῦ
1336 1639 1471 1707 πρὸς
1503 1638 1695 1690 ἑαυτὸν
1732 1637 1878 1690 ἕλκει
1919 1637 2012 1689 τοῦ

439 1730 590 1793 ὄντος
615 1729 713 1799 τὴν
744 1730 987 1797 ἔννοιαν;
1018 1732 1077 1783 Εἰ
1105 1731 1201 1799 μὲν
1231 1731 1339 1801 γὰρ
1370 1732 1465 1800 τὴν
1491 1728 1686 1782 ἑαυτοῦ
1719 1729 1904 1783 οὐσίαν
1938 1729 2016 1782 ἕλ-

442 1839 559 1874 κειν
590 1822 722 1890 φησὶ
755 1821 842 1874 τὸν
887 1823 1124 1892 Πατέρα.
1161 1822 1412 1893 περιττὸς
1458 1817 1610 1884 οὗτος
1651 1822 1680 1872 ὁ
1722 1821 2011 1892 ἐλκηομός.

2109 653 2272 708 quam
2320 635 2764 706 consequentiam
2809 632 3293 688 demonstrarunt?
3329 629 3550 695 Verum,
3597 631 3684 686 in-

2111 729 2249 798 quit.
2286 727 2408 782 Filii
2441 727 2772 782 dominatrix
2818 724 3076 786 essentia,
3132 723 3198 777 ad
3237 723 3470 792 seipsam
3514 723 3685 777 trahit

2115 821 2260 876 cutis
2301 820 2600 873 notionem.
2636 816 2777 882 Quid
2833 817 2938 870 sibi
2984 817 3099 870 vult
3157 823 3366 870 tractus
3419 814 3541 884 ejus
3588 813 3682 881 qni

2113 918 2233 970 est?
2279 910 2556 979 quomodo
2589 909 2814 963 verbum
2844 906 3118 970 trahendi
3155 907 3221 961 ad
3263 921 3326 962 ea
3373 923 3494 977 qua:
3539 907 3683 960 dicta

2114 1011 2242 1060 sunt
2299 1001 2601 1072 projectum
2633 1001 2755 1054 est?
2795 999 3066 1054 Jadicabit
3098 999 3254 1069 plane
3283 999 3375 1069 qui
3415 999 3524 1052 vim
3571 1013 3685 1054 ser-

2114 1107 2338 1146 monum
2377 1090 2782 1144 consiilei-arit:
2831 1088 2925 1143 sed
2985 1089 3086 1142 hoe
3137 1088 3359 1143 silentio
3405 1096 3688 1158 praeterea-

2115 1194 2257 1232 mus.
2314 1176 2467 1231 Illum
2511 1186 2688 1230 autem
2720 1192 3024 1231 sermonem
3063 1192 3256 1232 NH‘SUS
3293 1193 3635 1232 resumamus
3669 1197 3680 1231 Ζ

2117 1269 2261 1340 quod
2310 1286 2418 1323 non
2466 1268 2558 1322 dat
2603 1283 2724 1322 esse
2781 1269 3079 1322 secundum
3130 1269 3425 1324 essentiam
3475 1268 3564 1330 ei,
3596 1267 3683 1322 cui

2116 1376 2318 1416 nomen
2361 1361 2503 1415 entis
2553 1376 2659 1413 non
2693 1361 2973 1430 relinquit,
3003 1369 3057 1414 et
3083 1376 3182 1414 cur
3218 1361 3424 1415 frustra
3465 1361 3686 1414 umbra-

2118 1454 2267 1508 tilem
2296 1467 2530 1522 pugnam
2552 1462 2788 1514 exercet,
2812 1451 2878 1506 de
2898 1466 2964 1506 eo
2990 1455 3080 1521 qui
3104 1468 3210 1506 non
3241 1463 3345 1515 est,
3376 1451 3686 1514 decertans,

2123 1552 2182 1597 nt
2224 1542 2291 1598 de
2337 1543 2432 1596 tali
2480 1543 2640 1596 ente‘?
2665 1541 2822 1608 Quod
2850 1542 2995 1596 enim
3033 1559 3140 1596 non
3175 1551 3280 1606 cst,
3316 1560 3492 1612 neque
3522 1545 3686 1596 alicui

2120 1636 2298 1691 simile
2340 1643 2425 1690 est
2455 1650 2680 1704 prorsus
2705 1650 2880 1704 neque
2920 1636 3206 1689 dissimile.
3238 1634 3343 1689 Sed
3376 1636 3516 1689 dans
3545 1651 3688 1697 esse,

2123 1726 2374 1796 prohibet
2418 1725 2549 1780 dici.
2605 1725 2650 1780 Ο
2694 1727 2908 1781 inanem
2959 1729 3353 1782 subtilitatem!
3396 1729 3500 1794 Qui
3545 1728 3690 1797 quod

2123 1817 2300 1886 majus
2341 1823 2425 1872 est
2461 1816 2754 1872 liberaliter
2783 1819 3049 1882 concedit,
3081 1835 3277 1874 avarus
3304 1829 3386 1873 est
3413 1827 3466 1874 ct
3495 1835 3693 1888 parcus

443 1914 680 1983 Πάρεστι
711 1915 820 1986 γὰρ
849 1914 997 1984 αὑτῷ
1034 1914 1094 1967 τὸ
1124 1913 1262 1968 εἶναι
1309 1916 1401 1967 καὶ
1431 1915 1504 1985 μὴ
1529 1915 1835 1984 ἑλκόμενον.
1873 1914 1933 1966 ΕΞ
1963 1913 2019 1966 δὲ

2123 1910 2271 1962 circa
2319 1909 2536 1964 inanem
2591 1910 2737 1964 verbi
2785 1911 3092 1980 strepitum.
3137 1910 3422 1976 Quomodo
3462 1913 3552 1966 ille
3598 1915 3690 1980 qui

441 2006 534 2058 τοῦ
575 2005 702 2060 Υίοῦ
725 2006 786 2058 τὸ
821 2003 1133 2076 εἶναιπαρὰ
1175 2006 1268 2058 τοῦ
1309 2007 1516 2076 Πατρός
1549 2024 1712 2077 φησιν
1740 2005 2013 2069 ἕλκεσθαι,

444 2097 560 2160 πῶς
608 2096 1091 2167 ἅποσπασθήσεται
1149 2095 1242 2148 τοῦ
1302 2095 1454 2160 ὄντος
1491 2095 1552 2148 τὸ
1594 2092 1853 2156 εἷναι,καὶ
1880 2095 2016 2165 πρὸς

443 2187 532 2240 τὸν
581 2187 806 2240 ἕλκοντα
853 2191 1269 2258 μεταχωρήσει;
1317 2189 1552 2240 κατιδεῖν
1576 2188 1675 2240 οὐκ
1704 2186 1833 2256 ἔχω.
1867 2181 2018 2257 Ἀρα

445 2276 522 2346 μὴ
551 2275 647 2345 τὴν
677 2277 963 2330 Σαϐελλίου
991 2277 1199 2347 πλάνην
1231 2277 1588 2343 condiscat;
1629 2278 1716 2339 Ὠς
1742 2277 1840 2330 οὐκ
1865 2276 2019 2339 ὄντος

444 2367 536 2420 τοῦ
586 2367 717 2421 Υίοῦ
755 2369 875 2421 καθ’
911 2369 1100 2421 ἑαυτόν
1125 2385 1138 2398 ·
1185 2371 1251 2438 τῇ
1281 2369 1338 2420 δὲ
1365 2369 1456 2420 τοῦ
1485 2369 1696 2438 Πατρὸς
1723 2367 2016 2420 ὑποστάσει

447 2459 872 2528 συνα).ειφέντος.
905 2461 1014 2513 Καὶ
1037 2458 1191 2512 τοῦτο
1226 2458 1470 2528 βούλεται
1497 2457 1646 2528 αὐτῷ
1675 2457 1734 2510 τὺ
1765 2457 2016 2511 ἕλκεσθαι

368 2583 377 2591 -
442 2549 541 2620 τὴν
561 2548 654 2600 τοῦ
683 2550 830 2610 ὄντος
858 2550 1065 2602 ἔννοιαν
1086 2549 1235 2619 παρὰ
1261 2551 1356 2619 τῆς
1381 2547 1478 2600 τοῦ
1500 2548 1628 2601 Υίοῦ
1659 2551 2018 2619 κυριευούσης

444 2641 649 2703 οὐσίας,
683 2641 714 2710 ἢ
764 2638 900 2693 εἶναι
943 2639 1064 2693 καθ’
1095 2642 1388 2696 ὑπόστασιν
1419 2643 1508 2694 τὸν
1544 2641 1670 2694 Υἱὸν
1698 2642 1796 2694 οὑκ
1825 2641 2019 2712 ἀρνοιῦ⁴

448 2749 627 2802 μενος,
659 2733 758 2801 τῆς
777 2734 870 2785 τοῦ
908 2733 1060 2796 ὄντος
1109 2734 1270 2786 αὐτόν
1299 2751 1431 2804 φησι
1460 2735 1733 2804 σημασίας
1762 2735 2024 2806 ἀπομερί-

445 2824 653 2887 ζεσοαι.
683 2826 788 2878 Καὶ
807 2825 920 2887 πῶς
949 2818 1063 2877 ἔστι
1087 2825 1465 2894 διαζευχθῆναι
1505 2829 1603 2894 τῆς
1629 2825 1723 2878 τοῦ
1749 2821 1888 2878 εἶναι
1909 2825 2023 2878 δια-

445 2913 594 2976 νοίας
614 2914 675 2966 τὸ
697 2914 790 2978 ὄν;
829 2914 971 2975 Ἕως
1012 2914 1116 2985 γὰρ
1164 2909 1197 2987 ᾖ
1239 2918 1343 2968 πᾶν
1367 2915 1502 2984 ὅπερ
1535 2914 1600 2967 ἂν
1727 2915 1801 2986 μὴ
1832 2910 1972 2969 εἶναι
1995 2916 2023 2968 ὃ

447 3009 561 3060 ἐστι
590 3005 748 3074 φύσιν
777 3007 875 3059 οὐκ
906 3005 1036 3076 ἔχει.

2122 1999 2457 2065 dominatur,
2508 2011 2569 2056 ut
2609 2003 2707 2067 ait,
2741 2001 2880 2056 Filio
2929 2004 2996 2057 ad
3049 2006 3287 2072 seipsum
3332 2004 3498 2058 trahit
3549 2005 3696 2058 entis

2124 2089 2417 2145 notitiam?
2468 2091 2738 2161 siquidem
2788 2094 2986 2148 asserit
3026 2093 3242 2149 Patrem
3293 2109 3448 2149 suam
3479 2093 3696 2148 trahere

2125 2184 2442 2247 essentiam,
2495 2183 2804 2253 superﬂuus
2842 2185 2927 2238 hic
2961 2193 3186 2239 tractus.
3245 2185 3414 2239 Adest
3462 2185 3606 2238 enim
3645 2185 3696 2237 ei

2127 2288 2270 2337 esse,
2319 2274 2533 2329 etiamsi
2572 2289 2680 2327 non
2719 2274 2986 2330 trahatur.
3019 2274 3175 2338 Quod
3221 2276 3267 2329 si
3297 2272 3416 2327 Filii
3454 2287 3577 2328 esse
3621 2273 3700 2326 ait

2127 2381 2157 2419 a
2212 2363 2368 2420 Patre
2414 2365 2579 2429 trahi,
2630 2364 2906 2435 quomodo
2963 2366 3230 2420 avelletur
3275 2366 3344 2419 ab
3377 2375 3502 2420 ente
3552 2380 3695 2431 esse,

2125 2468 2179 2512 et
2232 2457 2300 2511 ad
2361 2457 2666 2511 trahentem
2717 2458 3172 2528 transmigrabit?
3235 2457 3536 2528 intelligere
3587 2471 3700 2510 non

2126 2564 2286 2617 queo.
2350 2548 2546 2603 Annon
2622 2549 2842 2604 Sabellii
2924 2566 3164 2606 errorem
3223 2549 3497 2604 somniat?
3551 2549 3698 2619 quod

2129 2639 2302 2695 Filius
2333 2657 2443 2695 non
2474 2641 2544 2696 sit
2575 2657 2670 2712 per
2709 2657 2786 2704 se,
2815 2643 2908 2697 sed
2953 2657 3077 2696 cum
3111 2641 3291 2697 Patris
3321 2642 3698 2708 subsistentia,

2127 2732 2243 2788 sive
2283 2748 2512 2802 persona
2568 2736 2851 2789 confusus.
2900 2733 2962 2789 Et
3010 2735 3115 2790 hoc
3175 2735 3278 2790 sibi
3331 2735 3446 2788 vult
3497 2734 3700 2788 attrahi

2126 2826 2269 2881 entis
2306 2826 2552 2880 notitiam
2575 2841 2603 2878 a
2629 2825 2752 2880 Filii
2792 2827 3150 2882 dominatrice
3177 2827 3438 2892 essentia,
3470 2827 3552 2880 vel
3576 2842 3699 2881 esse

2132 2915 2434 2970 secundum
2471 2917 2746 2986 propriam
2790 2919 3198 2972 subsistentiam
3252 2919 3370 2971 sive
3410 2932 3698 2986 personam

2130 3005 2327 3060 Filium
2381 3022 2490 3060 non
2539 3023 2765 3076 negans,
2812 3010 2987 3077 ipsum
3026 3007 3094 3061 ab
3139 3007 3281 3061 cutis
3340 3005 3700 3077 signiﬁcantia

447 3103 656 3158 secerni
705 3104 921 3157 asserit.
963 3100 1030 3154 Et
1067 3099 1338 3170 quomodo
1413 3109 1611 3170 potest,
1663 3100 1715 3154 id
1768 3099 1912 3170 quod
1947 3109 2053 3165 est,
2120 3099 2188 3154 ab
2233 3100 2587 3171 intelligentia
2653 3101 2771 3170 ejus
2820 3100 2964 3170 quod
3008 3111 3090 3156 est
3127 3100 3402 3170 disjungi‘.’
3446 3100 3715 3166 Quandiw

445 3193 592 3250 cnim
623 3193 787 3250 fuerit
820 3194 1082 3264 quidquid
1130 3193 1311 3254 fuerit,
1347 3209 1453 3247 non
1483 3209 1606 3248 esse
1653 3193 1703 3246 id
1732 3194 1874 3263 quml
1923 3201 2008 3248 est
2057 3209 2237 3249 rerum
2281 3202 2474 3247 natura
2516 3210 2622 3248 non
2653 3195 2875 3264 patitur.

2038 3418 2154 3429 ..ι-.-

1258 3610 1556 3700 ΚΑΤΑ
1645 3611 2232 3700 ΕΥΝΟΜΙῡΥ
2299 3613 2663 3700 ΛΟΓΟΣ
2738 3609 2909 3699 IA'.

845 3991 1315 4086 CONTRA
1385 3994 2052 4089 EUNOMIUM
2133 3995 2494 4084 LIBER
2573 3937 3356 4084 UNDECIMUS.‘

2026 4213 2094 4224 —‘

595 4337 936 4391 ΚΕΦΑΛΑΙΑ
979 4339 1110 4392 ΤΟΥ
1141 4339 1578 4392 ΕΝΔΕΚΛΤΟΥ
1609 4345 1880 4397 ΛΟΓΟΥ.

453 4433 523 4484 α’.
561 4426 615 4479 '0
652 4432 723 4479 ια’
762 4426 945 4496 λόγος
992 4427 1073 4496 οὐν
1094 4424 1176 4496 τῷ
1215 4425 1394 4488 Πατρὶ
1423 4425 1616 4496 μόνον
1660 4427 1765 4481 τοῦ
1797 4428 2020 4496 ἀγαθοῦ

523 4496 640 4563 τὴν
663 4495 1007 4564 ἐπωνυμίαν
1046 4495 1406 4563 ὀφείλεσθαι,
1441 4495 1521 4561 ὥς
1556 4514 1747 4564 φησιν
1778 4501 1810 4550 ό
1837 4495 2021 4550 Εὐνό-

518 4584 676 4635 μιος,
724 4569 757 4619 ό
797 4563 1091 4687 μιμητὴς-
1107 4567 1437 4633 Μανιχαίου
1488 4563 1582 4619 καὶ
1621 4567 2016 4632 Βαρδισάνου,

522 4638 684 4687 ἀλλὰ
720 4651 796 4687 κα
864 4635 992 4687 Υὶὼ.
1022 4652 1100 4687 τω
1135 4635 1233 4687 διὰ
1272 4638 1715 4687 φιλανθρωπίαν
1751 4637 1849 4687 καὶ
1877 4638 2016 4687 dm-

522 4633 684 4690 ἆλλὰ
720 4633 822 4705 καὶ.
864 4635 992 4705 Υίῷ,
1022 4633 1100 4699 τῷ
1135 4635 1233 4687 διὰ
1270 4638 1715 4704 φιλανθρωπίαν
1751 4637 1849 4690 καὶ
1877 4638 2022 4705 ἀγα-

523 4709 742 4772 θότητα
764 4703 870 4757 τὸν
899 4703 1211 4771 ἄνθρωπον
1228 4705 1546 4770 πλάσαντι,
1585 4707 1678 4758 καὶ
1714 4706 1812 4760 διὰ
1841 4703 2024 4760 σταυ-

516 4775 632 4843 ροῦ
677 4776 773 4828 καὶ
807 4773 1064 4847 θανάτου
1107 4773 1546 4847 ἁναπλὰσαντι,
1579 4779 1617 4844 ἡ
1663 4777 1768 4830 τοῦ
1799 4777 2023 4847 ἀγαθοῦ

524 4847 894 4913 προσηγορία
928 4843 1247 4911 ὀφείλεται,
1277 4843 1570 4899 δείκνυσι.

455 4917 520 4982 β’.
561 4915 669 4970 Καὶ
704 4914 792 4967 ὅτι
825 4917 895 4968 οὐ
923 4915 1109 4965 cuna;
1142 4913 1364 4981 ἀγαθοῦ
1395 4915 1492 4966 καὶ
1525 4916 1732 4977 κακοῦ,
1763 4917 1841 4980 ὡς
1870 4919 2024 4982 Μαρ-

524 4987 667 5038 κίων
689 4988 721 5038 ό
745 4987 1020 5052 όμόφρων
1039 4985 1223 5036 αὑτοῦ
1250 4984 1452 5053 οἴεται,
1476 4989 1802 5053 rem-(nigror,-
1826 4988 1892 5038 ἐκ
1917 4987 2023 5051 γῆς

523 5053 917 5124 εὐαγγελικῆς
957 5053 1209 5124 ῥῄσεωςη
1236 5052 1364 5119 τῆς,
1393 5052 1690 5124 Διδασκαλε
1732 5056 1919 5122 city/:0},
1945 5061 2022 5108 ls-

523 5122 770 5193 γούσὴς,
811 5123 912 5177 καὶ
955 5122 1064 5190 τῆς
1109 5123 1212 5176 τοῦ
1259 5122 1612 5191 ἀμπελῶνος
1654 5126 2020 5192 παραὸονιής,

534 5197 772 5249 Ἡσαΐου
817 5210 882 5245 τε
909 5195 1005 5246 καὶ
1051 5195 1292 5246 Παύλου
1339 5193 1731 5247 ἀποδείκνυσι
1762 5214 1770 5223 ·
1803 5197 1898 5247 καὶ
1936 5196 2023 5249 ὅτι

523 5267 595 5318 οὐ
623 5265 738 5330 τὴν
779 5263 1122 5330 ἐπωνυμίαν
1148 5261 1253 5315 τοῦ
1287 5261 1462 5326 ὄντος
1496 5265 1534 5331 ἣ
1568 5265 1809 5331 ἀγαθοῦ,
1841 5265 1877 5328 ἢ
1911 5267 2026 5330 τὴν

523 5334 629 5388 τοῦ
654 5335 883 5400 Πατρός
909 5333 1309 5400 ἀλλοτρίωσιν
1333 5334 1365 5385 ό
1398 5334 1527 5398 Υἱὸς
1553 5334 1833 5400 ἀρνεῖται,
1863 5336 2024 5389 ἀλλὰ

526 5403 624 5457 καὶ
656 5403 776 5470 τὴν
816 5403 934 5455 τῶν
990 5403 1312 5472 γινομένων
1356 5402 1645 5466 ἐξουσίαν
1699 5405 2026 5470 προσήκειν

524 5473 684 5541 αὐτῷ
714 5475 922 5541 φησίν.

451 5552 526 5616 γ’.
550 5539 692 5616 Εἶτα
717 5539 834 5610 τὴν
880 5542 985 5616 τοῦ
1007 5542 1594 5616 Εὑιςομίου-ἀμαθίαν
1617 5543 1714 5597 καί
1746 5543 2026 5616 τὸ-ἀσυν-

525 5613 781 5680 ῴτητον
827 5615 924 5666 καὶ
970 5613 1220 5683 γελοῖονΔ
1259 5614 1377 5666 τῶν
1410 5615 1608 5682 λόγων
1655 5613 1836 5667 αὐτοῦ
1873 5615 2026 5668 ἐκτί-

525 5687 707 5747 θεται,
759 5681 1016 5750 ἄγγελον
1047 5682 1153 5736 τοῦ
1191 5681 1362 5749 ὄντος
1402 5681 1508 5736 τὸν
1546 5684 1682 5737 Υίὸν
1719 5683 2022 5751 λέγοντος,

526 5754 624 5805 καὶ
671 5751 1000 5818 κατώτερον
1048 5752 1158 5820 τῆς
1199 5755 1360 5818 θείας
1407 5754 1664 5821 φύσεως,
1711 5753 1861 5806 ὅσον
1908 5753 2026 5807 τῶν

525 5822 742 5877 ἑαυτοῦ
778 5825 810 5876 ό
872 5825 1000 5889 Υἱὸς
1061 5823 1331 5892 ὑπερέχει
1383 5823 1737 5893 κτισμάτων.
1788 5825 1941 5892 Πρὸς
1987 5825 2026 5880 ἂ

2130 4341 2395 4397 (ΖΑΡΙΤΑ
2440 4339 2582 4396 SEU
2621 4338 3006 4395 SUMMARIA
3054 4339 3430 4396 UNDECIMI
3472 4340 3700 4394 LIBRI.

2130 4439 2180 4492 1.
2213 4435 2524 4491 Undecimus
2561 4435 2692 4488 liber
2732 4436 2954 4488 ostendit
2992 4435 3393 4502 appellationem
3425 4434 3565 4492 boni.
3601 4451 3703 4486 non

2197 4509 2298 4559 soli
2334 4506 2486 4558 Patri
2508 4505 2702 4566 deberi,
2733 4517 2788 4558 ut
2818 4505 2946 4557 dicit
2981 4498 3289 4564 Ennomius,
3323 4503 3624 4564 Maniclta-i',
3653 4512 3702 4556 et

2199 4575 2513 4630 Bardesanw
2530 4577 2785 4639 imitator,
2814 4575 2905 4628 sed
2928 4587 2975 4629 et
3007 4575 3170 4634 Filio,
3192 4575 3282 4642 qui
3302 4590 3365 4627 ea:
3388 4573 3702 4642 benignitate

2193 4657 2242 4699 et
2270 4648 2497 4700 bonitate
2530 4646 2792 4698 hominem
2849 4645 3119 4710 formavit,
3153 4653 3201 4696 et
3248 4660 3339 4710 per
3381 4660 3585 4697 crucem
3640 4661 3703 4696 ac

2192 4727 2412 4770 mortem
2445 4716 2772 4784 reformavit,
2800 4716 2918 4768 hinc
2937 4714 3057 4768 boni
3088 4714 3498 4782 appellationem
3519 4712 3696 4766 deberi

2195 4787 2440 4842 ostendit.

2123 4918 2176 4970 ‘2.
2239 4917 2357 4971 Non
2382 4935 2493 4972 esse
2519 4917 2652 4971 duos
2712 4917 2856 4981 deos,
2889 4919 3114 4972 alterunt
3141 4919 3283 4974 boni.
3320 4917 3542 4969 alterum
3577 4917 3704 4968 mali

2197 5001 2481 5045 unctorem,
2513 5000 2569 5040 ut
2617 4989 2881 5050 Marcion,
2912 4999 2961 5042 et
3008 5005 3126 5041 eum
3156 4989 3450 5041 eosentiens
3492 4988 3700 5054 (Enno-

2199 5062 2353 5122 mius)
2407 5059 2641 5122 delirat,
2695 5059 2979 5111 admodum
3035 5058 3253 5126 pulchre
3293 5074 3357 5109 ea:
3410 5058 3551 5108 dicto
3606 5057 3698 5108 illa

2195 5128 2488 5197 erangelico
2520 5145 2537 5181 :
2574 5127 2828 5197 Magister
2881 5130 3040 5189 bona,
3079 5139 3128 5181 et
3156 5143 3221 5180 ea:
3241 5127 3496 5192 parabola
3519 5127 3699 5197 vincte.

2195 5213 2259 5251 ea:
2289 5196 2435 5251 Isaia
2463 5196 2690 5266 insuper,
2717 5209 2766 5250 et
2798 5198 2964 5251 Paulo
2989 5199 3312 5250 demonstrat
3337 5213 3354 5256 ;
3381 5208 3435 5249 ut
3453 5206 3502 5250 et
3522 5196 3662 5249 illud.
3682 5212 3700 5247 :

2195 5269 2595 5336 appellationem
2625 5270 2756 5322 entia
2788 5271 2862 5322 vel
2890 5271 3009 5323 boni
3032 5267 3173 5321 Filio
3203 5276 3507 5332 competere,
3543 5283 3704 5334 neque

2197 5357 2228 5391 a
2255 5340 2416 5391 Patre
2447 5349 2750 5391 extraneum
2785 5355 2914 5401 esse,
2948 5349 3126 5407 utpote
3155 5339 3241 5392 cui
3272 5338 3434 5390 etiam
3471 5346 3701 5404 potestas

2196 5411 2250 5462 in
2281 5425 2360 5462 res
2389 5420 2595 5462 creatas
2629 5410 2921 5463 conveniat.

2125 5544 2178 5598 '5.
2210 5544 2459 5600 Eunomii
2488 5546 2778 5605 inscitiam,
2808 5554 2858 5599 et
2893 5545 3294 5613 incompositam
3327 5559 3391 5596 ac
3420 5541 3704 5613 ridiculam

2197 5618 2506 5680 orationem,
2529 5616 2705 5684 palam
2729 5610 3076 5682 spectandam
3091 5615 3363 5684 proponit;
3394 5623 3484 5682 qut
3502 5610 3703 5684 Filium

2200 5687 2428 5753 appellat
2483 5680 2735 5754 Angelunt
2757 5680 2903 5754 ejus,
2940 5687 3029 5756 qni
3074 5680 3150 5739 est
3169 5680 3197 5748 ;“
3221 5695 3270 5738 et
3317 5680 3697 5756 tantumjnfra

2198 5751 2431 5810 dicinam
2466 5751 2713 5809 naturam
2762 5751 3052 5812 constituit.
3091 5766 3343 5824 linanium
3383 5755 3489 5820 ipse
3526 5751 3700 5804 Filius

2201 5845 2327 5882 suas
2349 5837 2621 5880 creaturas
2644 5827 2926 5884 antecellit.
2957 5825 3158 5892 Quibus
3189 5825 3594 5889 imperterritum
3650 5839 3700 5875 es
