4142 6374
367 427 472 485 857

1487 424 1768 481 CONTRA
1809 418 2200 480 EUNOMIUM,
2241 419 2372 475 LIB.
2415 419 2509 476 XI.

3549 413 3658 474 858

368 543 544 614 δχ)ον.
572 543 634 595 Τί
681 547 788 613 γὰρ
829 543 892 596 ἀν
919 543 1079 598 πλέον
1123 543 1372 613 εὑρεθείη
1407 545 1535 612 παρ’
1567 539 1723 612 ὴμῶν
1749 540 1826 600 εἰς
1855 536 1954 608 τὴν

2068 536 2520 605 reprehensiones
2569 535 2904 599 inducendo,
2963 532 3169 590 frustra
3219 532 3500 589 sustinere
3531 542 3653 589 tur—

365 636 466 705 τῆς
513 637 801 698 κακονοίας
856 638 1151 702 ἀπόδειξιν,
1193 631 1302 689 οἶόν
1335 637 1450 688 ἐστι
1504 635 1565 686 τὸ
1611 636 1674 686 ἐκ
1703 632 1795 684 τοῦ
1827 647 1959 700 προ-

365 727 547 797 χείρου
576 729 704 797 παρ’
739 728 916 781 αὐτῶν
957 732 1013 781 ἐν
1061 731 1172 791 τοῖς
1200 726 1606 796 γεγραμμένοις
1655 724 1961 778 ἐπιδεικνύ-

371 833 569 887 μενον;
607 817 783 870 Μόνον
842 819 989 883 ἀξιον
1043 819 1142 888 τῆς
1179 820 1274 871 τοῦ
1330 819 1538 886 ἀγαθοῦ
1586 813 1960 888 προσηγορίας

369 911 503 980 φησὶ
530 910 618 962 τὸν
641 911 862 982 Πατέρα
882 927 896 942 ο
931 913 1078 982 μόνῳ
1118 912 1316 982 ἐκείνῳ
1345 912 1442 980 τὴν
1469 909 1726 979 τοιαύτην
1752 911 1961 960 ἐπωνυ-

371 1004 497 1074 μίαν
544 1002 878 1071 ὀφείλεσθαι,
914 1004 990 1066 ὼς
1039 1003 1132 1055 καὶ
1170 1003 1264 1055 τοῦ
1312 1001 1442 1056 Υίοῦ
1485 998 1870 1068 συντιθεμένου
1899 997 1960 1050 τὸ

371 1097 516 1168 μόνῳ
537 1099 834 1167 προσήκειν
861 1095 1053 1165 ἐκείνῳ
1065 1095 1162 1167 τὴν
1178 1095 1510 1166 ἀγαθότητα.
1539 1091 1960 1161 Ἀπολελόγηται

369 1189 507 1260 ὑπὲρ
537 1189 692 1259 ἡμῶν
722 1191 749 1241 6
779 1189 1082 1260 κατήγορος
1109 1203 1124 1218 ⁸
1169 1188 1310 1257 τάχα
1354 1187 1462 1257 γάρ
1495 1205 1578 1248 τις
1613 1182 1959 1255 ἐπηρεαστὴς

368 1282 425 1333 ὲν
445 1283 555 1343 τοῖς
587 1281 816 1334 κατόπιν
844 1281 1171 1351 ὲνομιζόμην
1188 1282 1298 1342 τοῖς
1315 1278 1756 1348 ἐντυγχάνουσιν,
1793 1277 1849 1326 ὲν
1876 1269 1958 1336 οἷς

368 1370 717 1424 ἀπεδείκνυον
735 1370 1014 1442 ἀλλότριον
1041 1373 1139 1441 τῆς
1164 1371 1438 1441 πατρικῆς
1470 1367 1809 1437 ἀγαθότητος
1833 1366 1958 1426 τοὺς

366 1463 770 1533 χριστομάχους
795 1465 1226 1528 κατασκευάζειν
1265 1462 1358 1516 τὸν
1399 1461 1624 1532 Κύριον.
1670 1460 1828 1514 Ἀλλά
1861 1459 1958 1512 νῦν

367 1550 520 1624 οἶμαι
553 1554 641 1607 διά
665 1556 764 1626 τῆς
806 1554 914 1608 τῶν
960 1556 1219 1609 ἐναντίων
1250 1553 1543 1625 ὁμολογίας
1583 1551 1959 1622 ἀποδεδεῖχθαι

367 1647 429 1700 τὸ
465 1647 541 1720 μὴ
569 1648 980 1717 συκοφαντικῶς
1023 1650 1172 1719 ἡμᾶς
1218 1648 1279 1700 τὸ
1302 1647 1540 1700 τοιοῦτον
1568 1646 1818 1716 ἔγκλημα
1846 1647 1959 1706 τοῖς

368 1741 583 1811 ἐχθροῖς
599 1741 904 1811 ἐπιφέρειν.
953 1741 1010 1793 '0
1045 1742 1154 1811 γὰρ
1181 1740 1323 1810 μόνῳ
1353 1739 1428 1809 τῷ
1457 1739 1630 1809 Πατρὶ
1660 1740 1778 1790 κατ’
1803 1737 1958 1803 ἀξίαν

367 1829 678 1900 ὀφείλεσθαι
700 1829 794 1882 τοῦ
813 1828 1018 1898 ἀγαθοῦ
1038 1830 1138 1900 τὴν
1159 1828 1473 1898 ἐπωνυμίαν
1500 1828 1692 1895 λέγων,
1719 1827 1958 1896 κάκείνῳ

372 1919 518 1992 μόνῳ
546 1921 841 1991 προσήκειν
858 1918 1027 1973 εἰπὼν
1049 1918 1148 1990 τὴν
1166 1917 1420 1987 τοιαύτην
1448 1918 1653 1989 φωνὴν,
1674 1915 1772 1987 τὴν
1806 1933 1963 1987 περι-
1994 1900 2034 1954 Β

369 2011 707 2082 εσταλμένην
736 2012 794 2063 ὲν
823 2014 935 2073 τοῖς
986 2011 1291 2081 προάγουσι
1335 2009 1597 2080 πονηρίαν
1650 2008 1743 2061 νῦν
1767 2010 1962 2061 ἀνακε-

369 2103 706 2173 καλυμμένῳ
759 2102 1073 2172 δημοσιεύει
1125 2101 1203 2172 τῷ
1244 2101 1409 2172 λόγῳ.
1467 2102 1630 2172 Μόνῳ
1699 2102 1833 2172 φησὶ
1885 2101 1962 2171 τῷ

371 2193 546 2264 Πατρὶ
569 2194 870 2265 προσήκειν
930 2191 1023 2246 τοῦ
1064 2191 1271 2262 ἀγαθοῦ
1310 2195 1408 2263 τὴν
1443 2193 1778 2262 ἐπωνυμίαν.
1816 2189 1964 2262 1rAput

374 2286 512 2356 μετά
540 2287 636 2354 τῆς
659 2287 988 2356 ἐγκειμένης
1003 2289 1068 2356 τῇ
1088 2287 1239 2356 φωνῇ
1263 2285 1558 2356 σημασίας,
1589 2283 1620 2355 ἦ
1644 2285 1962 2354 διεζευγμέ-

370 2395 469 2449 νην
510 2380 610 2449 τῆς
637 2378 842 2441 οἰκείας
888 2377 1222 2448 ἐμφάσεωςς
1257 2379 1320 2432 Εἰ
1355 2378 1452 2448 μὲν
1475 2374 1567 2430 οῦν
1594 2378 1654 2429 τὸ
1678 2378 1847 2448 ὄνομα
1867 2377 1962 2429 τοῦ

371 2471 580 2542 ἀγαθοῦ
612 2473 772 2542 μόνον
811 2470 1097 2540 ἀνατίθησι
1155 2469 1234 2541 τῷ
1277 2470 1456 2541 Πατρὶ
1487 2470 1607 2524 κατ’
1659 2470 1960 2542 ἐξαίρετον,

373 2563 576 2627 ἐλεινὸς
606 2563 670 2616 ἂν
709 2563 794 2634 εἴη
840 2563 942 2632 τῆς
977 2563 1221 2631 ἀλογίας,
1254 2564 1498 2634 ῥήματος
1519 2563 1766 2616 διακένου
1796 2563 1965 2631 ψόφον

372 2657 450 2727 τῷ
462 2656 637 2728 Harp!
654 2655 1031 2727 χαριζόμενος.
1058 2655 1118 2708 Εἰ
1142 2654 1200 2707 δὲ
1233 2654 1294 2707 τὸ
1313 2653 1490 2725 νόημα
1516 2654 1577 2707 τὸ
1594 2655 1682 2708 διά
1709 2654 1802 2706 τοῦ
1826 2657 1964 2724 ἀγα-

372 2746 469 2801 θοῦ
509 2748 929 2818 σημαινόμενον,
971 2747 1118 2818 μόνῳ
1136 2748 1435 2818 προσήκειν
1451 2745 1622 2800 οἴεται
1645 2746 1722 2817 τῷ
1737 2747 1854 2817 Θεῴ
1873 2748 1966 2821 καὶ

375 2839 571 2908 Πατρὶ,
599 2838 881 2908 βδελυκτὺς
914 2839 980 2891 ἂν
997 2839 1080 2910 εἴη
1103 2839 1203 2910 τῆς
1229 2838 1622 2904 ἀσεϐείας,τῶν
1648 2838 1965 2910 Μανιχαίων

374 2929 472 3001 τὴν
495 2929 648 2982 νόσον
677 2929 770 2981 ἐπὶ
812 2929 919 2981 τῶν
943 2928 1089 2982 ἰδίων
1108 2928 1394 2996 δογμάτων
1422 2928 1835 2998 ἀνανεούμενος.
1880 2929 1966 2992 Ὠς

376 3021 482 3094 γάρ
508 3022 666 3090 ὑγεία
681 3022 774 3074 καὶ
803 3021 978 3086 νόσος,
1002 3019 1178 3083 οὕτως
1209 3021 1301 3074 καὶ
1317 3021 1589 3092 ἀγαθότης
1610 3021 1701 3073 καὶ
1732 3021 1966 3092 πονηρία

374 3116 494 3177 ταῖς
524 3113 765 3184 ἀλλήλων
812 3115 1122 3186 ἀναιρέσεσι
1179 3115 1650 3186 παρυφίστανταιο
1683 3113 1822 3167 ὥστε
1868 3115 1966 3185 τὴν

376 3204 470 3258 τοῦ
503 3205 620 3269 ἑνὸς
664 3205 954 3271 ἀπουσίαν,
995 3204 1230 3276 ὓπαρξιν
1255 3205 1349 3258 τοῦ
1390 3205 1577 3278 ἐτέρου
1603 3205 1869 3274 γίνεσθαι.
1903 3207 1966 3258 Εἰ

376 3293 470 3349 οὖν
502 3297 647 3367 μόνῳ
669 3295 747 3368 τῷ
791 3297 967 3366 Harp!
1003 3297 1302 3369 προσήκειν
1333 3296 1480 3366 λέγει
1503 3297 1602 3368 τὴν
1631 3297 1963 3366 ἀγαθότητα,

378 3387 654 3442 ἀποκλείει
687 3387 890 3459 ταύτης
916 3389 1021 3441 πᾶν
1046 3389 1074 3441 ὃ
1100 3406 1150 3440 τι
1169 3389 1433 3459 πάρεστιν
1460 3389 1515 3440 ἐν
1538 3389 1650 3451 τοῖς
1672 3383 1788 3441 οὖσι
1818 3387 1968 3457 παρὰ

377 3480 468 3533 τὸν
496 3479 714 3552 Πατέρα
751 3464 1062 3550 νοούμενον,
1095 3478 1234 3532 ὥστε
1258 3482 1372 3543 τοῖς
1409 3482 1543 3533 πᾶσι
1575 3482 1669 3533 καὶ
1692 3480 1782 3532 τὸν
1806 3497 1937 3550 μονο
1955 3509 1967 3519 ο

379 3573 510 3644 γενῆ
564 3573 696 3626 Θεὸν
730 3571 824 3625 τοῦ
875 3571 1082 3640 ἀγαθοῦ
1134 3573 1611 3644 συναπείργεσθαι.
1659 3574 1747 3636 Ὠς
1795 3572 1906 3645 γὰρ
1942 3575 1970 3625 ὀ

383 3662 543 3732 μόνον
567 3663 884 3731 γελαστικὸν
907 3658 1046 3716 εἷναι
1067 3662 1242 3731 λέγων
1258 3663 1348 3716 τὸν
1381 3663 1690 3736 ἄνθρωπον,
1713 3663 1773 3717 τὸ
1804 3664 1968 3734 μηδὲν

379 3752 487 3805 τῶν
519 3753 723 3808 λοιπῶν
752 3755 906 3819 ζώων
939 3757 1037 3824 τῆς
1057 3755 1316 3824 ἰδιότητος
1340 3754 1542 3824 ταύτης
1576 3756 1824 3826 μετέχειν
1855 3773 1973 3808 συν-

382 3844 721 3912 ενεδείξατο·
775 3845 949 3909 οὕτως
980 3848 1008 3900 6
1053 3849 1110 3899 ὲν
1167 3847 1314 3917 μόνῳ
1345 3847 1422 3918 τῷ
1466 3849 1642 3920 Πατρὶ
1671 3848 1732 3901 τὸ
1768 3847 1970 3916 ἀγαθὸν

383 3931 521 3991 εἶναι
570 3938 1013 4008 ἀποφηνάμενος,
1064 3940 1286 4011 χωρίζει
1313 3940 1382 3992 τά
1407 3940 1584 3992 πάντα
1613 3941 1714 4010 τῆς
1744 3940 1885 3993 κατά
1910 3941 1971 3993 τὸ

383 4028 586 4098 ἀγαθὸν
625 4029 906 4102 ἰδιότητος.
952 4031 1016 4082 Εἰ
1064 4026 1156 4084 οῦν
1203 4031 1363 4101 μόνος
1392 4034 1419 4085 6
1446 4031 1636 4102 Πατὴρ
1667 4036 1787 4084 κατ’
1813 4032 1970 4098 ἀξίαν

383 4123 737 4195 ὀφειλομένην
777 4123 892 4194 ἔχει
927 4122 1018 4176 τοῦ
1064 4123 1270 4192 ἀγαθοῦ
1302 4123 1400 4195 τὴν
1424 4124 1760 4194 ἐπωνυμίαν,
1791 4124 1972 4188 καθώς

385 4235 550 4291 φησιν
582 4219 610 4271 6
638 4219 920 4288 Εὖνόμιος,
957 4218 1130 4270 οὐδενὶ
1161 4217 1269 4270 τῶν
1304 4217 1479 4271 ἄλλων
1505 4220 1538 4288 ἡ
1565 4218 1786 4288 τοιαύτη
1819 4219 1972 4290 φωνὴ

387 4311 588 4385 κυρίως
617 4310 1121 4382 ὲφαρμοσθήσεται.
1171 4312 1327 4364 Πᾶσα
1363 4311 1420 4364 δὲ
1463 4312 1781 4383 προαίρεσις
1806 4315 1973 4384 ὀρμη-

385 4403 532 4474 τικὴ,
576 4403 693 4474 ἢτοι
725 4403 866 4455 κατά
887 4402 947 4454 τὸ
970 4402 1171 4469 ἀγαθον
1195 4405 1495 4474 ἐνεργεῖται
1522 4404 1754 4466 πάντως,
1786 4404 1973 4474 ἢπρὸς

385 4496 446 4550 τὸ
498 4495 873 4566 ἀντικείμενον
919 4495 1166 4566 φέρεται.
1223 4496 1298 4548 Τὸ
1344 4496 1452 4566 γὰρ
1499 4496 1634 4567 πρὸς
1687 4495 1971 4568 οὐθέτερον

2066 628 2213 682 boui.
2255 627 2396 693 Quid
2442 629 2588 683 enim
2633 628 2871 696 amplius
2913 641 2944 679 a
2991 625 3152 680 nobis
3207 623 3440 680 inveniri
3481 625 3658 696 possit

2063 720 2130 774 ad
2179 722 2578 776 malevolentia:
2617 717 3168 780 demonstrationem,
3212 732 3380 788 quam
3412 716 3560 789 quod
3596 717 3654 772 in

2061 821 2319 880 promptu
2350 810 2419 864 ab
2454 810 2592 880 ipsis
2631 811 2684 864 in
2730 810 2952 879 scriptis
2984 809 3314 874 ostenditur,
3351 809 3528 864 solum
3559 826 3658 880 ap-

2061 904 2354 974 pellatione
2381 903 2509 956 boni
2559 904 2784 973 dignum
2817 901 3034 956 Patrem
3065 903 3232 957 esse?
3264 900 3343 956 llli
3387 903 3514 967 soli,
3553 904 3653 966 ait,

2062 997 2225 1049 talem
2272 996 2695 1065 appellationem
2749 994 2959 1057 deberi,
3009 1006 3062 1048 ut
3112 993 3254 1049 Filio
3302 995 3468 1050 etiam
3520 995 3657 1050 asti-

2061 1087 2282 1156 pulante
2329 1087 2403 1139 illi
2443 1087 2544 1140 soli
2597 1086 2814 1140 bonitas
2849 1095 3145 1154 competat.
3184 1086 3292 1140 l’ro
3315 1086 3476 1142 nobis
3511 1102 3652 1142 cau-

2062 1195 2179 1233 sam
2229 1178 2341 1249 egit
2409 1185 2731 1244 accusator;
2784 1177 3042 1232 fortassis
3095 1177 3241 1232 enim
3311 1179 3656 1250 sycophanta

2066 1271 2292 1340 quidam
2339 1280 2392 1325 et
2423 1271 2796 1325 calumniator
2839 1271 3142 1326 lectoribus
3187 1271 3544 1327 existimabar
3597 1274 3654 1328 in

2063 1362 2150 1415 bis
2198 1377 2319 1432 qua:
2350 1361 2507 1431 prius
2553 1377 2584 1414 a
2612 1377 2700 1416 me
2724 1361 2930 1431 scripta
2955 1369 3106 1425 sunt,
3149 1361 3202 1416 in
3224 1361 3428 1431 quibus
3449 1361 3657 1416 Christi

2062 1462 2474 1524 oppugnatores
2525 1452 2816 1508 Dominum
2846 1454 3085 1508 alienum
3129 1461 3183 1507 et
3227 1463 3501 1509 semotum
3533 1468 3657 1508 esse

2061 1561 2090 1598 a
2119 1555 2346 1616 paterna
2389 1546 2636 1600 bonitate
2662 1553 3001 1616 praastruere
3035 1545 3502 1602 demonstrabam.
3549 1545 3655 1600 Sed

2065 1652 2216 1692 nunc
2259 1639 2460 1708 opinor
2495 1653 2594 1707 per
2623 1637 3066 1692 adversariorum
3106 1638 3517 1694 confessionem
3560 1636 3659 1692 de-

2064 1738 2434 1785 monstratum
2460 1745 2603 1792 esse,
2643 1745 2751 1782 non
2785 1730 3058 1784 malitiose
3091 1737 3145 1783 et
3172 1731 3516 1785 calumniose
3552 1744 3655 1784 nos

2063 1819 2171 1874 tale
2211 1820 2422 1873 crimen
2463 1819 2707 1874 inimicis
2753 1818 2976 1873 inferre.
3027 1819 3130 1885 Qui
3175 1821 3320 1876 enim
3374 1821 3476 1875 soli
3507 1820 3656 1877 Patri

2064 1926 2164 1981 pro
2221 1911 2492 1982 dignitate
2548 1911 2678 1967 boni
2726 1912 3149 1981 appellationum
3195 1913 3384 1969 deberi
3433 1915 3655 1979 asserit,

2063 2014 2119 2058 et
2159 2005 2323 2060 talem
2366 2020 2558 2060 vocem
2605 2004 2682 2058 illi
2726 2005 2828 2058 soli
2872 2008 3167 2061 convenire
3195 2007 3290 2075 qui
3325 2005 3486 2070 dixit,
3521 2021 3658 2061 con-

2065 2104 2295 2150 tractam
2315 2095 2369 2149 in
2392 2095 2836 2165 pnecedentibus
2859 2097 3268 2166 improbitatem
3296 2115 3444 2153 nunc
3467 2107 3656 2168 aperto

2065 2197 2121 2242 et
2163 2191 2410 2242 revelato
2457 2203 2712 2244 sermone
2763 2189 3031 2259 publicat.
3089 2189 3201 2244 Soli
3262 2191 3443 2261 inquit
3503 2190 3655 2244 Patri

2065 2284 2359 2338 convenire
2403 2283 2532 2337 boni
2575 2283 3104 2340 denominationem.
3154 2283 3350 2339 Utrum
3404 2301 3528 2340 cum
3566 2287 3656 2342 iu-

2018 2404 2025 2410 -
2067 2377 2170 2433 sita
2209 2377 2334 2432 voci
2365 2376 2798 2446 signiﬁcatione,
2838 2391 2907 2430 an
2944 2393 3079 2432 vero
3110 2376 3442 2445 disjunctam
3481 2394 3509 2430 a
3536 2394 3659 2447 pro-

2065 2469 2188 2540 prio
2223 2468 2577 2539 significato?
2607 2467 2664 2521 Si
2707 2468 2879 2537 igitur
2913 2469 3091 2523 solum
3115 2468 3243 2523 boni
3273 2486 3472 2524 nomen
3504 2468 3653 2524 Patri

2067 2561 2318 2617 attribuit
2366 2576 2465 2631 per
2518 2561 2927 2626 excellentiam,
2978 2561 3316 2616 miserabilis
3371 2562 3537 2617 fuerit
3587 2563 3657 2618 ob

2067 2653 2421 2718 dementiam,
2446 2653 2629 2706 inanis
2651 2653 2800 2707 verbi
2828 2653 3115 2723 strepitum
3149 2653 3298 2708 Patri
3317 2655 3655 2724 gratiﬁcans.

2067 2745 2223 2812 Quod
2266 2747 2311 2800 si
2350 2746 2630 2799 notionem
2675 2760 2799 2815 qua:
2849 2745 2976 2799 boni
3025 2746 3250 2800 nomine
3293 2747 3655 2817 significatur.

2069 2835 2172 2888 soli
2217 2832 2328 2888 Deo
2365 2843 2420 2888 et
2474 2833 2624 2888 Patri
2670 2834 2967 2890 convenire
3006 2845 3183 2906 putat,
3219 2837 3575 2893 exsecrabilis
3603 2847 3658 2892 et

2069 2928 2476 2983 abominandus
2535 2927 2700 2982 fuerit
2745 2928 3045 2999 impietatis
3096 2945 3285 2994 causa,
3319 2938 3381 2984 ut
3415 2931 3507 3000 qui
3539 2931 3657 2984 Ma—

2070 3019 2409 3075 nichaaorum
2446 3021 2700 3074 morbum
2742 3020 2798 3074 in
2853 3020 2972 3076 suis
3009 3020 3252 3077 decretis
3295 3030 3525 3078 renovet
3557 3041 3566 3073 :
3599 3033 3658 3076 ut

2068 3112 2215 3167 enim
2254 3112 2466 3166 sanitas
2499 3119 2553 3167 et
2585 3112 2844 3172 morbus.
2879 3113 2960 3166 sic
3003 3112 3219 3167 bonitas
3247 3123 3300 3168 ct
3333 3114 3658 3184 improbitas

2070 3205 2280 3260 mutuis
2309 3206 2723 3262 sublationibus
2751 3207 3072 3262 subsistunt
3100 3225 3119 3264 :
3155 3208 3229 3261 ita
3265 3216 3324 3260 ut
3360 3208 3525 3262 unius
3557 3210 3658 3261 ab-

2073 3298 2287 3365 sentia,
2324 3298 2555 3353 alterius
2586 3298 2915 3353 exsistcntia
2953 3299 3064 3353 fias.
3102 3297 3245 3369 Ergo
3279 3300 3325 3353 si
3364 3297 3514 3353 Patri
3554 3300 3658 3354 soli

2071 3388 2376 3443 bonitatem
2440 3396 2696 3443 autumat
2745 3389 3084 3454 convenire,
3136 3391 3206 3442 ab
3264 3389 3367 3441 hac
3416 3391 3660 3443 excludit

2071 3481 2341 3552 quidquid
2375 3481 2430 3536 in
2460 3496 2647 3536 rerum
2679 3491 2878 3534 natura
2911 3481 3257 3552 intelligitur,
3293 3491 3525 3552 excepto
3556 3481 3660 3536 Pa-

2073 3583 2176 3627 tre.
2225 3572 2302 3627 lta
2340 3581 2400 3627 ut
2438 3588 2565 3628 cum
2601 3574 2861 3629 omnibus
2905 3574 3072 3629 etiam
3104 3575 3422 3644 unigenitus
3453 3574 3599 3631 Deus
3629 3592 3659 3629 a

2071 3666 2222 3721 bono
2256 3665 2626 3721 excludatur:
2661 3675 2722 3720 ut
2751 3666 2897 3720 enim
2939 3666 3036 3735 qui
3075 3667 3211 3720 dicit
3254 3668 3432 3722 solum
3482 3668 3661 3724 homi—

2073 3774 2196 3812 nem
2229 3759 2366 3813 risui
2411 3766 2599 3827 aptum
2642 3773 2768 3813 esse
2805 3766 3004 3811 natura
3028 3798 3041 3817 .
3074 3760 3286 3812 nullum
3318 3759 3656 3828 reliquorum

2073 3850 2394 3905 animalium
2426 3849 2594 3918 hujus
2629 3849 2986 3919 proprietatis
3020 3851 3298 3919 particeps
3333 3865 3459 3905 esse
3489 3851 3658 3906 simul

2072 3942 2520 3997 demonstravit:
2559 3941 2639 3995 sic
2673 3941 2767 4010 qui
2819 3941 2871 3995 in
2915 3939 3077 3996 Patre
3111 3942 3231 3995 solo
3277 3941 3482 3995 bonum
3534 3957 3660 3997 esse

2075 4033 2492 4104 pronuntiavit,
2520 4034 2704 4087 omnia
2740 4041 2962 4102 separat
2991 4049 3019 4085 a
3049 4032 3386 4104 proprietate
3416 4034 3570 4089 boui.
3601 4034 3656 4089 Si

2074 4125 2244 4196 igitur
2273 4124 2427 4178 solus
2450 4121 2617 4178 Pater
2644 4139 2744 4193 pro
2770 4124 3040 4194 dignitate
3067 4125 3307 4180 debitam
3333 4125 3501 4180 habet
3530 4127 3668 4182 boni.

2075 4217 2509 4272 nominationem
2531 4257 2545 4278 ,
2578 4216 2725 4271 sicut
2755 4216 2832 4269 ait
2862 4215 3168 4270 Eunomius
3188 4254 3204 4278 ,
3239 4215 3376 4269 nulli
3421 4216 3667 4270 aliorum

2073 4325 2178 4372 vox
2206 4310 2332 4364 talis
2365 4307 2584 4380 proprie
2611 4307 2999 4378 applicabitur.
3027 4307 3222 4363 Omnis
3247 4316 3431 4363 autem
3463 4309 3661 4364 electio

2073 4417 2196 4471 quae
2233 4411 2385 4455 motu
2417 4401 2736 4454 voluntario
2769 4399 2964 4464 fertur,
2999 4402 3083 4456 vel
3116 4401 3420 4456 secundum
3454 4403 3658 4456 bonum

2075 4507 2305 4564 prorsus
2349 4499 2632 4562 operatur,
2678 4492 2763 4545 vel
2806 4492 2874 4545 ad
2905 4492 3248 4545 contrarium
3284 4491 3480 4547 fertur.
3523 4491 3661 4546 Nam

387 4582 703 4655 ἐπιρρεπῶς
744 4583 908 4653 ἔχειν,
945 4583 979 4654 ἢ
1020 4583 1128 4636 τῶν
1169 4584 1392 4655 ἀψύχων
1428 4586 1579 4647 ἴδιον,
1619 4585 1652 4656 ἢ
1686 4587 1793 4639 τῶν
1823 4588 1967 4639 ἀναι-

2079 4585 2144 4637 ad
2198 4594 2455 4639 neutrum
2503 4583 2880 4654 propendere,
2931 4585 3015 4638 vel
3064 4600 3256 4638 eorum
3301 4601 3423 4653 qua:
3472 4595 3663 4640 carent

390 4677 602 4748 σθήτων
633 4676 799 4730 ἐστίν.
829 4679 891 4728 Ei
924 4678 1104 4731 τοίνυν
1136 4678 1296 4747 μόνος
1331 4682 1357 4731 6
1395 4679 1585 4750 Πατὴρ
1611 4679 1833 4747 ἀγαθὸς,
1874 4681 1975 4734 οὐκ

388 4769 675 4839 ἐπίκτητον
710 4767 870 4838 ἔχων,
905 4769 1020 4821 ἀλλ’
1046 4771 1102 4820 ἐν
1124 4773 1190 4839 τῇ
1230 4770 1388 4839 φύσει
1414 4771 1511 4839 τὴν
1540 4770 1872 4840 ἀγαθότητα,
1911 4771 1972 4823 οὐ

389 4865 632 4916 κοινωνεί
652 4861 708 4913 δὲ
730 4861 807 4931 τῷ
828 4862 1001 4931 Πατρ¹ι
1026 4863 1124 4932 τῆς
1141 4863 1356 4932 φύσεως
1383 4866 1411 4916 ὀ
1440 4864 1589 4928 Υἱὸς,
1619 4864 1800 4927 καθὼς
1828 4868 1859 4934 ἡ
1892 4865 1976 4916 αἴ-

393 4971 540 5022 ρεσις
575 4953 849 5023 βούλεται·
876 4950 915 5006 ’ὁ
941 4957 1039 5024 τῆς
1085 4953 1297 5023 ἀγαθῆς
1330 4955 1517 5019 οὐσίας
1555 4955 1840 5027 ἀμέτοχος,
1881 4957 1974 5009 καὶ

388 5046 486 5114 τῆς
514 5043 606 5097 τοῦ
638 5043 843 5112 ἀγαθοῦ
888 5044 1104 5108 πάντως
1139 5047 1453 5115 ἐπωνυμίας
1496 5045 1971 5117 συνηλλοτρίωται.

402 5139 459 5189 '0
487 5137 541 5189 δὲ
575 5138 712 5208 μήτε
736 5137 834 5206 τῆς
873 5136 1086 5205 φύσεως
1122 5137 1216 5190 τοῦ
1255 5138 1485 5205 ἀγαθοῦ,
1531 5139 1668 5210 μήτε
1697 5139 1793 5208 τῆς
1831 5141 1975 5193 ὲπωυ

390 5229 587 5297 νυμίας
649 5227 913 5298 μετέχων,
958 5228 1060 5280 οὐκ
1108 5228 1382 5295 ἀγνοεῖται
1421 5229 1638 5292 πάντως
1663 5229 1811 5292 ὅστις
1835 5229 1969 5294 ἐστὶ,

392 5318 493 5371 κάν
523 5318 633 5387 ἐγὼ
695 5319 970 5390 φείσωμαι
1023 5318 1115 5372 τοῦ
1142 5319 1462 5391 βλασφήμου
1492 5321 1773 5391 ὀνόματος.
1807 5322 1976 5374 Παντὶ⁵

391 5413 500 5483 γὰρ
521 5412 678 5481 δῆλόν
709 5415 854 5466 ἐστιν
889 5415 970 5466 ὅτι
1012 5413 1074 5466 τὸ
1103 5414 1340 5485 πονηρόν
1375 5430 1435 5465 τε
1475 5413 1569 5467 καὶ
1601 5414 1974 5482 ἀντικείμενον

392 5507 472 5567 είς
517 5506 615 5574 τὴν
656 5505 750 5558 τοῦ
782 5505 912 5558 Υίοῦ
953 5505 1159 5558 ἔννοιαν
1214 5505 1585 5575 ὑποϐληθῆναι
1625 5505 1920 5574 φιλονεικεῖ
1947 5507 1976 5558 6

393 5597 670 5666 Εὑνόμιος.
723 5598 780 5650 Ὀ
814 5598 922 5668 γὰρ
969 5598 1042 5668 μὴ
1073 5597 1296 5666 ἀγαθὸς,
1331 5599 1468 5668 πρὸς
1502 5601 1650 5650 ποῖον
1682 5598 1852 5668 ὄνομα
1895 5599 1973 5650 oi-

393 5691 555 5754 κείως
579 5690 710 5759 ἔχει,
765 5692 925 5744 παντὶ
976 5693 1206 5764 φανερὸν
1261 5692 1339 5762 τῷ
1382 5691 1619 5755 διανοίας
1672 5692 1970 5762 μετέχοντι.

406 5785 492 5845 Ὠς
526 5785 632 5854 γὰρ
689 5787 717 5836 6
768 5785 844 5854 μὴ
895 5785 1157 5854 ἀνδρεῖος,
1186 5785 1382 5850 δειλὸς,
1419 5785 1513 5838 καὶ
1553 5786 1581 5836 6
1613 5784 1686 5855 μὴ
1743 5784 1969 5854 δίκαιος,

393 5878 596 5942 ἀεικος,
648 5879 740 5932 καὶ
787 5881 814 5931 6
853 5877 926 5948 μὴ
981 5881 1138 5949 σοφὸς
1171 5879 1357 5951 ἄφρων
1404 5879 1775 5942 ἐστίν-οὓτως
1809 5880 1903 5935 καὶ
1944 5882 1971 5933 6

2077 4678 2258 4731 anima
2288 4679 2574 4746 proprium
2604 4684 2718 4736 est,
2748 4677 2834 4730 vel
2867 4692 3059 4730 eorum
3092 4693 3214 4746 quae
3245 4693 3409 4731 sensu
3443 4679 3662 4745 privan-

2078 4778 2186 4824 tur.
2217 4770 2278 4824 Si
2305 4771 2473 4840 igitur
2502 4770 2656 4824 solus
2690 4768 2854 4822 Pater
2880 4769 3058 4823 bonus
3079 4808 3093 4830 ,
3128 4784 3237 4823 non
3267 4769 3622 4824 adventitiam
3643 4811 3660 4835 ,

2077 4864 2172 4917 sed
2206 4871 2405 4916 natura
2450 4863 2672 4916 insitam
2727 4861 2936 4916 habens
2984 4860 3314 4925 bonitatem,
3345 4877 3456 4914 non
3508 4877 3663 4916 com-

2078 4970 2300 5009 munem
2330 4962 2515 5009 antem
2548 4969 2673 5007 cum
2711 4952 2871 5007 Patre
2900 4953 3114 5007 obtinet
3150 4961 3403 5005 naturam
3449 4951 3660 5017 Filius,

2077 5049 2224 5104 sicut
2258 5049 2374 5101 vult
2410 5047 2637 5102 haeresis
2665 5064 2680 5102 :
2716 5048 2808 5116 qui
2846 5046 3003 5100 bonae
3036 5045 3290 5100 essentia:
3323 5053 3407 5098 est
3436 5060 3662 5109 exsors,

2075 5153 2130 5196 et
2166 5157 2194 5195 ει
2245 5141 2372 5194 boni
2416 5141 2582 5194 etiam
2629 5142 3012 5194 nominatione
3053 5154 3283 5209 prorsus
3310 5150 3396 5194 est
3427 5140 3661 5196 alienus.

2076 5232 2178 5299 Qui
2222 5244 2400 5287 autem
2431 5248 2609 5302 neque
2634 5233 2764 5286 boni
2795 5244 3005 5287 naturae
3028 5273 3043 5296 ,
3077 5247 3256 5302 neque
3281 5232 3665 5303 appellationis

2075 5335 2161 5382 est
2193 5328 2492 5398 particeps,
2525 5341 2631 5379 non
2661 5327 2913 5396 profecto
2940 5327 3228 5396 ignoratur
3255 5326 3513 5396 quisnam
3542 5335 3628 5383 est
3647 5366 3664 5384 .

2075 5420 2292 5476 etiamsi
2321 5434 2424 5490 ego
2453 5419 2718 5474 maledico
2741 5427 2796 5474 ct
2817 5419 2983 5488 impio
3006 5419 3213 5473 nomini
3244 5433 3487 5487 parcam.
3533 5417 3667 5473 Cui-

2074 5513 2160 5566 vis
2203 5511 2350 5566 enim
2399 5511 2754 5566 manifestum
2794 5519 2910 5575 est,
2949 5510 3099 5579 quod
3143 5509 3454 5580 improbum
3504 5510 3668 5580 quid-

2076 5604 2200 5657 dam
2243 5612 2299 5658 et
2346 5607 2688 5657 contrarium
2733 5604 2788 5657 in
2836 5602 2961 5658 Filii
3000 5604 3284 5659 notionem
3336 5603 3670 5659 submittere

2077 5697 2316 5767 maligne
2345 5697 2630 5752 contendit
2663 5696 2990 5753 Eunomius.
3023 5698 3127 5764 Qui
3163 5697 3308 5752 enim
3345 5712 3453 5751 non
3487 5696 3668 5751 bonus

2075 5796 2162 5844 cst
2181 5828 2196 5854 ,
2229 5804 2339 5858 quo
2372 5789 2598 5843 nomine
2626 5790 2697 5842 sit
2725 5791 2946 5860 proprie
2971 5789 3352 5861 appellandus,
3375 5789 3550 5845 cuivis
3579 5803 3666 5842 ra-

2079 5881 2246 5937 tionis
2295 5881 2586 5939 discursus
2631 5881 2890 5954 participi
2940 5883 3294 5955 perspicuum
3344 5889 3452 5940 est.
3507 5882 3668 5937 Sicut
