4142 6374
495 385 603 441 859

1742 384 1801 439 S.
1841 382 2169 438 GREGORII
2220 385 2262 438 N
2277 385 2516 442 YSSENI

3640 392 3743 446 860

492 510 643 565 enim
670 509 765 579 qui
796 525 906 565 non
943 518 1027 566 est
1059 510 1254 577 fortis,
1282 509 1511 564 timidus
1540 519 1664 574 est;
1702 509 1796 580 qui
1832 525 1942 564 non
1976 510 2069 580 ju-

2176 510 2251 580 μὴ
2295 512 2493 579 ἀγαθὸς
2536 512 2797 583 πρόδηλον
2855 512 2966 583 ἔχει
3024 515 3084 568 τὸ
3128 512 3590 582 ἀντιφωνούημενον
3623 513 3740 566 ὅνο-

496 612 648 665 stus,
690 603 972 673 iniustus;
1014 604 1108 674 qui
1146 618 1251 657 non
1286 604 1543 672 sapiens,
1580 620 1770 659 amens
1813 613 1938 660 est:
1988 604 2071 658 sic

494 698 587 767 qui
619 712 728 751 non
770 697 983 759 bonus,
1020 696 1371 766 perspicuum
1414 705 1500 751 est
1542 698 1685 766 quod
1725 714 1792 751 cx
1840 699 2071 751 adverso

493 785 837 855 respondens
866 786 1029 840 habet
1061 801 1302 840 nomen:
1347 786 1414 838 ad
1462 789 1609 855 quod
1649 786 1924 856 Unigeniti
1970 803 2070 842 no-

493 875 699 929 tionem
735 875 1031 929 extrudere
1063 875 1267 930 Christi
1301 885 1645 946 Oppugnator
1676 877 1946 931 violentus
1982 879 2069 930 ni-

497 967 632 1020 titur
656 984 669 1020 :
700 967 841 1021 alius
866 966 1081 1029 Manes,
1107 968 1191 1021 vel
1221 967 1561 1022 Bardesanes
1584 968 1840 1022 Ecclesia:
1865 968 2063 1023 factus.

497 1055 623 1112 llaec
656 1068 785 1113 sunt
815 1059 869 1112 in
901 1060 1099 1135 quibus
1135 1059 1272 1112 nihil
1308 1074 1432 1114 esse
1466 1067 1716 1113 nostrum
1755 1076 2065 1115 sermonem

492 1149 730 1204 dicimus
755 1150 972 1204 silentio
998 1151 1380 1204 ellicaciorem.
1414 1149 1629 1205 lnlinita
1655 1151 1780 1221 quis
1808 1152 2068 1221 prolocu-

494 1251 623 1307 tus,
672 1242 877 1311 quique
926 1258 1119 1296 omnes
1166 1243 1622 1298 ratiocinationes
1667 1243 2065 1309 commoverit,

495 1334 632 1386 nihil
661 1335 768 1387 tale
796 1333 863 1385 ad
892 1334 1305 1389 accusationem
1337 1334 1576 1397 dixerit,
1619 1336 1784 1404 quale
1836 1335 1907 1389 ab
1956 1336 2065 1391 illis

494 1423 632 1494 ipsis
655 1424 824 1478 libere
854 1423 1201 1492 praedicatur.
1226 1421 1369 1488 Quid
1393 1425 1539 1477 enim
1566 1424 1631 1477 ad
1660 1425 2064 1493 improbitatem

494 1516 621 1584 quis
701 1515 968 1569 invenerit
1017 1516 1198 1567 acrius
1259 1529 1421 1583 quam
1474 1530 1676 1584 negare
1711 1516 1911 1569 bonum
1945 1531 2069 1570 esse

476 1619 621 1659 'cum
651 1604 746 1673 qui
778 1604 834 1657 in
866 1604 1041 1657 forma
1075 1601 1165 1656 Dei
1200 1610 1311 1664 est.
1345 1605 1549 1673 quique
1577 1617 1684 1657 non
1720 1611 1803 1658 est
1835 1602 2069 1657 arbitra-

495 1705 585 1751 tus
616 1697 862 1766 rapinam
894 1711 1017 1750 esse
1044 1694 1155 1749 Deo
1189 1696 1450 1763 mqualem
1477 1695 1500 1746 ?
1525 1694 1620 1749 sed
1651 1695 1743 1764 qui
1782 1694 1850 1748 ad
1888 1694 2071 1748 humi-

496 1788 709 1842 litatem
759 1795 971 1840 natura:
1004 1787 1273 1839 humanae
1322 1784 1701 1848 descenderit,
1754 1785 1919 1854 idque
1969 1800 2068 1854 pro

2180 619 2289 671 μα’
2346 604 2481 673 πρὸς
2532 604 2561 657 ὃ
2616 605 2714 676 τὴν
2759 604 2850 658 τοῦ
2904 605 3240 673 Μονογενοῦς
3291 604 3496 657 ἔννοιαν
3526 603 3742 668 ἐξωθεῖν

2172 695 2200 746 ὁ
2234 693 2599 764 χριστομάχος
2650 693 2925 764 βιάζεται⁸
2981 694 3135 757 ἄλλος
3179 695 3403 763 Μάνης,
3450 694 3491 763 ἢ
3535 694 3740 763 Βαρδη-

2174 780 2340 851 σάνης
2395 785 2461 852 τῇ
2519 783 2813 855 Ἐκκλησία
2864 783 3163 853 γινόμενος.
3223 783 3407 837 Ταῦτά
3472 784 3617 836 ἐστιν
3685 785 3740 835 ὲν

2171 869 2252 938 οἷς
2307 875 2459 928 οὐδὲν
2492 876 2584 929 τὸν
2641 876 2797 943 λόγον
2832 877 2986 947 ήμῶν
3020 873 3158 930 εἷναί
3188 893 3364 946 φαμεν
3402 876 3499 944 τῆς
3531 874 3741 944 σιωπῆς

2170 968 2571 1039 ἐνεργέστερον.
2599 969 2786 1040 Μυρία
2810 985 2892 1031 τις
2918 966 3084 1020 εἰπὼν
3117 968 3209 1019 καὶ
3232 968 3436 1029 πάντας
3454 967 3740 1036 λογισμοὺς

2169 1060 2501 1129 ἀνακινήσας
2552 1060 2649 1112 οὐκ
2688 1060 2753 1113 ἂν
2800 1060 2941 1113 είποι
2982 1058 3221 1112 τοιοῦτον
3279 1062 3356 1122 είς
3410 1057 3739 1128 κατηγορίαν

2169 1153 2339 1218 οὐδὲν,
2371 1147 2479 1206 οἷον
2514 1152 2644 1223 παρ’
2675 1153 2854 1205 αὐτῶν
2888 1154 3109 1205 ἐκείνων
3142 1153 3198 1204 ὲν
3228 1152 3508 1222 παρρησία
3538 1149 3739 1221 κηρύσ-

2170 1261 2345 1298 σεται.
2381 1244 2444 1296 Τί
2473 1246 2579 1316 γάρ
2606 1247 2671 1299 ἄν
2708 1263 2788 1309 τις
2833 1245 2968 1309 πρὸς
3004 1244 3202 1297 κακίαν⁶
3225 1243 3373 1315 εὖροι
3396 1244 3735 1313 πικρότερον,

2169 1336 2201 1406 ἢ
2222 1336 2282 1387 τὸ
2312 1335 2385 1405 μὴ
2408 1334 2583 1402 λέγειν
2605 1335 2806 1403 ἀγαθὸν
2824 1331 2959 1387 εἶναι
2983 1335 3079 1387 τὸν
3104 1336 3161 1386 ὲν
3191 1336 3368 1404 μορφῇ
3399 1332 3533 1385 Θεοῦ
3569 1334 3740 1404 ὑπάρ-

2169 1444 2351 1497 χοντα,
2387 1428 2479 1479 καὶ
2516 1427 2612 1496 οὐχ
2672 1426 2963 1498 ἁρπαγμὸν
3006 1428 3350 1496 ἡγησάμενον
3390 1425 3450 1477 τὸ
3483 1421 3619 1478 εἶναι
3650 1422 3741 1479 ἶσα

2169 1517 2287 1588 Θεῷ
2310 1562 2329 1585 ,
2359 1519 2471 1571 ἀλλ’
2501 1519 2594 1571 ἐπὶ
2648 1519 2709 1571 τὸ
2759 1518 3013 1571 ταπεινὸν
3056 1520 3152 1586 τῆς
3186 1516 3529 1586 ἀνθρωπίνης
3576 1533 3740 1569 κατα-

2169 1608 2336 1663 ϐάντα
2374 1610 2616 1677 φύσεως,
2645 1609 2732 1662 διά
2766 1609 2932 1679 μόνην
2970 1608 3377 1680 φιλανθρωπίαν
3399 1607 3556 1661 τοῦτο
3580 1610 3738 1678 ποιή-

2173 1720 2339 1754 σαντα
2366 1720 2380 1767 ;
2424 1703 2568 1754 Ἀντί⁸
2622 1700 2766 1764 τίνος
2814 1697 2926 1766 οὖν,
2974 1700 3093 1753 εἰπέ
3123 1718 3231 1769 μοι,
3262 1700 3429 1753 ταῦτα
3452 1700 3532 1770 τῷ
3555 1700 3740 1770 Κυρίῳ

2171 1795 2580 1861 άνταποδίδοτε;
2623 1797 2896 1865 χρήσομαι
2928 1795 3036 1863 γάρ
3068 1799 3133 1865 τῇ
3160 1794 3437 1855 Μωῢσέως
3458 1793 3593 1864 πρὸς
3617 1796 3739 1857 τοὺς

496 1881 614 1935 sola
645 1894 743 1934 sua
774 1879 830 1932 in
865 1894 1036 1948 genus
1064 1878 1363 1931 humanum
1409 1877 1791 1931 benevolentia
1840 1876 1944 1929 hoc
1987 1876 2068 1930 fe—

2184 1886 2516 1957 Ίσραηλίτας
2539 1864 2723 1957 φωνῇξ
2748 1888 2859 1939 Οὐκ
2874 1886 3095 1954 ἀγαθὸς,
3124 1888 3271 1951 ὅστις
3286 1904 3343 1940 σε
3366 1887 3511 1942 κόνιν
3537 1889 3739 1957 ἄψυχον

496 1973 634 2027 cerit
653 1972 675 2025 ?
694 1971 864 2039 Cujus
890 1970 1171 2038 causa,dic
1199 1965 1479 2031 mihi,hzec
1501 1967 1732 2022 Domino
1760 1967 1988 2021 redditis
2016 1967 2070 2019 ‘?

497 2071 623 2116 utar
646 2062 790 2117 enim
823 2060 1035 2117 Moseos
1064 2062 1130 2114 ad
1160 2060 1438 2115 lsraelitas
1468 2074 1621 2113 voce.
1682 2059 1802 2130 Non
1855 2060 2030 2113 bonus
2052 2097 2067 2121 ,

496 2155 590 2224 qui
627 2163 679 2208 te
708 2169 834 2208 cum
876 2154 1053 2223 pulvis
1103 2152 1384 2207 inanimus
1424 2167 1613 2215 esses,
1658 2150 1845 2204 divina
1896 2150 2068 2203 forma

492 2254 873 2311 exornatum,
933 2245 1232 2313 animatam
1296 2243 1587 2314 imaginem
1650 2258 1763 2297 suae
1818 2242 2072 2311 potentia:

492 2338 713 2393 erexit?
764 2335 883 2390 Non
946 2337 1123 2390 bonus
1177 2335 1269 2404 qui
1326 2342 1549 2404 propter
1602 2343 1655 2388 te
1703 2335 1877 2388 forma
1927 2334 2067 2389 servi

497 2437 716 2498 sumpta
740 2468 755 2492 ,
790 2435 844 2483 et
876 2443 974 2497 pro
1007 2424 1210 2496 gaudio
1246 2433 1559 2494 prasente,
1580 2424 1661 2477 tui
1690 2425 1903 2493 peccati
1937 2423 2071 2477 allii-

495 2521 710 2576 ctiones
740 2528 795 2574 et
830 2519 1112 2573 cruciatus
1142 2518 1437 2581 abstersit,
1475 2525 1530 2571 et
1559 2532 1655 2585 pro
1688 2526 1780 2569 tua
1810 2524 1984 2570 morte
2013 2531 2072 2571 se

496 2615 732 2684 pretium
763 2613 942 2676 dedit,
976 2619 1033 2667 et
1065 2627 1163 2681 pro
1197 2613 1355 2665 nobis
1390 2610 1737 2664 maledictum
1771 2609 1886 2664 sive
1913 2623 2071 2663 exse—

495 2705 677 2760 cratio
707 2713 762 2760 et
790 2712 1075 2773 peccatum
1113 2702 1290 2757 factus
1319 2700 1447 2756 est?

464 2834 470 2839 -
568 2797 754 2867 Neque
793 2796 1035 2851 Marcion
1080 2802 1389 2850 vestrorum
1435 2794 1778 2849 decretorum
1831 2809 2067 2862 prazses,

497 2904 598 2944 vos
632 2888 687 2942 in
717 2888 820 2941 hac
850 2895 1009 2955 parte
1036 2883 1438 2948 emendaverit,
1470 2885 1559 2938 cui
1588 2901 1712 2937 cum
1745 2893 1923 2938 vestra
1954 2900 2072 2938 sen-

497 2980 670 3034 tentia
700 2978 1011 3032 communis
1060 2984 1145 3032 est
1191 2974 1417 3030 deorum
1470 2976 1738 3040 dualitas,
1784 2992 2071 3030 commune

494 3073 664 3129 etiam
712 3072 943 3127 alterum
995 3072 1064 3125 ab
1118 3072 1292 3125 altero
1335 3070 1638 3125 secundum
1682 3078 1933 3123 naturam
1967 3067 2072 3122 dif-

2171 1976 2300 2030 ὄντα
2326 1977 2549 2030 θεοειδεῖ
2594 1978 2780 2030 κάλλει
2804 1980 3250 2049 κατακοσμήσας,
3295 1980 3534 2051 ἔμψυχον
3560 1982 3740 2033 εἰκόνα

2171 2068 2270 2137 τῆς
2306 2068 2503 2122 ἑαυτοῦ
2552 2069 2830 2139 δυνάμεως
2871 2072 3246 2139 ἀνεστήσατο;
3293 2073 3404 2126 Οὐκ
3450 2072 3669 2139 ἀγαθὸς,
3711 2074 3751 2124 ά

2170 2161 2259 2214 διὰ
2288 2161 2347 2214 σὲ
2383 2162 2594 2232 μορφὴν
2618 2162 2801 2215 δούλου
2819 2162 3021 2224 λαϐὼν,
3044 2165 3138 2217 καὶ
3171 2166 3290 2217 ἀντὶ
3323 2165 3420 2235 τῆς
3449 2164 3739 2233 προκειμέ-

2171 2271 2269 2323 νης
2295 2252 2439 2322 αὐτῷ
2463 2256 2631 2323 χαρᾶς
2662 2253 2731 2305 τὰ
2765 2253 3062 2323 παθήματα
3092 2254 3187 2324 τῆς
3214 2256 3311 2324 σῆς
3327 2254 3599 2324 ἁμαρτίας
3615 2256 3743 2307 ἀνα-

2175 2344 2499 2414 μαξάμενος,
2557 2345 2650 2397 καὶ
2706 2345 2830 2407 δοὺς
2876 2346 3063 2398 ἑαυτὸν
3119 2344 3470 2414 ἀντάλλαγμα
3513 2344 3607 2397 τοῦ
3648 2344 3747 2396 σοῦ,

2173 2437 2421 2500 θανάτου,
2450 2438 2544 2490 καὶ
2581 2437 2718 2507 ὑπὲρ
2744 2438 2899 2508 ἡμῶν
2948 2437 3162 2508 κατάρα
3194 2437 3295 2490 καὶ
3321 2437 3563 2507 ἁμαρτία
3592 2436 3747 2504 γενό-

2175 2547 2331 2601 μενος
2347 2550 2361 2599 ;

2242 2797 2371 2850 Οὖδὲ
2404 2796 2668 2866 Μαρκίων
2728 2794 2867 2865 ὑμᾶς
2914 2797 2941 2848 ὁ
2988 2794 3095 2846 τῶν
3134 2793 3413 2863 ὑμετέρων
3459 2793 3743 2862 δογμάτων

2174 2891 2514 2960 προστάτης,
2571 2887 2711 2941 κατὰ
2768 2887 2926 2940 τοῦτο
2974 2886 3138 2956 μέρος
3186 2885 3651 2955 ἐπανορθώσαιτο⁶
3696 2877 3742 2952 ᾧ

2172 2981 2348 3036 κοινὸν
2382 2982 2478 3051 μὲν
2524 2980 2657 3051 πρὸς
2704 2979 2763 3032 τὸ
2824 2979 3083 3049 ὑμέτερον
3123 2978 3371 3047 φρόνημα
3401 2975 3505 3028 τῶν
3531 2974 3676 3027 Θεῶν
3703 2978 3740 3046 ἡ

2171 3074 2317 3135 δυὰς,
2354 3074 2449 3127 καὶ
2476 3074 2537 3125 τὸ
2568 3071 2943 3140 παρηλλάχθαι
2978 3070 3116 3121 κατὰ
3152 3070 3248 3137 τὴν
3284 3067 3444 3136 φύσιν
3488 3069 3741 3137 ἑκάτερον

497 3163 667 3227 ferre,
702 3171 915 3232 putare.
963 3161 1069 3216 Sed
1098 3164 1201 3216 hoc
1254 3162 1549 3216 humanius
1593 3169 1713 3223 est,
1763 3160 1909 3228 quod
1960 3159 2069 3213 Deo

2175 3166 2311 3238 πρὸς
2360 3165 2420 3218 τὸ
2448 3164 2632 3234 ἕτερον
2662 3162 2888 3215 οἴεσθαι.
2927 3160 3434 3230 Φιλανθρωπότερον
3482 3156 3619 3211 δὲτὸ
3647 3156 3743 3226 τὴν

498 3252 777 3323 Evangelii
821 3253 1121 3307 bonitatem
1153 3253 1446 3319 attribuit;
1479 3268 1576 3307 vos
1603 3261 1785 3307 autem
1816 3252 2071 3321 unigeni-

498 3353 614 3397 tum
673 3343 841 3397 Deum
892 3360 921 3397 a
974 3344 1103 3397 boni
1156 3354 1354 3398 natura
1406 3344 1727 3406 secernitis,
1788 3350 1849 3396 nt
1907 3344 2069 3397 etiam

499 3435 683 3505 ipsum
715 3434 1044 3490 Marcionem
1076 3436 1352 3505 dogmatis
1401 3435 1569 3490 vestri
1625 3434 1888 3504 pravitate
1937 3450 2074 3504 pra:-

497 3528 731 3582 cedalis.
766 3526 871 3581 Sed
904 3543 1001 3581 sua
1034 3527 1241 3597 scripta
1267 3527 1608 3591 defendunt,
1658 3536 1713 3582 et
1764 3535 1966 3597 negant
2013 3542 2073 3581 se

499 3617 644 3687 iusta
676 3618 920 3687 perpeti,
952 3617 1082 3671 dum
1118 3633 1216 3687 pro
1246 3618 1427 3672 verbis
1464 3617 1766 3687 Scriptura:
1800 3632 2073 3673 accusan-

499 3718 611 3761 tur.
652 3707 833 3778 lpsum
864 3708 1009 3762 enim
1042 3716 1300 3763 asserunt
1330 3707 1620 3762 Dominum
1645 3708 1853 3763 dixisse
1881 3727 1895 3763 :
1929 3707 2073 3762 Nut-

500 3799 584 3852 lus
607 3799 772 3851 bonus
797 3808 875 3853 est
900 3799 1002 3852 nisi
1023 3814 1159 3853 unus
1182 3798 1375 3854 Deus”.
1404 3797 1543 3869 Ergo
1566 3815 1634 3853 ne
1656 3797 1920 3855 adversus
1935 3798 2075 3853 divi-

500 3904 572 3944 na
598 3890 766 3945 verba
794 3890 1068 3945 calumnia
1089 3890 1198 3945 vim
1224 3890 1422 3945 habeat
1441 3930 1456 3953 ,
1484 3891 1662 3960 ipsum
1699 3892 2071 3961 evangelicum

500 3997 810 4036 sermonem
860 3981 1097 4037 breviter
1145 3982 1550 4053 dispescamus.
1611 3980 1872 4037 Juvenem
1926 3982 2075 4035 hunc

500 4074 655 4127 novit
684 4072 915 4128 historia
948 4072 1175 4127 divitem
1195 4112 1211 4137 ,
1244 4073 1313 4128 ad
1339 4089 1498 4144 quem
1540 4074 1683 4128 hanc
1713 4088 1898 4128 vocem
1938 4073 2075 4127 dixit

500 4163 808 4219 Dominus:
834 4164 1030 4232 opinor
1062 4163 1412 4219 huncJ‘uisse
1439 4165 1679 4233 aliquem
1711 4164 1803 4233 qui
1836 4164 1921 4218 his
1952 4164 2076 4217 vitae

501 4255 807 4310 commodis
856 4254 1100 4324 jucunde
1158 4254 1456 4319 frueretur,
1515 4256 1718 4325 quique
1767 4270 1898 4310 suas
1941 4270 2075 4324 Opes

502 4352 751 4412 amaret;
810 4344 991 4415 ipsum
1036 4346 1183 4400 enim
1250 4345 1496 4401 doluisse
1560 4346 1847 4417 Scriptura
1905 4356 2076 4402 testa-

501 4444 595 4492 tur
653 4436 722 4491 ad
775 4436 1068 4491 consilium
1115 4425 1492 4493 derelictionis
1549 4439 1903 4505 divitiarum,
1938 4454 2075 4509 quas

2173 3259 2482 3329 ἀγαθὸτητα
2506 3257 2583 3327 τῷ
2626 3256 2745 3326 Θεῷ
2785 3255 2874 3308 τοῦ
2918 3253 3246 3321 Εὑαγγελίου
3283 3254 3738 3323 προσμαρτυρεῖν.

2186 3352 2373 3421 Ὑμεῖς
2402 3351 2457 3402 δὲ
2487 3349 2699 3418 καὶτῆς
2738 3346 2831 3399 τοῦ
2881 3345 3082 3413 ἀγαθοῦ
3118 3343 3328 3412 φύσεως
3360 3344 3448 3395 τὸν
3484 3343 3743 3411 μονογενῆ

2174 3444 2304 3497 Θεὸν
2329 3442 2634 3511 ἀφορίζετε,
2689 3440 2763 3502 ὡς
2811 3438 2878 3491 ἂν
2916 3438 3008 3490 καὶ
3046 3436 3136 3489 τὸν
3161 3434 3458 3506 Μαρκίωνα
3478 3436 3542 3502 τῇ
3578 3433 3743 3501 κακίᾳ

2173 3535 2266 3591 τοῦ
2289 3536 2553 3604 δόγματος
2588 3532 2739 3603 ὑμῶν
2773 3530 3204 3602 παραδράμοιτε.
3242 3528 3381 3580 Ἀλλ’
3413 3526 3743 3595 ἀντιλαμϐά-

2172 3644 2352 3682 νονται
2383 3626 2490 3679 τῶν
2514 3622 2935 3693 γεγραμμένων,
2954 3622 3046 3674 καὶ
3061 3618 3121 3671 οὗ
3149 3636 3279 3687 φασι
3299 3618 3478 3670 δίκαια
3495 3617 3721 3685 πάσχειν

2176 3716 2315 3787 ὑπὲρ
2344 3716 2452 3768 τῶν
2475 3718 2573 3783 τῆς
2602 3712 2823 3784 Γραφῆς
2856 3709 3115 3780 ῥημάτων
3143 3706 3622 3778 κατηγορούμενα.
3648 3706 3745 3756 Λύ-

2174 3808 2264 3859 τὸν
2290 3806 2396 3877 γάρ
2425 3806 2674 3871 λέγουσιν
2704 3800 2981 3872 εἰρηκέναι
3013 3799 3102 3852 τὸν
3141 3797 3343 3867 Κύριον
3389 3795 3448 3848 τὸ
3475 3836 3490 3859 ,
3540 3794 3748 3858 Οὐδεὶς

2174 3898 2394 3966 ἀγαθὸς
2442 3899 2494 3949 εὶ
2544 3894 2630 3963 μὴ
2675 3892 2761 3957 εἷς
2802 3894 2834 3945 ό
2883 3892 3045 3957 Θεός.
3100 3888 3307 3942 Οὐκοῦν
3337 3888 3413 3950 ὡς
3451 3887 3516 3940 ἂν
3549 3887 3621 3957 μὴ
3654 3886 3749 3939 καὶ

2176 3986 2317 4041 κατά
2361 3984 2468 4039 τῶν
2502 3984 2661 4036 θείων
2705 3980 2962 4051 ῥημάτων
3014 3982 3048 4051 ἡ
3083 3978 3415 4047 συκοφαντία
3442 3976 3540 4047 τὴν
3596 3977 3746 4046 ἰσχὺν

2177 4080 2309 4149 ἔχοι,
2336 4077 2494 4131 αὑτὸν
2509 4077 2601 4129 τὸν
2632 4074 2994 4142 Εὑαγγελικδν
3024 4073 3181 4141 λόγον
3204 4074 3260 4124 ὲν
3292 4071 3455 4139 ὀλίγῳ
3477 4068 3745 4140 διαληψώ-

2181 4171 2339 4240 μεθα.
2365 4170 2501 4223 Νέον
2535 4167 2640 4223 οἶδε
2667 4166 2849 4220 τοῦτον
2879 4169 2911 4236 ἡ
2944 4167 3149 4238 ἱστορία
3178 4165 3268 4216 τὸν
3312 4162 3584 4224 πλούσιον,
3616 4160 3749 4228 πρὸς

2177 4261 2235 4312 ὄν
2263 4274 2394 4328 φησι
2442 4258 2541 4327 τὴν
2584 4256 2764 4325 φωνὴν
2823 4254 3027 4325 ταύτην
3071 4252 3311 4323 Κύριος*
3354 4249 3747 4305 ἀπολαυστικὸν

2177 4348 2329 4419 οἶμαί
2350 4367 2469 4401 τινα
2485 4347 2592 4401 τῶν
2613 4347 2751 4399 κατὰ
2779 4347 2869 4399 τὸν
2893 4345 3003 4415 βίον
3028 4344 3217 4413 ἡδέων,
3240 4345 3334 4396 καὶ
3360 4344 3580 4413 φιλοκτή
3591 4360 3747 4413 μονα·

2178 4439 2459 4493 λυπεῖσθαι
2512 4439 2618 4509 γὰρ
2652 4439 2808 4490 αὐτόν
2835 4454 2966 4507 φησι
3006 4436 3140 4508 πρὸς
3183 4435 3281 4507 τὴν
3315 4435 3617 4504 συμϐουλὴν
3651 4436 3750 4504 τῆς

504 4528 622 4597 ipse
651 4526 998 4596 possidebat,
1032 4536 1086 4581 et
1125 4528 1371 4584 noluisse
1410 4538 1726 4599 permutare
1766 4545 1896 4584 suas
1942 4547 2072 4600 opes

2184 4533 2290 4586 τῶν
2319 4531 2630 4602 προσόντων
2668 4528 2814 4600 αὐτῷ
2847 4530 3221 4598 ἀποκτήσεως,
3246 4528 3340 4580 καὶ
3381 4527 3506 4597 μηθ’
3536 4527 3750 4580 ἑλέσθαι

503 4634 629 4673 cum
655 4618 767 4673 vita
789 4627 1015 4673 aeterna.
1041 4618 1141 4673 llic
1166 4621 1425 4689 quoniam
1451 4622 1575 4677 vita:
1600 4632 1814 4678 aeterna:
1843 4624 2075 4694 aliquem

503 4710 826 4780 magistrum
869 4710 1162 4766 advenisse
1204 4711 1485 4776 audierat,
1521 4730 1618 4783 spe
1666 4723 1932 4784 perpetuo
1969 4716 2082 4770 fru-

502 4803 631 4857 endi
658 4802 873 4858 deliciis
897 4843 912 4867 ,
940 4805 987 4859 si
1014 4804 1069 4857 in
1096 4804 1368 4858 inﬁnitum
1395 4806 1506 4859 vita
1528 4806 1633 4861 sibi
1660 4807 2080 4872 extenderetur,

452 4950 455 4951 ν
503 4895 633 4949 boni
669 4897 1040 4967 appellatione
1079 4894 1367 4949 Dominum
1402 4896 1600 4951 blande
1634 4908 1864 4967 captans
1901 4902 2081 4953 nomi-

504 4989 691 5051 navit,
739 4989 850 5042 imo
888 5004 1021 5043 vero
1063 5003 1175 5042 non
1222 5004 1346 5043 eum
1392 5005 1553 5058 quem
1595 4989 1925 5061 intelligeret
1959 5008 2080 5048 esse

504 5080 831 5147 Dominum,
867 5081 963 5136 sed
992 5096 1117 5135 eum
1149 5096 1312 5149 quem
1349 5081 1405 5133 in
1445 5080 1620 5135 forma
1649 5084 1792 5135 servi
1825 5083 2032 5137 videret
2063 5101 2077 5137 :

505 5186 615 5225 non
672 5171 815 5225 enim
851 5171 896 5225 is
928 5179 1083 5236 erat,
1116 5172 1208 5240 qui
1240 5172 1427 5226 carnis
1455 5172 1857 5240 operimentum
1892 5182 2082 5242 posset

504 5262 820 5329 diliindere,
850 5273 906 5318 et
938 5263 1248 5318 divinitatis
1298 5264 1510 5319 aditum
1553 5265 1937 5335 introspicere.
1975 5267 2080 5332 Qui

507 5353 675 5424 igitur
715 5355 882 5409 corda
929 5357 1175 5411 intuetur
1220 5356 1518 5421 Dominus,
1573 5358 1782 5412 sciebat
1832 5358 1898 5411 ad
1948 5361 2080 5428 quid

508 5446 1006 5514 spectansjuveuis
1043 5447 1134 5501 ille
1179 5446 1407 5517 supplex
1450 5454 1735 5511 oraverat,
1783 5450 1928 5516 quod
1973 5466 2078 5502 non

506 5536 698 5607 utique
719 5535 787 5590 ad
815 5537 1155 5593 divinitatem
1182 5539 1380 5592 mentis
1412 5539 1583 5593 aciem
1614 5538 1878 5593 intentam
1911 5541 2081 5595 habe-

508 5636 625 5695 ret,
655 5629 750 5686 sed
785 5628 1058 5685 hominem
1094 5637 1305 5684 tantum
1336 5630 1566 5700 rogabat
1633 5630 1957 5701 magistrum
1994 5634 2082 5689 bo-

582 5806 598 5838 ¹
643 5805 796 5861 Deut.
835 5810 1071 5874 \XIII,G.
1115 5807 1342 5862 ’Mattb.
1380 5824 1492 5871 ΜΣ,
1537 5808 1594 5861 l'i
1639 5824 1758 5878 sqq.

2180 4624 2288 4677 τῶν
2311 4624 2604 4693 κτημάτων
2621 4622 2716 4692 τὴν
2736 4621 2878 4691 ζωὴν
2896 4619 3342 4685 ἀνταλλάξασθαι.
3363 4614 3530 4682 Οὗτος
3566 4618 3749 4688 ἐπειδή

2180 4737 2302 4773 τινα
2334 4716 2477 4787 ζωῆς
2504 4716 2723 4779 αἰωνίας
2754 4714 3203 4786 ἐπιδεδημηκέναι
3246 4712 3558 4767 διδάσκαλον
3584 4711 3750 4780 ἡκου-

2182 4828 2293 4871 σεν,
2350 4809 2523 4862 ἐλπίδι
2568 4808 2659 4861 τοῦ
2694 4810 2773 4871 είς
2802 4808 2885 4860 ἀεὶ
2926 4808 3243 4876 τρυφήσειν,
3291 4802 3753 4874 παρατεινομένης

2180 4901 2329 4970 αὑτῷ
2361 4903 2459 4971 τῆς
2498 4899 2643 4967 ζωῆς
2673 4900 2751 4961 εἰς
2794 4898 3098 4959 ἀτέλευτον,
3137 4895 3363 4967 προσῄει
3397 4892 3655 4947 θωπεύων
3683 4896 3751 4963 τῇ

2136 5060 2137 5063 η
2179 4993 2274 5046 τοῦ
2307 4990 2510 5059 ἀγαθοῦ
2544 4990 2884 5061 προσηγορίᾳ
2925 4990 3014 5042 τὸν
3055 4989 3280 5058 Κύριον,
3316 4987 3513 5058 μᾶλλον
3556 4986 3611 5038 δὲ
3633 4985 3756 5055 οὐχὶ

2134 5140 2135 5143 η
2180 5083 2271 5136 τὸν
2304 5081 2589 5152 νοούμενον
2624 5080 2848 5151 Κύριον,
2877 5079 3010 5133 ἁλλά
3038 5079 3127 5132 τὸν
3144 5077 3462 5146 φαινόμενον
3487 5078 3544 5129 ὲν
3568 5078 3633 5145 τῇ
3658 5074 3755 5127 τοῦ

2180 5176 2365 5228 δούλου
2394 5176 2594 5245 μορφῇ.
2615 5172 2689 5225 Οὐ
2719 5172 2827 5241 γὰρ
2844 5169 3100 5232 τοιοῦτος,
3127 5164 3237 5231 οἷος
3257 5168 3494 5237 διασχεῖν
3514 5167 3572 5219 τὸ
3596 5182 3759 5219 κατα-

2184 5268 2437 5336 πέτασμα
2499 5265 2597 5334 τῆς
2655 5261 2876 5330 σαρκὸς,
2936 5260 3031 5313 καὶ
3071 5258 3248 5313 δι’ίδεῖν
3289 5256 3505 5327 ἰσχύσαι
3543 5256 3602 5308 τδ
3659 5258 3759 5325 τῆς

2186 5359 2435 5428 θεότητος
2461 5357 2669 5411 ἄδυτον.
2710 5356 2768 5407 '0
2795 5354 2971 5407 τοίνυν
2999 5352 3097 5416 τὰς
3126 5351 3351 5422 καρδίας
3381 5349 3517 5419 ὸρῶν
3531 5347 3756 5418 Κύριος,

2187 5446 2293 5503 εἶδε
2332 5450 2467 5520 πρὸς
2488 5449 2515 5501 ὃ
2535 5466 2587 5501 τι
2612 5448 2823 5517 βλέπων
2853 5448 2882 5499 ὀ
2914 5445 3031 5507 νέος
3067 5444 3327 5509 ἱκέτευεν,
3355 5443 3434 5494 ὅτι
3465 5440 3585 5509 οὐχὶ
3622 5437 3759 5509 πρὸς

2186 5543 2247 5595 τὸ
2284 5542 2426 5595 θεῖον
2464 5538 2576 5610 εἶχε
2614 5539 2711 5610 τὴν
2746 5538 2923 5608 ψυχὴν
2977 5534 3347 5600 άτενίζουσαν,
3378 5531 3511 5586 ἀλλὰ
3539 5532 3629 5583 τὸν
3669 5529 3760 5582 ἄν·

2190 5634 2405 5707 θρωπον
2456 5632 2703 5703 ἐλιπάρει
2743 5626 3059 5687 διδάσκαλον
3102 5625 3304 5696 ἀγαθὸν
3334 5623 3613 5689 ὀνομάζων
3674 5619 3761 5674 διὰ
