4142 6374
435 460 533 515 861

1561 454 1842 511 CONTRA
1880 450 2270 518 EUNOMIUM,
2303 451 2433 506 LIB.
2470 450 2562 507 XI.

3587 448 3691 501 862

438 567 538 637 τὴν
558 565 747 620 ἐλπίδα
782 566 872 620 τοῦ
905 565 1093 637 μαθεῖν
1118 566 1179 619 τὸ
1207 564 1417 620 τοιοῦτο
1434 565 1682 637 μάθημα,
1708 567 1775 621 δι’
1803 562 1865 622 οῦ
1903 584 2009 619 κω-

2112 579 2244 617 num
2277 563 2562 634 appellans
2588 581 2602 617 :
2640 576 2737 631 spe
2763 560 3011 617 discendi
3049 561 3214 616 talem
3245 560 3551 616 doctrinam
3581 577 3686 631 qua

438 658 767 728 λυθήσεσθαι
802 660 1108 730 προσεδόκα
1135 660 1225 713 τὸν
1255 659 1504 713 θάνατον.
1546 659 1753 713 Οὐκοῦν
1788 660 2012 722 εἰκότως

436 753 467 805 ὸ
503 750 870 822 παρακληθεὶς
924 751 1052 822 παρ’
1082 750 1268 815 αὐτοῦ,
1309 744 1461 815 οὗτος
1504 753 1598 805 καὶ
1637 752 2008 823 ἀποκρίνεται.

438 842 551 911 Τῆς
573 842 681 912 γάρ
706 842 994 908 ἐντεύξεως
1027 843 1087 895 ού
1124 844 1256 913 πρὸς
1292 845 1383 897 τὸν
1418 844 1549 897 Θεὸν
1584 843 1753 910 Λόγον
1783 860 2009 913 γεγενη-

441 934 630 1004 μένης,
656 931 963 995 ἀκολούθως
989 934 1082 987 καὶ
1103 935 1134 1003 ἡ
1154 936 1441 1007 ἀπόκρισις
1462 937 1528 987 ὲκ
1552 934 1645 987 τοῦ
1673 934 2011 1006 ἀνθρωπίνου

443 1025 578 1096 πρὸς
609 1025 698 1077 τὸν
728 1024 1041 1077 ἱκετεύοντα
1057 1025 1285 1093 γίνεται,
1304 1026 1495 1096 διπλῆν
1513 1027 1792 1093 ἐπάγουσα
1816 1026 1893 1096 τῷ
1909 1026 2013 1096 νέῳ

437 1116 534 1182 τὴν
572 1117 865 1171 παίδευσιν.
918 1118 1167 1170 Διδάσκει
1194 1117 1302 1189 γὰρ
1330 1119 1471 1171 κατά
1499 1120 1713 1185 ταύτὸν,
1741 1121 1821 1173 ὅτι
1846 1137 1904 1172 τε
1934 1120 2013 1189 τῷ

440 1210 539 1279 βίῳ
562 1211 845 1280 προσήκει,
876 1210 971 1263 καὶ
998 1211 1120 1281 ούχὶ
1144 1209 1401 1281 ῥημάτων
1419 1211 1661 1282 εὐφημίᾳ
1690 1211 2012 1282 θεραπεύειν

437 1300 499 1351 τὸ
523 1298 694 1362 Θείον,
754 1301 811 1351 ἐν
858 1300 935 1370 τῷ
967 1302 1065 1364 τὰς
1093 1300 1308 1365 ἐντολὰς
1340 1305 1532 1364 ποιεῖν,
1568 1303 1660 1355 καὶ
1702 1303 2011 1374 προσόντων

440 1391 654 1445 πάντων
679 1391 931 1445 ὠνεῖσθαι
958 1393 1056 1464 τὴν
1077 1392 1291 1447 αἰώνιον
1313 1394 1478 1465 ζωὴν,
1494 1398 1587 1449 καὶ
1613 1397 1693 1449 ὅτι
1718 1398 1777 1449 τὸ
1799 1397 2009 1467 ἀνθρώ-

440 1500 592 1537 πινον
619 1485 675 1536 ὲν
702 1485 933 1557 πονηρία
978 1484 1064 1538 διὰ
1090 1486 1189 1555 τὴν
1228 1487 1499 1557 ἁμαρτίαν
1537 1489 1844 1558 γενόμενον.
1880 1490 2011 1541 ἀπο»

439 1575 687 1645 κέκριται
713 1576 813 1646 τῆς
863 1577 1058 1646 κυρίας
1095 1577 1188 1630 τοῦ
1242 1578 1447 1647 ἀγαθοῦ
1497 1579 1758 1650 κλήσεως.
1796 1582 1903 1633 Καὶ
1923 1581 2012 1634 διὰ

438 1665 595 1719 τοῦτό
622 1684 755 1737 φησι
780 1682 793 1697 ⁶
836 1668 895 1721 Τί
914 1686 992 1738 με
1021 1668 1217 1739 λέγεις
1262 1672 1526 1739 ἁπαθόν;
1556 1672 1654 1725 Διά
1690 1672 1785 1726 τοῦ
1814 1676 2007 1737 εἰπεῖν,

439 1758 565 1826 ἐμὲ,
611 1762 711 1831 τὴν
751 1761 1094 1834 ἀνθρωπίνην
1142 1764 1301 1833 φύσιν
1358 1767 1456 1835 τὴν
1502 1767 1630 1837 περὶ
1676 1767 1837 1821 αὺτὸν
1880 1770 2012 1822 ὐπο-

436 1848 693 1903 δεικνύων
723 1851 801 1921 τῷ
836 1852 1003 1923 λόγῳο
1040 1856 1105 1925 τῇ
1152 1856 1208 1907 δὲ
1251 1855 1466 1926 θεότητι
1511 1860 2011 1929 προσμαρτυρήσας

436 1940 534 2012 τὴν
575 1942 905 2014 ἀγαθὸτητα,
942 1946 1131 1999 ἑαυτὸν
1158 1946 1415 2017 ἄντικρυς
1441 1949 1646 2017 ἀγαθὸν
1674 1950 2007 2021 ἀπεφήνατο,

435 2031 526 2085 τὸν
559 2031 773 2103 ἀληθῶς
808 2035 912 2087 ὑπὸ
935 2036 1028 2089 τοῦ
1055 2038 1384 2106 Εὐαγγελίου
1415 2040 1548 2092 Θεὸν
1578 2042 2007 2112 κηρυσσόμενον.

436 2123 500 2176 Εἰ
532 2124 629 2194 μὲν
656 2125 763 2198 γάρ
790 2128 1193 2197 ἁπεσχοινίζετο
1219 2134 1318 2201 τῆς
1350 2131 1444 2183 τοῦ
1478 2132 1611 2185 Θεοῦ
1642 2136 2012 2207 προσηγορίας

435 2217 460 2268 ξ
485 2220 776 2289 μονογενὴς
828 2219 974 2282 Υἱὸς,
1028 2222 1127 2274 οὐκ
1157 2218 1226 2293 ἦν
1265 2224 1461 2277 ἄτοπον
1493 2224 1623 2289 ἴσως
1653 2225 1714 2278 τὸ
1733 2226 2010 2300 ἀλλότριον

435 2310 595 2363 αὑτὸν
631 2312 723 2364 καὶ
747 2310 844 2381 τῆς
880 2310 971 2365 τοῦ
1001 2312 1205 2380 ἀγαθοῦ
1228 2318 1599 2386 προσηγορίας
1624 2318 1853 2373 οἴεσθαι.

432 2486 435 2487 ⁷
506 2488 568 2539 Ei
593 2487 648 2539 δὲ
678 2488 739 2558 δὴ
769 2490 863 2542 καὶ
881 2496 1178 2563 προφῆται,
1201 2496 1294 2546 καὶ
1344 2494 1742 2562 εύαγγελισταὶ,
1762 2496 1855 2549 καὶ
1877 2497 2011 2550 ἀπό-

436 2577 609 2630 στολοι
628 2578 879 2633 διαϐοῶσι
895 2582 985 2634 τοῦ
999 2585 1333 2651 Μονογενοῦς
1346 2586 1445 2656 τὴν
1461 2586 1705 2657 θεότητα’
1725 2592 2010 2659 μαρτυρεῖο

430 2683 522 2721 ται
536 2670 588 2722 δὲ
605 2672 729 2740 παρ’
744 2672 906 2724 αὑτοῦ
929 2673 1130 2742 Κυρίου
1145 2675 1220 2745 τῷ
1238 2675 1355 2745 Θεῷ
1370 2680 1662 2747 προσήκειν
1683 2680 1743 2731 τὸ
1757 2680 1854 2749 τῆς
1872 2682 2009 2747 ἁγα-

434 2757 651 2828 Οὗτητος
671 2763 838 2831 ὄνομα
858 2780 871 2792 ο
903 2764 1018 2828 πῶς
1038 2766 1096 2817 ού
1117 2770 1358 2819 κοινωνεῖ
1381 2769 1472 2836 τῆς
1495 2770 1822 2838 ἀγαθότητος
1850 2773 1877 2823 ό
1900 2788 2010 2822 κοι-

433 2850 614 2903 νωνῶν
630 2852 727 2921 τῆς
747 2852 993 2922 (θεότητος
1015 2873 1028 2919 ;
1052 2858 1171 2908 Ὀτι
1202 2858 1308 2928 γὰρ
1332 2861 1423 2911 καὶ
1443 2860 1712 2930 προφῆται
1730 2862 1858 2913 Θεὸν
1880 2864 2008 2930 ὁμο⁴

431 2941 642 3008 >.ογοῦσι
669 2944 758 2996 τὸν
775 2945 993 3015 Κύριον,
1016 2949 1106 2999 καὶ
1133 2948 1531 3017 εὐαγγελισταὶ,
1552 2951 1643 3003 καὶ
1663 2951 1898 3020 μαθηταὶ
1915 2952 2007 3005 καὶ

432 3033 737 3097 ἀπόστολοι,
778 3036 951 3098 οὐδεὶς
980 3037 1121 3090 οὕτω
1157 3039 1265 3091 τῶν
1301 3040 1737 3111 θείωνάμύητος,
1766 3042 1841 3104 ὠς
1865 3041 2007 3111 λόγῳ

432 3124 634 3177 δεῖσθαι
666 3126 791 3195 περὶ
826 3127 1026 3181 τούτων
1061 3129 1272 3198 μαθεῖν.
1298 3130 1392 3193 Τίς
1421 3131 1527 3201 γὰρ
1556 3132 1653 3184 οὐκ
1676 3128 1813 3183 οἶδεν
1846 3133 1904 3185 ἐν
1940 3135 2003 3202 τῇ

430 3216 663 3287 τετάρτῃ
693 3217 785 3268 καὶ
808 3223 1216 3290 τεσσαρακοστῇ
1244 3221 1549 3292 ψαλμῳδίᾳ,
1590 3224 1668 3275 ὅτι
1696 3222 1828 3275 Θεὸν
1857 3224 2005 3294 παρά

432 3306 565 3360 Θεοῦ
588 3310 890 3379 χριόμενον,
925 3311 1013 3363 τὸν
1034 3312 1265 3382 Χριστὸν
1290 3314 1318 3364 ὁ
1337 3314 1625 3384 Προφήτης
1655 3312 2005 3383 διακηρύσσει

432 3397 508 3468 τῷ
552 3398 730 3470 ).όγῳ;
768 3403 860 3453 καὶ
906 3402 1066 3454 πάλιν
1114 3405 1204 3454 τὸν
1263 3404 1485 3457 Ἡσαΐαν
1531 3403 1671 3457 οῦτω
1728 3405 2005 3475 προδήλως

435 3489 638 3555 βοῶντα
662 3492 753 3544 τοῦ
794 3493 922 3546 Υίοῦ
953 3494 1048 3564 τὴν
1075 3496 1322 3565 θεότητα,
1350 3495 1432 3558 τίς
1469 3496 1655 3563 ἀγνοεῖ
1684 3496 1793 3548 τῶν
1826 3495 2008 3548 καθω-

436 3580 739 3650 μιληκότων
757 3586 822 3654 τῇ
845 3587 1147 3656 προφητείᾳ
1168 3604 1182 3650 ;
1216 3587 1303 3639 Ἐν
1326 3581 1407 3649 οἷς
1428 3586 1566 3656 μετά
1583 3586 1689 3639 τῶν
1717 3586 1892 3639 ἄλλων
1913 3588 2005 3639 καὶ

433 3672 589 3725 τοῦτό
622 3691 782 3744 φησιν
803 3715 817 3738 ,
848 3676 926 3729 ὃτι
979 3678 1253 3746 Σαὸαείμ,
1283 3678 1504 3747 ἄνδρες
1533 3679 1762 3747 ὑψηλοί
1799 3679 1898 3731 ἐπὶ
1935 3678 2009 3731 σὲ

436 3762 843 3831 διαϐήσονται,
875 3766 973 3821 καὶ
1002 3769 1098 3821 σοὶ
1141 3769 1384 3822 ἔσονται
1412 3768 1654 3835 δοῦλοι,
1686 3770 1783 3822 καὶ
1816 3772 2009 3823 ὀπίσω

433 3869 550 3909 σου
583 3857 1073 3926 ἀκολουθήσουσι
1111 3859 1417 3929 δεδεμένοι
1460 3861 1869 3930 χειροπέδαις,
1909 3862 2008 3915 καὶ

434 3947 502 4000 ἐν
524 3948 623 4001 σοὶ
657 3950 1115 4017 προσεύξονται,
1146 3952 1236 4006 ὅτι
1258 3954 1328 4006 ἐν
1357 3954 1457 4007 σοὶ
1497 3958 1530 4007 ό
1570 3954 1735 4019 Θεὸς,
1768 3955 1867 4009 καὶ
1896 3958 2007 4009 οὐκ

434 4040 565 4094 ἔστι
601 4043 742 4108 Θεὸς
790 4043 957 4110 πλὴν
985 4043 1120 4098 σοῦ.
1150 4047 1232 4098 Σὺ
1263 4046 1372 4114 γὰρ
1401 4042 1461 4099 εἷ
1500 4048 1532 4099 ό
1568 4048 1730 4112 Θεός.
1773 4048 1867 4111 Τίς
1899 4048 2008 4118 γάρ

437 4128 592 4193 ἄλλος
613 4130 743 4193 Θεὸς
766 4131 792 4182 ὁ
826 4133 881 4183 ὲν
908 4130 1084 4200 ἐαυτῴ
1107 4132 1237 4184 Θεὸν
1267 4133 1426 4203 ἔχων,
1456 4135 1549 4187 καὶ
1570 4135 1730 4198 αὐτὸς
1748 4135 1822 4188 ὢν
1854 4138 2005 4200 Θεὸς,

438 4220 577 4291 πλὴν
610 4220 702 4274 τοῦ
742 4222 1077 4289 Μονογενοῦς
1095 4266 1109 4288 ,
1134 4224 1443 4277 εἰπάτωσαν
1471 4228 1518 4278 οἱ
1550 4226 1647 4296 τῆς
1674 4228 2009 4298 προφητείας

437 4314 676 4383 ἀνήκοοι·
712 4314 810 4385 τὴν
839 4315 897 4367 δὲ
928 4314 1021 4367 τοῦ
1061 4316 1405 4389 Ἐμμανουὴλ
1438 4319 1754 4389 ἑρμηνείαν,
1790 4322 1885 4373 καὶ
1909 4321 2008 4391 τὴν
2048 4338 2049 4341 ‘

437 4404 528 4458 τοῦ
560 4405 728 4475 Θωμᾶ
750 4406 885 4475 μετά
920 4408 1013 4477 τὴν
1040 4408 1333 4476 ἐπίγνωσιν
1362 4409 1672 4478 ὁμολογίαν,
1703 4412 1804 4481 τήν
1829 4429 1887 4464 τε
1913 4412 2008 4465 τοῦ

450 4497 692 4551 Ἰωάννου
719 4498 1147 4567 μεγαλοφωνίαν,
1174 4500 1247 4563 ὡς
1276 4502 1543 4572 πρόδηλον
1576 4499 1740 4557 οὖσαν
1772 4504 1866 4556 καὶ
1899 4509 2008 4569 τοῖς

2116 664 2351 709 mortem
2387 653 2642 725 impediri
2674 661 2729 707 et
2755 653 2933 707 arceri
2975 667 3137 722 posse
3185 654 3457 707 crederet.
3494 652 3687 707 Merito

2113 747 2283 817 igitur
2310 747 2403 816 qui
2432 755 2660 801 vocatus
2688 753 2806 800 erat
2839 745 2907 800 ab
2950 746 3101 814 ipso,
3135 745 3224 799 hic
3252 746 3416 798 etiam
3459 760 3689 812 respou-

2113 838 2237 893 det:
2264 838 2521 909 quoniam
2550 852 2656 892 non
2689 837 2755 891 ad
2788 835 2957 892 Deum
2981 836 3218 891 Verbum
3250 835 3394 890 facta
3425 845 3543 890 erat
3568 837 3686 890 col-

2114 929 2350 995 locutio,
2380 938 2784 998 consequenter
2813 928 2980 982 etiam
3008 928 3075 981 ab
3101 927 3441 981 humanitate
3464 928 3530 980 ad
3555 943 3685 996 sup-

2112 1020 2403 1089 plicantem
2428 1019 2487 1072 ﬁt
2522 1018 2832 1088 responsio,
2861 1016 3132 1086 duplicem
3156 1017 3344 1086 juveni
3379 1018 3684 1073 institutio-

2113 1126 2235 1165 nem
2261 1111 2525 1165 inducens
2554 1130 2565 1164 :
2594 1125 2692 1180 per
2707 1109 2961 1164 eumdem
2987 1110 3133 1162 enim
3158 1125 3467 1164 sermonem
3493 1110 3680 1177 docet,

2113 1202 2257 1272 quod
2287 1218 2395 1256 non
2424 1202 2581 1257 bonis
2611 1202 2793 1256 verbis
2815 1241 2829 1265 ,
2862 1200 2957 1256 sed
2990 1211 3138 1255 recta
3166 1201 3274 1256 vita
3304 1202 3469 1255 Deum
3500 1202 3685 1257 colere

2112 1303 2165 1349 et
2188 1296 2459 1349 honorare
2482 1294 2758 1356 convenit,
2778 1294 2831 1347 in
2858 1293 3225 1363 exsequendis
3245 1293 3365 1363 ejus
3389 1294 3681 1356 mandatis,

2111 1396 2165 1442 et
2193 1388 2248 1440 in
2278 1386 2580 1442 vendendis
2615 1386 2871 1443 omnibus
2903 1386 3288 1450 facultatibus,
3339 1395 3398 1441 ut
3435 1387 3561 1441 inde
3602 1388 3684 1441 vi-

2113 1490 2221 1533 tam
2267 1492 2523 1533 aeternam
2556 1490 2742 1548 posset
2775 1494 2976 1535 emere.
3011 1478 3148 1533 Tum
3185 1479 3349 1533 etiam
3396 1478 3541 1548 quod
3585 1478 3686 1532 hu-

2112 1586 2273 1625 mana
2313 1579 2509 1625 natura
2553 1571 2609 1624 in
2657 1572 2801 1625 malo
2847 1587 2945 1641 per
2989 1578 3277 1641 peccatum
3323 1572 3622 1625 constituta
3653 1587 3685 1625 a

2112 1679 2238 1717 vera
2290 1675 2345 1717 et
2393 1664 2613 1735 propria
2665 1664 2797 1719 boni
2852 1664 3216 1733 appellatione
3244 1664 3569 1718 secernitur.
3619 1662 3687 1718 Et

2112 1766 2371 1825 przeterea
2406 1756 2540 1810 dicit
2571 1775 2584 1809 :
2626 1755 2767 1821 Quid
2801 1772 2880 1809 me
2913 1755 3050 1809 dicis
3083 1756 3275 1809 bonum
3300 1758 3324 1808 .9
3345 1754 3479 1810 Cum
3510 1757 3684 1821 dixit,

2113 1863 2226 1909 me,
2261 1848 2557 1902 humanam
2606 1859 2859 1902 naturam
2910 1864 3033 1918 qua:
3084 1849 3260 1918 ipsum
3309 1849 3686 1904 circumdabat

2113 1938 2391 2004 ostendit;
2426 1946 2482 1991 at
2513 1954 2638 1992 cum
2669 1953 2927 1993 sermone
2958 1938 3234 1992 divinitati
3271 1938 3574 1993 bonitatem
3610 1950 3687 1994 at-

2112 2029 2341 2095 tribuit,
2376 2030 2613 2100 seipsum
2662 2045 2693 2084 e
2742 2030 2972 2100 vestigio
3020 2030 3224 2086 bonum
3270 2034 3683 2101 pronuntiavit,

2111 2123 2203 2193 qui
2233 2138 2360 2177 vere
2389 2122 2458 2177 ab
2498 2121 2793 2192 Evangelio
2838 2122 2980 2178 Deus
3030 2124 3377 2193 praedicatur.
3434 2127 3491 2180 Si
3539 2127 3681 2180 cnim

2111 2221 2371 2282 tanquam
2403 2210 2654 2266 funiculo
2689 2212 3045 2267 divelleretur
3096 2229 3126 2266 a
3173 2212 3265 2268 Dei
3320 2216 3685 2285 appellatione

2111 2306 2430 2376 unigenitus
2463 2304 2674 2367 Filius,
2711 2320 2819 2358 non
2868 2312 3013 2359 esset
3060 2304 3359 2359 absurdum
3409 2306 3681 2371 fortasse,

2112 2399 2288 2469 ipsutn
2317 2414 2346 2450 a
2378 2397 2505 2451 boni
2536 2396 2898 2466 appellatione
2922 2404 3113 2464 putare
3140 2395 3398 2451 alienum.

2180 2486 2334 2553 Quod
2380 2488 2426 2542 si
2469 2486 2784 2557 prophetae,
2826 2494 2879 2539 et
2922 2486 3303 2556 evangelista},
3348 2494 3402 2540 et
3443 2488 3681 2555 apostoli

2112 2578 2386 2650 Unigeniti
2421 2580 2760 2633 divinitatem
2792 2577 3093 2640 celebrant,
3135 2578 3251 2647 ipse
3278 2589 3455 2632 autem
3497 2578 3681 2635 Domi-

2117 2687 2221 2725 nus
2252 2677 2485 2725 testatur
2514 2669 2771 2724 bonitatis
2818 2684 3013 2723 nomen
3051 2667 3165 2722 Deo
3200 2672 3511 2733 convenire,
3547 2688 3682 2740 quo-

2112 2764 2271 2817 modo
2321 2779 2430 2816 non
2482 2762 2755 2832 particeps
2804 2768 2890 2815 est
2936 2761 3198 2815 bonitatis
3242 2762 3334 2831 qui
3378 2762 3680 2820 divinitatis

2111 2872 2339 2910 consors
2386 2864 2468 2909 est
2506 2863 2561 2907 et
2607 2854 2919 2923 particeps?
2965 2854 3120 2919 Quod
3165 2856 3307 2908 enim
3356 2856 3519 2909 etiam
3555 2872 3682 2926 pro-

2110 2951 2284 3016 pheta:
2317 2946 2603 2999 Dominum
2636 2946 2802 2998 Deum
2840 2945 3190 3008 conﬁtentur,
3223 2954 3277 3000 et
3310 2950 3675 3018 evangelista,

2110 3041 2236 3095 item
2272 3039 2527 3109 discipuli
2557 3046 2611 3091 et
2638 3037 2895 3107 apostoli,
2940 3039 3123 3093 nullus
3157 3054 3330 3107 usque
3360 3040 3495 3093 adeo
3526 3041 3680 3097 rudis

2107 3140 2191 3187 est
2230 3140 2284 3187 et
2325 3132 2551 3201 ignarus
2599 3130 2907 3184 divinorum
2961 3136 3014 3184 ct
3061 3144 3167 3182 non
3205 3130 3473 3194 initiatus,
3509 3140 3569 3184 ut
3612 3134 3678 3187 de

2110 3223 2193 3277 his
2216 3221 2419 3276 erudiri
2458 3235 2711 3276 sermone
2745 3219 3002 3289 indigeat.
3034 3218 3168 3285 Quis
3208 3219 3351 3272 enim
3384 3220 3595 3287 ignorat
3624 3222 3678 3275 in

2109 3323 2303 3385 quarto
2342 3324 2395 3368 et
2424 3311 2843 3383 quadragesimo
2874 3314 3103 3380 psalmo,
3142 3311 3284 3379 quod
3322 3309 3487 3365 Deum
3514 3327 3543 3364 a
3570 3312 3679 3366 Deo

2111 3414 2331 3459 unctum
2363 3405 2642 3459 Christum
2687 3401 2955 3472 Propheta
2994 3402 3337 3471 praedicat'?
3380 3400 3445 3454 Et
3488 3419 3680 3457 rursus

2110 3498 2326 3562 Isaiam,
2367 3506 2473 3550 tam
2508 3502 2693 3566 apt-rte
2722 3502 2775 3549 et
2817 3495 2963 3547 clare
3008 3494 3337 3549 clamantem
3382 3493 3511 3550 Filii
3543 3496 3681 3551 clivi-

2108 3592 2357 3651 nitatem,
2387 3589 2509 3659 quis
2537 3602 2726 3642 eorum
2758 3587 2850 3656 qui
2903 3587 2959 3640 in
2990 3588 3275 3657 prophetia
3300 3589 3499 3644 versati
3530 3599 3677 3657 sunt,

2110 3683 2316 3736 nescit?
2366 3680 2419 3733 in
2468 3679 2670 3749 quibus
2728 3694 2852 3731 cum
2911 3680 3034 3732 aliis
3089 3679 3188 3733 hoc
3231 3680 3393 3733 etiam
3444 3681 3678 3739 eﬂ‘atur:

2110 3770 2462 3827 Sabaim.viri
2493 3768 2739 3822 sublimes
2773 3768 2842 3821 ad
2888 3777 2936 3822 te
2974 3768 3293 3831 transibunt,
3342 3780 3391 3823 et
3422 3775 3498 3824 tui
3529 3784 3681 3826 erunt

2107 3863 2262 3917 servi.
2307 3860 2437 3915 Post
2482 3871 2529 3914 te
2578 3859 2942 3922 ambulabunt,
2984 3861 3141 3914 vincti
3175 3863 3396 3915 manicis
3443 3875 3678 3933 pergant,

2106 3968 2157 4011 et
2189 3967 2236 4010 te
2282 3953 2596 4016 adorabunt,
2632 3962 2777 4023 teque
2807 3952 3246 4020 deprecabuntur.
3280 3952 3508 4007 Tantum
3548 3957 3603 4008 in
3633 3968 3682 4010 te

2107 4060 2183 4103 est
2226 4047 2387 4111 Deus,
2427 4056 2475 4100 et
2507 4062 2610 4098 non
2659 4055 2734 4098 est
2778 4044 2972 4113 absque
3006 4055 3052 4096 te
3097 4042 3255 4097 Deus.
3296 4043 3423 4098 Vere
3450 4047 3587 4099 enim
3624 4058 3682 4100 tu

2109 4157 2163 4194 es
2211 4139 2354 4193 Deus
2380 4137 2423 4193 ⁵.
2490 4136 2624 4203 Quis
2675 4135 2821 4189 enim
2877 4135 3018 4188 alius
3064 4133 3206 4188 Deus
3251 4134 3341 4203 qui
3394 4136 3448 4188 in
3500 4140 3682 4207 seipso

2112 4232 2280 4286 Deum
2308 4229 2490 4290 habet,
2525 4236 2579 4282 et
2612 4228 2728 4297 ipse
2761 4234 2843 4282 est
2880 4226 3047 4289 Deus,
3086 4236 3280 4295 praeter
3311 4226 3680 4297 Unigenitum,

2110 4326 2296 4380 dicant
2324 4323 2418 4393 qui
2446 4323 2786 4394 prophetiam
2820 4337 2929 4375 non
2966 4321 3278 4377 audierunt.
3306 4322 3374 4375 At
3397 4339 3525 4378 vero
3556 4323 3685 4378 Em-

2114 4416 2328 4471 manuel
2361 4413 2884 4483 interpretationem,
2935 4420 2989 4467 et
3022 4410 3247 4467 Thoma:
3280 4422 3402 4483 post
3449 4415 3686 4483 agnitio-

2115 4524 2236 4562 nem
2268 4505 2693 4566 confessionem,
2733 4510 2787 4557 et
2815 4501 3045 4557 Joannis
3076 4503 3223 4557 vocis
3267 4504 3681 4569 sublimitatem,

438 4589 542 4655 ἔξω
582 4588 683 4658 τῆς
714 4589 967 4653 πίστεως,
1007 4594 1375 4662 σιωπήσομαι.
1427 4594 1563 4645 Ἀλλ’
1599 4595 1718 4647 οὐδὲ
1744 4597 1841 4657 τὰς
1868 4597 2009 4648 Παύ-

2116 4606 2174 4651 ut
2199 4606 2383 4651 notam
2423 4595 2587 4650 etiam
2624 4594 2709 4647 his
2738 4594 2831 4662 qui
2873 4599 3002 4646 sunt
3040 4601 3196 4646 extra
3226 4592 3383 4647 ﬁdem
3419 4594 3677 4649 reticebo.

438 4678 529 4730 λου
556 4679 737 4746 φωνὰς
758 4678 822 4731 δι’
848 4679 1132 4750 ἀκριϐείας
1156 4675 1307 4751 οἶμαι
1327 4682 1436 4734 δεῖν
1468 4685 1879 4754 παρατίθεσθαι,
1908 4688 2014 4739 πᾶ-

443 4789 527 4825 σιν
567 4769 733 4835 οὔσας
778 4772 961 4842 σχεδὸν
990 4773 1077 4827 διὰ
1126 4774 1421 4844 στόματοςο
1458 4776 1515 4838 ὃς
1553 4778 1614 4829 οὐ
1650 4778 1809 4847 μόνον
1857 4780 2009 4843 Θεὸν,

438 4865 573 4918 ἀλλὰ
607 4864 701 4917 καὶ
737 4866 908 4935 μέγαν
933 4866 1087 4928 Θεὸν,
1127 4868 1219 4919 καὶ
1243 4868 1335 4919 ἐπὶ
1365 4868 1581 4921 πάντων
1602 4869 1733 4922 Θεὸν
1759 4871 2010 4939 ὀνομάζει

438 4954 529 5008 τὸν
564 4954 766 5026 Κύριον
787 4970 802 4986 ⁶
836 4955 970 5025 πρὸς
1008 4956 1105 5026 μὲν
1150 4957 1455 5027 Ῥωμαίους
1486 4958 1676 5027 λέγων,
1705 4961 1785 5013 ὅτι
1808 4955 1922 5015 Ὧν
1956 4966 2012 5015 οἱ

441 5045 693 5115 πατέρες
719 5046 815 5099 καί
840 5047 909 5110 ἐξ
929 5040 1015 5099 ὧν
1042 5051 1074 5100 ό
1096 5048 1345 5115 Χριστὸς
1365 5051 1429 5102 τὸ
1449 5051 1596 5105 κατὰ
1622 5051 1835 5119 σάρκα,
1866 5058 1898 5105 ό
1927 5052 2012 5105 ὢν

437 5136 537 5192 ἐπὶ
595 5135 835 5189 πάντων
887 5139 1030 5203 Θεὸς
1079 5138 1406 5207 εὐλογητὸς
1446 5142 1534 5206 είς
1577 5142 1721 5207 τοὺς
1768 5142 2010 5209 αἰῶνας·

445 5227 583 5298 πρὸς
633 5227 689 5281 δὲ
728 5227 819 5281 τὸν
870 5229 1119 5301 μαθητὴν
1167 5229 1360 5282 ἑαυτοῦ
1404 5231 1559 5282 Τίτον
1591 5233 1814 5302 γράφει,
1851 5233 2011 5286 Κατὰ

440 5319 554 5385 τὴν
591 5321 944 5390 ἐπιφάνειαν
984 5324 1090 5377 τοῦ
1121 5322 1387 5393 μεγάλου
1430 5324 1579 5378 Θεοῦ
1608 5324 1707 5378 καὶ
1732 5324 2009 5392 Σωτῆρος

440 5408 611 5477 ἡμῶν
651 5411 853 5477 Ἰησοῦ
873 5412 1151 5480 Χριστοῦ.
1190 5413 1439 5484 Τιμοθέῳ
1470 5413 1525 5465 δὲ
1554 5413 1847 5485 διαρρήδην
1879 5416 2003 5485 βοᾷ.

440 5502 525 5554 ὅτι
570 5502 622 5554 '0
654 5503 798 5570 Θεὸς
834 5504 1174 5573 ἐφανερώθη
1225 5505 1294 5557 ἐν
1334 5503 1512 5572 σαρκὶ
1537 5546 1551 5569 ,
1583 5504 1894 5572 ἐδικαιώθη
1941 5505 2012 5557 ἐν

444 5594 753 5663 πνεύματι.
819 5597 1160 5666 Πανταχόθεν
1219 5596 1395 5650 τοίνυν
1452 5597 1859 5667 ἀποδειχθέντος
1912 5596 2008 5650 τοῦ

2122 4689 2230 4745 Sed
2262 4703 2438 4758 neque
2467 4686 2624 4740 Pauli
2655 4701 2819 4739 voces
2848 4693 3042 4739 exacta
3078 4685 3379 4740 subtilitate
3405 4701 3684 4755 apponen-

2114 4784 2212 4837 das
2244 4796 2364 4837 esse
2391 4781 2649 4840 arbitror,
2692 4786 2753 4831 ut
2781 4792 2903 4847 quae
2935 4777 3325 4846 propemodum
3359 4778 3470 4830 sint
3502 4779 3556 4831 in
3587 4794 3683 4833 ore

2121 4874 2387 4932 omnium,
2454 4871 2546 4941 qui
2597 4884 2703 4923 non
2754 4868 2931 4923 solum
2978 4866 3170 4929 Deum,
3220 4867 3314 4921 scd
3362 4869 3522 4921 etiam
3575 4884 3685 4921 ma-

2113 4981 2279 5037 gnum
2320 4963 2508 5025 Deum,
2540 4970 2594 5017 et
2624 4963 2678 5015 in
2722 4961 2976 5014 omnibus
3016 4960 3184 5013 Deum
3222 4959 3462 5013 nominat
3496 4958 3683 5013 Domi-

2118 5071 2285 5119 num;
2319 5054 2384 5107 ad
2407 5051 2684 5105 Romanos
2713 5049 2931 5119 quidem
2962 5048 3149 5102 dicens
3172 5067 3186 5102 :
3209 5048 3444 5113 Quorum
3478 5059 3681 5115 patres,

2116 5155 2164 5199 et
2194 5159 2258 5198 ex
2291 5142 2476 5211 quibus
2510 5149 2587 5193 est
2617 5137 2862 5192 Christus
2890 5134 3172 5189 secundum
3206 5152 3438 5201 carnem,
3483 5135 3574 5205 qui
3606 5146 3684 5189 est

2116 5234 2170 5285 in
2205 5230 2443 5284 omnibus
2478 5228 2775 5282 benedictus
2831 5223 2967 5277 Deus
3002 5224 3057 5276 in
3100 5224 3352 5278 saecula'.
3398 5224 3477 5277 Ad
3519 5223 3684 5278 disci-

2116 5324 2301 5393 pulum
2333 5337 2490 5375 sumo
2516 5317 2699 5372 Titum
2734 5314 2945 5377 scribit,
2970 5312 3271 5367 Secundum
3301 5314 3684 5381 apparitionem

2117 5412 2294 5482 magni
2324 5410 2415 5464 Dei
2440 5419 2488 5464 et
2505 5405 2800 5461 Saluatoris
2836 5405 3003 5458 nostri
3036 5402 3165 5456 Jesu
3192 5401 3446 5457 Christi“.
3476 5402 3561 5456 Ad
3588 5400 3684 5455 Τίσι

2116 5503 2393 5558 motheum
2417 5515 2546 5555 vero
2572 5506 2758 5567 aperte
2783 5497 3028 5551 clamitat
3055 5512 3069 5549 :
3096 5495 3243 5565 quod
3289 5494 3430 5548 Deus
3458 5494 3684 5561 manife-

2117 5606 2287 5651 status
2334 5604 2411 5648 est
2457 5594 2514 5646 in
2560 5607 2739 5655 carne,
2770 5591 3097 5660 justiﬁcatns
3144 5590 3199 5642 in
3244 5588 3495 5656 spiritu'.
3544 5587 3680 5643 Cum

441 5683 577 5737 Θεοῦ
608 5680 745 5738 εἶναι
782 5684 872 5739 τὸν
904 5688 1164 5758 μονογενῆ
1187 5687 1339 5752 Θεὸν,
1374 5688 1488 5752 πῶς
1519 5691 1548 5740 ὁ
1584 5689 1662 5758 τῷ
1699 5688 1815 5756 Θεῷ
1847 5704 2009 5760 προσ-

2112 5689 2273 5759 igitur
2305 5687 2506 5758 ubique
2526 5686 2959 5741 demonstratum
3008 5686 3101 5750 sit,
3141 5685 3482 5757 unigenitum
3514 5685 3682 5742 Deum

504 5868 524 5899 ⁸
566 5867 706 5922 l‘sal.
751 5882 895 5933 xuv,
927 5866 979 5920 8.

1094 5866 1377 5934 ‘lsa.x1.v,
1412 5869 1494 5933 tl,
1544 5869 1624 5924 lfi.
1692 5871 1711 5900 ⁸
1756 5869 1908 5925 Rom.
1959 5885 2007 5922 Ix

2112 5904 2125 5920 .
2204 5868 2223 5898 ‘
2264 5867 2367 5922 Tit.
2396 5884 2455 5934 ιι,
2493 5868 2544 5922 4.
2625 5867 2647 5897 ’
2715 5864 2995 5922 lTituoth.
3045 5884 3125 5935 ιιι,
3172 5870 3254 5922 16.
