4142 6374
507 408 614 463 865

1744 405 1802 459 5.
1840 405 2164 460 GREGOMI
2205 405 2491 461 NYSSENI

3665 407 3772 459 Stil-

505 541 631 580 esse
667 520 854 584 Deum,
882 523 1155 592 quomodo
1192 523 1238 576 is
1270 524 1364 592 qui
1405 521 1515 579 Deo
1552 525 1851 582 bonitatem
1883 543 2084 584 convc-

2185 529 2339 597 ήκειν
2388 529 2487 598 τὴν
2519 528 2832 598 ἁγαθότητα
2858 530 3052 600 λέγων,
3095 532 3193 601 τῆς
3223 531 3535 598 ἐπωνυμίας
3565 528 3764 597 ταύτῇς

509 617 628 668 nire
672 615 826 677 dicit,
888 615 957 668 ab
1006 616 1110 668 hac
1161 616 1524 684 appellatione
1571 616 1693 672 Filii
1744 619 2082 674 divinitatem

504 708 740 762 alienam
789 722 913 760 esse
952 706 1334 760 demonstrat?
1381 710 1682 777 praesertim
1720 726 1844 766 cum
1896 710 2084 766 Domi-

506 815 613 854 nus
647 799 748 854 sibi
788 800 992 854 bonum
1034 799 1318 861 attribuat,
1371 801 1425 854 in
1473 802 1728 869 parabola
1770 818 1958 863 eorum
1989 804 2083 871 qui

505 892 760 945 mercede
789 890 1046 943 conducti
1083 899 1210 943 sunt
1254 892 1306 944 in
1338 892 1573 946 vineam.
1617 891 1753 946 Cum
1787 893 1932 947 enim
1974 894 2085 948 illic

505 983 600 1050 qui
635 981 790 1050 prius
823 980 1080 1034 conducti
1127 980 1312 1036 labore
1359 982 1562 1036 defessi
1616 991 1792 1045 erant,
1837 984 2085 1054 indigna—

504 1081 700 1128 rentur
735 1073 806 1128 οὶ)
845 1073 1114 1126 mercedis
1154 1073 1561 1141 aaqualitatem,
1613 1074 1981 1142 mulctamque
2032 1083 2086 1130 et

503 1163 767 1217 damnum
797 1164 1080 1232 proprium
1121 1163 1454 1229 judicarcnt,
1491 1181 1602 1218 rem
1652 1181 1680 1216 a
1713 1168 1922 1221 carteris
1954 1183 2084 1235 0pc-

504 1257 670 1308 rariis
710 1270 969 1323 prospere
1019 1263 1251 1323 gestam,
1288 1272 1478 1309 eorum
1509 1258 1602 1325 qui
1649 1274 1792 1326 aegre
1837 1259 2083 1313 ferebant

507 1346 601 1398 uni
643 1345 779 1398 dixit
801 1345 988 1414 justus
1019 1345 1183 1413 judcx
1212 1361 1224 1396 :
1256 1347 1457 1405 Amice,
1501 1364 1602 1400 non
1636 1349 1774 1414 facio
1799 1350 1894 1402 tibi
1938 1351 2084 1418 inju-

507 1437 666 1497 riam,
719 1452 887 1489 nonne
930 1435 1150 1488 denario
1188 1437 1378 1488 diurno
1436 1446 1604 1489 tecum
1656 1441 1910 1494 conveni?
1958 1439 2088 1493 Ecce

464 1528 666 1581 Niobes
707 1529 843 1595 quod
899 1539 1045 1580 tuum
1087 1537 1165 1580 est
1205 1544 1222 1580 :
1257 1528 1371 1581 t-olo
1426 1539 1598 1581 autem
1647 1539 1694 1582 et
1738 1531 1858 1582 huic
1899 1531 2085 1584 ultimo

510 1631 713 1673 tantum
749 1619 877 1673 dare
922 1631 1179 1687 quantum
1232 1621 1346 1672 tibi.
1399 1620 1585 1673 Annon
1648 1621 1809 1674 habeo
1853 1632 2087 1689 potesta-

510 1723 609 1764 tem
639 1713 692 1763 in
725 1711 850 1762 meis
892 1710 1118 1779 faciendi
1152 1711 1287 1778 quod
1321 1711 1478 1765 volo?
1505 1711 1587 1761 An
1617 1712 1798 1764 oculus
1845 1722 1965 1766 tuus
1998 1730 2086 1767 ne-

505 1819 664 1872 quam
705 1811 805 1860 est.
867 1803 993 1870 quia
1036 1817 1130 1870 ego
1174 1802 1337 1854 bonus
1382 1803 1581 1854 sum“?
1632 1801 1823 1856 Nullus
1858 1818 2084 1871 prorsus

2186 621 2473 692 ἀλλοτρίαν
2519 622 2866 676 ἀποδείκνυσι
2904 623 2998 676 τοῦ
3052 624 3182 676 Υίοῦ
3224 623 3320 692 τὴν
3367 623 3623 688 θεὸττ,τα;
3657 622 3761 672 Καὶ

2184 713 2363 766 ταῦτα
2394 714 2556 766 αὑτοῦ
2585 714 2678 766 τοῦ
2707 716 2911 784 Κυρίου
2942 715 3003 767 τὺ
3034 717 3235 782 ἀγαθὸν
3271 715 3446 784 ἑαυτῷ
3483 731 3764 784 προσμαρ-

2185 803 2477 872 τυροῦντος
2524 805 2581 855 ἐν
2627 806 2691 874 τῇ
2731 803 2838 856 τῶν
2893 805 3322 875 μεμισθωμένων
3356 807 3433 866 εἰς
3469 805 3558 854 τὸν
3589 806 3761 866 dtng:-

2185 891 2332 946 λῶνα
2364 893 2666 964 παραϐολῇ.
2687 895 2833 947 Ἐκεῖ
2861 895 2967 966 γὰρ
2999 895 3105 948 τῶν
3137 896 3602 966 προκεκμηκότων
3635 895 3763 946 δυσ-

2189 984 2629 1053 ανασχετούντων
2675 989 2739 1056 τῇ
2792 986 2901 1038 τῶν
2935 986 3302 1057 μισθωμάτων
3343 986 3632 1054 ἰσομοιρίᾳ,
3673 987 3762 1037 καὶ

2187 1075 2386 1145 ζημίαν
2422 1077 2712 1144 κρινόντων
2763 1077 2896 1132 ἰδίαν
2935 1078 3044 1130 τῶν
3072 1077 3398 1130 τελευταίων
3429 1077 3526 1147 τὴν
3557 1078 3760 1145 εὐπρα-

2187 1165 2333 1232 γίαν,
2366 1166 2499 1234 φησὶ
2545 1165 2680 1235 πρὸς
2709 1183 2830 1218 τινα
2877 1166 2984 1218 τῶν
3030 1166 3464 1234 χαλεπαινόντων
3505 1167 3532 1217 6
3561 1165 3761 1224 δίκαιος

2186 1262 2400 1329 κριτὴς,
2428 1255 2530 1318 ὅτι,
2568 1256 2810 1324 Ἑταῖρε,
2847 1258 2957 1310 οὐκ
2991 1255 3174 1310 ἀδικῶ
3207 1273 3298 1309 σε.
3316 1256 3460 1324 Οὐχὶ
3482 1255 3762 1322 δηναρίων

2186 1343 2592 1414 συνεφώνησά
2620 1363 2717 1399 σοι
2743 1347 2858 1415 τὴν
2886 1348 3146 1416 ἡμέρην;
3186 1347 3329 1401 Ἰδοὺ
3353 1348 3511 1417 ἔχεις
3534 1347 3596 1399 τὸ
3615 1349 3729 1399 σόν
3752 1364 3760 1373 ·

2185 1435 2338 1490 θέλω
2363 1437 2430 1488 δὲ
2466 1438 2561 1491 καὶ
2605 1437 2685 1502 τῷ
2727 1438 2962 1507 ἐσχάτῳ
3015 1440 3381 1508 χαρίσασθαι.
3419 1439 3620 1505 ὥσπερ
3664 1439 3759 1489 καὶ

2185 1528 2305 1580 σοι’.
2331 1531 2387 1581 Μ
2391 1529 2534 1582 όνον
2554 1531 2663 1582 οὐκ
2692 1529 2806 1597 χω
2827 1531 3118 1593 ἐξουσίαν
3139 1531 3208 1583 ἐν
3234 1531 3356 1597 τοῖς
3387 1531 3550 1599 ἐμοῖς
3571 1530 3764 1583 ποιεῖν

2186 1620 2216 1671 ὃ
2252 1619 2441 1686 θέ.1ω;
2489 1623 2555 1673 Ἠ
2588 1624 2620 1674 ό
2664 1622 2972 1690 ὀφθαλμός
3004 1639 3120 1675 σου
3159 1623 3424 1689 πονηρὸς
3450 1662 3464 1683 ,
3518 1621 3605 1674 ὅτι
3650 1620 3761 1690 ἐγὼ

2185 1713 2406 1780 ἁγαθός
2453 1715 2607 1779 alia;
2655 1713 2880 1775 Πάντως
2925 1713 2983 1766 δὲ
3017 1713 3192 1776 οὐδεὶς
3229 1714 3356 1784 περὶ
3390 1712 3576 1766 τούτου
3613 1711 3761 1780 φιλο-

2185 1807 2443 1872 νεικήσει,
2475 1806 2552 1856 ὃτι
2580 1807 2611 1873 ἡ
2642 1805 2734 1857 τοῦ
2766 1805 2885 1856 κατ’
2921 1805 3078 1870 ἀξίαν
3101 1805 3348 1876 διανομὴ,
3383 1806 3507 1857 ἴδιον
3532 1805 3622 1856 τοῦ
3648 1822 3762 1874 κρι-

505 1902 574 1949 oe
614 1895 716 1948 hoc
741 1894 1030 1947 ambitiose
1060 1892 1374 1958 contendet,
1403 1892 1549 1962 quod
1579 1909 1640 1948 ea
1687 1910 1807 1963 qua:
1831 1909 1930 1963 pro
1972 1911 2084 1949 mc-

2185 1895 2278 1948 τοῦ
2314 1895 2472 1965 ἔργον
2514 1897 2664 1956 ἐστὶ,
2699 1895 2888 1966 κριτὴν
2922 1896 2976 1947 δὲ
3024 1895 3114 1948 τὸν
3151 1897 3410 1966 μονογενῆ
3453 1897 3584 1949 Θεὸν
3626 1891 3763 1949 εἶναι

507 1985 631 2039 litis
662 1992 718 2038 et
756 1984 1025 2054 dignitate
1076 1985 1133 2036 lit
1180 1983 1521 2049 distributio,
1572 1986 1852 2054 proprium
1883 1986 2084 2055 judiris

506 2093 708 2131 munus
734 2085 848 2142 est;
899 2076 1240 2145 unigenitum
1267 2085 1450 2132 autem
1484 2075 1650 2130 Deum
1683 2078 1924 2145 judicent
1964 2094 2085 2132 esse

504 2183 698 2222 omnes
727 2168 1005 2237 Evangelii
1037 2167 1290 2238 discipuli
1323 2169 1745 2236 adstipulanfur.
1782 2167 1964 2231 Pater,
1996 2171 2083 2223 in-

505 2264 646 2328 quit,
676 2279 777 2315 non
802 2263 1008 2330 jutlicut
1039 2278 1368 2330 quamquam,
1412 2263 1503 2313 sed
1530 2278 1679 2315 omne
1705 2261 1964 2327 judicium
1991 2261 2083 2312 de-

500 2354 582 2406 dit
642 2353 852 2408 Filia".
911 2355 1015 2409 Sed
1079 2370 1187 2407 non
1251 2354 1515 2408 resistunt
1572 2354 1849 2422 scriptis:
1894 2353 2084 2406 dicunt

503 2447 649 2500 enim
693 2448 854 2502 unius
894 2447 1254 2515 adjectionem
1288 2447 1506 2516 proprie
1559 2447 1626 2500 ad
1659 2445 1874 2500 Patrem
1911 2449 2084 2515 respi—

506 2555 650 2594 cere.
687 2538 883 2592 Nullus
906 2540 1072 2604 enim,
1098 2541 1194 2603 ait,
1229 2539 1414 2603 bonus,
1447 2540 1548 2592 nisi
1576 2556 1709 2592 unus
1747 2539 1966 2594 Deus”.
2000 2541 2083 2593 An

504 2630 672 2700 igitur
705 2631 772 2684 ad
809 2631 894 2685 sui
942 2630 1306 2699 patrocinium
1359 2631 1675 2699 languescet
1727 2632 1970 2686 veritas?
1999 2633 2083 2685 An

506 2720 697 2774 multis
741 2720 875 2776 locis
917 2721 1142 2774 minimo
1175 2721 1392 2790 negotio
1428 2720 1567 2773 hanc
1606 2720 1853 2777 fallacem
1898 2733 1949 2777 et
2002 2725 2090 2778 ca;

506 2812 744 2880 ptiosam
801 2813 1276 2869 ratiocinationem
1341 2815 1546 2868 erroris
1614 2815 1736 2868 licet
1800 2816 2087 2871 refellere?

503 2903 610 2968 Qui
638 2903 782 2958 enim
819 2905 931 2960 haec
959 2904 1027 2959 de
1059 2903 1218 2960 Patre
1246 2904 1404 2970 dixit,
1441 2919 1492 2959 et
1531 2906 1619 2958 illa
1648 2907 1714 2960 ad
1747 2905 1960 2961 Patrem
2003 2909 2088 2962 ili-

504 2994 603 3059 cit,
635 2994 781 3064 quod
813 2995 1007 3049 Omnia
1045 3013 1159 3049 mea
1186 3005 1279 3048 tua
1314 3007 1458 3059 sunt,
1491 2999 1625 3051 etin
1657 2999 1788 3066 ipsis
1813 2998 2087 3068 gloriﬁca-

504 3095 593 3138 tus
629 3103 744 3138 sum
769 3087 832 3139 υ.
873 3089 929 3140 Si
966 3094 1144 3141 autem
1183 3090 1363 3142 omnia
1407 3105 1529 3159 qua:
1562 3099 1688 3143 sunt
1730 3088 1907 3144 Patris
1955 3092 2086 3144 dicit

2188 1987 2387 2048 πάντες
2417 1987 2466 2037 οἱ
2504 1985 2745 2055 μαθηταὶ
2791 1985 2882 2037 τοῦ
2917 1985 3248 2053 Εὐαγγελίου
3299 1984 3653 2040 συντίθενται.
3707 1986 3760 2032 ’.1

2185 2081 2296 2149 γὰρ
2326 2077 2550 2144 Πατὴρ,
2584 2077 2739 2148 φησὶ,
2774 2079 2959 2145 κρίνει
2984 2078 3221 2135 οὐδένα,
3247 2079 3405 2131 ἀλλὰ
3423 2077 3539 2142 τὴν
3567 2076 3766 2145 κρίσιν

2187 2168 2394 2223 πᾶσαν
2431 2167 2649 2220 δέδωκε
2689 2167 2767 2233 τῷ
2815 2170 2942 2233 Titii.
2995 2169 3135 2221 Ἀλλ’
3177 2170 3236 2221 οὐ
3271 2168 3623 2222 καθίστανται
3655 2169 3763 2221 τῶν

2185 2260 2606 2331 γεγραμμένων.
2666 2260 2802 2312 Φασὶ
2855 2260 2964 2329 γὰρ
3009 2262 3107 2331 τὴν
3155 2261 3248 2312 τοῦ
3305 2261 3420 2323 ἐνὸς
3472 2262 3760 2332 πρόσθεσιν

2188 2351 2393 2422 κυρίως
2420 2351 2499 2412 εἰς
2532 2350 2621 2403 τὸν
2651 2350 2871 2419 Πατέρα
2899 2352 3134 2420 βλέπειν.
3175 2352 3383 2417 Οὐδεὶς
3417 2355 3550 2426 γὰρ,
3575 2353 3757 2422 φησιν,

2185 2442 2427 2511 ἀγαθὸς,
2458 2444 2509 2496 εὶ
2545 2441 2624 2510 μὴ
2656 2438 2743 2506 εἷς
2772 2447 2804 2495 ὀ
2848 2445 3008 2508 Θεὸς.
3036 2440 3159 2515 Ἆρ’
3194 2441 3286 2497 οὖν
3333 2445 3582 2513 ἁτονήσει
3629 2445 3762 2514 πρὲις

2189 2533 2514 2603 συνηγορίαν
2554 2533 2754 2602 ἑαυτῆς
2783 2535 2814 2602 ἡ
2849 2534 3112 2604 ἁλήθειας
3163 2537 3229 2586 Ἢ
3258 2534 3586 2602 πολλαχόθεν
3621 2534 3763 2587 ἐστιν

2187 2627 2244 2677 ὲν
2271 2624 2522 2694 εὐσχολία
2554 2624 2719 2694 πολλῇ
2753 2625 2845 2676 καὶ
2873 2625 3059 2677 τοῦτον
3099 2626 3372 2694 ἐξελέγξαι
3403 2627 3494 2678 τὸν
3522 2627 3759 2695 παραλο-
3825 2629 3828 2632 ’

2187 2716 2382 2784 γισμὺν
2419 2716 2516 2785 τῆς
2546 2717 2792 2786 ἀπάτης
2837 2717 2892 2768 Ὁ
2934 2719 3042 2786 γὰρ
3077 2716 3248 2770 ταῦτα
3272 2719 3397 2788 περὶ
3431 2717 3522 2769 τοῦ
3554 2718 3763 2788 Πατρὺς

2186 2809 2374 2869 εἰπὼν,
2413 2810 2636 2861 κάκεῖνα
2670 2810 2803 2879 πρὸς
2834 2810 2923 2861 τὸν
2967 2809 3185 2878 Πατέρα
3221 2819 3422 2878 φησὶν,
3451 2811 3531 2862 ὅτι
3565 2809 3764 2862 Πάντα

2188 2900 2259 2952 τὰ
2294 2899 2401 2967 ὲμά
2445 2898 2528 2952 σά
2558 2900 2688 2952 ἐστι
2717 2919 2730 2931 ·
2763 2902 2854 2953 καὶ
2883 2901 3252 2969 Δεδόξασμαι
3277 2902 3345 2953 ἑν
3365 2903 3587 2966 αὐτοῖς.
3624 2904 3685 2954 Ei
3706 2903 3761 2954 δὲ

2187 2993 2365 3046 πάντα
2406 2991 2473 3044 τὰ
2519 2992 2610 3044 τοῦ
2655 2993 2866 3064 Πατρὸς
2893 2994 2986 3046 τοῦ
3026 2994 3154 3046 Υἱοῦ
3200 3012 3363 3065 φησιν
3403 2990 3574 3056 εἶναι,
3620 2996 3675 3046 ἒν
3706 2996 3766 3047 δὲ

2187 3083 2295 3135 τῶν
2325 3084 2382 3134 ὲν
2418 3083 2497 3153 τῷ
2527 3085 2700 3155 Ila-cpi.
2731 3084 3120 3155 θεωρουμένων
3145 3089 3176 3157 ή
3206 3085 3494 3156 ἁγαθότης,
3520 3087 3552 3157 ἦ
3590 3087 3773 3140 πάντα.

508 3174 636 3230 Filii
671 3194 813 3241 esse,
857 3194 1024 3232 unum
1068 3189 1247 3233 autem
1288 3196 1476 3234 eorum
1509 3195 1628 3250 quae
1677 3181 1730 3234 in
1768 3179 1923 3235 Patre
1961 3199 2085 3249 5pc-

2186 3173 2285 3227 οὖκ
2314 3173 2446 3243 ἔχει,
2492 3176 2648 3245 εἰπερ
2679 3175 2836 3228 τοῦτο
2883 3178 2983 3228 οὐκ
3030 3177 3170 3246 ἔχει,
3209 3179 3300 3230 καὶ
3342 3177 3630 3246 ψεύδεσθαι
3661 3180 3765 3248 φή-

506 3278 730 3322 rtantur
761 3280 844 3324 est
879 3270 1116 3333 bonitas,
1150 3271 1233 3324 vel
1277 3273 1458 3325 omnia
1511 3287 1622 3326 non
1658 3273 1841 3332 habet,
1887 3274 1931 3326 si
1969 3275 2087 3343 qui-

507 3359 630 3412 dem
673 3362 777 3414 hoc
828 3377 935 3416 non
986 3362 1168 3425 habet,
1200 3372 1252 3416 et
1288 3365 1503 3418 mentiri
1542 3366 1729 3419 «licent
1763 3365 2083 3428 veritatem;

507 3452 593 3506 vel
623 3452 667 3506 si
700 3452 857 3508 nefas
893 3463 977 3508 est
1006 3455 1287 3507 veritatem
1327 3456 1496 3524 ipsam
1540 3457 1809 3524 suspicari
1843 3457 1896 3510 in
1930 3473 2084 3510 men-

503 3546 726 3600 dacium
769 3546 919 3609 ferri,
953 3549 1044 3615 qui
1075 3547 1258 3599 omnia
1302 3564 1423 3616 quae
1453 3560 1580 3602 sunt
1613 3548 1790 3602 Patris
1830 3564 1927 3601 sua
1963 3565 2087 3604 esse

506 3637 660 3700 (lit'il,
718 3653 892 3705 neque
934 3646 1087 3692 extra
1143 3639 1436 3693 bonitatem
1481 3655 1605 3696 esse
1643 3641 1885 3696 confessi
1932 3651 2082 3696 sunt.

508 3727 613 3793 Qui
639 3728 782 3782 enim
815 3729 1034 3783 Patrem
1069 3730 1121 3783 in
1165 3731 1460 3799 semetipso
1502 3731 1684 3795 habet,
1727 3741 1781 3786 et
1808 3747 1928 3801 quae
1960 3743 2088 3787 sunt

508 3817 688 3873 Patris
717 3820 1034 3889 complexus
1073 3829 1157 3876 est
1202 3822 1408 3884 omnia,
1443 3836 1566 3876 cum
1601 3823 1860 3878 omnibus
1895 3823 2088 3877 videli-

509 3917 598 3965 cet
627 3909 924 3964 bonitatem
957 3910 1122 3964 etiam
1163 3911 1324 3966 habet
1355 3931 1366 3964 :
1409 3913 1588 3967 bonus
1629 3913 1794 3983 igitur
1817 3913 2013 3969 Filius.

584 3997 689 4054 Sed
739 3998 940 4062 imitus,
987 3999 1187 4069 inquit,
1228 3999 1392 4054 bonus
1433 4002 1537 4054 nisi
1575 4017 1712 4054 unus
1760 4002 1936 4057 Deus.
1975 4003 2089 4059 Hoc

509 4090 580 4146 ab
626 4090 956 4145 adversariis
1016 4090 1330 4160 profertur,
1387 4108 1563 4161 neque
1615 4095 1730 4162 ipse
1777 4109 2084 4150 sermonem

511 4178 724 4246 I'ejicio,
760 4193 871 4232 non
903 4188 1084 4232 tamen
1110 4188 1397 4249 prepterea
1432 4178 1554 4234 Filii
1599 4180 1897 4235 bonitatem
1929 4197 2084 4252 nego.

509 4268 615 4334 Qui
647 4270 794 4323 enim
821 4269 1114 4325 Dominum
1148 4270 1317 4326 Deum
1352 4285 1475 4326 esse
1509 4272 1820 4338 conﬁtetur,
1852 4280 1905 4326 et
1942 4272 2089 4342 quod

513 4362 718 4418 bonum
745 4372 852 4424 est,
889 4364 937 4417 ei
971 4364 1193 4417 omnino
1223 4363 1326 4418 hac
1361 4364 1705 4420 confessione
1723 4367 1993 4420 attribuit.
2031 4364 2088 4420 Si

511 4454 659 4508 rnim
724 4455 945 4510 bonitas
993 4455 1214 4525 propria
1266 4462 1352 4510 est
1396 4454 1530 4522 Dei,
1583 4463 1638 4510 et
1686 4456 1952 4511 Dominus
2005 4465 2090 4513 est

513 4544 678 4609 Deus,
716 4547 896 4602 bonus
945 4548 1130 4616 itaque
1161 4563 1258 4617 per
1289 4547 1405 4600 haec
1436 4563 1560 4617 quae
1606 4549 1785 4616 posita
1831 4558 1960 4602 sunt
2001 4548 2088 4603 Fi-

511 4639 621 4695 iius
651 4640 978 4694 ostenditur.
1024 4639 1151 4703 Sed,
1184 4640 1280 4704 ait,
1321 4641 1488 4694 unius
1521 4640 1687 4694 dictio
1716 4638 1912 4694 Filium
1954 4641 2080 4695 boni

510 4732 900 4787 communione
949 4733 1208 4796 secernit,
1245 4734 1341 4788 sed
1385 4743 1471 4789 est
1516 4735 1676 4790 facile
1708 4733 2088 4789 demonstrare

513 4820 658 4889 quod
690 4835 869 4890 neque
909 4821 1015 4876 hoc
1041 4836 1071 4873 a
1099 4820 1238 4874 Filio
1269 4819 1482 4876 Patrem
1507 4822 1756 4892 dissipat.
1788 4822 1998 4876 Etenim
2033 4823 2086 4874 in

514 4912 771 4967 omnibus
811 4913 934 4967 aliis
971 4913 1116 4982 quod
1162 4930 1333 4966 unum
1377 4924 1479 4980 est,
1515 4915 1882 4983 incopulatam
1923 4914 2087 4969 habet

516 5003 1012 5072 significationem;
1043 5005 1096 5058 in
1126 5004 1282 5059 Patre
1313 5021 1437 5059 vero
1467 5015 1519 5059 et
1553 5005 1711 5071 Filio,
1742 5006 1886 5075 quod
1916 5023 2085 5061 unum

511 5102 599 5148 est
633 5109 742 5148 non
777 5096 832 5148 in
863 5095 1159 5151 solitudine
1183 5098 1298 5152 sive
1320 5098 1700 5166 singularitate
1729 5098 2083 5168 conspicitur.

512 5191 627 5256 Ego
651 5188 818 5252 enim,
848 5188 1044 5256 inquit,
1077 5197 1125 5241 et
1155 5189 1317 5242 Pater
1345 5206 1509 5242 unum
1530 5207 1708 5242 sumus
1736 5191 1800 5243 ¹².
1835 5188 1890 5242 Si
1924 5190 2084 5260 igitur

515 5295 658 5333 unus
687 5279 906 5349 quidem
931 5281 1144 5346 bonus;
1181 5282 1364 5335 unitas
1391 5291 1570 5336 autem
1594 5281 1837 5350 quaedam
1863 5281 1918 5335 in
1951 5280 2089 5334 Filio

512 5380 567 5426 et
597 5370 757 5426 Patre
786 5372 1141 5442 intelligitur;
1169 5388 1297 5443 ergo
1326 5373 1590 5429 Dominus
1618 5373 1710 5442 qui
1749 5373 1839 5428 uni
1877 5374 2089 5427 bonita-

514 5473 626 5517 tem
657 5464 926 5526 attribuit,
966 5473 1019 5519 et
1047 5465 1151 5518 sibi
1184 5466 1284 5533 ipsi
1317 5481 1414 5536 per
1453 5467 1615 5520 unius
1653 5463 2088 5535 cognominatio-

516 5569 640 5610 Item
695 5557 993 5627 assignavit
1043 5566 1230 5626 utpote
1285 5558 1378 5626 qui
1427 5557 1498 5611 sit
1558 5573 1698 5610 llllllS
1749 5572 1872 5610 cum
1909 5554 2086 5617 Patre,

514 5663 694 5718 neque
715 5667 744 5703 a
770 5649 948 5706 Patris
977 5651 1186 5706 unitate
1215 5651 1516 5707 secundum
1544 5659 1794 5704 naturam
1820 5647 2086 5703 divulsus.

589 5829 610 5859 ⁸
652 5830 839 5885 Matth.
870 5847 958 5897 xx,
986 5831 1049 5884 15
1076 5847 1195 5901 sqq.
1309 5833 1328 5861 ⁸
1367 5827 1520 5882 Joan.
1545 5845 1595 5893 γε
1619 5828 1707 5882 ‘12.

1827 5828 1865 5858 ²⁰
1905 5823 2095 5879 Matth.
2132 5839 2240 5886 xxx,
2291 5823 2372 5877 lT.

2189 3281 2342 3317 σουσι
2375 3267 2474 3337 τὴν
2504 3265 2761 3337 ἀλήθειαν
2781 3283 2795 3297 ο
2831 3267 2863 3338 ἦ
2915 3269 3072 3339 εἴπερ
3105 3267 3361 3337 ἀθέμιτον
3411 3269 3762 3322 καθυπονοεί-

2186 3357 2310 3409 σθαι
2338 3359 2436 3428 τὴν
2459 3357 2625 3421 ὅντως
2653 3358 2908 3428 ἀλήθειαν
2940 3359 3014 3421 ὡς
3044 3361 3122 3421 εἰς
3143 3359 3338 3428 ψεῦδος
3365 3361 3764 3432 ἐκφερομένην,

2183 3454 2211 3505 6
2245 3451 2423 3503 πάντα
2451 3451 2518 3503 τὰ
2546 3451 2639 3503 τοῦ
2673 3453 2885 3520 Πατρὸς
2913 3452 3107 3505 ἑαυτοῦ
3135 3452 3328 3521 λέγων,
3355 3455 3474 3507 οὐδὲ
3501 3457 3600 3523 τῆς
3628 3457 3763 3522 ἁγα-

2185 3543 2404 3614 θότητος
2435 3544 2590 3606 ἐκτὸς
2612 3539 2749 3598 εἶναι
2772 3543 3242 3614 συνωμολόγησεν.
3286 3546 3345 3599 '0
3370 3547 3476 3618 γὰρ
3499 3549 3556 3599 ἐν
3585 3547 3764 3613 ἑαυτῷ

2181 3627 2272 3678 τὸν
2303 3625 2518 3696 Πατέρα
2546 3625 2706 3696 ἔχων,
2739 3628 2833 3680 καὶ
2862 3628 2930 3680 τὰ
2953 3629 3044 3682 τοῦ
3077 3629 3291 3698 Πατρὸς
3317 3623 3720 3698 ἐμπεριειληςὼ
3745 3667 3751 3678 .

2182 3718 2357 3770 πάντα
2383 3757 2399 3781 ,
2434 3717 2570 3788 μετὰ
2612 3717 2830 3771 πάντων
2872 3718 3111 3788 δηλονότι
3159 3719 3252 3772 καὶ
3301 3720 3398 3789 τὴν
3446 3715 3755 3786 ἁγαθότητιι

2180 3805 2323 3876 ἔχει’
2364 3807 2560 3859 οὐκοῦν
2594 3804 2797 3876 ἀγαθὸς
2823 3808 2851 3859 6
2884 3807 3032 3869 Υἱός.

2263 3985 2400 4038 Ἀλλ’
2448 3984 2668 4050 οὐδεὶς,
2702 3984 2866 4054 φησὶν
2895 4022 2909 4045 ,
2955 3982 3192 4051 ἀγαθὸς,
3220 3983 3272 4034 εὶ
3298 3978 3383 4049 μὴ
3406 3974 3493 4046 εἷς
3525 3983 3557 4032 ὁ
3585 3982 3750 4044 Θεός.

2179 4078 2348 4132 Τοῦτο
2392 4079 2540 4149 παρὰ
2572 4078 2677 4130 τῶν
2724 4077 2982 4129 ἐναντίων
3016 4077 3381 4146 προφέρεται,
3431 4075 3549 4126 οὐδὲ
3589 4074 3753 4132 αὐτὸς

2178 4169 2467 4222 ἀποϐάλλω
2493 4169 2582 4222 τὸν
2613 4170 2788 4236 λόγον.
2821 4169 2894 4222 Οὐ
2931 4167 3036 4238 μὴν
3069 4167 3335 4237 ἀρνοῦμαι.
3364 4165 3452 4218 διὰ
3484 4164 3635 4216 τοῦτο
3658 4164 3748 4214 τε]

2179 4259 2308 4314 Υἱοῦ
2336 4261 2434 4332 τὴν
2466 4260 2794 4328 ἁγαθότητα.
2834 4259 2891 4310 '0
2920 4258 2976 4309 δὲ
3013 4257 3287 4327 ὁμολογῶν
3327 4256 3457 4308 Θεὸν
3498 4251 3632 4306 εἶναι
3658 4254 3751 4304 τὸν

2178 4353 2400 4423 Κύριον,
2428 4354 2522 4406 καὶ
2553 4351 2756 4420 ἀγαθὸν
2791 4351 2940 4422 αὐτῷ
2969 4352 3182 4412 πάντως
3218 4349 3305 4401 διὰ
3330 4348 3430 4418 τῆς
3461 4346 3748 4416 ὁμολογίας

2177 4447 2379 4517 ταύτης
2408 4444 2911 4516 συνεμαρτύρησεν.
2946 4443 3006 4494 [Si
3043 4443 3150 4511 γὰρ
3173 4443 3300 4494 ἴδιον
3332 4440 3465 4494 Θεοῦ
3498 4442 3531 4510 ἡ
3561 4437 3752 4506 ἁγαθό-

2123 4571 2162 4623 D
2179 4559 2276 4611 της
2293 4583 2305 4599 .
2340 4540 2471 4602 Θεὸς
2495 4539 2548 4591 δὲ
2583 4541 2609 4592 6
2633 4537 2857 4608 Κύριος,
2891 4536 3092 4604 ἀγαθὸς
3121 4535 3225 4606 ἄρα
3249 4534 3335 4588 διὰ
3361 4534 3468 4586 τῶν
3489 4533 3754 4623 τεθέντων

2179 4633 2207 4684 6
2234 4630 2359 4694 Υἱὸς
2411 4629 2772 4696 ἀναπέφηνεν.
2824 4626 3011 4689 Ἀλλὰ,
3049 4627 3200 4696 φησι,
3246 4624 3338 4677 τοῦ
3370 4624 3486 4686 ἑνὸς
3533 4626 3566 4693 ἡ
3608 4621 3753 4686 λέξις

2179 4722 2462 4790 ἀποκρίνει
2491 4720 2582 4772 τὸν
2607 4720 2733 4772 Υἱὸν
2762 4719 2860 4789 τῆς
2893 4718 2986 4771 τοῦ
3019 4715 3223 4786 ἀγαθοῦ
3254 4715 3556 4778 κοινωνίας.
3593 4714 3751 4766 ’Λλλα

2182 4810 2358 4880 ῥᾴδιον
2405 4809 2574 4874 δεῖξαι
2621 4809 2704 4860 ὅτι
2748 4808 2866 4860 οὐδὲ
2906 4808 2967 4860 τὸ
3015 4808 3071 4860 ἓν
3112 4807 3268 4859 τοῦτο
3302 4806 3609 4877 διαχωρίζει
3655 4803 3755 4856 τοῦ-

2182 4900 2312 4953 Υἰοῦ
2333 4901 2424 4953 τὸν
2453 4901 2689 4970 Πατέρα.
2721 4901 2842 4954 Ἐπὶ
2877 4900 2975 4970 μὲν
3007 4898 3114 4969 γὰρ
3139 4899 3244 4950 τῶν
3275 4898 3444 4952 ἄλλων
3473 4898 3747 4952 ἁπάντων,

2180 4994 2237 5045 τὸ
2267 4994 2325 5045 ἐν
2377 4993 2740 5046 ἀσυνδύαστον
2787 4992 2897 5062 ἔχει
2922 4991 3019 5062 τὴν
3058 4992 3351 5061 σημασίαν.
3395 4991 3519 5041 Ἐπὶ
3564 4989 3618 5041 δὲ
3658 4987 3756 5039 τοῦ

2181 5086 2391 5156 Πατρός
2426 5102 2483 5137 τε
2514 5085 2605 5137 καὶ
2637 5085 2728 5136 τοῦ
2754 5083 2904 5147 Υίοῦ,
2941 5085 2999 5136 τὸ
3029 5082 3086 5134 ἓν
3114 5083 3214 5135 οὒκ
3247 5085 3302 5134 ὲν
3335 5081 3582 5151 μονότητι
3621 5080 3754 5132 καθ-

2183 5179 2395 5246 ορᾶται-
2439 5174 2578 5245 Ἐγὼ
2619 5176 2750 5246 γὰρ,
2789 5175 2944 5244 φησὶ,
2996 5175 3095 5227 καὶ
3141 5176 3172 5228 o'
3200 5173 3400 5240 Πατὴρ
3439 5173 3506 5225 ἓν
3545 5173 3749 5239 ἐσμεν.

2182 5271 2241 5322 ΕΞ
2284 5267 2376 5321 οὖν
2409 5263 2485 5331 εἷς
2535 5268 2632 5338 μὲν
2671 5270 2699 5320 6
2736 5267 2966 5334 ἀγαθὸς,
3004 5268 3188 5333 ἑνότης
3223 5267 3278 5318 δέ
3314 5282 3394 5328 τις
3434 5265 3490 5318 ἐν
3527 5263 3604 5333 τῷ
3637 5264 3754 5332 Υίῷ

2181 5361 2372 5430 καὶτῷ
2405 5361 2580 5430 Πατρὶ
2603 5361 2914 5431 θεωρεῖται·
2948 5359 3057 5430 ἄρα
3080 5361 3108 5411 ὁ
3139 5358 3339 5428 Κύριος
3369 5359 3448 5410 ὲνὶ
3473 5360 3753 5426 μαρτυρή-

2184 5470 2282 5514 σας
2316 5451 2414 5522 τὴν
2465 5451 2811 5523 ἁγαθότητα,
2853 5451 2948 5505 καὶ
2993 5448 3170 5520 ἐαυτῷ
3220 5448 3309 5502 διὰ
3351 5448 3443 5502 τοῦ
3490 5448 3608 5510 ἑνὸς
3653 5447 3754 5517 τὴν

2181 5547 2496 5618 ἐπωνυμίαν
2517 5546 2718 5617 ταύτην
2750 5545 3240 5618 προσεμαρτύρησε
3261 5584 3275 5607 .
3302 5542 3378 5614 τῷ
3405 5543 3462 5596 ἓν
3484 5543 3596 5596 5W!-
3619 5543 3752 5612 πρὶς

2191 5645 2271 5698 τὸν
2299 5644 2537 5715 Πατέρα,
2566 5645 2659 5698 καὶ
2679 5645 2777 5697 οὐκ
2807 5643 3280 5718 ἀπορρηγνυμένῳ
3301 5643 3398 5713 τῆς
3427 5641 3565 5695 κατὰ
3592 5642 3754 5711 φύσιν

2469 5838 2510 5870 τί
2547 5837 2700 5892 Joan.
2733 5851 2862 5906 XVi};
2903 5836 2988 5892 16.
3080 5837 3119 5868 ¹²
3151 5831 3311 5891 εοεὶηο
3353 5854 3406 5902 X.
3444 5838 3533 5895 5οο
