4142 6374
369 415 478 473 865

1489 407 1769 465 CONTRA
1799 406 2190 473 EUNOMlUM,
2227 409 2354 465 LIB.
2391 413 2476 467 Kl.

3519 409 3625 465 865

369 539 638 608 ἑνότητος.
695 535 832 589 Ἀλλ’
863 537 1010 597 ὃπως
1039 534 1104 587 ἂν
1124 533 1212 586 διὰ
1242 533 1460 586 πάντων
1489 532 1710 602 ἔκδηλον
1735 531 1943 600 γένοιτο

2051 530 2155 586 Sed
2191 544 2246 588 ut
2272 551 2368 604 per
2398 537 2581 590 omnia
2614 535 2777 605 hujus
2807 533 2985 605 gravis
3012 531 3302 602 scriptoris
3329 529 3628 585 ineruditio

365 633 460 685 τοῦ
491 629 686 699 σεμνοῦ
715 630 1051 699 λογογράφου
1077 628 1138 680 τὸ
1158 625 1456 697 φιλαμαθὲς
1477 627 1567 678 καὶ
1595 625 1935 686 ἀπαίδευτον,

369 725 540 794 αὐτὴν
577 724 998 793 κατανοήσωμεν
1037 722 1128 773 ἐπὶ
1164 719 1360 784 λέξεως
1399 719 1506 770 τῶν
1542 717 1940 788 γεγραμμένων

368 818 465 885 τὴν
502 814 768 878 σύνταξιν.
801 814 915 865 Οὐκ
953 812 1280 872 οἰκειοῦται,
1319 811 1484 878 φησὶ,
1520 809 1616 879 τὴν
1665 809 1759 862 τοῦ
1791 809 1941 872 δντος

369 911 523 972 ἀξίαν
554 913 581 962 ὁ
615 909 738 970 Υἱός
763 925 774 937 ·
817 907 974 971 ἀξίαν
1015 905 1315 975 ὀνομάζων,
1361 903 1492 956 αὐτὸ
1519 903 1580 955 τὺ
1619 899 1780 954 εἶναι.
1816 901 1941 963 Πῶς

367 997 474 1053 οἶδε
505 1000 707 1070 κυρίως
732 1001 843 1061 τοῖς
877 997 1191 1066 πράγμασιν
1229 993 1557 1063 ἐφαρμόζειν
1586 992 1654 1044 τά
1683 992 1898 1062 ῥήματα
1924 992 1938 1043 !

368 1071 460 1144 καί
494 1092 679 1161 ἐπειδὴ
710 1091 797 1142 διὰ
828 1090 920 1142 τὸν
951 1088 1166 1157 Πατέρα
1194 1087 1361 1150 ἐστὶν,
1398 1083 1807 1156 ἀλλοτριοῦσθαι
1845 1082 1942 1136 αὑ·

367 1186 457 1237 τὸν
496 1182 690 1236 ἑαυτοῦ
733 1182 900 1249 λέγει.
949 1182 1037 1242 Ὠς
1071 1181 1165 1233 καὶ
1206 1180 1307 1249 τῆς
1340 1177 1531 1230 τούτου
1580 1173 1940 1246 κυριευούσης

367 1276 553 1342 οὐσίας
583 1273 718 1345 πρὸς
747 1272 941 1343 ἑαυτὴν
976 1271 1238 1341 ἑλκούσης
1279 1269 1376 1341 τὴν
1404 1268 1498 1320 τοῦ
1536 1267 1687 1329 ὄντος
1709 1266 1937 1319 ἔννοιαν.

371 1362 540 1414 Τοῦτο
580 1363 635 1414 δὲ
675 1360 916 1413 τοιοῦτόν
949 1363 1116 1422 ἐστιν,
1153 1361 1226 1422 ὼς
1261 1359 1327 1412 ἂν
1370 1357 1422 1410 εῖ
1463 1375 1545 1421 τις
1587 1355 1754 1423 λέγοι,
1800 1356 1881 1407 ὅτι
1913 1356 1942 1406 ὁ

369 1447 772 1518 ἀργυρώνητος,
813 1447 947 1500 meo
982 1449 1118 1505 ἐστι,
1160 1446 1303 1499 κατὰ
1332 1446 1428 1516 τὴν
1458 1445 1591 1498 ἰδίαν
1619 1445 1936 1505 ὑπόστασιν,

368 1540 467 1591 οὐκ
495 1541 696 1602 ἐκεῖνος
723 1540 868 1591 ἐστὶν
896 1579 908 1601 ,
938 1539 1050 1591 ἀλλ’
1078 1541 1105 1590 ό
1123 1537 1445 1609 ἐωνημένος,
1481 1539 1579 1606 τῆς
1606 1537 1726 1588 κατ’
1755 1534 1941 1587 οὐσίαν

369 1629 560 1684 ἑαυτοῦ
607 1631 953 1692 ὑποστάσεως
998 1633 1076 1692 είς
1104 1629 1203 1700 τὴν
1231 1628 1325 1682 τοῦ
1359 1629 1748 1700 κυριεύσαντος
1780 1624 1942 1693 φύσιν

367 1720 784 1791 ἀναληφθείσης.
812 1721 997 1774 Ταῦτα
1013 1722 1080 1774 τὰ
1097 1720 1275 1791 ὑψηλὰ
1293 1719 1386 1773 τοῦ
1403 1719 1653 1786 θεολόγου
1671 1717 1939 1786 νοήματα,

365 1816 397 1880 ἡ
426 1813 480 1865 δὲ
506 1813 613 1865 τῶν
658 1813 1066 1884 προειρημένων
1092 1812 1362 1876 ἀπόδειξις
1401 1812 1520 1877 οἵας
1554 1809 1738 1874 αὑτοῦ,
1775 1805 1931 1877 φησὶ,

2045 637 2094 683 et
2136 630 2354 684 inscitia
2393 630 2684 684 manifeste
2715 635 2918 699 pateat,
2948 627 3276 694 scriptorum
3309 625 3374 677 ad
3397 627 3622 679 verbum

2045 723 2300 792 syntaxin
2331 725 2744 778 consideremus
2778 740 2791 774 :
2821 721 3017 786 Filius,
3047 720 3242 788 inquit,
3273 720 3392 787 ejus
3426 719 3627 787 quiest

2042 813 2360 882 dignitatem
2399 828 2506 865 non
2541 813 2642 866 sibi
2676 811 2938 875 vindicat,
2967 809 3282 878 dignitatem
3336 810 3626 862 nominans

2043 903 2225 972 ipsum
2271 919 2416 958 esse.
2464 903 2750 968 Quomodo
2799 903 2948 955 novit
2997 902 3212 970 proprie
3259 901 3415 954 verba
3460 903 3626 954 rebus

2042 995 2460 1049 accommodare
2492 996 2504 1048 !
2541 995 2607 1046 Et
2647 994 2906 1063 quoniam
2948 1008 3043 1061 per
3070 991 3288 1044 Patrem
3319 1001 3421 1056 est,
3465 993 3621 1044 illum

2043 1085 2114 1138 ab
2148 1085 2268 1153 ipso
2299 1085 2596 1138 alienatum
2640 1099 2761 1137 esse
2796 1083 2951 1145 dicit,
2979 1081 3107 1150 quia
3155 1082 3414 1134 nimirum
3462 1080 3630 1149 hujus

2043 1175 2378 1229 dominatrix
2409 1175 2651 1229 essentia
2684 1176 2750 1227 ad
2781 1175 3017 1243 seipsaut
3052 1173 3234 1226 trahat
3271 1173 3414 1226 entis
3448 1173 3622 1226 notio‘

2043 1284 2166 1322 nem
2202 1287 2216 1321 :
2245 1269 2349 1322 hoc
2377 1275 2557 1322 autem
2588 1268 2693 1322 tale
2712 1273 2798 1321 est
2827 1281 2891 1320 ac
2915 1267 2958 1319 si
2997 1267 3123 1333 quis
3154 1266 3323 1330 dicat,
3359 1267 3500 1333 quod
3537 1278 3628 1318 ar-

2044 1366 2207 1426 gento
2236 1366 2477 1427 emptus,
2507 1371 2614 1426 qua
2649 1363 2754 1419 est,
2787 1357 3086 1410 secundum
3131 1370 3284 1409 suam
3315 1357 3626 1410 subsisten-

2043 1450 2174 1503 tiam
2218 1465 2327 1502 non
2363 1449 2453 1502 ille
2486 1455 2593 1512 est,
2625 1448 2719 1503 sed
2751 1447 2843 1516 qui
2880 1455 3096 1515 emptus
3122 1457 3224 1509 est,
3268 1447 3624 1502 subsistentia

2045 1541 2344 1596 secundum
2390 1541 2475 1594 sui
2527 1540 2822 1595 essentiam
2866 1539 2931 1592 ad
2980 1540 3317 1594 dominantis
3371 1551 3624 1594 naturam

2044 1641 2345 1701 assumpta;
2381 1633 2463 1686 lue
2493 1633 2762 1687 suntaltae
2783 1632 2945 1700 hujus
2968 1632 3202 1699 theologi
3225 1632 3498 1698 notiones,
3529 1632 3627 1686 sed

2045 1732 2170 1776 ante
2202 1722 2473 1777 dictorum
2509 1721 2909 1776 demonstratio
2939 1721 3164 1790 qualis?
3191 1721 3328 1774 Cum
3364 1722 3504 1791 ipse,
3538 1723 3627 1775 in—

2046 1818 2184 1887 quit,
2210 1817 2537 1884 Unigenitus
2563 1814 2752 1869 reddat
2774 1814 2917 1868 Patri
2946 1815 3044 1869 soli
3072 1815 3372 1869 secundum
3389 1815 3632 1885 dignita.

365 1904 458 1956 τοῦ
488 1905 814 1973 Μονογενοῦς
835 1905 1174 1967 ἀποδιδόντος
1197 1904 1274 1974 τῷ
1303 1904 1496 1974 Πατρὶ,
1519 1902 1617 1972 τὴν
1642 1902 1787 1971 μόνῳ
1812 1899 1931 1951 κατ’

2049 1921 2144 1964 tem
2195 1909 2434 1963 debitam
2489 1908 3060 1978 eognominationem:
3114 1915 3166 1960 et
3226 1907 3342 1961 haec
3403 1909 3625 1964 locutus

367 1997 523 2061 ἀξίαν
580 1996 936 2066 ὀρειλομένην
984 1995 1323 2065 ἐπωνυμίαν.
1387 1995 1496 2047 Καὶ
1543 1991 1713 2044 ταῦτα
1766 1987 1936 2042 εἰπὼν

368 2086 562 2154 ἐπάγει
587 2087 648 2139 τὸ
681 2086 837 2148 μόνον
861 2083 998 2139 εἶναι
1025 2084 1228 2152 ἀγαθὸν
1259 2083 1500 2153 Πατέρα.
1532 2080 1642 2134 Ποῦ
1676 2078 1853 2132 τοίνυν
1879 2077 1936 2129 ἐν

366 2177 573 2241 τούτοις
617 2180 860 2248 ἀρνεῖται
903 2179 932 2230 ὁ
957 2177 1084 2238 Υἱὸς
1119 2177 1219 2247 τὴν
1256 2162 1573 2244 ἐπωνυμίαν
1619 2171 1713 2224 τοῦ
1747 2169 1934 2230 ὅντος;

367 2270 502 2339 ὅπερ
534 2266 935 2331 κατασκευάζει
979 2266 1242 2336 Εὐνόμιος
1265 2304 1280 2328 ,
1309 2264 1481 2317 ταῦτα
1509 2260 1819 2332 προστιθεὶς
1848 2258 1939 2309 ἐπὶ

367 2361 591 2424 λέξεωςο
615 2359 676 2411 '0
701 2359 809 2428 γὰρ
847 2358 962 2425 τὴν
993 2357 1097 2410 τοῦ
1138 2355 1362 2424 ἀγαθοῦ
1403 2357 1744 2421 πρόσρησιν
1775 2351 1940 2420 μόνῳ

371 2450 698 2520 προσήκειν
713 2448 957 2515 διδάξας
972 2449 1181 2514 ἐκείνῳ
1198 2446 1278 2512 τῷ
1294 2447 1389 2500 καὶ
1407 2445 1516 2513 τῆς
1531 2443 1824 2513 σφετέρας
1845 2441 1941 2495 καὶ

369 2544 576 2610 πάσης
600 2542 962 2609 ἀγαθότητος
989 2542 1172 2603 αἰτίῳ,
1197 2537 1295 2591 καὶ
1314 2537 1572 2591 πάντοτε
1591 2535 1736 2598 ὄντι,
1759 2533 1941 2587 καὶτὸ

372 2633 686 2702 γινόμενον
709 2631 932 2700 ἀγαθὸν
953 2633 1043 2684 ἐπ’
1067 2630 1299 2684 ἐκεῖνον
1319 2629 1531 2699 φέρων·
1565 2626 1764 2697 σχολή
1787 2628 1840 2695 γ’
1865 2625 1944 2681 ἂν

370 2725 490 2778 τῶν
519 2741 662 2778 ποτε
690 2723 1018 2792 γινομένων
1039 2721 1375 2788 ᾠκειώσατο
1401 2720 1513 2786 τὴν
1534 2719 1824 2783 ἐξουσίαν
1843 2717 1943 2771 καὶ

369 2817 486 2884 τὴν
500 2815 604 2870 τοῦ
621 2815 793 2880 ὄντος
809 2814 1165 2883 ἐπωνυμίαν.
1175 2813 1239 2865 Τί
1254 2813 1499 2865 κοινωνεῖ
1511 2813 1621 2873 τοῖς
1635 2814 1681 2862 εἰ
1691 2827 1754 2881 ρη
1764 2809 1944 2879 μένοις

369 2915 404 2981 ὴ
430 2910 645 2975 ἐξουσία
665 2926 677 2970 ;
699 2908 821 2969 Πῶς
842 2907 897 2959 δὲ
923 2905 1058 2975 μετὰ
1077 2904 1278 2968 ταύτης
1294 2904 1504 2974 καὶτῆς
1524 2902 1616 2955 τοῦ
1633 2902 1784 2963 ὄντος
1800 2903 1945 2954 ἐπω-

373 3001 570 3070 νυμίας
613 3003 640 3053 ὁ
686 2999 810 3061 Υἱὸς
846 2998 1229 3068 ὴλλοτρίωται;
1287 2995 1424 3046 Ἀλλ’
1453 2995 1552 3046 οὐκ
1600 2990 1714 3046 οῖδα
1745 2992 1798 3044 τί
1838 2991 1942 3062 χρὴ

374 3092 533 3144 πλέον
563 3093 618 3142 ἐν
643 3089 850 3150 τούτοις
873 3091 1046 3141 ποιεῖν
1065 3105 1078 3119 ·
1106 3087 1268 3158 γελᾷν
1296 3087 1394 3158 τὴν
1417 3085 1680 3155 ἀμαθίαν,
1712 3086 1744 3155 ἢ
1776 3084 1944 3136 ἐλεεῖν

2039 2003 2344 2070 snhjunxit,
2379 2002 2554 2054 solum
2588 2003 2787 2054 bonum
2817 2016 2940 2056 esse
2973 2001 3212 2064 Patrem,
3244 2002 3335 2055 ubi
3360 2001 3530 2072 igitur
3563 2002 3619 2057 in

2037 2094 2125 2148 his
2164 2093 2333 2147 Filius
2371 2094 2472 2147 sibi
2511 2093 2743 2162 denegat
2777 2093 2920 2146 entis
2967 2092 3429 2161 appellationem?
3465 2093 3615 2163 quod

2039 2184 2258 2254 quidem
2291 2185 2488 2238 astruit
2510 2182 2812 2236 Eunomius
2843 2183 2956 2237 hch
2983 2181 3246 2251 adjicicns
3269 2183 3335 2236 ad
3357 2183 3617 2238 verbum:

2043 2277 2147 2342 Qui
2177 2279 2315 2331 enim
2361 2277 2482 2330 boni
2529 2276 2934 2345 appellationem
2971 2275 3071 2328 soli
3103 2274 3372 2327 convenire
3406 2274 3630 2339 docuit,

2040 2369 2122 2422 illi
2155 2385 2266 2423 sua!
2312 2369 2581 2437 omnisque
2633 2367 2885 2420 bonitatis
2920 2367 3125 2418 auctori
3167 2374 3217 2418 et
3259 2366 3470 2420 omnino
3513 2367 3620 2419 enti

2041 2470 2088 2513 et
2117 2459 2254 2528 quod
2289 2461 2350 2527 ﬁt
2375 2461 2564 2511 bonum
2588 2497 2602 2521 ,
2649 2458 2706 2509 in
2748 2457 2899 2509 illuni
2939 2457 3136 2525 refert,
3183 2457 3270 2510 via:
3295 2473 3475 2510 eorum
3507 2472 3626 2525 qua!

2043 2552 2215 2621 fiunt,
2257 2560 2566 2620 potestatem
2616 2558 2665 2602 et
2732 2551 2866 2602 cutis
2917 2565 3104 2600 nomen
3157 2548 3260 2600 sibi
3320 2547 3622 2616 applicavit.

2053 2633 2192 2707 Quid
2245 2642 2408 2694 habet
2452 2655 2739 2694 commune
2787 2655 2911 2692 cum
2958 2638 3122 2693 dictis
3164 2637 3444 2706 potestas?
3479 2636 3631 2703 Quo-

2047 2732 2214 2787 modo
2241 2747 2366 2785 cum
2404 2732 2504 2785 hac
2533 2740 2586 2786 et
2616 2732 2683 2784 ab
2715 2732 2857 2784 entis
2884 2731 3255 2783 nominatione
3285 2727 3457 2782 Filius
3488 2727 3624 2784 alie-

2048 2835 2209 2878 natus
2239 2824 2366 2878 cst?
2393 2822 2497 2876 Sed
2538 2821 2667 2892 quid
2692 2822 2875 2890 potius
2909 2821 2962 2874 in
2994 2821 3079 2874 his
3110 2819 3375 2890 agendum
3431 2820 3500 2874 sit
3531 2835 3629 2875 ne-

2051 2920 2192 2981 scio,
2227 2933 2293 2971 an
2328 2916 2552 2971 ridenda
2586 2915 2913 2976 sitinscitia,
2939 2930 3005 2967 an
3039 2913 3346 2968 miseranda
3368 2911 3624 2982 perditio.

2049 3009 2259 3064 Etenim
2296 3009 2416 3077 ejus
2443 3007 2610 3061 dictio
2645 3021 2750 3059 non
2783 3011 3064 3073 assumpta
3102 3012 3160 3056 ut
3197 3005 3249 3057 in
3295 3018 3395 3056 usu
3426 3010 3628 3054 natura

2051 3098 2189 3152 solet
2219 3097 2475 3164 usurpari
2521 3095 2663 3164 apud
2710 3109 2806 3148 eos
2851 3097 2946 3162 qui
2991 3093 3240 3146 oratione
3288 3093 3364 3146 uti
3417 3092 3622 3160 sciunt,

373 3184 472 3253 τὴν
500 3181 790 3234 ἀπώλειαν.
843 3181 916 3233 "ll
959 3197 1016 3232 τε
1055 3178 1163 3248 γὰρ
1195 3179 1293 3249 τῆς
1328 3178 1593 3248 σφετέρας
1627 3177 1773 3242 λέξις
1797 3216 1811 3234 ,
1847 3177 1946 3245 οὐχ

2053 3189 2208 3242 valde
2254 3187 2486 3256 peritum
2527 3202 2646 3240 esse
2686 3193 2922 3239 testatur
2955 3184 3008 3236 in
3046 3199 3110 3238 eo
3152 3183 3454 3238 rhetorices
3487 3185 3624 3237 arti-

372 3271 543 3334 οὖτως
571 3272 898 3340 ἐκληφθεῖσα
919 3271 992 3332 ὡς
1020 3269 1230 3336 πέφυκέ
1253 3286 1311 3321 τε
1343 3269 1437 3321 καὶ
1457 3267 1645 3322 εἴωθεν
1667 3271 1724 3322 ἐν
1755 3268 1948 3338 χρήσει

374 3363 618 3431 γίνεσθαι
652 3362 804 3433 παρὰ
831 3365 941 3425 τοῖς
986 3362 1151 3414 εἰδόσι
1190 3361 1494 3431 κεχρῆσθαι
1530 3361 1673 3430 λόγῳ
1696 3400 1711 3423 ,
1751 3361 1949 3431 πολλὴν

375 3454 523 3524 αὐτῷ
550 3456 817 3524 μαρτυρεῖ
843 3454 941 3523 τῆς
985 3452 1448 3521 ἀντονομαστικῆς
1475 3451 1818 3521 τεχνολογίας
1851 3452 1950 3520 τὴν

376 3549 704 3617 ἐπιστήμην,
737 3547 804 3616 ἢν
835 3548 927 3599 καὶ
960 3545 1031 3598 τά
1066 3545 1327 3615 παιδάρια
1365 3543 1514 3615 παρὰ
1537 3546 1650 3606 τοῖς
1687 3559 1950 3613 γραμμα-

375 3640 582 3700 τισταῖς
607 3637 843 3706 ἀμογητὶ
861 3635 1207 3705 διεξέρχεται.
1231 3635 1341 3687 Καὶ
1355 3635 1415 3687 τὸ
1438 3632 1831 3704 παρενεχθῆναι
1856 3631 1950 3685 τοῦ

379 3730 740 3800 προκειμένου
774 3728 998 3796 γελοίως
1027 3727 1189 3780 αὐτὸν
1218 3727 1352 3795 πρὸς
1378 3726 1447 3780 τὰ
1482 3726 1642 3798 μηδὲν
1669 3727 1954 3778 ἐπικοινω-

379 3821 574 3873 νοῦντα
603 3819 678 3890 τῷ
719 3820 863 3889 λόγῳ
903 3820 997 3872 καὶ
1031 3818 1109 3888 τῷ
1139 3820 1376 3888 σχήματι
1409 3813 1854 3887 συμπεραστικῷ,
1889 3814 1951 3867 τὸ

383 3914 456 3983 μὴ
487 3914 760 3964 κοινωνεῖν
788 3911 878 3964 τὸν
908 3911 1034 3964 Υίὸν
1061 3911 1160 3979 τῆς
1183 3909 1496 3979 ἐπωνυμίας
1520 3909 1612 3961 τοῦ
1636 3907 1805 3971 ὄντος,
1831 3908 1952 3969 ταῖς

382 4005 689 4067 ἀλλοκότοις
723 4003 1164 4075 ἐφαρμοςόμενον
1211 4003 1574 4064 κατασκευαῖς
1601 4017 1614 4030 ·
1652 3985 1744 4052 καὶ
1773 4000 1951 4053 πάντα

379 4099 449 4152 τὰ
477 4098 698 4152 τοιαῦτα
714 4096 966 4166 καθάπερ
987 4094 1294 4165 ἐξεπίτηδες
1315 4093 1408 4147 ἐπὶ
1427 4093 1620 4162 γέλωτι
1647 4093 1949 4160 σύγκειται.

383 4191 546 4242 Ὥστε
588 4206 641 4241 τι
690 4189 783 4241 καὶ
837 4187 1028 4240 παθεῖν
1060 4186 1219 4255 τυχὸν
1250 4185 1378 4248 τοὺς
1412 4185 1809 4254 ἀμελεστέρους
1857 4186 1952 4236 καὶ

381 4283 702 4351 ἐπιγελάσαι
734 4280 808 4349 τῷ
833 4281 1188 4351 ἀσυναρτήτῳ
1213 4279 1321 4331 τῶν
1359 4278 1547 4344 λόγων.
1603 4277 1764 4329 Ἀλλὰ
1789 4276 1848 4328 τὸ
1875 4276 1949 4345 μὴ

383 4371 519 4427 εἶναι
547 4374 638 4426 τὸν
681 4373 812 4425 Θεὸν
858 4373 1050 4440 Λόγον,
1085 4371 1117 4440 ἦ
1164 4368 1365 4437 ἀγαθὸν
1405 4371 1622 4432 πάντως
1654 4368 1727 4438 μὴ
1769 4362 1907 4420 εἶναι
1933 4383 1948 4398 ο

382 4465 556 4519 ταῦτα
585 4465 693 4534 γὰρ
735 4461 1130 4528 κατασκευάζει
1165 4463 1230 4516 δι’
1287 4457 1362 4516 ὧν
1407 4464 1507 4533 τήν
1554 4479 1614 4513 τε
1653 4460 1747 4513 τοῦ
1800 4460 1950 4522 δντος

2054 3281 2178 3334 ﬁcio
2207 3295 2318 3349 quo
2341 3279 2561 3332 nomina
2583 3278 2688 3330 alia
2717 3293 2813 3346 pro
2845 3277 2970 3330 aliis
2996 3287 3294 3346 ponuntur,
3322 3291 3485 3346 quam
3508 3277 3626 3349 glo-

2052 3372 2244 3424 riolam
2275 3369 2485 3438 parvuli
2520 3368 2659 3438 apud
2693 3367 3102 3437 grammatistas
3135 3368 3256 3422 sine
3291 3369 3476 3421 labore
3534 3383 3624 3422 se-

2051 3474 2289 3517 ctantur.
2323 3461 2383 3514 Et
2408 3461 2550 3531 quod
2580 3461 2694 3530 ipse
2711 3475 2740 3513 a
2763 3461 3042 3530 proposito
3065 3460 3294 3515 ridicule
3322 3460 3628 3516 transfera-

2052 3565 2140 3609 tur
2169 3554 2236 3607 ad
2265 3570 2326 3606 ea
2371 3567 2491 3622 qua:
2533 3551 2737 3604 nullam
2774 3551 2974 3604 habent
3011 3552 3452 3605 communionem
3495 3567 3622 3606 cunt

2049 3646 2257 3700 ratione
2284 3651 2339 3699 et
2383 3644 2554 3712 ﬁgura
2590 3658 2696 3711 qua
2745 3641 3000 3696 concludi
3030 3642 3272 3708 deberet,
3326 3641 3466 3696 Filio
3509 3658 3619 3697 non

2051 3754 2173 3794 esse
2201 3753 2543 3792 communem
2571 3736 2714 3790 entis
2737 3734 3177 3804 appellationem,
3202 3737 3346 3805 quod
3365 3737 3625 3791 absurdis

2052 3841 2104 3886 et
2152 3829 2484 3901 portentosis
2509 3829 2706 3882 nititur
2736 3827 3151 3882 accommodare.
3181 3828 3619 3896 probationibus.

2053 3921 2178 3978 llaec
2203 3936 2255 3980 et
2285 3925 2554 3994 ejusmodi
2588 3939 2708 3993 qua:
2738 3924 2905 3977 veluti
2943 3923 3010 3978 de
3044 3923 3318 3978 industria
3347 3925 3413 3978 ad
3446 3925 3620 3981 risum

2051 4017 2396 4071 excitandam
2459 4015 2690 4072 conllata
2737 4023 2887 4070 sunt.
2944 4014 3018 4068 Ita
3064 4025 3122 4069 ut
3172 4016 3288 4070 lieri
3337 4018 3512 4086 possit
3561 4025 3623 4072 ut

2052 4106 2214 4160 etiam
2258 4105 2593 4176 stupidiores
2638 4104 2766 4175 quid
2802 4105 3178 4174 perpetiantur
3217 4111 3271 4158 et
3311 4105 3527 4160 rideant
3551 4106 3630 4162 ob

2051 4200 2535 4255 inconcinnitatem
2568 4202 2689 4271 ejus
2742 4219 3081 4258 sermonum.
3134 4203 3628 4259 Verumenimrero

2051 4290 2196 4359 quod
2225 4291 2366 4347 Deus
2388 4292 2624 4346 Verbum
2666 4309 2774 4348 non
2819 4297 2910 4360 sit,
2946 4296 3029 4349 vel
3071 4295 3217 4364 quod
3251 4297 3477 4350 omnino
3509 4311 3624 4350 non

2050 4384 2126 4436 sit
2154 4384 2353 4443 bonus.
2388 4385 2500 4438 haec
2521 4385 2665 4439 enim
2695 4387 2972 4456 przestruit
2995 4402 3090 4456 per
3120 4404 3242 4456 qua:
3263 4396 3317 4442 et
3349 4389 3493 4443 entis
3522 4401 3623 4441 no—

2051 4474 2408 4528 minationem
2453 4487 2505 4527 et
2542 4476 2666 4530 boni
2700 4478 3117 4546 appellationem
3163 4479 3296 4532 dicit
3341 4495 3448 4532 non
3480 4478 3626 4533 Filio

383 4558 698 4626 ἐπωνυμίαν
721 4556 814 4608 καὶ
841 4557 940 4625 τὴν
964 4553 1053 4607 τοῦ
1079 4555 1282 4622 ἀγαθοῦ
1318 4555 1392 4627 μὴ
1422 4552 1748 4607 οἰκειοῦσθαι
1780 4551 1946 4619 λέγει.

2057 4579 2216 4632 posse
2250 4566 2467 4633 proprie
2497 4568 2820 4632 convenire;
2851 4575 2904 4620 ct
2945 4568 3090 4636 quod
3122 4569 3399 4637 prmstruit
3427 4583 3618 4622 eorum

384 4651 497 4702 Καὶ
526 4650 585 4701 τὸ
613 4647 1038 4710 κατασκευάζειν
1087 4647 1181 4716 τὴν
1226 4647 1335 4698 τῶν
1379 4647 1675 4716 γινομένων
1706 4645 1952 4710 ἐξουσίαν

389 4740 463 4811 μὴ
490 4742 780 4810 προσήκειν
812 4740 976 4810 αὐτῷ,
999 4737 1169 4792 ταῦτα
1188 4737 1438 4808 δακρύων
1470 4738 1595 4802 ἄξια
1624 4737 1716 4789 καὶ
1749 4737 1950 4807 θρηνη-

383 4829 539 4902 τικῆς
573 4832 877 4894 συναυλίας.

457 4923 589 4975 Οὐδὲ
633 4923 741 4993 γὰρ
783 4923 924 4975 κατά
969 4936 1089 4975 τινα
1123 4921 1371 4992 προπετῆ
1411 4921 1506 4974 καὶ
1551 4921 1952 4992 ἀπερίσκεπτον

384 5013 735 5083 ὁρμὴνάπαξ
765 5028 863 5064 που
896 5013 954 5064 τὸ
986 5011 1222 5063 τοιοῦτον
1251 5011 1808 5082 παραφθεγξάμενος,
1837 5007 1955 5064 εἶτα

386 5103 899 5174 ἐπανορθοῦταιτοῖς
917 5102 1112 5173 ἐφεξῆς
1138 5103 1199 5155 τὸ
1229 5102 1624 5175 πλημμέλημα,
1655 5104 1958 5174 ἀλλ’ὲμφι-

386 5195 614 5265 λοχωρεῖ
631 5198 695 5265 τῇ
719 5196 904 5265 κακίᾳ,
933 5198 1044 5256 τοῖς
1079 5194 1351 5265 δευτέροις
1382 5195 1694 5264 φιλονεικῶν
1718 5194 1957 5265 ὑπερϐαο

387 5287 571 5341 λέσθαι
591 5289 658 5340 τὰ
682 5288 960 5358 φθάσαντα
979 5304 992 5318 ·
1011 5287 1154 5356 λέγει
1179 5287 1282 5359 γὰρ
1299 5288 1518 5358 προῖὼν,
1552 5288 1846 5342 Τοσοῦτον
1861 5290 1958 5342 αὐ-

387 5381 494 5433 τὸν
520 5379 668 5434 εἶναι
686 5382 840 5435 κάτω
863 5380 973 5450 τῆς
989 5381 1150 5447 θείας
1163 5383 1421 5450 φύσεως,
1435 5381 1584 5435 ὅσον
1605 5381 1705 5436 ἀπ’
1721 5383 1958 5436 ἐκείνου

387 5473 490 5538 πρὲ
505 5493 536 5537 ς
569 5473 634 5524 τὸ
670 5474 1086 5540 ταπεινότερον
1105 5475 1143 5541 ἡ
1169 5471 1286 5526 τῶν
1321 5471 1592 5542 ἀγγέλων
1625 5472 1958 5540 ἀποϐέϐηκε

390 5565 603 5630 φύσις·
637 5566 696 5616 οὐ
718 5563 926 5627 τούτοις
951 5565 1177 5634 γράφων
1200 5565 1311 5625 τοῖς
1341 5566 1597 5633 ῥήμασιν,
1631 5563 1766 5616 ἀλλὰ
1799 5581 1957 5616 κατα-

392 5657 671 5719 σκευάζων
705 5658 769 5708 δι’
802 5651 873 5709 ὧν
901 5657 1046 5724 λέγει
1077 5655 1175 5726 τὴν
1206 5655 1458 5725 τοιαύτην
1494 5655 1749 5708 διάνοιαν.
1798 5657 1954 5720 Ἐξε-

393 5763 476 5798 at:
506 5749 560 5798 δὲ
597 5750 774 5817 κρῖναι
803 5748 891 5799 τὸν
918 5747 1072 5816 λόγον
1101 5751 1211 5808 τοῖς
1241 5747 1671 5815 ἐντυγχάνουσιν,
1705 5747 1817 5817 ἔχει
1849 5748 1956 5817 γὰρ

389 5838 530 5892 οὕτω
561 5839 629 5891 τὰ
654 5839 1040 5911 γεγραμμέναο
1071 5840 1172 5904 Ὃς
1202 5837 1280 5903 τῷ
1302 5838 1417 5906 μὲν
1445 5838 1697 5906 ἅγγελος
1733 5839 1958 5907 ὠνομά-

2055 4671 2175 4725 quae
2237 4655 2369 4709 ﬁunt
2416 4664 2739 4725 potestatem
2791 4674 2898 4711 non
2949 4659 3050 4727 ipsi
3111 4668 3453 4728 competere:
3507 4660 3622 4714 hau:

2055 4749 2312 4818 lacrymis
2345 4749 2506 4818 digna
2548 4758 2602 4802 et
2630 4748 2796 4803 ﬂebili
2831 4750 3184 4804 contibiciuio
3216 4753 3329 4805 sive
3363 4751 3625 4806 lamento.

2124 4921 2309 4990 Neque
2344 4923 2485 4976 enim
2516 4923 2780 4992 principiti
2813 4922 3050 4992 quodam
3097 4931 3262 4992 atque
3304 4925 3620 4980 inconside-

2056 5025 2174 5066 rato
2207 5015 2430 5081 impetu,
2467 5013 2632 5066 semel
2660 5013 2859 5067 alicubi
2904 5013 3012 5067 tale
3049 5013 3307 5082 quiddam
3338 5029 3622 5084 perperam

2058 5107 2291 5166 locutus,
2325 5106 2378 5158 in
2423 5105 2779 5174 sequentibus
2824 5102 3023 5160 deinde
3055 5113 3298 5158 erratum
3337 5107 3627 5171 emendat;

2059 5195 2154 5250 sed
2205 5197 2259 5249 in
2301 5198 2564 5263 pravitate
2613 5194 2970 5259 inunoratur,
3029 5210 3093 5249 ac
3155 5197 3410 5251 secundis
3451 5198 3631 5251 ambi-

2059 5289 2197 5340 tiose
2232 5286 2514 5340 contendit
2563 5286 2745 5355 priora
2787 5301 3088 5356 superare:
3121 5287 3256 5341 dicit
3294 5287 3440 5342 enim
3495 5304 3625 5358 pro-

2055 5377 2526 5448 gredienstsum
2559 5387 2704 5430 tanta
2744 5394 2856 5432 esse
2888 5377 3070 5432 divina
3097 5387 3290 5431 natura
3326 5378 3632 5446 inferiorem

2055 5482 2251 5539 quanto
2285 5473 2349 5522 ab
2379 5471 2473 5524 illo
2523 5470 2590 5524 ad
2640 5471 2893 5524 humilius
2961 5471 3266 5540 angelorum
3309 5481 3504 5524 natura
3539 5472 3631 5526 de-

2055 5562 2286 5627 scendit;
2317 5563 2458 5632 quod
2486 5565 2704 5632 quidem
2731 5578 2840 5617 non
2863 5563 3055 5618 iisdem
3085 5564 3263 5618 verbis
3297 5565 3509 5626 scribit,
3537 5565 3630 5619 sed

2064 5673 2157 5725 per
2178 5673 2239 5710 ea
2273 5672 2392 5725 qua:
2432 5657 2561 5710 dicit
2588 5656 2747 5710 talem
2793 5655 3116 5710 sententiam
3145 5655 3375 5722 astruit;
3411 5657 3634 5710 lectoris

2065 5749 2166 5802 bus
2201 5756 2379 5804 autem
2431 5763 2738 5803 sermonem
2791 5749 2920 5804 licet
2959 5747 3264 5818 dijudicare
3306 5765 3321 5802 :
3364 5748 3446 5802 sic
3486 5748 3636 5802 ettim

2067 5841 2269 5910 scripta
2298 5841 2462 5896 verba
2489 5841 2692 5895 habent
2726 5859 2740 5894 :
2774 5840 2878 5907 Qui
2908 5857 2972 5896 ex
3011 5858 3069 5896 eo
3109 5843 3246 5912 quod
3291 5839 3506 5908 angelus
3542 5855 3638 5892 no-
