4142 6374
508 341 613 394 867

1778 354 1830 407 5.
1869 353 2195 409 GliEGORII
2235 357 2529 420 NYSSENI

3663 392 3769 447 868

505 465 736 510 minatus
760 465 861 522 est,
892 458 989 512 hoc
1011 459 1222 529 quidem
1255 473 1434 532 aperte
1454 465 1657 530 docuit,
1682 483 1772 537 per
1793 488 1945 540 quem
1973 487 2061 525 ser

2181 480 2341 540 σθαι,
2367 486 2576 574 σαφῶς
2593 485 2850 556 ἐδίδαξε,
2883 496 2960 548 δι’
2993 497 3136 553 ὅτου
3156 500 3460 572 διήγγειλε
3484 504 3630 574 τοὺς
3663 511 3767 563 λό-

505 561 681 600 mones
711 551 1064 614 annuntiavit,
1087 560 1138 605 et
1165 555 1281 623 quis
1302 564 1381 608 est
1404 573 1422 614 :
1452 573 1516 609 ex
1547 575 1605 611 eo
1630 576 1748 614 rero
1767 562 1905 630 quod
1937 561 2078 617 Deus

504 639 806 693 nominatus
850 650 950 706 est,
997 645 1223 697 ostendit
1269 663 1386 699 eam
1415 665 1546 718 qua:
1597 651 1694 718 ipsi
1742 655 1956 721 propria
1999 663 2079 707 est

501 746 658 800 super
699 732 879 786 omnia
927 736 1284 792 eminentiam.
1321 739 1427 805 Qui
1469 743 1607 794 enim
1635 760 1817 797 eorum
1842 761 1958 814 qua:
1987 761 2079 811 per

501 821 672 885 ipsum
693 822 838 889 facta
862 835 1005 888 sunt,
1036 825 1178 879 Deus
1213 837 1311 890 est,
1345 831 1563 898 angelus
1593 833 1706 897 eius
1737 845 1836 897 est,
1875 837 1964 904 qui
1998 846 2078 890 est

501 929 554 966 in
597 919 858 979 omnbus,
899 916 1014 970 Dei.
1052 918 1285 973 Medium
1333 922 1612 978 intercidit
1647 941 1955 980 sermonem
1995 927 2076 982 ira

500 1006 554 1057 in
581 1020 676 1059 cor
700 1007 910 1077 illapsa,
948 1019 1001 1063 et
1027 1013 1092 1062 ad
1127 1013 1592 1079 perturbationem
1627 1016 1797 1070 etTusa
1824 1027 1909 1072 est
1932 1020 2074 1074 ratio

501 1099 566 1150 ad
597 1097 754 1160 iram,
793 1114 888 1168 per
921 1115 982 1154 ea
1027 1116 1151 1170 qua:
1195 1102 1339 1156 dicta
1388 1104 1612 1160 fuerunt
1658 1119 1954 1166 remmota.
1996 1112 2076 1167 Ac

500 1188 632 1242 mihi
685 1189 920 1246 fortasse
966 1193 1088 1246 talis
1138 1194 1305 1247 animi
1357 1197 1700 1264 perturbatio
1753 1215 1864 1253 non
1914 1201 2072 1256 venia

503 1279 722 1349 indigna
762 1282 996 1336 videtur.
1032 1283 1130 1338 Cui
1179 1287 1322 1340 enim
1370 1303 1436 1340 ex
1488 1290 1573 1342 his
1606 1290 1688 1342 ira
1734 1305 1844 1344 non
1875 1291 2070 1347 incan-

499 1370 714 1426 duerit?
743 1376 1042 1442 praesertim
1091 1391 1216 1430 eum
1264 1377 1562 1446 Apostolus
1603 1394 1820 1434 omnem
1863 1382 2071 1451 angeli-

499 1478 620 1516 cam
656 1473 908 1518 naturam
945 1466 1176 1520 Domino
1207 1468 1572 1537 mancipatam
1616 1485 1739 1524 esse
1773 1471 1971 1526 clamet
2003 1471 2066 1538 ‘3,

497 1553 565 1606 ad
615 1555 986 1610 testimonium
1035 1556 1311 1627 dogmatis
1358 1573 1647 1615 assumens
1692 1561 2066 1631 propheticam

495 1647 947 1715 altiloquentiam.
981 1646 1114 1702 Cum
1153 1649 1431 1718 enim,ait,
1463 1651 1868 1721 primogenitum
1893 1653 1947 1705 in
1977 1669 2068 1705 or-

496 1742 608 1791 bem
643 1750 903 1792 terrarum
924 1738 1146 1802 inducit,
1171 1737 1397 1804 dicit,Et
1411 1739 1712 1794 adorabunt
1737 1757 1856 1796 eum
1886 1759 2067 1796 omnes

494 1829 670 1899 angeli
701 1830 850 1898 ejus;
883 1837 934 1882 et
970 1831 1102 1884 illud
1137 1848 1150 1882 :
1187 1830 1426 1884 Tltronus
1455 1842 1596 1896 tuus,
1625 1832 1781 1895 Deus,
1819 1835 1872 1887 in
1901 1852 2069 1888 sa’cu-
2102 1833 2142 1888 Β

495 1919 604 1972 lum
623 1921 834 1981 steculi;
862 1929 915 1974 ct
945 1920 1069 1975 hoc:
1104 1920 1180 1974 Tu
1197 1932 1370 1974 autem
1393 1922 1528 1975 idem
1552 1924 1662 1990 ipso:
1680 1941 1755 1987 es,
1777 1934 1828 1976 et
1844 1927 1970 1978 anni
1993 1926 2070 1978 tui

494 2028 599 2064 non
622 2010 887 2080 deﬁcient.
911 2009 1106 2065 Omnia
1136 2013 1202 2066 ad
1235 2012 1760 2069 demonstrationem
1791 2013 2068 2085 Unigeniti
2093 2051 2096 2055 ~

490 2103 585 2157 Dei
616 2103 731 2158 haec
757 2119 879 2158 cum
920 2105 1218 2173 Apostolus
1261 2114 1528 2170 recenset,
1568 2107 1698 2176 quid
1737 2109 1912 2176 patior
1943 2124 2067 2161 cum

489 2212 555 2250 ex
582 2196 790 2250 Christi
827 2197 982 2251 hoste
1006 2197 1324 2266 angelorum
1356 2196 1646 2253 Dominum
1667 2200 1918 2268 angelum
1947 2217 2069 2256 esse

489 2289 672 2350 anilio,
711 2289 803 2357 qui
843 2304 952 2342 non
986 2297 1191 2343 temere
1221 2297 1276 2343 et
1306 2288 1533 2344 fortuito
1567 2291 1729 2345 talem
1757 2307 2066 2347 sermonem

495 2379 771 2446 projiciat,
814 2379 905 2432 sed
939 2379 1033 2448 qui
1070 2380 1123 2432 in
1147 2380 1488 2435 absurditate
1511 2381 1706 2436 anxius
1731 2382 1940 2437 laboret
1970 2402 1982 2436 :
2010 2394 2070 2436 ut

488 2472 622 2526 nihil
641 2471 870 2539 amplius
881 2470 1089 2525 Joanne
1105 2482 1160 2526 et
1175 2471 1320 2525 Mose
1334 2472 1510 2540 ipsum
1537 2473 1734 2528 habere
1751 2476 2070 2543 praestrnat?

489 2559 628 2614 Dicit
647 2560 795 2613 enim
821 2561 887 2614 de
905 2561 995 2614 illo
1017 2576 1230 2615 sermo:
1255 2559 1357 2613 llic
1379 2571 1454 2613 est
1477 2561 1540 2615 de
1563 2579 1662 2632 quo
1685 2565 1936 2632 scriptum
1956 2577 2065 2619 est:

486 2654 620 2704 Ecce
637 2669 729 2721 ego
761 2653 908 2705 mitto
934 2653 1175 2722 angelum
1237 2670 1408 2706 meum
1445 2666 1564 2709 ante
1611 2656 1798 2724 facient
1830 2670 1974 2711 tuam
2004 2661 2063 2713 “‘.

485 2742 724 2812 Angelus
762 2741 922 2810 igitur
963 2741 1220 2797 Joannes.
1252 2744 1487 2800 Tametsi
1519 2757 1696 2802 autem
1728 2750 1815 2805 hic
1856 2753 2065 2806 Domini

486 2833 762 2895 inimicus,
797 2833 1083 2889 Dominum
1135 2836 1300 2891 Deum
1349 2840 1614 2902 nominat,
1645 2841 1823 2908 ipsum
1885 2851 2063 2898 tamen

483 2926 834 2994 proportione
895 2925 1127 2993 quadam
1183 2926 1348 2981 Mosis
1402 2927 1673 2982 divinitati
1733 2931 2066 3000 respondere

482 3024 762 3079 autumat;
815 3018 1073 3085 quoniam
1107 3026 1161 3070 et
1211 3017 1299 3072 ille
1331 3018 1452 3087 ejus
1483 3021 1574 3088 qui
1605 3029 1689 3074 est
1722 3021 1773 3074 in
1807 3023 2064 3077 omnibus

482 3105 576 3160 Dei
611 3104 870 3170 famulus,
904 3107 1282 3178 .Egyptiorum
1310 3125 1437 3164 vero
1461 3112 1745 3167 ordinatus
1774 3120 1859 3168 est
1893 3111 2051 3168 deus.

481 3197 619 3264 Quin
643 3200 806 3253 etiam
829 3201 975 3270 quod
1003 3201 1055 3253 in
1074 3202 1326 3257 omnibus
1346 3203 1417 3258 sit
1440 3202 1580 3258 Deus
1604 3205 1764 3274 (sicut
1784 3213 1836 3260 et
1855 3207 1910 3260 in
1928 3221 2057 3276 pra:-

479 3290 800 3347 cedentibus
859 3293 1067 3348 dictum
1122 3293 1226 3362 est)
1283 3309 1572 3351 commune
1601 3305 1685 3351 est
1735 3296 1874 3352 Filio
1931 3315 2058 3353 cum

479 3378 660 3439 Patre.
692 3381 744 3435 id
789 3397 916 3436 vero
943 3382 1188 3452 Apostoli
1246 3385 1557 3439 testimonio
1618 3386 1833 3454 probari
1859 3396 2056 3456 potest,

478 3473 568 3540 qui
604 3472 651 3525 ei
687 3473 846 3526 talem
871 3488 1058 3527 vocem
1087 3475 1358 3541 attribuit,
1391 3477 1519 3529 dum
1552 3477 1683 3530 dicit
1715 3496 1728 3531 ι
1763 3477 1846 3530 Ex.
1870 3479 2058 3548 quibus

479 3563 720 3618 Christus
787 3565 1072 3618 secundum
1134 3569 1489 3637 carnemqui
1555 3579 1632 3622 est
1690 3570 1742 3623 in
1817 3571 2057 3625 omnibus

477 3652 618 3707 Deus
661 3654 724 3707 ⁸⁸.
767 3654 871 3708 Sed
900 3655 988 3708 hic
1024 3656 1076 3708 in
1106 3657 1281 3726 angeli
1313 3657 1558 3713 ordinem
1591 3659 1785 3729 redigit
1814 3677 1936 3716 eum
1963 3663 2056 3732 qui

477 3752 561 3796 est
593 3744 906 3812 angelorum
939 3743 1222 3810 Dominus,
1245 3747 1468 3815 perinde
1495 3763 1558 3801 ac
1579 3751 1626 3803 si
1665 3766 1773 3804 non
1793 3752 2058 3806 audiisset

476 3837 623 3905 quod
681 3837 852 3906 angeli
891 3839 1111 3906 spiritus
1154 3851 1273 3892 sunt
1317 3840 1796 3906 administrator-ii,
1839 3853 1892 3897 et
1920 3847 2055 3915 ignis

477 3931 709 3999 ﬂammea
765 3930 828 3982 ”.
881 3930 987 3984 Per
1043 3930 1160 3984 haec
1213 3932 1355 3985 enim
1422 3932 1717 4002 Apostolus
1769 3936 2057 3993 inconfuse

477 4028 639 4089 atque
669 4020 1009 4074 manifestam
1049 4020 1178 4075 facit
1216 4023 1588 4091 subjectorum
1623 4025 2050 4082 distinctionem.

474 4109 734 4166 Naturam
766 4112 983 4180 quidem
1013 4111 1289 4166 subditam
1339 4122 1500 4185 atque
1531 4118 1916 4188 mancipatam,
1947 4123 2056 4188 spi-

476 4207 615 4257 ritus
637 4217 758 4256 esse
784 4213 836 4257 et
868 4203 1045 4271 ignem
1071 4203 1339 4259 deﬁniens
1365 4223 1382 4273 ;
1417 4208 1785 4263 dominantem
1805 4226 1936 4265 vero
1970 4229 2055 4282 po-

475 4293 722 4358 tentiam,
749 4293 1052 4348 divinitatis
1092 4295 1408 4364 signilicans
1442 4299 1682 4353 nomine.
1718 4299 1784 4352 Et
1814 4317 1940 4355 cum
1976 4312 2054 4356 tot

474 4385 584 4437 sint
613 4384 705 4453 qui
749 4385 975 4452 gloriam
1039 4384 1311 4455 Unigeniti
1378 4391 1724 4456 annuntient,
1766 4393 1919 4448 solus
1966 4394 2052 4450 his

2184 583 2346 667 τιςυςἶ
2362 573 2464 667 aeui
2490 575 2580 667 τίς
2606 580 2640 630 δ
2659 578 2772 632 ὤν’
2805 583 2883 649 τῷ
2907 586 2974 639 δὲ
2997 590 3098 643 και
3135 593 3280 660 Θεὸς
3307 573 3760 667 προσειρῆσθαι,

2184 657 2297 756 την
2330 661 2486 760 ἰδίαν
2515 666 2706 734 ἔδειξε
2735 676 2885 729 κατὰ
2922 678 3167 734 πάντων
3191 657 3531 756 ὑπεροχήνῖ
3575 657 3630 742 :0

2185 749 2302 844 των
2327 751 2402 804 δι’
2423 757 2608 814 αὑτοῦ
2646 765 2980 832 γενομένων
3015 772 3178 837 Θεὸς,
3227 749 3485 844 ἄγγελοι*
3533 749 3762 835 τοῦ

2185 841 2427 942 πάντων
2473 850 2640 904 Θεοῦ.
2692 854 2980 921 Ἐγκόπτει
3014 865 3216 931 μεταξὺ
3393 841 3552 938 λόγον
3593 871 3760 942 θυμὸς

2183 932 2439 1032 εμπεσων
2467 942 2532 1010 τῇ
2561 944 2778 1018 καρδίᾳ,
2805 953 2899 1004 καὶ
2932 956 3262 1026 συγκέχυται
3289 961 3427 1032 πρὸς
3455 932 3516 1015 τὸ
3542 932 3760 1028 πάθοςό

2181 1019 2440 1126 λογισμξς
2477 1033 2756 1126 εὶςῄὀργὴν
2791 1039 2896 1094 ὑπὸ
2937 1019 3046 1096 τῶν
3083 1019 3389 1119 λεγομένων
3406 1019 3759 1126 ⁷παρακινδύ-

2181 1130 2360 1216 μενος.
2386 1121 2496 1173 Καὶ
2523 1124 2662 1196 τάχα
2689 1147 2779 1198 μοι
2813 1132 2872 1184 τὸ
2901 1137 3108 1190 τοιοῦτο
3141 1140 3314 1205 πάθος
3336 1144 3436 1213 τῆς
3455 1121 3630 1216 ψυχῆς
3656 1146 3756 1200 οὒκ

2178 1206 2579 1307 άσύγγνωστον.
2628 1220 2744 1273 Τίνι
2774 1223 2882 1295 γὰρ
2923 1227 3024 1280 οὐκ
3053 1228 3120 1281 ἂν
3155 1233 3219 1285 ἐκ
3269 1206 3479 1288 τούτων.
3507 1206 3562 1290 6"
3583 1206 3754 1307 θυμὸς

2177 1298 2481 1397 iniciente;
2515 1305 2620 1360 Τοῦ
2644 1312 2745 1380 μὲν
2782 1315 3101 1374 Ἀποστόλου
3127 1324 3307 1376 πᾶσαν
3334 1325 3628 1397 ἀγγελικὴν
3654 1298 3754 1396 ξρύζ

2179 1408 2264 1445 σιν
2308 1395 2619 1470 ὑποχείριον
2648 1400 2788 1460 εἶναι
2818 1409 2911 1462 τοῦ
2945 1413 3152 1483 Κυρίου
3180 1415 3430 1485 βοῶντος,
3461 1436 3753 1488 συμπαρα-

2176 1481 2540 1554 λαμϐάνοντος
2568 1491 2624 1545 δὲ
2664 1496 2744 1558 εἰς
2775 1481 3080 1573 μαρτυρίαν
3113 1481 3206 1558 τού
3238 1481 3505 1576 δόγματος
3531 1481 3622 1562 καὶ

2177 1581 2522 1670 προφητικὴν
2574 1585 3005 1654 μεγαλοφωνίαν.
3045 1592 3228 1647 Ὅταν
3248 1597 3375 1667 γὰρ,
3411 1600 3593 1670 φησιν,
3626 1601 3750 1652 εὶσ-

2173 1665 2366 1760 αγῖάγῃ
2430 1673 2534 1725 τὸν
2610 1681 2988 1743 πρωτότοκον
3053 1687 3142 1751 εὶς
3200 1665 3334 1754 τὴν.
3360 1665 3745 1760 οἰκουμένην,

2175 1757 2367 1826 λέγει,
2396 1763 2506 1816 Καὶ
2557 1771 3158 1839 προσκυνησάτωσαν
3199 1777 3359 1842 αὐτῷ
3398 1757 3620 1850 πάντες
3647 1757 3748 1850 ἀγ-

2177 1852 2335 1942 γελοι
2364 1855 2580 1918 αὑτοῦ,
2640 1861 2735 1911 καὶ
2771 1862 2860 1924 τὸ,
2913 1863 2964 1915 Ὁ
2998 1869 3210 1932 θρόνος
3247 1886 3384 1934 σου,
3410 1875 3442 1925 ό
3472 1874 3633 1940 Θεὸς,
3661 1879 3747 1942 εὶς

2173 1940 2280 2032 τόν
2327 1943 2510 1997 αἰῶνα
2541 1949 2647 2002 τοῦ
2695 1951 2949 2018 αἰῶνος,
2991 1957 3085 2008 καὶ
3129 1958 3224 2022 τὸ,
3272 1962 3356 2014 Σὺ
3389 1962 3457 2016 δέ
3489 1968 3521 2018 ὁ
3564 1940 3745 2032 αὐτὸς

2173 2027 2257 2094 εἴ,
2284 2035 2380 2085 καὶ
2415 2035 2486 2088 τὰ
2527 2037 2633 2108 ἔτη
2662 2059 2778 2096 σου
2806 2047 2916 2098 οὐκ
2947 2046 3361 2116 ἐκλείψουσιν.
3398 2055 3585 2110 Πάντα
3610 2061 3744 2130 πρὸς

2171 2121 2396 2189 ἔνδειξιν
2422 2129 2514 2180 τοῦ
2554 2135 2874 2201 μονογενοῦς
2900 2138 3034 2192 Θεοῦ
3076 2143 3249 2195 ταῦτα
3277 2145 3370 2198 τοῦ
3423 2148 3741 2204 Ἀποστόλου

2171 2215 2457 2281 διεξιόντος
2475 2262 2488 2283 ,
2519 2221 2572 2273 τί
2614 2224 2770 2278 πάθω
2798 2228 2893 2280 τὸν
2926 2232 3034 2283 τῶν
3074 2235 3324 2302 ἀγγέλων
3351 2238 3552 2310 Κύριον
3577 2243 3741 2311 ἄγγε-

2171 2305 2258 2358 λον
2289 2307 2427 2362 εἶναι
2458 2313 2608 2383 παρὰ
2632 2317 2726 2369 τοῦ
2755 2324 3122 2393 χριστομάχου
3149 2327 3379 2389 ἁκούων,
3413 2331 3474 2382 ού
3507 2333 3646 2387 κατὰ
3680 2336 3741 2386 τὸ

2173 2401 2384 2470 συμϐὰν
2427 2405 2516 2457 τὸν
2555 2409 2798 2463 τοιοῦτον
2824 2413 3228 2486 ἀπορρίψαντας
3259 2419 3434 2490 λόγον,
3475 2424 3589 2476 ἀλλ’
3619 2429 3742 2479 ὲνα-

2169 2492 2532 2563 γωνιζομένου
2569 2503 2634 2569 τῇ
2677 2503 2876 2575 ἀτοπίᾳ
2902 2545 2916 2569 ,
2951 2507 3026 2570 ὡς
3074 2511 3240 2580 μηδὲν
3279 2513 3438 2567 πλέον
3494 2517 3738 2571 Ἰωάννου

2171 2584 2261 2636 καὶ
2277 2586 2554 2653 Μωῦσέως
2570 2593 2731 2646 αὑτὸν
2744 2593 2890 2665 ἔχειν
2909 2602 3411 2665 κατασκευάζεσθαι
3427 2624 3441 2671 ;
3460 2608 3739 2680 Λέγειγάρ

2169 2677 2293 2742 περὶ
2313 2677 2518 2730 ἐκείνου
2547 2681 2968 2752 ὁλόγος.οὗτός
2994 2691 3123 2743 ἐστι
3150 2693 3281 2761 περὶ
3305 2690 3376 2749 οὗ
3403 2677 3734 2764 γέγραπται·

2181 2763 2324 2855 ’ίδοὺ
2349 2768 2462 2835 ἐγὼ
2481 2771 2834 2829 ἀποστέλλω
2856 2777 2963 2832 τόν
2986 2779 3233 2850 ἄγγελόν
3266 2802 3383 2853 μου
3554 2803 3740 2855 προσ-

2167 2852 2331 2909 ώπου
2373 2873 2509 2913 σου.
2547 2862 2808 2930 Ἀγγελος
2851 2862 2943 2919 οὖν
2985 2852 3274 2943 Ἰωάννηςξ
3304 2852 3466 2926 Ἀλλά
3485 2852 3738 2929 κᾶννθεδν

2166 2945 2404 3035 ὀνομάζῃ
2435 2950 2526 3002 τὸν
2558 2952 2761 3022 Κύριον
2793 2958 2820 3008 ό
2849 2959 3038 3027 ἐχθρὸς
3071 2963 3164 3014 τοῦ
3196 2965 3418 3032 Κυρίου,
3458 2965 3737 3035 ἀναλογεῖν

2165 3034 2326 3089 αὐτὸν
2354 3041 2754 3105 κατασκευάζει
2793 3048 2856 3114 τῇ
2889 3048 3166 3113 Μωῦσέως
3205 3051 3444 3123 θεότητι,
3480 3055 3600 3107 ἐπεὶ
3637 3058 3737 3108 κά-

2167 3128 2340 3189 κεῖνος
2371 3129 2465 3180 τοῦ
2501 3129 2600 3198 μὲν
2646 3133 2737 3185 ἐπὶ
2775 3136 2992 3189 πάντων
3040 3140 3172 3192 Θεοῦ
3223 3141 3500 3213 θεράπων,
3541 3145 3648 3197 τῶν
3678 3147 3737 3200 δὲ

2165 3219 2472 3286 Αἰγυπτίων
2511 3221 2711 3293 ἐτάχθη
2751 3225 2892 3288 θεός.
2928 3228 3119 3282 Καίτοι
3153 3233 3245 3284 καὶ
3279 3233 3339 3285 τὸ
3366 3235 3457 3286 ἐπὶ
3497 3237 3732 3302 πάντων,

2163 3309 2343 3374 καθὼς
2384 3315 2478 3366 κοιλ¹
2515 3317 2574 3368 ὲν
2617 3319 2728 3380 τοῖς
2758 3321 2985 3373 κατόπιν
3025 3322 3270 3393 εἴρηται,
3306 3327 3482 3380 κοινὸν
3514 3328 3591 3400 τῷ
3621 3330 3735 3401 Υἱῷ

2161 3401 2296 3471 πρὸς
2317 3403 2404 3455 τὸν
2427 3405 2664 3476 Πατέρα,
2695 3409 2786 3462 τοῦ
2825 3412 3144 3466 Ἀποστόλου
3173 3417 3272 3485 τὴν
3299 3418 3553 3489 τοιαύτην
3587 3422 3735 3494 αὐτῷ

2161 3498 2792 3567 προσμεμαρτυρηκότος
2821 3502 3024 3572 φωνὴν,
3061 3505 3119 3557 ἐν
3141 3499 3222 3568 οἷς
3251 3523 3434 3576 φησιν’
3467 3509 3561 3574 Ἐξ
3588 3506 3674 3566 ὧν
3696 3515 3733 3566 d

2158 3585 2412 3652 Χριστὸς
2453 3587 2520 3640 τὸ
2561 3591 2708 3644 κατὰ
2733 3591 2950 3660 σάρκα,
2985 3599 3017 3648 ό
3043 3596 3128 3649 ὢν
3150 3599 3249 3651 ἐπὶ
3279 3600 3518 3655 πάντων
3553 3605 3728 3671 Θεός·

2159 3678 2272 3732 ἀλλ’
2304 3676 2454 3743 οὗτος
2485 3682 2565 3744 είς
2592 3683 2822 3751 ἀγγέλου
2859 3687 3010 3749 τάξιν
3041 3687 3266 3758 κατάγει
3291 3691 3384 3744 τὸν
3413 3692 3522 3747 τῶν
3564 3695 3724 3764 ἀγγὲ·

2157 3769 2264 3822 λων
2311 3771 2543 3844 Κύριον·
2579 3772 2767 3845 ὥσπερ
2813 3776 2912 3829 οὐκ
2959 3778 3241 3847 ἀκηκοὼς,
3276 3782 3356 3834 ὃτι
3385 3785 3449 3836 Oi
3488 3783 3729 3854 ἄγγελοι

2156 3861 2529 3929 λειτουργικὰ
2573 3864 2908 3931 πνεύματα,
2954 3867 3048 3918 καὶ
3093 3866 3284 3934 πυρός
3331 3870 3554 3938 φλόγες
3584 3873 3724 3926 εἰσί.

2157 3951 2256 4004 Διὰ
2290 3950 2494 4005 τούτων
2521 3952 2629 4024 γάρ
2653 3954 2682 4004 6
2723 3954 3040 4018 Ἀπόστολος
3093 3956 3414 4027 ἀσυγχύτως
3455 3963 3547 4014 καὶ
3580 3964 3725 4033 σαφῆ

2158 4045 2390 4096 ποιεῖται
2429 4044 2528 4113 τὴν
2571 4043 2679 4095 τῶν
2720 4045 3094 4114 ὑποκειμένων
3142 4047 3430 4118 διάκρισιν.
3470 4050 3577 4120 Τὴν
3628 4052 3726 4122 μὲν

2157 4131 2464 4201 ὑποχείριον
2506 4131 2685 4200 φύσιν,
2723 4133 3004 4203 πνεύματα
3040 4130 3179 4188 εἶναι
3213 4138 3306 4190 καὶ
3340 4138 3450 4210 πῦρ
3477 4140 3728 4211 ὁριζόμε-

2155 4237 2278 4283 νος-
2309 4221 2406 4291 τὴν
2449 4222 2505 4275 δὲ
2539 4224 2894 4294 κυριεύουσαν
2940 4225 3166 4295 δύναμιν
3209 4228 3288 4297 τῷ
3329 4230 3425 4300 τῆς
3473 4230 3725 4302 θεότητος

2154 4311 2520 4382 διασημαίνων
2547 4314 2786 4384 ὀνόματι.
2820 4317 2925 4369 Καὶ
2957 4317 3224 4370 τοσούτων
3253 4319 3418 4374 ὄντων
3444 4324 3542 4392 τὴν
3569 4322 3724 4388 δόξαν

2153 4403 2245 4456 τοῦ
2275 4405 2590 4473 μονογενοῦς
2617 4406 2748 4458 Θεοῦ
2771 4406 3215 4476 διαγγελλόντων,
3241 4410 3399 4480 μόνος
3421 4415 3532 4476 τοῖς
3557 4417 3722 4469 πᾶσιν

472 4475 726 4530 omnibus
754 4476 1010 4530 reclamat
1047 4475 1365 4545 Eunomius,
1391 4478 1519 4532 dum
1545 4482 1670 4535 dicit
1713 4482 1891 4552 ipsum
1925 4501 2047 4541 esse

2164 4495 2371 4567 ὶντιϐοᾷ
2405 4500 2432 4550 6
2465 4498 2724 4567 Εὑνόμιος
2745 4539 2759 4559 ,
2801 4500 3030 4567 ἄγγελον
3063 4502 3224 4554 αὑτὸν
3255 4502 3350 4554 τοῦ
3381 4505 3472 4558 ἐπὶ
3506 4507 3722 4560 πάντων

473 4567 722 4634 angelum
779 4564 873 4620 Dei
903 4566 996 4636 qui
1048 4576 1134 4621 est
1164 4582 1328 4637 super
1357 4571 1557 4637 omnia,
1611 4573 1710 4626 hac
1742 4573 2046 4631 diﬂ'erentia

473 4671 579 4728 qua
601 4672 723 4711 eum
751 4661 820 4712 ab
847 4675 912 4714 eo
941 4659 1032 4728 qui
1057 4667 1141 4713 est
1171 4677 1334 4730 super
1357 4663 1537 4717 omnia
1561 4663 1844 4731 discernit,
1878 4685 2043 4724 unum

403 4813 405 4815 ι
473 4750 717 4803 omnium
750 4766 872 4805 esse
917 4752 1334 4808 determinans:
1397 4755 1524 4808 dum
1556 4773 1683 4811 vero
1730 4763 2042 4829 angelorum

473 4854 669 4892 nomen
701 4839 777 4891 illi
805 4840 1208 4905 communicat,
1246 4842 1380 4895 nihil
1410 4844 1478 4896 ab
1509 4844 1616 4899 illis
1650 4845 1920 4903 dissidere
1941 4865 2041 4902 na-

470 4938 593 4982 tura
618 4937 966 4999 praestruens.
1002 4931 1156 5001 Saape
1181 4932 1325 4986 enim
1357 4933 1410 4988 in
1444 4937 1875 5003 prmcedentibus
1935 4941 2042 4994 tale

469 5021 600 5090 quid
641 5023 857 5086 asserit,
892 5021 1038 5092 quod
1065 5038 1400 5094 quacunque
1429 5026 1674 5081 eamdem
1725 5030 2042 5099 appellatio-

468 5128 592 5167 nem
635 5113 836 5168 habent
861 5129 1228 5177 communem,
1258 5133 1433 5186 neque
1459 5123 1758 5172 secundum
1790 5129 2037 5176 naturam

469 5211 598 5259 sunt
656 5204 891 5260 diversa.
949 5207 1033 5261 An
1067 5208 1234 5278 igitur
1289 5210 1524 5279 amplius
1580 5209 2038 5282 redarguentibus

467 5312 649 5352 sermo
676 5299 919 5369 indiget,
951 5301 1005 5354 in
1037 5316 1101 5355 eo
1132 5301 1276 5371 quod
1311 5301 1596 5370 praefracte
1640 5303 1900 5370 clamitat,
1933 5320 2036 5358 an-

467 5392 648 5464 gelum
677 5408 802 5450 eum
829 5408 953 5449 esse
973 5394 1066 5464 qui
1093 5411 1200 5449 non
1234 5396 1535 5466 proprium,
1566 5397 1659 5450 sed
1684 5396 1802 5465 ejus
1834 5400 1925 5468 qui
1953 5408 2039 5454 est.

467 5499 773 5539 sermonem
801 5487 1131 5556 annuntiat?
1160 5485 1262 5541 Per
1291 5489 1394 5542 hoc
1423 5487 1566 5542 enim
1600 5488 2036 5556 demonstratur,

467 5576 610 5648 quod
630 5577 721 5645 qui
739 5576 792 5630 in
810 5579 1079 5649 principio
1094 5587 1211 5634 erat
1228 5578 1486 5645 Verbum,
1506 5580 1644 5638 Deus
1659 5582 1913 5650 Verbum,
1926 5602 2035 5640 non

539 5690 589 5773 ’.ξ
629 5689 794 5773 llebr.
830 5691 936 5773 _i_6
986 5707 1138 5765 sqq.;
1211 5693 1356 5751 Psal.
1405 5713 1547 5767 xcvn,
1614 5700 1688 5768 7;
1739 5717 1881 5770 xuv,
1924 5704 1984 5772 7;
2025 5721 2098 5773 cn,
2140 5706 2229 5760 ‘28.
2308 5705 2542 5761 “Marc.
2597 5723 2636 5772 ι,
2676 5709 2743 5773 2;

469 5761 510 5794 ιο
548 5758 708 5818 Hebr.
743 5777 790 5825 ι,
825 5760 910 5815 li.

2145 4589 2316 4654 λέγων
2340 4587 2473 4640 Θεοῦ
2496 4606 2509 4617 ο
2538 4593 2603 4659 τῇ
2636 4590 2732 4658 μὲν
2760 4591 2896 4660 πρὸς
2919 4592 3008 4645 τὸν
3035 4595 3126 4646 ἐπὶ
3149 4595 3364 4649 πάντων
3390 4599 3721 4652 ἀντιδιαστο-

2145 4679 2232 4750 λῇ,
2269 4681 2364 4732 ἕνα
2396 4679 2505 4732 τῶν
2539 4681 2754 4734 πάντων
2796 4677 2935 4734 εἶναι
2975 4683 3369 4755 διοριζόμενοςο
3401 4692 3466 4760 τῇ
3503 4691 3558 4743 δὲ
3584 4692 3720 4761 πρὸς

2143 4772 2268 4834 τοὺς
2293 4771 2555 4839 ἀγγέλους
2577 4773 2666 4825 τοῦ
2698 4774 2955 4844 ὀνόματος
2989 4781 3257 4851 κοινωνίᾳ,
3289 4783 3349 4834 τὸ
3381 4782 3544 4851 μηδὲν
3577 4784 3718 4835 ὲκεί-

2143 4881 2250 4916 νων
2289 4863 2664 4934 παρηλλάχθαι
2697 4868 2762 4936 τῇ
2796 4866 2952 4935 φύσει
2979 4872 3418 4936 κατασκευάζων.
3449 4875 3715 4938 Πολλάκις

2147 4955 2256 5026 γὰρ
2284 4955 2345 5007 τὸ
2374 4955 2614 5008 τοιοῦτον
2653 4958 2710 5009 ὲν
2731 4960 2842 5021 τοῖς
2881 4959 3108 5012 κατόπιν
3147 4962 3328 5031 φησὶν,
3359 4965 3440 5018 ὃτι
3475 4966 3572 5019 ὅσα
3615 4967 3716 5036 τῆς

2145 5047 2317 5116 αὐτῆς
2350 5051 2596 5100 κοινωνεῖ
2621 5049 3006 5119 προσηγορίας,
3036 5052 3144 5104 οὐδ’
3171 5053 3238 5106 ἂν
3265 5055 3402 5109 κατὰ
3429 5057 3526 5127 τὴν
3555 5059 3714 5126 φύσιν

2145 5140 2346 5209 ἑτέρως
2385 5140 2515 5207 ἔχοι.
2549 5135 2673 5209 Ἆρ’
2709 5136 2801 5193 οὖν
2846 5141 2926 5194 ἐτι
2963 5142 3074 5196 τῶν
3113 5145 3437 5200 εὐθυνόντων
3486 5150 3515 5200 6
3560 5150 3715 5217 λόγος

2145 5227 2460 5298 προσδέεται
2477 5269 2492 5295 ,
2529 5230 2655 5298 περὶ
2683 5228 2774 5281 τοῦ
2797 5230 3090 5302 διαρρήδην
3118 5233 3346 5304 βοῶντος
3377 5236 3466 5289 τὸν
3486 5237 3713 5306 ἄγγελον

2145 5315 2218 5385 μὴ
2249 5317 2336 5368 τὸν
2373 5315 2520 5378 ἴδιον,
2555 5317 2688 5370 ἀλλὰ
2717 5318 2808 5372 τὸν
2836 5319 2930 5372 τοῦ
2953 5321 3102 5384 ὄντος
3133 5324 3488 5392 ἀπαγγέλλειν
3518 5327 3710 5394 λόγον;

2141 5407 2238 5460 Διὰ
2258 5407 2367 5479 γὰρ
2390 5409 2578 5461 τούτου
2596 5409 2866 5464 δείκνυται
2887 5413 2967 5465 ὅτι
2989 5415 3017 5465 6
3042 5415 3099 5466 ὲν
3120 5415 3258 5485 ἀρχῇ
3280 5415 3354 5468 ὢν
3373 5418 3560 5486 Λόγος,
3584 5419 3714 5483 Θεὸς

2141 5502 2331 5570 Λόγος,
2363 5502 2461 5555 οὐκ
2495 5502 2656 5565 αὐτὸς
2685 5503 2855 5572 Λόγος
2890 5507 3056 5572 ἐστὶν,
3090 5507 3202 5559 ἀλλ’
3233 5510 3415 5580 ἐτέρου
3444 5512 3590 5575 τινὸς
3610 5498 3712 5566 Λό·

2140 5611 2235 5662 γου
2271 5596 2473 5662 γίνεται
2513 5595 2713 5664 Λόγος,
2751 5596 2994 5662 διάκονός
3027 5617 3084 5652 τε
3117 5601 3210 5654 καὶ
3239 5603 3469 5670 ἄγγελος
3499 5606 3708 5659 ἐκείνου

2814 5708 2915 5764 lsa.
2981 5727 3071 5776 XL,
3115 5714 3166 5766 5.
3248 5714 3289 5744 ¹⁵
3336 5714 3494 5776 Rom.
3533 5737 3607 5786 is,
3653 5721 3706 5774 5.
