4142 6374
371 424 479 480 80‘)

1493 414 1775 475 CONTRA
1797 408 2187 473 EUNOMIUM,
2226 407 2354 463 LIB.
2399 408 2488 463 XI.

3540 406 3644 461 870

369 539 681 609 γενόμενος’
717 538 937 591 κάκεῖνο
958 537 1015 590 δὲ
1045 538 1128 601 τίς
1156 538 1342 607 ἀγνοεί
1368 540 1477 594 τῶν
1506 539 1747 597 πάντων,
1775 535 1855 587 ὅτι
1880 532 1960 603 τῷ

2087 543 2242 597 psum
2275 527 2516 582 Verbum
2549 534 2667 592 est,
2697 526 2793 582 sed
2838 528 3065 582 alterius
3114 526 3350 597 alicujus
3385 524 3547 581 Verbi
3588 526 3645 578 ﬁt

371 630 485 682 ὄντι
507 631 567 683 τὺ
600 629 675 701 μὴ
699 629 758 683 ὃν
784 630 1194 700 ἁντιδιαιρεῖται
1235 632 1395 702 μόνον
1417 650 1431 699 ;
1467 633 1629 685 Ὥστε
1657 632 1685 681 6
1712 631 1803 681 τὸν
1830 626 1959 680 Υίὸν

372 721 802 787 ἀντιδιαστείλας
840 722 919 793 τῷ
948 722 1094 786 ὄντι,
1138 723 1326 791 σαφῶς
1380 723 1693 786 Ἰουδαΐζει,
1733 720 1833 789 τὴν
1865 716 1959 771 τοῦ

372 815 710 883 Μονογενοῦς
738 816 1031 868 ὑπόστασιν
1051 814 1407 869 ύποκλέπτων
1434 816 1528 868 τοῦ
1545 814 1832 883 δόγματος.
1865 812 1960 862 Ὃν

372 908 482 977 γὰρ
505 908 609 974 ἔξω
633 908 733 977 τῆς
756 907 849 961 τοῦ
871 908 1022 971 ὄντος
1046 907 1361 977 ἐπωνυμίας
1389 907 1557 975 λέγει,
1586 908 1681 959 καὶ
1702 903 1794 957 τοῦ
1823 898 1962 954 εἶναι

374 998 593 1061 πάντως
622 997 921 1070 ἐξῃρῆσθαι
948 998 1368 1062 κατασκευάζει.
1404 999 1477 1051 Οὐ
1508 998 1614 1068 γὰρ
1646 996 1711 1066 δὴ
1739 994 1800 1047 τὸ
1822 988 1963 1046 εἶναι

373 1090 549 1152 διδοὺς
595 1090 732 1160 πρὸς
774 1090 866 1142 τὸν
916 1089 1009 1142 τοῦ
1057 1090 1300 1159 ῥήματος
1353 1085 1485 1160 ἦχον
1531 1086 1957 1156 διενεχθήσεται.

387 1184 547 1238 Ἀλλά
569 1185 663 1237 καὶ
683 1186 747 1254 τῇ
773 1184 961 1254 Γραφῇ
987 1182 1273 1254 κρατύνειν
1295 1184 1564 1252 ἐπιχειρεί
1584 1179 1682 1251 τὴν
1709 1177 1959 1237 ἀτοπίαν,

373 1277 468 1330 καὶ
513 1274 876 1346 προὸάλλεται
927 1273 1018 1326 τὸν
1068 1274 1273 1327 Μωσέα
1326 1274 1624 1344 συνήγορον
1671 1269 1815 1323 κατά
1860 1267 1963 1338 τῆς

338 1404 341 1407 »
375 1367 649 1439 ἀληθείας.

455 1622 544 1685 Ὠς
588 1621 697 1693 γὰρ
729 1623 936 1675 ἐκεῖθεν
967 1623 1098 1693 ἡμῖν
1139 1622 1524 1692 διαλεγόμενος
1565 1621 1693 1684 τοὺς
1728 1618 1964 1681 οἰκείους

2064 619 2324 683 Verbum,
2356 620 2607 674 minister
2636 627 2692 674 et
2723 620 2971 690 angelus,
2993 620 3045 673 id
3076 626 3181 684 est,
3216 618 3472 683 nuntius,
3498 617 3646 671 illius

2064 710 2261 764 factus.
2299 709 2436 763 Illud
2460 720 2639 766 autem
2664 711 2790 781 quis
2822 712 3066 766 omnium
3102 711 3317 782 ignorat
3342 708 3491 779 quod
3532 709 3647 763 enti

2064 803 2241 858 solum
2276 804 2577 872 opponitur
2601 818 2708 857 non
2739 804 2872 859 ens?
2919 804 3100 870 Quare
3129 804 3223 874 qui
3252 802 3450 857 Filium
3486 801 3555 855 ab
3581 817 3648 856 eo

2064 893 2157 963 qui
2186 900 2291 955 est,
2327 893 2639 962 distinguit,
2680 891 2973 947 manifeste
3040 892 3318 961 judaizat,
3370 887 3647 957 Unigeniti

2068 1001 2356 1056 personam
2387 1001 2416 1039 a
2467 985 2718 1056 dogmate
2751 984 3084 1054 subripiens.
3121 982 3292 1049 Quem
3322 982 3467 1037 enim
3495 990 3649 1035 extra

2068 1078 2213 1132 entis
2253 1078 2680 1131 nominationem
2704 1076 2858 1142 dicit,
2882 1093 2945 1130 ex
2976 1091 3159 1131 rerum
3178 1083 3372 1129 natura
3403 1072 3649 1127 funditus

2069 1176 2378 1238 exemptum
2414 1184 2539 1224 esse
2584 1169 2801 1224 astruit.
2864 1167 2982 1223 Non
3008 1168 3152 1222 enim
3178 1168 3270 1238 qui
3294 1167 3388 1220 dat
3414 1180 3559 1227 esse,
3581 1163 3649 1217 de

2072 1260 2222 1316 nudo
2251 1262 2500 1315 vocabuli
2536 1276 2672 1317 sono
2703 1261 2955 1332 litigabit.
2986 1260 3471 1316 Verumenimvero
3505 1255 3653 1310 Scri-

2073 1360 2247 1421 pturae
2275 1353 2592 1408 testimonio
2622 1353 3020 1407 absurditatem
3051 1351 3384 1405 continuare
3406 1348 3652 1414 molitur,

2067 1459 2132 1499 ac
2163 1444 2367 1499 lilosem
2397 1446 2656 1516 proponit
2677 1454 2867 1501 contra
2900 1445 3186 1500 veritatem
3220 1451 3538 1514 patronum.

2143 1621 2214 1677 Ut
2263 1620 2408 1675 enim
2446 1622 2559 1677 illic
2590 1622 2867 1677 disserens
2897 1636 3028 1677 suas
3087 1620 3300 1674 fabulas
3351 1632 3451 1686 pro
3485 1616 3653 1671 animi

381 1714 581 1784 μύθους
632 1714 755 1767 κατ’
804 1713 1053 1778 ἐξουσίαν
1097 1713 1319 1780 διέξεισι
1366 1712 1573 1782 λέγων,
1616 1712 1697 1765 ὃτι
1740 1711 1802 1763 '0
1847 1710 1966 1780 μὲν

2077 1712 2297 1767 arbitrio
2350 1713 2511 1769 nobis
2568 1723 2811 1775 enarrat,
2849 1714 2978 1767 dum
3036 1713 3199 1773 dicit.
3239 1711 3385 1782 quod
3434 1709 3535 1764 Ille
3564 1710 3655 1780 qui

377 1805 774 1860 ἀποστέλλων
798 1806 1062 1873 Μωσλῆν,
1099 1804 1283 1870 αὐτὸς
1309 1801 1388 1875 ἦν
1419 1808 1452 1858 ὀ
1479 1802 1565 1857 ὢν
1584 1844 1598 1866 ,
1630 1804 1705 1856 δι’
1744 1798 1818 1858 οὗ
1861 1801 1961 1855 καί

2077 1805 2271 1861 Mosem
2308 1807 2473 1871 misit,
2503 1808 2614 1875 ipse
2641 1814 2756 1860 erat
2785 1807 2876 1877 qui
2905 1815 2985 1859 est
3018 1822 3036 1871 ;
3113 1821 3203 1873 per
3248 1820 3401 1873 quem
3448 1812 3497 1857 et
3530 1803 3657 1855 mit-

375 1898 716 1953 ἀπέστελλε
749 1899 846 1952 καὶ
890 1898 1127 1951 ἐλάλειο
1168 1898 1277 1952 τοῦ
1308 1897 1426 1967 μὲν
1475 1896 1650 1962 ὄντος
1686 1895 1961 1965 ἄγγελος,

377 1988 497 2043 τῶν
522 1989 590 2043 δὲ
622 1988 827 2043 ἄλλων
846 1988 1129 2043 ἁπάντων
1155 1989 1320 2055 Θεός.
1365 1988 1506 2042 Ἀλλ’
1529 1989 1612 2041 ὅτι
1645 1988 1742 2056 μὲν
1769 1988 1868 2039 οὐκ
1900 1988 1965 2038 ὲκ

376 2080 485 2134 τῶν
520 2082 918 2152 γεγραμμένων
956 2082 1104 2134 ἐστὶν
1134 2082 1166 2151 ἡ
1200 2081 1379 2151 ῥῆσις,
1417 2080 1474 2147 ἐξ
1507 2080 1680 2149 αὐτῆς
1712 2078 1828 2131 ἔστι
1865 2080 1967 2147 τῆς

374 2173 601 2243 Γραφῆς
630 2172 847 2226 ειδέναι.
885 2172 945 2225 Εἰ
971 2172 1025 2225 δὲ
1053 2174 1143 2225 τὸν
1173 2172 1299 2225 νοῦν
1325 2189 1458 2243 φησι
1484 2170 1674 2225 τοῦτον
1703 2167 1844 2224 εἶναι
1870 2168 1965 2223 τοῦ

379 2261 726 2333 γράμματος,
759 2264 919 2326 αὐτὸς
941 2266 1072 2334 ἡμῖν
1093 2263 1405 2329 ἐξεταστέος
1429 2266 1458 2317 6
1486 2263 1840 2336 πρωτότυπος
1869 2263 1967 2332 τῆς

378 2346 603 2426 Γραφῆς
630 2355 805 2424 λόγος.
840 2358 949 2409 Καὶ
974 2356 1192 2428 πρῶτόν
1222 2374 1286 2425 γε
1319 2357 1739 2429 καταράσωμεν,
1766 2357 1849 2410 ὅτι
1876 2356 1967 2409 τὸν

382 2450 501 2518 μετ’
533 2447 696 2503 αὐτὸν
728 2449 861 2502 Θεὸν
926 2451 957 2501 6
1000 2449 1267 2520 Εὑνύμιος
1289 2451 1562 2522 ὀνομάσας
1597 2450 1689 2503 τὸν
1725 2447 1964 2520 Κύριον,

378 2540 531 2593 οὐδὲν
564 2540 713 2609 αὐτῷ
738 2540 897 2593 πλέον
932 2542 1081 2613 παρά
1108 2542 1207 2613 τὴν
1238 2542 1535 2613 ἀγγελικὴν
1565 2542 1747 2595 δίδωσι
1782 2542 1965 2610 φύσιν.

381 2631 518 2684 οὐδὲ
552 2634 658 2702 γὰρ
688 2634 716 2685 6
754 2633 996 2700 Μωῦσῆς
1020 2634 1263 2697 ἀκούσας
1304 2634 1426 2696 θεὸς
1454 2629 1592 2687 εἶναι
1622 2633 1715 2687 τοῦ
1742 2632 1965 2705 Φαραὼ,

381 2722 539 2795 ἐξέϐη
565 2724 663 2795 τὴν
691 2724 1085 2797 ἀνθρωπότητα
1109 2744 1122 2757 ·
1162 2728 1277 2780 ἀλλ’
1306 2728 1363 2780 ὲν
1389 2730 1456 2798 τῇ
1488 2727 1648 2797 φύσει
1680 2727 1742 2781 τὸ
1772 2727 1966 2797 ὁμότι-

380 2833 483 2885 μον
517 2815 689 2885 ἔχων,
729 2820 795 2888 τῇ
836 2818 938 2888 τῆς
976 2819 1222 2883 ἐξουσίας
1268 2820 1508 2889 ὑπεροχῇ
1546 2816 1655 2871 τῶν
1692 2817 1968 2890 ὁμογενῶν

382 2907 689 2979 ὑπερήρθη,
715 2909 808 2961 καὶ
831 2908 982 2961 οὐδὲν
1009 2909 1279 2962 ἐκώλυσεν
1302 2908 1465 2961 αὐτὸν
1491 2908 1625 2978 πρὸς
1646 2908 1709 2961 τὸ
1731 2908 1805 2980 μὴ
1829 2904 1968 2962 εἶναι

380 2998 688 3070 ἄνθρωπον,
719 3000 780 3052 τὺ
806 3000 1073 3071 κληθῆναι
1110 3000 1258 3055 θεόν.
1303 2999 1461 3055 Οὕτω
1489 3002 1583 3054 καὶ
1616 3002 1848 3055 ἐνταῦθα
1874 3002 1969 3055 ἕνα

378 3092 490 3145 τῶν
523 3092 767 3161 ἀγγέλων
810 3093 838 3145 6
876 3093 1139 3163 Εύνόμιος
1175 3093 1338 3147 αὐτὸν
1372 3089 1511 3147 εἶναι
1553 3094 1969 3157 κατασκευάσας

384 3182 674 3252 θεραπεύει
721 3182 782 3236 τὸ
832 3183 1043 3236 τοιοῦτο
1111 3183 1491 3255 πλημμέλημα
1557 3187 1656 3255 τῆς
1723 3184 1974 3255 θεότητος

384 3270 572 3342 κλήσει
623 3273 764 3326 κατά
798 3274 890 3327 τὸν
932 3273 1270 3353 ἀποδοθέντα,
1310 3275 1488 3343 λόγον,
1530 3275 1819 3347 ὁμωνύμίᾳ
1870 3277 1978 3330 τινὶ

382 3363 521 3433 πρὸς
543 3365 706 3419 αὐτὸν
730 3365 827 3437 τὴν
855 3365 950 3419 τοῦ
992 3365 1128 3421 Θεοῦ
1158 3369 1530 3439 προσηγορίαν
1570 3370 1974 3441 κοινοποιῆσας.

396 3455 770 3528 Ἐξετάσωμεν
797 3446 961 3512 πάλιν
985 3458 1128 3513 αὐτὰ
1154 3459 1224 3512 τὰ
1247 3461 1465 3531 ῥήματα
1494 3460 1596 3531 τῆς
1627 3460 1978 3534 βλασφημίας

383 3547 688 3619 ἐκθέμενοι.
723 3551 788 3603 '0
809 3550 1229 3613 ἀποστέλλων,
1254 3552 1411 3623 φησὶ,
1438 3552 1549 3607 τὸν
1574 3553 1850 3617 Μωυσέα,
1873 3556 1979 3608 αὐ-

383 3639 488 3705 τὸς
523 3636 602 3709 ἦν
644 3644 677 3693 ό
705 3640 811 3705 ὢν,
842 3641 915 3694 δι’
950 3638 1022 3697 οὗ
1065 3642 1135 3695 δὲ
1164 3642 1556 3707 ἀπέστειλεν,
1602 3648 1634 3697 ό
1664 3644 1770 3699 τοῦ
1803 3645 1979 3713 ὄντος

386 3732 637 3801 ἅγγελος
656 3728 755 3803 ἦν,
778 3732 949 3798 οὕτως
976 3734 1256 3804 ὀνομάζων
1282 3736 1373 3789 τὸν
1399 3735 1625 3806 Κύριον.
1648 3736 1859 3790 Οὐκοῦν
1886 3740 1977 3790 ὑπ’

388 3825 558 3893 αὐτῆς
589 3824 873 3895 ἐλέγχεται
910 3829 1009 3898 τῆς
1041 3827 1261 3898 Γραφῆς
1289 3830 1322 3898 ἡ
1354 3828 1552 3881 ἀτοπία
1584 3828 1677 3882 τοῦ
1710 3829 1979 3902 λογογρά-

388 3930 510 3980 φου,
540 3915 596 3966 ὲν
622 3909 703 3978 οἷς
735 3917 763 3968 6
788 3916 1030 3986 Μωῦσῆς
1071 3918 1300 3970 ἱκετεύει
1334 3918 1424 3970 τὸν
1456 3918 1663 3990 Κύριον
1698 3921 1773 3991 μὴ
1810 3922 1979 3992 ἄγγε-

388 4006 479 4059 λον
503 4008 570 4077 τῇ
605 4007 871 4079 ἡγεμονίᾳ
908 4008 1002 4061 τοῦ
1036 4008 1165 4062 λαοῦ
1195 4010 1524 4081 ἐπιστῆσαι,
1550 4012 1664 4065 ἀλλ’
1690 4013 1851 4066 αὐτὸν
1881 4015 1980 4084 τῆς

390 4097 618 4168 πορείας
648 4098 828 4152 αὐτῶν
857 4099 1264 4171 ἀφηγήσασθαι.
1298 4102 1451 4173 Ἔχει
1477 4103 1533 4155 δὲ
1569 4103 1741 4167 οὕτως
1770 4107 1803 4175 ή
1837 4105 1981 4172 λέξις

391 4191 456 4243 ὲκ
476 4189 771 4261 προσώπου
801 4190 895 4243 τοῦ
925 4191 1083 4244 Θεοῦ·
1117 4192 1341 4258 Βάδιζε,
1370 4194 1674 4262 κατάϐηθι,
1707 4197 1806 4249 καὶ
1843 4195 1984 4259 6675-

392 4299 588 4353 τησον
624 4282 732 4335 τὸν
760 4283 913 4336 ,λαὸν
952 4283 1169 4337 τοῦτον
1202 4287 1289 4349 εἰς
1330 4284 1439 4339 τόν
1479 4287 1666 4339 τόπον
1707 4286 1779 4340 ὃν
1809 4284 1984 4341 εἶπόν

390 4390 497 4427 σοι
525 4388 537 4400 ·
572 4372 668 4425 καὶ
700 4371 830 4426 ἰδοὺ
876 4372 1130 4442 ἄγγελός
1156 4391 1277 4443 μου
1336 4375 1765 4443 προπορεύεταί
1793 4390 1909 4429 σου
1942 4371 1984 4448 ᾗ

2067 1896 2205 1950 tebat
2230 1906 2280 1950 et
2313 1896 2663 1965 loquebatur;
2718 1895 2830 1965 eius
2868 1894 3077 1965 quidem
3108 1895 3198 1964 qui
3232 1903 3331 1957 est,
3394 1892 3656 1963 angelus;

2066 1987 2295 2041 aliorum
2332 2000 2507 2041 autem
2542 1988 2775 2041 omnium
2833 1986 2988 2041 Deus.
3056 1985 3191 2047 Sed,
3216 1984 3362 2055 quod
3402 1985 3516 2039 haec
3544 1998 3655 2038 non

2066 2080 2177 2134 sint
2208 2078 2509 2149 Scriptura:
2556 2081 2746 2143 verba,
2780 2080 2905 2134 licet
2955 2095 3019 2133 ex
3057 2079 3175 2147 ipsa
3204 2077 3490 2147 Scriptura
3525 2092 3656 2146 per-

2066 2172 2299 2241 spicere.
2350 2171 2503 2237 Quod
2540 2172 2585 2228 si
2654 2172 2795 2225 hane
2824 2171 2959 2224 dicit
2992 2186 3116 2226 esse
3166 2177 3402 2224 mentem
3439 2169 3655 2233 litterae,

2068 2264 2186 2335 ipse
2219 2264 2378 2319 nobis
2408 2264 2769 2334 primigenius
2801 2264 3099 2334 Scriptura:
3126 2278 3308 2318 sermo
3337 2262 3659 2317 examinan-

2067 2356 2171 2411 dus
2197 2369 2298 2411 est.
2353 2355 2417 2408 Et
2474 2358 2709 2426 primmn
2760 2357 2981 2427 quidem
3034 2357 3165 2411 illud
3217 2355 3660 2410 abmninabimur

2069 2449 2213 2518 quod
2246 2464 2370 2503 eum
2406 2451 2767 2518 posteriorem
2799 2448 2970 2504 Deum
3009 2449 3314 2503 nominavit
3354 2448 3658 2503 Eunomius

2069 2540 2385 2603 Dominum,
2422 2542 2557 2594 nihil
2587 2541 2635 2594 ei
2687 2541 2920 2611 amplius
2959 2557 3122 2610 quam
3176 2550 3425 2595 naturam
3458 2541 3664 2609 angeli-

2070 2648 2189 2687 cam
2238 2632 2510 2687 attribuit.
2548 2630 2736 2700 Neque
2769 2632 2914 2686 enim
2946 2631 3125 2686 Moses
3155 2647 3279 2685 eum
3318 2632 3492 2686 audiit
3520 2631 3661 2686 deus

2069 2737 2195 2779 esse
2225 2722 2524 2778 Pharaonis
2543 2764 2557 2786 ,
2582 2722 2977 2776 humanitatem
2999 2722 3152 2777 exuit
3185 2724 3261 2787 ¹⁷;
3290 2721 3385 2777 sed
3413 2721 3658 2776 eamdem

2069 2827 2325 2873 naturam
2380 2819 2610 2882 habens,
2662 2818 2949 2888 potestatis
3013 2818 3374 2888 praerogativa
3426 2816 3514 2872 his
3568 2818 3660 2886 qui

2071 2910 2320 2980 ejusdem
2355 2914 2573 2979 generis
2599 2911 3039 2980 superexaltatus
3056 2919 3177 2978 est;
3213 2910 3457 2980 nihilque
3484 2910 3661 2965 vetuit

2072 3003 2251 3073 ipsum
2286 3018 2410 3057 esse
2434 3003 2732 3065 hominem,
2761 3002 2907 3071 quod
2930 3011 3155 3056 vocatus
3195 3002 3268 3057 sit
3308 3000 3465 3056 deus.
3497 3002 3589 3056 Sic
3609 3010 3665 3055 et

2079 3097 2167 3150 hic
2223 3113 2392 3150 unum
2455 3096 2775 3166 angelorum
2827 3096 3006 3166 ipsum
3059 3111 3182 3151 esse
3246 3110 3371 3149 eum
3425 3098 3665 3150 asseruit

2083 3187 2404 3249 Eunomius,
2438 3189 2548 3243 tale
2578 3197 2861 3258 peccatum
2896 3195 3075 3249 sanat,
3103 3186 3406 3241 divinitatis
3433 3188 3667 3257 appella-

2080 3282 2230 3335 tione
2258 3280 2560 3334 secundum
2591 3282 2859 3335 rationem
2895 3278 3187 3347 redditam,
3232 3280 3361 3335 dum
3400 3280 3668 3353 homony-

2080 3370 2189 3422 mia
2233 3370 2471 3439 quadam
2522 3370 2626 3440 ipsi
2679 3372 2770 3425 Dei
2837 3369 3258 3441 appellationem
3318 3386 3667 3427 communem

2080 3461 2231 3517 facit.
2264 3461 2478 3518 Rursus
2524 3463 2639 3517 haec
2666 3462 2854 3517 eadem
2913 3464 3077 3517 verba
3111 3464 3488 3519 examinemus
3539 3481 3667 3520 cum

2078 3556 2418 3627 blasphemia
2449 3566 2808 3628 exponentes.
2838 3556 2944 3622 Qui
2975 3560 3121 3612 misit
3157 3558 3389 3629 Moysen:
3409 3604 3422 3627 ,
3458 3562 3666 3631 inquit,

2080 3648 2188 3717 ipse
2220 3657 2333 3700 erat
2367 3648 2458 3717 qui
2499 3657 2613 3712 est,
2655 3664 2747 3716 per
2776 3665 2932 3718 quem
2977 3660 3156 3703 autem
3202 3653 3379 3716 misit,
3415 3653 3529 3722 ejus
3579 3656 3672 3726 qui

2080 3751 2153 3793 est
2193 3750 2308 3793 erat
2358 3739 2613 3810 angelus,
2655 3741 2736 3795 sic
2774 3741 3067 3798 nominans
3108 3743 3418 3800 Dominum.
3466 3746 3668 3803 Verum

2081 3830 2149 3883 ab
2182 3830 2299 3899 ipsa
2331 3829 2619 3900 Scriptura
2653 3831 2782 3885 vani
2815 3832 2984 3899 hujus
3039 3835 3327 3904 scriptoris
3357 3839 3670 3897 absurditas

2081 3920 2520 3990 reprehenditur,
2542 3922 2598 3977 in
2623 3938 2733 3992 qua
2766 3924 2939 3979 Moses
2966 3927 3196 3996 supplex
3230 3927 3517 3985 Dominum
3547 3941 3670 3987 orat

2082 4021 2142 4066 ut
2170 4028 2279 4067 non
2333 4015 2584 4082 angelum
2617 4015 2837 4069 dueatui
2867 4018 3051 4087 populi
3087 4019 3361 4088 praeﬁciat,
3399 4023 3492 4077 sed
3534 4025 3673 4095 ipse-

2082 4113 2192 4159 met
2218 4105 2429 4161 itineris
2458 4106 2702 4176 ipsorum
2729 4109 2921 4161 ducem
2981 4126 3039 4164 se
3071 4114 3355 4180 praeheret.
3402 4113 3495 4168 Sic
3521 4119 3666 4169 enim

2082 4195 2246 4251 habet
2268 4203 2558 4253 contextus
2582 4212 2648 4252 ex
2682 4214 2913 4269 persona
2950 4201 3040 4256 Dei
3068 4221 3080 4256 :
3118 4200 3281 4266 Vade,
3311 4205 3583 4271 descende,
3618 4218 3670 4261 et

2082 4287 2184 4341 duc
2214 4288 2352 4342 hunc
2376 4290 2625 4359 populum
2669 4292 2723 4345 in
2756 4292 2931 4347 locum
2960 4310 3111 4362 quem
3153 4296 3249 4350 tibi
3287 4296 3402 4351 dixi
3436 4316 3452 4352 :
3484 4309 3534 4352 et
3558 4316 3674 4355 ecce

2083 4383 2299 4451 angelus
2328 4400 2471 4437 meus
2503 4395 2624 4437 ante
2643 4394 2690 4439 te
2713 4388 2885 4457 pergit
2912 4403 3019 4457 qua
3044 4388 3128 4441 die
3156 4389 3559 4446 consideravero
3586 4393 3629 4423 ¹⁸
3653 4412 3669 4459 ;

394 4464 473 4519 ἂν
494 4462 683 4534 ἡμέρᾳ
705 4463 1145 4532 ἐπισκέπτωμαι
1164 4480 1177 4493 ·
1202 4462 1298 4517 καὶ
1325 4463 1440 4535 μετ’
1460 4463 1617 4532 ὀλίγα
1639 4464 1803 4519 πάλιν
1824 4466 1973 4537 φησί·

2086 4488 2147 4528 ac
2170 4476 2331 4544 paulo
2364 4485 2489 4547 post
2523 4478 2599 4530 ait
2656 4494 2886 4535 rursus:
2922 4479 2991 4533 Et
3014 4482 3175 4535 simul
3213 4485 3425 4537 mittam
3475 4495 3599 4539 ante
3623 4498 3674 4542 te

392 4557 504 4612 Kal
519 4556 959 4611 συναποστελῶ
974 4556 1264 4626 πρότερόν
1282 4574 1399 4611 σου
1418 4557 1527 4611 τὸν
1563 4558 1819 4628 ἄγγελόν
1835 4578 1976 4627 μου.

397 4644 530 4703 Εῐτα
560 4648 753 4720 μικρὸν
800 4647 939 4719 μετά
962 4649 1060 4719 τὴν
1090 4648 1432 4712 ἀκολουθίαν,
1462 4649 1672 4718 γίνεται
1700 4652 1851 4723 παρὰ
1881 4655 1976 4705 τοῦ

397 4741 726 4811 θεράποντος
771 4740 908 4812 πρὸς
951 4740 1042 4793 τὸν
1080 4739 1210 4795 Θεὸν
1259 4743 1507 4812 ἱκετηρία
1543 4741 1733 4796 τοῦτον
1780 4743 1979 4815 ἔχουσα

395 4834 484 4886 τὸν
515 4834 733 4905 τρὸπον·
767 4836 837 4887 El
868 4833 1095 4900 εὕρηκα
1121 4832 1298 4902 χάριν
1323 4833 1603 4888 ἐναντίον
1643 4850 1781 4897 σου,
1812 4851 1981 4906 συμ-

397 4925 742 4993 πορευοήτω
764 4929 795 4978 ό
818 4927 1033 4992 Κύριός
1060 4942 1179 4994 μου
1206 4926 1335 4994 μεθ’
1360 4925 1545 4994 ἡμῶνο
1576 4928 1670 4980 καὶ
1701 4928 1881 4992 πάλιν,
1912 4931 1978 4982 El

394 5015 478 5083 μὴ
516 5014 700 5080 αὐτὸς
737 5016 1091 5084 συμπορεύῃ
1130 5015 1292 5083 ἡμῖν,
1331 5016 1416 5083 μή
1441 5033 1519 5084 με
1552 5018 1856 5090 ἀναγάγῃς
1888 5019 1987 5071 ἐν·

398 5107 605 5162 ταῦθα.
646 5103 779 5159 Εἶτα
812 5106 1103 5178 ἀπόκρισις
1134 5106 1229 5159 τοῦ
1262 5107 1398 5161 Θεοῦ
1430 5110 1565 5180 πρὸς
1596 5110 1687 5164 τὸν
1724 5112 1984 5165 Μωῡσέω

401 5199 510 5251 Καὶ
542 5198 759 5252 τοῦτόν
804 5215 903 5252 σοι
947 5198 1055 5251 τὸν
1098 5199 1287 5267 λόγον
1331 5197 1405 5252 ὃν
1447 5199 1695 5267 εἴρηκας
1732 5200 1985 5267 ποιήσω.

402 5291 677 5357 Εῦρηκιῑς
724 5291 834 5360 γὰρ
871 5290 1049 5360 χάριν
1088 5289 1346 5343 ἐνώπιόν
1386 5309 1527 5360 μου.
1577 5292 1686 5345 Kal
1740 5290 1876 5347 οἶδά
1912 5309 1987 5349 σε

402 5380 561 5449 παρὰ
576 5381 825 5447 πάντας.
848 5381 1056 5435 Οὐκοῦν
1077 5382 1125 5434 εί
1147 5380 1383 5451 Μωῦσῆς
1408 5382 1507 5452 μὲν
1533 5387 1873 5454 παραιτεῖται
1894 5385 1987 5437 τὸν

403 5472 653 5541 ἄγγελον,
680 5474 840 5537 αὐτὸς
864 5473 919 5527 δὲ
939 5476 967 5527 6
989 5474 1342 5545 χρηματίζων
1368 5474 1516 5545 αὐτῷ
1540 5476 1876 5549 συνέμπορος
1900 5478 1988 5546 γί-

404 5583 574 5630 νεται,
610 5565 703 5618 καὶ
746 5564 1072 5637 καθηγεμὼν
1100 5568 1197 5638 τῆς
1244 5569 1524 5638 στρατιᾶς,
1566 5570 1815 5641 φανερῶς
1848 5572 1984 5625 ἀπο-

2086 4569 2329 4639 angelum
2357 4588 2529 4625 meum
2561 4573 2623 4627 ".
2648 4572 2853 4629 Deinde
2892 4577 3055 4647 paulo
3084 4585 3226 4647 post,
3270 4588 3674 4650 consequenter

2089 4659 2147 4712 lit
2180 4660 2509 4730 supplicatio
2538 4662 2776 4718 ministri
2809 4665 2875 4718 ad
2906 4664 3074 4719 Deum
3123 4680 3245 4736 qua:
3271 4668 3336 4721 ad
3379 4669 3527 4722 hunc
3556 4684 3676 4723 mo-

2086 4751 2215 4805 dum
2257 4753 2422 4809 habet
2457 4773 2470 4808 :
2503 4754 2564 4810 Si
2594 4758 2766 4811 inveni
2789 4759 3020 4827 gratiam
3052 4776 3233 4812 coram
3270 4771 3337 4827 te,
3362 4761 3523 4815 simul
3556 4778 3677 4830 pro-

2086 4843 2362 4911 ﬁciscatur
2395 4844 2656 4901 Dominus
2713 4865 2857 4901 meus
2884 4849 3154 4903 nobiscum
3184 4852 3229 4882 '°
3260 4870 3275 4920 ;
3331 4862 3386 4907 et
3442 4866 3672 4911 rursus:

2089 4934 2216 4997 Nisi
2241 4936 2350 5006 ipse
2385 4938 2656 4991 nobiscum
2708 4941 2906 5004 venias,
2938 4958 3001 4994 ne
3050 4959 3131 4996 me
3164 4942 3289 4998 inde
3343 4944 3571 4999 abducas
3605 4949 3673 5001 ²¹.

2090 5024 2297 5083 Deinde
2331 5027 2422 5081 Dei
2471 5032 2759 5099 responsio
2785 5030 2852 5084 ad
2885 5031 3089 5088 Mosem
3125 5054 3137 5089 :
3172 5034 3243 5088 Et
3272 5037 3410 5090 hunc
3441 5039 3537 5091 tibi
3567 5057 3678 5093 ser-

2091 5136 2297 5174 monem
2338 5138 2486 5191 quem
2516 5124 2705 5176 dixisti
2735 5125 2969 5193 faciant;
3000 5127 3245 5182 invenisti
3275 5132 3414 5183 enim
3446 5135 3676 5200 gratiam

2089 5225 2270 5263 coram
2320 5229 2420 5266 me.
2487 5212 2557 5267 Et
2591 5216 2711 5269 noui
2771 5225 2819 5270 te
2882 5234 3045 5285 supra
3111 5237 3289 5275 omnes
3321 5224 3388 5278 ²².
3446 5222 3588 5295 Ergo
3633 5229 3675 5277 si

2095 5300 2310 5373 Moyses
2354 5316 2575 5361 recusat
2607 5308 2859 5376 angelum
2883 5350 2897 5374 ,
2948 5310 3065 5380 ipse
3100 5320 3282 5367 autem
3311 5316 3403 5383 qui
3436 5316 3680 5386 loquitur

2095 5409 2218 5447 cum
2254 5395 2395 5465 ipso,
2432 5397 2489 5450 lit
2520 5413 2707 5454 comes
2729 5406 2783 5454 et
2816 5400 2925 5455 dux
2954 5405 3253 5466 exercitus,
3276 5421 3373 5474 per
3410 5407 3525 5463 haec
3560 5424 3677 5461 ma-

2094 5486 2294 5543 nifeste
2323 5489 2757 5556 demonstratur,
2808 5494 2956 5563 quod
3001 5495 3096 5551 ille
3140 5499 3231 5567 qui
3259 5498 3380 5569 ejus
3428 5502 3519 5570 qui
3559 5510 3677 5564 est,

2095 5583 2317 5635 nomine
2349 5582 2588 5651 seipsum
2628 5593 2814 5637 notum
2844 5583 2994 5647 fecit,
3023 5587 3343 5658 unigenitus
3373 5600 3458 5646 est
3513 5590 3675 5648 Deus.

403 5656 673 5713 δείκνυται
702 5658 789 5712 διὰ
820 5657 1024 5712 τούτων
1043 5701 1058 5727 ,
1088 5660 1171 5713 ὄτι
1211 5662 1238 5713 ὁ
1279 5664 1343 5732 τῇ
1384 5659 1480 5713 τοῦ
1512 5660 1662 5725 ὄντος
1693 5664 1979 5736 ἐπωνυμίᾳ
2019 5667 2211 5724 ἑαυτὸν
2242 5673 2536 5745 γνωρίσας,
2570 5676 2598 5727 ὀ
2635 5678 2931 5749 μονογενής
2955 5678 3072 5732 ἐστι
3100 5656 3251 5745 Θεός.

477 5846 519 5885 ¹⁷
558 5844 844 5910 Exod.vn,
880 5844 931 5901 l.
967 5846 1007 5879 "
1038 5844 1432 5912 Exod..xxxm,
1475 5848 1524 5902 l.
1594 5850 1633 5881 ’³
1676 5848 1808 5904 ibid.
1841 5850 1896 5905 2.
1974 5853 2016 5884 ²⁰
2047 5851 2219 5909 Exod.
2249 5869 2431 5921 “xw,
2457 5854 2509 5910 9.
2555 5856 2599 5887 “
2626 5854 2796 5912 Exod.
2837 5873 3045 5925 xm",
3085 5859 3169 5916 l5.
3214 5863 3258 5896 ”
3295 5863 3425 5922 ibid.
3461 5866 3549 5935 l7,
3591 5866 3675 5924 i2.
