4142 6374
523 369 621 424 871

1810 376 1868 429 S.
1909 376 2240 434 GREGOllll
2278 379 2574 437 NVSSENI

3675 385 3779 439 872

581 487 738 555 Quod
771 488 815 543 si
841 489 966 558 qttis
1003 489 1086 545 his
1111 490 1524 553 contradixerit.
1544 489 1780 547 Judaiere
1805 495 2074 564 opinionis

2254 502 2316 553 Εί
2363 502 2420 553 δὲ
2467 502 2603 573 πρὸς
2645 499 2802 554 τοῦτό
2847 518 2931 564 τις
2978 499 3276 569 ἀντιλέγοι,
3325 500 3423 570 τῆς
3485 499 3775 571 Ἰουδαϊκῆς

514 582 619 635 crit
646 589 931 649 patronus,
964 581 1161 635 Filium
1201 583 1264 636 ad
1303 585 1488 653 populi
1529 586 1760 640 salutem
1794 602 1900 641 non
1927 589 2091 642 simul

513 682 820 722 assumens.
882 666 938 720 Si
989 670 1132 723 enim
1187 673 1412 740 angelus
1467 689 1592 726 cum
1665 674 1926 732 lsraelitis
1979 695 2089 732 non

514 759 683 826 pergit
709 801 722 822 ,
750 757 841 826 qui
875 767 1055 813 autem
1085 777 1178 828 per
1207 763 1328 832 ejus
1360 764 1452 831 qui
1477 777 1561 818 est
1585 766 2086 822 denominationem

509 848 840 912 declaratur,
879 865 984 902 non
1021 859 1104 904 est
1154 850 1500 921 Unigenitus,
1550 856 1693 909 sicut
1733 859 1847 911 vult
1903 858 2087 912 Euno-

511 940 674 1002 mius,
715 941 850 994 nihil
901 941 1046 993 aliud
1089 959 1251 1010 quam
1297 960 1363 997 ex
1413 943 1697 1016 Synagoga
1755 950 1970 1002 decreta
2033 951 2087 1004 iu

513 1031 811 1087 Ecclesiam
848 1032 939 1086 Dei
970 1034 1302 1088 transfertis.
1352 1037 1519 1105 Igitur
1561 1038 1793 1092 duorum
1857 1043 2085 1094 alterum

518 1122 831 1176 necessario
876 1123 1306 1189 confitebuntur,
1348 1128 1432 1180 vel
1493 1144 1762 1199 nusquam
1819 1131 1952 1187 Mosi
1993 1135 2088 1187 ad-

511 1214 682 1268 fuisse
709 1213 1049 1283 unigenitum
1087 1215 1291 1277 Deum,
1350 1219 1432 1273 vel
1490 1220 1669 1289 ipsqu
1721 1220 1917 1276 Filium
1967 1241 2088 1278 esse

511 1321 637 1360 eum
671 1306 762 1375 qui
793 1313 895 1367 est,
957 1321 986 1359 a
1018 1323 1125 1376 quo
1183 1309 1248 1361 ad
1305 1311 1615 1365 ministrum
1654 1314 1710 1368 fit
1741 1331 1940 1370 sermo.
1981 1317 2086 1372 Sed

512 1398 839 1451 contradicit
879 1398 1040 1452 dictis
1099 1401 1270 1468 ipsam
1333 1402 1670 1470 Scripturam
1708 1409 2083 1475 praetendens,

508 1503 630 1556 qua:
668 1489 748 1542 sic
781 1489 877 1550 ait,
911 1489 1084 1558 angeli
1149 1505 1335 1545 vocem
1371 1494 1745 1560 praecessisse,
1803 1512 1863 1549 ac
1898 1507 2084 1566 postea

506 1582 628 1648 ejus
668 1583 759 1648 qui
791 1589 875 1634 est
932 1583 1264 1650 colloquium
1314 1586 1666 1639 subsecutum
1711 1587 1918 1643 fuisse:
1983 1591 2084 1645 hoc

509 1679 731 1725 nonest
763 1672 1126 1726 contradictio
1188 1673 1278 1727 sed
1340 1683 1656 1729 nostrorum
1714 1680 2079 1734 Conflrniatio.

505 1761 637 1814 Nam
670 1769 723 1816 et
761 1777 860 1816 nos
887 1763 1035 1816 clare
1093 1763 1327 1819 dicimus
1385 1766 1701 1835 prophetam
1747 1770 1813 1823 de
1865 1772 2085 1827 Christo

2193 594 2514 664 ὑπολήψεως
2547 594 2698 646 ἔσται
2735 595 3053 664 συνήγορος,
3085 595 3175 645 τὸν
3213 593 3338 644 Υίὸν
3377 593 3451 663 μὴ
3489 609 3774 663 συμπαρα-

2190 685 2480 754 λαμϐάνων
2516 687 2595 748 είς
2637 686 2734 754 τὴν
2767 684 2860 736 τοῦ
2908 684 3036 738 λαοῦ
3089 685 3382 754 σωτηρίαν.
3431 685 3494 737 Εἰ
3533 683 3641 752 γὰρ
3675 686 3774 752 ἆγ-

2190 776 2345 843 γελος
2388 777 2486 846 μὲν
2530 779 2642 839 τοῖς
2694 775 3054 848 Ἰσραηλίταις
3085 777 3144 828 οὐ
3181 775 3611 844 συναπέρχεται·
3654 775 3683 826 ὀ
3715 775 3772 827 δὲ

2188 867 2273 920 διὰ
2306 868 2404 935 τῆς
2446 866 2532 919 τοῦ
2563 867 2714 929 ὄντος
2745 867 3060 936 ἐπωνυμίας
3090 866 3440 936 δηλούμενος,
3473 869 3501 919 ὁ
3535 867 3772 933 Μονογε-

2187 956 2282 1026 vi};
2310 958 2410 1009 οὐκ
2439 957 2587 1024 ἔστι,
2629 957 2811 1020 καθὼς
2848 958 3109 1027 Εὑνόμιος
3143 957 3422 1026 βούλεται,
3459 957 3610 1008 οὐδὲν
3645 955 3771 1009 ἄλλο

2187 1047 2220 1118 ἢ
2250 1047 2316 1100 τὰ
2358 1049 2421 1100 ἐκ
2445 1049 2545 1117 τῆς
2575 1048 2895 1118 συναγωγῆς
2931 1048 3176 1118 δόγματα
3213 1047 3349 1118 πρὸς
3396 1047 3494 1116 τὴν
3540 1046 3767 1116 Ἐκκλη-

2189 1137 2311 1190 σίαν
2341 1136 2432 1190 τοῦ
2464 1137 2598 1189 Θεοῦ
2635 1137 3018 1208 μεταφέρεται.
3058 1138 3268 1190 Οὐκοῦν
3300 1137 3408 1189 τῶν
3439 1137 3530 1188 δύο
3559 1136 3616 1187 τὸ
3655 1137 3768 1188 ἓτε-

2191 1246 2280 1299 ρον
2308 1229 2634 1298 ἐξάνάγκης
2675 1227 3127 1298 ὁμολογήσουσιν,
3163 1227 3196 1298 ἢ
3236 1226 3485 1297 μηδαμοῦ
3517 1229 3765 1296 παρεῖναι

2185 1319 2262 1391 τῷ
2288 1319 2489 1391 Μωῦσῇ
2516 1320 2606 1372 τὸν
2632 1319 2896 1390 μονογενῆ
2925 1319 3078 1380 Θεὸν,
3109 1318 3140 1389 ἣ
3169 1320 3333 1371 αὑτὸν
3357 1318 3448 1371 τὸν
3469 1319 3598 1372 Υἱὸν
3629 1313 3764 1370 εἶναι

2184 1412 2274 1463 τὸν
2299 1411 2448 1476 ὄντα,
2489 1413 2618 1481 παρ’
2647 1404 2708 1463 οῦ
2735 1412 2763 1463 6
2790 1411 2948 1479 λόγος
2988 1411 3115 1481 πρὸς
3153 1411 3244 1462 τὸν
3282 1411 3587 1480 Θεράποντα
3621 1410 3764 1476 γίνε-

2185 1511 2293 1557 ται.
2337 1504 2476 1557 Ἀλλ’
2510 1505 2779 1572 ἀντιλέγει
2811 1507 2922 1567 τοῖς
2957 1503 3266 1574 εἰρημένοις
3297 1503 3463 1574 αὐτὴν
3496 1505 3593 1575 τὴν
3625 1503 3764 1574 Γρα-

2185 1595 2290 1667 φὴν
2333 1597 2746 1668 προτεινόμενος
2787 1597 3070 1664 λέγουσαν,
3120 1595 3351 1664 ἀγγέλου
3403 1593 3762 1665 προτετάχθαι

2186 1687 2390 1756 φωνὴν,
2433 1688 2526 1740 καὶ
2559 1688 2729 1751 οὕτως
2767 1688 2999 1759 ἐπῆχϐαι
3048 1687 3140 1740 τὸν
3172 1687 3265 1740 τοῦ
3310 1687 3462 1750 ὄντος
3497 1687 3760 1756 διάλογον.

2185 1778 2357 1831 Τοῦτο
2383 1779 2438 1832 δὲ
2467 1780 2565 1832 οὐκ
2593 1780 2929 1850 ἀντίρρησις,
2955 1779 3091 1832 ἀλλά
3121 1779 3408 1848 βεϐαίωσις
3429 1781 3536 1832 τῶν
3564 1781 3762 1850 ἡμετὲ-

508 1853 824 1924 inysterium
858 1854 1210 1908 manifestum
1239 1855 1420 1911 facere
1447 1857 1755 1915 hominibus
1783 1861 2074 1926 volentem,

2185 1887 2289 1940 ρων
2322 1870 2488 1923 ἐστίν.
2522 1872 2628 1923 Καὶ
2661 1872 2819 1940 ἡμεῖς
2852 1872 2959 1943 γάρ
3005 1889 3184 1942 φαμεν
3218 1869 3463 1940 ἐναργῶς
3499 1871 3589 1922 τὸν
3629 1887 3760 1941 προ-

505 1946 781 2014 angelum,
811 1961 932 2000 eum
971 1948 1061 2014 qui
1099 1955 1204 2010 est,
1234 1949 1577 2016 appellasse;
1615 1967 1682 2005 ne
1713 1953 1757 2005 si
1789 1954 1903 2007 sola
1963 1954 2079 2023 ejus

504 2038 596 2106 qui
653 2045 756 2100 est,
815 2037 1119 2092 nominatio
1188 2039 1240 2091 in
1303 2040 1575 2109 colloquio
1616 2041 1970 2107 inveniretur,
2013 2045 2079 2099 ad

502 2131 716 2182 Patrem
747 2144 942 2183 sensus
973 2143 1160 2182 eorum
1193 2145 1313 2197 quae
1340 2132 1600 2184 dicunlur
1635 2133 1926 2188 referatur.
1973 2135 2080 2190 Sed

502 2221 957 2291 quemadmodum
987 2230 1175 2275 noster
1206 2237 1386 2276 sermo
1441 2226 1639 2280 mentis
1687 2227 2077 2296 impulsionum

504 2313 665 2368 index
734 2326 819 2366 εει
872 2320 925 2365 et
980 2312 1389 2368 internuntius:
1445 2315 1525 2367 sic
1593 2317 1756 2369 etiam
1821 2317 2077 2383 dicimus,

499 2419 687 2458 verum
740 2403 976 2458 Verbum
1025 2403 1168 2472 quod
1237 2413 1324 2458 est
1377 2406 1430 2458 in
1487 2406 1756 2475 principio
1818 2411 2078 2464 nuntians

501 2497 702 2567 proprii
736 2494 915 2549 Patris
945 2496 1262 2560 consilium,
1302 2497 1370 2548 oh
1412 2499 1702 2551 nuntiandi
1740 2515 1938 2554 munus
1968 2516 2078 2570 quo

499 2589 615 2656 ipse
674 2587 935 2655 fungitur,
1004 2587 1256 2657 angelum
1318 2587 1451 2642 dici.
1511 2588 1574 2640 lit
1619 2591 2073 2657 quemadmodum

499 2678 751 2732 sublimis
783 2676 1025 2731 Joannes
1055 2679 1148 2748 qui
1175 2678 1330 2748 prius
1363 2679 1538 2748 ipsum
1567 2678 1806 2734 Verbum
1837 2682 2073 2748 dixerat,

499 2773 574 2826 ita
609 2772 915 2839 subjungit,
955 2770 1124 2824 Deum
1158 2787 1281 2826 esse
1323 2769 1582 2834 Verbum,
1640 2788 1710 2826 ne
1746 2773 1790 2826 si
1830 2775 1920 2828 Dei
1978 2790 2077 2844 ap-

499 2865 718 2933 pellatio
772 2864 1178 2932 praecessisset,
1237 2863 1302 2916 ad
1376 2864 1590 2917 Patrem
1651 2865 2075 2933 cogitationibus

497 2955 940 3024 impellerentur:
1016 2955 1097 3008 sic
1148 2966 1201 3008 et
1256 2969 1487 3022 magnus
1542 2953 1718 3010 Moses
1769 2973 1892 3010 cum
1949 2973 2072 3011 eum

497 3048 748 3116 angelum
829 3047 978 3114 prius
1048 3045 1434 3109 nominasset,
1503 3048 1679 3115 ipsum
1753 3064 1876 3103 esse
1949 3066 2071 3102 cum

495 3139 587 3208 qui
625 3147 706 3192 est
745 3139 925 3192 verbis
981 3138 1340 3205 sequentibus
1401 3139 1616 3204 edocrt,
1675 3149 1732 3192 ut
1785 3141 2071 3194 manifeste

2183 1960 2360 2031 φήτην
2389 1961 2448 2014 τὸ
2479 1963 2606 2032 περὶ
2635 1963 2730 2015 τοῦ
2756 1963 2993 2035 Χριστοῦ
3021 1965 3317 2035 μυστήριον
3345 1963 3585 2033 ἐμφανὲς
3613 1964 3761 2033 ποιῆ-

2184 2068 2271 2104 σαι
2318 2056 2429 2116 τοῖς
2476 2053 2784 2123 ἀνθρώποις
2839 2053 3195 2124 βουλόμενον,
3233 2055 3461 2122 ἄγγελον
3499 2053 3590 2106 τὸν
3632 2054 3759 2106 ὄντα

2181 2141 2638 2212 προσαγορεῦσαισ
2663 2141 2736 2204 ὡς
2757 2141 2823 2196 ἂν
2847 2143 2920 2213 μὴ
2947 2144 3112 2212 μόνης
3134 2143 3235 2212 τῆς
3259 2143 3355 2196 τοῦ
3385 2143 3536 2206 ὄντος
3559 2144 3760 2195 ἐπωνυ-

2185 2231 2311 2301 μίας
2351 2232 2490 2284 κατά
2522 2232 2615 2284 τὸν
2641 2233 2888 2300 διάλογον
2918 2234 3326 2304 εὑρισκομένης,
3357 2234 3489 2304 πρὸς
3526 2233 3614 2286 τὸν
3645 2236 3757 2286 Πα-

2177 2323 2312 2393 τέρα
2379 2325 2408 2376 6
2449 2323 2575 2386 νοῦς
2624 2325 2731 2377 τῶν
2771 2325 3081 2394 λεγομένων
3134 2325 3550 2394 ἐπαναφέροιτο.
3619 2327 3759 2378 Ἀλλ’

2177 2415 2365 2486 ὥσπερ
2413 2418 2440 2468 6
2483 2417 2747 2487 ήμέτερος
2797 2417 2953 2486 λόγος
2997 2417 3106 2470 τῶν
3151 2418 3245 2470 τοῦ
3295 2416 3387 2472 νοῦ
3443 2419 3757 2488 κινημάτων

2181 2508 2423 2576 μηνυτής
2455 2524 2512 2557 τε
2547 2507 2639 2558 καὶ
2671 2507 2899 2575 ἅγγελος
2921 2507 3148 2575 γίνεται,
3175 2505 3318 2559 οὕτω
3342 2505 3519 2576 φαμὲν
3547 2501 3642 2558 καὶ
3665 2505 3756 2558 τὸν

2177 2599 2427 2668 ἀληθινὸν
2470 2600 2640 2667 Λόγον
2679 2601 2770 2652 τὸν
2812 2601 2870 2653 ἐν
2903 2602 3043 2671 ἀρχῇ
3074 2599 3202 2652 ὄντα
3243 2597 3625 2666 διαγγέλλοντα
3660 2596 3755 2650 τοῦ

2182 2689 2311 2741 ἰδίου
2359 2690 2572 2759 Πατρὸς
2621 2692 2721 2760 τὴν
2758 2690 3051 2760 βουλὴν,τῇ
3091 2689 3340 2761 ἐνεργείᾳ
3371 2691 3470 2759 τῆς
3497 2688 3756 2757 ἀγγελίας

2178 2779 2676 2850 ἐπονομαζόμενον,
2728 2779 2954 2848 ἄγγελον
3005 2779 3280 2848 λέγεσθαι.
3330 2780 3440 2833 Καὶ
3489 2779 3675 2850 ὥσπερ
3727 2780 3756 2828 6

2178 2871 2378 2940 ὑψηλὸς
2403 2872 2654 2941 Ἰωάννης
2679 2873 2940 2941 πρότερον
2969 2871 3131 2923 αὑτὸν
3163 2871 3333 2938 Λόγον
3367 2869 3558 2936 εἰπὼν,
3587 2871 3756 2932 οὕτως

2149 2962 2369 3028 ,ἐπάγει
2404 2963 2493 3013 τὸν
2523 2962 2654 3014 Θεὸν
2684 2958 2823 3014 εἶναι
2849 2961 2941 3013 τὸν
2974 2960 3166 3029 Λόγον,
3194 2965 3270 3024 ὡς
3300 2961 3366 3014 ἂν
3408 2961 3480 3030 μὴ
3512 2977 3756 3030 προηγη-

2177 3051 2416 3121 σαμένης
2437 3052 2534 3121 τῆς
2556 3050 2650 3104 τοῦ
2684 3050 2817 3103 Θεοῦ
2849 3050 3220 3124 προσηγορίας
3251 3049 3383 3120 πρὸς
3413 3051 3504 3102 τὸν
3534 3049 3754 3119 Πατέρα

2174 3146 2290 3205 ταῖς
2329 3143 2607 3204 ὑπονοίαις
2655 3141 3116 3211 ἀπενεχθείημεν’
3167 3141 3309 3193 οὕτω
3359 3141 3452 3192 καὶ
3505 3143 3532 3192 ὁ
3579 3139 3752 3209 μέγας

497 3231 816 3300 mysterium
849 3229 1050 3282 Christi
1094 3231 1577 3297 pronuntiaretur;
1653 3232 1918 3299 siquidem
1976 3249 2069 3302 per

2176 3235 2411 3302 Μωῦσῆς
2452 3233 2678 3301 ἄγγελον
2708 3210 3287 3303 προονομάσας,αὺτὸν
3327 3228 3463 3284 εἶναι
3499 3232 3590 3283 τὸν
3626 3232 3754 3283 ὄντα

496 3324 748 3391 angelum
790 3323 1001 3390 paterni
1036 3322 1252 3375 consilii
1319 3322 1591 3391 interpres
1628 3319 1858 3375 Verbum
1921 3325 2071 3378 Scri-

497 3425 658 3485 ptura
699 3416 878 3478 docet,
907 3423 961 3468 et
993 3431 1086 3485 per
1109 3416 1527 3485 appellationem
1557 3414 1680 3482 ejus
1702 3403 1792 3484 qui
1813 3426 1916 3480 est,
1951 3433 2070 3470 eam

495 3523 616 3576 qua:
645 3517 727 3559 est
758 3509 1058 3559 Secundum
1092 3508 1390 3560 essentiam
1433 3505 1554 3558 Filii
1595 3521 1719 3558 eum
1751 3506 1909 3561 Patre
1970 3523 2069 3560 na-

495 3597 725 3651 turalem
762 3596 1172 3665 proprietatem.
1238 3594 1393 3659 Quod
1430 3595 1475 3648 si
1513 3595 1672 3647 etiam
1718 3594 1912 3648 Isaiam
1949 3597 2072 3649 velit

491 3691 757 3756 objicere,
795 3689 885 3757 qui
920 3689 1078 3752 dixit,
1112 3703 1309 3741 nomen
1342 3687 1463 3754 ejus
1507 3687 1686 3740 vocari
1726 3689 1903 3757 magni
1938 3706 2073 3742 con-

495 3783 602 3836 silii
636 3783 920 3849 Angelnm,
963 3797 1140 3851 neque
1169 3781 1248 3834 sic
1283 3789 1532 3835 nostrum
1558 3784 1817 3834 everterit
1859 3797 2071 3835 sermo-

495 3889 639 3928 nem.
682 3871 1041 3941 Perspicuum
1081 3873 1223 3925 enim
1259 3873 1402 3941 quod
1434 3872 1544 3925 illic
1572 3872 1716 3924 nulla
1741 3883 1824 3926 est
1855 3883 2073 3925 contra-

494 3964 681 4027 dictio,
733 3963 860 4030 quia
924 3963 1323 4016 inearnationis
1381 3964 1696 4033 mysterium
1741 3979 1837 4032 per
1881 3966 2075 4019 vatici-

492 4057 642 4109 nium
675 4055 1030 4124 significatur.
1069 4055 1352 4119 Parvulas,
1377 4057 1576 4125 inquit,
1607 4066 1762 4108 natus
1793 4067 1868 4109 est
1901 4058 2068 4121 nobis,

491 4158 539 4201 et
571 4148 715 4216 ﬁlius
755 4146 913 4199 datus
945 4159 1019 4199 est
1062 4147 1232 4212 nobis,
1273 4146 1424 4216 cujus
1458 4148 1729 4214 imperium
1787 4163 1943 4216 super
1971 4149 2071 4200 Itu-

495 4257 695 4294 merum
726 4240 862 4308 ejus,
905 4249 953 4292 et
990 4249 1208 4292 rocatur
1255 4255 1442 4292 nomen
1469 4240 1582 4306 ejus
1636 4240 1813 4308 magni
1865 4240 2072 4292 consilii

492 4334 724 4401 Angelus
753 4333 817 4383 ’³.
858 4331 937 4382 Ad
971 4332 1113 4399 quod
1147 4330 1310 4383 David
1343 4331 1536 4399 opinor
1574 4331 1900 4398 respexisse,
1939 4332 2067 4383 dum

493 4426 643 4490 regni
673 4423 791 4489 ejus
819 4423 1269 4475 constitutionem
1309 4430 1552 4474 enarrat.
1605 4420 1722 4474 Non
1774 4421 1917 4489 quod
1961 4438 2067 4475 non

491 4526 636 4569 esset
666 4530 781 4574 rex,
813 4513 906 4567 sed
948 4513 1094 4582 quod
1150 4514 1363 4567 servilis
1395 4513 1694 4577 humilitas,
1755 4529 1917 4582 quam
1976 4530 2068 4583 per

495 4609 924 4662 incarnationem
959 4605 1204 4659 subierat
1246 4603 1528 4665 Dominus,
1567 4605 1634 4659 ad
1681 4610 1883 4675 regiam
1923 4614 2069 4675 pote-

495 4710 688 4756 statem
728 4699 930 4752 assumi
998 4699 1242 4751 deberet.
1295 4696 1629 4752 Constitutus
1681 4715 1820 4760 sum,
1866 4701 2064 4766 inquit,

466 4851 468 4853 ,
495 4808 588 4846 rex
617 4791 679 4842 ab
709 4807 766 4842 eo
793 4805 946 4857 super
969 4789 1094 4841 Sion
1129 4797 1357 4840 montem
1380 4799 1624 4840 sanctum
1649 4788 1785 4857 ejus,
1821 4791 2065 4842 nuntians

489 4889 805 4948 prteceptum
844 4878 1058 4930 Domini
1086 4877 1150 4932 “.
1200 4876 1340 4946 Ergo
1381 4889 1433 4929 et
1469 4879 1692 4943 angelus
1720 4887 1773 4932 et
1811 4877 2064 4953 Verbum,

497 4976 733 5043 sigillum
771 4980 824 5025 et
859 4972 1060 5038 imago.
1092 4979 1145 5023 et
1175 4969 1355 5021 omnia
1390 4969 1656 5036 ejusmodi
1684 4970 1870 5022 eodem
1902 4985 2064 5023 sensu

494 5061 691 5114 dicitur
722 5059 814 5126 qui
847 5067 1126 5126 paternam
1159 5056 1456 5110 bonitatem
1494 5072 1590 5126 per
1615 5059 1853 5126 seipsum
1884 5069 2064 5112 notam

495 5150 641 5202 facit.
675 5147 908 5213 Quando
957 5148 1100 5201 enim
1139 5148 1368 5216 angelus
1404 5148 1628 5201 nuntius
1681 5148 1916 5215 alicujus
1958 5149 2067 5201 elli-

491 5243 671 5292 eitnr:
709 5239 961 5291 similiter
995 5236 1253 5302 Verbum,
1295 5239 1492 5292 mentis
1525 5238 1800 5291 notionem
1854 5238 2064 5291 involu-

491 5341 600 5385 tam
637 5331 870 5399 explieat
900 5345 913 5382 :
941 5338 994 5381 et
1021 5327 1256 5398 sigillum
1299 5329 1351 5381 in
1387 5330 1608 5399 propria
1649 5329 1822 5383 forma
1870 5330 2063 5383 arche—

493 5436 702 5491 typum,
735 5421 786 5474 id
820 5427 926 5482 est,
960 5420 1260 5488 principem
1299 5420 1550 5486 formam,
1581 5421 1956 5484 demonstrat,
2013 5430 2066 5476 et

495 5516 673 5580 imago
711 5513 831 5580 ejus
869 5511 964 5580 qui
1019 5509 1270 5578 depictus
1308 5519 1392 5565 est
1450 5511 1906 5581 pulchritudinem
1971 5528 2066 5582 per

493 5620 553 5658 se
584 5605 991 5674 interpretatur.
1024 5598 1100 5655 Ita
1134 5608 1193 5654 ut
1222 5602 1336 5656 hate
1368 5583 1551 5657 omnia
1579 5603 1889 5675 significatu
1925 5604 2066 5658 inter

570 5784 616 5816 ⁸³
651 5784 752 5839 lsa.
782 5799 870 5852 ix,
911 5785 964 5839 6.
1043 5784 1088 5816 ³³
1127 5782 1272 5839 Psal.
1312 5799 1373 5846 tt,
1408 5783 1466 5837 6..

2170 3327 2281 3379 τοῖς
2309 3325 2503 3394 ἐφεξῆς
2531 3325 2836 3378 ἐκδιδάσκει
2861 3324 3060 3392 λόγοις,
3076 3324 3150 3387 ὡς
3171 3325 3236 3376 ἂν
3257 3323 3506 3392 φανερῶς
3532 3322 3592 3374 τὸ
3615 3323 3754 3376 κατὰ

2169 3415 2259 3466 τὸν
2289 3417 2524 3488 Χριστὸν
2569 3415 2970 3486 προαγγελθείη
3020 3417 3316 3485 μυστήριον
3345 3429 3360 3444 ⁶
3392 3414 3479 3466 διὰ
3524 3415 3622 3484 μὲν
3660 3413 3754 3465 τοῦ

2171 3508 2423 3574 ἀγγέλου,
2456 3509 2549 3561 τὸν
2582 3508 2823 3579 ἑρμηνέα
2853 3508 2946 3560 τοῦ
2981 3506 3252 3578 πατρικοῦ
3289 3506 3626 3576 βουλήματος
3649 3507 3752 3558 Λό-

2171 3616 2266 3666 γον
2307 3600 2404 3670 τῆς
2432 3601 2654 3669 Γραφῆς
2690 3599 3080 3669 διδασκούσης’
3121 3599 3207 3651 διὰ
3247 3597 3303 3650 δὲ
3348 3601 3447 3666 τῆς
3479 3597 3571 3650 τοῦ
3601 3599 3752 3660 ὅντος

2173 3690 2539 3761 προσηγορίας
2558 3691 2657 3760 τὴν
2686 3691 2804 3742 κατ’
2828 3690 2958 3742 αὐτὸ
2984 3690 3043 3741 τὸ
3065 3685 3201 3741 εἶναι
3226 3688 3317 3742 τοῦ
3347 3687 3476 3740 Υίοῦ
3505 3687 3640 3759 πρὸς
3661 3687 3753 3738 τὸν

2173 3784 2392 3854 Πατέρα
2428 3784 2662 3852 φυσικὴν
2694 3784 3022 3852 οἰκειότητα.
3071 3783 3132 3834 Εἰ
3171 3781 3228 3832 δὲ
3272 3781 3364 3833 καὶ
3397 3782 3488 3834 τὸν
3530 3780 3751 3832 Ἡσαΐαν

2173 3874 2548 3948 προϐάλλοιτο,
2583 3875 2657 3938 ὡς
2709 3875 2929 3927 εἰπόντα
2974 3873 3256 3926 καλεῖσθαι
3291 3872 3351 3924 τὸ
3387 3872 3558 3942 ὄνομα
3586 3871 3750 3923 αὐτοῦ

2175 3967 2416 4038 μεγάλης
2448 3967 2642 4036 βουλῆς
2670 3966 2932 4034 ἄγγελον,
2965 3966 3084 4016 οὐδέ
3115 3963 3289 4026 οὕτως
3334 3962 3627 4033 ἀνατρέψει
3660 3963 3750 4014 τὸν

2172 4058 2438 4127 ἡμέτερον
2459 4058 2634 4123 λόγον.
2662 4056 2840 4123 Σαφὲς
2869 4056 2975 4125 γὰρ
3001 4057 3114 4106 ἐκεῖ
3140 4054 3233 4107 καὶ
3257 4054 3646 4124 ἀναντίρρητον
3673 4053 3748 4114 ὡς

2170 4151 2202 4219 ἡ
2237 4149 2376 4202 κατά
2405 4149 2465 4201 τὸ
2494 4146 2832 4219 ἀνθρώπινον
2855 4148 3133 4216 οἰκονομία
3164 4145 3250 4198 διὰ
3277 4147 3374 4215 τῆς
3413 4144 3748 4216 προφητείας

2172 4241 2514 4310 σημαίνεται.
2551 4240 2796 4293 Παιδίον
2838 4239 2964 4308 γὰρ,
3007 4239 3198 4309 φησιν,
3249 4238 3538 4306 ἐγεννήθη
3582 4237 3746 4306 ἡμῖν,

2171 4333 2269 4384 καὶ
2307 4331 2436 4394 Υἱὸς
2468 4331 2643 4397 ἐδόθη
2671 4331 2834 4398 ἡμῖν,
2867 4326 2936 4383 οὗ
2970 4331 3005 4396 ἡ
3029 4329 3182 4395 ἀρχὴ
3207 4328 3302 4380 ἐπὶ
3332 4326 3437 4379 τοῦ
3464 4327 3621 4393 ὤμου
3649 4328 3749 4378 αὺ-

2171 4423 2300 4485 τοῦ,
2336 4423 2436 4475 καὶ
2475 4421 2740 4474 καλεῖται
2779 4420 2844 4473 τὸ
2875 4420 3060 4487 ὄνομα
3082 4419 3267 4472 αὐτοῦ
3303 4418 3567 4486 μεγάλης
3597 4417 3748 4480 βου-

2170 4514 2287 4579 λῆς
2315 4514 2584 4582 ἄγγελος.
2615 4511 2756 4582 Πρὸς
2782 4511 2809 4563 ὃ
2838 4512 2930 4563 καὶ
2957 4513 3046 4562 τὸν
3081 4510 3246 4562 Δαϐὶδ
3280 4505 3430 4578 οἶμαι
3460 4508 3744 4578 βλέποντα,

2170 4608 2268 4676 τὴν
2309 4607 2405 4676 τῆς
2447 4605 2722 4676 βασιλείας
2761 4605 3092 4657 κατάστασιν
3142 4603 3465 4670 διηγεῖσθαι.
3509 4602 3619 4670 Οὐχ
3669 4600 3746 4664 ὡς

2169 4699 2268 4751 οὐκ
2298 4697 2447 4758 ὄντος
2476 4696 2757 4766 βασιλέως,
2781 4695 2894 4747 ἀλλ’
2926 4695 3001 4757 ὡς
3030 4696 3126 4764 τῆς
3151 4694 3400 4762 δουλικῆς
3427 4693 3744 4761 ταπεινότη-

2168 4807 2278 4852 τος,
2321 4791 2384 4858 ἧν
2430 4789 2632 4855 ὑπῆλθε
2675 4787 2792 4840 κατ’
2849 4786 3158 4852 οἰκονομίαν
3193 4787 3219 4836 6
3261 4785 3458 4854 Κύριος
3483 4824 3497 4845 ,
3532 4785 3610 4846 είς
3646 4785 3744 4852 τὴν

2168 4881 2265 4948 τῆς
2290 4879 2564 4949 βασιλείας
2586 4877 2741 4942 ἀξίαν
2768 4877 3184 4946 ἀναληφθείσης.
3210 4875 3594 4938 [Cataoniqu
3614 4874 3741 4943 γὰρ,

2169 4973 2321 5042 φησι,
2347 4971 2642 5035 βασιλεὺς
2665 4971 2765 5024 ὑπ’
2789 4969 2995 5030 αὐτοῦ,
3018 4969 3114 5021 ἐπὶ
3143 4968 3294 5021 Σιὼν
3325 4967 3461 5032 ὅρος
3488 4967 3552 5018 τὸ
3577 4966 3746 5034 ἅγιον

2168 5063 2374 5124 αὐτοῦ,
2401 5061 2767 5130 διαγγέλλων
2797 5062 2862 5112 τὸ
2892 5061 3242 5126 πρόσταγμα
3271 5059 3509 5125 Κυρίου.
3536 5053 3743 5108 Οὐκοῦν

2169 5155 2397 5223 ἄγγελός
2426 5171 2483 5205 τε
2515 5153 2607 5206 καὶ
2657 5153 2825 5215 Λόγος
2847 5195 2860 5215 ,
2913 5153 3141 5222 σφραγίς
3177 5167 3232 5202 τε
3283 5151 3375 5202 καὶ
3407 5150 3568 5200 εἰκὼν
3589 5188 3604 5211 ,
3650 5149 3744 5200 καὶ

2170 5245 2346 5297 πάντα
2368 5243 2435 5296 τὰ
2457 5242 2678 5295 τοιαῦτα
2709 5241 2848 5294 κατά
2877 5241 2974 5310 τὴν
3015 5241 3182 5302 αὐτὴν
3210 5240 3415 5290 ἔννοιαν
3448 5237 3686 5303 λέγεται,
3715 5238 3742 5286 6

2172 5332 2268 5399 τὴν
2308 5330 2579 5399 πατρικὴν
2619 5329 2927 5398 ἁγαοότητα
2964 5329 3028 5381 δι’
3057 5327 3247 5380 ἑαυτοῦ
3272 5325 3570 5396 γνωρίζων.
3615 5327 3740 5375 Ὅτε

2172 5425 2280 5490 γαρ
2329 5421 2588 5488 ἄγγελος,
2637 5423 2878 5491 μηνυτής
2926 5436 3067 5480 τινος
3099 5419 3330 5484 γίνεται·
3368 5418 3462 5471 καὶ
3505 5419 3534 5469 6
3575 5415 3741 5483 Λόγος

2173 5511 2432 5576 ὡσαύτως
2481 5511 2811 5565 ὲκκαλόπτει
2851 5512 2911 5563 τὸ
2952 5511 3265 5579 ἐγκείμενον
3315 5509 3512 5578 νόημα,
3567 5509 3659 5560 καὶ
3705 5508 3737 5578 ή

2176 5606 2410 5674 σφραγὶς
2439 5607 2494 5658 ἐν
2522 5605 2597 5673 τῷ
2626 5605 2739 5674 ἰδίῳ
2762 5603 2915 5672 τύπῳ
2948 5603 3008 5655 τὸ
3037 5602 3335 5672 ἀρχέτυπον
3363 5600 3621 5664 δείκνυσι,
3650 5599 3742 5652 καὶ
