4142 6374
362 336 468 396 873

1474 339 1747 396 CONTRA
1790 333 2178 405 EUNOMIUM,
2221 338 2352 394 LIB.
2388 340 2475 394 Xl.

3522 343 3629 401 δτι

361 459 396 525 ἡ
437 456 620 519 εἰκὼν,
673 457 731 508 τὸ
779 455 869 509 τοῦ
905 456 1375 522 ἀπεικονισθέντος
1415 459 1608 524 κάλλος
1645 461 1714 513 δι’
1771 458 1939 528 αὐτῆς

2053 474 2103 515 se
2133 461 2538 531 tequipolleaut.
2579 460 2661 516 0b
2695 477 2812 516 eam
2845 477 3067 517 causam
3114 463 3340 534 angelus
3381 465 3503 532 ejus
3529 465 3623 532 qui

363 546 654 619 ὒρμηνεύει
673 564 686 577 ·
710 547 784 610 ὡς
815 548 1149 618 ἰσοδυναμεῖν
1171 549 1343 602 ταῦτα
1373 551 1552 604 πάντα
1580 551 1657 622 τῷ
1684 568 1947 621 σημαινο-

367 638 517 709 μένῳ
558 637 695 707 πρὸς
726 638 949 706 ἄλληλα.
976 638 1074 692 Διά
1105 638 1262 692 τοῦτο
1289 639 1516 709 ἄγγελος
1545 641 1646 710 τῆς
1678 642 1770 695 τοῦ
1796 642 1946 706 ὄντος

366 730 677 800 ἐπωνυμίας
713 730 1095 800 προτέτακται.
1135 731 1364 799 ἄγγελος
1407 733 1504 802 μὲν
1539 732 1827 803 λεγόμενος
1871 734 1945 797 ὡς

369 821 607 893 μηνυτὴς
631 822 724 874 τοῦ
753 823 960 892 Πατρός
985 841 995 852 ·
1019 821 1093 875 ὣν
1116 822 1195 888 δὲ,
1230 824 1305 886 ὡς
1325 825 1424 876 οὐκ
1454 825 1592 894 ἔχων
1617 825 1786 896 ὄνομα
1806 843 1947 894 γνω-

367 912 607 982 ριστικδν
639 913 739 982 τῆς
779 914 964 976 οὐσίας
989 954 1004 975 ,
1045 913 1180 967 ἀλλὰ
1213 915 1392 985 πάσης
1427 916 1820 987 ὑπερκείμενος
1849 919 1946 984 τῆς

365 1005 729 1074 όνομαστικῆς
759 1005 1051 1076 σημασίας.
1085 1007 1175 1058 Διὸ
1208 1008 1302 1061 καὶ
1331 1007 1392 1060 τὸ
1418 1007 1588 1079 ὄνομα
1614 1009 1778 1062 αὐτοῦ
1805 1011 1947 1080 ὑπὲρ

367 1097 474 1146 πᾶν
517 1091 653 1148 εἶναι
687 1095 857 1166 ὄνομα
894 1097 1044 1166 παρὰ
1076 1097 1177 1167 τῆς
1219 1098 1314 1152 τοῦ
1366 1100 1686 1154 ’Λποστόλου
1724 1103 1945 1172 Γραφῆς

370 1188 804 1258 μεμαρτύρηται.
857 1192 968 1260 Οὐχ
1000 1191 1074 1254 ὼς
1116 1191 1175 1244 ’ἐν
1211 1209 1264 1244 τι
1316 1195 1786 1264 προτετιμημένον
1837 1195 1945 1246 τῶν

367 1277 568 1344 ἄλλων,
605 1279 718 1334 ἀλλ’
753 1281 828 1345 ὡς
873 1282 1011 1348 ὑπὲρ
1063 1285 1172 1336 πᾶν
1223 1284 1394 1340 ὄνομα
1442 1285 1592 1348 ὄντος
1640 1285 1732 1338 τοῦ
1779 1286 1946 1348 ὅντως

365 1370 537 1433 ὖντος.

450 1461 586 1513 Ἀλλ’
623 1461 735 1532 ὁρῶ
766 1464 874 1534 γάρ
909 1467 988 1529 εἰς
1027 1466 1264 1536 ἄμετρον
1305 1468 1406 1536 ἤδη
1461 1469 1550 1520 τὸν
1580 1468 1738 1536 λόγον
1776 1469 1954 1538 παρα-“

367 1554 694 1621 τεινόμενον,
723 1555 816 1608 καὶ
844 1556 1058 1610 δέδοικα
1091 1557 1150 1609 τὸ
1174 1557 1349 1610 δοκεῖν
1378 1559 1660 1629 ἀδόλεσχός
1692 1578 1776 1624 τις
1806 1559 1944 1614 εἶναι

367 1645 458 1697 καὶ⁸
492 1647 744 1716 περιττὸς
775 1648 874 1718 τὴν
903 1650 1105 1719 φωνὴν,
1148 1652 1228 1712 εἰς
1258 1649 1458 1720 πλῆθος
1486 1651 1816 1721 προαγαγὼν
1848 1652 1944 1724 τὴν

367 1736 702 1808 ἀντίρρησιν.
736 1740 926 1794 Καίτοι
960 1741 1130 1794 πολλὰ
1151 1743 1248 1813 τῆς
1277 1742 1364 1796 διὰ
1397 1743 1561 1813 μέσου
1583 1746 1822 1814 γραφίας
1847 1746 1942 1798 τοῦ

367 1827 660 1882 ἀντιπάλου
690 1830 1061 1902 παραδραμὼν
1088 1835 1408 1906 προμηθῶς,
1436 1836 1528 1889 τοῦ
1557 1838 1631 1908 μὴ
1657 1837 1792 1905 πρὸς
1819 1837 1946 1890 πολ-

367 1917 464 1981 λὰς
504 1919 648 1973 ἐπῶν
690 1923 954 1994 μυριάδας
1002 1925 1296 1994 ἐκταθῆναι
1340 1927 1432 1980 τὸν
1462 1929 1638 1996 λόγον.
1680 1931 1803 1992 Τοῖς
1837 1931 1946 2000 γὰρ

369 2008 821 2082 φιλοπονωτέροις
854 2015 948 2067 καὶ
974 2015 1033 2068 τὸ
1073 2016 1146 2087 μὴ
1177 2017 1438 2089 σύντομον
1458 2061 1472 2085 ,
1500 2020 1752 2091 διαϐολῆς
1797 2023 1947 2076 ἐστιν

367 2099 611 2170 ἀφορμή.
677 2103 765 2164 Ὠς
805 2103 922 2156 δέον
963 2103 1038 2175 μὴ
1079 2105 1212 2175 πρὸς
1251 2109 1348 2177 τὴν
1389 2111 1608 2178 χρείαν,
1643 2110 1778 2164 ἀλλά
1813 2112 1948 2182 πρὸς

367 2192 466 2262 τὴν
488 2193 596 2246 τῶν
635 2195 818 2266 ἀργῶν
844 2215 902 2250 τε
932 2199 1026 2252 καὶ
1062 2201 1344 2255 ἀσπούδων
1375 2202 1668 2272 ἐπιθυμίαν
1707 2204 1944 2274 βλέπειν,

367 2280 450 2348 οἷς
497 2286 563 2339 δι’
607 2289 772 2358 εὐχῆς
816 2294 994 2357 ἐστιν,
1029 2293 1228 2362 ὀλίγοις
1282 2295 1490 2366 βήμασι
1536 2295 1705 2349 πολλά
1749 2297 1817 2350 τὰ
1859 2298 1948 2352 διὰ

369 2377 470 2446 τῆς
521 2380 640 2433 ὀδοῦ
697 2381 949 2437 διανύειν.
1011 2385 1076 2437 Τί
1116 2383 1208 2440 οὖν
1262 2387 1368 2458 χρὴ
1415 2388 1677 2459 πράττειν
1719 2390 1948 2459 ἐφελκο-

372 2468 538 2539 μένης
591 2472 736 2541 ἡμᾶς
795 2475 885 2527 ἐπὶ
940 2480 999 2528 τὸ
1061 2479 1246 2548 πρόσω
1304 2479 1404 2548 τῆς
1460 2479 1844 2552 βλασφημίαςς
1913 2482 1946 2552 ἢ

369 2561 508 2630 τάχα
578 2566 830 2634 περιττόν
894 2568 1011 2620 ἐστι
1082 2570 1176 2622 καὶ
1237 2571 1406 2635 ὅντως
1483 2572 1768 2644 ἀδόλεσχον
1836 2577 1948 2638 τοῖς

368 2653 576 2720 ὁμοίοις
619 2655 726 2707 τῶν
779 2660 1222 2730 ἐπιχειρημάτων
1277 2662 1738 2731 ἐναγωνίζεσθαις
1791 2667 1948 2718 Πᾶσα

370 2743 478 2814 γάρ
523 2747 701 2799 αὐτῶν
744 2751 775 2819 ἡ
813 2751 1014 2824 σπουδὴ
1061 2753 1156 2805 καὶ
1205 2753 1344 2807 κατά
1400 2755 1491 2808 τὸν
1539 2755 1736 2825 ἐφεξῆς
1784 2757 1947 2810 αὐτοῦ

371 2834 527 2904 λόγον
563 2836 849 2907 σύμφωνος
891 2843 1004 2904 τοῖς
1050 2844 1542 2916 προεξητασμένοις
1580 2849 1746 2910 ἐστὶν,
1798 2849 1949 2902 οὐδὲν

371 2927 555 2980 καινὸν
601 2930 680 2991 είς
734 2933 1073 3002 κατασκευὴν
1125 2936 1277 3006 παρά
1333 2935 1400 2990 τὰ
1457 2938 1797 3008 προλαϐόντα
1841 2939 1950 2992 τῶν

372 3019 812 3091 ἐπιχειρημάτων
882 3024 1097 3094 ἔχουσα.
1151 3028 1211 3080 Εἰ
1281 3028 1458 3083 τοίνυν
1515 3031 1753 3102 ἔρρωται
1815 3035 1950 3103 ἡμῖν

1978 1807 2019 1860 Β

2047 560 2131 607 est
2162 553 2515 622 appellationi
2563 554 2888 624 praepositus
2949 554 3072 609 fuit.
3103 555 3344 624 Angelus
3401 555 3620 625 quidem

2046 646 2244 700 dicitur
2276 655 2533 717 tanquam
2583 647 2745 702 index
2779 656 2828 701 et
2896 648 3176 701 nuntiator
3231 647 3458 714 Patris;
3527 648 3624 717 qui

2045 745 2130 791 est
2156 748 2336 794 autem
2371 746 2429 792 ιιι
2457 755 2567 793 non
2602 739 2808 794 habens
2863 755 3084 805 nomen,
3127 740 3272 808 quod
3324 741 3623 794 essentiam

2046 831 2165 900 ejus
2198 840 2382 885 notam
2414 833 2601 896 faciat,
2636 832 2732 887 sed
2761 833 2853 901 qui
2891 833 2962 887 sit
2985 848 3154 902 supra
3195 848 3412 886 omnem
3447 831 3628 886 nomi-

2046 941 2176 979 num
2208 925 2652 993 signiﬁcattliam.
2679 923 2947 990 Quocirca
2981 932 3037 977 et
3071 939 3268 976 nomen
3301 921 3420 991 ejus
3458 935 3624 991 super

2046 1033 2208 1071 omne
2242 1031 2435 1070 nomen
2461 1031 2583 1070 esse
2610 1021 2678 1070 ab
2713 1016 2963 1086 Apostoli
3006 1015 3292 1084 Scriptura
3320 1013 3621 1068 conﬁrma-

2047 1116 2161 1160 tum
2190 1115 2292 1162 est.
2328 1106 2443 1161 Non
2473 1115 2530 1160 ut
2555 1124 2722 1162 unum
2754 1107 2882 1175 quid
2917 1107 3039 1160 aliis
3077 1108 3282 1160 honore
3313 1106 3622 1174 praelatum.

2049 1200 2144 1254 sed
2199 1199 2326 1269 quia
2376 1214 2542 1266 super
2580 1215 2743 1254 mnne
2791 1217 2986 1253 ttoutctt
3041 1210 3125 1253 est
3147 1199 3215 1260 ",
3250 1198 3339 1252 ille
3370 1196 3462 1267 qui
3501 1211 3627 1251 vere

2048 1298 2165 1346 est.

2119 1464 2222 1518 Sed
2254 1465 2412 1518 video
2446 1481 2530 1518 me
2557 1466 2612 1518 in
2651 1466 2974 1519 immensum
3012 1480 3321 1520 sermonem
3349 1464 3462 1532 jam
3492 1477 3622 1531 pro-

2047 1559 2288 1617 trahere.
2326 1573 2389 1611 ac
2421 1575 2612 1611 vereor
2646 1574 2712 1611 ne
2747 1558 2934 1611 videar
2972 1558 3228 1627 garrulus
3289 1556 3513 1626 quidam
3571 1561 3626 1608 et

2051 1657 2283 1718 nugator
2334 1664 2478 1712 esse,
2507 1656 2562 1703 et
2619 1648 2930 1718 superﬂuus
2964 1664 3117 1709 voce,
3181 1649 3233 1700 in
3291 1646 3508 1700 turbam
3542 1645 3629 1699 ni-

2048 1740 2215 1794 mium
2267 1741 2532 1808 producta
2592 1740 3047 1793 contradictione.
3116 1744 3400 1801 Attamen,
3457 1736 3625 1790 multa

2048 1849 2172 1902 quae
2207 1831 2411 1901 passim
2462 1831 2812 1886 adversarius
2873 1832 2926 1884 in
2976 1831 3198 1900 scriptis
3233 1829 3448 1894 inserit,
3494 1842 3627 1882 con-

2051 1928 2200 1982 sulto
2228 1924 2576 1994 praetermisi.
2628 1941 2696 1979 ne
2735 1925 2788 1978 in
2828 1939 3018 1978 versus
3047 1923 3475 1976 innumerabiles
3505 1934 3626 1976 ser-

2047 2033 2137 2071 mo
2171 2016 2575 2071 extenderetur.
2607 2017 2739 2069 Nam
2768 2018 2860 2085 qui
2887 2016 3106 2084 quidem
3145 2015 3534 2069 laboriosiores
3574 2021 3629 2068 et

2050 2109 2223 2176 magis
2253 2109 2534 2169 industrii.
2567 2109 2714 2178 quod
2763 2125 2870 2162 non
2898 2107 3185 2162 concisum
3241 2114 3326 2160 est
3353 2115 3407 2160 et
3439 2106 3626 2169 breve,

2047 2201 2103 2254 in
2139 2201 2468 2254 calumniam
2496 2207 2738 2261 vertunt,
2784 2201 2854 2252 ita
2891 2206 2948 2251 ttt
2984 2205 3234 2267 oporteat
3285 2211 3390 2250 non
3437 2194 3504 2250 ad
3533 2209 3630 2248 ne-

2048 2293 2381 2358 cessitatem,
2411 2293 2504 2347 sed
2537 2292 2604 2346 ad
2638 2293 2940 2346 otiosorum
2967 2300 3020 2344 et
3056 2290 3310 2343 inertimn
3353 2287 3628 2358 cupidita—

2050 2393 2158 2438 tem
2195 2385 2489 2450 respicere,
2520 2384 2724 2453 quibus
2751 2398 2848 2452 per
2869 2391 3056 2436 votum
3090 2382 3218 2434 licet
3244 2381 3432 2450 paucis
3454 2378 3631 2449 passi-

2048 2473 2153 2528 bus
2189 2475 2407 2540 longum
2445 2473 2548 2526 iter
2579 2471 2868 2540 perﬁcere.
2910 2469 3053 2536 Quid
3117 2471 3284 2538 igitur
3335 2470 3627 2541 agendum,

2051 2580 2176 2617 cum
2205 2582 2303 2618 nos
2320 2581 2468 2634 pror-
2484 2581 2574 2618 utn
2595 2565 2777 2618 trahat
2799 2563 3173 2632 blasphemia?
3189 2563 3271 2615 An
3293 2561 3530 2615 fortasse
3546 2575 3634 2614 su-

2050 2674 2448 2728 pervacaneum
2471 2666 2554 2712 est
2593 2668 2646 2712 et
2667 2658 3014 2726 nugatorium
3038 2655 3310 2709 similibus
3343 2668 3633 2724 argumen-

2049 2750 2352 2806 tationibus
2400 2749 2774 2804 contendere?
2817 2747 2990 2802 Omne
3033 2749 3180 2802 enim
3218 2746 3462 2815 ipsorum
3520 2751 3634 2798 stu-

2050 2842 2200 2896 dium
2233 2851 2287 2897 et
2332 2843 2386 2896 itt
2417 2842 2503 2897 his
2528 2857 2648 2911 quae
2686 2841 2944 2909 deinceps
3004 2846 3331 2908 sequuntur,
3368 2837 3455 2890 his
3508 2851 3633 2906 quae

2050 2935 2203 3004 prius
2235 2934 2541 2989 examinata
2567 2943 2618 2987 et
2650 2931 2941 3000 disquisita
3001 2937 3152 2992 sunt,
3194 2936 3624 2983 consentaneum

2050 3038 2136 3084 cst
2161 3037 2216 3083 et
2245 3043 2571 3092 consonum,
2608 3027 2742 3079 nihil
2791 3026 2917 3078 novi
2979 3025 3187 3079 habens
3242 3022 3310 3076 ad
3347 3021 3635 3092 probatio-

345 3112 404 3180 “ἡ
461 3111 567 3164 τῶν
626 3115 1059 3182 προεκτεθέντων
1104 3117 1416 3190 ἀνατροπὴ,
1470 3121 1858 3192 καταλίπωμεν
1912 3120 1948 3175 ἃ

2055 3136 2177 3175 nem
2207 3120 2453 3190 priorum
2514 3127 2958 3190 argumentorum
3002 3125 3195 3186 prseter
3227 3111 3632 3168 antecedentia.

371 3205 483 3266 τοῖς
533 3205 1024 3276 προεξητασμένοις
1058 3193 1587 3280 ’συναπελήλεγκταα
1631 3213 1690 3265 El
1739 3213 1795 3266 δὲ
1839 3217 1952 3277 τοῖς

372 3295 667 3364 ἐριστικοῖς
735 3299 829 3350 καὶ
893 3300 1204 3364 ἀντιτύποις
1276 3305 1332 3354 ἐν
1389 3302 1467 3372 τῷ
1527 3305 1842 3375 παρειμένῳ
1893 3305 1954 3359 τὸ

375 3385 664 3454 κράτιστον
726 3382 863 3440 εἶναι
911 3388 1058 3443 δοκεῖ
1081 3434 1093 3454 ,
1150 3393 1445 3459 ἀναγκαῖον
1501 3395 1566 3446 ἂν
1616 3394 1700 3462 εἴη
1749 3395 1952 3449 τούτων

373 3474 558 3529 ἕνεκεν
589 3476 675 3530 διὰ
708 3478 954 3549 βραχέων
999 3482 1318 3554 ἐπιδραμεῖν
1349 3485 1410 3537 τὸ
1441 3487 1750 3543 ὑπόλοιπον.
1791 3489 1953 3556 Λέγει

377 3566 452 3635 μὴ
481 3562 618 3620 εἶναι
647 3567 736 3621 τὸν
779 3569 984 3641 Κύριον
1015 3573 1120 3645 πρὸ
1142 3575 1240 3644 τῆς
1271 3574 1406 3639 ἰδίας
1433 3578 1758 3648 γεννήσεως,
1791 3581 1820 3631 ὁ
1853 3597 1956 3650 μη-

373 3654 488 3708 δενδ⁹
533 3657 627 3710 τοῦ
691 3660 903 3731 Πατρός
966 3663 1130 3714 αὑτὸν
1186 3663 1553 3736 διειργόμενον
1598 3669 1954 3724 ἐπιδεικνύειν

375 3741 532 3812 ἔχων.
587 3747 696 3799 Καὶ
725 3747 882 3800 τοῦτό
913 3767 1096 3818 φησιν,
1134 3752 1236 3804 οὐκ
1283 3755 1392 3808 ἀπὸ
1424 3756 1645 3826 Γραφῆς
1677 3759 1768 3811 τὸν
1799 3759 1956 3827 λόγον

377 3835 754 3906 πιστούμενος,
783 3838 896 3891 ἀλλ’
922 3841 984 3893 ἐκ
1006 3842 1113 3893 τῶν
1147 3843 1292 3896 ἰδίων
1315 3845 1589 3917 λογισμῶν
1618 3851 1957 3903 κατασκευά-

377 3923 486 3987 ζων
514 3927 574 3979 τὸ
605 3929 813 3999 λῆμμα.
854 3932 1024 3987 Τοῦτο
1060 3934 1116 3986 δὲ
1145 3937 1320 3990 κοινὸν
1351 3939 1486 4010 πρὸς
1516 3939 1734 3996 ἅπαντα
1762 3943 1830 3996 τὰ
1858 3944 1957 4014 τῆς

377 4018 606 4082 κτίσεως
653 4022 1028 4078 ἀποδέδεικται
1063 4027 1224 4100 μέρη.
1276 4030 1351 4082 Οὐ
1393 4030 1680 4103 βάτραχος,
1712 4035 1773 4087 οὐ
1818 4036 1957 4088 σκώ-

377 4109 496 4181 ληξ,
528 4113 586 4164 ού
621 4113 907 4185 κάνθαρος,
943 4119 1004 4169 οὐ
1038 4118 1164 4182 πόα,
1210 4122 1308 4174 οὐκ
1340 4123 1569 4184 ἄκανθα.
1616 4126 1715 4178 οὐκ
1750 4127 1877 4180 ἄλλο
1903 4145 1956 4180 τι

374 4201 485 4254 τῶν
513 4203 906 4258 εὐτελεστάτων
935 4209 1040 4281 πρὸ
1061 4209 1161 4279 τῆς
1190 4211 1323 4274 ἰδίας
1349 4215 1658 4278 συστάσεως
1678 4213 1764 4287 ἦν,
1794 4217 1956 4270 Ὥστε

374 4295 513 4366 ὅπερ
538 4296 626 4350 διὰ
658 4297 759 4368 τῆς
783 4297 1006 4370 λογικῆς
1031 4303 1376 4372 τεχνολογίας
1425 4305 1516 4358 ἐπὶ
1561 4306 1656 4359 τοῦ
1691 4308 1820 4360 Υίοῧ
1862 4311 1957 4362 σὺν

375 4388 564 4460 ἱδρῶτι
599 4391 690 4443 καὶ
723 4391 869 4461 πόνῳ
915 4395 1332 4460 κατασκευάζει,
1379 4396 1540 4450 τοῦτο
1584 4399 1678 4451 καὶ
1724 4399 1815 4452 ἐπι
1848 4400 1957 4452 τῶν

2055 3211 2113 3266 Si
2150 3211 2314 3282 igitur
2363 3210 2517 3264 ﬁrma
2572 3210 2730 3264 nobis
2769 3219 2856 3263 est
2909 3215 2963 3261 et
3027 3207 3205 3260 valida
3267 3219 3456 3259 eorum
3513 3219 3636 3274 qua:

2054 3304 2210 3373 prius
2239 3303 2488 3372 exposita
2518 3310 2647 3357 sunt
2681 3303 2914 3358 eversio.
2973 3299 3359 3369 reliquerimus
3388 3311 3453 3352 ea
3513 3310 3636 3366 quae

2053 3411 2178 3449 cum
2212 3396 2297 3449 his
2327 3409 2448 3466 qua!
2478 3401 2605 3448 ante
2653 3392 2876 3446 fuerunt
2904 3391 3212 3460 disquisita,
3265 3405 3328 3443 ac
3379 3387 3630 3443 refutata.

2053 3482 2211 3551 Quod
2270 3484 2316 3540 si
2374 3482 2737 3538 contentiosis
2789 3489 2845 3534 et
2899 3479 3234 3534 refractariis
3281 3480 3440 3532 ineo
3488 3477 3634 3546 quod

2056 3573 2481 3644 praetermissum
2511 3581 2612 3633 est.
2645 3570 3082 3626 valentissimum
3117 3569 3244 3636 quid
3276 3574 3329 3620 et
3366 3566 3634 3634 potentis-

2055 3667 2253 3721 simum
2319 3681 2440 3719 esse
2494 3665 2729 3722 videtur.
2787 3661 3159 3718 necessarium
3218 3658 3383 3713 fuerit
3435 3657 3633 3712 horum

2055 3775 2222 3815 causa
2263 3758 2410 3828 quod
2449 3765 2614 3812 restat
2650 3757 2839 3828 paucis
2887 3768 3231 3824 percurrere.
3274 3756 3413 3812 Dicit
3454 3749 3634 3804 Domi-

2056 3867 2185 3906 num
2219 3865 2327 3905 non
2367 3850 2536 3904 fuisse
2569 3857 2696 3903 ante
2727 3863 2880 3901 suam
2904 3845 3334 3916 generationem.
3365 3843 3457 3913 qui
3483 3842 3634 3897 nulla

2057 3959 2114 3998 re
2147 3959 2176 3997 a
2241 3936 2406 3997 Patre
2461 3939 2766 3996 disclusum
2823 3950 2947 3991 esse
3005 3937 3385 3991 demonstrare
3429 3942 3632 4005 potest.

2057 4037 2122 4091 Et
2152 4038 2254 4092 hoc
2308 4035 2506 4090 asserit
2537 4048 2646 4087 non
2677 4047 2742 4086 ex
2777 4029 3062 4098 Scriptura
3090 4041 3396 4082 sermonem
3429 4025 3633 4081 conﬁr-

2055 4143 2234 4191 mans,
2249 4126 2343 4180 sed
2366 4141 2430 4180 ex
2453 4124 2686 4193 propriis
2712 4120 3020 4175 rationibus
3053 4129 3328 4187 sumptum
3355 4127 3635 4172 astruens.

2057 4219 2172 4274 Hoc
2204 4229 2384 4273 autem
2415 4232 2539 4272 esse
2572 4228 2862 4269 commune
2893 4226 3018 4265 cum
3053 4211 3312 4265 omnibus
3365 4217 3637 4264 creaturae

2056 4312 2304 4383 partibus
2333 4311 2768 4364 demonstratum
2799 4311 2918 4361 est:
2950 4319 3058 4358 non
3090 4318 3246 4368 rana,
3277 4319 3385 4356 non
3411 4302 3634 4363 vermis.

2056 4423 2165 4462 non
2195 4405 2511 4464 scarabeus.
2547 4417 2654 4455 non
2687 4399 2877 4461 herba,
2930 4412 3038 4451 non
3075 4395 3254 4466 spina,
3313 4411 3422 4451 non
3487 4395 3634 4448 aliud

375 4483 642 4561 τυχόντων
672 4485 770 4553 τῆς
802 4484 1032 4550 κτίσεως
1066 4488 1268 4558 μορίων
1304 4490 1774 4560 προωμολόγηται,
1809 4494 1899 4545 καὶ
1929 4495 1951 4545 ὁ

2058 4512 2246 4553 eorum
2285 4511 2406 4566 quae
2436 4495 2490 4548 in
2522 4507 2704 4548 rerum
2745 4499 2948 4544 natura
2998 4496 3128 4544 sunt
3169 4487 3462 4551 vilissima,
3510 4493 3639 4540 ante

377 4574 544 4637 πολύς
572 4577 683 4628 ἐστι
715 4577 872 4640 πόνος
899 4577 975 4648 τῷ
1001 4579 1343 4651 λογογράφῳ,
1377 4580 1545 4646 δεῖξαι
1570 4585 1682 4645 τοῖς
1705 4583 1954 4653 ἐσχάτοις

375 4662 485 4717 τῶν
512 4665 569 4716 ἐν
601 4669 664 4736 τῇ
697 4666 868 4719 κτίσει
897 4667 987 4719 τὸν
1033 4669 1296 4738 μονογενῆ
1340 4669 1470 4722 Θεὸν
1515 4673 1572 4724 ἐν
1603 4674 1668 4742 τῇ
1697 4674 1953 4743 κοινωνίᾳ

375 4755 484 4807 τῶν
518 4755 818 4825 ἰδιωμάτων
855 4758 1135 4827 ὁμότιμον.
1181 4759 1391 4844 Οὐὶιοῦν
1442 4763 1623 4814 ἱκανὸν
1653 4765 1954 4833 τεκμήριον

373 4847 469 4900 τοῦ
501 4849 684 4912 κακῶς
733 4850 930 4914 αὐτοὺς
981 4851 1109 4922 περὶ
1154 4852 1260 4903 τῶν
1293 4853 1579 4922 δογμάτων
1608 4858 1843 4925 φρονεῖν,
1895 4855 1956 4908 τὸ

377 4938 694 5008 συμϐαίνειν
722 4941 902 5004 αὐτοῖς
925 4941 1020 5004 τὰς
1049 4943 1346 5014 ὑπολήψεις
1371 4946 1468 5016 τήν
1493 4963 1552 4997 τε
1579 4946 1707 5015 περὶ
1733 4947 1826 4998 τοῦ
1862 4964 1956 5016 μο-

375 5032 625 5099 νογενοῦς
651 5031 808 5093 Θεοῦ,
838 5033 933 5085 καὶ
962 5033 1058 5103 τὴν
1083 5035 1209 5103 περὶ
1237 5035 1334 5105 τῆς
1358 5035 1465 5088 τῶν
1497 5036 1782 5107 βατράχων
1813 5038 1980 5105 γενέ-τ

374 5141 534 5187 σεως.
579 5120 712 5177 Εἷτὰ
784 5142 949 5196 φησιν
1001 5122 1115 5180 ῐσον
1152 5126 1293 5180 κατὰ
1323 5127 1578 5198 ἀλήθειαν
1609 5131 1700 5183 καὶ
1727 5131 1954 5201 δύναμιν

373 5217 450 5284 τῷ
480 5217 773 5288 ἀγέννητον
807 5218 882 5289 μὴ
926 5213 1086 5282 εἶναι,
1117 5220 1179 5272 τὸ
1214 5221 1320 5292 πρὸ
1343 5222 1648 5292 γεννήσεως
1685 5223 1758 5294 μὴ
1791 5219 1951 5277 εἶναι.

378 5307 544 5360 Πάλιν
573 5310 602 5361 ό
649 5309 809 5372 αὐτὸς
844 5309 1071 5380 ἁρμόσει
1111 5311 1203 5372 καὶ
1251 5312 1389 5382 πρὸς
1431 5313 1589 5365 τοῦτό
1637 5331 1726 5384 μοι
1776 5313 1956 5388 λόγος,

370 5399 455 5451 ὃτι
494 5399 589 5452 καὶ
625 5401 718 5453 ἓιπλ¹
755 5400 913 5464 κυνὸς
957 5402 1051 5454 καὶ
1094 5401 1293 5474 ψύχης,
1331 5406 1422 5458 καὶ
1453 5405 1648 5473 ὖφεως,
1683 5407 1776 5458 καὶ
1805 5409 1954 5460 οὑτι-

377 5488 564 5540 νοσοῦν
592 5490 699 5543 τῶν
727 5493 989 5562 ἐσχάτων,
1020 5495 1082 5547 τὸ
1109 5491 1224 5549 ἴσον
1254 5496 1424 5550 εἰπών
1457 5515 1539 5562 τις
1578 5499 1676 5568 οὐχ
1707 5500 1958 5570 ἁμαρτή-

381 5597 549 5634 σεται.
602 5584 859 5658 Ἐπείπερ
901 5581 1020 5639 ⁷[σον
1050 5588 1190 5644 κατά
1220 5589 1474 5660 ἀλήθειαν
1511 5593 1603 5645 καὶ
1627 5591 1855 5663 δύναμιν
1881 5592 1958 5663 τῷ

487 5765 531 5796 ’⁸
573 5763 803 5834 Philipp.
845 5781 905 5829 ll,
947 5767 1001 5822 9.

665 5866 935 5925 ΡΑτιιοι.
970 5865 1086 5926 Gn.
1133 5865 1324 5926 XLV.

2060 4603 2213 4644 suam
2245 4585 2694 4643 constitutionem
2744 4580 3044 4651 quidquam
3086 4586 3222 4634 erat.
3277 4576 3458 4643 Quare
3491 4575 3637 4646 quod

2061 4677 2364 4734 disserendi
2399 4674 2652 4736 artiﬁcio,
2689 4672 2746 4727 in
2776 4670 2915 4725 Filio
2942 4685 3066 4724 cum
3102 4668 3306 4724 sudore
3335 4676 3389 4720 et
3450 4667 3638 4721 labore

2061 4781 2308 4825 astruere
2341 4768 2555 4830 nititur,
2587 4766 2688 4820 hoc
2719 4765 2881 4818 etiam
2911 4764 2964 4816 in
3002 4760 3338 4830 quibuslibet
3370 4769 3638 4814 creatura:

2060 4862 2408 4935 portionibus
2447 4868 2574 4914 ante
2602 4872 2924 4913 concessum
2975 4865 3078 4914 est,
3133 4854 3447 4921 multusque
3484 4851 3640 4904 labor

2061 4966 2145 5012 est
2171 4955 2298 5010 huic
2331 4951 2710 5020 scriptitatori.
2746 4956 2806 5002 ιιι
2833 4947 3087 5002 ostendat
3134 4945 3334 5000 inﬁmis
3368 4946 3639 4998 creaturis

2064 5045 2402 5114 unigenitum
2446 5041 2615 5095 Deum
2668 5038 3064 5108 proprietatum
3120 5037 3506 5089 communione
3559 5052 3635 5087 m-

2063 5139 2276 5208 qualetn
2310 5150 2454 5190 esse.
2507 5131 2873 5198 Quamobrem
2931 5128 3303 5183 certissimum
3356 5134 3441 5182 est
3496 5126 3640 5179 indi-

2059 5231 2228 5293 cium,
2261 5227 2325 5282 de
2361 5226 2594 5280 decretis
2634 5224 2785 5291 ipsos
2840 5220 2980 5274 male
3023 5220 3248 5283 sentire,
3303 5219 3446 5289 quod
3502 5217 3638 5286 ipsis

2060 5321 2260 5376 eaedem
2289 5317 2576 5387 opiniones
2603 5312 2853 5366 accidant
2871 5319 2924 5364 ct
2953 5311 3019 5365 de
3047 5311 3330 5382 unigenito
3357 5311 3468 5365 Deo
3497 5318 3550 5364 et
3569 5310 3637 5362 de

2060 5424 2318 5466 ranarum
2344 5404 2710 5478 generatione.
2742 5400 2945 5456 Deinde
2987 5402 3063 5455 ait
3103 5399 3244 5454 idem
3278 5415 3402 5456 esse
3440 5415 3639 5455 secun-

2059 5502 2190 5557 dum
2231 5500 2512 5554 veritatem
2560 5503 2614 5548 et
2652 5493 2950 5564 potentiam
3001 5492 3306 5562 ingenitum
3341 5507 3450 5547 non
3490 5507 3635 5553 esse,

2057 5604 2114 5650 et
2137 5599 2266 5648 ante
2294 5585 2700 5662 generationem
2731 5598 2840 5638 non
2871 5598 3014 5638 esse.
3051 5582 3267 5638 Rursus
3301 5583 3426 5638 huic
3469 5583 3635 5636 etiam

3222 5861 3302 5918 28
