4142 6374
523 348 627 404 8'75

1721 358 1779 414 S.
1817 356 2146 418 GREGORH
2184 361 2228 417 Ν
2236 359 2470 419 YSSENI

3668 365 3775 423 875

521 469 710 524 exulem
745 469 1036 539 quadrabit
1069 472 1236 540 ratio,
1273 475 1415 546 quod
1451 475 1612 532 etiam
1648 479 1700 533 in
1734 496 1870 536 cane
1914 491 1968 537 et
1998 499 2093 554 pa-

2211 485 2485 556 ἱγέννητον
2517 486 2591 556 μὴ
2621 480 2760 540 εἶναι
2789 487 2878 540 τὸν
2907 487 3062 554 κύνα,
3093 488 3153 541 τὸ
3186 489 3291 559 πρὸ
3332 489 3433 558 τῆς
3468 488 3776 558 γεννήσεως

521 559 727 628 pilione
763 568 817 614 et
849 570 1123 631 serpente,
1170 572 1224 618 et
1253 564 1308 618 in
1336 568 1581 636 quolibet
1630 569 1938 626 inﬁmorum
1973 574 2092 627 ani-

520 650 768 714 malium,
804 652 945 706 idem
979 654 1024 708 si
1058 654 1184 723 quis
1209 656 1428 722 dixerit,
1457 675 1562 713 non
1581 662 1807 724 errabit,
1840 666 2092 732 quando-

517 741 735 810 quidem
771 743 912 797 idcm
948 756 1032 800 est
1060 749 1360 802 secundum
1393 751 1675 805 veritatem
1707 761 1759 806 et
1791 756 2088 823 potentiam

518 849 640 887 cum
681 849 746 888 eo
775 837 918 904 quod
947 846 1030 890 est
1055 853 1243 894 canem
1275 857 1382 896 non
1414 843 1711 912 ingenitum
1745 860 1887 906 esse,
1911 847 2088 915 ipsum

519 939 627 977 non
659 941 780 979 esse
813 936 938 981 ante
996 931 1418 998 generationem.
1478 932 1632 998 Quod
1701 935 1744 989 si
1787 937 2088 990 secundum

521 1015 761 1085 ipsorum
794 1017 1188 1082 deﬁnitionem,
1223 1037 1385 1089 quam
1429 1024 1617 1078 multis
1655 1025 1706 1077 in
1747 1024 1885 1079 locis
1913 1026 2091 1079 deter-

522 1105 819 1168 minarunt,
865 1122 1204 1178 quacunque
1254 1112 1649 1180 proprietatum
1687 1112 1889 1168 habent
1941 1131 2088 1167 com-

2197 579 2357 630 αὐτὸν
2389 578 2462 649 μὴ
2497 574 2658 632 εἶναι.
2705 579 2766 630 El
2793 579 2848 632 δὲ
2878 580 3018 633 κατὰ
3047 580 3136 633 τὸν
3169 581 3447 650 διορισμὸν
3484 579 3682 641 αὐτῶν,
3710 581 3771 632 ὃν

2199 670 2440 739 πολλαχῆ
2472 671 2809 742 διωρίσαντο,
2857 673 2956 723 ὅσα
2999 674 3247 725 κοινωνεῖ
3287 671 3396 723 τῶν
3447 671 3771 740 ἰδιωμάτων,

2196 765 2441 814 κοινωνεί
2476 765 2569 816 καὶ
2595 763 2694 833 τῆς
2743 764 2956 832 φύσεως
2995 779 3009 792 ·
3065 764 3194 817 ἴδιον
3239 764 3452 817 καὶτοῦ
3488 764 3646 825 κυνὸς
3682 766 3773 815 καὶ

2194 851 2302 903 τῶν
2350 851 2470 904 καθ’
2517 853 2742 904 ἕκαστον
2790 854 2852 905 τὸ
2893 853 2998 922 πρὸ
3050 853 3140 906 τοῦ
3183 854 3435 922 γενέσθαι
3491 854 3564 923 μὴ
3611 849 3772 905 εἷναι·

2199 937 2335 1007 ὅπερ
2373 937 2466 990 καὶ
2496 937 2588 991 ἐπὶ
2621 937 2713 991 τοῦ
2754 943 2882 995 Υἱοῦ
2912 944 3337 1009 κατασκευάζειν
3364 945 3533 998 οἴεται
3554 947 3768 1016 χρῆναι·

2195 1031 2254 1083 τὺ
2285 1032 2602 1102 λειπόμενον
2648 1034 2746 1103 τῆς
2794 1037 3138 1106 κατασκευῆς
3171 1037 3199 1088 ὁ
3231 1037 3506 1109 ἀκροατὴς
3556 1037 3773 1100 πάντως

2196 1125 2259 1175 ἐκ
2283 1124 2378 1176 τοῦ
2408 1125 2698 1178 ἀκολούθου
2733 1127 3046 1196 κατόψεται.

523 1199 865 1263 munionem,
923 1201 1087 1255 etiam
1119 1211 1327 1256 natura:
1362 1207 1799 1259 communionem
1863 1208 2084 1272 habent,
2127 1218 2408 1285 proprium
2451 1220 2614 1274 etiam
2643 1222 2798 1274 canis
2831 1231 2886 1274 et
2952 1222 3294 1290 singulorum
3365 1222 3596 1277 aliorum
3646 1233 3771 1278 ante

524 1293 928 1362 generationem
965 1310 1074 1349 non
1100 1311 1256 1350 esse:
1293 1297 1436 1366 quod
1468 1299 1628 1351 etiam
1669 1299 1724 1352 in
1765 1297 1903 1354 Filio
1976 1309 2331 1362 astruendum
2397 1327 2519 1365 esse
2589 1316 2926 1368 arbitratur:
2959 1316 3230 1385 reliquum
3283 1319 3768 1387 argumentationis

525 1385 743 1438 auditor
776 1387 935 1455 plane
968 1399 1034 1439 ex
1064 1389 1454 1456 consequentia
1482 1388 1811 1458 conspiciet.

601 1480 704 1532 Sed
736 1480 909 1548 magis
959 1480 1233 1534 moderate
1266 1482 1528 1550 loquitur,
1585 1484 1942 1540 humanitatis
1986 1487 2088 1539 ali-

525 1571 656 1641 quid
686 1571 735 1625 ei
779 1572 1048 1637 tribuens,
1095 1583 1148 1625 et
1183 1574 1295 1628 ait:
1331 1573 1455 1629 Non
1497 1575 1667 1629 solum
1711 1587 1877 1630 entem
1910 1587 1961 1631 et
1998 1596 2092 1632 su-

523 1678 616 1732 per
663 1663 840 1716 omnia
868 1665 1011 1718 entia
1064 1662 1266 1718 Filium
1325 1682 1437 1720 esse
1490 1667 1714 1721 dicimus
1747 1686 1765 1721 :
1801 1671 1891 1738 qui
1932 1671 2094 1738 paulo

526 1759 686 1808 antea
720 1755 898 1823 ipsum
932 1755 1000 1808 ab
1033 1756 1176 1810 entis
1209 1757 1426 1813 nomine
1448 1757 1714 1830 disjungit
1739 1777 1754 1814 :
1779 1763 1873 1814 sed
1903 1770 1951 1814 et
1989 1760 2097 1815 Do-

2282 1491 2437 1544 Ἀλλα
2475 1492 2609 1562 πρὸς
2659 1493 2720 1546 τὸ
2768 1494 3129 1566 μετριώτερον
3173 1497 3396 1566 μετάγει
3445 1500 3535 1552 τὸν
3593 1500 3766 1569 λόγον,

2198 1580 2376 1651 νέμων
2407 1599 2458 1634 τι
2487 1586 2580 1637 καὶ
2610 1585 3014 1656 φιλανθρωπίας
3051 1587 3217 1658 αὐτῷ,
3276 1587 3370 1641 καὶ
3433 1592 3596 1658 φησίν
3622 1609 3636 1624 ο
3684 1595 3766 1645 Οὐ

2194 1675 2384 1742 μόνον
2413 1675 2556 1728 ὄντα
2584 1677 2679 1730 καὶ
2709 1676 2860 1744 ὑπὲρ
2895 1676 3090 1730 πάντα
3119 1679 3190 1733 τὰ
3222 1679 3367 1732 ὄντα
3392 1679 3587 1747 φαμὲν
3613 1677 3764 1734 εἶναι

2201 1763 2307 1818 τὸν
2339 1767 2498 1819 Υίόνο
2551 1766 2580 1817 ὁ
2636 1763 2828 1833 μικρὸν
2887 1770 2944 1820 ἐν
2969 1771 3082 1832 τοῖς
3110 1770 3338 1823 κατόπιν
3370 1770 3467 1840 τῆς
3498 1769 3590 1822 τοῦ
3617 1772 3766 1834 ὖντος

527 1846 729 1897 minum
762 1847 965 1914 ipsum,
997 1847 1206 1915 inquit,
1247 1858 1297 1900 et
1339 1849 1574 1917 opiﬁcem
1618 1860 1664 1902 et
1709 1849 1875 1902 Deum
1926 1852 2092 1904 omnis

2211 1856 2508 1925 επωνυμίας
2531 1855 2692 1909 αὐτὸν
2715 1857 3103 1929 ἀποσχοινίζων
3127 1874 3140 1889 ⁸
3197 1856 3359 1912 ἀλλὰ
3409 1855 3506 1912 καί
3548 1862 3770 1926 Κύριον

527 1934 791 1987 sensibilis
845 1945 892 1988 et
946 1935 1296 2006 intelligibilis
1341 1937 1587 1991 essentia:
1622 1939 1867 1992 dicimus.
1921 1939 2095 2005 Quam

529 2026 658 2094 quid
684 2042 805 2082 esse
833 2027 1111 2081 autumat?
1135 2029 1383 2081 Creatam
1409 2045 1529 2083 esse
1556 2031 1636 2084 vel
1664 2032 1962 2084 increatam
1986 2032 2008 2084 ?
2041 2030 2100 2084 Si

529 2119 674 2172 enim
725 2119 905 2174 omnis
960 2121 1316 2188 intelligibilis
1377 2123 1628 2176 essentia:
1687 2122 1976 2176 Dominum
2048 2133 2102 2177 et

530 2208 697 2264 Deum
726 2217 780 2263 et
818 2211 1064 2280 opiﬁcem
1105 2228 1225 2267 esse
1252 2211 1433 2268 Jesnm
1484 2214 1776 2268 conﬁtetur
1803 2256 1816 2277 ,
1873 2229 2099 2270 necesse

530 2309 616 2358 est
654 2304 876 2358 omnino
929 2305 974 2359 si
1029 2305 1170 2358 hanc
1217 2307 1349 2360 dicit
1387 2323 1508 2362 esse
1569 2308 1887 2370 increatam,
1926 2309 2100 2377 ipsum

533 2395 771 2452 mentiri.
801 2397 894 2466 qui
922 2406 1134 2452 natura:
1156 2398 1411 2453 increatte
1437 2399 1712 2468 opiﬁcium
1754 2397 1894 2451 Filio
1944 2400 2102 2452 attri-

533 2488 671 2542 buit.
704 2488 858 2554 Quod
883 2490 927 2544 si
958 2498 1192 2544 creatam
1229 2491 1422 2553 credit,
1456 2490 1595 2545 idem
1633 2493 1713 2544 sui
1746 2492 1916 2559 ipsius
1948 2507 2100 2544 crea-

533 2588 706 2634 torem
743 2596 866 2634 esse
909 2584 1205 2650 praestruit.
1240 2582 1353 2636 Nisi
1403 2582 1545 2636 enim
1588 2598 1683 2652 per
1715 2582 1765 2636 id
1821 2583 1964 2651 quod
2010 2597 2104 2650 per

534 2685 593 2724 se
621 2679 863 2725 creatum
894 2680 1000 2732 est,
1033 2681 1087 2726 et.
1119 2674 1186 2726 ab
1232 2673 1564 2743 intelligibili
1603 2673 1842 2728 essentia
1888 2675 2102 2728 abstra-

535 2763 779 2824 heretur,
811 2763 946 2816 nihil
979 2764 1212 2832 amplius
1240 2764 1385 2833 quod
1425 2765 1595 2832 possit
1631 2780 1756 2818 eum
1782 2763 2102 2818 discernere

528 2854 890 2924 relinquetur,
922 2854 1048 2923 quia
1087 2863 1141 2910 et
1195 2856 1470 2910 sensibilis
1497 2863 1746 2910 creatura
1801 2865 1856 2909 et
1888 2856 2094 2910 intelli-

535 2960 668 3015 gens
694 2946 930 3000 essentia
965 2947 1237 3001 communi
1269 2948 1464 3002 mentis
1510 2949 1730 3002 notione
1779 2949 2101 3018 concipere-

531 3046 645 3089 tur.
678 3035 782 3091 Sed
825 3037 910 3091 his
946 3037 1248 3107 subjungit,
1281 3039 1427 3108 quod
1459 3039 1513 3092 in
1551 3055 1730 3093 rerum
1766 3041 2043 3094 creatione
2075 3054 2105 3092 a

536 3127 700 3184 Patre
735 3129 1058 3185 demandata
1091 3138 1174 3185 est
1195 3132 1242 3185 ei
1277 3131 1519 3184 omnium
1548 3132 1844 3187 visibilium
1877 3141 1931 3186 et
1970 3133 2106 3186 invi-

536 3220 777 3274 sibilium
809 3219 1042 3282 eﬁ‘ectio,
1072 3229 1126 3274 et
1189 3236 1375 3276 eorum
1410 3237 1530 3292 qum
1582 3221 1721 3276 facta
1756 3231 1885 3277 sunt
1921 3222 2106 3291 provi-

537 3310 746 3373 dentia,
787 3325 910 3364 cum
954 3309 1186 3366 sufﬁciat
1214 3312 1262 3367 ei
1309 3312 1599 3367 distributa
1635 3315 1873 3381 potentia
1915 3313 1981 3367 ad
2019 3329 2109 3368 eo—

541 3415 661 3454 rum
697 3415 819 3454 cum
850 3409 977 3455 sunt
1003 3401 1264 3470 producta
1292 3404 1671 3472 generationes
1697 3423 1708 3457 :
1739 3403 1851 3458 haec
1889 3404 2107 3474 quidem

541 3492 868 3562 scriptorum
901 3494 1183 3562 congeries
1213 3494 1414 3548 cursim
1449 3495 1596 3564 cogit
1621 3511 1965 3565 percurrere.
2001 3494 2110 3550 Sed

544 3585 760 3639 interim
792 3600 1097 3640 sermonem
1130 3585 1337 3641 detinet
1365 3587 1726 3656 blasphemia,
1755 3588 1985 3642 densum
2020 3606 2113 3643 no-

542 3676 751 3731 tionum
786 3677 929 3730 velut
967 3691 1230 3731 venenum
1258 3676 1616 3745 jaculantium
1661 3693 1952 3748 vesparum
2015 3696 2112 3733 ex-

556 3781 714 3820 amen
746 3766 1132 3835 complectens.
1164 3766 1469 3822 Commissa
1501 3776 1584 3822 est
1615 3769 1686 3831 ei,
1720 3767 1916 3835 inquit,
1945 3783 1974 3821 a
2009 3767 2113 3821 Pa-

545 3866 628 3912 tre
669 3874 847 3914 rerum
885 3860 1108 3914 creatio.
1138 3859 1290 3924 Quod
1343 3861 1385 3914 si
1420 3860 1486 3914 de
1519 3860 1701 3930 aliquo
1747 3862 1976 3922 artiﬁce,
2017 3862 2113 3930 qui

547 3950 661 4005 suis
689 3949 940 4004 manibus
969 3965 1105 4018 opus
1153 3951 1391 4013 conﬁcit,
1443 3967 1623 4006 sermo
1678 3953 1998 4017 haberetur,
2047 3953 2111 4007 ad

545 4051 778 4097 mentem
829 4043 1188 4097 conducentis
1237 4044 1514 4112 opiﬁcium
1561 4052 1852 4105 tractante,
1905 4059 2115 4096 annon

548 4134 738 4189 iisdem
796 4135 976 4189 verbis
1018 4150 1148 4187 usus
1179 4135 1364 4189 esset?
1400 4134 1606 4188 Etenim
1642 4135 1709 4189 de
1739 4135 2016 4188 Beseleele
2068 4135 2115 4164 "

549 4228 689 4283 idem
725 4226 966 4281 dicentes
998 4243 1104 4281 non
1130 4228 1531 4289 aherraremus,
1566 4228 1695 4296 quia
1724 4243 1751 4280 a
1791 4227 1938 4280 Mose
1970 4243 2115 4279 com-

549 4321 750 4376 missus
782 4321 849 4373 ad
902 4320 1238 4373 tabernaculi
1303 4319 1738 4384 fabricationem,
1806 4318 1986 4389 opifex
2025 4334 2120 4370 eo-

551 4427 668 4465 rum
699 4410 950 4479 quazillic
973 4417 1397 4462 commemorata
1441 4418 1590 4471 sunt,
1652 4408 1828 4462 factus
1864 4417 1984 4473 est;
2024 4407 2116 4477 qui

2202 1945 2408 2010 αὐτὸν,
2480 1942 2634 2014 φησὶ,
2673 1944 2770 1997 καὶ
2805 1944 3165 2013 δημιοιγογὸν
3246 1947 3344 2000 καὶ
3387 1948 3532 2000 Θεὸν
3564 1948 3765 2014 πάσης

2200 2035 2490 2104 αἰσθητῆς
2517 2050 2582 2086 τε
2611 2034 2709 2087 καὶ
2729 2033 2952 2101 νοητῆς
3015 2035 3234 2100 οὐσίας
3266 2037 3542 2106 λέγομεν.
3588 2041 3687 2094 Ἢν
3715 2039 3768 2091 τί

2201 2127 2409 2189 οἴεταις
2465 2126 2704 2194 Κτιστὴν
2743 2120 2904 2186 εἶναι,
2939 2124 2972 2194 ἢ
3018 2124 3302 2188 ἄκτιστον;
3353 2125 3414 2177 El
3454 2128 3560 2197 γὰρ
3592 2129 3768 2196 πάσης

2201 2217 2397 2286 νοητῆς
2429 2217 2611 2279 οὐσίας
2649 2216 2900 2286 ὁμολογεῖ
2941 2215 3144 2286 Κύριον
3185 2217 3277 2268 καὶ¹
3318 2217 3448 2267 Θεὸν
3482 2220 3572 2270 καὶ
3607 2220 3767 2286 δημι-

2202 2308 2395 2378 ουργὸν
2419 2303 2552 2360 εἶναι
2578 2307 2666 2359 τὸν
2708 2306 2940 2377 Ἰησοῦν’
2975 2308 3187 2376 ἀνάγκη
3214 2308 3383 2369 πᾶσα,
3411 2309 3460 2359 εί
3493 2309 3590 2377 μὲν
3621 2309 3773 2362 ἄκτιυ

2207 2415 2328 2450 στον
2379 2392 2516 2450 εἶναι
2561 2397 2708 2464 λέγει
2757 2397 2980 2467 ταύτην,
3025 2397 3315 2466 ψεύδεσθαι
3365 2399 3466 2467 τῆς
3516 2399 3770 2451 ἀκτίστου

2204 2489 2418 2556 φύσεως
2444 2490 2540 2558 τὴν
2567 2490 2924 2560 δημιουργίαν
2967 2490 3044 2560 τῷ
3076 2490 3186 2558 Υἰῷ
3222 2491 3770 2562 προσμαρτυροῦντα.

2205 2582 2265 2632 Εί
2299 2579 2352 2631 δὲ
2400 2582 2621 2651 κτιστὴν
2663 2581 2928 2644 πιστεύοι,
2975 2582 3064 2634 τὸν
3109 2583 3269 2634 αὐτὸν
3317 2581 3507 2636 ἑαυτοῦ
3554 2584 3775 2652 κτίστην

2205 2667 2342 2723 εἶναι
2370 2671 2780 2734 κατασκευάζει.
2831 2673 2892 2725 Et
2933 2672 3038 2740 γὰρ
3069 2671 3142 2741 μὴ
3173 2671 3250 2742 τῷ
3284 2672 3405 2726 καθ’
3434 2673 3624 2725 ἐαυτὸν
3651 2691 3772 2726 κτι-

2207 2757 2314 2831 στῷ
2365 2763 2463 2833 τῆς
2495 2764 2688 2832 νοητῆς
2714 2763 2898 2826 οὐσίας
2925 2763 3251 2833 ἀφορίζοιτο,
3285 2765 3437 2817 οὐδὲν
3467 2765 3545 2817 ἔτι
3573 2764 3632 2816 τὸ
3661 2766 3775 2817 δια-

2206 2860 2386 2924 κρῖνον
2411 2855 2882 2925 ὐπολειφθήσεται,
2914 2857 3010 2925 τῆς
3046 2873 3102 2907 τε
3138 2857 3400 2926 αἰσθητῆς
3425 2857 3649 2919 κτίσεως
3682 2857 3776 2910 καὶ

2205 2946 2304 3014 τῆς
2330 2949 2521 3016 νοερᾶς
2546 2948 2732 3010 οὐσίας
2763 2947 3034 2999 ἐπικοίνου
3065 2948 3382 3018 νοουμένης,
3415 2943 3554 3000 Ἀλλ’
3582 2949 3774 3015 ἐπάγει

2211 3037 2438 3101 τούτοις,
2470 3040 2550 3091 ὅτι
2585 3041 2640 3092 ἐν
2662 3041 2726 3109 τῇ
2756 3039 2864 3092 τῶν
2891 3039 3057 3092 ὄντων
3081 3041 3252 3092 κτίσει
3278 3039 3427 3108 παρὰ
3449 3039 3541 3092 τοῦ
3564 3039 3776 3109 Πατρὺς

2208 3131 2599 3204 ἐπιτέτραπται
2636 3132 2735 3201 τὴν
2766 3129 2874 3182 τῶν
2904 3131 3157 3183 ἁπάντων
3183 3131 3391 3200 ὁρατῶν
3424 3147 3480 3182 τε
3507 3131 3598 3183 καὶ
3620 3131 3778 3201 ἀορά-

2211 3239 2318 3274 των
2344 3222 2724 3293 δημιουργίαν,
2761 3221 2853 3274 καὶ
2886 3205 2992 3273 τῶν
3027 3221 3330 3291 γενομένων
3359 3220 3457 3291 τὴν
3499 3221 3776 3292 πρόνοιαν,

2210 3311 2485 3382 ἀρκούσης
2531 3311 2678 3380 αὐτῴ
2724 3312 2827 3379 τῆς
2865 3310 3067 3364 ἄνωθεν
3114 3310 3592 3381 ἁποκληρωθείσης
3623 3311 3780 3364 δυνά-

2215 3420 2359 3472 μεως
2421 3403 2553 3471 πρὸς
2623 3402 2719 3465 τὰς
2787 3401 3025 3468 γενέσεις
3094 3401 3200 3454 τῶν
3253 3398 3776 3472 δημιουργηθέντων.

2213 3492 2396 3546 Ταῦτα
2427 3491 2665 3562 βιάζεται
2713 3493 2808 3561 μέν
2842 3493 2902 3544 τὸ
2933 3493 3132 3562 πλῆθος
3163 3492 3269 3544 τῶν
3295 3493 3693 3561 γεγραμμένων
3721 3493 3782 3547 ὲν

2216 3583 2461 3653 συντόμῳ
2486 3583 2860 3652 παραδραμεῖν
2881 3600 2895 3613 ·
2943 3583 3310 3652 παρακατέχει
3343 3582 3397 3634 δέ
3430 3601 3545 3648 πως
3579 3585 3611 3654 ἡ
3657 3585 3784 3653 βλα-

2218 3674 2429 3741 σφημία
2460 3672 2549 3725 τὸν
2573 3672 2747 3738 λόγον,
2779 3672 2942 3726 πολὺν
2973 3673 3136 3742 ἐσμὸν
3170 3674 3454 3743 νοημάτων
3481 3674 3590 3728 οἷόν
3623 3692 3784 3728 τινων

2220 3760 2436 3812 ἰοϐόλων
2464 3759 2687 3829 σφηκῶν
2716 3761 3059 3830 περιέχουσα.
3094 3761 3430 3834 Ἐπετράπη,
3460 3766 3610 3833 φησὶ,
3637 3764 3785 3834 παρὰ

2215 3853 2308 3906 τοῦ
2345 3854 2555 3924 Πατρὸς
2583 3853 2680 3921 τὴν
2709 3852 3082 3922 δημιουργίαν.
3114 3854 3176 3905 Εἰ
3209 3853 3266 3905 δὲ
3297 3856 3422 3925 περὶ
3450 3856 3786 3926 χειροτέχνου

2216 3946 2358 4008 τινὸς
2392 3947 2418 3998 ὀ
2444 3945 2597 4012 λόγος
2623 3944 2848 4012 ἐγίνετο,
2885 3945 3022 3997 κατὰ
3045 3944 3270 4015 γνώμην
3299 3945 3390 3998 τοῦ
3427 3946 3786 4017 μισθουμένου

2223 4035 2730 4106 μεταχειριζομένου
2761 4035 2858 4106 τὴν
2903 4036 3188 4106 ἐργασίαν,
3221 4033 3309 4107 ἆρ’
3333 4038 3432 4089 οὐκ
3463 4038 3527 4089 ἂν
3554 4040 3662 4101 τοῖς
3690 4038 3788 4090 αὐ-

2219 4132 2328 4190 τοῖς
2356 4128 2623 4197 ἐχρήσατο
2645 4127 2853 4194 λόγοις;
2904 4128 3011 4179 Καὶ
3041 4127 3146 4197 γάρ
3173 4127 3302 4198 περὶ
3331 4128 3423 4180 τοῦ
3451 4129 3701 4181 Βεσελεέλ
3729 4129 3791 4181 τὸ

2217 4217 2334 4272 ἶσον
2359 4219 2455 4288 οὐχ
2484 4219 2867 4288 ἁμαρτάνομεν
2890 4217 3156 4285 λέγοντες,
3185 4219 3265 4270 ὅτι
3296 4220 3617 4287 ἐπιτραπεὶς
3639 4221 3789 4290 παρὰ

2224 4311 2316 4362 τοῦ
2347 4309 2624 4372 Μωῦσέως
2651 4308 2747 4378 τὴν
2781 4309 3151 4378 σκηνοποιῖαν,
3183 4308 3505 4379 δημιουργὸς
3530 4310 3635 4362 τῶν
3668 4313 3788 4362 ἐκεῖ

2227 4401 2703 4471 μνημονευθέντων
2751 4399 3003 4467 ἐγένετο·
3055 4400 3153 4451 οὐκ
3199 4399 3265 4451 ἂν
3311 4401 3401 4451 ἐπὶ
3448 4402 3545 4470 τὴν
3594 4401 3792 4472 πρᾶξιν

539 4501 617 4555 ad
647 4502 828 4570 aperis
861 4502 1257 4555 coniectionem
1291 4516 1395 4553 non
1427 4502 1633 4555 venerit
1661 4501 1767 4554 nisi
1817 4500 1970 4568 prius
2011 4504 2106 4566 ple-

2222 4493 2410 4555 ἐλθὼν,
2451 4493 2524 4562 μὴ
2557 4491 2816 4562 πρότερον
2852 4492 2969 4561 θείᾳ
3002 4508 3059 4543 τε
3091 4492 3315 4563 δυνάμει
3343 4493 3440 4561 τὴν
3484 4495 3793 4564 ἐπιστήμην

545 4606 674 4645 nam
708 4591 886 4646 omnis
923 4591 1120 4660 opiﬁcii
1167 4591 1414 4660 peritiam
1453 4591 1636 4645 divino
1657 4589 1836 4642 alliatu
1864 4590 2115 4658 adeptus,

539 4691 608 4737 -et
651 4681 816 4736 Musis
865 4682 1122 4736 mandato
1180 4698 1317 4751 opus
1373 4697 1662 4752 aggressus
1716 4691 1881 4735 esset.
1953 4680 2120 4750 Igitur

550 4773 774 4827 verbum
801 4775 1183 4830 .vcommissum
1227 4791 1368 4839 esse,
1400 4775 1750 4828 adventitiam
1812 4775 1859 4826 ci
1920 4774 2114 4826 factam

547 4864 722 4920 fuisse
755 4865 865 4918 vim
898 4873 951 4918 et
981 4873 1307 4935 potestatem
1343 4867 1605 4934 Operandi
1636 4867 1976 4920 demonstrat
2007 4885 2017 4919 :
2059 4873 2117 4918 ut

540 4959 869 5027 priusquam
905 4957 1263 5012 commissum
1293 4967 1438 5010 esset
1462 4958 1758 5026 opiﬁcium,
1797 4974 1972 5026 neque
2020 4973 2115 5010 an-

561 5049 736 5109 deret,
780 5063 954 5118 neque
981 5057 1195 5117 posset;
1250 5059 1536 5118 postquam
1594 5064 1723 5103 vero
1771 5065 1994 5117 operum
2039 5049 2120 5102 fa-

535 5138 869 5192 ciendorum
913 5147 1246 5207 potestatem
1288 5141 1522 5207 accepit,
1555 5151 1604 5193 et
1662 5139 2014 5194 suﬂicienlem
2050 5140 2118 5193 ad

552 5244 718 5296 opera
751 5229 1028 5284 eﬁicienda
1065 5231 1362 5300 potentiam
1388 5273 1405 5288 ,
1440 5240 1568 5284 tunc
1597 5247 1724 5284 vero
1752 5246 1940 5284 eorum
2001 5247 2122 5300 quae

553 5329 681 5376 sunt
707 5320 887 5391 opifex
928 5329 982 5374 et
1037 5321 1289 5378 conditor
1342 5323 1523 5376 factus
1557 5336 1673 5388 est;
1731 5339 1854 5376 cum
1884 5324 1932 5375 ei
1981 5321 2122 5376 suﬁi-

547 5415 684 5479 ciet,
703 5413 856 5467 sicut
887 5413 1126 5482 loquitur
1155 5412 1473 5477 Ennomius,
1514 5429 1748 5483 superne
1794 5413 2120 5467 demandata

534 5511 816 5574 potestas.
851 5505 933 5556 An
965 5517 1072 5556 non
1113 5503 1413 5558 secundum
1465 5504 1972 5559 determinationem
2026 5518 2118 5573 ge-

554 5595 954 5651 nethliaeorum
995 5608 1330 5660 sermonum,
1374 5594 1495 5650 Filii
1537 5611 1753 5667 quoque
1804 5595 2114 5666 generatio-

629 5775 674 5809 ³⁸
696 5774 865 5831 Exod.
889 5793 1035 5843 xxxx,
1061 5781 1094 5832 2
1127 5795 1244 5850 sqq.

2233 4585 2572 4654 κτησάμενος
2593 4624 2605 4647 ,
2641 4584 2734 4636 καὶ
2762 4586 2827 4652 τῇ
2849 4583 2938 4635 τοῦ
2973 4584 3250 4646 Μωῦσέως
3278 4585 3541 4654 ἐπιτροπῇ
3575 4583 3673 4654 τῆς
3702 4585 3792 4636 ἐν·

2224 4675 2442 4746 εργείας
2472 4674 2908 4743 κατατολμήσας.
2951 4674 3157 4726 Οὐκοῦν
3190 4675 3221 4744 ὴ
3251 4674 3345 4725 τοῦ
3381 4673 3794 4741 ἐπιτετράφθαι

2223 4767 2365 4832 λέξις
2398 4766 2687 4836 ἐπίκτητον
2731 4764 2877 4832 αὐτῴ
2923 4765 3244 4833 γεγενῆσθαι
3276 4765 3370 4834 τὴν
3398 4764 3792 4835 δημιουργικὴν

2223 4859 2553 4913 ἐνδείκνυται
2582 4857 2806 4927 δύναμίν
2837 4847 2894 4908 τὲ
2941 4857 3034 4909 καὶ
3078 4856 3325 4920 ἐξουσίαν
3349 4873 3362 4887 °
3409 4857 3484 4919 ὡς
3519 4857 3644 4927 πρὶν
3673 4858 3793 4909 ἐπι·-

2223 4950 2495 5021 τραπῆναι
2529 4949 2663 5018 μήτε
2696 4946 3017 5017 θαρσοῦντα.
3053 4950 3186 5018 μήτε
3217 4947 3510 5016 δυνάμενον
3537 4966 3551 4979 ·
3589 4947 3711 4999 ἐπεὶ
3735 4947 3792 5000 δὲ

2225 5047 2322 5115 τὴν
2354 5044 2461 5096 τῶν
2495 5043 2668 5113 ἔργων
2697 5041 2940 5106 ἐξουσίαν
2980 5041 3156 5104 ἔλαϐε,
3187 5042 3280 5093 καὶ
3312 5041 3635 5111 ἀποχρῶσαν
3659 5041 3792 5111 πρὸς

2225 5135 2292 5188 τὰ
2325 5135 2458 5205 ἔργα
2491 5135 2587 5205 τὴν
2636 5134 2882 5202 δύναμιν,
2917 5131 3058 5184 οὕτω
3100 5130 3423 5201 γεγενῆσθαι
3467 5131 3792 5201 δημιουργὸν

2224 5227 2330 5279 τῶν
2384 5227 2570 5280 ὄντων.
2614 5225 2912 5296 Ἀρκούσης
2953 5224 3118 5293 αὐτῷ,
3156 5222 3337 5287 καθώς
3377 5240 3538 5292 φησιν
3564 5225 3592 5274 ὁ
3627 5222 3792 5276 Εὐνό-

2227 5336 2347 5390 μιος
2395 5319 2492 5387 τῆς
2535 5318 2738 5371 ἄνωθεν
2790 5315 3270 5385 άποκληρωθείσης
3301 5314 3600 5384 δυνάμεως.
3647 5312 3791 5384 Ἀρα

2225 5411 2299 5480 μὴ
2321 5409 2460 5462 κατὰ
2487 5426 2609 5460 τινα
2651 5408 2932 5478 τερατείαν
2962 5406 3067 5459 τῶν
3097 5405 3456 5474 γενεθλιακῶν
3483 5404 3674 5473 λόγων,
3698 5405 3790 5457 καὶ

2225 5503 2281 5553 ἐν
2309 5498 2615 5569 εἱμαρμένῃ
2666 5499 2772 5550 τινὶ
2811 5497 2904 5550 τοῦ
2953 5496 3084 5550 Υίοῦ
3129 5497 3227 5568 τὴν
3267 5497 3516 5569 γέννησιν
3561 5496 3786 5559 τίθεται,

2223 5591 2473 5660 καθάπερ
2507 5591 2667 5659 φασὶν
2713 5593 2760 5643 οἱ
2806 5589 2902 5660 τὴν
2939 5590 3168 5659 ματαίαν
3195 5589 3399 5660 ταύτην
3430 5589 3791 5660 ἐξησκηκότες
