  <div class='ocr_page' id='page_1' title='image "/cluster/home/n/w/nwhite01/storage/ocr_20150623/45/nnc1.0046978445/450.png"; bbox 0 0 4142 6374; ppageno 0'>
   <div class='ocr_carea' id='block_1_1' title="bbox 355 439 462 496">
    <p class='ocr_par' dir='ltr' id='par_1_1' title="bbox 355 439 462 496">
     <span class='ocr_line' id='line_1_1' title="bbox 355 439 462 496; baseline -0.009 0"><span class='ocrx_word' id='word_1_1' title='bbox 355 439 462 496; x_wconf 64' lang='grc' dir='ltr'>ετξ</span> 
     </span>
    </p>
   </div>
   <div class='ocr_carea' id='block_1_2' title="bbox 1441 443 2469 510">
    <p class='ocr_par' dir='ltr' id='par_1_2' title="bbox 1441 443 2469 510">
     <span class='ocr_line' id='line_1_2' title="bbox 1441 443 2469 510; baseline 0.004 -10"><span class='ocrx_word' id='word_1_2' title='bbox 1441 445 1719 501; x_wconf 76' lang='lat' dir='ltr'><strong>CONTRA</strong></span> <span class='ocrx_word' id='word_1_3' title='bbox 1752 444 2144 510; x_wconf 77' lang='lat' dir='ltr'><strong>EUNOMIUM,</strong></span> <span class='ocrx_word' id='word_1_4' title='bbox 2191 443 2321 498; x_wconf 84' lang='lat' dir='ltr'><strong>LIB.</strong></span> <span class='ocrx_word' id='word_1_5' title='bbox 2365 448 2469 504; x_wconf 72' lang='lat' dir='ltr'><strong>XI.</strong></span> 
     </span>
    </p>
   </div>
   <div class='ocr_carea' id='block_1_3' title="bbox 3507 431 3613 488">
    <p class='ocr_par' dir='ltr' id='par_1_3' title="bbox 3507 431 3613 488">
     <span class='ocr_line' id='line_1_3' title="bbox 3507 431 3613 488; baseline -0.047 0"><span class='ocrx_word' id='word_1_6' title='bbox 3507 431 3613 488; x_wconf 79' lang='lat'><strong>873</strong></span> 
     </span>
    </p>
   </div>
   <div class='ocr_carea' id='block_1_4' title="bbox 355 549 1948 630">
    <p class='ocr_par' dir='ltr' id='par_1_4' title="bbox 355 552 1936 630">
     <span class='ocr_line' id='line_1_4' title="bbox 355 552 1936 630; baseline 0.003 -22"><span class='ocrx_word' id='word_1_7' title='bbox 355 553 589 622; x_wconf 83' lang='grc' dir='ltr'>ἀπάτην,</span> <span class='ocrx_word' id='word_1_8' title='bbox 632 552 771 608; x_wconf 82' lang='grc' dir='ltr'><strong>κατά</strong></span> <span class='ocrx_word' id='word_1_9' title='bbox 804 553 902 618; x_wconf 81' lang='grc' dir='ltr'>τὰς</span> <span class='ocrx_word' id='word_1_10' title='bbox 935 554 1096 618; x_wconf 76' lang='grc' dir='ltr'>ποιάς</span> <span class='ocrx_word' id='word_1_11' title='bbox 1131 555 1236 608; x_wconf 82' lang='grc' dir='ltr'><strong>τῶν</strong></span> <span class='ocrx_word' id='word_1_12' title='bbox 1272 554 1518 630; x_wconf 77' lang='grc' dir='ltr'><strong>ἀστέρων</strong></span> <span class='ocrx_word' id='word_1_13' title='bbox 1551 559 1845 624; x_wconf 77' lang='grc' dir='ltr'>ἐπιπλοκὰς</span> <span class='ocrx_word' id='word_1_14' title='bbox 1879 578 1936 614; x_wconf 85' lang='grc' dir='ltr'><strong>τε</strong></span> 
     </span>
    </p>
   </div>
   <div class='ocr_carea' id='block_1_5' title="bbox 2048 549 3618 630">
    <p class='ocr_par' dir='ltr' id='par_1_5' title="bbox 2048 549 3618 628">
     <span class='ocr_line' id='line_1_5' title="bbox 2048 549 3618 628; baseline -0.006 -16"><span class='ocrx_word' id='word_1_15' title='bbox 2048 575 2164 614; x_wconf 91' lang='lat' dir='ltr'><strong>nem</strong></span> <span class='ocrx_word' id='word_1_16' title='bbox 2195 558 2306 612; x_wconf 84' lang='lat' dir='ltr'><strong>fato</strong></span> <span class='ocrx_word' id='word_1_17' title='bbox 2339 557 2574 628; x_wconf 86' lang='lat' dir='ltr'><strong>quodam</strong></span> <span class='ocrx_word' id='word_1_18' title='bbox 2610 556 2881 612; x_wconf 77' lang='lat' dir='ltr'><strong>subditam</strong></span> <span class='ocrx_word' id='word_1_19' title='bbox 2910 568 3031 609; x_wconf 88' lang='lat' dir='ltr'><strong>esse</strong></span> <span class='ocrx_word' id='word_1_20' title='bbox 3063 551 3341 622; x_wconf 90' lang='lat' dir='ltr'><strong>supponit,</strong></span> <span class='ocrx_word' id='word_1_21' title='bbox 3374 559 3431 603; x_wconf 89' lang='lat' dir='ltr'><strong>ut.</strong></span> <span class='ocrx_word' id='word_1_22' title='bbox 3465 549 3618 603; x_wconf 86' lang='lat' dir='ltr'><strong>aiunt</strong></span> 
     </span>
    </p>
   </div>
   <div class='ocr_carea' id='block_1_6' title="bbox 356 644 1940 720">
    <p class='ocr_par' dir='ltr' id='par_1_6' title="bbox 356 644 1940 720">
     <span class='ocr_line' id='line_1_6' title="bbox 356 644 1940 720; baseline 0.003 -23"><span class='ocrx_word' id='word_1_23' title='bbox 356 645 451 698; x_wconf 62' lang='grc' dir='ltr'><strong>καλ⁵</strong></span> <span class='ocrx_word' id='word_1_24' title='bbox 480 644 827 710; x_wconf 84' lang='grc' dir='ltr'>ἀποστάσεις,</span> <span class='ocrx_word' id='word_1_25' title='bbox 858 645 956 708; x_wconf 82' lang='grc' dir='ltr'>τὰς</span> <span class='ocrx_word' id='word_1_26' title='bbox 985 647 1402 718; x_wconf 82' lang='grc' dir='ltr'>ἁποκληρώσεις</span> <span class='ocrx_word' id='word_1_27' title='bbox 1425 649 1531 703; x_wconf 89' lang='grc' dir='ltr'><strong>τῶν</strong></span> <span class='ocrx_word' id='word_1_28' title='bbox 1568 650 1692 720; x_wconf 87' lang='grc' dir='ltr'>βίων</span> <span class='ocrx_word' id='word_1_29' title='bbox 1718 654 1830 714; x_wconf 87' lang='grc' dir='ltr'>τοῖς</span> <span class='ocrx_word' id='word_1_30' title='bbox 1859 669 1940 704; x_wconf 84' lang='grc' dir='ltr'>τι-</span> 
     </span>
    </p>
   </div>
   <div class='ocr_carea' id='block_1_7' title="bbox 357 737 1939 814">
    <p class='ocr_par' dir='ltr' id='par_1_7' title="bbox 357 737 1939 814">
     <span class='ocr_line' id='line_1_7' title="bbox 357 737 1939 814; baseline 0.004 -24"><span class='ocrx_word' id='word_1_31' title='bbox 357 737 638 808; x_wconf 90' lang='grc' dir='ltr'>κτομένοις</span> <span class='ocrx_word' id='word_1_32' title='bbox 672 739 1007 808; x_wconf 76' lang='grc' dir='ltr'>συμϐαίνειν,</span> <span class='ocrx_word' id='word_1_33' title='bbox 1063 740 1163 810; x_wconf 71' lang='grc' dir='ltr'>τῇς</span> <span class='ocrx_word' id='word_1_34' title='bbox 1206 741 1410 794; x_wconf 83' lang='grc' dir='ltr'>ἀνωθεν</span> <span class='ocrx_word' id='word_1_35' title='bbox 1444 743 1618 813; x_wconf 83' lang='grc' dir='ltr'>είρμῷ</span> <span class='ocrx_word' id='word_1_36' title='bbox 1645 763 1748 796; x_wconf 86' lang='grc' dir='ltr'>τινι</span> <span class='ocrx_word' id='word_1_37' title='bbox 1777 761 1939 814; x_wconf 81' lang='grc' dir='ltr'>φερο-</span> 
     </span>
    </p>
   </div>
   <div class='ocr_carea' id='block_1_8' title="bbox 361 827 1939 905">
    <p class='ocr_par' dir='ltr' id='par_1_8' title="bbox 361 827 1939 905">
     <span class='ocr_line' id='line_1_8' title="bbox 361 827 1939 905; baseline 0.005 -26"><span class='ocrx_word' id='word_1_38' title='bbox 361 827 524 897; x_wconf 81' lang='grc' dir='ltr'><strong>μένης</strong></span> <span class='ocrx_word' id='word_1_39' title='bbox 549 827 828 896; x_wconf 74' lang='grc' dir='ltr'><strong>δινήσεως,</strong></span> <span class='ocrx_word' id='word_1_40' title='bbox 855 829 954 890; x_wconf 84' lang='grc' dir='ltr'><strong>τάς</strong></span> <span class='ocrx_word' id='word_1_41' title='bbox 983 831 1109 898; x_wconf 86' lang='grc' dir='ltr'>περί</span> <span class='ocrx_word' id='word_1_42' title='bbox 1134 848 1186 882; x_wconf 79' lang='grc' dir='ltr'><strong>τι</strong></span> <span class='ocrx_word' id='word_1_43' title='bbox 1215 831 1470 902; x_wconf 84' lang='grc' dir='ltr'>δυνάμεις</span> <span class='ocrx_word' id='word_1_44' title='bbox 1497 836 1607 896; x_wconf 81' lang='grc' dir='ltr'>τοῖς</span> <span class='ocrx_word' id='word_1_45' title='bbox 1639 835 1939 905; x_wconf 81' lang='grc' dir='ltr'><strong>γινομένοις</strong></span> 
     </span>
    </p>
   </div>
   <div class='ocr_carea' id='block_1_9' title="bbox 359 917 1939 994">
    <p class='ocr_par' dir='ltr' id='par_1_9' title="bbox 359 917 1939 994">
     <span class='ocr_line' id='line_1_9' title="bbox 359 917 1939 994; baseline 0.006 -26"><span class='ocrx_word' id='word_1_46' title='bbox 359 917 801 987; x_wconf 81' lang='grc' dir='ltr'>ὲπικλωθοὺσης·</span> <span class='ocrx_word' id='word_1_47' title='bbox 837 919 980 988; x_wconf 86' lang='grc' dir='ltr'>τάχα</span> <span class='ocrx_word' id='word_1_48' title='bbox 1017 937 1069 972; x_wconf 89' lang='grc' dir='ltr'><strong>τι</strong></span> <span class='ocrx_word' id='word_1_49' title='bbox 1099 921 1337 976; x_wconf 78' lang='grc' dir='ltr'>τοιοῦτον</span> <span class='ocrx_word' id='word_1_50' title='bbox 1378 925 1406 975; x_wconf 89' lang='grc' dir='ltr'>ὁ</span> <span class='ocrx_word' id='word_1_51' title='bbox 1443 925 1606 994; x_wconf 74' lang='grc' dir='ltr'>σοφὸς</span> <span class='ocrx_word' id='word_1_52' title='bbox 1638 929 1806 979; x_wconf 85' lang='grc' dir='ltr'>ὲννοεῑ</span> <span class='ocrx_word' id='word_1_53' title='bbox 1845 927 1939 980; x_wconf 87' lang='grc' dir='ltr'><strong>καί</strong></span> 
     </span>
    </p>
   </div>
   <div class='ocr_carea' id='block_1_10' title="bbox 360 1008 1940 1087">
    <p class='ocr_par' dir='ltr' id='par_1_10' title="bbox 360 1008 1940 1087">
     <span class='ocr_line' id='line_1_10' title="bbox 360 1008 1940 1087; baseline 0.006 -27"><span class='ocrx_word' id='word_1_54' title='bbox 360 1025 515 1078; x_wconf 78' lang='grc' dir='ltr'>φησι,</span> <span class='ocrx_word' id='word_1_55' title='bbox 555 1008 634 1079; x_wconf 83' lang='grc' dir='ltr'>τῷ</span> <span class='ocrx_word' id='word_1_56' title='bbox 667 1009 921 1080; x_wconf 89' lang='grc' dir='ltr'>ὑπεράνω</span> <span class='ocrx_word' id='word_1_57' title='bbox 953 1012 1134 1084; x_wconf 81' lang='grc' dir='ltr'>πάσης</span> <span class='ocrx_word' id='word_1_58' title='bbox 1177 1015 1370 1087; x_wconf 82' lang='grc' dir='ltr'>ἀρχῆς,</span> <span class='ocrx_word' id='word_1_59' title='bbox 1422 1019 1517 1072; x_wconf 72' lang='grc' dir='ltr'><strong>καὶ</strong></span> <span class='ocrx_word' id='word_1_60' title='bbox 1545 1018 1810 1084; x_wconf 81' lang='grc' dir='ltr'>ἐξουσίας,</span> <span class='ocrx_word' id='word_1_61' title='bbox 1845 1020 1940 1072; x_wconf 75' lang='grc' dir='ltr'><strong>καὶ</strong></span> 
     </span>
    </p>
   </div>
   <div class='ocr_carea' id='block_1_11' title="bbox 291 1101 1938 1182">
    <p class='ocr_par' dir='ltr' id='par_1_11' title="bbox 291 1101 1938 1182">
     <span class='ocr_line' id='line_1_11' title="bbox 291 1101 1938 1182; baseline 0.006 -29"><span class='ocrx_word' id='word_1_62' title='bbox 291 1178 294 1182; x_wconf 24' lang='grc' dir='ltr'><strong>Ι</strong></span> <span class='ocrx_word' id='word_1_63' title='bbox 359 1101 693 1170; x_wconf 84' lang='grc' dir='ltr'>κυριότητος,</span> <span class='ocrx_word' id='word_1_64' title='bbox 743 1101 839 1155; x_wconf 71' lang='grc' dir='ltr'><strong>καὶ</strong></span> <span class='ocrx_word' id='word_1_65' title='bbox 872 1104 1073 1163; x_wconf 85' lang='grc' dir='ltr'>παντὸς</span> <span class='ocrx_word' id='word_1_66' title='bbox 1124 1105 1384 1176; x_wconf 84' lang='grc' dir='ltr'>ὀνόματος</span> <span class='ocrx_word' id='word_1_67' title='bbox 1423 1107 1841 1180; x_wconf 74' lang='grc' dir='ltr'>ὀνομαζομένου,</span> <span class='ocrx_word' id='word_1_68' title='bbox 1878 1111 1938 1162; x_wconf 88' lang='grc' dir='ltr'><strong>οὑ</strong></span> 
     </span>
    </p>
   </div>
   <div class='ocr_carea' id='block_1_12' title="bbox 275 1187 1937 1273">
    <p class='ocr_par' dir='ltr' id='par_1_12' title="bbox 275 1187 1937 1273">
     <span class='ocr_line' id='line_1_12' title="bbox 275 1187 1937 1273; baseline 0.006 -29"><span class='ocrx_word' id='word_1_69' title='bbox 363 1192 524 1262; x_wconf 86' lang='grc' dir='ltr'>μόνον</span> <span class='ocrx_word' id='word_1_70' title='bbox 567 1195 624 1248; x_wconf 73' lang='grc' dir='ltr'>ὲν</span> <span class='ocrx_word' id='word_1_71' title='bbox 655 1193 732 1265; x_wconf 82' lang='grc' dir='ltr'>τῷ</span> <span class='ocrx_word' id='word_1_72' title='bbox 762 1195 918 1248; x_wconf 82' lang='grc' dir='ltr'>αἰῶνι</span> <span class='ocrx_word' id='word_1_73' title='bbox 948 1196 1142 1268; x_wconf 78' lang='grc' dir='ltr'>τούτῳ,</span> <span class='ocrx_word' id='word_1_74' title='bbox 1182 1198 1318 1252; x_wconf 85' lang='grc' dir='ltr'><strong>ἀλλά</strong></span> <span class='ocrx_word' id='word_1_75' title='bbox 1346 1201 1441 1254; x_wconf 84' lang='grc' dir='ltr'><strong>καὶ</strong></span> <span class='ocrx_word' id='word_1_76' title='bbox 1472 1203 1532 1254; x_wconf 86' lang='grc' dir='ltr'><strong>ὲν</strong></span> <span class='ocrx_word' id='word_1_77' title='bbox 1559 1201 1636 1272; x_wconf 84' lang='grc' dir='ltr'>τῷ</span> <span class='ocrx_word' id='word_1_78' title='bbox 1672 1202 1937 1273; x_wconf 85' lang='grc' dir='ltr'>μέλλοντι,</span> 
     </span>
    </p>
   </div>
   <div class='ocr_carea' id='block_1_13' title="bbox 361 1283 1938 1363">
    <p class='ocr_par' dir='ltr' id='par_1_13' title="bbox 361 1283 1938 1363">
     <span class='ocr_line' id='line_1_13' title="bbox 361 1283 1938 1363; baseline 0.007 -27"><span class='ocrx_word' id='word_1_79' title='bbox 361 1283 612 1356; x_wconf 85' lang='grc' dir='ltr'>καθάπερ</span> <span class='ocrx_word' id='word_1_80' title='bbox 655 1288 712 1340; x_wconf 78' lang='grc' dir='ltr'>ὲν</span> <span class='ocrx_word' id='word_1_81' title='bbox 750 1287 947 1352; x_wconf 87' lang='grc' dir='ltr'>κοίλοις</span> <span class='ocrx_word' id='word_1_82' title='bbox 979 1292 1090 1342; x_wconf 72' lang='grc' dir='ltr'>τισὶ</span> <span class='ocrx_word' id='word_1_83' title='bbox 1122 1289 1501 1363; x_wconf 85' lang='grc' dir='ltr'>καθειργμένῳ</span> <span class='ocrx_word' id='word_1_84' title='bbox 1530 1293 1766 1362; x_wconf 86' lang='grc' dir='ltr'>χωρίοις,</span> <span class='ocrx_word' id='word_1_85' title='bbox 1795 1294 1938 1347; x_wconf 79' lang='grc' dir='ltr'>ἄνω-</span> 
     </span>
    </p>
   </div>
   <div class='ocr_carea' id='block_1_14' title="bbox 361 1374 1940 1456">
    <p class='ocr_par' dir='ltr' id='par_1_14' title="bbox 361 1374 1940 1456">
     <span class='ocr_line' id='line_1_14' title="bbox 361 1374 1940 1456; baseline 0.006 -28"><span class='ocrx_word' id='word_1_86' title='bbox 361 1374 453 1429; x_wconf 86' lang='grc' dir='ltr'><strong>θεν</strong></span> <span class='ocrx_word' id='word_1_87' title='bbox 483 1376 973 1450; x_wconf 85' lang='grc' dir='ltr'>ἀποκεκληρῶσθαι</span> <span class='ocrx_word' id='word_1_88' title='bbox 1013 1381 1526 1452; x_wconf 84' lang='grc' dir='ltr'>διαμεμετρημένην</span> <span class='ocrx_word' id='word_1_89' title='bbox 1554 1385 1690 1456; x_wconf 83' lang='grc' dir='ltr'>πρὸς</span> <span class='ocrx_word' id='word_1_90' title='bbox 1717 1384 1814 1455; x_wconf 80' lang='grc' dir='ltr'><strong>τὴν</strong></span> <span class='ocrx_word' id='word_1_91' title='bbox 1844 1403 1940 1438; x_wconf 84' lang='grc' dir='ltr'>πο-</span> 
     </span>
    </p>
   </div>
   <div class='ocr_carea' id='block_1_15' title="bbox 363 1467 1940 1548">
    <p class='ocr_par' dir='ltr' id='par_1_15' title="bbox 363 1467 1940 1548">
     <span class='ocr_line' id='line_1_15' title="bbox 363 1467 1940 1548; baseline 0.007 -29"><span class='ocrx_word' id='word_1_92' title='bbox 363 1467 558 1537; x_wconf 86' lang='grc' dir='ltr'>σότητα</span> <span class='ocrx_word' id='word_1_93' title='bbox 582 1469 690 1524; x_wconf 87' lang='grc' dir='ltr'><strong>τῶν</strong></span> <span class='ocrx_word' id='word_1_94' title='bbox 717 1471 1016 1541; x_wconf 81' lang='grc' dir='ltr'>γινομένων</span> <span class='ocrx_word' id='word_1_95' title='bbox 1044 1475 1141 1544; x_wconf 83' lang='grc' dir='ltr'><strong>τὴν</strong></span> <span class='ocrx_word' id='word_1_96' title='bbox 1172 1473 1434 1544; x_wconf 77' lang='grc' dir='ltr'>δύναμιν;</span> <span class='ocrx_word' id='word_1_97' title='bbox 1467 1476 1940 1548; x_wconf 82' lang='grc' dir='ltr'>Παραδραμοῦμαι</span> 
     </span>
    </p>
   </div>
   <div class='ocr_carea' id='block_1_16' title="bbox 362 1559 1940 1639">
    <p class='ocr_par' dir='ltr' id='par_1_16' title="bbox 362 1559 1940 1639">
     <span class='ocr_line' id='line_1_16' title="bbox 362 1559 1940 1639; baseline 0.007 -29"><span class='ocrx_word' id='word_1_98' title='bbox 362 1560 455 1611; x_wconf 74' lang='grc' dir='ltr'><strong>καὶ</strong></span> <span class='ocrx_word' id='word_1_99' title='bbox 491 1559 678 1613; x_wconf 76' lang='grc' dir='ltr'>τοῦτον</span> <span class='ocrx_word' id='word_1_100' title='bbox 710 1561 798 1614; x_wconf 74' lang='grc' dir='ltr'><strong>διὰ</strong></span> <span class='ocrx_word' id='word_1_101' title='bbox 844 1564 1136 1634; x_wconf 78' lang='grc' dir='ltr'>συντομίας</span> <span class='ocrx_word' id='word_1_102' title='bbox 1179 1566 1269 1619; x_wconf 84' lang='grc' dir='ltr'><strong>τὸν</strong></span> <span class='ocrx_word' id='word_1_103' title='bbox 1313 1567 1490 1634; x_wconf 91' lang='grc' dir='ltr'>λόγον,</span> <span class='ocrx_word' id='word_1_104' title='bbox 1536 1567 1596 1632; x_wconf 84' lang='grc' dir='ltr'>ἐξ</span> <span class='ocrx_word' id='word_1_105' title='bbox 1624 1568 1809 1639; x_wconf 78' lang='grc' dir='ltr'>ὀλίγης</span> <span class='ocrx_word' id='word_1_106' title='bbox 1841 1569 1940 1638; x_wconf 82' lang='grc' dir='ltr'><strong>τῆς</strong></span> 
     </span>
    </p>
   </div>
   <div class='ocr_carea' id='block_1_17' title="bbox 362 1649 1940 1730">
    <p class='ocr_par' dir='ltr' id='par_1_17' title="bbox 362 1649 1940 1730">
     <span class='ocr_line' id='line_1_17' title="bbox 362 1649 1940 1730; baseline 0.006 -28"><span class='ocrx_word' id='word_1_107' title='bbox 362 1649 471 1702; x_wconf 88' lang='grc' dir='ltr'><strong>τῶν</strong></span> <span class='ocrx_word' id='word_1_108' title='bbox 515 1650 905 1714; x_wconf 77' lang='grc' dir='ltr'>ἐξετασθέντων</span> <span class='ocrx_word' id='word_1_109' title='bbox 938 1656 1110 1724; x_wconf 81' lang='grc' dir='ltr'>ἀρχῆς</span> <span class='ocrx_word' id='word_1_110' title='bbox 1158 1656 1445 1727; x_wconf 86' lang='grc' dir='ltr'>σπέρματα</span> <span class='ocrx_word' id='word_1_111' title='bbox 1479 1659 1614 1730; x_wconf 82' lang='grc' dir='ltr'>πρὸς</span> <span class='ocrx_word' id='word_1_112' title='bbox 1652 1659 1748 1728; x_wconf 81' lang='grc' dir='ltr'><strong>τὴν</strong></span> <span class='ocrx_word' id='word_1_113' title='bbox 1775 1677 1940 1712; x_wconf 83' lang='grc' dir='ltr'>κατα-</span> 
     </span>
    </p>
   </div>
   <div class='ocr_carea' id='block_1_18' title="bbox 364 1740 1939 1818">
    <p class='ocr_par' dir='ltr' id='par_1_18' title="bbox 364 1740 1939 1818">
     <span class='ocr_line' id='line_1_18' title="bbox 364 1740 1939 1818; baseline 0.006 -26"><span class='ocrx_word' id='word_1_114' title='bbox 364 1740 545 1811; x_wconf 85' lang='grc' dir='ltr'>νόησιν</span> <span class='ocrx_word' id='word_1_115' title='bbox 569 1742 667 1812; x_wconf 86' lang='grc' dir='ltr'>τῆς</span> <span class='ocrx_word' id='word_1_116' title='bbox 695 1742 1042 1814; x_wconf 77' lang='grc' dir='ltr'>βλασφημίας</span> <span class='ocrx_word' id='word_1_117' title='bbox 1071 1749 1184 1810; x_wconf 83' lang='grc' dir='ltr'>τοῖς</span> <span class='ocrx_word' id='word_1_118' title='bbox 1214 1747 1597 1818; x_wconf 88' lang='grc' dir='ltr'>συνετωτέροις</span> <span class='ocrx_word' id='word_1_119' title='bbox 1619 1747 1726 1800; x_wconf 88' lang='grc' dir='ltr'><strong>τῶν</strong></span> <span class='ocrx_word' id='word_1_120' title='bbox 1750 1751 1939 1816; x_wconf 79' lang='grc' dir='ltr'>ἐντυγ-</span> 
     </span>
    </p>
   </div>
   <div class='ocr_carea' id='block_1_19' title="bbox 363 1833 1942 1910">
    <p class='ocr_par' dir='ltr' id='par_1_19' title="bbox 363 1833 1942 1910">
     <span class='ocr_line' id='line_1_19' title="bbox 363 1833 1942 1910; baseline 0.004 -24"><span class='ocrx_word' id='word_1_121' title='bbox 363 1833 631 1902; x_wconf 87' lang='grc' dir='ltr'>χανόντων</span> <span class='ocrx_word' id='word_1_122' title='bbox 658 1835 1141 1906; x_wconf 87' lang='grc' dir='ltr'>καταϐαλλόμενος.</span> <span class='ocrx_word' id='word_1_123' title='bbox 1175 1833 1305 1891; x_wconf 79' lang='grc' dir='ltr'>Εἶτα</span> <span class='ocrx_word' id='word_1_124' title='bbox 1332 1838 1419 1891; x_wconf 76' lang='grc' dir='ltr'>διὰ</span> <span class='ocrx_word' id='word_1_125' title='bbox 1443 1840 1550 1891; x_wconf 88' lang='grc' dir='ltr'><strong>τῶν</strong></span> <span class='ocrx_word' id='word_1_126' title='bbox 1583 1839 1781 1910; x_wconf 79' lang='grc' dir='ltr'>ἐφεξῆς</span> <span class='ocrx_word' id='word_1_127' title='bbox 1806 1841 1942 1892; x_wconf 81' lang='grc' dir='ltr'>ἀπο·</span> 
     </span>
    </p>
   </div>
   <div class='ocr_carea' id='block_1_20' title="bbox 363 1925 1940 2004">
    <p class='ocr_par' dir='ltr' id='par_1_20' title="bbox 363 1925 1940 2004">
     <span class='ocr_line' id='line_1_20' title="bbox 363 1925 1940 2004; baseline 0.006 -27"><span class='ocrx_word' id='word_1_128' title='bbox 363 1925 520 1994; x_wconf 83' lang='grc' dir='ltr'>λογία</span> <span class='ocrx_word' id='word_1_129' title='bbox 549 1943 633 1990; x_wconf 88' lang='grc' dir='ltr'><strong>τις</strong></span> <span class='ocrx_word' id='word_1_130' title='bbox 663 1927 804 1998; x_wconf 78' lang='grc' dir='ltr'>ὑπὲρ</span> <span class='ocrx_word' id='word_1_131' title='bbox 832 1928 987 1998; x_wconf 81' lang='grc' dir='ltr'>ἡμῶν</span> <span class='ocrx_word' id='word_1_132' title='bbox 1031 1930 1210 1983; x_wconf 89' lang='grc' dir='ltr'>αὑτῶν</span> <span class='ocrx_word' id='word_1_133' title='bbox 1251 1929 1577 2002; x_wconf 85' lang='grc' dir='ltr'>γέγραπται.</span> <span class='ocrx_word' id='word_1_134' title='bbox 1626 1934 1700 1985; x_wconf 82' lang='grc' dir='ltr'>Οὑ</span> <span class='ocrx_word' id='word_1_135' title='bbox 1734 1933 1842 2004; x_wconf 86' lang='grc' dir='ltr'><strong>γάρ</strong></span> <span class='ocrx_word' id='word_1_136' title='bbox 1874 1933 1940 1986; x_wconf 82' lang='grc' dir='ltr'><strong>ἂν</strong></span> 
     </span>
    </p>
   </div>
   <div class='ocr_carea' id='block_1_21' title="bbox 365 2015 1941 2092">
    <p class='ocr_par' dir='ltr' id='par_1_21' title="bbox 365 2015 1941 2092">
     <span class='ocr_line' id='line_1_21' title="bbox 365 2015 1941 2092; baseline 0.003 -23"><span class='ocrx_word' id='word_1_137' title='bbox 365 2015 445 2070; x_wconf 78' lang='grc' dir='ltr'>ἔτι</span> <span class='ocrx_word' id='word_1_138' title='bbox 493 2018 782 2089; x_wconf 84' lang='grc' dir='ltr'>δοκοίημεν</span> <span class='ocrx_word' id='word_1_139' title='bbox 838 2022 950 2083; x_wconf 85' lang='grc' dir='ltr'>τοῖς</span> <span class='ocrx_word' id='word_1_140' title='bbox 996 2021 1378 2091; x_wconf 78' lang='grc' dir='ltr'>ἐντυγχάνουσι</span> <span class='ocrx_word' id='word_1_141' title='bbox 1438 2022 1941 2092; x_wconf 75' lang='grc' dir='ltr'>παραστοχάζεσθαι</span> 
     </span>
    </p>
   </div>
   <div class='ocr_carea' id='block_1_22' title="bbox 365 2108 1942 2185">
    <p class='ocr_par' dir='ltr' id='par_1_22' title="bbox 365 2108 1942 2185">
     <span class='ocr_line' id='line_1_22' title="bbox 365 2108 1942 2185; baseline 0.005 -25"><span class='ocrx_word' id='word_1_142' title='bbox 365 2109 464 2179; x_wconf 85' lang='grc' dir='ltr'><strong>τῆς</strong></span> <span class='ocrx_word' id='word_1_143' title='bbox 487 2108 721 2175; x_wconf 88' lang='grc' dir='ltr'>διανοίας</span> <span class='ocrx_word' id='word_1_144' title='bbox 747 2111 839 2165; x_wconf 80' lang='grc' dir='ltr'>τοῦ</span> <span class='ocrx_word' id='word_1_145' title='bbox 871 2112 1048 2182; x_wconf 88' lang='grc' dir='ltr'>λόγου,</span> <span class='ocrx_word' id='word_1_146' title='bbox 1074 2115 1166 2167; x_wconf 71' lang='grc' dir='ltr'><strong>καὶ</strong></span> <span class='ocrx_word' id='word_1_147' title='bbox 1212 2114 1347 2185; x_wconf 78' lang='grc' dir='ltr'>πρδς</span> <span class='ocrx_word' id='word_1_148' title='bbox 1391 2116 1452 2167; x_wconf 87' lang='grc' dir='ltr'>τὸ</span> <span class='ocrx_word' id='word_1_149' title='bbox 1484 2114 1780 2169; x_wconf 80' lang='grc' dir='ltr'>ὑπεύθυνον</span> <span class='ocrx_word' id='word_1_150' title='bbox 1814 2115 1942 2184; x_wconf 82' lang='grc' dir='ltr'>μεθο</span> 
     </span>
    </p>
   </div>
   <div class='ocr_carea' id='block_1_23' title="bbox 367 2201 1944 2277">
    <p class='ocr_par' dir='ltr' id='par_1_23' title="bbox 367 2201 1944 2277">
     <span class='ocr_line' id='line_1_23' title="bbox 367 2201 1944 2277; baseline 0.005 -25"><span class='ocrx_word' id='word_1_151' title='bbox 367 2201 690 2270; x_wconf 87' lang='grc' dir='ltr'>ερμηνεὺειν</span> <span class='ocrx_word' id='word_1_152' title='bbox 760 2203 828 2256; x_wconf 82' lang='grc' dir='ltr'><strong>τά</strong></span> <span class='ocrx_word' id='word_1_153' title='bbox 876 2205 1118 2275; x_wconf 78' lang='grc' dir='ltr'>ῥήματα,</span> <span class='ocrx_word' id='word_1_154' title='bbox 1166 2208 1332 2277; x_wconf 83' lang='grc' dir='ltr'>αὑτῆς</span> <span class='ocrx_word' id='word_1_155' title='bbox 1375 2208 1472 2277; x_wconf 81' lang='grc' dir='ltr'>τῆς</span> <span class='ocrx_word' id='word_1_156' title='bbox 1504 2208 1710 2260; x_wconf 78' lang='grc' dir='ltr'>ἐκείνου</span> <span class='ocrx_word' id='word_1_157' title='bbox 1758 2207 1944 2277; x_wconf 79' lang='grc' dir='ltr'>φωνῆς</span> 
     </span>
    </p>
   </div>
   <div class='ocr_carea' id='block_1_24' title="bbox 367 2290 1984 2369">
    <p class='ocr_par' dir='ltr' id='par_1_24' title="bbox 367 2290 1984 2369">
     <span class='ocr_line' id='line_1_24' title="bbox 367 2290 1984 2369; baseline 0.004 -27"><span class='ocrx_word' id='word_1_158' title='bbox 367 2290 730 2362; x_wconf 79' lang='grc' dir='ltr'>ὁμολογούσης</span> <span class='ocrx_word' id='word_1_159' title='bbox 776 2294 874 2365; x_wconf 84' lang='grc' dir='ltr'>τὴν</span> <span class='ocrx_word' id='word_1_160' title='bbox 922 2297 1172 2351; x_wconf 89' lang='grc' dir='ltr'>ἀτοπίαν.</span> <span class='ocrx_word' id='word_1_161' title='bbox 1225 2299 1377 2367; x_wconf 83' lang='grc' dir='ltr'>Ἔχει</span> <span class='ocrx_word' id='word_1_162' title='bbox 1427 2298 1533 2369; x_wconf 71' lang='grc' dir='ltr'><strong>γάρ</strong></span> <span class='ocrx_word' id='word_1_163' title='bbox 1581 2298 1720 2352; x_wconf 82' lang='grc' dir='ltr'>οὑτω</span> <span class='ocrx_word' id='word_1_164' title='bbox 1753 2299 1820 2351; x_wconf 85' lang='grc' dir='ltr'><strong>τὰ</strong></span> <span class='ocrx_word' id='word_1_165' title='bbox 1849 2315 1940 2365; x_wconf 78' lang='grc' dir='ltr'>γε·</span> <span class='ocrx_word' id='word_1_166' title='bbox 1981 2345 1984 2348; x_wconf 84' lang='grc'>.</span> 
     </span>
    </p>
   </div>
   <div class='ocr_carea' id='block_1_25' title="bbox 368 2380 1945 2459">
    <p class='ocr_par' dir='ltr' id='par_1_25' title="bbox 368 2380 1945 2459">
     <span class='ocr_line' id='line_1_25' title="bbox 368 2380 1945 2459; baseline 0.006 -25"><span class='ocrx_word' id='word_1_167' title='bbox 368 2383 661 2454; x_wconf 89' lang='grc' dir='ltr'>γραμμένα</span> <span class='ocrx_word' id='word_1_168' title='bbox 681 2380 780 2438; x_wconf 79' lang='lat' dir='ltr'><strong>&quot;H</strong></span> <span class='ocrx_word' id='word_1_169' title='bbox 804 2387 910 2457; x_wconf 82' lang='grc' dir='ltr'>γὰρ</span> <span class='ocrx_word' id='word_1_170' title='bbox 936 2389 1056 2458; x_wconf 54' lang='grc' dir='ltr'>οὑχ).</span> <span class='ocrx_word' id='word_1_171' title='bbox 1084 2389 1154 2456; x_wconf 81' lang='grc' dir='ltr'>γῆ</span> <span class='ocrx_word' id='word_1_172' title='bbox 1194 2390 1292 2458; x_wconf 81' lang='grc' dir='ltr'><strong>μὲν</strong></span> <span class='ocrx_word' id='word_1_173' title='bbox 1322 2392 1412 2443; x_wconf 75' lang='grc' dir='ltr'><strong>καὶ</strong></span> <span class='ocrx_word' id='word_1_174' title='bbox 1442 2390 1670 2459; x_wconf 81' lang='grc' dir='ltr'>ἄγγελος</span> <span class='ocrx_word' id='word_1_175' title='bbox 1692 2390 1790 2443; x_wconf 90' lang='grc' dir='ltr'><strong>οὑκ</strong></span> <span class='ocrx_word' id='word_1_176' title='bbox 1816 2390 1945 2444; x_wconf 75' lang='grc' dir='ltr'>ὄντα</span> 
     </span>
    </p>
   </div>
   <div class='ocr_carea' id='block_1_26' title="bbox 367 2473 1946 2552">
    <p class='ocr_par' dir='ltr' id='par_1_26' title="bbox 367 2473 1946 2552">
     <span class='ocr_line' id='line_1_26' title="bbox 367 2473 1946 2552; baseline 0.005 -26"><span class='ocrx_word' id='word_1_177' title='bbox 367 2473 626 2542; x_wconf 87' lang='grc' dir='ltr'>γέγονεν;</span> <span class='ocrx_word' id='word_1_178' title='bbox 674 2476 866 2547; x_wconf 84' lang='grc' dir='ltr'>Ὁρᾶτε</span> <span class='ocrx_word' id='word_1_179' title='bbox 890 2480 978 2532; x_wconf 82' lang='grc' dir='ltr'><strong>τὸν</strong></span> <span class='ocrx_word' id='word_1_180' title='bbox 1008 2481 1208 2552; x_wconf 67' lang='grc' dir='ltr'>ὑψηλὸν</span> <span class='ocrx_word' id='word_1_181' title='bbox 1237 2481 1502 2549; x_wconf 85' lang='grc' dir='ltr'>Θεολὸγον,</span> <span class='ocrx_word' id='word_1_182' title='bbox 1537 2483 1610 2544; x_wconf 81' lang='grc' dir='ltr'>ὡς</span> <span class='ocrx_word' id='word_1_183' title='bbox 1639 2482 1736 2534; x_wconf 86' lang='grc' dir='ltr'><strong>οὑκ</strong></span> <span class='ocrx_word' id='word_1_184' title='bbox 1765 2481 1946 2552; x_wconf 82' lang='grc' dir='ltr'>αἰσχύ-</span> 
     </span>
    </p>
   </div>
   <div class='ocr_carea' id='block_1_27' title="bbox 369 2565 1945 2640">
    <p class='ocr_par' dir='ltr' id='par_1_27' title="bbox 369 2565 1945 2640">
     <span class='ocr_line' id='line_1_27' title="bbox 369 2565 1945 2640; baseline 0.004 -26"><span class='ocrx_word' id='word_1_185' title='bbox 369 2579 518 2616; x_wconf 89' lang='grc' dir='ltr'>νεται</span> <span class='ocrx_word' id='word_1_186' title='bbox 565 2565 654 2616; x_wconf 80' lang='grc' dir='ltr'><strong>τὸν</strong></span> <span class='ocrx_word' id='word_1_187' title='bbox 699 2566 857 2618; x_wconf 81' lang='grc' dir='ltr'>αὑτὸν</span> <span class='ocrx_word' id='word_1_188' title='bbox 909 2571 978 2637; x_wconf 82' lang='grc' dir='ltr'>γῇ</span> <span class='ocrx_word' id='word_1_189' title='bbox 1029 2586 1086 2620; x_wconf 91' lang='grc' dir='ltr'><strong>τε</strong></span> <span class='ocrx_word' id='word_1_190' title='bbox 1134 2569 1226 2621; x_wconf 70' lang='grc' dir='ltr'>καὶ</span> <span class='ocrx_word' id='word_1_191' title='bbox 1272 2569 1523 2637; x_wconf 84' lang='grc' dir='ltr'>ἀγγέλοις</span> <span class='ocrx_word' id='word_1_192' title='bbox 1557 2569 1648 2622; x_wconf 74' lang='grc' dir='ltr'>καὶ</span> <span class='ocrx_word' id='word_1_193' title='bbox 1693 2569 1840 2638; x_wconf 86' lang='grc' dir='ltr'><strong>αὑτῴ</strong></span> <span class='ocrx_word' id='word_1_194' title='bbox 1868 2569 1945 2640; x_wconf 82' lang='grc' dir='ltr'>τῷ</span> 
     </span>
    </p>
   </div>
   <div class='ocr_carea' id='block_1_28' title="bbox 371 2656 1944 2729">
    <p class='ocr_par' dir='ltr' id='par_1_28' title="bbox 371 2656 1944 2729">
     <span class='ocr_line' id='line_1_28' title="bbox 371 2656 1944 2729; baseline 0.004 -22"><span class='ocrx_word' id='word_1_195' title='bbox 371 2658 568 2727; x_wconf 81' lang='grc' dir='ltr'>ποιητῇ</span> <span class='ocrx_word' id='word_1_196' title='bbox 603 2656 694 2710; x_wconf 76' lang='grc' dir='ltr'>τοῦ</span> <span class='ocrx_word' id='word_1_197' title='bbox 725 2660 923 2722; x_wconf 71' lang='grc' dir='ltr'>παντὸς</span> <span class='ocrx_word' id='word_1_198' title='bbox 954 2659 1275 2729; x_wconf 65' lang='grc' dir='ltr'>έφαρμόζων</span> <span class='ocrx_word' id='word_1_199' title='bbox 1303 2661 1394 2714; x_wconf 82' lang='grc' dir='ltr'><strong>τὸν</strong></span> <span class='ocrx_word' id='word_1_200' title='bbox 1425 2660 1579 2726; x_wconf 91' lang='grc' dir='ltr'>λόγον</span> <span class='ocrx_word' id='word_1_201' title='bbox 1606 2679 1619 2723; x_wconf 84' lang='grc'>;</span> <span class='ocrx_word' id='word_1_202' title='bbox 1660 2661 1867 2713; x_wconf 83' lang='grc' dir='ltr'>Οὑκοῦν</span> <span class='ocrx_word' id='word_1_203' title='bbox 1896 2663 1944 2713; x_wconf 87' lang='grc' dir='ltr'><strong>εί</strong></span> 
     </span>
    </p>
   </div>
   <div class='ocr_carea' id='block_1_29' title="bbox 371 2747 1944 2822">
    <p class='ocr_par' dir='ltr' id='par_1_29' title="bbox 371 2747 1944 2822">
     <span class='ocr_line' id='line_1_29' title="bbox 371 2747 1944 2822; baseline 0.004 -24"><span class='ocrx_word' id='word_1_204' title='bbox 371 2747 439 2800; x_wconf 88' lang='grc' dir='ltr'><strong>τά</strong></span> <span class='ocrx_word' id='word_1_205' title='bbox 467 2747 603 2800; x_wconf 75' lang='grc' dir='ltr'>αὑτά</span> <span class='ocrx_word' id='word_1_206' title='bbox 629 2749 856 2817; x_wconf 89' lang='grc' dir='ltr'>πρέπειν</span> <span class='ocrx_word' id='word_1_207' title='bbox 882 2751 1048 2804; x_wconf 78' lang='grc' dir='ltr'>οἴεται</span> <span class='ocrx_word' id='word_1_208' title='bbox 1082 2752 1207 2822; x_wconf 86' lang='grc' dir='ltr'>περί</span> <span class='ocrx_word' id='word_1_209' title='bbox 1237 2769 1291 2804; x_wconf 81' lang='grc' dir='ltr'><strong>τε</strong></span> <span class='ocrx_word' id='word_1_210' title='bbox 1327 2751 1426 2821; x_wconf 80' lang='grc' dir='ltr'>τῆς</span> <span class='ocrx_word' id='word_1_211' title='bbox 1455 2752 1556 2822; x_wconf 82' lang='grc' dir='ltr'>γῆς</span> <span class='ocrx_word' id='word_1_212' title='bbox 1581 2752 1673 2804; x_wconf 71' lang='grc' dir='ltr'>καὶ</span> <span class='ocrx_word' id='word_1_213' title='bbox 1703 2750 1793 2804; x_wconf 77' lang='grc' dir='ltr'>τοῦ</span> <span class='ocrx_word' id='word_1_214' title='bbox 1831 2754 1944 2804; x_wconf 84' lang='grc' dir='ltr'>Κυ-</span> 
     </span>
    </p>
   </div>
   <div class='ocr_carea' id='block_1_30' title="bbox 377 2837 1946 2912">
    <p class='ocr_par' dir='ltr' id='par_1_30' title="bbox 377 2837 1946 2912">
     <span class='ocr_line' id='line_1_30' title="bbox 377 2837 1946 2912; baseline 0.004 -23"><span class='ocrx_word' id='word_1_215' title='bbox 377 2837 490 2908; x_wconf 85' lang='grc' dir='ltr'>ρίου</span> <span class='ocrx_word' id='word_1_216' title='bbox 522 2838 719 2907; x_wconf 89' lang='grc' dir='ltr'>λέγειν,</span> <span class='ocrx_word' id='word_1_217' title='bbox 755 2841 786 2910; x_wconf 79' lang='grc' dir='ltr'>ἢ</span> <span class='ocrx_word' id='word_1_218' title='bbox 821 2843 913 2893; x_wconf 71' lang='grc' dir='ltr'><strong>καὶ</strong></span> <span class='ocrx_word' id='word_1_219' title='bbox 945 2841 1145 2911; x_wconf 81' lang='grc' dir='ltr'>ταύτην</span> <span class='ocrx_word' id='word_1_220' title='bbox 1179 2842 1394 2906; x_wconf 84' lang='grc' dir='ltr'>πάντως</span> <span class='ocrx_word' id='word_1_221' title='bbox 1421 2841 1746 2912; x_wconf 82' lang='grc' dir='ltr'>θεοποιήσει,</span> <span class='ocrx_word' id='word_1_222' title='bbox 1788 2842 1820 2907; x_wconf 84' lang='grc' dir='ltr'>ἢ</span> <span class='ocrx_word' id='word_1_223' title='bbox 1853 2845 1946 2897; x_wconf 78' lang='grc' dir='ltr'>καὶ</span> 
     </span>
    </p>
   </div>
   <div class='ocr_carea' id='block_1_31' title="bbox 373 2930 1174 3002">
    <p class='ocr_par' dir='ltr' id='par_1_31' title="bbox 373 2930 1174 3002">
     <span class='ocr_line' id='line_1_31' title="bbox 373 2930 1174 3002; baseline 0.005 -22"><span class='ocrx_word' id='word_1_224' title='bbox 373 2930 576 2982; x_wconf 82' lang='grc' dir='ltr'>ἐκεῖνον</span> <span class='ocrx_word' id='word_1_225' title='bbox 604 2930 773 3002; x_wconf 79' lang='grc' dir='ltr'>ταύτῃ</span> <span class='ocrx_word' id='word_1_226' title='bbox 803 2933 1174 3000; x_wconf 85' lang='grc' dir='ltr'>συνατιμάσει.</span> 
     </span>
    </p>
   </div>
   <div class='ocr_carea' id='block_1_32' title="bbox 467 3191 1947 3268">
    <p class='ocr_par' dir='ltr' id='par_1_32' title="bbox 467 3191 1947 3268">
     <span class='ocr_line' id='line_1_32' title="bbox 467 3191 1947 3268; baseline 0 -16"><span class='ocrx_word' id='word_1_227' title='bbox 467 3197 576 3252; x_wconf 70' lang='grc' dir='ltr'>εἶτα</span> <span class='ocrx_word' id='word_1_228' title='bbox 603 3199 922 3268; x_wconf 80' lang='grc' dir='ltr'>προστίθησι</span> <span class='ocrx_word' id='word_1_229' title='bbox 946 3198 1151 3261; x_wconf 73' lang='grc' dir='ltr'>τούτοις</span> <span class='ocrx_word' id='word_1_230' title='bbox 1178 3198 1240 3250; x_wconf 85' lang='grc' dir='ltr'>δι’</span> <span class='ocrx_word' id='word_1_231' title='bbox 1264 3191 1338 3250; x_wconf 82' lang='grc' dir='ltr'>ὦν</span> <span class='ocrx_word' id='word_1_232' title='bbox 1359 3197 1763 3267; x_wconf 78' lang='grc' dir='ltr'>ἀπογυμνοῦται</span> <span class='ocrx_word' id='word_1_233' title='bbox 1789 3199 1947 3252; x_wconf 83' lang='grc' dir='ltr'>πλέον</span> 
     </span>
    </p>
   </div>
   <div class='ocr_carea' id='block_1_33' title="bbox 374 3285 1950 3361">
    <p class='ocr_par' dir='ltr' id='par_1_33' title="bbox 374 3285 1950 3361">
     <span class='ocr_line' id='line_1_33' title="bbox 374 3285 1950 3361; baseline 0.001 -19"><span class='ocrx_word' id='word_1_234' title='bbox 374 3292 408 3360; x_wconf 79' lang='grc' dir='ltr'><strong>ἡ</strong></span> <span class='ocrx_word' id='word_1_235' title='bbox 438 3291 752 3361; x_wconf 72' lang='grc' dir='ltr'>βλασφημία</span> <span class='ocrx_word' id='word_1_236' title='bbox 777 3305 787 3315; x_wconf 91' lang='grc'><strong>·</strong></span> <span class='ocrx_word' id='word_1_237' title='bbox 821 3289 894 3352; x_wconf 88' lang='grc' dir='ltr'>ὡς</span> <span class='ocrx_word' id='word_1_238' title='bbox 927 3291 1061 3359; x_wconf 83' lang='grc' dir='ltr'>μηδὲ</span> <span class='ocrx_word' id='word_1_239' title='bbox 1089 3289 1236 3342; x_wconf 70' lang='grc' dir='ltr'>παιδὶ</span> <span class='ocrx_word' id='word_1_240' title='bbox 1262 3289 1690 3358; x_wconf 76' lang='grc' dir='ltr'>δυσκατανόητον</span> <span class='ocrx_word' id='word_1_241' title='bbox 1723 3285 1860 3342; x_wconf 82' lang='grc' dir='ltr'>εἶναι</span> <span class='ocrx_word' id='word_1_242' title='bbox 1891 3292 1950 3344; x_wconf 82' lang='grc' dir='ltr'>τὸ</span> 
     </span>
    </p>
   </div>
   <div class='ocr_carea' id='block_1_34' title="bbox 375 3379 1950 3452">
    <p class='ocr_par' dir='ltr' id='par_1_34' title="bbox 375 3379 1950 3452">
     <span class='ocr_line' id='line_1_34' title="bbox 375 3379 1950 3452; baseline -0.001 -16"><span class='ocrx_word' id='word_1_243' title='bbox 375 3382 591 3436; x_wconf 82' lang='grc' dir='ltr'>ἄτοπον.</span> <span class='ocrx_word' id='word_1_244' title='bbox 620 3381 765 3451; x_wconf 72' lang='grc' dir='ltr'>Φημὶ</span> <span class='ocrx_word' id='word_1_245' title='bbox 797 3380 927 3452; x_wconf 84' lang='grc' dir='ltr'>γὰρ,</span> <span class='ocrx_word' id='word_1_246' title='bbox 960 3381 1041 3433; x_wconf 78' lang='grc' dir='ltr'>ὅτι</span> <span class='ocrx_word' id='word_1_247' title='bbox 1074 3381 1280 3452; x_wconf 84' lang='grc' dir='ltr'>μακρὸν</span> <span class='ocrx_word' id='word_1_248' title='bbox 1306 3379 1372 3433; x_wconf 81' lang='grc' dir='ltr'><strong>ἂν</strong></span> <span class='ocrx_word' id='word_1_249' title='bbox 1408 3380 1496 3449; x_wconf 79' lang='grc' dir='ltr'>εἴη</span> <span class='ocrx_word' id='word_1_250' title='bbox 1532 3382 1708 3444; x_wconf 83' lang='grc' dir='ltr'>πάσας</span> <span class='ocrx_word' id='word_1_251' title='bbox 1738 3383 1950 3446; x_wconf 76' lang='grc' dir='ltr'>ἐπεξιέ-</span> 
     </span>
    </p>
   </div>
   <div class='ocr_carea' id='block_1_35' title="bbox 375 3470 1952 3544">
    <p class='ocr_par' dir='ltr' id='par_1_35' title="bbox 375 3470 1952 3544">
     <span class='ocr_line' id='line_1_35' title="bbox 375 3470 1952 3544; baseline 0.001 -19"><span class='ocrx_word' id='word_1_252' title='bbox 375 3493 462 3528; x_wconf 78' lang='grc' dir='ltr'><strong>ναι</strong></span> <span class='ocrx_word' id='word_1_253' title='bbox 505 3473 614 3527; x_wconf 91' lang='grc' dir='ltr'><strong>τῶν</strong></span> <span class='ocrx_word' id='word_1_254' title='bbox 657 3473 860 3544; x_wconf 84' lang='grc' dir='ltr'>νοητῶν</span> <span class='ocrx_word' id='word_1_255' title='bbox 917 3473 1014 3534; x_wconf 87' lang='grc' dir='ltr'><strong>τάς</strong></span> <span class='ocrx_word' id='word_1_256' title='bbox 1044 3473 1327 3540; x_wconf 87' lang='grc' dir='ltr'>γενέσεις,</span> <span class='ocrx_word' id='word_1_257' title='bbox 1377 3472 1410 3543; x_wconf 85' lang='grc' dir='ltr'>ἢ</span> <span class='ocrx_word' id='word_1_258' title='bbox 1458 3472 1555 3536; x_wconf 80' lang='grc' dir='ltr'><strong>τάς</strong></span> <span class='ocrx_word' id='word_1_259' title='bbox 1602 3473 1815 3536; x_wconf 83' lang='grc' dir='ltr'>οὑσίας,</span> <span class='ocrx_word' id='word_1_260' title='bbox 1865 3470 1952 3537; x_wconf 72' lang='grc' dir='ltr'>αἷς</span> 
     </span>
    </p>
   </div>
   <div class='ocr_carea' id='block_1_36' title="bbox 376 3563 1952 3634">
    <p class='ocr_par' dir='ltr' id='par_1_36' title="bbox 376 3563 1952 3634">
     <span class='ocr_line' id='line_1_36' title="bbox 376 3563 1952 3634; baseline 0 -16"><span class='ocrx_word' id='word_1_261' title='bbox 376 3567 616 3629; x_wconf 85' lang='grc' dir='ltr'>ἀπάσαις</span> <span class='ocrx_word' id='word_1_262' title='bbox 638 3565 755 3634; x_wconf 74' lang='grc' dir='ltr'>οὐχὶ</span> <span class='ocrx_word' id='word_1_263' title='bbox 779 3565 930 3634; x_wconf 81' lang='grc' dir='ltr'>κοινή</span> <span class='ocrx_word' id='word_1_264' title='bbox 963 3581 1047 3626; x_wconf 89' lang='grc' dir='ltr'><strong>τις</strong></span> <span class='ocrx_word' id='word_1_265' title='bbox 1081 3564 1113 3633; x_wconf 84' lang='grc' dir='ltr'>ἠ</span> <span class='ocrx_word' id='word_1_266' title='bbox 1141 3563 1233 3616; x_wconf 79' lang='grc' dir='ltr'>τοῦ</span> <span class='ocrx_word' id='word_1_267' title='bbox 1269 3565 1365 3633; x_wconf 84' lang='grc' dir='ltr'><strong>μὲν</strong></span> <span class='ocrx_word' id='word_1_268' title='bbox 1404 3564 1554 3626; x_wconf 79' lang='grc' dir='ltr'>ὄντος</span> <span class='ocrx_word' id='word_1_269' title='bbox 1587 3563 1745 3633; x_wconf 69' lang='grc' dir='ltr'>φύσις</span> <span class='ocrx_word' id='word_1_270' title='bbox 1767 3583 1781 3596; x_wconf 76' lang='grc' dir='ltr'><strong>ο</strong></span> <span class='ocrx_word' id='word_1_271' title='bbox 1818 3565 1952 3618; x_wconf 80' lang='grc' dir='ltr'>ἀλλὰ</span> 
     </span>
    </p>
   </div>
   <div class='ocr_carea' id='block_1_37' title="bbox 377 3656 1954 3727">
    <p class='ocr_par' dir='ltr' id='par_1_37' title="bbox 377 3656 1954 3727">
     <span class='ocr_line' id='line_1_37' title="bbox 377 3656 1954 3727; baseline -0.001 -17"><span class='ocrx_word' id='word_1_272' title='bbox 377 3658 517 3712; x_wconf 82' lang='grc' dir='ltr'><strong>κατά</strong></span> <span class='ocrx_word' id='word_1_273' title='bbox 548 3657 648 3720; x_wconf 74' lang='grc' dir='ltr'>τὰς</span> <span class='ocrx_word' id='word_1_274' title='bbox 685 3656 776 3709; x_wconf 72' lang='grc' dir='ltr'>τοῦ</span> <span class='ocrx_word' id='word_1_275' title='bbox 809 3656 1308 3727; x_wconf 83' lang='grc' dir='ltr'>δημιουργήσαντος</span> <span class='ocrx_word' id='word_1_276' title='bbox 1354 3657 1648 3726; x_wconf 81' lang='grc' dir='ltr'>ἐνεργείας,</span> <span class='ocrx_word' id='word_1_277' title='bbox 1681 3659 1712 3727; x_wconf 86' lang='grc' dir='ltr'><strong>ἡ</strong></span> <span class='ocrx_word' id='word_1_278' title='bbox 1748 3657 1954 3724; x_wconf 80' lang='grc' dir='ltr'>παραλ-</span> 
     </span>
    </p>
   </div>
   <div class='ocr_carea' id='block_1_38' title="bbox 375 3745 1952 3818">
    <p class='ocr_par' dir='ltr' id='par_1_38' title="bbox 375 3745 1952 3818">
     <span class='ocr_line' id='line_1_38' title="bbox 375 3745 1952 3818; baseline -0.001 -18"><span class='ocrx_word' id='word_1_279' title='bbox 375 3749 539 3817; x_wconf 78' lang='grc' dir='ltr'>λαγή.</span> <span class='ocrx_word' id='word_1_280' title='bbox 584 3747 769 3800; x_wconf 76' lang='grc' dir='ltr'>Ταῦτα</span> <span class='ocrx_word' id='word_1_281' title='bbox 817 3747 924 3818; x_wconf 87' lang='grc' dir='ltr'>γὰρ</span> <span class='ocrx_word' id='word_1_282' title='bbox 968 3748 1061 3799; x_wconf 77' lang='grc' dir='ltr'><strong>καὶ</strong></span> <span class='ocrx_word' id='word_1_283' title='bbox 1110 3745 1436 3799; x_wconf 82' lang='grc' dir='ltr'>σιωπώντων</span> <span class='ocrx_word' id='word_1_284' title='bbox 1479 3747 1656 3815; x_wconf 74' lang='grc' dir='ltr'>ἡμῶν,</span> <span class='ocrx_word' id='word_1_285' title='bbox 1702 3748 1952 3818; x_wconf 79' lang='grc' dir='ltr'>ἀρίδηλον</span> 
     </span>
    </p>
   </div>
   <div class='ocr_carea' id='block_1_39' title="bbox 379 3836 1949 3910">
    <p class='ocr_par' dir='ltr' id='par_1_39' title="bbox 379 3836 1949 3910">
     <span class='ocr_line' id='line_1_39' title="bbox 379 3836 1949 3910; baseline -0.001 -18"><span class='ocrx_word' id='word_1_286' title='bbox 379 3841 491 3910; x_wconf 78' lang='grc' dir='ltr'>ἔχει</span> <span class='ocrx_word' id='word_1_287' title='bbox 525 3841 618 3892; x_wconf 74' lang='grc' dir='ltr'><strong>καὶ</strong></span> <span class='ocrx_word' id='word_1_288' title='bbox 663 3843 935 3909; x_wconf 75' lang='grc' dir='ltr'>περιφανῆ</span> <span class='ocrx_word' id='word_1_289' title='bbox 972 3839 1070 3907; x_wconf 75' lang='grc' dir='ltr'>τὴν</span> <span class='ocrx_word' id='word_1_290' title='bbox 1105 3836 1247 3890; x_wconf 77' lang='grc' dir='ltr'><strong>κατά</strong></span> <span class='ocrx_word' id='word_1_291' title='bbox 1282 3838 1374 3890; x_wconf 79' lang='grc' dir='ltr'>τοῦ</span> <span class='ocrx_word' id='word_1_292' title='bbox 1409 3838 1536 3890; x_wconf 84' lang='grc' dir='ltr'><strong>Υἱοῦ</strong></span> <span class='ocrx_word' id='word_1_293' title='bbox 1584 3839 1949 3908; x_wconf 73' lang='grc' dir='ltr'>βλασφημίαν,</span> 
     </span>
    </p>
   </div>
   <div class='ocr_carea' id='block_1_40' title="bbox 379 3930 1951 4002">
    <p class='ocr_par' dir='ltr' id='par_1_40' title="bbox 379 3930 1951 4002">
     <span class='ocr_line' id='line_1_40' title="bbox 379 3930 1951 4002; baseline -0.001 -18"><span class='ocrx_word' id='word_1_294' title='bbox 379 3933 504 3985; x_wconf 79' lang='grc' dir='ltr'>ὅταν</span> <span class='ocrx_word' id='word_1_295' title='bbox 536 3933 766 4002; x_wconf 80' lang='grc' dir='ltr'>ὁμολογῇ</span> <span class='ocrx_word' id='word_1_296' title='bbox 801 3931 860 3983; x_wconf 87' lang='grc' dir='ltr'>τὺ</span> <span class='ocrx_word' id='word_1_297' title='bbox 903 3930 1043 3983; x_wconf 87' lang='grc' dir='ltr'><strong>κατά</strong></span> <span class='ocrx_word' id='word_1_298' title='bbox 1092 3930 1271 3999; x_wconf 79' lang='grc' dir='ltr'>πάσης</span> <span class='ocrx_word' id='word_1_299' title='bbox 1308 3930 1575 3995; x_wconf 83' lang='grc' dir='ltr'>γενέσεως</span> <span class='ocrx_word' id='word_1_300' title='bbox 1628 3930 1720 3982; x_wconf 74' lang='grc' dir='ltr'><strong>καὶ</strong></span> <span class='ocrx_word' id='word_1_301' title='bbox 1767 3931 1951 3993; x_wconf 68' lang='grc' dir='ltr'>οὑσίας</span> 
     </span>
    </p>
   </div>
   <div class='ocr_carea' id='block_1_41' title="bbox 378 4019 1952 4096">
    <p class='ocr_par' dir='ltr' id='par_1_41' title="bbox 378 4019 1952 4096">
     <span class='ocr_line' id='line_1_41' title="bbox 378 4019 1952 4096; baseline -0.005 -17"><span class='ocrx_word' id='word_1_302' title='bbox 378 4027 687 4096; x_wconf 81' lang='grc' dir='ltr'>λεγόμενον,</span> <span class='ocrx_word' id='word_1_303' title='bbox 748 4024 911 4094; x_wconf 83' lang='grc' dir='ltr'>μηδὲν</span> <span class='ocrx_word' id='word_1_304' title='bbox 960 4023 1186 4094; x_wconf 82' lang='grc' dir='ltr'>ἀπᾴδειν</span> <span class='ocrx_word' id='word_1_305' title='bbox 1216 4021 1308 4075; x_wconf 80' lang='grc' dir='ltr'>τοῦ</span> <span class='ocrx_word' id='word_1_306' title='bbox 1345 4023 1471 4092; x_wconf 76' lang='grc' dir='ltr'>περὶ</span> <span class='ocrx_word' id='word_1_307' title='bbox 1517 4021 1616 4089; x_wconf 72' lang='grc' dir='ltr'>τῆς</span> <span class='ocrx_word' id='word_1_308' title='bbox 1667 4019 1815 4077; x_wconf 75' lang='grc' dir='ltr'>θείας</span> <span class='ocrx_word' id='word_1_309' title='bbox 1860 4020 1952 4072; x_wconf 74' lang='grc' dir='ltr'>τοῦ</span> 
     </span>
    </p>
   </div>
   <div class='ocr_carea' id='block_1_42' title="bbox 379 4112 1954 4185">
    <p class='ocr_par' dir='ltr' id='par_1_42' title="bbox 379 4112 1954 4185">
     <span class='ocr_line' id='line_1_42' title="bbox 379 4112 1954 4185; baseline -0.005 -13"><span class='ocrx_word' id='word_1_310' title='bbox 379 4117 708 4185; x_wconf 77' lang='grc' dir='ltr'>Μονογενοῦς</span> <span class='ocrx_word' id='word_1_311' title='bbox 754 4116 1101 4174; x_wconf 82' lang='grc' dir='ltr'>ὑποστάσεως</span> <span class='ocrx_word' id='word_1_312' title='bbox 1142 4114 1322 4182; x_wconf 84' lang='grc' dir='ltr'>λόγου.</span> <span class='ocrx_word' id='word_1_313' title='bbox 1366 4112 1528 4166; x_wconf 85' lang='grc' dir='ltr'>Ἀλλά</span> <span class='ocrx_word' id='word_1_314' title='bbox 1563 4130 1652 4181; x_wconf 86' lang='grc' dir='ltr'><strong>μοι</strong></span> <span class='ocrx_word' id='word_1_315' title='bbox 1682 4113 1827 4165; x_wconf 83' lang='grc' dir='ltr'>δοκεῖ</span> <span class='ocrx_word' id='word_1_316' title='bbox 1855 4129 1954 4165; x_wconf 80' lang='grc' dir='ltr'>κα-</span> 
     </span>
    </p>
   </div>
   <div class='ocr_carea' id='block_1_43' title="bbox 377 4204 1954 4282">
    <p class='ocr_par' dir='ltr' id='par_1_43' title="bbox 377 4204 1954 4282">
     <span class='ocr_line' id='line_1_43' title="bbox 377 4204 1954 4282; baseline -0.004 -17"><span class='ocrx_word' id='word_1_317' title='bbox 377 4212 485 4276; x_wconf 85' lang='grc' dir='ltr'><strong>λῶς</strong></span> <span class='ocrx_word' id='word_1_318' title='bbox 513 4212 652 4282; x_wconf 79' lang='grc' dir='ltr'>ἔχειν</span> <span class='ocrx_word' id='word_1_319' title='bbox 683 4209 994 4280; x_wconf 81' lang='grc' dir='ltr'>ὑπερϐάντα</span> <span class='ocrx_word' id='word_1_320' title='bbox 1022 4207 1120 4277; x_wconf 78' lang='grc' dir='ltr'>τὴν</span> <span class='ocrx_word' id='word_1_321' title='bbox 1150 4206 1237 4259; x_wconf 81' lang='grc' dir='ltr'><strong>διά</strong></span> <span class='ocrx_word' id='word_1_322' title='bbox 1269 4207 1435 4276; x_wconf 80' lang='grc' dir='ltr'>μέσου</span> <span class='ocrx_word' id='word_1_323' title='bbox 1472 4207 1571 4274; x_wconf 76' lang='grc' dir='ltr'>τῆς</span> <span class='ocrx_word' id='word_1_324' title='bbox 1608 4204 1954 4275; x_wconf 67' lang='grc' dir='ltr'>βλασφημίας</span> 
     </span>
    </p>
   </div>
   <div class='ocr_carea' id='block_1_44' title="bbox 379 4297 1954 4372">
    <p class='ocr_par' dir='ltr' id='par_1_44' title="bbox 379 4297 1954 4372">
     <span class='ocr_line' id='line_1_44' title="bbox 379 4297 1954 4372; baseline -0.007 -14"><span class='ocrx_word' id='word_1_325' title='bbox 379 4302 721 4372; x_wconf 84' lang='grc' dir='ltr'>κατασκευὴν</span> <span class='ocrx_word' id='word_1_326' title='bbox 746 4341 761 4366; x_wconf 93' lang='grc'><strong>,</strong></span> <span class='ocrx_word' id='word_1_327' title='bbox 813 4301 1012 4369; x_wconf 84' lang='grc' dir='ltr'>τρόπον</span> <span class='ocrx_word' id='word_1_328' title='bbox 1056 4297 1175 4352; x_wconf 84' lang='grc' dir='ltr'>τινὰ</span> <span class='ocrx_word' id='word_1_329' title='bbox 1227 4297 1728 4368; x_wconf 83' lang='grc' dir='ltr'>προδιελεγχθεῖσαν</span> <span class='ocrx_word' id='word_1_330' title='bbox 1757 4299 1814 4348; x_wconf 83' lang='grc' dir='ltr'>ὲν</span> <span class='ocrx_word' id='word_1_331' title='bbox 1841 4298 1954 4359; x_wconf 88' lang='grc' dir='ltr'>τοῖς</span> 
     </span>
    </p>
   </div>
   <div class='ocr_carea' id='block_1_45' title="bbox 379 4389 1952 4468">
    <p class='ocr_par' dir='ltr' id='par_1_45' title="bbox 379 4389 1952 4468">
     <span class='ocr_line' id='line_1_45' title="bbox 379 4389 1952 4468; baseline -0.006 -18"><span class='ocrx_word' id='word_1_332' title='bbox 379 4394 786 4468; x_wconf 80' lang='grc' dir='ltr'>ὲξητασμένοις,</span> <span class='ocrx_word' id='word_1_333' title='bbox 831 4394 925 4445; x_wconf 78' lang='grc' dir='ltr'><strong>ἐπὶ</strong></span> <span class='ocrx_word' id='word_1_334' title='bbox 975 4391 1045 4444; x_wconf 79' lang='grc' dir='ltr'>τὰ</span> <span class='ocrx_word' id='word_1_335' title='bbox 1089 4390 1359 4460; x_wconf 82' lang='grc' dir='ltr'>κεφάλαια</span> <span class='ocrx_word' id='word_1_336' title='bbox 1403 4389 1502 4459; x_wconf 77' lang='grc' dir='ltr'><strong>τῆς</strong></span> <span class='ocrx_word' id='word_1_337' title='bbox 1541 4389 1634 4441; x_wconf 82' lang='grc' dir='ltr'>τοῦ</span> <span class='ocrx_word' id='word_1_338' title='bbox 1685 4389 1952 4458; x_wconf 82' lang='grc' dir='ltr'>δόγματος</span> 
     </span>
    </p>
   </div>
   <div class='ocr_carea' id='block_1_46' title="bbox 377 4481 1953 4558">
    <p class='ocr_par' dir='ltr' id='par_1_46' title="bbox 377 4481 1953 4558">
     <span class='ocr_line' id='line_1_46' title="bbox 377 4481 1953 4558; baseline -0.008 -15"><span class='ocrx_word' id='word_1_339' title='bbox 377 4488 557 4543; x_wconf 89' lang='grc' dir='ltr'>αὑτῶν</span> <span class='ocrx_word' id='word_1_340' title='bbox 587 4485 916 4558; x_wconf 88' lang='grc' dir='ltr'>κατηγορίας</span> <span class='ocrx_word' id='word_1_341' title='bbox 948 4483 1139 4540; x_wconf 74' lang='grc' dir='ltr'>ἐλθεῖν.</span> <span class='ocrx_word' id='word_1_342' title='bbox 1194 4483 1561 4554; x_wconf 80' lang='grc' dir='ltr'>Εὑρεθήσεται</span> <span class='ocrx_word' id='word_1_343' title='bbox 1590 4481 1696 4551; x_wconf 83' lang='grc' dir='ltr'>γὰρ</span> <span class='ocrx_word' id='word_1_344' title='bbox 1728 4481 1953 4550; x_wconf 89' lang='grc' dir='ltr'>μάταιον</span> 
     </span>
    </p>
   </div>
   <div class='ocr_carea' id='block_1_47' title="bbox 2040 648 3615 720">
    <p class='ocr_par' dir='ltr' id='par_1_47' title="bbox 2040 648 3615 720">
     <span class='ocr_line' id='line_1_47' title="bbox 2040 648 3615 720; baseline -0.005 -17"><span class='ocrx_word' id='word_1_345' title='bbox 2040 652 2134 720; x_wconf 85' lang='lat' dir='ltr'><strong>qui</strong></span> <span class='ocrx_word' id='word_1_346' title='bbox 2169 666 2362 705; x_wconf 91' lang='lat' dir='ltr'><strong>vanam</strong></span> <span class='ocrx_word' id='word_1_347' title='bbox 2414 651 2553 704; x_wconf 89' lang='lat' dir='ltr'><strong>hanc</strong></span> <span class='ocrx_word' id='word_1_348' title='bbox 2604 652 2928 719; x_wconf 89' lang='lat' dir='ltr'><strong>proﬁtentur</strong></span> <span class='ocrx_word' id='word_1_349' title='bbox 2981 648 3365 716; x_wconf 91' lang='lat' dir='ltr'><strong>imposturam,</strong></span> <span class='ocrx_word' id='word_1_350' title='bbox 3411 660 3615 697; x_wconf 89' lang='lat' dir='ltr'><strong>secun-</strong></span> 
     </span>
    </p>
   </div>
   <div class='ocr_carea' id='block_1_48' title="bbox 2040 735 3617 811">
    <p class='ocr_par' dir='ltr' id='par_1_48' title="bbox 2040 735 3617 811">
     <span class='ocr_line' id='line_1_48' title="bbox 2040 735 3617 811; baseline -0.006 -15"><span class='ocrx_word' id='word_1_351' title='bbox 2040 743 2167 796; x_wconf 92' lang='lat' dir='ltr'><strong>dum</strong></span> <span class='ocrx_word' id='word_1_352' title='bbox 2199 741 2460 811; x_wconf 88' lang='lat' dir='ltr'><strong>quasdam</strong></span> <span class='ocrx_word' id='word_1_353' title='bbox 2497 741 2779 795; x_wconf 89' lang='lat' dir='ltr'><strong>stellarum</strong></span> <span class='ocrx_word' id='word_1_354' title='bbox 2827 739 3250 808; x_wconf 89' lang='lat' dir='ltr'><strong>conjunctiones</strong></span> <span class='ocrx_word' id='word_1_355' title='bbox 3315 745 3369 790; x_wconf 93' lang='lat' dir='ltr'><strong>et</strong></span> <span class='ocrx_word' id='word_1_356' title='bbox 3403 735 3617 789; x_wconf 86' lang='lat' dir='ltr'><strong>distan-</strong></span> 
     </span>
    </p>
   </div>
   <div class='ocr_carea' id='block_1_49' title="bbox 2041 828 3620 903">
    <p class='ocr_par' dir='ltr' id='par_1_49' title="bbox 2041 828 3620 903">
     <span class='ocr_line' id='line_1_49' title="bbox 2041 828 3620 903; baseline -0.003 -19"><span class='ocrx_word' id='word_1_357' title='bbox 2041 834 2146 888; x_wconf 93' lang='lat' dir='ltr'><strong>tias</strong></span> <span class='ocrx_word' id='word_1_358' title='bbox 2185 834 2500 888; x_wconf 90' lang='lat' dir='ltr'><strong>sortitiones</strong></span> <span class='ocrx_word' id='word_1_359' title='bbox 2535 833 2656 887; x_wconf 69' lang='lat' dir='ltr'><strong>vitae</strong></span> <span class='ocrx_word' id='word_1_360' title='bbox 2688 849 2948 903; x_wconf 81' lang='lat' dir='ltr'><strong>generum</strong></span> <span class='ocrx_word' id='word_1_361' title='bbox 2997 829 3354 886; x_wconf 87' lang='lat' dir='ltr'><strong>nascentibus</strong></span> <span class='ocrx_word' id='word_1_362' title='bbox 3401 828 3620 881; x_wconf 81' lang='lat' dir='ltr'><strong>contin-</strong></span> 
     </span>
    </p>
   </div>
   <div class='ocr_carea' id='block_1_50' title="bbox 2041 918 3619 995">
    <p class='ocr_par' dir='ltr' id='par_1_50' title="bbox 2041 918 3619 995">
     <span class='ocr_line' id='line_1_50' title="bbox 2041 918 3619 995; baseline -0.004 -16"><span class='ocrx_word' id='word_1_363' title='bbox 2041 941 2187 995; x_wconf 86' lang='lat' dir='ltr'><strong>gere,</strong></span> <span class='ocrx_word' id='word_1_364' title='bbox 2249 926 2390 980; x_wconf 89' lang='lat' dir='ltr'><strong>serie</strong></span> <span class='ocrx_word' id='word_1_365' title='bbox 2430 924 2664 994; x_wconf 87' lang='lat' dir='ltr'><strong>quadam</strong></span> <span class='ocrx_word' id='word_1_366' title='bbox 2712 933 2767 978; x_wconf 93' lang='lat' dir='ltr'><strong>et</strong></span> <span class='ocrx_word' id='word_1_367' title='bbox 2819 941 2962 978; x_wconf 77' lang='lat' dir='ltr'><strong>nexu</strong></span> <span class='ocrx_word' id='word_1_368' title='bbox 3021 937 3274 992; x_wconf 76' lang='lat' dir='ltr'><strong>supernae</strong></span> <span class='ocrx_word' id='word_1_369' title='bbox 3330 918 3619 987; x_wconf 78' lang='lat' dir='ltr'><strong>vertiginis</strong></span> 
     </span>
    </p>
   </div>
   <div class='ocr_carea' id='block_1_51' title="bbox 2041 1009 3618 1086">
    <p class='ocr_par' dir='ltr' id='par_1_51' title="bbox 2041 1009 3618 1086">
     <span class='ocr_line' id='line_1_51' title="bbox 2041 1009 3618 1086; baseline -0.003 -18"><span class='ocrx_word' id='word_1_370' title='bbox 2041 1017 2184 1070; x_wconf 87' lang='lat' dir='ltr'><strong>vires</strong></span> <span class='ocrx_word' id='word_1_371' title='bbox 2212 1017 2326 1071; x_wconf 88' lang='lat' dir='ltr'><strong>sive</strong></span> <span class='ocrx_word' id='word_1_372' title='bbox 2362 1017 2633 1086; x_wconf 91' lang='lat' dir='ltr'><strong>potentias</strong></span> <span class='ocrx_word' id='word_1_373' title='bbox 2661 1016 2728 1070; x_wconf 90' lang='lat' dir='ltr'><strong>ad</strong></span> <span class='ocrx_word' id='word_1_374' title='bbox 2769 1016 2974 1085; x_wconf 90' lang='lat' dir='ltr'><strong>aliquid</strong></span> <span class='ocrx_word' id='word_1_375' title='bbox 3013 1013 3369 1068; x_wconf 84' lang='lat' dir='ltr'><strong>nascentibus</strong></span> <span class='ocrx_word' id='word_1_376' title='bbox 3397 1009 3618 1071; x_wconf 89' lang='lat' dir='ltr'><strong>nentis;</strong></span> 
     </span>
    </p>
   </div>
   <div class='ocr_carea' id='block_1_52' title="bbox 2042 1106 3620 1177">
    <p class='ocr_par' dir='ltr' id='par_1_52' title="bbox 2042 1106 3620 1177">
     <span class='ocr_line' id='line_1_52' title="bbox 2042 1106 3620 1177; baseline -0.005 -17"><span class='ocrx_word' id='word_1_377' title='bbox 2042 1106 2274 1163; x_wconf 79' lang='lat' dir='ltr'><strong>fortasse</strong></span> <span class='ocrx_word' id='word_1_378' title='bbox 2298 1107 2427 1177; x_wconf 91' lang='lat' dir='ltr'><strong>quid</strong></span> <span class='ocrx_word' id='word_1_379' title='bbox 2469 1108 2575 1163; x_wconf 86' lang='lat' dir='ltr'><strong>tale</strong></span> <span class='ocrx_word' id='word_1_380' title='bbox 2608 1107 2700 1161; x_wconf 89' lang='lat' dir='ltr'><strong>hic</strong></span> <span class='ocrx_word' id='word_1_381' title='bbox 2731 1109 2953 1177; x_wconf 90' lang='lat' dir='ltr'><strong>sapiens</strong></span> <span class='ocrx_word' id='word_1_382' title='bbox 2983 1111 3387 1160; x_wconf 88' lang='lat' dir='ltr'><strong>commentatur</strong></span> <span class='ocrx_word' id='word_1_383' title='bbox 3417 1110 3471 1156; x_wconf 88' lang='lat' dir='ltr'><strong>et</strong></span> <span class='ocrx_word' id='word_1_384' title='bbox 3523 1116 3620 1154; x_wconf 84' lang='lat' dir='ltr'><strong>au-</strong></span> 
     </span>
    </p>
   </div>
   <div class='ocr_carea' id='block_1_53' title="bbox 2039 1197 3619 1270">
    <p class='ocr_par' dir='ltr' id='par_1_53' title="bbox 2039 1197 3619 1270">
     <span class='ocr_line' id='line_1_53' title="bbox 2039 1197 3619 1270; baseline -0.003 -18"><span class='ocrx_word' id='word_1_385' title='bbox 2039 1206 2247 1263; x_wconf 88' lang='lat' dir='ltr'><strong>tumat,</strong></span> <span class='ocrx_word' id='word_1_386' title='bbox 2281 1200 2376 1270; x_wconf 90' lang='lat' dir='ltr'><strong>qui</strong></span> <span class='ocrx_word' id='word_1_387' title='bbox 2407 1200 2833 1270; x_wconf 90' lang='lat' dir='ltr'><strong>supereminenti</strong></span> <span class='ocrx_word' id='word_1_388' title='bbox 2869 1200 3016 1253; x_wconf 88' lang='lat' dir='ltr'><strong>omni</strong></span> <span class='ocrx_word' id='word_1_389' title='bbox 3079 1197 3385 1268; x_wconf 72' lang='lat' dir='ltr'><strong>principatu</strong></span> <span class='ocrx_word' id='word_1_390' title='bbox 3415 1202 3468 1248; x_wconf 88' lang='lat' dir='ltr'><strong>et</strong></span> <span class='ocrx_word' id='word_1_391' title='bbox 3521 1209 3619 1262; x_wconf 85' lang='lat' dir='ltr'><strong>po-</strong></span> 
     </span>
    </p>
   </div>
   <div class='ocr_carea' id='block_1_54' title="bbox 2041 1287 3620 1356">
    <p class='ocr_par' dir='ltr' id='par_1_54' title="bbox 2041 1287 3620 1356">
     <span class='ocr_line' id='line_1_54' title="bbox 2041 1287 3620 1356; baseline -0.006 -13"><span class='ocrx_word' id='word_1_392' title='bbox 2041 1298 2240 1344; x_wconf 87' lang='lat' dir='ltr'><strong>testate</strong></span> <span class='ocrx_word' id='word_1_393' title='bbox 2269 1302 2323 1345; x_wconf 92' lang='lat' dir='ltr'><strong>et</strong></span> <span class='ocrx_word' id='word_1_394' title='bbox 2348 1291 2745 1353; x_wconf 89' lang='lat' dir='ltr'><strong>dominatione,</strong></span> <span class='ocrx_word' id='word_1_395' title='bbox 2777 1302 2829 1346; x_wconf 80' lang='lat' dir='ltr'><strong>et</strong></span> <span class='ocrx_word' id='word_1_396' title='bbox 2878 1291 3025 1344; x_wconf 89' lang='lat' dir='ltr'><strong>omni</strong></span> <span class='ocrx_word' id='word_1_397' title='bbox 3079 1289 3299 1343; x_wconf 79' lang='lat' dir='ltr'><strong>nomine</strong></span> <span class='ocrx_word' id='word_1_398' title='bbox 3326 1287 3470 1356; x_wconf 88' lang='lat' dir='ltr'><strong>quod</strong></span> <span class='ocrx_word' id='word_1_399' title='bbox 3524 1292 3620 1338; x_wconf 79' lang='lat' dir='ltr'><strong>nn-</strong></span> 
     </span>
    </p>
   </div>
   <div class='ocr_carea' id='block_1_55' title="bbox 2041 1375 3616 1444">
    <p class='ocr_par' dir='ltr' id='par_1_55' title="bbox 2041 1375 3616 1444">
     <span class='ocr_line' id='line_1_55' title="bbox 2041 1375 3616 1444; baseline -0.004 -12"><span class='ocrx_word' id='word_1_400' title='bbox 2041 1380 2302 1444; x_wconf 89' lang='lat' dir='ltr'><strong>minatur,</strong></span> <span class='ocrx_word' id='word_1_401' title='bbox 2327 1396 2436 1434; x_wconf 89' lang='lat' dir='ltr'><strong>non</strong></span> <span class='ocrx_word' id='word_1_402' title='bbox 2493 1381 2670 1435; x_wconf 90' lang='lat' dir='ltr'><strong>solum</strong></span> <span class='ocrx_word' id='word_1_403' title='bbox 2705 1380 2756 1433; x_wconf 90' lang='lat' dir='ltr'><strong>in</strong></span> <span class='ocrx_word' id='word_1_404' title='bbox 2818 1380 2921 1434; x_wconf 91' lang='lat' dir='ltr'><strong>hoc</strong></span> <span class='ocrx_word' id='word_1_405' title='bbox 2951 1379 3173 1440; x_wconf 64' lang='lat' dir='ltr'><strong>saeculo,</strong></span> <span class='ocrx_word' id='word_1_406' title='bbox 3231 1377 3323 1432; x_wconf 89' lang='lat' dir='ltr'><strong>sed</strong></span> <span class='ocrx_word' id='word_1_407' title='bbox 3357 1376 3520 1428; x_wconf 88' lang='lat' dir='ltr'><strong>etiam</strong></span> <span class='ocrx_word' id='word_1_408' title='bbox 3563 1375 3616 1426; x_wconf 91' lang='lat' dir='ltr'><strong>in</strong></span> 
     </span>
    </p>
   </div>
   <div class='ocr_carea' id='block_1_56' title="bbox 2042 1466 3618 1542">
    <p class='ocr_par' dir='ltr' id='par_1_56' title="bbox 2042 1466 3618 1542">
     <span class='ocr_line' id='line_1_56' title="bbox 2042 1466 3618 1542; baseline -0.002 -19"><span class='ocrx_word' id='word_1_409' title='bbox 2042 1469 2247 1534; x_wconf 81' lang='lat' dir='ltr'><strong>futuro,</strong></span> <span class='ocrx_word' id='word_1_410' title='bbox 2280 1481 2536 1540; x_wconf 86' lang='lat' dir='ltr'><strong>tanquam</strong></span> <span class='ocrx_word' id='word_1_411' title='bbox 2571 1473 2623 1525; x_wconf 92' lang='lat' dir='ltr'><strong>in</strong></span> <span class='ocrx_word' id='word_1_412' title='bbox 2648 1472 2798 1526; x_wconf 90' lang='lat' dir='ltr'><strong>cavis</strong></span> <span class='ocrx_word' id='word_1_413' title='bbox 2829 1471 3154 1542; x_wconf 80' lang='lat' dir='ltr'><strong>quibusdam</strong></span> <span class='ocrx_word' id='word_1_414' title='bbox 3186 1470 3322 1523; x_wconf 90' lang='lat' dir='ltr'><strong>locis</strong></span> <span class='ocrx_word' id='word_1_415' title='bbox 3379 1466 3618 1522; x_wconf 82' lang='lat' dir='ltr'><strong>coercito</strong></span> 
     </span>
    </p>
   </div>
   <div class='ocr_carea' id='block_1_57' title="bbox 2040 1558 3615 1631">
    <p class='ocr_par' dir='ltr' id='par_1_57' title="bbox 2040 1558 3615 1631">
     <span class='ocr_line' id='line_1_57' title="bbox 2040 1558 3615 1631; baseline -0.004 -17"><span class='ocrx_word' id='word_1_416' title='bbox 2040 1560 2276 1628; x_wconf 89' lang='lat' dir='ltr'><strong>desuper</strong></span> <span class='ocrx_word' id='word_1_417' title='bbox 2323 1561 2480 1630; x_wconf 91' lang='lat' dir='ltr'><strong>quasi</strong></span> <span class='ocrx_word' id='word_1_418' title='bbox 2533 1562 2730 1616; x_wconf 90' lang='lat' dir='ltr'><strong>sortito</strong></span> <span class='ocrx_word' id='word_1_419' title='bbox 2780 1561 3080 1631; x_wconf 82' lang='lat' dir='ltr'><strong>obtigisse,</strong></span> <span class='ocrx_word' id='word_1_420' title='bbox 3150 1560 3216 1613; x_wconf 91' lang='lat' dir='ltr'><strong>ad</strong></span> <span class='ocrx_word' id='word_1_421' title='bbox 3257 1558 3615 1631; x_wconf 89' lang='lat' dir='ltr'><strong>quantitatem</strong></span> 
     </span>
    </p>
   </div>
   <div class='ocr_carea' id='block_1_58' title="bbox 2040 1648 3618 1722">
    <p class='ocr_par' dir='ltr' id='par_1_58' title="bbox 2040 1648 3618 1722">
     <span class='ocr_line' id='line_1_58' title="bbox 2040 1648 3618 1722; baseline -0.004 -15"><span class='ocrx_word' id='word_1_422' title='bbox 2040 1667 2226 1707; x_wconf 84' lang='lat' dir='ltr'><strong>eorum</strong></span> <span class='ocrx_word' id='word_1_423' title='bbox 2273 1667 2394 1721; x_wconf 58' lang='lat' dir='ltr'><strong>qua;</strong></span> <span class='ocrx_word' id='word_1_424' title='bbox 2440 1653 2576 1705; x_wconf 90' lang='lat' dir='ltr'><strong>ﬁunt</strong></span> <span class='ocrx_word' id='word_1_425' title='bbox 2613 1653 2926 1708; x_wconf 87' lang='lat' dir='ltr'><strong>demensam</strong></span> <span class='ocrx_word' id='word_1_426' title='bbox 2980 1653 3276 1722; x_wconf 84' lang='lat' dir='ltr'><strong>potentiam</strong></span> <span class='ocrx_word' id='word_1_427' title='bbox 3305 1651 3414 1703; x_wconf 79' lang='lat' dir='ltr'><strong>?Et</strong></span> <span class='ocrx_word' id='word_1_428' title='bbox 3469 1648 3618 1701; x_wconf 93' lang='lat' dir='ltr'><strong>hunc</strong></span> 
     </span>
    </p>
   </div>
   <div class='ocr_carea' id='block_1_59' title="bbox 2043 1743 3614 1813">
    <p class='ocr_par' dir='ltr' id='par_1_59' title="bbox 2043 1743 3614 1813">
     <span class='ocr_line' id='line_1_59' title="bbox 2043 1743 3614 1813; baseline -0.003 -18"><span class='ocrx_word' id='word_1_429' title='bbox 2043 1745 2262 1797; x_wconf 80' lang='lat' dir='ltr'><strong>concise</strong></span> <span class='ocrx_word' id='word_1_430' title='bbox 2287 1751 2340 1797; x_wconf 91' lang='lat' dir='ltr'><strong>et</strong></span> <span class='ocrx_word' id='word_1_431' title='bbox 2376 1743 2615 1798; x_wconf 89' lang='lat' dir='ltr'><strong>breviter</strong></span> <span class='ocrx_word' id='word_1_432' title='bbox 2642 1759 2948 1799; x_wconf 85' lang='lat' dir='ltr'><strong>sermonem</strong></span> <span class='ocrx_word' id='word_1_433' title='bbox 2985 1752 3426 1813; x_wconf 67' lang='lat' dir='ltr'><strong>praetercurram,</strong></span> <span class='ocrx_word' id='word_1_434' title='bbox 3492 1755 3614 1794; x_wconf 90' lang='lat' dir='ltr'><strong>cum</strong></span> 
     </span>
    </p>
   </div>
   <div class='ocr_carea' id='block_1_60' title="bbox 2043 1833 3618 1905">
    <p class='ocr_par' dir='ltr' id='par_1_60' title="bbox 2043 1833 3618 1905">
     <span class='ocr_line' id='line_1_60' title="bbox 2043 1833 3618 1905; baseline -0.003 -17"><span class='ocrx_word' id='word_1_435' title='bbox 2043 1851 2106 1888; x_wconf 80' lang='lat' dir='ltr'><strong>ex</strong></span> <span class='ocrx_word' id='word_1_436' title='bbox 2141 1835 2232 1888; x_wconf 90' lang='lat' dir='ltr'><strong>illo</strong></span> <span class='ocrx_word' id='word_1_437' title='bbox 2254 1835 2452 1905; x_wconf 83' lang='lat' dir='ltr'><strong>exiguo</strong></span> <span class='ocrx_word' id='word_1_438' title='bbox 2478 1836 2745 1904; x_wconf 89' lang='lat' dir='ltr'><strong>principio</strong></span> <span class='ocrx_word' id='word_1_439' title='bbox 2787 1851 2977 1890; x_wconf 86' lang='lat' dir='ltr'><strong>eorum</strong></span> <span class='ocrx_word' id='word_1_440' title='bbox 3035 1849 3156 1904; x_wconf 70' lang='lat' dir='ltr'><strong>quae</strong></span> <span class='ocrx_word' id='word_1_441' title='bbox 3205 1833 3316 1902; x_wconf 83' lang='lat' dir='ltr'><strong>jam</strong></span> <span class='ocrx_word' id='word_1_442' title='bbox 3368 1833 3618 1886; x_wconf 80' lang='lat' dir='ltr'><strong>discussa</strong></span> 
     </span>
    </p>
   </div>
   <div class='ocr_carea' id='block_1_61' title="bbox 1975 1905 3614 1995">
    <p class='ocr_par' dir='ltr' id='par_1_61' title="bbox 1975 1905 3614 1995">
     <span class='ocr_line' id='line_1_61' title="bbox 1975 1905 3614 1995; baseline -0.003 -17"><span class='ocrx_word' id='word_1_443' title='bbox 1975 1905 2283 1990; x_wconf 60' lang='lat' dir='ltr'><strong>l3l&#39;uerunt,</strong></span> <span class='ocrx_word' id='word_1_444' title='bbox 2323 1926 2530 1980; x_wconf 89' lang='lat' dir='ltr'><strong>semina</strong></span> <span class='ocrx_word' id='word_1_445' title='bbox 2581 1927 2647 1979; x_wconf 90' lang='lat' dir='ltr'><strong>ad</strong></span> <span class='ocrx_word' id='word_1_446' title='bbox 2705 1926 3102 1995; x_wconf 87' lang='lat' dir='ltr'><strong>blasphemiam</strong></span> <span class='ocrx_word' id='word_1_447' title='bbox 3157 1922 3614 1994; x_wconf 87' lang='lat' dir='ltr'><strong>dignoscendam,</strong></span> 
     </span>
    </p>
   </div>
   <div class='ocr_carea' id='block_1_62' title="bbox 2045 2015 3616 2086">
    <p class='ocr_par' dir='ltr' id='par_1_62' title="bbox 2045 2015 3616 2086">
     <span class='ocr_line' id='line_1_62' title="bbox 2045 2015 3616 2086; baseline -0.001 -16"><span class='ocrx_word' id='word_1_448' title='bbox 2045 2017 2128 2072; x_wconf 92' lang='lat' dir='ltr'><strong>his</strong></span> <span class='ocrx_word' id='word_1_449' title='bbox 2158 2017 2249 2086; x_wconf 92' lang='lat' dir='ltr'><strong>qui</strong></span> <span class='ocrx_word' id='word_1_450' title='bbox 2306 2017 2764 2086; x_wconf 85' lang='lat' dir='ltr'><strong>intelligenliores</strong></span> <span class='ocrx_word' id='word_1_451' title='bbox 2819 2017 2933 2070; x_wconf 69' lang='lat' dir='ltr'><strong>haac</strong></span> <span class='ocrx_word' id='word_1_452' title='bbox 2970 2017 3177 2083; x_wconf 85' lang='lat' dir='ltr'><strong>legunt,</strong></span> <span class='ocrx_word' id='word_1_453' title='bbox 3242 2015 3616 2084; x_wconf 89' lang='lat' dir='ltr'><strong>disperserim,</strong></span> 
     </span>
    </p>
   </div>
   <div class='ocr_carea' id='block_1_63' title="bbox 2042 2108 3619 2180">
    <p class='ocr_par' dir='ltr' id='par_1_63' title="bbox 2042 2108 3619 2180">
     <span class='ocr_line' id='line_1_63' title="bbox 2042 2108 3619 2180; baseline -0.001 -18"><span class='ocrx_word' id='word_1_454' title='bbox 2042 2108 2244 2164; x_wconf 86' lang='lat' dir='ltr'><strong>Deinde</strong></span> <span class='ocrx_word' id='word_1_455' title='bbox 2289 2109 2342 2163; x_wconf 91' lang='lat' dir='ltr'><strong>in</strong></span> <span class='ocrx_word' id='word_1_456' title='bbox 2373 2109 2729 2179; x_wconf 85' lang='lat' dir='ltr'><strong>sequentibus</strong></span> <span class='ocrx_word' id='word_1_457' title='bbox 2755 2108 3003 2165; x_wconf 82' lang='lat' dir='ltr'><strong>defensio</strong></span> <span class='ocrx_word' id='word_1_458' title='bbox 3030 2110 3278 2180; x_wconf 67' lang='lat' dir='ltr'><strong>quaadam</strong></span> <span class='ocrx_word' id='word_1_459' title='bbox 3321 2124 3420 2179; x_wconf 91' lang='lat' dir='ltr'><strong>pro</strong></span> <span class='ocrx_word' id='word_1_460' title='bbox 3461 2109 3619 2162; x_wconf 90' lang='lat' dir='ltr'><strong>nobis</strong></span> 
     </span>
    </p>
   </div>
   <div class='ocr_carea' id='block_1_64' title="bbox 2043 2199 3620 2270">
    <p class='ocr_par' dir='ltr' id='par_1_64' title="bbox 2043 2199 3620 2270">
     <span class='ocr_line' id='line_1_64' title="bbox 2043 2199 3620 2270; baseline 0 -17"><span class='ocrx_word' id='word_1_461' title='bbox 2043 2201 2179 2269; x_wconf 90' lang='lat' dir='ltr'><strong>ipsis</strong></span> <span class='ocrx_word' id='word_1_462' title='bbox 2215 2202 2421 2270; x_wconf 88' lang='lat' dir='ltr'><strong>scripta</strong></span> <span class='ocrx_word' id='word_1_463' title='bbox 2471 2209 2577 2256; x_wconf 89' lang='lat' dir='ltr'><strong>est.</strong></span> <span class='ocrx_word' id='word_1_464' title='bbox 2632 2200 2750 2254; x_wconf 80' lang='lat' dir='ltr'><strong>Non</strong></span> <span class='ocrx_word' id='word_1_465' title='bbox 2817 2202 2961 2255; x_wconf 89' lang='lat' dir='ltr'><strong>enim</strong></span> <span class='ocrx_word' id='word_1_466' title='bbox 3025 2201 3260 2270; x_wconf 85' lang='lat' dir='ltr'><strong>amplius</strong></span> <span class='ocrx_word' id='word_1_467' title='bbox 3316 2199 3620 2270; x_wconf 88' lang='lat' dir='ltr'><strong>legentibus</strong></span> 
     </span>
    </p>
   </div>
   <div class='ocr_carea' id='block_1_65' title="bbox 2043 2289 3618 2361">
    <p class='ocr_par' dir='ltr' id='par_1_65' title="bbox 2043 2289 3618 2361">
     <span class='ocr_line' id='line_1_65' title="bbox 2043 2289 3618 2361; baseline -0.003 -15"><span class='ocrx_word' id='word_1_468' title='bbox 2043 2293 2354 2354; x_wconf 84' lang='lat' dir='ltr'><strong>videremur</strong></span> <span class='ocrx_word' id='word_1_469' title='bbox 2402 2301 2549 2347; x_wconf 90' lang='lat' dir='ltr'><strong>recte</strong></span> <span class='ocrx_word' id='word_1_470' title='bbox 2599 2293 2873 2361; x_wconf 85' lang='lat' dir='ltr'><strong>conjicere</strong></span> <span class='ocrx_word' id='word_1_471' title='bbox 2924 2309 3146 2348; x_wconf 85' lang='lat' dir='ltr'><strong>sensum</strong></span> <span class='ocrx_word' id='word_1_472' title='bbox 3181 2293 3470 2352; x_wconf 87' lang='lat' dir='ltr'><strong>orationis,</strong></span> <span class='ocrx_word' id='word_1_473' title='bbox 3525 2289 3618 2344; x_wconf 88' lang='lat' dir='ltr'><strong>sed</strong></span> 
     </span>
    </p>
   </div>
   <div class='ocr_carea' id='block_1_66' title="bbox 2046 2385 3617 2454">
    <p class='ocr_par' dir='ltr' id='par_1_66' title="bbox 2046 2385 3617 2454">
     <span class='ocr_line' id='line_1_66' title="bbox 2046 2385 3617 2454; baseline 0.001 -17"><span class='ocrx_word' id='word_1_474' title='bbox 2046 2385 2100 2437; x_wconf 93' lang='lat' dir='ltr'><strong>in</strong></span> <span class='ocrx_word' id='word_1_475' title='bbox 2128 2386 2336 2438; x_wconf 80' lang='lat' dir='ltr'><strong>crimen</strong></span> <span class='ocrx_word' id='word_1_476' title='bbox 2369 2385 2488 2454; x_wconf 91' lang='lat' dir='ltr'><strong>ejus</strong></span> <span class='ocrx_word' id='word_1_477' title='bbox 2513 2385 2679 2439; x_wconf 88' lang='lat' dir='ltr'><strong>verba</strong></span> <span class='ocrx_word' id='word_1_478' title='bbox 2717 2385 3090 2453; x_wconf 87' lang='lat' dir='ltr'><strong>interpretari,</strong></span> <span class='ocrx_word' id='word_1_479' title='bbox 3141 2388 3244 2440; x_wconf 90' lang='lat' dir='ltr'><strong>nisi</strong></span> <span class='ocrx_word' id='word_1_480' title='bbox 3289 2387 3462 2454; x_wconf 90' lang='lat' dir='ltr'><strong>ipsius</strong></span> <span class='ocrx_word' id='word_1_481' title='bbox 3515 2401 3617 2438; x_wconf 79' lang='lat' dir='ltr'><strong>vox</strong></span> 
     </span>
    </p>
   </div>
   <div class='ocr_carea' id='block_1_67' title="bbox 2045 2476 3623 2547">
    <p class='ocr_par' dir='ltr' id='par_1_67' title="bbox 2045 2476 3623 2547">
     <span class='ocr_line' id='line_1_67' title="bbox 2045 2476 3623 2547; baseline 0.003 -19"><span class='ocrx_word' id='word_1_482' title='bbox 2045 2476 2436 2531; x_wconf 89' lang='lat' dir='ltr'><strong>absurditatem</strong></span> <span class='ocrx_word' id='word_1_483' title='bbox 2471 2479 2652 2547; x_wconf 86' lang='lat' dir='ltr'><strong>palam</strong></span> <span class='ocrx_word' id='word_1_484' title='bbox 2688 2479 3060 2533; x_wconf 89' lang='lat' dir='ltr'><strong>conﬁteretur.</strong></span> <span class='ocrx_word' id='word_1_485' title='bbox 3095 2478 3185 2532; x_wconf 86' lang='lat' dir='ltr'><strong>Sic</strong></span> <span class='ocrx_word' id='word_1_486' title='bbox 3231 2481 3376 2532; x_wconf 80' lang='lat' dir='ltr'><strong>enim</strong></span> <span class='ocrx_word' id='word_1_487' title='bbox 3424 2478 3623 2532; x_wconf 83' lang='lat' dir='ltr'><strong>habent</strong></span> 
     </span>
    </p>
   </div>
   <div class='ocr_carea' id='block_1_68' title="bbox 2045 2567 3622 2639">
    <p class='ocr_par' dir='ltr' id='par_1_68' title="bbox 2045 2567 3622 2639">
     <span class='ocr_line' id='line_1_68' title="bbox 2045 2567 3622 2639; baseline 0.002 -17"><span class='ocrx_word' id='word_1_488' title='bbox 2045 2567 2249 2637; x_wconf 88' lang='lat' dir='ltr'><strong>scripta</strong></span> <span class='ocrx_word' id='word_1_489' title='bbox 2277 2567 2393 2621; x_wconf 80' lang='lat' dir='ltr'><strong>:An</strong></span> <span class='ocrx_word' id='word_1_490' title='bbox 2426 2584 2556 2630; x_wconf 91' lang='lat' dir='ltr'><strong>non,</strong></span> <span class='ocrx_word' id='word_1_491' title='bbox 2609 2569 2804 2638; x_wconf 86' lang='lat' dir='ltr'><strong>inquit,</strong></span> <span class='ocrx_word' id='word_1_492' title='bbox 2839 2579 2981 2624; x_wconf 88' lang='lat' dir='ltr'><strong>terra</strong></span> <span class='ocrx_word' id='word_1_493' title='bbox 3029 2570 3248 2639; x_wconf 89' lang='lat' dir='ltr'><strong>quidem</strong></span> <span class='ocrx_word' id='word_1_494' title='bbox 3290 2581 3343 2624; x_wconf 92' lang='lat' dir='ltr'><strong>et</strong></span> <span class='ocrx_word' id='word_1_495' title='bbox 3396 2570 3622 2639; x_wconf 76' lang='lat' dir='ltr'><strong>angelus</strong></span> 
     </span>
    </p>
   </div>
   <div class='ocr_carea' id='block_1_69' title="bbox 2045 2659 3619 2723">
    <p class='ocr_par' dir='ltr' id='par_1_69' title="bbox 2045 2659 3619 2723">
     <span class='ocr_line' id='line_1_69' title="bbox 2045 2659 3619 2723; baseline 0.002 -11"><span class='ocrx_word' id='word_1_496' title='bbox 2045 2673 2169 2712; x_wconf 91' lang='lat' dir='ltr'><strong>cum</strong></span> <span class='ocrx_word' id='word_1_497' title='bbox 2223 2673 2329 2712; x_wconf 91' lang='lat' dir='ltr'><strong>non</strong></span> <span class='ocrx_word' id='word_1_498' title='bbox 2396 2668 2600 2723; x_wconf 91' lang='lat' dir='ltr'><strong>essent,</strong></span> <span class='ocrx_word' id='word_1_499' title='bbox 2667 2659 2810 2714; x_wconf 83' lang='lat' dir='ltr'><strong>iacta</strong></span> <span class='ocrx_word' id='word_1_500' title='bbox 2867 2663 3038 2716; x_wconf 89' lang='lat' dir='ltr'><strong>sunt?</strong></span> <span class='ocrx_word' id='word_1_501' title='bbox 3089 2659 3279 2716; x_wconf 82' lang='lat' dir='ltr'><strong>Videte</strong></span> <span class='ocrx_word' id='word_1_502' title='bbox 3333 2663 3619 2717; x_wconf 86' lang='lat' dir='ltr'><strong>sublimem</strong></span> 
     </span>
    </p>
   </div>
   <div class='ocr_carea' id='block_1_70' title="bbox 2045 2750 3621 2820">
    <p class='ocr_par' dir='ltr' id='par_1_70' title="bbox 2045 2750 3621 2820">
     <span class='ocr_line' id='line_1_70' title="bbox 2045 2750 3621 2820; baseline 0.001 -17"><span class='ocrx_word' id='word_1_503' title='bbox 2045 2750 2383 2820; x_wconf 79' lang='lat' dir='ltr'><strong>theologum,</strong></span> <span class='ocrx_word' id='word_1_504' title='bbox 2417 2751 2509 2819; x_wconf 91' lang='lat' dir='ltr'><strong>qui</strong></span> <span class='ocrx_word' id='word_1_505' title='bbox 2554 2767 2662 2804; x_wconf 91' lang='lat' dir='ltr'><strong>non</strong></span> <span class='ocrx_word' id='word_1_506' title='bbox 2700 2753 2982 2806; x_wconf 88' lang='lat' dir='ltr'><strong>erubescit</strong></span> <span class='ocrx_word' id='word_1_507' title='bbox 3033 2753 3280 2807; x_wconf 87' lang='lat' dir='ltr'><strong>eumdem</strong></span> <span class='ocrx_word' id='word_1_508' title='bbox 3317 2768 3621 2806; x_wconf 84' lang='lat' dir='ltr'><strong>sermonem</strong></span> 
     </span>
    </p>
   </div>
   <div class='ocr_carea' id='block_1_71' title="bbox 2048 2844 3620 2914">
    <p class='ocr_par' dir='ltr' id='par_1_71' title="bbox 2048 2844 3620 2914">
     <span class='ocr_line' id='line_1_71' title="bbox 2048 2844 3620 2914; baseline 0.001 -18"><span class='ocrx_word' id='word_1_509' title='bbox 2048 2851 2206 2897; x_wconf 67' lang='lat' dir='ltr'><strong>terra:</strong></span> <span class='ocrx_word' id='word_1_510' title='bbox 2233 2854 2283 2898; x_wconf 92' lang='lat' dir='ltr'><strong>et</strong></span> <span class='ocrx_word' id='word_1_511' title='bbox 2307 2844 2514 2914; x_wconf 79' lang='lat' dir='ltr'><strong>angelis</strong></span> <span class='ocrx_word' id='word_1_512' title='bbox 2535 2885 2550 2908; x_wconf 95' lang='lat'><strong>,</strong></span> <span class='ocrx_word' id='word_1_513' title='bbox 2585 2854 2746 2912; x_wconf 85' lang='lat' dir='ltr'><strong>atque</strong></span> <span class='ocrx_word' id='word_1_514' title='bbox 2779 2846 3018 2898; x_wconf 90' lang='lat' dir='ltr'><strong>universi</strong></span> <span class='ocrx_word' id='word_1_515' title='bbox 3058 2845 3248 2898; x_wconf 73' lang='lat' dir='ltr'><strong>[actori</strong></span> <span class='ocrx_word' id='word_1_516' title='bbox 3307 2846 3620 2913; x_wconf 78' lang='lat' dir='ltr'><strong>appingere.</strong></span> 
     </span>
    </p>
   </div>
   <div class='ocr_carea' id='block_1_72' title="bbox 2046 2933 3616 3005">
    <p class='ocr_par' dir='ltr' id='par_1_72' title="bbox 2046 2933 3616 3005">
     <span class='ocr_line' id='line_1_72' title="bbox 2046 2933 3616 3005; baseline 0 -18"><span class='ocrx_word' id='word_1_517' title='bbox 2046 2934 2215 3005; x_wconf 88' lang='lat' dir='ltr'><strong>Igitur</strong></span> <span class='ocrx_word' id='word_1_518' title='bbox 2245 2935 2290 2990; x_wconf 92' lang='lat' dir='ltr'><strong>si</strong></span> <span class='ocrx_word' id='word_1_519' title='bbox 2335 2934 2526 2990; x_wconf 89' lang='lat' dir='ltr'><strong>eadem</strong></span> <span class='ocrx_word' id='word_1_520' title='bbox 2556 2935 2750 2989; x_wconf 89' lang='lat' dir='ltr'><strong>decere</strong></span> <span class='ocrx_word' id='word_1_521' title='bbox 2799 2945 2973 3005; x_wconf 88' lang='lat' dir='ltr'><strong>putat,</strong></span> <span class='ocrx_word' id='word_1_522' title='bbox 3014 2935 3080 2987; x_wconf 88' lang='lat' dir='ltr'><strong>de</strong></span> <span class='ocrx_word' id='word_1_523' title='bbox 3119 2944 3262 2988; x_wconf 87' lang='lat' dir='ltr'><strong>terra</strong></span> <span class='ocrx_word' id='word_1_524' title='bbox 3313 2943 3367 2989; x_wconf 89' lang='lat' dir='ltr'><strong>et</strong></span> <span class='ocrx_word' id='word_1_525' title='bbox 3422 2933 3489 2988; x_wconf 93' lang='lat' dir='ltr'><strong>de</strong></span> <span class='ocrx_word' id='word_1_526' title='bbox 3522 2933 3616 2987; x_wconf 88' lang='lat' dir='ltr'><strong>Do-</strong></span> 
     </span>
    </p>
   </div>
   <div class='ocr_carea' id='block_1_73' title="bbox 2049 3025 3628 3095">
    <p class='ocr_par' dir='ltr' id='par_1_73' title="bbox 2049 3025 3628 3095">
     <span class='ocr_line' id='line_1_73' title="bbox 2049 3025 3628 3095; baseline 0.003 -19"><span class='ocrx_word' id='word_1_527' title='bbox 2049 3025 2196 3080; x_wconf 90' lang='lat' dir='ltr'><strong>mino</strong></span> <span class='ocrx_word' id='word_1_528' title='bbox 2233 3041 2505 3087; x_wconf 83' lang='lat' dir='ltr'><strong>asserere,</strong></span> <span class='ocrx_word' id='word_1_529' title='bbox 2532 3027 2611 3079; x_wconf 87' lang='lat' dir='ltr'><strong>vel</strong></span> <span class='ocrx_word' id='word_1_530' title='bbox 2645 3028 2806 3080; x_wconf 90' lang='lat' dir='ltr'><strong>etiam</strong></span> <span class='ocrx_word' id='word_1_531' title='bbox 2843 3027 2982 3080; x_wconf 89' lang='lat' dir='ltr'><strong>hanc</strong></span> <span class='ocrx_word' id='word_1_532' title='bbox 3018 3029 3177 3095; x_wconf 83' lang='lat' dir='ltr'><strong>plane</strong></span> <span class='ocrx_word' id='word_1_533' title='bbox 3209 3026 3504 3087; x_wconf 88' lang='lat' dir='ltr'><strong>deiﬁcabit,</strong></span> <span class='ocrx_word' id='word_1_534' title='bbox 3539 3025 3628 3081; x_wconf 76' lang='lat' dir='ltr'><strong>vel.</strong></span> 
     </span>
    </p>
   </div>
   <div class='ocr_carea' id='block_1_74' title="bbox 2051 3115 3095 3170">
    <p class='ocr_par' dir='ltr' id='par_1_74' title="bbox 2051 3115 3095 3170">
     <span class='ocr_line' id='line_1_74' title="bbox 2051 3115 3095 3170; baseline -0.001 -2"><span class='ocrx_word' id='word_1_535' title='bbox 2051 3115 2200 3168; x_wconf 91' lang='lat' dir='ltr'><strong>illum</strong></span> <span class='ocrx_word' id='word_1_536' title='bbox 2232 3130 2355 3170; x_wconf 89' lang='lat' dir='ltr'><strong>cum</strong></span> <span class='ocrx_word' id='word_1_537' title='bbox 2391 3117 2490 3170; x_wconf 87' lang='lat' dir='ltr'><strong>hac</strong></span> <span class='ocrx_word' id='word_1_538' title='bbox 2521 3115 2683 3169; x_wconf 89' lang='lat' dir='ltr'><strong>simul</strong></span> <span class='ocrx_word' id='word_1_539' title='bbox 2721 3116 3095 3170; x_wconf 84' lang='lat' dir='ltr'><strong>dedecorabit.</strong></span> 
     </span>
    </p>
   </div>
   <div class='ocr_carea' id='block_1_75' title="bbox 2119 3205 3625 3278">
    <p class='ocr_par' dir='ltr' id='par_1_75' title="bbox 2119 3205 3625 3278">
     <span class='ocr_line' id='line_1_75' title="bbox 2119 3205 3625 3278; baseline 0 -18"><span class='ocrx_word' id='word_1_540' title='bbox 2119 3205 2322 3262; x_wconf 89' lang='lat' dir='ltr'><strong>Deinde</strong></span> <span class='ocrx_word' id='word_1_541' title='bbox 2363 3208 2446 3263; x_wconf 91' lang='lat' dir='ltr'><strong>his</strong></span> <span class='ocrx_word' id='word_1_542' title='bbox 2493 3209 2676 3275; x_wconf 84' lang='lat' dir='ltr'><strong>adjicit</strong></span> <span class='ocrx_word' id='word_1_543' title='bbox 2737 3224 2831 3278; x_wconf 86' lang='lat' dir='ltr'><strong>per</strong></span> <span class='ocrx_word' id='word_1_544' title='bbox 2871 3226 2989 3276; x_wconf 71' lang='lat' dir='ltr'><strong>qum</strong></span> <span class='ocrx_word' id='word_1_545' title='bbox 3042 3208 3351 3261; x_wconf 75' lang='lat' dir='ltr'><strong>donudatur</strong></span> <span class='ocrx_word' id='word_1_546' title='bbox 3409 3207 3625 3276; x_wconf 81' lang='lat' dir='ltr'><strong>planius</strong></span> 
     </span>
    </p>
   </div>
   <div class='ocr_carea' id='block_1_76' title="bbox 2053 3299 3620 3370">
    <p class='ocr_par' dir='ltr' id='par_1_76' title="bbox 2053 3299 3620 3370">
     <span class='ocr_line' id='line_1_76' title="bbox 2053 3299 3620 3370; baseline -0.001 -18"><span class='ocrx_word' id='word_1_547' title='bbox 2053 3299 2409 3368; x_wconf 85' lang='lat' dir='ltr'><strong>blasphemia,</strong></span> <span class='ocrx_word' id='word_1_548' title='bbox 2443 3301 2514 3352; x_wconf 88' lang='lat' dir='ltr'><strong>ita</strong></span> <span class='ocrx_word' id='word_1_549' title='bbox 2549 3313 2603 3353; x_wconf 90' lang='lat' dir='ltr'><strong>ut</strong></span> <span class='ocrx_word' id='word_1_550' title='bbox 2637 3317 2810 3370; x_wconf 84' lang='lat' dir='ltr'><strong>neque</strong></span> <span class='ocrx_word' id='word_1_551' title='bbox 2853 3318 3020 3370; x_wconf 87' lang='lat' dir='ltr'><strong>puero</strong></span> <span class='ocrx_word' id='word_1_552' title='bbox 3052 3301 3363 3355; x_wconf 82' lang='lat' dir='ltr'><strong>absurditas</strong></span> <span class='ocrx_word' id='word_1_553' title='bbox 3390 3299 3464 3352; x_wconf 91' lang='lat' dir='ltr'><strong>sit</strong></span> <span class='ocrx_word' id='word_1_554' title='bbox 3495 3314 3620 3366; x_wconf 91' lang='lat' dir='ltr'><strong>per-</strong></span> 
     </span>
    </p>
   </div>
   <div class='ocr_carea' id='block_1_77' title="bbox 2053 3388 3626 3460">
    <p class='ocr_par' dir='ltr' id='par_1_77' title="bbox 2053 3388 3626 3460">
     <span class='ocr_line' id='line_1_77' title="bbox 2053 3388 3626 3460; baseline -0.001 -18"><span class='ocrx_word' id='word_1_555' title='bbox 2053 3398 2211 3457; x_wconf 83' lang='lat' dir='ltr'><strong>ceptu</strong></span> <span class='ocrx_word' id='word_1_556' title='bbox 2267 3388 2522 3445; x_wconf 86' lang='lat' dir='ltr'><strong>diﬁicilis.</strong></span> <span class='ocrx_word' id='word_1_557' title='bbox 2581 3390 2712 3444; x_wconf 89' lang='lat' dir='ltr'><strong>Dico</strong></span> <span class='ocrx_word' id='word_1_558' title='bbox 2767 3393 2911 3444; x_wconf 90' lang='lat' dir='ltr'><strong>enim</strong></span> <span class='ocrx_word' id='word_1_559' title='bbox 2982 3391 3127 3460; x_wconf 87' lang='lat' dir='ltr'><strong>quod</strong></span> <span class='ocrx_word' id='word_1_560' title='bbox 3202 3393 3420 3458; x_wconf 87' lang='lat' dir='ltr'><strong>longum</strong></span> <span class='ocrx_word' id='word_1_561' title='bbox 3477 3395 3626 3444; x_wconf 84' lang='lat' dir='ltr'><strong>esset</strong></span> 
     </span>
    </p>
   </div>
   <div class='ocr_carea' id='block_1_78' title="bbox 2053 3479 3626 3551">
    <p class='ocr_par' dir='ltr' id='par_1_78' title="bbox 2053 3479 3626 3551">
     <span class='ocr_line' id='line_1_78' title="bbox 2053 3479 3626 3551; baseline 0 -20"><span class='ocrx_word' id='word_1_562' title='bbox 2053 3494 2246 3534; x_wconf 89' lang='lat' dir='ltr'><strong>omnes</strong></span> <span class='ocrx_word' id='word_1_563' title='bbox 2307 3495 2596 3536; x_wconf 88' lang='lat' dir='ltr'><strong>recensere</strong></span> <span class='ocrx_word' id='word_1_564' title='bbox 2649 3483 3072 3549; x_wconf 86' lang='lat' dir='ltr'><strong>intelligibilinm</strong></span> <span class='ocrx_word' id='word_1_565' title='bbox 3104 3479 3505 3551; x_wconf 83' lang='lat' dir='ltr'><strong>generationes,</strong></span> <span class='ocrx_word' id='word_1_566' title='bbox 3541 3479 3626 3532; x_wconf 75' lang='lat' dir='ltr'><strong>vel</strong></span> 
     </span>
    </p>
   </div>
   <div class='ocr_carea' id='block_1_79' title="bbox 2053 3572 3630 3642">
    <p class='ocr_par' dir='ltr' id='par_1_79' title="bbox 2053 3572 3630 3642">
     <span class='ocr_line' id='line_1_79' title="bbox 2053 3572 3630 3642; baseline 0.001 -19"><span class='ocrx_word' id='word_1_567' title='bbox 2053 3572 2341 3634; x_wconf 84' lang='lat' dir='ltr'><strong>essentias,</strong></span> <span class='ocrx_word' id='word_1_568' title='bbox 2379 3573 2580 3642; x_wconf 90' lang='lat' dir='ltr'><strong>quibus</strong></span> <span class='ocrx_word' id='word_1_569' title='bbox 2607 3573 2864 3626; x_wconf 89' lang='lat' dir='ltr'><strong>omnibus</strong></span> <span class='ocrx_word' id='word_1_570' title='bbox 2895 3589 3002 3626; x_wconf 92' lang='lat' dir='ltr'><strong>non</strong></span> <span class='ocrx_word' id='word_1_571' title='bbox 3035 3572 3340 3624; x_wconf 87' lang='lat' dir='ltr'><strong>communis</strong></span> <span class='ocrx_word' id='word_1_572' title='bbox 3371 3579 3447 3623; x_wconf 89' lang='lat' dir='ltr'><strong>est</strong></span> <span class='ocrx_word' id='word_1_573' title='bbox 3482 3585 3630 3638; x_wconf 69' lang='lat' dir='ltr'><strong>quae-</strong></span> 
     </span>
    </p>
   </div>
   <div class='ocr_carea' id='block_1_80' title="bbox 2054 3661 3628 3732">
    <p class='ocr_par' dir='ltr' id='par_1_80' title="bbox 2054 3661 3628 3732">
     <span class='ocr_line' id='line_1_80' title="bbox 2054 3661 3628 3732; baseline 0.001 -17"><span class='ocrx_word' id='word_1_574' title='bbox 2054 3661 2178 3715; x_wconf 88' lang='lat' dir='ltr'><strong>dam</strong></span> <span class='ocrx_word' id='word_1_575' title='bbox 2218 3663 2363 3718; x_wconf 90' lang='lat' dir='ltr'><strong>entis</strong></span> <span class='ocrx_word' id='word_1_576' title='bbox 2413 3673 2640 3729; x_wconf 85' lang='lat' dir='ltr'><strong>natura,</strong></span> <span class='ocrx_word' id='word_1_577' title='bbox 2677 3665 2770 3718; x_wconf 87' lang='lat' dir='ltr'><strong>sed</strong></span> <span class='ocrx_word' id='word_1_578' title='bbox 2823 3681 2916 3732; x_wconf 86' lang='lat' dir='ltr'><strong>per</strong></span> <span class='ocrx_word' id='word_1_579' title='bbox 2945 3663 3248 3716; x_wconf 85' lang='lat' dir='ltr'><strong>conditoris</strong></span> <span class='ocrx_word' id='word_1_580' title='bbox 3281 3664 3628 3731; x_wconf 69' lang='lat' dir='ltr'><strong>operatione:</strong></span> 
     </span>
    </p>
   </div>
   <div class='ocr_carea' id='block_1_81' title="bbox 2056 3751 3628 3809">
    <p class='ocr_par' dir='ltr' id='par_1_81' title="bbox 2056 3751 3628 3809">
     <span class='ocr_line' id='line_1_81' title="bbox 2056 3751 3628 3809; baseline 0.004 -7"><span class='ocrx_word' id='word_1_581' title='bbox 2056 3751 2197 3803; x_wconf 82' lang='lat' dir='ltr'><strong>inest</strong></span> <span class='ocrx_word' id='word_1_582' title='bbox 2227 3752 2569 3806; x_wconf 80' lang='lat' dir='ltr'><strong>dill&#39;erentia:</strong></span> <span class='ocrx_word' id='word_1_583' title='bbox 2603 3753 2717 3807; x_wconf 67' lang='lat' dir='ltr'><strong>haec</strong></span> <span class='ocrx_word' id='word_1_584' title='bbox 2751 3754 2894 3806; x_wconf 89' lang='lat' dir='ltr'><strong>enim</strong></span> <span class='ocrx_word' id='word_1_585' title='bbox 2925 3754 3086 3806; x_wconf 85' lang='lat' dir='ltr'><strong>etiam</strong></span> <span class='ocrx_word' id='word_1_586' title='bbox 3120 3751 3278 3805; x_wconf 88' lang='lat' dir='ltr'><strong>nobis</strong></span> <span class='ocrx_word' id='word_1_587' title='bbox 3319 3752 3628 3809; x_wconf 80' lang='lat' dir='ltr'><strong>tacentibus</strong></span> 
     </span>
    </p>
   </div>
   <div class='ocr_carea' id='block_1_82' title="bbox 2055 3842 3628 3912">
    <p class='ocr_par' dir='ltr' id='par_1_82' title="bbox 2055 3842 3628 3912">
     <span class='ocr_line' id='line_1_82' title="bbox 2055 3842 3628 3912; baseline 0.003 -21"><span class='ocrx_word' id='word_1_588' title='bbox 2055 3842 2271 3910; x_wconf 76' lang='lat' dir='ltr'><strong>penitus</strong></span> <span class='ocrx_word' id='word_1_589' title='bbox 2329 3844 2676 3912; x_wconf 88' lang='lat' dir='ltr'><strong>perspicuam</strong></span> <span class='ocrx_word' id='word_1_590' title='bbox 2719 3853 2772 3897; x_wconf 92' lang='lat' dir='ltr'><strong>et</strong></span> <span class='ocrx_word' id='word_1_591' title='bbox 2810 3842 3114 3896; x_wconf 77' lang='lat' dir='ltr'><strong>evidentem</strong></span> <span class='ocrx_word' id='word_1_592' title='bbox 3147 3843 3374 3895; x_wconf 80' lang='lat' dir='ltr'><strong>habent</strong></span> <span class='ocrx_word' id='word_1_593' title='bbox 3434 3851 3628 3896; x_wconf 81' lang='lat' dir='ltr'><strong>contra</strong></span> 
     </span>
    </p>
   </div>
   <div class='ocr_carea' id='block_1_83' title="bbox 2056 3931 3626 4003">
    <p class='ocr_par' dir='ltr' id='par_1_83' title="bbox 2056 3931 3626 4003">
     <span class='ocr_line' id='line_1_83' title="bbox 2056 3931 3626 4003; baseline 0.003 -19"><span class='ocrx_word' id='word_1_594' title='bbox 2056 3931 2254 3986; x_wconf 81' lang='lat' dir='ltr'><strong>Filium</strong></span> <span class='ocrx_word' id='word_1_595' title='bbox 2286 3933 2706 4003; x_wconf 90' lang='lat' dir='ltr'><strong>blasphemiam,</strong></span> <span class='ocrx_word' id='word_1_596' title='bbox 2739 3951 2862 3988; x_wconf 91' lang='lat' dir='ltr'><strong>cum</strong></span> <span class='ocrx_word' id='word_1_597' title='bbox 2895 3934 3132 3988; x_wconf 83' lang='lat' dir='ltr'><strong>fateatur</strong></span> <span class='ocrx_word' id='word_1_598' title='bbox 3163 3935 3306 4002; x_wconf 82' lang='lat' dir='ltr'><strong>quod</strong></span> <span class='ocrx_word' id='word_1_599' title='bbox 3363 3937 3430 3989; x_wconf 88' lang='lat' dir='ltr'><strong>de</strong></span> <span class='ocrx_word' id='word_1_600' title='bbox 3478 3936 3626 3989; x_wconf 89' lang='lat' dir='ltr'><strong>omni</strong></span> 
     </span>
    </p>
   </div>
   <div class='ocr_carea' id='block_1_84' title="bbox 2056 4024 3629 4094">
    <p class='ocr_par' dir='ltr' id='par_1_84' title="bbox 2056 4024 3629 4094">
     <span class='ocr_line' id='line_1_84' title="bbox 2056 4024 3629 4094; baseline 0.003 -18"><span class='ocrx_word' id='word_1_601' title='bbox 2056 4024 2413 4091; x_wconf 89' lang='lat' dir='ltr'><strong>generatione</strong></span> <span class='ocrx_word' id='word_1_602' title='bbox 2437 4034 2487 4078; x_wconf 94' lang='lat' dir='ltr'><strong>et</strong></span> <span class='ocrx_word' id='word_1_603' title='bbox 2515 4026 2754 4079; x_wconf 87' lang='lat' dir='ltr'><strong>essentia</strong></span> <span class='ocrx_word' id='word_1_604' title='bbox 2778 4025 3000 4086; x_wconf 92' lang='lat' dir='ltr'><strong>dicitur,</strong></span> <span class='ocrx_word' id='word_1_605' title='bbox 3059 4025 3192 4077; x_wconf 83' lang='lat' dir='ltr'><strong>nihil</strong></span> <span class='ocrx_word' id='word_1_606' title='bbox 3227 4027 3535 4094; x_wconf 85' lang='lat' dir='ltr'><strong>discrepare</strong></span> <span class='ocrx_word' id='word_1_607' title='bbox 3561 4029 3629 4081; x_wconf 88' lang='lat' dir='ltr'><strong>ab</strong></span> 
     </span>
    </p>
   </div>
   <div class='ocr_carea' id='block_1_85' title="bbox 2055 4115 3616 4186">
    <p class='ocr_par' dir='ltr' id='par_1_85' title="bbox 2055 4115 3616 4186">
     <span class='ocr_line' id='line_1_85' title="bbox 2055 4115 3616 4186; baseline 0.003 -17"><span class='ocrx_word' id='word_1_608' title='bbox 2055 4116 2123 4170; x_wconf 90' lang='lat' dir='ltr'><strong>iis</strong></span> <span class='ocrx_word' id='word_1_609' title='bbox 2155 4131 2274 4184; x_wconf 75' lang='lat' dir='ltr'><strong>qua:</strong></span> <span class='ocrx_word' id='word_1_610' title='bbox 2315 4115 2383 4170; x_wconf 89' lang='lat' dir='ltr'><strong>de</strong></span> <span class='ocrx_word' id='word_1_611' title='bbox 2417 4116 2602 4170; x_wconf 90' lang='lat' dir='ltr'><strong>divina</strong></span> <span class='ocrx_word' id='word_1_612' title='bbox 2642 4116 2915 4186; x_wconf 88' lang='lat' dir='ltr'><strong>Unigeniti</strong></span> <span class='ocrx_word' id='word_1_613' title='bbox 2947 4117 3301 4171; x_wconf 81' lang='lat' dir='ltr'><strong>subsistentia</strong></span> <span class='ocrx_word' id='word_1_614' title='bbox 3335 4117 3616 4174; x_wconf 91' lang='lat' dir='ltr'><strong>dicuntur.</strong></span> 
     </span>
    </p>
   </div>
   <div class='ocr_carea' id='block_1_86' title="bbox 2057 4206 3626 4285">
    <p class='ocr_par' dir='ltr' id='par_1_86' title="bbox 2057 4206 3626 4285">
     <span class='ocr_line' id='line_1_86' title="bbox 2057 4206 3626 4285; baseline 0 -23"><span class='ocrx_word' id='word_1_615' title='bbox 2057 4206 2164 4262; x_wconf 90' lang='lat' dir='ltr'><strong>Sed</strong></span> <span class='ocrx_word' id='word_1_616' title='bbox 2190 4223 2370 4277; x_wconf 63' lang='lat' dir='ltr'><strong>operm</strong></span> <span class='ocrx_word' id='word_1_617' title='bbox 2405 4209 2638 4278; x_wconf 87' lang='lat' dir='ltr'><strong>pretium</strong></span> <span class='ocrx_word' id='word_1_618' title='bbox 2698 4209 2828 4262; x_wconf 90' lang='lat' dir='ltr'><strong>mihi</strong></span> <span class='ocrx_word' id='word_1_619' title='bbox 2871 4209 3085 4263; x_wconf 89' lang='lat' dir='ltr'><strong>videtur</strong></span> <span class='ocrx_word' id='word_1_620' title='bbox 3122 4218 3505 4280; x_wconf 67' lang='lat' dir='ltr'><strong>praztergressa</strong></span> <span class='ocrx_word' id='word_1_621' title='bbox 3564 4226 3626 4285; x_wconf 74' lang='lat' dir='ltr'><strong>ea</strong></span> 
     </span>
    </p>
   </div>
   <div class='ocr_carea' id='block_1_87' title="bbox 2055 4298 3631 4369">
    <p class='ocr_par' dir='ltr' id='par_1_87' title="bbox 2055 4298 3631 4369">
     <span class='ocr_line' id='line_1_87' title="bbox 2055 4298 3631 4369; baseline 0.001 -17"><span class='ocrx_word' id='word_1_622' title='bbox 2055 4313 2216 4368; x_wconf 90' lang='lat' dir='ltr'><strong>quam</strong></span> <span class='ocrx_word' id='word_1_623' title='bbox 2251 4314 2348 4368; x_wconf 91' lang='lat' dir='ltr'><strong>per</strong></span> <span class='ocrx_word' id='word_1_624' title='bbox 2380 4298 2616 4353; x_wconf 92' lang='lat' dir='ltr'><strong>medium</strong></span> <span class='ocrx_word' id='word_1_625' title='bbox 2642 4299 2994 4369; x_wconf 65' lang='lat' dir='ltr'><strong>blasphemia:</strong></span> <span class='ocrx_word' id='word_1_626' title='bbox 3015 4309 3259 4354; x_wconf 86' lang='lat' dir='ltr'><strong>astruere</strong></span> <span class='ocrx_word' id='word_1_627' title='bbox 3280 4302 3474 4354; x_wconf 90' lang='lat' dir='ltr'><strong>nititur</strong></span> <span class='ocrx_word' id='word_1_628' title='bbox 3504 4317 3631 4369; x_wconf 89' lang='lat' dir='ltr'><strong>pro-</strong></span> 
     </span>
    </p>
   </div>
   <div class='ocr_carea' id='block_1_88' title="bbox 2054 4392 3628 4463">
    <p class='ocr_par' dir='ltr' id='par_1_88' title="bbox 2054 4392 3628 4463">
     <span class='ocr_line' id='line_1_88' title="bbox 2054 4392 3628 4463; baseline 0 -17"><span class='ocrx_word' id='word_1_629' title='bbox 2054 4392 2292 4456; x_wconf 88' lang='lat' dir='ltr'><strong>batione,</strong></span> <span class='ocrx_word' id='word_1_630' title='bbox 2339 4407 2502 4461; x_wconf 86' lang='lat' dir='ltr'><strong>quam</strong></span> <span class='ocrx_word' id='word_1_631' title='bbox 2531 4392 2752 4461; x_wconf 90' lang='lat' dir='ltr'><strong>quidem</strong></span> <span class='ocrx_word' id='word_1_632' title='bbox 2785 4394 2841 4446; x_wconf 92' lang='lat' dir='ltr'><strong>in</strong></span> <span class='ocrx_word' id='word_1_633' title='bbox 2876 4393 2962 4447; x_wconf 92' lang='lat' dir='ltr'><strong>his</strong></span> <span class='ocrx_word' id='word_1_634' title='bbox 2999 4409 3120 4463; x_wconf 69' lang='lat' dir='ltr'><strong>qua:</strong></span> <span class='ocrx_word' id='word_1_635' title='bbox 3142 4395 3293 4463; x_wconf 91' lang='lat' dir='ltr'><strong>prius</strong></span> <span class='ocrx_word' id='word_1_636' title='bbox 3320 4395 3628 4448; x_wconf 79' lang='lat' dir='ltr'><strong>examinata</strong></span> 
     </span>
    </p>
   </div>
   <div class='ocr_carea' id='block_1_89' title="bbox 2055 4484 3630 4554">
    <p class='ocr_par' dir='ltr' id='par_1_89' title="bbox 2055 4484 3630 4554">
     <span class='ocr_line' id='line_1_89' title="bbox 2055 4484 3630 4554; baseline 0 -15"><span class='ocrx_word' id='word_1_637' title='bbox 2055 4492 2182 4540; x_wconf 91' lang='lat' dir='ltr'><strong>sunt</strong></span> <span class='ocrx_word' id='word_1_638' title='bbox 2222 4484 2457 4554; x_wconf 88' lang='lat' dir='ltr'><strong>quodam</strong></span> <span class='ocrx_word' id='word_1_639' title='bbox 2496 4484 2656 4538; x_wconf 90' lang='lat' dir='ltr'><strong>modo</strong></span> <span class='ocrx_word' id='word_1_640' title='bbox 2689 4484 3117 4551; x_wconf 81' lang='lat' dir='ltr'><strong>confutavimus,</strong></span> <span class='ocrx_word' id='word_1_641' title='bbox 3171 4486 3236 4540; x_wconf 92' lang='lat' dir='ltr'><strong>ad</strong></span> <span class='ocrx_word' id='word_1_642' title='bbox 3289 4501 3502 4539; x_wconf 87' lang='lat' dir='ltr'><strong>sunnna</strong></span> <span class='ocrx_word' id='word_1_643' title='bbox 3539 4503 3630 4539; x_wconf 80' lang='lat' dir='ltr'><strong>ca-</strong></span> 
     </span>
    </p>
   </div>
   <div class='ocr_carea' id='block_1_90' title="bbox 383 4571 1948 4658">
    <p class='ocr_par' dir='ltr' id='par_1_90' title="bbox 383 4571 1948 4652">
     <span class='ocr_line' id='line_1_90' title="bbox 383 4571 1948 4652; baseline -0.008 -18"><span class='ocrx_word' id='word_1_644' title='bbox 383 4582 482 4652; x_wconf 83' lang='grc' dir='ltr'><strong>μὲν</strong></span> <span class='ocrx_word' id='word_1_645' title='bbox 525 4579 843 4640; x_wconf 83' lang='grc' dir='ltr'>ἀποδεικνὺς</span> <span class='ocrx_word' id='word_1_646' title='bbox 896 4576 956 4630; x_wconf 81' lang='grc' dir='ltr'><strong>τὸ</strong></span> <span class='ocrx_word' id='word_1_647' title='bbox 1003 4575 1103 4645; x_wconf 83' lang='grc' dir='ltr'>τῆς</span> <span class='ocrx_word' id='word_1_648' title='bbox 1150 4574 1564 4643; x_wconf 83' lang='grc' dir='ltr'>παλιγγενεσίας</span> <span class='ocrx_word' id='word_1_649' title='bbox 1621 4571 1948 4642; x_wconf 79' lang='grc' dir='ltr'>μυστήριον,</span> 
     </span>
    </p>
   </div>
   <div class='ocr_carea' id='block_1_91' title="bbox 2048 4571 3628 4658">
    <p class='ocr_par' dir='ltr' id='par_1_91' title="bbox 2056 4576 3628 4646">
     <span class='ocr_line' id='line_1_91' title="bbox 2056 4576 3628 4646; baseline 0.003 -18"><span class='ocrx_word' id='word_1_650' title='bbox 2056 4576 2166 4646; x_wconf 81' lang='lat' dir='ltr'><strong>pita</strong></span> <span class='ocrx_word' id='word_1_651' title='bbox 2195 4577 2464 4646; x_wconf 86' lang='lat' dir='ltr'><strong>dogmatis</strong></span> <span class='ocrx_word' id='word_1_652' title='bbox 2503 4576 2746 4644; x_wconf 89' lang='lat' dir='ltr'><strong>ipsorum</strong></span> <span class='ocrx_word' id='word_1_653' title='bbox 2787 4578 3160 4632; x_wconf 90' lang='lat' dir='ltr'><strong>accusationis</strong></span> <span class='ocrx_word' id='word_1_654' title='bbox 3203 4578 3478 4632; x_wconf 88' lang='lat' dir='ltr'><strong>devenire.</strong></span> <span class='ocrx_word' id='word_1_655' title='bbox 3544 4578 3628 4632; x_wconf 84' lang='lat' dir='ltr'><strong>ln-</strong></span> 
     </span>
    </p>
   </div>
   <div class='ocr_carea' id='block_1_92' title="bbox 378 4666 1954 4744">
    <p class='ocr_par' dir='ltr' id='par_1_92' title="bbox 378 4666 1954 4744">
     <span class='ocr_line' id='line_1_92' title="bbox 378 4666 1954 4744; baseline -0.009 -16"><span class='ocrx_word' id='word_1_656' title='bbox 378 4674 631 4744; x_wconf 78' lang='grc' dir='ltr'>ὰνόνητον</span> <span class='ocrx_word' id='word_1_657' title='bbox 656 4671 712 4724; x_wconf 82' lang='grc' dir='ltr'>δὲ</span> <span class='ocrx_word' id='word_1_658' title='bbox 741 4670 838 4741; x_wconf 82' lang='grc' dir='ltr'>τὴν</span> <span class='ocrx_word' id='word_1_659' title='bbox 866 4668 1129 4741; x_wconf 82' lang='grc' dir='ltr'>μυστικὴν</span> <span class='ocrx_word' id='word_1_660' title='bbox 1156 4666 1516 4739; x_wconf 73' lang='grc' dir='ltr'>δωροφορίαν,</span> <span class='ocrx_word' id='word_1_661' title='bbox 1551 4667 1650 4734; x_wconf 85' lang='grc' dir='ltr'>τήν</span> <span class='ocrx_word' id='word_1_662' title='bbox 1677 4682 1736 4716; x_wconf 87' lang='grc' dir='ltr'><strong>τε</strong></span> <span class='ocrx_word' id='word_1_663' title='bbox 1769 4680 1954 4734; x_wconf 87' lang='grc' dir='ltr'>μετου-</span> 
     </span>
    </p>
   </div>
   <div class='ocr_carea' id='block_1_93' title="bbox 382 4757 1954 4832">
    <p class='ocr_par' dir='ltr' id='par_1_93' title="bbox 382 4757 1954 4832">
     <span class='ocr_line' id='line_1_93' title="bbox 382 4757 1954 4832; baseline -0.009 -10"><span class='ocrx_word' id='word_1_664' title='bbox 382 4769 501 4822; x_wconf 90' lang='grc' dir='ltr'>σίαν</span> <span class='ocrx_word' id='word_1_665' title='bbox 531 4769 610 4830; x_wconf 90' lang='grc' dir='ltr'><strong>είς</strong></span> <span class='ocrx_word' id='word_1_666' title='bbox 637 4765 788 4820; x_wconf 79' lang='grc' dir='ltr'>οὐδὲν</span> <span class='ocrx_word' id='word_1_667' title='bbox 817 4763 980 4816; x_wconf 90' lang='grc' dir='ltr'>πλέον</span> <span class='ocrx_word' id='word_1_668' title='bbox 1005 4764 1118 4824; x_wconf 80' lang='grc' dir='ltr'>τοῖς</span> <span class='ocrx_word' id='word_1_669' title='bbox 1155 4761 1437 4832; x_wconf 87' lang='grc' dir='ltr'>μετέχουσι</span> <span class='ocrx_word' id='word_1_670' title='bbox 1472 4758 1786 4828; x_wconf 85' lang='grc' dir='ltr'>γινομένην’</span> <span class='ocrx_word' id='word_1_671' title='bbox 1820 4757 1954 4827; x_wconf 69' lang='grc' dir='ltr'>φησι</span> 
     </span>
    </p>
   </div>
   <div class='ocr_carea' id='block_1_94' title="bbox 378 4843 1950 4930">
    <p class='ocr_par' dir='ltr' id='par_1_94' title="bbox 378 4843 1950 4930">
     <span class='ocr_line' id='line_1_94' title="bbox 378 4843 1950 4930; baseline -0.008 -18"><span class='ocrx_word' id='word_1_672' title='bbox 378 4860 485 4930; x_wconf 72' lang='grc' dir='ltr'>γὰρ</span> <span class='ocrx_word' id='word_1_673' title='bbox 521 4855 657 4928; x_wconf 88' lang='grc' dir='ltr'><strong>μετά</strong></span> <span class='ocrx_word' id='word_1_674' title='bbox 683 4856 808 4919; x_wconf 81' lang='grc' dir='ltr'>τοὺς</span> <span class='ocrx_word' id='word_1_675' title='bbox 835 4852 1118 4915; x_wconf 89' lang='grc' dir='ltr'>συντόνους</span> <span class='ocrx_word' id='word_1_676' title='bbox 1143 4853 1383 4913; x_wconf 85' lang='grc' dir='ltr'>ὲκείνους</span> <span class='ocrx_word' id='word_1_677' title='bbox 1410 4850 1632 4912; x_wconf 88' lang='grc' dir='ltr'>αίῶνας,</span> <span class='ocrx_word' id='word_1_678' title='bbox 1656 4851 1712 4902; x_wconf 82' lang='grc' dir='ltr'><strong>ἐν</strong></span> <span class='ocrx_word' id='word_1_679' title='bbox 1738 4843 1819 4910; x_wconf 77' lang='grc' dir='ltr'>οἷς</span> <span class='ocrx_word' id='word_1_680' title='bbox 1844 4849 1950 4900; x_wconf 89' lang='grc' dir='ltr'><strong>Οὑ-</strong></span> 
     </span>
    </p>
   </div>
   <div class='ocr_carea' id='block_1_95' title="bbox 379 4939 1954 5014">
    <p class='ocr_par' dir='ltr' id='par_1_95' title="bbox 379 4939 1954 5014">
     <span class='ocr_line' id='line_1_95' title="bbox 379 4939 1954 5014; baseline -0.008 -11"><span class='ocrx_word' id='word_1_681' title='bbox 379 4947 681 5009; x_wconf 85' lang='grc' dir='ltr'>αλεντίνους</span> <span class='ocrx_word' id='word_1_682' title='bbox 732 4963 791 5000; x_wconf 80' lang='grc' dir='ltr'><strong>τε</strong></span> <span class='ocrx_word' id='word_1_683' title='bbox 837 4946 931 4999; x_wconf 79' lang='grc' dir='ltr'>καὶ</span> <span class='ocrx_word' id='word_1_684' title='bbox 981 4943 1316 5014; x_wconf 85' lang='grc' dir='ltr'>Κηρίνθους,</span> <span class='ocrx_word' id='word_1_685' title='bbox 1367 4941 1462 4995; x_wconf 75' lang='grc' dir='ltr'>καὶ</span> <span class='ocrx_word' id='word_1_686' title='bbox 1507 4941 1811 5006; x_wconf 88' lang='grc' dir='ltr'>Βασιλίδας,</span> <span class='ocrx_word' id='word_1_687' title='bbox 1859 4939 1954 4992; x_wconf 68' lang='grc' dir='ltr'>καὶ</span> 
     </span>
    </p>
   </div>
   <div class='ocr_carea' id='block_1_96' title="bbox 378 5031 1952 5104">
    <p class='ocr_par' dir='ltr' id='par_1_96' title="bbox 378 5031 1952 5104">
     <span class='ocr_line' id='line_1_96' title="bbox 378 5031 1952 5104; baseline -0.006 -10"><span class='ocrx_word' id='word_1_688' title='bbox 378 5038 712 5100; x_wconf 72' lang='grc' dir='ltr'>Μοντανοῦς,</span> <span class='ocrx_word' id='word_1_689' title='bbox 755 5037 849 5090; x_wconf 75' lang='grc' dir='ltr'><strong>καὶ</strong></span> <span class='ocrx_word' id='word_1_690' title='bbox 893 5037 1226 5104; x_wconf 82' lang='grc' dir='ltr'>Μαρκίωνας</span> <span class='ocrx_word' id='word_1_691' title='bbox 1265 5037 1344 5098; x_wconf 80' lang='grc' dir='ltr'>εἰς</span> <span class='ocrx_word' id='word_1_692' title='bbox 1388 5033 1636 5103; x_wconf 84' lang='grc' dir='ltr'>διαϐολὴν</span> <span class='ocrx_word' id='word_1_693' title='bbox 1682 5031 1775 5086; x_wconf 82' lang='grc' dir='ltr'>τοῦ</span> <span class='ocrx_word' id='word_1_694' title='bbox 1831 5031 1952 5085; x_wconf 85' lang='grc' dir='ltr'>καθ’</span> 
     </span>
    </p>
   </div>
   <div class='ocr_carea' id='block_1_97' title="bbox 380 5125 1954 5203">
    <p class='ocr_par' dir='ltr' id='par_1_97' title="bbox 380 5125 1954 5203">
     <span class='ocr_line' id='line_1_97' title="bbox 380 5125 1954 5203; baseline -0.004 -19"><span class='ocrx_word' id='word_1_695' title='bbox 380 5133 525 5203; x_wconf 78' lang='grc' dir='ltr'>ἡμᾶς</span> <span class='ocrx_word' id='word_1_696' title='bbox 572 5133 944 5201; x_wconf 84' lang='grc' dir='ltr'>προεστήσατο</span> <span class='ocrx_word' id='word_1_697' title='bbox 974 5128 1260 5196; x_wconf 86' lang='grc' dir='ltr'>δόγματος,</span> <span class='ocrx_word' id='word_1_698' title='bbox 1307 5127 1401 5180; x_wconf 75' lang='grc' dir='ltr'>καὶ</span> <span class='ocrx_word' id='word_1_699' title='bbox 1445 5126 1864 5188; x_wconf 85' lang='grc' dir='ltr'>κατασκευάσας</span> <span class='ocrx_word' id='word_1_700' title='bbox 1893 5125 1954 5178; x_wconf 83' lang='grc' dir='ltr'><strong>τὸ</strong></span> 
     </span>
    </p>
   </div>
   <div class='ocr_carea' id='block_1_98' title="bbox 385 5216 1953 5294">
    <p class='ocr_par' dir='ltr' id='par_1_98' title="bbox 385 5216 1953 5294">
     <span class='ocr_line' id='line_1_98' title="bbox 385 5216 1953 5294; baseline -0.004 -19"><span class='ocrx_word' id='word_1_701' title='bbox 385 5222 518 5294; x_wconf 81' lang='grc' dir='ltr'>μηδὲ</span> <span class='ocrx_word' id='word_1_702' title='bbox 548 5221 684 5292; x_wconf 81' lang='grc' dir='ltr'>πρὸς</span> <span class='ocrx_word' id='word_1_703' title='bbox 712 5220 810 5290; x_wconf 84' lang='grc' dir='ltr'>τὴν</span> <span class='ocrx_word' id='word_1_704' title='bbox 843 5219 951 5273; x_wconf 89' lang='grc' dir='ltr'><strong>τῶν</strong></span> <span class='ocrx_word' id='word_1_705' title='bbox 982 5217 1318 5289; x_wconf 84' lang='grc' dir='ltr'>Χριστιανῶν</span> <span class='ocrx_word' id='word_1_706' title='bbox 1346 5217 1716 5289; x_wconf 86' lang='grc' dir='ltr'>προσηγορίαν</span> <span class='ocrx_word' id='word_1_707' title='bbox 1739 5216 1953 5280; x_wconf 83' lang='grc' dir='ltr'>οἰκείως</span> 
     </span>
    </p>
   </div>
   <div class='ocr_carea' id='block_1_99' title="bbox 381 5309 1953 5385">
    <p class='ocr_par' dir='ltr' id='par_1_99' title="bbox 381 5309 1953 5385">
     <span class='ocr_line' id='line_1_99' title="bbox 381 5309 1953 5385; baseline -0.004 -17"><span class='ocrx_word' id='word_1_708' title='bbox 381 5314 544 5385; x_wconf 77' lang='grc' dir='ltr'>ἔχειν,</span> <span class='ocrx_word' id='word_1_709' title='bbox 586 5315 711 5376; x_wconf 81' lang='grc' dir='ltr'>τοὺς</span> <span class='ocrx_word' id='word_1_710' title='bbox 750 5313 1023 5381; x_wconf 84' lang='grc' dir='ltr'>ἄγνωστον</span> <span class='ocrx_word' id='word_1_711' title='bbox 1056 5311 1518 5381; x_wconf 76' lang='grc' dir='ltr'>ἀποφαινομένους</span> <span class='ocrx_word' id='word_1_712' title='bbox 1546 5310 1643 5382; x_wconf 79' lang='grc' dir='ltr'><strong>τὴν</strong></span> <span class='ocrx_word' id='word_1_713' title='bbox 1672 5309 1821 5364; x_wconf 87' lang='grc' dir='ltr'>θείαν</span> <span class='ocrx_word' id='word_1_714' title='bbox 1850 5309 1953 5380; x_wconf 83' lang='grc' dir='ltr'><strong>φύ-</strong></span> 
     </span>
    </p>
   </div>
   <div class='ocr_carea' id='block_1_100' title="bbox 386 5399 1954 5473">
    <p class='ocr_par' dir='ltr' id='par_1_100' title="bbox 386 5399 1954 5473">
     <span class='ocr_line' id='line_1_100' title="bbox 386 5399 1954 5473; baseline -0.004 -14"><span class='ocrx_word' id='word_1_715' title='bbox 386 5423 488 5469; x_wconf 88' lang='grc' dir='ltr'>σιν,</span> <span class='ocrx_word' id='word_1_716' title='bbox 516 5404 789 5473; x_wconf 78' lang='grc' dir='ltr'>ἄγνωστον</span> <span class='ocrx_word' id='word_1_717' title='bbox 815 5404 872 5456; x_wconf 58' lang='lat' dir='ltr'><strong>es</strong></span> <span class='ocrx_word' id='word_1_718' title='bbox 901 5404 995 5456; x_wconf 79' lang='grc' dir='ltr'>καὶ</span> <span class='ocrx_word' id='word_1_719' title='bbox 1021 5403 1110 5455; x_wconf 85' lang='grc' dir='ltr'><strong>τὸν</strong></span> <span class='ocrx_word' id='word_1_720' title='bbox 1135 5403 1233 5471; x_wconf 77' lang='grc' dir='ltr'>τῆς</span> <span class='ocrx_word' id='word_1_721' title='bbox 1259 5403 1562 5471; x_wconf 79' lang='grc' dir='ltr'>γεννήσεως</span> <span class='ocrx_word' id='word_1_722' title='bbox 1592 5401 1810 5471; x_wconf 88' lang='grc' dir='ltr'>τρόπον.</span> <span class='ocrx_word' id='word_1_723' title='bbox 1844 5399 1954 5453; x_wconf 73' lang='grc' dir='ltr'><strong>Καὶ</strong></span> 
     </span>
    </p>
   </div>
   <div class='ocr_carea' id='block_1_101' title="bbox 387 5491 1956 5566">
    <p class='ocr_par' dir='ltr' id='par_1_101' title="bbox 387 5491 1956 5566">
     <span class='ocr_line' id='line_1_101' title="bbox 387 5491 1956 5566; baseline -0.001 -17"><span class='ocrx_word' id='word_1_724' title='bbox 387 5495 792 5566; x_wconf 85' lang='grc' dir='ltr'>συναριθμήσας</span> <span class='ocrx_word' id='word_1_725' title='bbox 816 5497 926 5557; x_wconf 87' lang='grc' dir='ltr'>τοῖς</span> <span class='ocrx_word' id='word_1_726' title='bbox 951 5493 1390 5562; x_wconf 79' lang='grc' dir='ltr'>διαϐεϐλημένοις</span> <span class='ocrx_word' id='word_1_727' title='bbox 1422 5494 1588 5562; x_wconf 82' lang='grc' dir='ltr'>ἡμᾶς,</span> <span class='ocrx_word' id='word_1_728' title='bbox 1619 5491 1788 5556; x_wconf 80' lang='grc' dir='ltr'>οὑτως</span> <span class='ocrx_word' id='word_1_729' title='bbox 1821 5493 1956 5548; x_wconf 83' lang='grc' dir='ltr'>ὲπά-</span> 
     </span>
    </p>
   </div>
   <div class='ocr_carea' id='block_1_102' title="bbox 383 5583 1954 5656">
    <p class='ocr_par' dir='ltr' id='par_1_102' title="bbox 383 5583 1954 5656">
     <span class='ocr_line' id='line_1_102' title="bbox 383 5583 1954 5656; baseline -0.001 -17"><span class='ocrx_word' id='word_1_730' title='bbox 383 5604 470 5656; x_wconf 88' lang='grc' dir='ltr'><strong>γει</strong></span> <span class='ocrx_word' id='word_1_731' title='bbox 491 5587 582 5638; x_wconf 83' lang='grc' dir='ltr'><strong>τὸν</strong></span> <span class='ocrx_word' id='word_1_732' title='bbox 603 5586 729 5655; x_wconf 85' lang='grc' dir='ltr'>παρ’</span> <span class='ocrx_word' id='word_1_733' title='bbox 747 5584 938 5638; x_wconf 77' lang='grc' dir='ltr'>ἑαυτοῦ</span> <span class='ocrx_word' id='word_1_734' title='bbox 959 5583 1112 5651; x_wconf 90' lang='grc' dir='ltr'>λόγον</span> <span class='ocrx_word' id='word_1_735' title='bbox 1131 5585 1186 5637; x_wconf 83' lang='grc' dir='ltr'>ὲν</span> <span class='ocrx_word' id='word_1_736' title='bbox 1211 5583 1419 5646; x_wconf 83' lang='grc' dir='ltr'>τούτοις</span> <span class='ocrx_word' id='word_1_737' title='bbox 1439 5585 1675 5654; x_wconf 77' lang='grc' dir='ltr'>ῥήμασιν</span> <span class='ocrx_word' id='word_1_738' title='bbox 1689 5601 1704 5616; x_wconf 80' lang='grc' dir='ltr'><strong><em>ο</em></strong></span> <span class='ocrx_word' id='word_1_739' title='bbox 1723 5605 1742 5635; x_wconf 77' lang='grc' dir='ltr'><strong>ι</strong></span> <span class='ocrx_word' id='word_1_740' title='bbox 1765 5585 1954 5656; x_wconf 81' lang='grc' dir='ltr'>Ἡμεῖς</span> 
     </span>
    </p>
   </div>
   <div class='ocr_carea' id='block_1_103' title="bbox 383 5675 1952 5746">
    <p class='ocr_par' dir='ltr' id='par_1_103' title="bbox 383 5675 1952 5746">
     <span class='ocr_line' id='line_1_103' title="bbox 383 5675 1952 5746; baseline -0.003 -15"><span class='ocrx_word' id='word_1_741' title='bbox 383 5678 440 5731; x_wconf 83' lang='grc' dir='ltr'>δὲ</span> <span class='ocrx_word' id='word_1_742' title='bbox 487 5676 796 5746; x_wconf 81' lang='grc' dir='ltr'>πειθόμενοι</span> <span class='ocrx_word' id='word_1_743' title='bbox 842 5679 954 5738; x_wconf 87' lang='grc' dir='ltr'>τοῖς</span> <span class='ocrx_word' id='word_1_744' title='bbox 1000 5677 1174 5744; x_wconf 84' lang='grc' dir='ltr'>ἁγίοις</span> <span class='ocrx_word' id='word_1_745' title='bbox 1219 5676 1311 5728; x_wconf 73' lang='grc' dir='ltr'><strong>καὶ</strong></span> <span class='ocrx_word' id='word_1_746' title='bbox 1345 5675 1634 5746; x_wconf 84' lang='grc' dir='ltr'>μακαρίοις</span> <span class='ocrx_word' id='word_1_747' title='bbox 1677 5675 1952 5746; x_wconf 85' lang='grc' dir='ltr'>ἀνδράσιν,</span> 
     </span>
    </p>
   </div>
   <div class='ocr_carea' id='block_1_104' title="bbox 381 5765 1954 5840">
    <p class='ocr_par' dir='ltr' id='par_1_104' title="bbox 381 5765 1954 5840">
     <span class='ocr_line' id='line_1_104' title="bbox 381 5765 1954 5840; baseline -0.003 -18"><span class='ocrx_word' id='word_1_748' title='bbox 381 5768 505 5822; x_wconf 73' lang='grc' dir='ltr'>οὔτε</span> <span class='ocrx_word' id='word_1_749' title='bbox 532 5771 597 5840; x_wconf 81' lang='grc' dir='ltr'>τῇ</span> <span class='ocrx_word' id='word_1_750' title='bbox 630 5773 916 5840; x_wconf 83' lang='grc' dir='ltr'>σεμνότητι</span> <span class='ocrx_word' id='word_1_751' title='bbox 943 5768 1052 5821; x_wconf 82' lang='grc' dir='ltr'><strong>τῶν</strong></span> <span class='ocrx_word' id='word_1_752' title='bbox 1076 5767 1374 5838; x_wconf 83' lang='grc' dir='ltr'>ὀνομάτων,</span> <span class='ocrx_word' id='word_1_753' title='bbox 1414 5765 1537 5818; x_wconf 73' lang='grc' dir='ltr'>οὔτε</span> <span class='ocrx_word' id='word_1_754' title='bbox 1565 5765 1702 5818; x_wconf 74' lang='grc' dir='ltr'>ἐθῶν</span> <span class='ocrx_word' id='word_1_755' title='bbox 1731 5766 1824 5820; x_wconf 74' lang='grc' dir='ltr'><strong>καὶ</strong></span> <span class='ocrx_word' id='word_1_756' title='bbox 1853 5785 1954 5836; x_wconf 80' lang='grc' dir='ltr'>μυο</span> 
     </span>
    </p>
   </div>
   <div class='ocr_carea' id='block_1_105' title="bbox 384 5857 1954 5930">
    <p class='ocr_par' dir='ltr' id='par_1_105' title="bbox 384 5857 1954 5930">
     <span class='ocr_line' id='line_1_105' title="bbox 384 5857 1954 5930; baseline 0 -18"><span class='ocrx_word' id='word_1_757' title='bbox 384 5857 586 5914; x_wconf 72' lang='grc' dir='ltr'>σιτικῶν</span> <span class='ocrx_word' id='word_1_758' title='bbox 614 5859 896 5930; x_wconf 86' lang='grc' dir='ltr'>συμϐόλων</span> <span class='ocrx_word' id='word_1_759' title='bbox 944 5859 1166 5930; x_wconf 81' lang='grc' dir='ltr'>ἰδιότητι</span> <span class='ocrx_word' id='word_1_760' title='bbox 1210 5857 1506 5930; x_wconf 78' lang='grc' dir='ltr'>κυροῦσθαι</span> <span class='ocrx_word' id='word_1_761' title='bbox 1552 5875 1732 5928; x_wconf 81' lang='grc' dir='ltr'>φαμεν</span> <span class='ocrx_word' id='word_1_762' title='bbox 1765 5857 1825 5912; x_wconf 86' lang='grc' dir='ltr'>τὺ</span> <span class='ocrx_word' id='word_1_763' title='bbox 1854 5858 1954 5928; x_wconf 80' lang='grc' dir='ltr'>τῆς</span> 
     </span>
    </p>
   </div>
   <div class='ocr_carea' id='block_1_106' title="bbox 2055 4668 3631 4739">
    <p class='ocr_par' dir='ltr' id='par_1_106' title="bbox 2055 4668 3631 4739">
     <span class='ocr_line' id='line_1_106' title="bbox 2055 4668 3631 4739; baseline 0.003 -19"><span class='ocrx_word' id='word_1_764' title='bbox 2055 4668 2305 4723; x_wconf 82' lang='lat' dir='ltr'><strong>venietur</strong></span> <span class='ocrx_word' id='word_1_765' title='bbox 2327 4669 2472 4724; x_wconf 90' lang='lat' dir='ltr'><strong>enim</strong></span> <span class='ocrx_word' id='word_1_766' title='bbox 2501 4669 2819 4739; x_wconf 83' lang='lat' dir='ltr'><strong>mysterium</strong></span> <span class='ocrx_word' id='word_1_767' title='bbox 2847 4671 3276 4737; x_wconf 81' lang='lat' dir='ltr'><strong>regenerationis</strong></span> <span class='ocrx_word' id='word_1_768' title='bbox 3310 4684 3510 4724; x_wconf 90' lang='lat' dir='ltr'><strong>vanum</strong></span> <span class='ocrx_word' id='word_1_769' title='bbox 3544 4673 3631 4724; x_wconf 85' lang='lat' dir='ltr'><strong>de.-</strong></span> 
     </span>
    </p>
   </div>
   <div class='ocr_carea' id='block_1_107' title="bbox 2057 4761 3632 4832">
    <p class='ocr_par' dir='ltr' id='par_1_107' title="bbox 2057 4761 3632 4832">
     <span class='ocr_line' id='line_1_107' title="bbox 2057 4761 3632 4832; baseline 0.002 -19"><span class='ocrx_word' id='word_1_770' title='bbox 2057 4771 2385 4826; x_wconf 89' lang='lat' dir='ltr'><strong>monstrare,</strong></span> <span class='ocrx_word' id='word_1_771' title='bbox 2431 4762 2592 4815; x_wconf 91' lang='lat' dir='ltr'><strong>vilem</strong></span> <span class='ocrx_word' id='word_1_772' title='bbox 2625 4762 2790 4816; x_wconf 89' lang='lat' dir='ltr'><strong>etiam</strong></span> <span class='ocrx_word' id='word_1_773' title='bbox 2851 4761 3136 4832; x_wconf 87' lang='lat' dir='ltr'><strong>mysticam</strong></span> <span class='ocrx_word' id='word_1_774' title='bbox 3168 4761 3433 4816; x_wconf 85' lang='lat' dir='ltr'><strong>donorum</strong></span> <span class='ocrx_word' id='word_1_775' title='bbox 3484 4764 3632 4817; x_wconf 89' lang='lat' dir='ltr'><strong>obla-</strong></span> 
     </span>
    </p>
   </div>
   <div class='ocr_carea' id='block_1_108' title="bbox 2055 4850 3629 4921">
    <p class='ocr_par' dir='ltr' id='par_1_108' title="bbox 2055 4850 3629 4921">
     <span class='ocr_line' id='line_1_108' title="bbox 2055 4850 3629 4921; baseline 0.004 -19"><span class='ocrx_word' id='word_1_776' title='bbox 2055 4851 2299 4913; x_wconf 91' lang='lat' dir='ltr'><strong>tionem,</strong></span> <span class='ocrx_word' id='word_1_777' title='bbox 2351 4850 2578 4920; x_wconf 91' lang='lat' dir='ltr'><strong>ejusque</strong></span> <span class='ocrx_word' id='word_1_778' title='bbox 2655 4851 3131 4920; x_wconf 85' lang='lat' dir='ltr'><strong>participationem</strong></span> <span class='ocrx_word' id='word_1_779' title='bbox 3187 4850 3322 4904; x_wconf 90' lang='lat' dir='ltr'><strong>nihil</strong></span> <span class='ocrx_word' id='word_1_780' title='bbox 3392 4853 3629 4921; x_wconf 89' lang='lat' dir='ltr'><strong>amplius</strong></span> 
     </span>
    </p>
   </div>
   <div class='ocr_carea' id='block_1_109' title="bbox 2055 4941 3628 5012">
    <p class='ocr_par' dir='ltr' id='par_1_109' title="bbox 2055 4941 3628 5012">
     <span class='ocr_line' id='line_1_109' title="bbox 2055 4941 3628 5012; baseline 0.002 -18"><span class='ocrx_word' id='word_1_781' title='bbox 2055 4943 2509 5011; x_wconf 90' lang='lat' dir='ltr'><strong>participantibus</strong></span> <span class='ocrx_word' id='word_1_782' title='bbox 2541 4942 2915 4997; x_wconf 80' lang='lat' dir='ltr'><strong>conferentem</strong></span> <span class='ocrx_word' id='word_1_783' title='bbox 2945 4959 2958 4994; x_wconf 90' lang='lat'><strong>:</strong></span> <span class='ocrx_word' id='word_1_784' title='bbox 2989 4941 3122 4996; x_wconf 90' lang='lat' dir='ltr'><strong>dicit</strong></span> <span class='ocrx_word' id='word_1_785' title='bbox 3169 4943 3313 4996; x_wconf 88' lang='lat' dir='ltr'><strong>enim</strong></span> <span class='ocrx_word' id='word_1_786' title='bbox 3350 4952 3475 5012; x_wconf 84' lang='lat' dir='ltr'><strong>post</strong></span> <span class='ocrx_word' id='word_1_787' title='bbox 3503 4959 3628 4997; x_wconf 86' lang='lat' dir='ltr'><strong>con-</strong></span> 
     </span>
    </p>
   </div>
   <div class='ocr_carea' id='block_1_110' title="bbox 2055 5031 3626 5100">
    <p class='ocr_par' dir='ltr' id='par_1_110' title="bbox 2055 5031 3626 5100">
     <span class='ocr_line' id='line_1_110' title="bbox 2055 5031 3626 5100; baseline 0.002 -14"><span class='ocrx_word' id='word_1_788' title='bbox 2055 5033 2209 5086; x_wconf 90' lang='lat' dir='ltr'><strong>tinua</strong></span> <span class='ocrx_word' id='word_1_789' title='bbox 2239 5033 2329 5086; x_wconf 90' lang='lat' dir='ltr'><strong>illa</strong></span> <span class='ocrx_word' id='word_1_790' title='bbox 2353 5032 2576 5096; x_wconf 71' lang='lat' dir='ltr'><strong>saecula,</strong></span> <span class='ocrx_word' id='word_1_791' title='bbox 2601 5033 2652 5085; x_wconf 89' lang='lat' dir='ltr'><strong>in</strong></span> <span class='ocrx_word' id='word_1_792' title='bbox 2679 5033 2879 5100; x_wconf 90' lang='lat' dir='ltr'><strong>quibus</strong></span> <span class='ocrx_word' id='word_1_793' title='bbox 2898 5031 3217 5086; x_wconf 83' lang='lat' dir='ltr'><strong>Valentinus</strong></span> <span class='ocrx_word' id='word_1_794' title='bbox 3241 5044 3294 5086; x_wconf 84' lang='lat' dir='ltr'><strong>et</strong></span> <span class='ocrx_word' id='word_1_795' title='bbox 3315 5032 3626 5100; x_wconf 79' lang='lat' dir='ltr'><strong>Corinthos,</strong></span> 
     </span>
    </p>
   </div>
   <div class='ocr_carea' id='block_1_111' title="bbox 2056 5122 3626 5187">
    <p class='ocr_par' dir='ltr' id='par_1_111' title="bbox 2056 5122 3626 5187">
     <span class='ocr_line' id='line_1_111' title="bbox 2056 5122 3626 5187; baseline -0.002 -7"><span class='ocrx_word' id='word_1_796' title='bbox 2056 5132 2109 5180; x_wconf 90' lang='lat' dir='ltr'><strong>et</strong></span> <span class='ocrx_word' id='word_1_797' title='bbox 2136 5123 2420 5185; x_wconf 89' lang='lat' dir='ltr'><strong>Basilidas,</strong></span> <span class='ocrx_word' id='word_1_798' title='bbox 2469 5133 2522 5177; x_wconf 88' lang='lat' dir='ltr'><strong>et</strong></span> <span class='ocrx_word' id='word_1_799' title='bbox 2555 5123 2876 5187; x_wconf 84' lang='lat' dir='ltr'><strong>Montanos,</strong></span> <span class='ocrx_word' id='word_1_800' title='bbox 2921 5131 2977 5177; x_wconf 93' lang='lat' dir='ltr'><strong>et</strong></span> <span class='ocrx_word' id='word_1_801' title='bbox 3035 5122 3339 5179; x_wconf 86' lang='lat' dir='ltr'><strong>Marcionas</strong></span> <span class='ocrx_word' id='word_1_802' title='bbox 3371 5125 3436 5177; x_wconf 91' lang='lat' dir='ltr'><strong>ad</strong></span> <span class='ocrx_word' id='word_1_803' title='bbox 3473 5126 3626 5180; x_wconf 89' lang='lat' dir='ltr'><strong>calu-</strong></span> 
     </span>
    </p>
   </div>
   <div class='ocr_carea' id='block_1_112' title="bbox 2055 5210 3630 5284">
    <p class='ocr_par' dir='ltr' id='par_1_112' title="bbox 2055 5210 3630 5284">
     <span class='ocr_line' id='line_1_112' title="bbox 2055 5210 3630 5284; baseline 0.001 -19"><span class='ocrx_word' id='word_1_804' title='bbox 2055 5213 2260 5265; x_wconf 88' lang='lat' dir='ltr'><strong>mniam</strong></span> <span class='ocrx_word' id='word_1_805' title='bbox 2314 5210 2490 5265; x_wconf 89' lang='lat' dir='ltr'><strong>nostri</strong></span> <span class='ocrx_word' id='word_1_806' title='bbox 2539 5211 2812 5280; x_wconf 88' lang='lat' dir='ltr'><strong>dogmatis</strong></span> <span class='ocrx_word' id='word_1_807' title='bbox 2864 5212 3180 5282; x_wconf 79' lang='lat' dir='ltr'><strong>prrcposuit,</strong></span> <span class='ocrx_word' id='word_1_808' title='bbox 3222 5222 3275 5268; x_wconf 88' lang='lat' dir='ltr'><strong>et</strong></span> <span class='ocrx_word' id='word_1_809' title='bbox 3331 5213 3456 5268; x_wconf 89' lang='lat' dir='ltr'><strong>inde</strong></span> <span class='ocrx_word' id='word_1_810' title='bbox 3499 5229 3630 5284; x_wconf 55' lang='lat' dir='ltr'><strong>pra»</strong></span> 
     </span>
    </p>
   </div>
   <div class='ocr_carea' id='block_1_113' title="bbox 2056 5304 3631 5375">
    <p class='ocr_par' dir='ltr' id='par_1_113' title="bbox 2056 5304 3631 5375">
     <span class='ocr_line' id='line_1_113' title="bbox 2056 5304 3631 5375; baseline 0 -15"><span class='ocrx_word' id='word_1_811' title='bbox 2056 5313 2299 5366; x_wconf 87' lang='lat' dir='ltr'><strong>struens,</strong></span> <span class='ocrx_word' id='word_1_812' title='bbox 2323 5319 2500 5373; x_wconf 89' lang='lat' dir='ltr'><strong>neque</strong></span> <span class='ocrx_word' id='word_1_813' title='bbox 2541 5304 2701 5357; x_wconf 91' lang='lat' dir='ltr'><strong>ullam</strong></span> <span class='ocrx_word' id='word_1_814' title='bbox 2734 5319 2857 5357; x_wconf 90' lang='lat' dir='ltr'><strong>cum</strong></span> <span class='ocrx_word' id='word_1_815' title='bbox 2919 5304 3359 5360; x_wconf 88' lang='lat' dir='ltr'><strong>Christianorum</strong></span> <span class='ocrx_word' id='word_1_816' title='bbox 3393 5308 3631 5375; x_wconf 87' lang='lat' dir='ltr'><strong>appella-</strong></span> 
     </span>
    </p>
   </div>
   <div class='ocr_carea' id='block_1_114' title="bbox 2055 5393 3631 5464">
    <p class='ocr_par' dir='ltr' id='par_1_114' title="bbox 2055 5393 3631 5464">
     <span class='ocr_line' id='line_1_114' title="bbox 2055 5393 3631 5464; baseline -0.001 -15"><span class='ocrx_word' id='word_1_817' title='bbox 2055 5397 2202 5450; x_wconf 90' lang='lat' dir='ltr'><strong>tione</strong></span> <span class='ocrx_word' id='word_1_818' title='bbox 2257 5393 2564 5448; x_wconf 82' lang='lat' dir='ltr'><strong>aﬁinitatem</strong></span> <span class='ocrx_word' id='word_1_819' title='bbox 2615 5393 2816 5447; x_wconf 87' lang='lat' dir='ltr'><strong>habere</strong></span> <span class='ocrx_word' id='word_1_820' title='bbox 2859 5409 2954 5447; x_wconf 92' lang='lat' dir='ltr'><strong>eos</strong></span> <span class='ocrx_word' id='word_1_821' title='bbox 2997 5395 3090 5463; x_wconf 91' lang='lat' dir='ltr'><strong>qui</strong></span> <span class='ocrx_word' id='word_1_822' title='bbox 3133 5395 3463 5464; x_wconf 84' lang='lat' dir='ltr'><strong>incognitam</strong></span> <span class='ocrx_word' id='word_1_823' title='bbox 3499 5396 3631 5448; x_wconf 81' lang='lat' dir='ltr'><strong>divi-</strong></span> 
     </span>
    </p>
   </div>
   <div class='ocr_carea' id='block_1_115' title="bbox 2057 5486 3633 5556">
    <p class='ocr_par' dir='ltr' id='par_1_115' title="bbox 2057 5486 3633 5556">
     <span class='ocr_line' id='line_1_115' title="bbox 2057 5486 3633 5556; baseline 0.001 -16"><span class='ocrx_word' id='word_1_824' title='bbox 2057 5501 2180 5540; x_wconf 91' lang='lat' dir='ltr'><strong>nam</strong></span> <span class='ocrx_word' id='word_1_825' title='bbox 2221 5497 2474 5539; x_wconf 90' lang='lat' dir='ltr'><strong>naturam</strong></span> <span class='ocrx_word' id='word_1_826' title='bbox 2509 5492 2846 5547; x_wconf 85' lang='lat' dir='ltr'><strong>asseverant,</strong></span> <span class='ocrx_word' id='word_1_827' title='bbox 2891 5486 3228 5555; x_wconf 86' lang='lat' dir='ltr'><strong>incognitum</strong></span> <span class='ocrx_word' id='word_1_828' title='bbox 3274 5488 3438 5540; x_wconf 88' lang='lat' dir='ltr'><strong>etiam</strong></span> <span class='ocrx_word' id='word_1_829' title='bbox 3476 5502 3633 5556; x_wconf 81' lang='lat' dir='ltr'><strong>gene-</strong></span> 
     </span>
    </p>
   </div>
   <div class='ocr_carea' id='block_1_116' title="bbox 2056 5575 3628 5634">
    <p class='ocr_par' dir='ltr' id='par_1_116' title="bbox 2056 5575 3628 5634">
     <span class='ocr_line' id='line_1_116' title="bbox 2056 5575 3628 5634; baseline -0.001 -2"><span class='ocrx_word' id='word_1_830' title='bbox 2056 5577 2289 5632; x_wconf 87' lang='lat' dir='ltr'><strong>rationis</strong></span> <span class='ocrx_word' id='word_1_831' title='bbox 2321 5577 2564 5630; x_wconf 90' lang='lat' dir='ltr'><strong>modum.</strong></span> <span class='ocrx_word' id='word_1_832' title='bbox 2611 5575 2675 5629; x_wconf 89' lang='lat' dir='ltr'><strong>Et</strong></span> <span class='ocrx_word' id='word_1_833' title='bbox 2704 5591 2804 5629; x_wconf 79' lang='lat' dir='ltr'><strong>tios</strong></span> <span class='ocrx_word' id='word_1_834' title='bbox 2835 5576 2999 5630; x_wconf 86' lang='lat' dir='ltr'><strong>etiam</strong></span> <span class='ocrx_word' id='word_1_835' title='bbox 3036 5592 3440 5634; x_wconf 87' lang='lat' dir='ltr'><strong>connumerans</strong></span> <span class='ocrx_word' id='word_1_836' title='bbox 3504 5593 3628 5632; x_wconf 89' lang='lat' dir='ltr'><strong>cum</strong></span> 
     </span>
    </p>
   </div>
   <div class='ocr_carea' id='block_1_117' title="bbox 2058 5667 3632 5738">
    <p class='ocr_par' dir='ltr' id='par_1_117' title="bbox 2058 5667 3632 5738">
     <span class='ocr_line' id='line_1_117' title="bbox 2058 5667 3632 5738; baseline -0.001 -16"><span class='ocrx_word' id='word_1_837' title='bbox 2058 5669 2144 5724; x_wconf 80' lang='lat' dir='ltr'><strong>his</strong></span> <span class='ocrx_word' id='word_1_838' title='bbox 2175 5667 2270 5738; x_wconf 91' lang='lat' dir='ltr'><strong>qui</strong></span> <span class='ocrx_word' id='word_1_839' title='bbox 2313 5667 2634 5722; x_wconf 90' lang='lat' dir='ltr'><strong>calumniati</strong></span> <span class='ocrx_word' id='word_1_840' title='bbox 2669 5674 2820 5731; x_wconf 89' lang='lat' dir='ltr'><strong>sunt,</strong></span> <span class='ocrx_word' id='word_1_841' title='bbox 2855 5668 2937 5722; x_wconf 89' lang='lat' dir='ltr'><strong>sic</strong></span> <span class='ocrx_word' id='word_1_842' title='bbox 2970 5667 3256 5738; x_wconf 84' lang='lat' dir='ltr'><strong>subjungit</strong></span> <span class='ocrx_word' id='word_1_843' title='bbox 3299 5683 3458 5723; x_wconf 90' lang='lat' dir='ltr'><strong>suum</strong></span> <span class='ocrx_word' id='word_1_844' title='bbox 3522 5685 3632 5723; x_wconf 77' lang='lat' dir='ltr'><strong>scr-</strong></span> 
     </span>
    </p>
   </div>
   <div class='ocr_carea' id='block_1_118' title="bbox 2057 5758 3630 5816">
    <p class='ocr_par' dir='ltr' id='par_1_118' title="bbox 2057 5758 3630 5816">
     <span class='ocr_line' id='line_1_118' title="bbox 2057 5758 3630 5816; baseline -0.001 0"><span class='ocrx_word' id='word_1_845' title='bbox 2057 5777 2274 5816; x_wconf 89' lang='lat' dir='ltr'><strong>monem</strong></span> <span class='ocrx_word' id='word_1_846' title='bbox 2316 5761 2402 5816; x_wconf 88' lang='lat' dir='ltr'><strong>his</strong></span> <span class='ocrx_word' id='word_1_847' title='bbox 2431 5761 2693 5815; x_wconf 69' lang='grc' dir='ltr'>νεγὺίεει</span> <span class='ocrx_word' id='word_1_848' title='bbox 2725 5758 2832 5814; x_wconf 80' lang='lat' dir='ltr'><strong>Nos</strong></span> <span class='ocrx_word' id='word_1_849' title='bbox 2881 5767 3061 5816; x_wconf 88' lang='lat' dir='ltr'><strong>autem</strong></span> <span class='ocrx_word' id='word_1_850' title='bbox 3108 5760 3315 5814; x_wconf 88' lang='lat' dir='ltr'><strong>sanctis</strong></span> <span class='ocrx_word' id='word_1_851' title='bbox 3367 5769 3421 5815; x_wconf 90' lang='lat' dir='ltr'><strong>et</strong></span> <span class='ocrx_word' id='word_1_852' title='bbox 3456 5761 3630 5815; x_wconf 83' lang='lat' dir='ltr'><strong>beatis</strong></span> 
     </span>
    </p>
   </div>
   <div class='ocr_carea' id='block_1_119' title="bbox 2057 5853 3622 5931">
    <p class='ocr_par' dir='ltr' id='par_1_119' title="bbox 2057 5853 3622 5931">
     <span class='ocr_line' id='line_1_119' title="bbox 2057 5853 3622 5931; baseline -0.003 -20"><span class='ocrx_word' id='word_1_853' title='bbox 2057 5855 2193 5912; x_wconf 85' lang='lat' dir='ltr'><strong>viris</strong></span> <span class='ocrx_word' id='word_1_854' title='bbox 2240 5854 2703 5924; x_wconf 88' lang='lat' dir='ltr'><strong>obtemperantes,</strong></span> <span class='ocrx_word' id='word_1_855' title='bbox 2769 5867 2949 5922; x_wconf 88' lang='lat' dir='ltr'><strong>neque</strong></span> <span class='ocrx_word' id='word_1_856' title='bbox 3006 5854 3290 5931; x_wconf 87' lang='lat' dir='ltr'><strong>nominum</strong></span> <span class='ocrx_word' id='word_1_857' title='bbox 3337 5853 3622 5925; x_wconf 82' lang='lat' dir='ltr'><strong>gravitate,</strong></span> 
     </span>
    </p>
   </div>
  </div>
