4142 6374
493 392 600 460 879

1627 463 1636 470 ,
1731 409 1784 464 S.
1827 407 2156 464 GREGORII
2183 408 2474 466 NYSSENI

3643 417 3751 473 890

500 545 680 600 neque
710 531 912 586 rituum
945 541 999 588 et
1031 534 1390 605 mysticorum
1419 535 1793 606 symbolorum
1835 537 2076 607 proprie-

2181 539 2454 604 εὐσεϐείας
2484 538 2798 611 μυστήριον,
2817 543 2880 610 τῇ
2913 540 2968 593 δὲ
2997 539 3105 592 τῶν
3135 539 3419 608 δογμάτων
3435 535 3688 608 ἀκριϐείᾳ
3720 520 3772 588 ι’

497 630 609 677 tate
648 622 883 678 dicimus
938 624 1157 694 pietatis
1223 627 1539 697 mysterium
1591 630 1930 690 conﬁrmari,
1971 629 2068 684 sed

498 716 814 784 dogmatum
840 725 1096 770 accurata
1115 719 1500 787 expensione.»
1523 717 1676 784 Quod
1705 719 1867 788 igitur
1889 736 2069 790 neque

499 815 614 858 tum
649 805 720 860 ab
752 807 1123 874 evangelistis,
1179 823 1358 876 neque
1415 810 1484 862 ab
1547 810 1838 879 apostolis,
1894 826 2072 879 neque

499 897 570 950 ab
609 897 719 952 ullo
753 913 940 951 eorum
991 901 1082 968 qui
1137 901 1450 956 vetustioris
1507 901 1802 970 Scriptum
1849 900 2071 958 fuerunt

501 988 768 1056 magistri,
795 1006 1094 1057 persuasus
1126 993 1240 1046 baac
1263 996 1474 1060 seribit,
1502 995 1676 1049 cuivis
1703 996 1924 1064 planum
1946 1011 2070 1052 esse

501 1080 742 1132 arbitror
787 1082 878 1150 qui
942 1098 1154 1136 sacram
1191 1095 1244 1139 et
1281 1085 1518 1140 divinam
1571 1102 1679 1140 non
1739 1087 2072 1156 ignoraverit

505 1167 868 1240 Svripluram.
906 1174 1264 1245 Consequens
1293 1193 1424 1248 ergo
1458 1178 1624 1232 fuerit
1668 1181 1851 1234 dicere
1891 1181 2068 1248 ipsum

501 1262 814 1318 existimare
841 1277 1062 1320 sanctos
1103 1277 1159 1322 et
1205 1269 1394 1324 beatos
1462 1271 1608 1324 viros
1664 1269 1834 1325 fuisse
1899 1271 2072 1324 Mani-

502 1353 734 1414 clnrum.
767 1355 1068 1418 Nicolaum.
1101 1361 1448 1424 Acolutbum,
1483 1363 1720 1428 Aetium,
1767 1364 1958 1418 Arium
2019 1372 2073 1417 et

502 1459 692 1498 omnes
727 1449 970 1512 ejusdem
999 1452 1174 1514 ebori.
1203 1469 1344 1522 quos
1377 1469 1612 1524 sequens
1639 1456 1753 1508 haec
1800 1457 2069 1520 decernit,

504 1539 644 1606 quod
668 1560 684 1588 ε
708 1557 882 1608 neque
908 1545 1184 1596 nominum
1205 1546 1504 1606 confessio.
1528 1541 1708 1616 neque
1737 1549 1876 1602 ritus
1897 1547 2074 1604 Eccle-

505 1632 618 1688 size.
653 1649 830 1701 neque
853 1637 1078 1705 mystica
1111 1638 1358 1706 symbola
1387 1637 1714 1693 conﬁrmant
1740 1641 2016 1710 pietatem.
2048 1660 2068 1692 ι

505 1721 616 1776 Nos
652 1733 830 1778 autem
861 1727 950 1794 qui
984 1727 1278 1785 didicimus
1305 1745 1334 1782 a
1361 1741 1550 1785 sancta
1575 1747 1727 1795 voce,
1765 1733 1908 1797 quod
1951 1731 2073 1786 Nisi

505 1817 620 1882 quis
641 1817 808 1870 denuo
845 1819 1000 1884 fuerit
1037 1830 1192 1874 natus
1221 1823 1446 1886 desuper
1474 1839 1539 1876 ea:
1569 1841 1708 1892 aqua
1762 1833 1812 1878 et
1843 1823 2072 1892 Spiritu,

507 1924 606 1960 non
649 1909 970 1978 ingredietur
999 1913 1052 1963 in
1083 1929 1300 1982 regnmn
1327 1913 1424 1968 Dei
1446 1916 1512 1976 ’⁷,
1543 1923 1597 1970 et
1628 1915 1772 1984 quod
1799 1915 1907 1982 Qui
1924 1933 2074 1969 man-

503 2001 666 2053 ducet
708 2019 876 2054 meam
905 2019 1116 2057 carnem
1136 2044 1149 2066 ,
1192 2013 1242 2058 et
1269 2005 1358 2074 qui
1389 2005 1518 2058 bibit
1545 2023 1715 2060 meum
1739 2008 2072 2075 sanguinem,

505 2091 595 2144 ille
630 2095 761 2145 vivet
804 2095 857 2147 in
891 2105 1144 2148 u'ternum
1170 2097 1250 2156 ³⁸,
1292 2097 1568 2150 credimus
1611 2097 1920 2151 divinorum
1981 2111 2076 2150 no-

507 2185 710 2238 minum
745 2187 1113 2247 confessione.
1163 2187 1341 2242 Patris
1394 2190 1516 2244 dico
1561 2199 1613 2243 et
1651 2189 1772 2244 Filii
1807 2200 1861 2244 et
1911 2189 2079 2260 Spiri-

505 2284 592 2330 tus
622 2280 817 2332 saneti.
849 2288 1026 2332 ratum
1060 2281 1172 2334 ﬁeri
1203 2281 1422 2350 pietatis
1469 2283 1791 2352 mysterium
1819 2301 1832 2336 :
1869 2289 1925 2336 et
1965 2297 2078 2352 my-

506 2367 766 2420 sticorum
806 2371 1008 2424 rituum
1039 2381 1093 2424 et
1137 2374 1508 2442 symbolarum
1557 2374 1946 2428 communione
1993 2389 2078 2427 sa-

509 2459 676 2511 lutem
707 2461 1038 2516 conﬁrmari.
1071 2462 1330 2533 Dogmata
1367 2475 1546 2520 autem
1580 2473 1834 2520 accurate
1863 2467 1930 2518 ab
1991 2465 2076 2519 his

505 2555 690 2616 etiam,
727 2556 817 2623 qui
849 2564 976 2610 sunt
1005 2566 1158 2611 extra
1192 2561 1512 2630 mysterium
1537 2599 1550 2621 ,
1584 2575 1726 2628 smpe
1751 2557 2076 2612 examinan-

505 2655 594 2699 tur
646 2655 700 2700 et
742 2649 1014 2703 subtiliter
1041 2651 1413 2705 discutiuntur
1443 2671 1454 2706 :
1485 2653 1686 2706 multos
1722 2651 1884 2706 etiam
1953 2650 2078 2702 licet

503 2736 695 2788 audire
728 2737 819 2805 qui
849 2753 950 2806 pro
975 2739 1280 2810 bypotbesi,
1311 2741 1426 2795 sive
1459 2741 1848 2809 disputationis
1876 2737 2076 2807 subje-

505 2835 594 2878 cto
640 2829 741 2880 sibi
809 2829 874 2881 ad
933 2845 1244 2884 sermonum
1303 2834 1766 2886 concertationem
1823 2840 2074 2886 nostrum

506 2919 698 2982 dogma
745 2931 1091 2989 proponunt;
1128 2924 1392 2986 quosdam
1425 2925 1586 2977 etiam
1629 2926 1872 2993 ipsorum
1934 2939 2078 2992 saepe

508 3012 561 3064 iu
605 3015 881 3066 veritatem
915 3013 1178 3076 incidere.
1209 3015 1570 3069 nihilominus
1605 3031 1632 3069 a
1676 3016 1779 3068 ﬁde
1808 3016 2076 3070 alienatos

505 3119 643 3156 esse.
678 3102 944 3169 Quoniam
977 3107 1138 3176 igitur
1164 3116 1394 3170 augusta
1429 3117 1481 3161 et
1510 3108 1822 3162 veneranda
1855 3109 2076 3162 nomina

2105 1883 2147 1937 Β

2174 633 2293 684 Ὅτι
2325 631 2422 700 μὲν
2450 627 2542 684 οὖν
2570 631 2688 684 οὐδὲ
2737 631 2856 684 τότε
2885 633 2998 694 τοῖς
3027 629 3458 698 εύαγγελισταϊς,
3487 626 3610 681 οὔτε
3636 629 3747 690 τοῖς

2169 724 2485 786 ἀποστόλοις
2508 763 2521 784 ,
2571 722 2693 776 οὔτε
2742 725 2848 777 τινὶ
2873 723 2979 775 τῶν
3003 723 3101 792 τῆς
3134 721 3492 794 ἀρχαιοτέρας
3523 719 3748 792 Γραφῆς

2171 815 2638 886 καθηγησαμένων
2665 815 2926 877 πεισθεὶς,
2955 814 3126 866 ταῦτα
3152 814 3373 883 γράφει,
3401 813 3562 866 παντὶ⁹
3588 813 3746 881 δῆλον

2170 907 2246 977 τῷ
2270 906 2367 977 τὴν
2410 907 2560 978 ίεράν
2607 925 2665 960 τε
2711 908 2804 960 καὶ
2847 907 2994 960 Θείαν
3040 907 3138 958 ούκ
3171 904 3451 971 ἀγνοοῦντι
3501 905 3740 974 Γραφήν.

2184 997 2496 1051 Ἀκόλουθον
2524 997 2567 1050 δ’
2599 997 2666 1051 ἂν
2690 998 2774 1068 εἴη
2799 998 2988 1065 ἁγίους
3013 997 3175 1050 αὐτὸν
3206 995 3302 1048 καὶ
3334 995 3634 1064 μακαρίους
3663 995 3748 1048 ἅν-

2171 1091 2302 1162 δρας
2329 1089 2533 1142 οἴεσθαι
2571 1088 2773 1157 λέγειν,
2823 1089 3143 1157 Μανιχαῖον,
3179 1086 3462 1146 Νικόλαον,
3502 1083 3746 1136 Ἀκόλου-

2173 1183 2286 1244 θον,
2330 1182 2552 1242 Ἀέτιον,
2588 1183 2823 1251 ΙἈρειον,
2872 1179 2967 1233 καὶ
3015 1179 3224 1241 πάντας
3267 1178 3392 1239 τοὺς
3436 1175 3530 1228 τοῦ
3583 1175 3744 1229 αὐτοῦ

2173 1274 2357 1345 χοροῦ,
2383 1273 2464 1337 οἷς
2487 1273 2792 1328 ἀκολουθῶν
2813 1271 2984 1325 ταῦτα
3013 1269 3316 1341 νομοθετεῖ,
3342 1269 3424 1322 ὅτι
3453 1288 3470 1320 ι
3495 1267 3616 1321 οὗτε
3635 1266 3746 1320 τῶν

2172 1368 2446 1436 ὀνομάτων
2488 1367 2520 1434 ἡ
2553 1365 2832 1433 ὁμολογία,
2866 1362 2986 1416 οὔτε
3022 1361 3088 1414 τά
3121 1361 3216 1430 ἔθη
3255 1361 3354 1431 τῆς
3401 1357 3743 1426 Ἐκκλησίας,

2172 1458 2294 1512 οὔτε
2311 1459 2377 1510 τά
2403 1456 2638 1526 μυστικά
2661 1454 2900 1525 σύμϐολα
2917 1455 3071 1523 κυροῖ
3091 1453 3188 1520 τὴν
3205 1451 3502 1504 εὐσέϐειαν.
3519 1467 3536 1500 ι
3555 1449 3748 1519 Ἡμεῖς

2173 1555 2228 1608 δὲ
2261 1551 2638 1623 μεμαθηκότες
2671 1550 2821 1620 παρά
2859 1550 2956 1616 τῆς
2988 1548 3148 1616 ἁγίας
3177 1546 3375 1615 φωνῆς.
3421 1544 3502 1595 ὅτι
3528 1543 3636 1594 Ἂν
3659 1541 3744 1610 μή

2174 1666 2264 1711 τις
2291 1643 2552 1714 γεννηθῇ
2576 1643 2804 1695 ἄνωθεν
2827 1641 2898 1694 δι’
2931 1640 3146 1704 ὕδατος
3171 1639 3268 1692 καὶ
3287 1638 3652 1703 "meditatae,
3677 1637 3746 1689 οὐ

2169 1739 2255 1808 μὴ
2299 1736 2541 1803 εἰσέλθῃ
2576 1737 2664 1799 εἰς
2693 1735 2806 1798 τὴν
2841 1731 3168 1797 ,ϐασιλείαν
3193 1728 3300 1784 τοῦ
3333 1727 3502 1791 Θεοῦ,
3548 1723 3642 1778 καὶ
3665 1723 3748 1776 ὅτι

2187 1833 2250 1884 '0
2298 1828 2530 1898 τρώγων
2573 1845 2690 1895 μου
2737 1825 2852 1890 τὴν
2896 1823 3122 1892 σάρκα,
3165 1821 3263 1874 καὶ
3295 1821 3485 1872 πίνων
3518 1834 3636 1886 μου
3678 1813 3748 1867 τὸ

2175 1915 2338 1988 αἷμα,
2377 1917 2606 1981 ἐκεῖνος
2629 1914 2864 1983 ζήσεται
2896 1917 2982 1979 εἰς
3015 1913 3124 1966 τὸν
3155 1911 3360 1965 αἰῶνα·
3407 1905 3748 1978 πεπείσμεθα

2174 2016 2240 2082 τῇ
2273 2011 2531 2082 ὁμολογίᾳ
2561 2007 2668 2062 τῶν
2704 2008 2862 2060 θείων
2887 2007 3184 2077 ὀνομάτων,
3232 2003 3444 2074 Πατρδς
3483 2001 3624 2068 λέγω
3655 1999 3746 2052 καὶ

2179 2105 2334 2168 Tia-3,
2361 2105 2454 2156 καὶ
2481 2101 2794 2171 Πνεύματος
2835 2099 3010 2168 ἀγίου,
3041 2096 3338 2168 κυροῦσθαι
3371 2095 3431 2148 τὸ
3463 2094 3564 2164 τῆς
3595 2093 3748 2144 εὗσε-

2177 2196 2330 2257 ϐείας
2363 2194 2678 2264 μυστήριον,
2714 2193 2806 2245 καὶ
2834 2194 2898 2262 τῇ
2944 2189 3054 2242 τῶν
3101 2186 3375 2258 μυστικῶν
3407 2185 3542 2238 ἐθῶν
3567 2201 3626 2236 τε
3656 2182 3748 2236 καὶ

2179 2283 2460 2356 συμϐόλων
2502 2282 2756 2355 κοινωνίᾳ
2781 2282 2876 2353 τὴν
2913 2281 3188 2351 σωτηρίαν
3231 2275 3610 2348 κρατύνεσθαι.
3651 2274 3748 2327 Δό-

2177 2393 2362 2446 γματα
2389 2375 2446 2428 δὲ
2492 2375 2558 2427 δι’
2592 2373 2904 2444 ἐπιμελείας
2937 2373 3029 2426 καὶ
3056 2373 3166 2434 τοῖς
3196 2369 3300 2434 ἔξω
3331 2368 3424 2421 τοῦ
3455 2363 3748 2438 μυστηρίου

2177 2467 2435 2531 πολλάκις
2463 2465 2750 2536 ἐξήτασται
2779 2483 2790 2492 ·
2829 2465 2920 2516 καὶ
2952 2461 3160 2515 πολλῶν
3187 2460 3338 2513 ἔστιν
3372 2457 3588 2510 ἀκούειν
3615 2455 3748 2508 ὑπό-

2178 2563 2324 2616 θεσιν
2357 2562 2570 2622 ἑαυτοῖς
2597 2559 2676 2621 είς
2701 2558 2873 2624 λόγων
2907 2555 3132 2624 ἅμιλλαν
3171 2553 3229 2605 τὸ
3271 2551 3540 2622 ἡμέτερον
3573 2549 3746 2617 δόγμα

2179 2651 2662 2724 προϐαλλομένων·
2715 2648 2809 2701 καί
2841 2664 2990 2710 τινας
3016 2646 3211 2704 αὐτῶν,
3247 2645 3340 2696 καὶ
3373 2643 3492 2696 κατ’
3525 2645 3744 2706 ἐπιτυγ-

2179 2743 2437 2812 χάνοντας
2487 2741 2587 2810 τῆς
2622 2738 2880 2807 ἀληθείας
2926 2735 3204 2794 πολλάκις,
3251 2733 3346 2786 καὶ
3390 2731 3542 2785 οὐδὲν
3588 2725 3749 2800 ἦττον

2177 2831 2640 2902 ἡλλοτριωμένους
2667 2830 2764 2898 τῆς
2815 2829 3068 2889 πίστεως.
3116 2825 3330 2895 Ἐπειδὴ
3369 2825 3546 2878 τοίνυν
3583 2839 3750 2876 κατα-

2179 2927 2366 2995 φρονεῖ
2402 2923 2498 2994 μὲν
2524 2923 2630 2975 τῶν
2663 2921 2874 2990 σεμνῶν
2905 2921 3201 2990 ὀνομάτιιιν.
3232 2919 3296 2971 δι’
3329 2912 3402 2970 ὧν
3430 2918 3527 2986 τῆς
3551 2913 3752 2967 θειοτέ-

2183 3036 2282 3089 ρας
2309 3019 2612 3087 γεννήσεως
2642 3017 2675 3086 ή
2703 3014 2930 3084 δύναμις
2955 3016 3066 3075 τοῖς
3090 3012 3175 3064 ὀιὰ
3207 3012 3441 3072 πίστεως
3473 3007 3750 3078 μετιοῦσιν

2178 3112 2276 3181 τὴν
2301 3111 2459 3180 χάριν
2487 3107 2660 3177 νέμει,
2690 3106 2920 3176 περιορᾷ
2946 3105 3002 3157 δὲ
3033 3104 3128 3172 τὴν
3157 3101 3266 3154 τῶν
3307 3097 3579 3171 μυστικῶν
3613 3114 3751 3162 συμ-

508 3207 850 3265 aspernatur.
884 3213 976 3268 per
1005 3215 1124 3266 qua:
1153 3200 1441 3254 divinioris
1494 3203 1860 3269 generationis
1900 3204 2076 3254 virtus

2181 3203 2352 3256 σόλων
2376 3217 2434 3252 τε
2461 3199 2555 3252 καὶ
2587 3197 2722 3250 ὲθῶν
2759 3195 3058 3255 κοινωνίαν,
3087 3196 3143 3245 ἐν
3170 3188 3250 3256 οἷς
3277 3195 3304 3245 ὀ
3333 3194 3374 3244 Χ
3385 3187 3752 3262 ριστιανισμὸς

509 3287 962 3357 partieipantibus
989 3305 1086 3358 per
1117 3290 1270 3345 ﬁdem
1307 3292 1533 3354 gratiam
1573 3293 1767 3347 tribuit
1797 3311 1812 3356 ;
1846 3293 2077 3362 despicit

505 3385 687 3432 autem
751 3381 1103 3450 mysticorum
1165 3381 1532 3452 symbolorum
1593 3393 1645 3436 et
1679 3385 1884 3437 rituum
1923 3397 2078 3435 com—

505 3471 841 3532 munionem.
873 3472 926 3524 in
963 3472 1160 3541 quibus
1198 3473 1652 3530 Christianismtts
1697 3475 1862 3530 robur
1893 3475 2074 3538 habet,

509 3562 640 3616 illud
680 3563 960 3633 Propheta:
985 3565 1257 3626 dicamus.
1292 3567 1574 3635 paululum
1607 3568 1837 3637 digressi
1886 3569 1950 3622 ad
1983 3583 2080 3620 au-

509 3653 716 3708 ditores
751 3655 954 3709 erroris
997 3665 1052 3708 et
1111 3658 1466 3726 imposturzn:
1527 3658 1810 3728 Quousque
1867 3657 2078 3712 tandem

509 3748 656 3816 gravi
685 3749 888 3804 corde?
919 3750 1102 3819 utquid
1171 3750 1398 3819 diligitis
1433 3752 1718 3804 vanitatem
1759 3761 1806 3803 et
1837 3751 2078 3820 quaeritis

512 3839 842 3892 mendacium
865 3841 958 3894 '9?
1013 3840 1298 3906 Quomodo
1345 3857 1452 3896 non
1487 3843 1685 3898 videtis
1724 3843 1848 3898 ﬁdei
1893 3859 2082 3914 perse-

512 3939 754 3985 eutorem
789 3931 854 3986 ad
886 3931 1291 3988 Cbristianismi
1333 3935 1823 4004 transgressionem
1855 3951 1952 3989 eos
1987 3935 2080 4005 qui

511 4023 558 4075 ei
594 4023 822 4076 credunt
848 4025 1274 4092 provocantem?
1303 4025 1359 4080 Si
1391 4026 1534 4079 enim
1567 4027 2000 4084 tenerandorum
2028 4035 2083 4082 et

511 4117 908 4170 bonorabilimn
937 4115 1218 4188 nominum
1256 4124 1458 4170 sanctae
1490 4115 1774 4171 Trinitatis
1807 4116 2081 4172 confessio

511 4215 592 4260 est
620 4207 850 4270 inutilis,
885 4205 1105 4261 inutiles
1142 4209 1306 4261 etiam
1347 4216 1476 4261 sunt
1503 4207 1758 4261 Ecclesiae
1807 4209 1982 4263 ritus:
2025 4207 2082 4262 in

510 4295 596 4350 bis
627 4302 808 4348 autem
839 4295 1034 4348 ritibus
1093 4303 1178 4350 est
1227 4297 1486 4362 sigillum,
1542 4296 1870 4366 deprecatio.
1904 4297 2083 4364 bapti—

512 4405 652 4446 sma.
684 4395 1034 4457 peccatorum
1066 4389 1361 4454 confessio,
1409 4391 1474 4443 ad
1507 4389 1760 4443 mandata
1821 4390 2084 4459 prompti-

511 4478 664 4537 tudo,
699 4492 909 4530 morum
945 4477 1273 4538 emendatio.
1301 4485 1666 4546 temperanter
1708 4487 1760 4531 et
1791 4478 1971 4532 sobrie
2003 4479 2084 4531 vi-

2178 3292 2274 3364 τὴν
2309 3292 2460 3361 ἰσχὺν
2495 3291 2625 3360 ἔχει,
2660 3289 2903 3358 εἴπωμεν
2951 3287 3010 3338 τὸ
3053 3285 3146 3338 τοῦ
3201 3285 3504 3354 Προφήτου,
3557 3279 3753 3351 μικρὸν

2179 3384 2599 3455 παρῳδήσαντες
2643 3380 2780 3450 πρὸς
2813 3379 2937 3438 τοὺς
2973 3377 3246 3449 ἀκροατὰς
3277 3379 3374 3444 τῆς
3403 3373 3635 3444 ἀπάτης,
3669 3372 3752 3424 ὅτι

2181 3477 2328 3542 Ἕως
2348 3476 2491 3528 πότε
2511 3471 2926 3541 βαρυκάρδιοι;
2958 3471 3058 3523 ἵνα
3083 3471 3139 3522 τί
3161 3468 3427 3538 ἀγαπᾶτε
3453 3467 3564 3533 τὴν
3603 3463 3755 3519 ἀπώ-

2179 3572 2352 3623 λειαν
2378 3567 2474 3620 καὶ
2512 3563 2729 3630 ζητεῖτε
2749 3562 3010 3632 ψεῦδος
3053 3560 3177 3624 Πῶς
3209 3561 3306 3629 οὐχ
3330 3560 3490 3628 ὁρᾶτε
3518 3557 3608 3609 τὸν
3631 3555 3757 3609 διώ-

2181 3675 2314 3727 κτην
2340 3657 2438 3726 τῆς
2471 3655 2722 3716 πίστεως,
2745 3655 2822 3716 είς
2855 3651 3163 3722 παράϐασιν
3184 3647 3276 3700 τοῦ
3326 3642 3752 3716 Χριστιανισμοῦ

2179 3750 2307 3812 τοὺς
2327 3746 2678 3816 πειθομένους
2697 3743 2844 3814 αύτῷ
2867 3740 3136 3812 προκαλού
3146 3756 3336 3810 μενον;
3373 3739 3434 3792 Εἰ
3461 3737 3564 3808 γὰρ
3585 3737 3754 3806 ἀχρη-

2184 3858 2307 3904 στος
2353 3840 2448 3910 μὲν
2495 3840 2527 3909 ἡ
2577 3838 2684 3891 τῶν
2728 3834 2938 3906 σεμνῶν
2984 3851 3042 3887 τε
3086 3834 3178 3886 καὶ
3214 3833 3409 3902 τιμίων
3455 3832 3552 3900 τῆς
3594 3827 3756 3895 ἁγίας

2181 3932 2408 4004 Τριάδος
2443 3929 2720 3997 ὀνομάτων
2753 3924 3028 3996 ὁμολογία,
3072 3922 3304 3992 ἀνόνητα
3339 3921 3395 3973 δέ
3433 3920 3502 3972 τὰ
3533 3917 3626 3986 έθη
3656 3915 3756 3984 τῆς

2193 4021 2538 4092 Ἐκκλησίας,
2567 4023 2626 4073 ἐν
2647 4019 2701 4072 δὲ
2727 4021 2837 4081 τοῖς
2865 4016 3007 4069 rem
3032 4015 3238 4076 τούτοις
3256 4013 3400 4065 ἐστὶν
3430 4014 3464 4079 ὴ
3497 4007 3752 4079 σφραγὶς,

2183 4121 2217 4190 ἡ
2249 4115 2544 4187 προσευχὴ,
2595 4113 2655 4164 τὸ
2687 4111 2984 4181 βάπτισμα,
3032 4109 3066 4178 ἡ
3108 4105 3214 4158 τῶν
3256 4103 3536 4174 ἁμαρτιῶν
3565 4098 3755 4190 ἐξαγό-

2185 4189 2389 4283 ρευσις.
2416 4209 2448 4278 ή
2474 4205 2600 4276 περὶ
2629 4203 2727 4266 τὰς
2757 4200 2971 4262 ἐντολὰς
2999 4197 3292 4269 προθυμία,
3325 4197 3357 4266 ή
3383 4194 3510 4264 περὶ
3543 4193 3600 4247 τὸ
3627 4189 3758 4283 ἦθος

2183 4282 2537 4370 κατόρθωσις,
2578 4295 2639 4348 τὸ
2668 4294 2809 4347 κατὰ
2843 4289 3197 4362 σωφροσύνην
3231 4287 3400 4358 βιοῦν,
3440 4286 3502 4338 τὸ
3533 4285 3666 4355 πρὸς
3695 4282 3760 4334 τὸ

2184 4390 2390 4443 δίκαιον
2436 4386 2673 4457 βλέπειν,
2724 4383 2785 4437 τὸ
2835 4383 2908 4453 μὴ
2953 4383 3072 4444 ταῖς
3115 4379 3432 4450 ἐπιθυμίαις
3465 4376 3755 4439 ἐθίζεσθαι,

2190 4487 2324 4552 μήτε
2360 4479 2550 4550 ἡδονῆς
2579 4475 2865 4548 ἡττᾶσθαι,
2915 4475 3049 4544 μήτε
3097 4473 3295 4541 ἀρετῆς
3338 4467 3756 4522 ἀπολείπεσθαι.

511 4583 656 4630 vere,
692 4568 756 4620 ad
787 4567 840 4620 id
871 4569 1014 4636 quod
1035 4567 1241 4637 justum
1265 4577 1348 4622 est
1375 4569 1666 4638 respicere.
1693 4568 2077 4637 cupiditatibus

2187 4575 2250 4626 Et
2297 4567 2390 4625 οῦν
2429 4569 2593 4640 μηδὲν
2631 4567 2737 4620 τῶν
2765 4565 3020 4620 τοιούτων
3049 4563 3186 4616 ἐθῶν
3231 4564 3315 4613 ἐπ’
3346 4559 3535 4629 ἀγαθῷ
3563 4576 3762 4630 κατορ-

513 4675 618 4713 non
661 4673 1000 4718 assuescere.
1053 4675 1228 4728 neque
1261 4674 1288 4712 ιι
1329 4661 1604 4723 uoluptate
1636 4661 1803 4724 vinci,
1845 4677 2023 4730 neque
2054 4677 2084 4714 a

511 4752 711 4804 virtute
740 4749 1006 4814 deﬁcere;
1039 4751 1085 4804 si
1117 4751 1280 4819 igitur
1311 4749 1447 4803 nihil
1485 4750 1670 4803 talium
1707 4750 2084 4804 institutorum

513 4841 578 4894 ad
633 4843 797 4896 vitam
868 4841 1006 4897 bene
1069 4841 1457 4896 instituendam
1497 4841 1749 4896 conferre
1810 4850 2086 4908 autumat,

513 4949 690 5002 neque
721 4935 945 5005 mystica
998 4935 1243 5004 symbola
1288 4948 1410 4988 esse
1457 4933 1662 5003 optima
1717 4934 1957 4988 remedia
2016 4932 2084 4988 ad

511 5025 910 5088 conservanda,
958 5025 1116 5080 sicuti
1157 5025 1452 5088 credimus,
1498 5025 1664 5078 animi
1705 5024 1886 5078 bona:
1930 5040 2085 5078 aver-

512 5126 876 5172 runcamenta
911 5127 1092 5172 autem
1127 5129 1178 5172 et
1205 5116 2085 5186 depulsionesillectamentorum,

511 5227 632 5281 qum
662 5210 1011 5265 credentibus
1061 5225 1090 5263 a
1143 5211 1381 5280 maligno
1437 5209 1698 5265 insidiose
1752 5219 2082 5265 struuntur:

510 5303 638 5372 quid
671 5301 817 5356 aliud
851 5302 1182 5366 hominibus,
1207 5301 1370 5372 idque
1403 5302 1580 5371 palam
1606 5303 1889 5362 inclamat.
1921 5317 2086 5371 quam

511 5409 685 5461 nugas
706 5393 1012 5447 existimari
1039 5393 1236 5448 debere
1259 5393 1697 5448 Christianorum
1723 5393 2044 5463 mysterium
2069 5411 2084 5459 ;

512 5485 760 5541 deridere
820 5486 1138 5556 dignitatem
1205 5487 1514 5540 divinorum
1575 5486 1893 5550 nominum;
1945 5485 2088 5540 ludi-

513 5574 688 5628 brium
733 5587 924 5645 putare
977 5575 1232 5631 Ecclesiae
1269 5578 1406 5632 ritus
1451 5585 1504 5629 et
1557 5577 1848 5642 instituta;
1891 5592 2083 5646 nugas,

519 5667 702 5721 nescio
733 5683 891 5736 quas,
928 5675 982 5722 et
1010 5667 1298 5722 stultitiam
1329 5669 1514 5722 omnia
1545 5683 1666 5738 quae
1693 5669 1840 5722 circa
1881 5677 2087 5738 myste-

591 5842 634 5872 ’τ
673 5839 829 5897 .ioan.
867 5857 948 5906 ιιι,
987 5841 1042 5896 5.

1152 5843 1197 5874 ⁸⁸
1237 5839 1395 5898 Joan.
1430 5858 1505 5907 vr,
1544 5840 1632 5895 55.
1705 5841 1748 5874 ”
1787 5838 1930 5894 Psal.
1971 5854 2045 5906 tv,
2085 5839 2138 5894 5.

2191 4664 2411 4718 θοῦσθαι
2438 4663 2610 4730 λέγει,
2635 4660 2766 4730 μηδέ
2790 4660 2859 4713 τὰ
2888 4655 3120 4729 μυστικὰ
3151 4653 3392 4724 σύμϐολα
3421 4654 3760 4722 φυλακτήρια

2195 4760 2290 4828 μὲν
2319 4755 2428 4809 τῶν
2477 4753 2605 4824 περὶ
2643 4752 2741 4822 τὴν
2767 4750 2940 4820 ψυχὴν
2968 4747 3206 4816 ἀγαθῶν,
3255 4745 3436 4808 καθὼς
3469 4743 3761 4797 πεπιστεύ-

2193 4865 2387 4917 καμεν,
2416 4845 2660 4915 γίνεσθαι
2680 4860 2692 4872 ·
2729 4842 3074 4912 ἀποτρόπαια
3105 4839 3160 4892 δὲ
3187 4837 3296 4890 τῶν
3319 4838 3437 4890 κατ’
3471 4834 3759 4904 ἐπιϐουλὴν

2189 4937 2284 4990 τοῦ
2305 4934 2542 5007 πονηροῦ
2564 4936 2674 4996 τοῖς
2703 4929 3118 4986 πεπιστευκόσιν
3145 4926 3500 4996 ἐπαγομένων
3517 4942 3528 4954 ·
3561 4925 3612 4977 τί
3633 4924 3761 4980 ἄλλο

2191 5029 2285 5082 καὶ
2317 5028 2437 5098 οὐχ)¹
2463 5024 2708 5095 φανερῶς
2739 5023 2910 5092 ἐμϐοᾷ
2930 5025 3042 5084 τοῖς
3067 5019 3392 5091 ἀνθρώποις,
3418 5019 3580 5089 λῆρον
3605 5022 3757 5089 ήγεῖ-

2191 5121 2314 5174 σθαι
2359 5118 2467 5171 τῶν
2498 5113 2838 5188 Χριστιανῶν
2873 5112 2934 5165 τὸ
2965 5113 3282 5182 μυστήριον,
3323 5109 3627 5180 καταγελᾷν
3656 5109 3758 5176 τῆς

2191 5211 2517 5282 σεμνότητος
2561 5207 2668 5260 τῶν
2719 5206 2878 5259 θείων
2917 5203 3230 5273 ὀνομάτων,
3271 5202 3518 5266 παίγνιον
3550 5200 3756 5254 οἴεσθαι

2187 5303 2257 5357 τά
2293 5303 2391 5372 τῆς
2429 5299 2750 5368 Ἐκκλησίας
2779 5297 2897 5366 ἔθη,
2948 5295 3213 5365 φλυαρίαν
3248 5293 3368 5347 τινὰ
3412 5293 3504 5346 καὶ
3547 5293 3757 5363 μωρίαν

2191 5397 2260 5449 τὰ
2281 5397 2422 5449 κατὰ
2453 5394 2514 5446 τὸ
2545 5393 2840 5462 μυστήριον
2871 5386 3236 5458 ἐνεργούμενα
3269 5385 3478 5446 πάντα;
3507 5385 3572 5437 Τί
3596 5384 3759 5438 πλέον

2194 5490 2240 5541 οἱ
2291 5486 2368 5556 τῷ
2419 5482 2757 5553 Ἐλληνισμῷ
2799 5479 3200 5550 παραμένοντες
3245 5478 3325 5540 είς
3369 5475 3620 5546 διαϐολὴν
3667 5473 3758 5527 τοῦ

2193 5577 2314 5631 καθ’
2346 5577 2491 5647 ἡμᾶς
2526 5573 2856 5645 προφέρουσι
2887 5567 3186 5638 δόγματοςς
3239 5567 3373 5635 Οὐχὶ
3401 5567 3639 5618 κάκεῖνοι
3667 5563 3758 5631 γέ-

2193 5670 2360 5733 λωτος
2407 5665 2656 5738 ἀφορμὴν
2693 5664 2752 5716 τὸ
2799 5661 2990 5733 σεμνὸν
3023 5657 3297 5712 ποιοῦνται
3329 5656 3435 5710 τῶν
3464 5655 3758 5726 ὀνομάτων,
