4142 6374
454 409 524 466 88
533 413 555 466 ‘l

1548 427 1827 484 CONTRA
1868 431 2258 502 EUNOMIUM.
2290 439 2418 498 LIB.
2460 443 2553 500 XI.

3598 461 3717 516 Si”!

451 529 510 582 ἐν
539 525 619 593 οἷς
644 532 676 602 ἡ
707 533 886 596 πίστις
911 538 1251 605 κρατύνεται,
1284 545 1373 596 καὶ
1391 546 1796 616 διαχλευάζουσι
1822 556 1890 605 τὰ
1925 571 2026 624 μυ-

459 622 699 643 ,φηιμ
755 626 832 643 ρ,
1004 629 1017 643 .
1101 631 1111 643 .
1170 632 1192 643 -
1403 637 1413 643 .

2130 559 2267 615 rium
2296 562 2612 620 efficiuntur
2637 567 2661 620 ?
2687 567 2828 632 Quid
2859 570 3092 639 amplius
3128 572 3200 627 illi
3230 573 3322 643 qui
3371 575 3426 630 in
3467 565 3703 632 Hellenio

454 622 614 676 στικά
642 625 903 696 σύμϐολα,
935 629 1026 682 καὶ
1058 631 1125 683 τά
1164 632 1560 707 διατηρούμενα
1606 643 1756 711 παρά
1792 645 1900 697 τῶν
1927 622 2028 715 με·

456 719 750 786 μυημένων
784 719 911 791 εθη;
945 722 1017 775 Τὸ
1043 723 1099 776 δὲ
1130 726 1186 777 έν
1209 725 1446 800 ¹δόγμασι
1473 733 1582 785 δεῖν
1619 735 1798 803 μόνοις
1823 736 2028 790 οἴεσθαι

451 808 550 877 τὴν
579 809 859 865 εὐσέϐειαν
893 808 1052 877 εῖναι,
1085 816 1227 879 τίνος
1253 818 1424 884 οὕτως
1451 823 1581 876 ἴδιον
1608 824 1682 887 ὼς
1704 826 1812 879 τῶν
1852 827 2031 898 Ἐλλή-

453 921 559 956 νων
583 922 598 968 ;
639 906 791 960 Ἐπεὶ
819 910 1056 963 κάκεῖνοί
1085 929 1245 980 φασιν
1274 911 1414 969 εἷναί
1455 936 1506 970 τι
1537 920 1676 972 κατά
1704 923 1802 992 τὴν
1823 923 2028 976 ἑαυτῶν

455 996 721 1066 ὑπόληψιν
775 1000 866 1052 τοῦ
915 1002 1266 1072 κηρύγματος
1313 1007 1468 1076 ἡμῶν
1515 1010 1902 1085 πιθανώτερον,
1937 1016 2028 1069 καί

451 1105 573 1142 τινα
607 1091 775 1160 μέγαν
824 1092 883 1156 ἐξ
910 1095 1089 1148 αὐτῶν
1114 1114 1256 1160 τινες
1285 1100 1625 1156 ὑποτίθενται
1667 1105 1820 1170 Θεὸν,
1863 1107 2028 1178 ὑπερ·

455 1185 787 1254 ανεστηκότα
813 1185 920 1238 τῶν
966 1188 1140 1242 ἄλλων
1173 1192 1267 1244 καὶ
1316 1193 1656 1266 ὑποχειρίους
1694 1197 1844 1261 τινὰς
1868 1198 2028 1253 δυνά-

458 1291 581 1343 μεις
633 1277 973 1346 ὁμολογοῦσι,
1021 1280 1107 1334 διά
1151 1300 1291 1342 τινος
1333 1285 1537 1351 τάξεως
1567 1289 1658 1339 καὶ
1687 1288 2025 1354 ἀκολουθίας,

455 1365 698 1436 ἀλλήλων
735 1369 832 1438 μὲν
868 1370 1003 1440 πρὸς
1035 1372 1095 1425 τὸ
1160 1374 1345 1443 μεῖζον
1386 1376 1418 1446 ἢ
1461 1379 1879 1449 καταδεέστερον
1916 1381 2029 1433 δια-

457 1457 744 1527 φερούσας,
777 1458 1186 1532 ὑπεζευγμένας
1212 1465 1268 1517 δὲ
1299 1467 1477 1531 πάσας
1502 1470 1698 1541 ἐπίσης
1729 1471 1806 1540 τῷ
1837 1471 2030 1543 ὑπερέ-

457 1567 624 1619 χοντι.
665 1552 853 1608 Ταῦτα
880 1554 1059 1609 τοίνυν
1089 1557 1183 1610 καὶ
1217 1559 1264 1610 οἱ
1299 1560 1608 1629 καθηγηταὶ
1645 1562 1744 1632 τῆς
1785 1557 1911 1627 νέας
1955 1566 2032 1618 εἰ·

454 1641 842 1714 δωλολατρείας
868 1647 1200 1718 κηρύσσουσι
1224 1666 1240 1680 ο
1278 1651 1371 1703 καὶ
1399 1653 1459 1704 οὐ
1495 1653 1792 1707 δεδοίκασιν
1824 1656 1872 1708 οἱ
1905 1655 2029 1708 ἐπό-

459 1751 610 1803 μενοι
630 1737 725 1807 τὴν
748 1739 1098 1810 ἐπικειμένην
1117 1744 1228 1805 τοῖς
1251 1743 1660 1814 παραϐεϐηκόσι
1685 1747 2027 1817 κατάκρισιν.

460 1823 670 1896 Ὥσπερ
717 1828 777 1879 οὐ
826 1830 1114 1898 συνιέντες,
1161 1834 1242 1886 ὃτι
1286 1836 1345 1886 τὸ
1379 1834 1522 1906 ἔργῳ
1566 1854 1619 1888 τι
1660 1839 1884 1908 ποιῆσαι
1922 1840 2030 1893 τῶν

455 1914 702 1981 ἀτόπων,
749 1920 840 1973 τοῦ
879 1922 966 1976 διὰ
1011 1926 1252 1995 ῥήματος
1304 1927 1626 1998 ἐξαμαρτεῖν
1683 1931 1839 1999 μόνον
1880 1933 2030 2002 παρά

456 2008 591 2062 πολὺ
620 2010 1016 2084 χαλεπώτερον.
1067 2018 1128 2068 Οἱ
1172 2019 1346 2070 τοίνυν
1397 2019 1544 2090 ἔργῳ
1590 2021 1687 2090 μὲν
1723 2021 1820 2092 τὴν
1853 2023 2031 2078 πίστιν

456 2099 807 2171 ἀρνούμενοι,
855 2108 950 2158 καὶ
989 2108 1056 2162 τὰ
1091 2108 1187 2178 έθη
1231 2111 1574 2177 φαυλίζοντες
1599 2155 1614 2178 ,
1659 2117 1753 2169 καὶ
1797 2118 1893 2188 τὴν
1924 2117 2030 2170 τῶν

456 2190 733 2259 ὀνομάτων
778 2197 1067 2266 ὁμολογίαν
1117 2203 1511 2271 περιορῶντες,
1550 2208 1644 2259 καὶ
1688 2208 1776 2260 τὸν
1822 2209 1886 2261 ὲκ
1923 2209 2029 2261 τῶν

461 2286 732 2351 μυστικῶν
753 2289 1034 2358 συμϐόλων
1065 2292 1328 2362 ἀγιασμὸν
1358 2295 1472 2347 ἀντ’
1501 2298 1712 2360 οὐδενὸς
1746 2295 1885 2352 εἶναι
1914 2300 2034 2370 κρί-

456 2393 672 2439 νοντες·
728 2382 865 2450 πρὸς
905 2383 961 2436 δὲ
1015 2385 1084 2438 τὰ
1132 2390 1494 2458 σεσοφισμένα
1547 2392 1765 2460 ῥήματα
1818 2392 2032 2460 βλέπειν

455 2468 892 2538 ἀναπεισθέντες,
916 2473 1010 2528 καὶ
1035 2479 1091 2529 ὲν
1120 2479 1183 2548 τῇ
1215 2481 1307 2532 τοῦ
1328 2481 1585 2551 γεννητοῦ
1613 2485 1704 2536 καὶ
1735 2485 2029 2556 ἀγεννήτου

457 2560 767 2633 τεχνολογίᾳ
809 2563 906 2634 τὴν
952 2569 1224 2638 σωτηρίαν
1255 2563 1396 2623 εἶναι
1433 2571 1761 2640 νομίζοντες,
1809 2574 1862 2626 τί
1903 2574 2029 2628 ἄλλο

457 2653 550 2703 καὶ
562 2651 680 2722 οὐχὶ
697 2655 1008 2723 παραϐάται
1026 2657 1136 2710 τῶν
1155 2661 1252 2728 τῆς
1272 2677 1414 2730 σωτη
1425 2662 1543 2730 ρίας
1557 2661 1838 2731 δογμάτων
1853 2665 1988 2716 εἰσίν
2012 2681 2026 2728 ;

2131 668 2251 708 smo
2300 666 2639 724 permanent,
2671 658 2737 712 ad
2791 661 3123 716 calumniam
3181 673 3386 721 nostrae
3441 668 3705 724 doctrinae

2127 745 2417 810 proferunt
2441 746 2464 799 ?
2491 744 2610 800 Non
2635 757 2689 802 et
2710 749 2788 802 illi
2824 749 2971 805 risus
3003 754 3351 809 occasionem
3420 760 3703 811 nominum

2131 837 2492 890 venerandam
2547 837 2864 908 dignitatem
2932 842 3159 904 faciunt,
3201 845 3254 898 in
3311 847 3506 915 quibus
3573 847 3705 905 fides

2130 927 2503 991 confirmatur,
2521 938 2575 984 et
2608 932 2950 987 subsannant
2977 936 3204 1004 mystica
3235 938 3504 1008 symbola,
3535 939 3706 994 ritus-

2130 1033 2236 1088 que
2269 1029 2322 1073 et
2343 1021 2590 1077 instituta
2618 1040 2739 1092 qua:
2765 1025 2834 1080 ab
2867 1025 3096 1082 initiatis
3118 1029 3478 1083 observantur
3503 1029 3702 1096 Τρυοά

2129 1119 2310 1164 autem
2348 1112 2402 1166 in
2454 1113 2687 1169 decretis
2722 1124 2974 1185 oporteat
3019 1118 3152 1172 solis
3215 1127 3405 1188 putare
3445 1122 3702 1190 pietatem

2130 1203 2454 1269 consistere,
2508 1206 2667 1274 cujus
2726 1209 2806 1264 sic
2845 1211 3124 1278 proprium
3193 1213 3334 1266 sicut
3389 1213 3703 1270 Graacorum

2129 1295 2548 1362 est?Qnoniam
2584 1300 2746 1354 etiam
2805 1301 2882 1355 illi
2942 1303 3119 1366 aiunt,
3188 1305 3489 1358 secundum
3547 1321 3702 1360 suam

2130 1389 2444 1458 opinionem
2477 1390 2685 1460 aliquid
2725 1408 2847 1448 esse
2879 1403 3066 1449 nostra
3097 1395 3484 1464 praedicatione
3510 1396 3705 1464 proba-

2130 1479 2337 1534 bilius:
2373 1483 2664 1550 quemdam
2707 1499 2964 1553 magnum
2997 1501 3060 1540 cx
3096 1486 3233 1556 ipsis
3275 1486 3496 1555 quidam
3536 1485 3700 1540 Demn

2131 1582 2465 1640 supponunt,
2501 1574 2624 1628 aliis
2665 1577 3184 1644 supereminentem,
3237 1583 3400 1646 atque
3431 1575 3704 1645 Subjcctas

2131 1661 2210 1716 illi
2248 1662 2514 1732 quasdam
2548 1673 2847 1735 potestates
2879 1670 3215 1723 confitentur
3245 1669 3439 1723 ordine
3469 1669 3703 1738 quodam

2130 1763 2183 1809 et
2233 1755 2373 1810 serie
2413 1756 2556 1812 inter
2597 1773 2655 1812 se
2706 1760 3005 1814 secundum
3065 1761 3245 1828 majus
3321 1763 3407 1815 vel
3475 1762 3707 1816 inferius

2133 1847 2483 1914 differentes,
2540 1849 2820 1918 subiectas
2869 1860 3050 1905 autem
3087 1869 3277 1906 omnes
3336 1854 3619 1920 aequaliter
3653 1853 3706 1907 ei

2136 1938 2230 2008 qui
2290 1941 2675 2008 supereminet.
2735 1941 2860 1997 Haec
2892 1944 3111 2012 quidem
3166 1958 3320 1996 nova:
3385 1942 3720 1996 idololatriae-

2138 2031 2384 2101 Inagistri
2414 2034 2730 2102 praedicant,
2761 2049 2939 2104 neque
2969 2041 3230 2088 verentur
3263 2033 3460 2088 docere
3495 2032 3571 2086 illi
3615 2033 3706 2102 qui

2138 2121 2253 2176 haec
2298 2136 2620 2193 sequuntur,
2659 2125 3159 2194 transgressoribus
3190 2123 3703 2178 condemnationem

2135 2209 2438 2268 imminere.
2496 2213 2665 2279 Quasi
2722 2230 2831 2268 non
2890 2215 3229 2285 intelligant,
3295 2211 3442 2282 quod
3496 2210 3708 2281 aliquid

2138 2304 2438 2359 absurdum
2501 2307 2645 2361 facto
2705 2316 3056 2378 perpetrare,
3113 2310 3284 2361 multo
3347 2307 3566 2376 gravius
3624 2313 3709 2359 est

2137 2410 2300 2464 quam
2332 2397 2499 2450 verbo
2529 2398 2648 2452 solo
2676 2413 2922 2466 peccare.
2958 2397 3060 2462 Qui
3094 2397 3260 2465 igitur
3294 2397 3439 2448 facto
3486 2393 3704 2463 quidem

2137 2484 2294 2540 ﬁdem
2329 2495 2546 2558 negant,
2579 2496 2632 2542 et
2663 2489 2910 2542 instituta
2938 2503 3002 2542 ac
3030 2488 3171 2542 ritus
3204 2487 3351 2556 parvi
3400 2485 3625 2541 faciunt.
3655 2491 3708 2538 et

2135 2577 2417 2630 nominum
2456 2577 2854 2632 confessionem
2883 2578 3211 2646 despiciunt,
3241 2585 3294 2629 et
3339 2592 3403 2629 ex
3465 2573 3707 2644 mysticis

2135 2669 2398 2736 symbolis
2450 2669 2941 2724 sanctificationem
3004 2685 3104 2739 pro
3143 2669 3315 2721 nihilo
3375 2668 3604 2728 ducunt,
3640 2665 3706 2718 ad

460 2745 619 2800 docta
649 2749 810 2802 verba
841 2752 1110 2820 respicere
1142 2754 1412 2822 persuasi,
1448 2766 1504 2809 et
1552 2756 1608 2809 in
1662 2757 1831 2824 geniti
1905 2768 2074 2828 atque
2145 2761 2370 2832 ingeniti
2432 2765 2731 2818 artiﬁcioso
2793 2780 3043 2820 sermone
3111 2765 3342 2818 salutem
3408 2763 3708 2816 consistere

456 2842 762 2907 Opinantes,
814 2842 942 2908 quid
974 2843 1120 2896 aliud
1177 2855 1326 2907 sunt,
1379 2862 1543 2914 quam
1583 2855 2025 2918 transgressores
2063 2851 2521 2910 documentorum
2555 2858 2794 2912 salutis?

527 2931 588 2982 Ei
620 2931 676 2983 δέ
701 2949 783 2993 τις
807 2932 975 2986 οἴεται
996 2935 1167 2988 ταῦτα
1193 2936 1333 2989 κατά
1355 2954 1474 2989 τινα
1503 2939 1866 3007 συκοφαντίαν
1895 2940 2025 3011 παρ’

454 3021 612 3090 ἡμῶν
643 3025 822 3086 αὐτοῖς
852 3025 1227 3095 ἐπιφέρεσθαι,
1269 3030 1388 3081 καθ’
1433 3030 1620 3082 ἑαυτὸν
1647 3029 2027 3100 διασκεψάοθω

2196 2946 2351 3011 Quod
2380 2950 2423 3002 si
2457 2950 2581 3016 quis
2611 2957 2764 3018 putat
2793 2948 2907 3002 btec
2936 2963 2966 2999 a
2990 2946 3145 3001 nobis
3174 2944 3444 2999 calumnia
3475 2942 3706 3013 quadam

2133 3041 2269 3110 ipsis
2299 3042 2509 3105 inferri,
2540 3059 2658 3112 quae
2685 3044 2753 3096 ab
2787 3044 2904 3112 ipso
2930 3043 3132 3111 scripta
3185 3047 3334 3102 sunt,
3367 3054 3462 3108 per
3497 3029 3556 3093 se
3588 3039 3707 3106 ipse

454 3112 523 3163 τὰ
555 3112 683 3181 παρ’
714 3114 877 3166 αὑτοῦ
912 3118 1296 3186 γεγραμμένα,
1338 3120 1407 3172 τά
1437 3137 1495 3172 τε
1532 3121 1864 3190 προτεθέντα
1896 3123 2027 3190 ἡμῖν

2133 3134 2458 3200 consideret,
2483 3143 2538 3190 et
2560 3151 2680 3204 qua:
2699 3135 2858 3189 nobis
2875 3134 2940 3187 ad
2975 3149 3203 3188 examen
3233 3133 3510 3201 proposita
3548 3137 3704 3192 sunt,

455 3204 535 3265 είς
560 3202 824 3268 ἐξέτασιν,
871 3206 965 3258 καὶ
1007 3206 1106 3258 ὃσα
1139 3209 1277 3260 κατά
1316 3211 1376 3262 τὸ
1407 3210 1696 3264 ἀκόλουθον
1729 3214 1841 3274 τοῖς
1875 3214 2027 3282 είρη-

462 3294 644 3362 μένοις
693 3296 974 3361 ἐπάγεται.
1023 3300 1161 3366 Φησὶ
1207 3300 1314 3370 γάρ
1345 3301 1435 3354 τὸν
1481 3301 1574 3354 τοῦ
1624 3301 1826 3372 Κυρίου
1870 3303 2030 3372 νόμον

456 3387 951 3456 παραγραφόμενος
1004 3390 1189 3459 (νόμος
1217 3393 1324 3461 γάρ
1366 3394 1510 3445 ἐστιν
1542 3395 1575 3462 ἡ
1607 3394 1706 3462 τῆς
1739 3393 1889 3457 θείας
1927 3413 2027 3464 μυ-

458 3479 766 3546 σταγωγίας
806 3480 1132 3550 παράδοσις)
1181 3485 1253 3554 μὴ
1299 3487 1377 3548 είς
1426 3486 1646 3556 Πατέρα
1671 3505 1727 3540 τε
1767 3489 1859 3540 καὶ
1905 3489 2029 3541 Υξὸν

456 3569 550 3620 καὶ
582 3567 737 3635 ἅγιον
777 3569 998 3640 Πνεῦμα
1027 3571 1087 3623 τὸ
1119 3571 1401 3644 βάπτισμα
1431 3575 1696 3640 γίνεσθαι,
1728 3575 1911 3640 καθὼς
1944 3579 2029 3630 ὲν-

456 3660 695 3713 ετείλατο
715 3665 826 3724 τοῖς
846 3663 1112 3733 μαθηταῖς
1129 3666 1446 3735 παραδιδοὺς
1468 3667 1528 3720 τὺ
1555 3671 1846 3742 μυστήριον
1867 3686 1881 3700 ο
1915 3670 2028 3722 ἀλλ’

455 3753 534 3814 είς
564 3752 891 3823 δημιουργὸν
941 3755 1034 3807 καὶ
1081 3756 1322 3825 κτίστην,
1371 3758 1466 3810 καὶ
1505 3759 1565 3811 οὐ
1619 3760 1778 3829 μόνον
1812 3760 2030 3828 Πατέρα

457 3845 589 3913 φησὶ
632 3847 724 3898 τοῦ
775 3848 1126 3916 Μονογενοῦς,
1173 3849 1308 3902 ἀλλά
1337 3852 1431 3903 καὶ
1456 3850 1608 3905 Θεόν.
1642 3853 1706 3905 Ὢ
1733 3854 1762 3904 ὁ
1793 3851 2026 3914 ποτίζων

454 3935 545 3988 τὸν
577 3937 798 4007 πλησίον
829 3939 990 3990 αὑτοῦ
1023 3941 1335 4010 ἀνατροπὴν
1366 3942 1627 4012 θολεράνί
1666 3944 1790 4006 Πῶς
1831 3945 2030 3997 ἀνατα-

459 4028 648 4098 ράσσει
690 4032 754 4098 τῇ
805 4029 1012 4082 ίλυὼδει
1049 4032 1334 4104 προσθήκῃ
1365 4035 1459 4086 καὶ
1487 4034 1736 4088 ἀναθολοῐ
1768 4034 1864 4105 τὴν
1896 4035 2028 4105 ἀλή-

389 4141 400 4146 -
457 4115 641 4170 θειανί
676 4118 797 4182 Πῶς
827 4121 886 4171 ού
934 4119 1134 4174 δέδοικε
1181 4123 1280 4193 τὴν
1323 4125 1675 4194 ἐπικειμένην
1707 4125 1846 4196 ἀρὰν
1890 4126 2030 4178 κατά

453 4209 562 4260 τῶν
597 4211 994 4280 προστιθέντων
1021 4230 1072 4265 τι
1098 4217 1216 4277 ταῖς
1252 4215 1424 4278 θείαις
1459 4219 1684 4284 φωναῖς,
1715 4218 1748 4287 ἢ
1779 4218 2028 4288 ὑφαιρεῖν

453 4302 804 4372 τολμώντων;
845 4305 1189 4376 Ἀναγνῶμεν
1214 4307 1298 4360 ἐπ’
1330 4307 1478 4378 αὐτῷ
1508 4308 1617 4360 τῶν
1647 4311 1903 4380 ῥημάτων
1931 4311 2029 4382 τὴν

452 4392 546 4445 τοῦ
585 4395 789 4464 Κυρίου
830 4398 1036 4466 φωνήν.
1075 4399 1494 4465 Πορευθέντες,
1550 4402 1703 4472 φησὶ,
1737 4405 2028 4470 μαθητεύο

453 4503 599 4539 catt-2
625 4487 819 4540 πάντα
860 4489 930 4540 τὰ
961 4488 1121 4556 ἔθνη,
1167 4491 1554 4558 ,ϐαπτίζοντες
1586 4495 1808 4557 αὐτοὺς
1841 4499 1923 4560 εἰς
1959 4497 2024 4550 τὸ

2130 4500 2176 4545 et
2203 4489 2432 4555 Spiritus
2465 4491 2636 4542 sancti
2657 4489 2719 4541 ³ο.

452 4577 640 4638 ὄνομα
681 4579 786 4632 τοῦ
834 4579 1058 4648 Πατρός
1097 4581 1195 4634 καὶ
1234 4582 1339 4635 τοῦ
1393 4585 1530 4638 Υίοῦ
1567 4586 1664 4637 καὶ
1706 4587 1810 4639 τοῦ
1853 4588 2024 4655 ἁγίου

451 4672 815 4738 Πνεῦματος.
874 4673 982 4724 Ποῦ
1038 4675 1240 4742 κτίσμα
1284 4677 1374 4728 τὸν
1416 4677 1538 4728 Υίὺν
1577 4680 2022 4748 προσηγόρευσε;

453 4762 562 4815 Ποῦ
592 4763 813 4832 κτίστην
839 4763 931 4816 καὶ
963 4765 1291 4836 δημιουργὸν
1313 4767 1405 4819 τοῦ
1435 4769 1770 4836 Μονογενοῦς
1797 4772 1884 4823 τὸν
1916 4773 2025 4824 Πα-

451 4855 584 4924 τέρα
613 4858 640 4907 ό
670 4855 825 4921 λόγος
859 4854 1095 4922 ὲδίδαξε;
1140 4858 1248 4909 Ποῦ
1274 4857 1459 4920 δοῦλος
1491 4858 1625 4911 Θεοῦ
1656 4862 1712 4912 ἐν
1742 4865 1852 4923 τοῖς
1881 4863 2025 4932 εἰρη-

455 4947 636 5015 μένοις
671 4948 699 4998 ὁ
731 4948 858 5001 Υἱὸς
887 4945 1024 5001 εἶναι
1062 4950 1369 5003 διδάσκεται
1395 4966 1409 5013 ;
1463 4951 1572 5004 Ποῦ
1604 4951 1736 5015 Θεὸς
1766 4953 1859 5006 τοῦ
1895 4954 2022 5006 Υίοῦ

451 5040 508 5091 ἐν
543 5041 604 5108 τῇ
639 5041 932 5109 παραδόσει
965 5039 1059 5092 τοῦ
1114 5042 1411 5111 μυστηρίου
1458 5042 1789 5112 κηρύσσεται
1817 5061 1830 5108 ;
1883 5045 2024 5114 Ἀρα

451 5132 620 5181 νοεῖτε
650 5131 742 5183 καὶ
787 5132 1014 5192 συνίετε,
1048 5134 1097 5184 οἱ
1123 5134 1187 5185 δι’
1217 5135 1432 5203 ἀπάτης
1463 5134 1858 5204 κατασυρέντες
1888 5136 2024 5206 πρὸς

450 5224 548 5288 τὴν
596 5221 902 5286 ἀπώλειαν,
953 5223 1074 5276 τίνα
1119 5224 1227 5276 τῶν
1279 5225 1420 5276 ἰδίων
1465 5225 1653 5293 ψυχῶν
1707 5224 2022 5296 καθηγητὴν

452 5313 880 5382 προεστήσασθε,
909 5315 999 5367 τὸν
1029 5315 1313 5369 νοθεύοντα
1343 5317 1440 5379 τάς
1468 5318 1626 5384 ἁγίας
1659 5318 1901 5388 Γραφάς,
1933 5317 2022 5370 τὸν

455 5404 848 5474 μεταποιοῦντα
874 5406 973 5468 τὰς
1003 5408 1152 5470 θείας
1199 5408 1401 5475 φωνὰς,
1431 5409 1520 5461 τὸν
1559 5409 1918 5462 ἀναθολοῦντα
1945 5408 2023 5479 τῷ

455 5492 571 5564 ἰδίῳ
609 5492 853 5566 βορϐόρῳ
898 5497 958 5549 τὸ
986 5496 1226 5568 καθαρὸν
1258 5499 1365 5551 τῶν
1393 5499 1490 5567 τῆς
1520 5500 1798 5562 εὐσεϐείας
1827 5499 2026 5568 δογμά-

451 5601 580 5647 των,
614 5586 704 5638 τὸν
739 5587 812 5657 μὴ
851 5589 1009 5658 μόνον
1039 5590 1162 5642 καθ’
1213 5593 1245 5659 ή
1256 5591 1370 5658 μῶν
1411 5589 1513 5661 τὴν
1548 5590 1740 5644 ἑαυτοῦ
1774 5589 2022 5659 γλῶσσαν

451 5675 755 5744 όπλίξοντα,
803 5679 938 5732 ἀλλὰ
984 5683 1078 5734 καὶ
1131 5683 1299 5745 αύτάς
1351 5680 1773 5752 μετασκευάζειν
1820 5683 2024 5752 ἐπιχει-

529 5853 574 5887 ⁶⁶
627 5853 814 5908 Matth.
851 5871 1040 5921 xxvm,
1081 5859 1159 5912 ιε,

2133 3236 2186 3281 et
2221 3244 2560 3297 quacunque
2586 3243 2651 3280 ex
2681 3226 3065 3281 consecutione
3086 3225 3250 3279 dictis
3279 3223 3704 3290 subiunguntur.

2131 3319 2220 3373 Ait
2251 3321 2394 3374 enim
2449 3319 2658 3374 Domini
2695 3320 2864 3388 legem
2905 3325 3222 3386 pervertens
3261 3314 3393 3381 (lex
3450 3315 3594 3367 enim
3624 3319 3702 3366 cst

2131 3411 2329 3465 divina:
2383 3411 2740 3467 institutionis
2801 3409 3089 3475 traditio),
3129 3422 3238 3459 non
3301 3405 3354 3459 in
3399 3403 3614 3458 Patrem
3654 3412 3703 3455 et

2131 3504 2327 3557 Filium
2357 3511 2412 3557 et
2438 3502 2701 3572 Spiritum
2754 3511 3003 3556 sanctum
3062 3498 3333 3570 baptisma
3370 3497 3509 3561 fieri,
3566 3496 3703 3550 sicut

2131 3595 2390 3665 praecepit
2417 3593 2704 3664 discipulis
2740 3592 2961 3647 tradens
2994 3590 3336 3660 mysterium,
3367 3587 3462 3643 sed
3506 3587 3560 3640 in
3587 3585 3705 3654 opi-

2133 3688 2286 3740 licem
2317 3693 2370 3739 et
2411 3692 2735 3744 creatorem.
2786 3692 2839 3736 et
2871 3697 2979 3735 non
3020 3681 3195 3736 solum
3243 3678 3480 3740 Patrem,
3509 3675 3704 3744 inquit,

2133 3775 2550 3846 Unigeniti,sed
2576 3774 2736 3830 etiam
2774 3772 2962 3827 Deum.
3021 3771 3162 3825 Proh
3197 3771 3210 3823 !
3243 3769 3336 3838 qui
3397 3767 3702 3836 proximum

2132 3881 2290 3921 sumn
2321 3873 2509 3934 potare
2541 3863 2672 3919 facit
2701 3863 3038 3918 eversionem
3074 3859 3381 3914 turbidam!
3417 3856 3705 3923 Quomodo

2130 3958 2316 4012 turbat
2361 3971 2582 4011 caenosa
2644 3955 2950 4023 adjectione
3002 3961 3056 4007 et
3084 3951 3336 4020 inquinat
3367 3951 3652 4002 veritatem
3686 3949 3699 4000 !

2131 4044 2413 4111 Quomodo
2442 4059 2550 4097 non
2602 4041 2852 4097 extimuit
2905 4041 3214 4111 impositam
3269 4039 3699 4094 exsecrationem

2131 4132 2394 4187 adversus
2436 4147 2530 4186 eos
2557 4130 2646 4199 qui
2678 4128 2879 4184 divinis
2909 4128 3137 4183 vocibus
3169 4127 3373 4195 aliquid
3416 4125 3701 4194 adjiciunt,

2130 4219 2214 4274 vel
2249 4219 2340 4289 qui
2387 4218 2713 4275 subtrahere
2745 4215 2994 4270 audent?
3019 4215 3287 4286 Legamus
3322 4218 3375 4269 in
3409 4232 3474 4269 eo
3502 4215 3698 4269 verbo--

2131 4323 2251 4362 rum
2282 4322 2469 4362 vocem
2499 4306 2730 4362 Domini.
2767 4305 2986 4373 Euntes,
3034 4307 3250 4376 inquit,
3303 4306 3482 4359 docete
3523 4321 3700 4358 omnes

2129 4409 2324 4470 gentes,
2355 4398 2680 4465 baptizantes
2721 4415 2808 4468 eos
2851 4399 2904 4452 in
2947 4400 3155 4452 nomine
3193 4398 3402 4462 Patris,
3459 4405 3508 4450 et
3543 4395 3697 4454 Filii,

2778 4487 2877 4543 Ubi
2932 4487 3126 4542 Filium
3176 4497 3483 4542 creaturam
3520 4487 3702 4555 appel-

2128 4582 2317 4635 lavit?
2390 4579 2492 4634 Ubi
2555 4581 2808 4644 Patrem,
2877 4591 3173 4634 creatorem
3235 4589 3288 4633 et
3363 4578 3701 4633 conditorem

2129 4674 2427 4746 Unigeniti,
2453 4689 2575 4728 esse
2601 4686 2781 4726 sermo
2809 4670 3035 4726 docuit?
3065 4669 3165 4725 Ubi
3203 4671 3256 4722 in
3288 4670 3372 4723 his
3411 4683 3532 4736 qua:
3555 4667 3700 4721 dicta

2127 4779 2255 4822 sunt
2285 4765 2456 4819 Filius
2485 4779 2606 4818 esse
2635 4779 2826 4817 servus
2851 4762 2940 4816 Dei
2971 4761 3246 4816 docetur?
3273 4759 3373 4813 Ubi
3407 4759 3548 4813 Deus
3575 4756 3696 4812 Filii

2127 4861 2185 4912 in
2221 4857 2466 4928 mysterii
2506 4855 2801 4908 traditione
2823 4851 3192 4921 praedicatur?
3222 4849 3359 4920 Ergo
3384 4850 3699 4919 cognoscite

2126 4956 2180 5004 et
2211 4947 2496 5016 intelligite
2533 4945 2627 5013 qui
2659 4958 2845 4998 errore
2896 4952 2949 4997 et
2981 4943 3279 5011 impostura
3341 4942 3594 5010 perlracti
3628 4942 3696 4993 ad

2131 5037 2414 5090 interitum
2448 5035 2605 5096 estis,
2637 5049 2796 5102 quem
2827 5031 3133 5085 animarum
3169 5040 3472 5085 vestrarum
3527 5033 3697 5101 magi-

2127 5139 2301 5184 slrum
2337 5126 2678 5196 praefecistis,
2713 5125 2806 5194 qui
2841 5125 3111 5178 adulterat
3135 5121 3452 5191 Scripturas
3483 5137 3693 5181 sacras.

2125 5220 2217 5290 qui
2253 5226 2582 5272 transmutat
2611 5217 2826 5270 divinas
2861 5231 3044 5278 voces,
3090 5215 3181 5284 qui
3217 5214 3434 5282 proprio
3487 5214 3600 5265 luto
3645 5225 3698 5266 et

2126 5325 2284 5365 coeno
2349 5325 2484 5380 pura
2547 5309 2800 5378 dogmata
2858 5307 3074 5375 pictatis
3128 5308 3398 5374 inquinat,
3452 5306 3543 5374 qui
3588 5321 3696 5359 non

2121 5405 2298 5460 solum
2328 5412 2522 5458 contra
2551 5419 2651 5457 nos
2694 5417 2848 5456 suam
2880 5401 3117 5470 linguam
3161 5407 3357 5462 armat,
3391 5397 3485 5454 sed
3531 5398 3692 5451 etiam

2122 5498 2270 5567 ipsas
2299 5503 2520 5550 sanctas
2553 5509 2716 5549 voces
2747 5501 3054 5562 pervertere
3095 5500 3327 5545 conatur
3352 5531 3366 5555 ,
3415 5490 3504 5559 qui
3539 5503 3692 5542 suam

2122 5589 2528 5660 perversionem
2563 5585 2778 5640 Domini
2810 5584 3059 5638 doctrina
3091 5582 3262 5653 magis
3308 5589 3479 5634 ratam
3511 5587 3565 5634 et
3600 5579 3695 5632 lir-

2123 5680 2347 5736 miorem
2416 5695 2537 5734 csse
2589 5677 2964 5734 demonstrare
3029 5674 3315 5729 ambitiOse
3387 5668 3688 5725 contmdit.
