4142 6374
389 440 498 496 885

1461 453 1743 511 CONTRA
1777 456 2170 529 EUNOMIUM,
2215 460 2347 520 LIB.
2380 465 2495 521 XII.

3543 473 3651 532 886

394 564 754 636 ἰσχυροτάτην
783 565 1055 632 ὰ-πόδειξιν
1087 562 1160 622 ὧν
1191 569 1436 638 λέγουσιν
1459 573 1600 642 ἔχειν
1627 577 1675 628 οἱ
1708 577 1768 630 τὺ
1791 595 1960 648 μεγα-

2062 579 2263 637 Putant
2301 585 2447 639 enim
2482 586 2915 642 valentissimam
2971 589 3497 645 demonstrationem
3554 606 3650 645 eo-

391 653 530 706 λεῖον
570 654 670 723 τῆς
712 654 804 708 τοῦ
844 657 1180 724 Μονογενοῦς
1229 659 1384 730 δόξης
1427 664 1505 726 εἰς
1551 669 1837 730 ταπεινοὺς
1876 670 1970 722 καὶ

392 744 779 816 δουλοπρεπεῖς
826 749 1120 819 ὑπολήψεις
1159 753 1487 821 κατάγοντες
1508 795 1522 816 ,
1574 757 1664 810 τὸν
1697 759 1832 828 πρὸς
1871 759 1969 830 τὴν

393 835 611 904 Μαρίαν
655 837 748 890 τοῦ
794 839 997 908 Κυρίου
1043 840 1228 910 λόγον,
1266 844 1324 896 ὃν
1367 846 1502 914 μετὰ
1533 847 1631 916 τὴν
1677 850 1968 903 ἀνάστασιν

396 925 500 992 πρὸ
545 926 643 994 τῆς
685 927 868 979 ἀνόδου
913 931 1200 1000 πεποίηται
1227 933 1399 1002 λέγων
1421 976 1434 996 ,
1482 939 1576 1006 Μή
1598 956 1716 1007 μου
1751 939 1964 1001 ἅπτου,

395 1012 560 1065 οὔπω
587 1018 694 1083 γὰρ
727 1017 1061 1086 ἀναϐέϐηκα
1084 1021 1233 1088 πρὸς
1263 1025 1366 1076 τὸν
1397 1027 1625 1094 Πατέρα
1677 1045 1826 1098 μουο
1859 1047 1966 1082 πο-

385 1105 631 1172 ρεύθητι
664 1105 731 1158 δὲ
757 1108 904 1174 πρὸς
941 1110 1082 1174 τοὺς
1103 1112 1404 1181 ἀδελφούς
1428 1134 1548 1184 μου
1578 1118 1675 1170 καὶ
1711 1120 1839 1172 εἰπὲ
1857 1121 1965 1172 αὐ-

393 1193 532 1260 τοῖς,
566 1195 654 1248 ὅτι
681 1198 977 1253 ἀναϐαίνω
1024 1203 1172 1270 πρὸς
1201 1205 1307 1257 τὸν
1333 1206 1562 1274 Πατέρα
1582 1227 1701 1275 μου
1723 1210 1818 1262 καὶ
1845 1213 1964 1262 Πα-

393 1283 532 1352 τέρα
573 1287 758 1356 ὑμῶν,
801 1290 898 1342 καὶ
943 1294 1089 1346 Θεόν
1118 1313 1272 1363 μου,
1321 1297 1418 1351 καὶ
1461 1301 1606 1352 Θεὸν
1638 1301 1821 1369 ὑμῶν.
1855 1301 1966 1370 Τὴν

399 1377 502 1446 μὲν
529 1373 619 1432 οὖν
649 1382 844 1450 εὐσεῧῆ
871 1384 978 1435 τῶν
1005 1387 1306 1456 εἰρημένων
1338 1390 1594 1454 διάνοιαν,
1626 1393 1744 1444 καθ’
1771 1395 1834 1462 ἣν
1867 1411 1962 1446 πε-

395 1470 766 1543 πιστεύκαμεν
793 1475 1038 1546 εἰρῆσθαι
1067 1479 1238 1532 ταῦτα
1268 1483 1401 1549 πρὸς
1428 1482 1524 1552 τὴν
1557 1485 1795 1554 Μαρίαν,
1831 1489 1964 1556 πρό-

392 1560 548 1630 δηλον
577 1558 728 1634 οἶμαι
759 1567 868 1628 τοῖς
911 1569 1372 1640 παραδεξαμένοις
1399 1574 1456 1624 ἐν
1489 1573 1711 1645 ἀληθείᾳ
1748 1577 1845 1645 τὴν
1877 1578 1964 1630 πί-

394 1667 510 1705 στιν
537 1669 549 1684 ·
575 1657 1001 1725 προστεθήσεται
1036 1659 1091 1712 δὲ
1123 1661 1266 1730 ὅμως
1302 1665 1392 1716 καὶ
1423 1667 1551 1734 παρ’
1585 1666 1742 1735 ἡμῶν
1776 1668 1802 1718 6
1837 1669 1964 1738 περὶ

393 1741 585 1796 τούτου
615 1744 770 1812 λόγος
797 1748 854 1800 ὲν
886 1747 962 1815 τῷ
993 1749 1283 1820 καθήκοντι
1313 1753 1478 1824 τόπῳ.
1509 1756 1656 1817 Τέως
1687 1757 1741 1809 δὲ
1774 1757 1962 1826 μαθεῖν

392 1829 542 1898 ἄξιον
593 1835 741 1905 παρὰ
785 1837 893 1890 τῶν
951 1841 1330 1911 προφερόντων
1383 1846 1511 1914 ἡμῖν
1557 1846 1654 1909 τὰς
1709 1847 1963 1911 τοιαύτας

395 1925 576 1991 φωνὰς
597 1967 609 1983 ,
645 1926 726 1978 ὅτι
757 1927 817 1980 τὸ
865 1929 1150 1982 ἀναϐαῖνον
1195 1933 1289 1984 καὶ
1334 1934 1392 1985 τὸ
1433 1934 1737 2006 ὁρώμενον,
1779 1939 1870 1989 καὶ
1901 1937 1962 1989 τὸ
1993 1933 2032 1987 Β

391 2012 478 2066 διὰ
515 2015 614 2084 τῆς
655 2017 796 2086 ἁφῆς
840 2021 1234 2090 γνωριζόμενον
1263 2024 1355 2075 καὶ¹
1383 2023 1462 2076 ἔτι
1502 2025 1638 2096 πρὸς
1663 2029 1869 2091 τούτοις
1901 2027 1960 2081 τὸ

389 2109 502 2168 τοῖς
546 2107 847 2178 ἀνθρώποις
891 2111 978 2164 διὰ
1024 2113 1122 2182 τῆς
1173 2115 1524 2187 ἁδελφότητος
1574 2122 1957 2188 οἰκειούμενον,

393 2191 502 2270 ἄρα
530 2200 626 2270 τῆς
653 2201 822 2265 θείας,
861 2204 891 2273 ἢ
927 2204 1024 2274 τῆς
1053 2205 1396 2278 ἀνθρωπίνης
1429 2211 1641 2278 φύσεως
1671 2214 1797 2266 ἴδιον
1823 2210 1959 2268 εἶναι

391 2284 719 2357 νομίζουσιν.
759 2291 822 2342 Ei
887 2293 984 2361 μὲν
1029 2294 1137 2364 γὰρ
1177 2297 1490 2368 ψηλαφητὸν
1521 2303 1613 2353 καὶ
1642 2303 1830 2372 ὁρατὸν
1869 2306 1960 2358 καὶ

395 2375 594 2447 βρώσει
632 2383 724 2433 καὶ
753 2382 908 2434 πόσει
953 2385 1342 2455 διοικούμενον,
1375 2391 1465 2442 καὶ
1498 2393 1604 2454 τοῖς
1657 2393 1960 2462 ἀνθρώποις

393 2471 650 2538 ὁμογενὲς
686 2474 781 2526 καὶ
821 2473 1061 2542 ἀδελφὸν,
1101 2479 1192 2530 καὶ
1226 2479 1324 2531 ὅσα
1357 2482 1482 2550 περὶ
1515 2481 1610 2552 τὴν
1645 2485 1960 2556 σωματικὴν

393 2561 689 2629 καθορᾶται
734 2565 908 2632 φύσιν.
953 2567 1127 2620 πάντα
1168 2569 1338 2622 ταῦτα
1379 2573 1471 2622 καὶ
1507 2573 1562 2624 ἐν
1595 2573 1806 2643 θεότητι
1840 2575 1960 2644 βλέ-

393 2666 583 2715 πουσι,
629 2651 934 2720 λεγέτωσαν
988 2656 1110 2728 περὶ
1163 2657 1254 2710 τοῦ
1303 2662 1619 2728 μονογενοῦς
1684 2663 1816 2716 Θεοῦ
1866 2667 1959 2719 καὶ

396 2741 586 2806 ταῦτα,
619 2745 710 2795 καὶ
751 2745 850 2797 ὅσα
877 2745 1152 2813 βούλονται
1196 2751 1638 2820 μαρτυρείτωσαν
1669 2755 1832 2824 αὐτῷ,
1867 2757 1960 2807 καὶ

389 2833 488 2906 τὴν
517 2839 841 2906 πορευτικὴν
872 2838 1168 2908 ἐνέργειαν,
1203 2841 1293 2893 καὶ
1314 2839 1408 2912 τὴν
1434 2845 1660 2914 τοπικὴν
1695 2846 1961 2914 μετάστα-

393 2943 498 2990 σιν,
552 2929 687 2998 δπερ
736 2927 864 2981 ἴδιον
909 2929 1016 2982 τῶν
1061 2932 1118 2983 ὲν
1177 2931 1385 3000 σώματι
1434 2937 1959 3006 περιγεγραμμένων

389 3016 554 3069 ἐστίν.
607 3017 668 3069 Ei
708 3019 763 3070 δὲ
803 3021 830 3070 ὁ
871 3021 965 3088 μὲν
1001 3020 1086 3073 διὰ
1116 3021 1215 3090 τῆς
1257 3023 1474 3093 Μαρίας
1509 3025 1753 3094 ἀδελφοῖς
1783 3029 1958 3081 διαλέ-

389 3123 564 3174 γεται,
599 3110 625 3160 6
658 3109 713 3161 δὲ
751 3109 1056 3180 Μονογενὴς
1088 3111 1345 3181 ἀδελφοὺς
1377 3115 1475 3166 οὐκ
1522 3115 1657 3184 ἔχει·
1695 3117 1810 3182 πῶς
1851 3120 1958 3189 γὰρ

390 3197 456 3249 ἂν
483 3199 540 3250 ὲν
567 3198 809 3265 ἀδελφοῖς
837 3200 892 3250 τὸ
921 3200 1202 3268 μονογενὲς
1223 3201 1561 3266 διασιῦζοιτος
1601 3206 1708 3258 Καὶ
1736 3208 1763 3258 6
1793 3207 1958 3260 εἰπὼν

387 3289 628 3357 Πνεῦμα
655 3293 686 3342 ὁ
720 3291 881 3354 Θεὸς,
913 3291 1043 3360 φησὶ
1075 3293 1210 3362 πρὸς
1245 3293 1370 3356 τοὺς
1407 3295 1651 3365 μαθητὰς
1696 3300 1722 3349 6
1774 3300 1954 3363 αὐτὸς,
1987 3277 2029 3333 C

387 3379 468 3432 ὃτι
507 3379 914 3446 Ψηλαφήσιιτέ
935 3397 1030 3448 με,
1063 3381 1148 3433 ἴνα
1182 3381 1329 3453 δείξῃ
1365 3385 1444 3435 ὅτι
1473 3385 1762 3456 ψηλαφητὴ
1797 3390 1895 3458 μὲν
1925 3391 1956 3460 ή

387 3471 700 3540 ἀνθρωπίνη
725 3472 900 3538 φύσις,
935 3475 1132 3541 ἀναφὲς
1157 3473 1210 3525 δὲ
1245 3475 1306 3526 τὸ
1334 3475 1494 3530 θεῖον.
1547 3481 1652 3531 Καὶ
1693 3481 1719 3532 ὁ
1766 3482 1955 3544 εἰπὼν,

387 3563 736 3629 Πορεύομαι,
769 3565 864 3632 τὴν
881 3565 1111 3633 τοπικὴν
1139 3563 1482 3636 διασημαίνει
1512 3569 1858 3637 μετάστασιν.
1900 3573 1956 3625 Ὀ

387 3653 444 3706 δὲ
486 3655 555 3706 τὰ
589 3653 766 3707 πάντα
799 3656 1304 3727 συμπεριειληφὼς,
1353 3661 1408 3712 ἐν
1431 3653 1495 3726 ᾧ,
1532 3661 1710 3724 καθώς
1741 3681 1902 3734 φησιν
1931 3668 1958 3719 6

401 3745 748 3810 Ἀπόστολος,
781 3746 1002 3816 ἐκτίσθη
1040 3747 1105 3800 τὰ
1135 3749 1341 3813 πάντα,
1381 3753 1473 3803 καὶ
1521 3753 1576 3804 ἐν
1603 3746 1646 3820 ᾧ
1689 3754 1753 3806 τὰ
1783 3757 1958 3811 πάντα

392 3835 738 3906 συνέστηκεν,
763 3837 914 3888 οὐδὲν
954 3839 1009 3890 ἐν
1043 3841 1154 3901 τοῖς
1184 3835 1332 3892 οὖσιν
1367 3839 1469 3904 ἔξω
1493 3843 1682 3895 ἑαυτοῦ
1713 3843 1846 3914 ἔχει,
1879 3849 1958 3910 εἰς

388 3927 418 3979 ὃ
469 3928 608 3980 κατά
653 3945 770 3979 τινα
817 3929 1028 3998 κίνησιν
1067 3932 1100 3998 ἡ
1147 3933 1522 4002 μεταχώρησις
1562 3937 1786 4004 γίνεται.
1823 3941 1957 3993 υὺδὲ

391 4017 498 4087 γάρ
548 4015 693 4070 ἔστιν
744 4018 943 4088 ἑτέρως
983 4019 1273 4088 ἐνεργῆσαι
1317 4022 1414 4090 τὴν
1461 4025 1690 4094 κίνησιν,
1743 4031 1815 4098 μὴ
1863 4031 1956 4083 τοῦ

393 4107 782 4178 μεθισταμένου
812 4109 902 4161 τὸν
950 4111 1046 4178 μὲν
1077 4113 1133 4163 ἐν
1162 4105 1206 4178 ᾧ
1234 4109 1298 4182 ἦν
1326 4115 1736 4182 ἀπολείποντος,
1772 4121 1959 4192 ἕτερον

387 4199 442 4252 δὲ
481 4201 965 4270 ἀντιλαμϐάνοντος
1001 4203 1183 4257 τόπον.
1229 4206 1300 4256 Τὺ
1342 4205 1396 4258 δὲ
1429 4207 1514 4260 διὰ
1543 4209 1756 4262 πάντων
1801 4208 1953 4284 ἧκον,

385 4293 478 4346 καὶ¹
518 4295 574 4346 ἐν
617 4295 782 4346 πᾶσιν
825 4293 903 4359 ὃν,
944 4296 1035 4347 καὶ
1090 4295 1268 4349 πάντα
1315 4301 1696 4370 περικρατοῦν,
1731 4305 1824 4357 καὶ
1865 4307 1956 4358 ὑπ’

383 4385 594 4447 οὐδενὸς
626 4385 733 4436 τῶν
776 4385 943 4437 ὄντων
993 4390 1454 4460 περιειργόμενον.
1489 4393 1586 4446 οὐκ
1637 4395 1778 4464 ἔχειν
1823 4397 1954 4451 ὅπου

387 4478 784 4548 μεταχωρήσει,
815 4477 892 4546 τῷ
927 4479 1090 4546 μηδὲν
1137 4475 1275 4532 εῖναι
1311 4483 1464 4534 κενὸν
1492 4483 1585 4536 τοῦ
1617 4487 1760 4539 θείου
1816 4489 1954 4559 πλη-

2071 686 2191 725 rum
2236 689 2356 742 qua:
2389 683 2643 729 asserunt
2711 676 2929 738 habere,
2971 679 3064 746 qui
3127 676 3404 744 Uuigeniti
3458 680 3646 750 gloriae

2070 764 2408 834 majestatem
2443 765 2510 818 ad
2553 765 2786 819 humiles
2810 775 2859 818 et
2898 766 3123 820 serviles
3178 768 3463 836 opiniones
3495 769 3642 822 redi-

2069 863 2222 925 gunt,
2256 855 2478 908 verbum
2509 855 2720 908 Domini
2759 856 2826 910 ad
2855 855 3104 918 Mariam,
3135 857 3282 926 quod
3309 867 3430 928 post
3461 875 3646 913 resur-

2069 947 2369 1000 rectionem
2400 957 2525 1001 anle
2557 950 2932 1002 ascensionem
2966 949 3093 1002 fecit
3125 949 3314 1005 dicens
3343 971 3356 1005 ι
3393 949 3523 1004 Νοίὶ
3567 967 3646 1004 me

2069 1049 2300 1108 tangere,
2344 1038 2575 1090 nondum
2605 1039 2741 1090 enim
2804 1038 3021 1090 asceudi
3061 1039 3128 1090 ad
3181 1038 3396 1093 Patrem
3429 1055 3643 1092 meum:

2068 1129 2156 1182 sed
2197 1127 2324 1182 vade
2387 1127 2454 1179 ad
2489 1127 2680 1196 fratres
2723 1143 2861 1182 meos
2919 1137 2968 1180 et
3002 1128 3086 1182 dic
3135 1131 3249 1184 eis:
3281 1129 3518 1182 Ascendo
3576 1131 3643 1182 ad

2067 1219 2284 1272 Patrem
2325 1235 2494 1271 meum
2525 1229 2572 1270 et
2605 1218 2821 1272 Patrem
2853 1229 3100 1285 vestrum,
3157 1221 3318 1274 Deum
3347 1238 3553 1287 meum,
3591 1232 3640 1274 et

2067 1311 2236 1365 Deum
2265 1323 2494 1365 vestrum
2520 1311 2558 1363 ’.
2593 1310 2743 1364 Piam
2797 1311 2962 1380 igitur
2993 1312 3185 1364 horum
3221 1313 3488 1366 dictorum
3518 1327 3642 1366 sen-

2067 1405 2314 1465 tentiam,
2347 1403 2648 1456 secundum
2707 1417 2870 1470 quam
2934 1401 3268 1457 credidimus
3331 1403 3441 1456 haec
3497 1404 3640 1456 dicta

2066 1511 2190 1550 esse
2223 1497 2288 1548 ad
2323 1496 2570 1558 Mariam,
2613 1496 2996 1563 prae-cognitam
3049 1496 3134 1548 his
3185 1495 3276 1564 qui
3329 1496 3382 1548 in
3421 1496 3644 1548 veritate

2067 1588 2226 1640 ﬁdem
2258 1593 2588 1655 acceperunt
2617 1586 2888 1650 arbitror;
2921 1585 3278 1640 nihilominus
3309 1597 3487 1639 tamen
3513 1585 3640 1656 quid

2065 1678 2130 1732 de
2155 1691 2220 1731 eo
2254 1676 2546 1730 dicendum
2581 1677 2650 1728 sit
2697 1693 2760 1728 ac
2814 1677 3175 1742 sentiendum,
3235 1679 3353 1732 loco
3389 1693 3633 1747 congruo

2064 1785 2460 1839 proponemus.
2495 1767 2702 1822 Interea
2735 1777 2913 1821 autem
2979 1771 3046 1822 ab
3079 1769 3163 1824 his
3217 1771 3310 1838 qui
3369 1771 3466 1825 has
3506 1771 3642 1826 tales

2065 1878 2230 1916 voces
2263 1862 2420 1915 nobis
2453 1861 2759 1929 proferunt,
2793 1876 2970 1930 operae
3013 1864 3244 1928 pretium
3281 1871 3362 1916 est
3390 1863 3639 1917 discere:

2063 1971 2129 2008 an
2189 1955 2240 2008 id
2276 1954 2419 2023 quod
2477 1954 2722 2006 ascendit
2777 1963 2829 2006 et
2886 1953 3029 2021 quod
3093 1953 3330 2015 videtur,
3388 1955 3644 2022 quodque

2062 2055 2212 2101 tactu
2268 2047 2630 2116 dignoscitur,
2686 2053 2948 2114 pra-terea
2981 2046 3126 2114 quod
3181 2047 3496 2100 hominibus
3548 2063 3644 2116 per

2061 2140 2456 2194 fraternitatem
2491 2147 2782 2208 cognatum
2845 2145 2950 2200 est,
2989 2139 3207 2198 divinaa,
3269 2139 3350 2191 vel
3387 2139 3638 2193 humanae

2063 2241 2272 2284 natum
2297 2231 2574 2299 proprium
2607 2245 2730 2283 esse
2761 2237 2968 2282 rentur.
3020 2228 3076 2282 Si
3121 2230 3264 2282 enim
3312 2228 3456 2298 quod
3516 2237 3629 2282 tra-

2061 2331 2244 2376 ctatur
2277 2332 2330 2376 et
2361 2321 2596 2382 videtur,
2631 2329 2685 2372 et
2736 2321 2858 2374 cibo
2887 2329 2940 2374 et
3001 2330 3130 2389 potu
3189 2321 3552 2383 ministratur,
3589 2329 3642 2373 et

2061 2413 2374 2466 hominibus
2413 2421 2702 2480 cognatum
2739 2421 2791 2464 et
2817 2426 3136 2480 germanum
3167 2454 3180 2476 ,
3212 2418 3267 2464 et
3301 2427 3640 2479 qutecuuque

2063 2505 2118 2557 in
2149 2503 2416 2571 corporali
2455 2510 2645 2554 natura
2679 2511 2998 2565 cernuntur,
3037 2501 3148 2554 haec
3176 2502 3357 2554 omnia
3385 2503 3547 2554 etiam
3577 2503 3630 2554 in

2061 2593 2344 2647 divinitate
2399 2601 2679 2660 spectant,
2718 2591 2784 2643 de.
2832 2592 3112 2660 unigenito
3173 2589 3285 2646 Deo
3315 2592 3426 2645 hate
3475 2593 3637 2647 etiam

2061 2683 2266 2746 dicant,
2332 2692 2386 2736 et
2447 2697 2787 2751 quaecunque
2847 2683 3036 2736 volunt
3093 2683 3143 2738 ei
3209 2685 3536 2750 attribuant,
3582 2691 3639 2738 et

2061 2775 2374 2829 ambulandi
2472 2785 2651 2828 actum
2747 2783 2801 2828 et
2895 2776 3121 2830 localem
3217 2769 3634 2846 migrationem.

2061 2865 2211 2932 quod
2278 2865 2494 2934 quidem
2575 2875 2660 2919 est
2745 2867 3022 2936 proprium
3114 2881 3301 2919 eorum
3389 2882 3512 2936 qua:
3585 2867 3642 2921 in

2062 2971 2292 3026 corpore
2313 2955 2728 3022 circumscripta
2756 2963 2902 3008 sunt.
2937 2955 3090 3020 Quod
3115 2955 3159 3009 si
3196 2955 3287 3008 ille
3309 2963 3394 3009 est
3419 2955 3512 3024 qui
3535 2969 3632 3024 per

2063 3047 2289 3099 Mariam
2323 3063 2446 3100 cum
2497 3046 2756 3101 fratribus
2787 3047 3028 3110 disserit,
3083 3047 3407 3117 Unigenitus
3457 3057 3639 3102 autem

2065 3138 2262 3192 fratres
2287 3155 2394 3191 non
2427 3139 2918 3208 habet:quomodo
2946 3139 3090 3193 enim
3123 3139 3176 3192 in
3208 3137 3472 3193 fratribus
3494 3138 3639 3208 quod

2063 3233 2401 3302 unigenitum
2447 3241 2530 3286 est
2579 3231 3030 3288 conservaretur?
3065 3231 3129 3283 Et
3152 3232 3243 3300 qui
3289 3231 3445 3294 dixit,
3499 3229 3636 3284 Deus

2065 3325 2283 3392 spiritus
2313 3334 2391 3376 est
2419 3325 2461 3386 ³,
2497 3323 2638 3377 idem
2672 3323 2744 3376 ait
2783 3323 2849 3376 ad
2875 3323 3197 3392 discipulos,
3241 3321 3465 3390 Palpate
3493 3339 3572 3376 me
3595 3323 3636 3384 ³,

2065 3425 2123 3470 nt
2162 3417 2469 3470 Ostenderet
2515 3415 2661 3482 quod
2711 3414 2996 3484 palpabilis
3035 3413 3254 3482 quidem
3301 3421 3495 3466 natura
3541 3413 3640 3466 hn-

2063 3524 2246 3566 maua,
2279 3507 2422 3575 quod
2459 3516 2637 3560 autem
2679 3505 2920 3558 divinum
2957 3515 3058 3568 est,
3103 3515 3249 3560 tactu
3303 3507 3506 3575 percipi
3545 3522 3638 3560 ne-

2063 3615 2337 3668 quaquam
2370 3607 2566 3668 potest.
2601 3597 2664 3650 Et
2694 3598 2782 3666 qui
2821 3597 3161 3662 dixit,Vado,
3207 3598 3431 3651 Ioealem
3468 3597 3638 3668 signi-

2063 3691 2186 3744 ﬁcat
2216 3689 2625 3759 profectionem.
2649 3688 2750 3753 Qui
2774 3697 2950 3740 autem
2976 3688 3156 3740 omnia
3181 3689 3503 3758 complexus
3529 3697 3635 3746 est,

2061 3777 2114 3830 in
2149 3793 2276 3846 quo,
2311 3779 2451 3831 sicut
2468 3777 2540 3829 ait
2565 3777 2875 3845 Apostolus,
2907 3785 3088 3829 creata
3113 3784 3240 3831 sunt
3268 3777 3474 3837 omnia.
3500 3787 3552 3831 et
3575 3776 3636 3830 in

2062 3881 2170 3934 quo
2201 3867 2512 3920 consistunt
2537 3864 2588 3928 ‘;
2640 3863 2774 3916 nihil
2814 3879 3001 3918 eorum
3033 3881 3153 3933 quae
3186 3875 3314 3919 sunt
3358 3873 3510 3919 extra
3575 3881 3638 3920 se

2063 3959 2239 4026 ipsum
2269 3957 2452 4023 habet,
2495 3957 2560 4010 ad
2591 3956 2736 4025 quod
2765 3963 2911 4008 motu
2943 3956 3123 4022 aliquo
3147 3959 3322 4025 possit
3355 3957 3632 4012 secedere.

2061 4048 2245 4118 Neque
2285 4049 2426 4102 enim
2459 4049 2616 4100 aliter
2645 4059 2848 4100 motum
2882 4049 2992 4100 fieri
3034 4049 3320 4118 contingit,
3355 4049 3460 4102 nisi
3491 4048 3634 4118 quod

2061 4139 2432 4206 transmigrat,
2475 4153 2597 4192 eum
2651 4137 2868 4205 quidem
2921 4139 2971 4189 in
3023 4152 3132 4205 quo
3167 4147 3304 4202 erat,
3337 4139 3633 4208 relinquat,

2061 4228 2289 4280 alterius
2326 4241 2453 4279 vero
2492 4226 2667 4279 locum
2705 4233 2954 4293 Ot‘Ctlpcl.
2991 4224 3146 4290 Quod
3182 4237 3360 4281 autem
3395 4243 3490 4296 per
3517 4243 3636 4282 om-

2061 4317 2150 4370 nia
2184 4323 2449 4385 penetrat,
2479 4327 2530 4368 et
2563 4317 2616 4368 in
2649 4315 2907 4368 omnibus
2942 4324 3046 4378 est,
3079 4324 3132 4370 et
3161 4318 3342 4370 omnia
3365 4318 3629 4380 continet,

2059 4417 2112 4462 et
2142 4423 2171 4460 a
2203 4408 2352 4460 nullo
2395 4421 2582 4460 eorum
2632 4422 2753 4475 qua:
2805 4415 2934 4459 sunt
2989 4408 3478 4472 circumscribitur,
3521 4425 3632 4465 non

2059 4497 2222 4551 habet
2245 4513 2353 4566 quo
2381 4497 2753 4566 transmigrct,
2785 4499 2912 4565 quia
2939 4497 3075 4552 nihil
3099 4498 3173 4552 sit
3193 4499 3352 4554 inane
3375 4510 3429 4556 et
3448 4502 3634 4556 divina

389 4565 656 4637 ρώματος.
697 4567 818 4630 Πῶς
855 4570 1239 4634 καταλιπόντες
1278 4565 1422 4626 οὗτοι
1455 4575 1516 4626 τὸ
1552 4579 1615 4629 ἐκ
1641 4577 1733 4629 τοῦ
1768 4597 1954 4647 φαινο-

2062 4565 2392 4660 pleuitudine
2430 4565 2679 4642 vacuum.
2711 4587 2830 4654 Quo
2855 4589 3013 4642 modo
3051 4590 3138 4642 isti
3167 4592 3506 4658 amittentes,
3534 4595 3634 4649 has

388 4655 547 4726 μένου
577 4656 676 4718 τὰς
719 4657 900 4724 φωνὰς
947 4659 1224 4724 γίνεσθαι,
1277 4661 1476 4725 ταύτας
1509 4667 1572 4733 τῇ
1605 4663 1723 4736 θείᾳ
1763 4683 1820 4718 τε
1862 4670 1955 4720 καὶ¹

385 4746 724 4819 ὑπερεχούσῃ
753 4749 926 4800 πάντα
969 4749 1091 4802 νοῦν
1130 4752 1494 4822 ἐφαρμόζουσι
1529 4755 1713 4824 φύσεις
1767 4761 1956 4830 Σαφῶς

383 4836 476 4888 τοῦ
520 4835 836 4889 Ἀποστόλου
886 4839 942 4888 ἐν
986 4841 1050 4907 τῇ
1100 4839 1234 4909 πρὸς
1287 4841 1599 4914 Ἀθηναίους
1649 4848 1957 4920 δημηγορίᾳ

381 4929 620 4983 τοιοῦτον
652 4929 1084 4999 ἀπαγορεύοντος
1114 4933 1204 4983 ἐπὶ
1232 4933 1366 4985 Θεοῦ
1409 4937 1664 5005 νομίζειν.
1719 4941 1805 5004 Ὠς
1837 4944 1956 5012 οὐχὶ

381 5022 468 5074 διὰ
507 5022 871 5092 ψηλαφήσεως
911 5023 1302 5093 εὑρισκομένης
1332 5026 1429 5096 τῆς
1462 5028 1606 5092 θείας
1650 5029 1951 5102 δυνάμεως,

383 5111 519 5164 ἀλλὰ
549 5111 636 5164 διὰ
664 5112 859 5182 νοητῆς
893 5113 1122 5182 θεωρίας
1151 5117 1243 5166 καὶ
1271 5115 1524 5180 πίστεως,
1556 5119 1588 5189 ἢ
1619 5121 1776 5174 πάλιν
1806 5125 1834 5175 ὀ
1865 5125 1952 5192 βε.

384 5201 612 5272 ϐρωκὼς
641 5203 697 5254 ὲν
721 5201 1015 5272 ὀφθαλμοῖς
1047 5204 1155 5256 τῶν
1187 5205 1460 5276 μαθητῶν,
1496 5211 1524 5260 6
1553 5211 1952 5284 ἐπαγγειλάμε-

387 5307 473 5352 νος
495 5293 550 5343 ὲν
577 5295 642 5362 τῇ
673 5293 930 5364 Γαλιλαίᾳ.
968 5294 1222 5364 προάξειν
1249 5313 1307 5349 τε
1339 5299 1428 5351 καὶ
1451 5299 1801 5371 ὀφθήσεσθαι,
1831 5308 1948 5360 τίνα

384 5379 475 5433 τὸν
496 5381 859 5451 ὀφθησόμενον
905 5384 1085 5447 αὐτοῖς
1138 5386 1362 5454 μηνύει;
1410 5385 1554 5460 Ἀρα
1586 5393 1676 5447 τὸν
1710 5395 1860 5460 Θεὸν,
1896 5399 1954 5452 ὃν

385 5470 506 5524 οὒτε
539 5472 750 5542 ἐώρακὲ
778 5492 878 5537 τις,
910 5475 1031 5528 οὔτε
1061 5477 1184 5528 ἰδεῖν
1209 5478 1459 5542 δύναται;
1500 5485 1568 5536 Ἢ
1599 5485 1688 5538 τὸν
1717 5505 1948 5557 σωματι-

386 5561 480 5651 κὸν
509 5565 848 5634 χαρακτῆρα,
879 5567 1144 5632 τουτέστι,
1179 5568 1276 5640 τὴν
1300 5571 1394 5623 τοῦ
1423 5573 1608 5627 δούλου
1641 5581 1871 5651 μορφὴν,
1896 5585 1952 5634 ἐν

385 5647 514 5727 ᾖῆν
547 5657 575 5706 ὁ
615 5655 774 5720 Θεὸςς
817 5659 876 5710 Εἰ
911 5659 1087 5712 τοίνυν
1109 5661 1356 5733 φανερῶς
1388 5663 1475 5718 διὰ
1505 5667 1613 5720 τῶν
1651 5647 1954 5741 εἰρημένων

495 5840 511 5872 ⁸
549 5837 705 5894 Joan.
763 5857 844 5908 xx,
891 5842 970 5894 l7.
1049 5841 1241 5898 ’Joan.
1276 5861 1346 5910 iv,
1385 5842 1476 5900 24.

1592 5849 1610 5878 ³
1651 5847 1782 5906 Luc.
1825 5869 1968 5920 χχιιι,
2003 5855 2090 5910 59.

2057 4697 2223 4736 voces
2257 4681 2370 4735 fieri
2417 4681 2484 4734 ab
2517 4695 2582 4734 eo
2613 4681 2757 4748 quod
2789 4681 3034 4734 cernitur
3061 4689 3114 4735 et
3148 4691 3374 4752 apparet
3403 4683 3634 4756 (nempe

2058 4773 2127 4827 ab
2163 4772 2503 4825 humanitate
2541 4769 2800 4835 Christi),
2829 4770 2929 4824 has
2965 4771 3166 4824 divinae
3207 4784 3260 4826 et
3291 4789 3506 4830 onmem
3549 4775 3633 4830 in-

2057 4865 2332 4919 tellectum
2365 4863 2644 4931 superanti
2674 4871 2882 4916 natura;
2911 4863 3223 4931 applicant?
3251 4865 3386 4919 Cum
3405 4869 3633 4935 Aposto-

2055 4956 2142 5008 lus
2176 4963 2360 5022 aperte
2393 4955 2446 5007 in
2481 4955 2742 5010 concione
2784 4955 2850 5006 ad
2881 4955 3245 5010 Athenienses
3275 4958 3341 5012 de
3383 4957 3491 5012 Deo
3521 4961 3632 5015 tale

2059 5046 2346 5115 prohibeat
2393 5047 2706 5100 existimare
2730 5046 2770 5098 ⁵.
2805 5045 2946 5109 Quia
2977 5062 3086 5099 non
3119 5063 3216 5114 per
3267 5051 3629 5118 palpationcm

2059 5145 2110 5189 ct
2140 5145 2340 5188 tactum
2371 5136 2452 5189 vis
2483 5136 2667 5188 divina
2700 5137 2998 5200 invenitur,
3034 5138 3126 5190 sed
3159 5153 3254 5205 per
3290 5139 3630 5194 intellectua-

2061 5226 2162 5280 lem
2211 5226 2720 5294 contemplationem
2754 5237 2805 5279 et
2841 5227 3020 5288 iidem,
3067 5229 3148 5280 vel
3197 5245 3388 5282 rursus
3417 5230 3506 5299 qui
3547 5247 3632 5283 co-

2061 5315 2225 5370 medit
2261 5317 2313 5368 in
2363 5317 2539 5371 oculis
2575 5315 2993 5383 discipulorum,
3045 5327 3098 5370 et
3143 5322 3233 5387 qui
3289 5322 3536 5388 promisit
3575 5323 3628 5376 in

2052 5405 2272 5460 Galiltea
2300 5423 2358 5462 se
2400 5423 2793 5476 pra-cessurum
2823 5416 2876 5461 et
2915 5410 3091 5462 visum
3126 5410 3210 5475 iri,
3243 5427 3403 5480 quem
3442 5415 3632 5468 videtr-

2057 5497 2182 5548 dum
2235 5497 2368 5566 ipsis
2418 5497 2726 5565 signiﬁcat?
2755 5495 2835 5549 Au
2886 5495 3086 5550 Deum?
3125 5516 3285 5570 quem
3321 5519 3480 5556 nemo
3528 5519 3630 5556 un—

2055 5603 2217 5657 quam
2266 5589 2420 5652 vidit,
2473 5604 2649 5658 neque
2683 5589 2864 5643 videre
2911 5592 3166 5660 potest“?
3199 5609 3264 5644 an
3311 5609 3629 5663 corpoream

2063 5681 2310 5749 ﬁguram,
2343 5682 2443 5734 hoc.
2477 5691 2579 5740 est.
2627 5680 2767 5734 servi
2804 5680 3032 5735 formam
3066 5685 3118 5736 in
3164 5701 3270 5754 qua
3307 5697 3426 5739 erat
3463 5683 3630 5739 Dens?

2170 5857 2190 5890 ηδ
2243 5859 2356 5912 Col.
2385 5876 2420 5924 ι,
2455 5860 2534 5914 ιτ.
2615 5864 2774 5918 “Act.
2827 5881 2957 5932 xvn,
2999 5865 3068 5922 25
3145 5865 3335 5922 ‘Joan.
3371 5866 3522 5934 1,18.
