4142 6374
507 415 612 473 837

1786 416 1840 471 S.
1883 413 2209 472 GREGORII
2244 413 2542 470 NYSSENI

3659 400 3760 456 838

511 537 568 589 Si
605 538 768 606 igitur
809 537 1098 594 manifeste
1142 555 1236 609 per
1265 555 1328 594 ea
1370 553 1492 608 qua:
1527 546 1656 592 sunt
1706 523 1870 599 dicta,
1920 536 1987 591 ad
2031 536 2084 592 id

2207 536 2329 607 πρὸς
2367 537 2426 588 τὸ
2455 535 2800 603 βλεπόμενον,
2827 533 2920 584 καὶ
2948 524 3274 583 ἀντιτυποῦν
3304 525 3397 578 καὶ
3426 518 3762 589 κινούμενον,

510 627 656 695 quod
686 626 930 681 cernitur
970 636 1024 682 et
1059 629 1330 698 palpatur,
1359 635 1413 682 et
1439 626 1584 697 quod
1610 632 1878 690 movetur,
1912 626 2086 694 quod-

511 734 617 784 que
668 727 875 773 natura:
917 719 1308 790 discipulorum
1359 719 1779 787 homogeneum,
1812 716 2084 771 dictorum

513 808 750 864 refertur
780 811 1166 880 intelligentia,
1204 811 1336 865 nihil
1372 817 1551 864 autem
1575 808 1844 878 ejusmodi
1868 808 2089 877 conspi-

512 900 655 954 citur
693 901 747 955 in
780 917 846 956 eo
876 903 966 971 qui
997 911 1080 956 est
1105 903 1514 972 inaspectahilis
1542 911 1596 956 et
1629 901 2004 970 incorporeus,
2036 906 2090 953 et

514 991 606 1060 qui
658 1007 758 1046 nec
798 1001 944 1048 tactu
983 995 1189 1064 percipi
1222 1001 1422 1062 potest,
1476 1009 1576 1046 nec
1631 992 1805 1046 forma
1835 992 2087 1061 ﬁgurari;

515 1084 792 1152 quomodo
847 1085 1024 1154 ipsum
1079 1087 1420 1154 unigenitum
1462 1084 1664 1146 Deum,
1717 1085 1810 1151 qui
1862 1091 1980 1138 erat
2036 1083 2092 1137 in

520 1177 788 1248 principio
815 1185 869 1232 et
903 1181 955 1232 in
984 1180 1142 1234 Patre
1167 1190 1269 1240 est,
1303 1179 1369 1232 ad
1394 1180 1653 1249 aequalem
1681 1179 1938 1232 honorem
1966 1193 2090 1230 cum

517 1268 680 1323 Petro
731 1282 784 1324 et
830 1272 1044 1327 Andrea
1095 1281 1149 1325 et
1177 1271 1410 1334 Joanne,
1465 1279 1520 1326 et
1565 1272 1791 1339 reliquis
1831 1270 2094 1340 apostolis

517 1361 810 1431 redigunt?
843 1361 971 1415 dum
1019 1364 1180 1415 etiam
1214 1362 1403 1417 dicunt
1445 1363 1594 1430 ipsos
1635 1361 1830 1416 fratres
1859 1377 1999 1423 esse,
2039 1369 2094 1415 et

519 1463 813 1504 conservos
843 1448 1135 1521 Unigeniti.
1177 1452 1355 1520 Atque
1389 1467 1550 1506 omne
1579 1452 1818 1506 studium
1851 1452 2092 1522 ipsorum

523 1538 591 1591 ad
620 1539 767 1592 hunc
810 1556 1036 1609 scopum
1087 1549 1317 1611 spectat,
1363 1551 1419 1596 ut
1467 1541 1843 1598 demonstrent
1881 1551 2094 1596 tantum

523 1629 717 1684 abesse
763 1630 981 1684 Patrem
1028 1633 1327 1687 secundum
1373 1641 1579 1686 naturae
1628 1635 1966 1703 majestatem
2027 1634 2096 1689 ab

525 1719 796 1791 Unigeniti
826 1723 1086 1794 dignitate
1112 1733 1167 1778 et
1213 1725 1412 1778 virtute
1442 1733 1497 1779 et
1525 1724 1783 1787 essentia,
1827 1732 2094 1794 quantum

524 1831 686 1883 supra
708 1815 996 1869 humanam
1024 1818 1318 1871 essentiam
1345 1833 1465 1872 sese
1488 1819 1702 1872 extulit.
1733 1821 1909 1888 Atque
1931 1817 2094 1887 hujus

2191 627 2284 679 καὶ
2327 625 2584 696 ὁμογενὲς
2621 626 2686 694 τῇ
2721 621 2878 690 φύσει
2900 619 3010 672 τῶν
3046 613 3321 688 μαθητῶν,
3368 612 3402 679 ἡ
3431 609 3634 661 διάνοια
3654 603 3762 656 τῶν

2189 717 2490 786 εἰρημένων
2513 716 2765 784 φέρεται·
2813 711 2921 764 τῶν
2947 711 3004 764 δὲ
3031 705 3283 761 τοιούτων
3324 702 3474 755 οὐδὲν
3516 698 3640 766 περὶ
3671 695 3760 748 τὸν

2189 808 2418 875 ἀόρατόν
2445 824 2501 859 τε
2525 808 2617 860 καὶ
2633 805 2916 874 ἀσώματον
2933 803 3026 856 καὶ
3051 798 3232 867 ἀναφῆ
3250 796 3343 849 καὶ
3363 792 3594 847 ἀνείδεον
3621 786 3722 841 καθ
3737 815 3759 828 -

2191 902 2410 969 ορᾶταιο
2445 897 2560 959 πῶς
2621 895 2780 949 αὐτὸν
2803 895 2892 946 τὸν
2921 888 3182 963 μονογενῆ
3217 886 3368 948 Θεὸν,
3407 883 3498 935 τὸν
3536 883 3591 933 ὲν
3621 878 3760 947 ἀρχῇ

2191 991 2319 1043 ὅντα
2340 1031 2352 1052 ,
2390 990 2483 1042 καὶ
2511 991 2568 1040 έν
2596 986 2674 1056 τῷ
2703 985 2878 1055 Πατρὶ
2901 983 3048 1044 ὂντα,
3073 983 3150 1043 εἰς
3173 979 3232 1031 τὸ
3258 977 3516 1048 ὁμότιμον
3537 970 3726 1039 Πέτρῳ
3742 1005 3758 1029 ,

2193 1083 2284 1136 καὶ
2311 1081 2555 1151 Ἀνδρέα,
2579 1080 2673 1132 καὶ⁴
2700 1077 2942 1147 Ἰωάννη,
2965 1077 3056 1127 καὶ
3072 1075 3182 1134 τοῖς
3201 1071 3404 1130 λοιποῖς
3421 1065 3525 1118 τῶν
3543 1060 3764 1116 ἀποστό-

2193 1175 2299 1226 λων
2331 1171 2661 1239 κατάγουσιν
2685 1186 2699 1235 ;
2751 1169 2808 1222 ὲν
2861 1167 2937 1235 τῷ
2963 1167 3055 1218 καὶ
3079 1162 3336 1230 ἀδελφοὺς
3366 1157 3561 1216 αὐτοὺς
3587 1154 3762 1219 λέγειν

2193 1259 2439 1315 εἷναιτοῦ
2467 1259 2792 1328 Μονογενοῦς
2816 1257 2907 1309 καὶ
2934 1253 3274 1324 ὁμοδούλους.
3301 1250 3412 1302 Καὶ
3447 1248 3593 1299 πᾶσα
3629 1243 3761 1313 πρὸς

2193 1356 2378 1409 τοῦτον
2401 1356 2582 1416 αὐτοῖς
2611 1351 2698 1404 τὸν
2734 1350 2930 1402 σκοπὸν
2964 1351 2996 1418 ἡ
3025 1345 3224 1412 σπουδὴ
3257 1340 3478 1411 βλέπει,
3507 1337 3569 1390 τὸ
3591 1334 3760 1397 δεῖξαι

2194 1447 2446 1500 τοσοῦτον
2465 1443 2750 1512 ἀφεστῶτα
2775 1441 2914 1494 κατὰ
2933 1440 2991 1490 τὸ
3015 1437 3293 1507 μεγαλεῖον
3313 1434 3408 1503 τῆς
3426 1429 3660 1499 φύσεως,
3676 1427 3764 1478 τὸν

2195 1538 2412 1604 Πατέρα
2449 1537 2546 1605 τῆς
2584 1534 2676 1586 τού
2707 1530 3042 1598 Μονογενοῦς
3069 1528 3222 1594 ἀξίας
3260 1542 3322 1578 τε
3346 1523 3440 1577 καὶ
3477 1519 3755 1587 δυνάμεως

2196 1625 2289 1678 καὶ
2331 1625 2550 1690 οὐσίας,
2590 1624 2713 1676 ὅσον
2750 1623 2841 1674 καὶ
2869 1622 2966 1690 τῆς
2996 1616 3338 1687 ἀνθρωπίνης
3383 1613 3570 1672 οὐσίας
3601 1611 3766 1677 ὑπερο

2197 1711 2462 1782 ανέστηκε
2487 1729 2498 1740 ·
2547 1711 2638 1764 καὶ
2678 1711 2774 1779 τῆς
2799 1709 3031 1771 διανοίας
3053 1704 3255 1774 ταύτης
3278 1702 3463 1754 τοῦτον
3496 1700 3587 1752 τὸν
3614 1697 3766 1764 λόγον

2199 1804 2472 1857 ποιοῦνται
2504 1803 2818 1872 συνήγορον,
2845 1801 2934 1852 τὸν
2961 1801 3025 1851 ὲκ
3055 1796 3147 1849 τοῦ
3176 1798 3291 1848 ἴσου
3322 1795 3419 1863 τήν
3453 1809 3511 1843 τε
3536 1787 3628 1841 τοῦ
3661 1789 3770 1840 [Ια-

525 1905 806 1957 581119111Ῑᾶ
846 1918 1150 1957 sermonem
1186 1905 1328 1957 hunc
1371 1903 1577 1958 faciunt
1619 1913 1941 1974 patronum:
1999 1904 2094 1974 qui

2207 1896 2323 1966 πρὸς
2364 1895 2458 1948 καὶ
2505 1895 2602 1963 τὴν
2639 1892 2732 1945 τοῦ
2772 1891 3009 1961 Κυρίου,
3055 1889 3148 1941 καλ⁴
3207 1885 3315 1940 τῶν
3360 1881 3616 1954 μαθητῶν
3673 1877 3767 1932 τοῦ

525 2009 588 2048 ex
619 2009 774 2062 aequo
805 1993 983 2047 Patris
1012 2003 1065 2049 et
1096 1996 1326 2061 Domini,
1361 2006 1414 2050 et
1449 1996 1842 2064 discipulorum
1879 1995 2095 2051 Domini

526 2101 867 2139 communem
899 2086 1027 2139 facit
1055 2095 1326 2151 naturam,
1368 2097 1424 2140 ut
1451 2089 1595 2141 nulla
1619 2090 1761 2141 inter
1787 2103 1880 2142 eos
1910 2103 2099 2143 secun-

528 2181 655 2235 dum
696 2181 1002 2234 naturalem
1043 2182 1360 2251 dignitatem
1405 2182 1736 2252 intelligatur
1772 2181 2097 2247 diﬂ'erentia,

527 2272 582 2326 in
611 2289 676 2328 eo
701 2273 846 2343 quod
881 2273 1131 2328 sin‘iiliter
1170 2275 1285 2343 ipse
1325 2283 1377 2329 et
1405 2275 1567 2343 hujus
1596 2281 1649 2329 et
1689 2275 1903 2328 illorum
1943 2275 2100 2330 Pater

528 2375 582 2420 et
616 2368 754 2420 Deus
783 2382 904 2420 esse
934 2366 1294 2420 existimetur.

602 2455 666 2512 Et
690 2457 811 2510 talis
841 2457 1086 2525 quaedam
1117 2467 1201 2510 est
1229 2473 1348 2526 quae
1375 2473 1437 2509 ex
1473 2455 1865 2523 consequentia
1888 2455 2102 2510 elicitur

531 2546 875 2613 blasphemiae
897 2547 1182 2601 astructio.
1210 2546 1284 2599 Ita
1320 2555 1377 2599 ut
1397 2547 1480 2600 vel
1509 2547 1670 2600 etiam
1703 2546 1986 2615 discipulis
2009 2562 2103 2615 per

532 2639 808 2692 relativam
862 2638 1312 2707 signiﬁcationem
1350 2637 1601 2690 essentiae
1659 2637 2102 2690 communitatem

533 2745 657 2781 enim
685 2728 846 2781 Patre
879 2729 1170 2793 attribuat;
1207 2730 1286 2782 vel
1325 2743 1497 2797 neque
1526 2729 1809 2782 Dominum
1843 2744 1936 2796 per
1967 2728 2105 2782 hanc

536 2835 720 2874 vocem
775 2820 840 2873 ad
883 2820 1322 2874 communionem
1373 2829 1580 2872 natura:
1626 2819 1803 2873 Patris
1850 2818 2103 2874 adducat.

535 2908 598 2962 Et
632 2908 1094 2979 quemadmodum
1129 2911 1447 2964 servitutem
1484 2910 1872 2978 discipulorum
1915 2911 2106 2978 probat

537 3015 602 3052 ex
641 3013 705 3051 eo
744 2998 891 3068 quod
927 2998 1172 3068 ipsorum
1208 2997 1348 3051 Deus
1391 2997 1702 3049 nominatus
1732 3002 1834 3052 est.
1885 2994 1974 3063 qui
2024 3002 2108 3046 est

539 3103 702 3156 super
747 3089 955 3142 omnia:
1002 3087 1254 3142 similiter
1288 3086 1450 3138 ctiam
1505 3083 1698 3138 Filium
1747 3084 1951 3138 servire
1999 3083 2107 3137 Deo

540 3194 636 3248 per
664 3193 726 3232 ea
753 3193 873 3247 quae
905 3187 1036 3231 sunt
1065 3177 1212 3231 dicta
1241 3178 1546 3229 conlitetur.
1581 3175 1735 3240 Quod
1774 3176 1934 3246 igitur
1971 3173 2108 3227 divi-

537 3269 695 3323 nitati
738 3268 1010 3339 Unigeniti
1050 3268 1215 3322 verha
1254 3267 1318 3320 ad
1369 3266 1590 3319 Mariam
1634 3265 1773 3320 facta
1820 3282 1924 3319 non
1973 3281 2107 3320 con-

536 3369 759 3432 gruunt,
796 3377 861 3416 ex
890 3361 994 3414 hoc
1018 3360 1310 3414 verborum
1341 3373 1502 3413 sensu
1532 3359 1654 3410 licet
1680 3358 1976 3428 percipere.
2007 3355 2109 3422 Qui

536 3455 679 3508 enim
715 3460 798 3508 est
832 3467 926 3522 per
970 3451 1151 3504 omnia
1183 3464 1304 3502 cum
1339 3448 1404 3502 ad
1445 3448 1809 3518 aequalitatem
1861 3447 2112 3502 humana:

536 3543 826 3599 brevitatis
858 3541 1098 3610 seipsum
1130 3538 1493 3602 humiliasset,
1558 3537 1645 3591 ille
1674 3546 1754 3592 est
1784 3537 1874 3606 qui
1903 3552 1963 3591 ea
1992 3551 2113 3606 qua:

539 3637 683 3691 dicta
719 3643 847 3689 sunt
875 3632 1140 3702 loquitur.
1177 3630 1436 3696 anenam
1470 3645 1596 3682 vero
1641 3628 1881 3697 ipsorum
1920 3628 2112 3682 verbo-

541 3744 662 3780 rum
711 3736 795 3781 est
838 3725 1220 3792 intelligentia,
1261 3729 1453 3774 exacte
1483 3720 1741 3774 sciverint
1791 3720 1864 3773 illi
1898 3720 1989 3788 qui
2019 3736 2114 3789 per

543 3818 802 3889 Spiritum
829 3815 1069 3887 mysterii
1096 3813 1362 3884 profunda
1386 3818 1816 3882 perscrutantur.
1847 3809 2113 3875 Quaecun-

541 3926 648 3980 que
678 3916 856 3962 autem
885 3923 950 3963 ex
981 3905 1067 3960 his
1090 3904 1370 3975 percipere
1396 3903 1689 3973 potuimus,
1714 3901 1868 3970 juxta
1890 3899 2112 3953 Patrum

540 4000 936 4071 expositionem
993 3999 1104 4050 hazc
1147 3997 1337 4064 paucis
1379 4009 1736 4065 apponemus.
1777 3991 1877 4057 Qui
1922 4001 2113 4046 natura

541 4107 730 4146 eorum
779 4105 898 4159 qum
947 4095 1074 4142 sunt
1110 4086 1272 4140 Pater
1311 4095 1413 4147 est,
1458 4101 1523 4137 ex
1567 4099 1672 4152 quo
1707 4083 1885 4136 omnia
1934 4093 2113 4135 ortqu

544 4185 764 4245 habent,
794 4197 934 4235 unus
967 4181 1034 4234 ab
1063 4179 1309 4249 Apostoli
1362 4175 1821 4246 magniloquentia
1854 4174 2117 4243 praedica-

544 4286 660 4329 tur:
703 4273 868 4329 Unus.
907 4273 1102 4341 inquit,
1136 4271 1274 4324 Deus
1308 4278 1354 4322 et
1399 4268 1581 4332 Pater,
1629 4283 1694 4320 ea:
1731 4283 1832 4335 quo
1873 4267 2048 4319 omnia
2069 4266 2111 4318 ⁷.

545 4365 686 4435 Ergo
735 4365 971 4417 humana
1029 4371 1223 4414 natura
1267 4375 1374 4412 non
1431 4357 1648 4410 aliunde
1703 4356 1756 4409 in
1809 4365 2116 4409 creaturam

545 4457 731 4519 venit;
780 4469 954 4523 neque
991 4452 1212 4506 fortuito
1247 4459 1340 4504 aut
1375 4449 1592 4518 propria
1622 4449 1671 4500 vi
1715 4449 1767 4500 in
1801 4463 1979 4500 rerum
2016 4461 2116 4498 na-

2195 1988 2399 2059 Κυρίου
2429 1987 2586 2056 φύσιν
2629 1983 3053 2039 κοινοποιοῦντα.
3109 1981 3195 2042 Ὠς
3239 1977 3506 2048 μηδεμιᾶς
3562 1970 3760 2044 μεταξύ

2197 2081 2487 2150 νοουμένης
2513 2078 2653 2131 κατὰ
2681 2079 2778 2147 τὴν
2824 2073 3053 2146 φυσικὴν
3087 2072 3244 2136 ἀξίαν
3278 2068 3572 2139 διαφορᾶς·
3606 2067 3662 2118 ὲν
3694 2062 3772 2134 τῷ

2198 2171 2592 2244 παραπλησίως
2637 2170 2818 2232 αὐτὸν,
2869 2169 2960 2220 καὶ
3003 2165 3193 2219 τούτου
3241 2161 3509 2216 κάκείνων
3552 2155 3772 2228 Πατέρα

2198 2282 2256 2318 τε
2284 2266 2376 2317 καὶ
2404 2263 2534 2316 Θεὸν
2563 2259 2703 2314 εἶναι
2724 2259 3058 2331 νομίζεσθαι.

2269 2441 2379 2493 Καὶ
2408 2438 2627 2508 τοιαύτη
2670 2437 2754 2502 τίς
2797 2439 2942 2489 ἐστιν
2984 2437 3018 2506 ἡ
3061 2432 3201 2488 κατά
3244 2430 3307 2483 τὸ
3352 2426 3641 2483 ἀκόλουθον
3675 2425 3774 2495 τῆς

2205 2531 2544 2604 βλασφημίας
2574 2530 2913 2600 κατασκευὴ,
2949 2528 3024 2590 ὡς
3051 2527 3084 2597 ἢ
3122 2526 3216 2579 καὶ
3243 2525 3354 2586 τοῖς
3387 2522 3655 2593 μαθηταῖς
3682 2518 3770 2572 διὰ

2202 2625 2298 2695 τῆς
2347 2623 2601 2694 σχετικῆς
2647 2621 2919 2692 σημασίας
2963 2618 3024 2672 τὸ
3066 2617 3241 2671 κοινὸν
3275 2616 3373 2686 τῆς
3403 2614 3591 2675 οὐσίας
3641 2611 3774 2683 πρὸς

2202 2716 2293 2768 τὸν
2325 2716 2542 2786 Πατέρα
2565 2710 3090 2784 συμμαρτυρεῖσθαι,
3118 2708 3150 2779 ἢ
3185 2707 3316 2778 μηδὲ
3342 2706 3432 2767 τὸν
3462 2703 3665 2774 Κύριον
3688 2702 3774 2755 διὰ

2203 2807 2302 2876 τῆς
2331 2806 2511 2876 φωνῆς
2548 2806 2626 2868 εἰς
2665 2803 2948 2857 κοινωνίαν
2977 2803 3079 2871 τῆς
3124 2799 3216 2852 τοῦ
3250 2797 3461 2867 Πατρὸς
3488 2797 3638 2863 ἄγειν
3677 2791 3779 2862 φύ-

2206 2915 2340 2960 σεως
2358 2914 2371 2926 ·
2414 2897 2506 2950 καὶ
2529 2897 2603 2958 ὼς
2631 2897 2728 2966 τὴν
2767 2893 3007 2948 δουλείαν
3037 2892 3144 2944 τῶν
3195 2888 3470 2960 μαθητῶν,
3527 2886 3616 2938 τὸν
3645 2884 3777 2937 Θεὸν

2205 2987 2382 3042 αὐτῶν
2415 2987 2775 3058 ὀνομασθῆναι
2802 2987 2891 3040 τὸν
2926 2985 3017 3037 ἐπὶ
3048 2984 3263 3037 πάντων
3297 2979 3615 3050 παρίστησι,
3640 2975 3779 3028 κατὰ

2205 3081 2292 3132 τὸν
2321 3079 2479 3133 αὐτὸν
2507 3079 2681 3146 λόγον,
2714 3077 2807 3130 καὶ
2851 3077 2940 3128 τὸν
2983 3075 3109 3127 Υἱὸν
3137 3071 3407 3126 δουλεύειν
3432 3068 3508 3138 τῷ
3533 3067 3649 3136 Θεῷ
3692 3066 3779 3120 διὰ

2209 3172 2315 3224 τῶν
2361 3171 2662 3241 εἰρημένων
2708 3166 3101 3238 ὁμολογεῖσθαι.
3161 3165 3282 3216 ’Ὁτι
3332 3162 3428 3234 μὲν
3473 3157 3566 3213 οὖν
3614 3159 3670 3211 οὐ
3709 3159 3776 3226 τῇ

2210 3260 2420 3330 θεότητι
2463 3257 2556 3310 τού
2602 3256 2938 3322 Μονογενοῦς
2989 3251 3354 3323 ἐφαρμόζεται
3400 3251 3470 3303 τὰ
3519 3248 3653 3320 πρὸς
3682 3246 3780 3318 τὴν

2209 3351 2424 3421 Μαρίαν
2453 3351 2703 3422 ῥήματα,
2751 3348 2817 3400 δι’
2851 3349 3018 3418 αὐτῆς
3055 3347 3171 3400 ἔστι
3201 3345 3300 3416 τῆς
3342 3343 3447 3397 τῶν
3477 3339 3782 3412 εἰρημένων

2210 3440 2444 3504 διανοίας
2488 3439 2699 3510 μαθεῖν.
2749 3439 2805 3491 Ὀ
2837 3437 2943 3510 γὰρ
2969 3438 3056 3490 διὰ
3087 3437 3303 3490 πάντων
3337 3433 3468 3503 πρὸς
3501 3431 3562 3484 τὺ
3599 3427 3782 3499 apta»

2215 3548 2311 3600 μον
2342 3531 2437 3600 τῆς
2464 3529 2809 3600 ἀνθρωπίνης
2840 3527 3174 3598 βραχύτητος
3214 3523 3423 3588 ἑαυτὸν,
3477 3519 3628 3589 φασὶ,
3680 3535 3776 3571 ται

2213 3621 2514 3684 πεινώσας,
2565 3622 2769 3682 ἐκεῖνος
2820 3619 3116 3687 φθέγγεται
3168 3617 3235 3670 τὰ
3270 3613 3552 3684 εἰρημένα.
3597 3611 3691 3674 Τίς
3723 3608 3782 3661 δὲ

2212 3712 2386 3764 αὐτῶν
2427 3711 2533 3764 τῶν
2577 3710 2834 3781 ῥημάτων
2876 3711 3020 3762 ἐστὶν
3048 3711 3080 3779 ἠ
3112 3709 3340 3772 διάνοια,
3367 3708 3465 3777 τὴν
3501 3706 3599 3775 μὲν
3629 3701 3782 3773 ἀκρί-

2214 3801 2362 3852 ϐειαν
2408 3799 2593 3851 εἰδεῖεν
2635 3799 2700 3852 ἂν
2751 3801 2799 3851 oi
2842 3798 2929 3850 διὰ
2958 3798 3050 3850 τού
3083 3796 3396 3867 Πνεύματος
3428 3795 3492 3847 τὰ
3521 3793 3656 3863 βάθη
3686 3789 3782 3845 τοῦ

2217 3891 2512 3961 μυστηρίου
2547 3891 2974 3962 διερευνώμενοι.
3008 3889 3144 3942 Ὅσα
3173 3889 3228 3941 δὲ
3257 3888 3348 3940 καὶ
3396 3889 3472 3948 εἰς
3500 3886 3774 3956 ἡμετέραν

2212 3983 2336 4051 ἣκει
2381 3982 2680 4051 κατάληψιν
2725 3981 2866 4034 κατὰ
2911 3980 3005 4050 τὴν
3055 3979 3162 4032 τῶν
3189 3979 3442 4048 Πατέρων
3493 3978 3779 4046 ὑφήγησιν,

2214 4073 2383 4126 ταῦτα
2410 4074 2476 4127 δι’
2503 4073 2695 4141 ὀλίγων
2734 4071 3185 4143 παραθησόμεθα.
3225 4070 3282 4122 '0
3311 4073 3378 4140 τῇ
3409 4067 3565 4137 φύσει
3601 4066 3784 4136 Πατὴρ

2213 4166 2320 4217 τῶν
2344 4164 2531 4225 ὄντων,
2563 4165 2622 4228 ἐξ
2644 4156 2703 4216 οὗ
2729 4164 2794 4216 τὰ
2826 4163 3002 4216 πάντα
3027 4163 3121 4232 τὴν
3144 4161 3354 4228 γένεσιν
3378 4161 3510 4230 ἔχει,
3533 4153 3611 4221 εἷς
3636 4157 3786 4227 παρὰ

2214 4256 2312 4325 τῆς
2344 4255 2438 4309 τοῦ
2487 4255 2804 4308 Ἀποστόλου
2871 4252 3276 4324 μεγαλοφωνίας
3326 4252 3780 4320 ἀνακεκήρυκται’

2213 4345 2314 4416 Εἷς
2342 4350 2452 4421 γὰρ
2479 4347 2621 4412 Θεὸς
2640 4389 2653 4412 ,
2687 4347 2841 4416 φησὶ,
2874 4346 2968 4399 καὶ
3002 4344 3232 4412 Πατὴρ,
3262 4342 3330 4407 ἐξ
3364 4338 3434 4397 οὗ
3474 4343 3544 4395 τὰ
3571 4341 3784 4393 πάντα.

2218 4439 2424 4495 Οὐκοῦν
2469 4442 2502 4510 ὴ
2548 4439 2860 4510 ἀνθρωπίνη
2915 4438 3108 4506 φύσις,
3136 4437 3234 4489 οὐκ
3287 4434 3578 4503 ἀλλαχόθεν
3604 4435 3784 4484 ἐπεισ-

545 4557 720 4603 turam
771 4545 1037 4616 producta
1081 4555 1184 4609 est,
1235 4543 1327 4598 sed
1365 4541 1620 4596 factorem
1669 4548 1722 4594 et
1754 4549 1962 4593 natura:
2005 4554 2105 4592 sua

2221 4532 2348 4602 ἦλθε
2406 4533 2472 4601 τῇ
2519 4531 2733 4587 κτίσει,
2761 4529 2880 4584 οὐδὲ
2925 4527 3240 4596 αὐτομάτως
3271 4524 3468 4594 ὲνεφύη
3502 4526 3613 4585 τοῖς
3665 4539 3786 4589 γεν-

545 4640 876 4693 conditorem
922 4652 1028 4690 non
1081 4637 1245 4688 alium
1296 4635 1486 4690 sortita
1537 4641 1621 4686 est
1665 4645 1824 4700 quam
1866 4630 2109 4684 omnium

549 4731 778 4783 Patrem.
811 4733 986 4797 Atque
1010 4728 1186 4795 ipsum
1218 4723 1517 4778 divinitatis
1545 4737 1762 4782 nomen,
1794 4720 1929 4773 nihil
1964 4719 2113 4772 aliud

547 4819 816 4890 signiﬁcat
853 4827 1050 4888 praeter
1081 4831 1200 4870 eam
1237 4816 1342 4866 vim
1375 4829 1479 4882 qua
1507 4813 1688 4866 omnia
1717 4811 2116 4880 contemplatur

545 4923 598 4966 et
631 4911 886 4965 omnibus
937 4909 1204 4980 providet,
1255 4922 1417 4974 quam
1461 4906 1622 4959 etiam
1675 4904 1893 4974 proprie
1927 4903 2118 4957 habuit

545 5019 671 5073 erga
698 5018 869 5073 genus
899 5002 1220 5055 humanum.
1260 4998 1363 5064 Qui
1398 4998 1539 5051 enim
1571 4996 1884 5049 facultatem
1913 5002 1967 5049 et
2007 4995 2113 5047 vim

547 5095 631 5149 his
671 5107 791 5162 quae
822 5100 970 5156 sunt,
1015 5099 1074 5144 ut
1111 5097 1297 5143 essent
1337 5087 1589 5157 praebuit,
1629 5085 1769 5141 Deus
1798 5093 1883 5139 est
1927 5092 1981 5137 ct
2035 5085 2119 5137 in-

546 5194 764 5254 spector
781 5199 967 5238 eorum
1001 5198 1122 5250 quae
1154 5181 1221 5234 ab
1250 5181 1341 5233 illo
1373 5177 1512 5232 facta
1543 5189 1687 5234 sunt.
1723 5177 1827 5232 Sed
1856 5179 2117 5246 quoniam

545 5293 641 5344 per
668 5273 898 5330 insidias
927 5274 1046 5342 ejus
1074 5274 1166 5342 qui.
1197 5273 1250 5325 in
1279 5272 1435 5325 nobis
1465 5271 1601 5324 sevit
1623 5270 1980 5323 contumacia:
2004 5270 2121 5322 sive

545 5367 860 5422 rebellionis
892 5365 1102 5427 lolium,
1144 5379 1249 5417 non
1287 5363 1518 5432 amplius
1543 5362 1752 5431 paterni
1782 5361 2117 5415 characteris

546 5459 835 5528 imaginem
862 5465 1056 5510 natura
1091 5463 1278 5510 nostra
1317 5455 1370 5508 in
1412 5454 1588 5522 seipsa
1624 5452 1985 5519 conservavit,
2019 5451 2115 5508 sed

547 5550 613 5602 ad
637 5547 936 5603 fceditatem
967 5546 1175 5616 peccati
1203 5545 1504 5599 deformata
1528 5555 1630 5598 est:
1657 5543 1861 5598 idcirco
1884 5560 1978 5613 per
1993 5559 2114 5596 eam

548 5640 955 5695 similitudinem
995 5654 1116 5709 quae
1148 5652 1244 5707 per
1288 5635 1605 5692 electionem
1651 5634 1724 5698 ﬁt,
1782 5644 1833 5690 et
1873 5650 1902 5688 a
1942 5636 2116 5692 libero

617 5819 632 5847 '
665 5817 680 5868 l
713 5816 839 5872 Cor.
869 5832 982 5876 vui,
1019 5811 1076 5868 6.

2222 4622 2383 4674 νῶσιν
2403 4641 2414 4651 ·
2447 4620 2584 4693 άλλά
2609 4621 2697 4672 τὸν
2731 4620 2956 4689 ποιητὴν
2985 4619 3078 4670 καὶ
3105 4618 3270 4686 αὐτῆς
3305 4617 3401 4686 τῆς
3431 4616 3563 4677 ἰδίας
3595 4612 3789 4668 συστά-

2224 4731 2360 4775 σεως
2401 4713 2498 4765 οὐκ
2543 4711 2698 4764 ἄλλον
2744 4709 2920 4780 ἔσχεν,
2959 4711 2991 4780 ἢ
3033 4710 3122 4761 τὸν
3154 4709 3369 4778 Πατέρα
3401 4707 3507 4759 τῶν
3553 4705 3787 4758 πάντων.

2223 4809 2331 4859 Καὶ
2380 4807 2508 4859 αὐτὸ
2553 4807 2608 4859 δὲ
2658 4805 2719 4857 τὸ
2747 4808 2846 4874 τῆς
2881 4804 3132 4874 θεότητος
3177 4803 3370 4874 ὄνομα,
3403 4803 3510 4855 εἴτε
3540 4799 3638 4870 τὴν
3666 4802 3792 4852 ἐπο-

2223 4900 2448 4970 πτικὴν,
2511 4900 2619 4952 εἴτε
2659 4898 2756 4969 τὴν
2803 4897 3161 4967 προνοητικὴν
3205 4895 3452 4958 ἐξουσίαν
3503 4892 3788 4961 σημαίνει,

2219 4993 2285 5062 ἢν
2334 4991 2547 5053 οἰκείως
2596 4987 2708 5058 εἶχε
2751 4990 2885 5060 πρὸς
2925 4989 2986 5040 τὸ
3033 4986 3391 5056 ἀνθρώπινον.
3433 4985 3492 5036 '0
3540 4984 3646 5052 γὰρ
3695 4981 3792 5050 τὴν

2219 5084 2445 5152 δύναμιν
2498 5083 2793 5153 παρασχὼν
2841 5084 2951 5143 τοῖς
3003 5077 3122 5133 οὖσι
3155 5077 3247 5129 τοῦ
3303 5071 3476 5138 εἶναι,
3527 5073 3658 5135 Θεὸς
3700 5074 3793 5125 καὶ

2221 5178 2464 5245 ἐπόπτης
2492 5177 2599 5228 τῶν
2632 5177 2716 5227 ἐπ’
2745 5174 2952 5227 ἐκείνου
2974 5170 3273 5240 γεγονότων
3297 5167 3462 5219 ἐστίν.
3501 5165 3642 5217 Ἀλλ’
3673 5164 3792 5217 ἐπεὶ

2222 5271 2340 5321 κατ’
2376 5266 2661 5337 ἐπιϐουλὴν
2691 5265 2781 5318 τοῦ
2823 5265 3199 5333 ὲνσπείραντος
3251 5263 3382 5331 ἡμῖν
3413 5259 3472 5312 τὸ
3503 5260 3602 5329 τῆς
3636 5259 3793 5310 ἀπει-

2225 5360 2373 5422 θείας
2420 5358 2690 5422 ζιζάνιον,
2735 5356 2916 5409 οὐκέτι
2948 5354 3039 5408 τοῦ
3072 5351 3338 5424 πατρικοῦ
3384 5348 3728 5421 χαρακτῆρος
3759 5349 3792 5416 ή

2224 5455 2383 5520 φύσις
2417 5454 2448 5522 ἡ
2459 5451 2573 5522 μῶν
2608 5450 2703 5520 τὴν
2730 5449 2913 5502 εἰκόνα
2942 5449 3028 5516 ἐφ’
3058 5444 3258 5514 ἑαυτῆς
3294 5440 3586 5495 διεσώσατο
3609 5457 3620 5468 ·
3663 5437 3796 5491 ἀλλὰ

2223 5544 2358 5615 πρὸς
2376 5545 2436 5596 τὸ
2460 5539 2643 5613 αἶσχος
2663 5543 2759 5612 τῆς
2777 5540 3048 5612 ἁμαρτίας
3073 5534 3468 5608 μετεμορφώθη
3489 5551 3500 5562 ·
3533 5531 3621 5585 διὰ
3642 5529 3798 5583 τοῦτο

2219 5637 2307 5691 διὰ
2322 5637 2420 5706 τῆς
2438 5635 2576 5690 κατὰ
2594 5634 2690 5705 τὴν
2703 5632 3015 5704 προαίρεσιν
3031 5627 3344 5700 ὁμοιότητος
3359 5627 3436 5688 εἰς
3447 5623 3543 5695 τὴν
3559 5619 3798 5692 πονηρὰν
