4142 6374
397 388 500 445 889

1517 385 1792 442 CONTRA
1823 383 2216 451 EUNOMIUM,
2247 386 2379 443 LIB.
2414 384 2530 440 Xll.

3539 387 3643 444 880

399 498 718 571 συγγένειαν
743 499 836 553 τοῦ
869 499 1078 572 πατρὸς
1109 499 1210 570 τῆς
1233 499 1504 570 ἁμαρτίας
1527 500 1863 570 εἰσεποιήθη.
1879 499 1968 562 Ὠς

2083 498 2270 553 mentis
2287 498 2515 554 arbitrio
2538 497 2825 567 dependet,
2847 497 2914 552 ad
2943 497 3242 566 improbam
3266 497 3643 570 cognationem

401 593 597 663 μηκέτι
621 591 714 646 τοῦ
765 592 1242 664 ἀποκηρυχθέντος
1275 594 1333 646 ὲν
1378 594 1444 663 τῇ
1502 592 1608 663 ἰδίᾳ
1643 593 1812 663 κακίᾳ
1834 633 1847 655 ,
1881 591 1974 646 τὸν

400 682 602 750 ἀγαθόν
632 700 690 737 τε
741 684 836 736 καὶ
872 683 1123 754 ἀληθινὸν
1150 679 1286 736 εἶναι
1314 684 1532 754 Πατέρα
1576 701 1635 736 τε
1678 684 1772 736 κα)⁵
1798 683 1930 736 Θεόν
1956 701 1970 715 ο

399 773 512 827 ἀλλ’
546 773 668 826 ἀντὶ¹
707 775 805 844 μὲν
833 773 929 828 τοῦ
981 774 1138 844 φύσει
1186 774 1340 838 ὖντος
1387 774 1555 840 Θεοῦ,
1612 776 1750 841 τοὺς
1793 777 1976 845 φύσει

393 863 480 932 μὴ
516 863 696 929 ὄντας
735 865 912 930 θεοὺς
973 863 1270 936 τιμηθῆναι
1338 865 1518 929 καθώς
1558 883 1719 935 φησιν
1744 869 1774 919 ὁ
1813 867 1973 920 Ἀπό-

401 957 586 1020 στολος
611 997 625 1020 ,
653 956 773 1008 ἀντὶ
794 957 851 1010 δὲ
876 955 970 1009 τοῦ
1007 955 1259 1027 ἀληθινοῦ
1289 957 1502 1028 Πατρὸς
1525 997 1542 1022 ,
1571 958 1662 1011 τὸν
1706 957 1976 1028 ψευδώνυ-

411 1067 510 1119 μον
540 1047 860 1118 νομισθῆναι
891 1048 1102 1118 πατέρα
1125 1065 1138 1080 ο
1171 1048 1351 1112 καθώς
1387 1067 1488 1102 που
1519 1049 1585 1102 δι’
1606 1046 1923 1116 αἰνίγματος
1947 1051 1975 1103 ὸ

400 1142 684 1210 προφήτης
725 1139 991 1210 Ἱερεμίας
1022 1139 1194 1208 λέγων
1219 1157 1233 1170 ο
1265 1140 1346 1192 ὃτι
1393 1141 1700 1208 Ἐφώνησε
1739 1138 1971 1207 πέρδιξ,

400 1232 744 1299 συνήγαγεν
772 1229 809 1283 ἄ
836 1231 946 1284 οὐκ
975 1229 1200 1282 ἔτεκεν.
1240 1230 1456 1302 Ἐπειδὴ
1488 1231 1666 1284 τοίνυν
1702 1230 1764 1283 τὸ
1807 1231 1976 1299 κεφά-

401 1323 548 1374 λαιον
578 1322 675 1390 τῆς
707 1323 990 1391 συμφορᾶς
1026 1321 1183 1390 ἡμῶν
1211 1320 1366 1374 τοῦτο
1398 1318 1465 1393 ἦν
1487 1363 1500 1383 ,
1545 1323 1605 1375 τὸ
1628 1321 1974 1392 ἐξοικειωθῆ-

401 1429 488 1465 ναι
512 1411 605 1464 τοῦ
630 1411 833 1480 ἀγαθοῦ
865 1413 1078 1483 Πατρὸς
1108 1413 1167 1465 τὸ
1195 1411 1550 1483 ἀνθρώπινον,
1583 1415 1676 1467 καὶ
1702 1415 1799 1484 τῆς
1825 1413 1975 1478 θείας

402 1501 650 1572 ἐπόψεως
683 1519 742 1555 τε
771 1503 864 1556 καὶ
893 1504 1220 1574 κηδεμονίας
1253 1502 1357 1567 ἔξω
1387 1503 1638 1572 γενέσθαι
1663 1521 1676 1535 ’
1705 1503 1791 1557 διά
1820 1503 1975 1557 τοῦτο

403 1595 432 1645 ὁ
457 1593 636 1646 πᾶσαν
666 1593 764 1663 τὴν
797 1594 974 1646 κτίσιν
1004 1592 1101 1663 τὴν
1129 1593 1353 1663 λογικὴν
1383 1592 1681 1662 ποιμαίνων
1707 1632 1721 1655 ,
1754 1593 1977 1645 καταλι-

403 1682 520 1734 πὼν
549 1683 606 1735 έν
633 1684 742 1745 τοῖς
767 1682 990 1752 ὑψηλοῖς
1018 1683 1116 1752 τὴν
1149 1683 1366 1752 ἀπλανῆ
1395 1699 1456 1735 τε
1485 1682 1578 1736 καὶ
1608 1683 1974 1753 ὑπερκόσμιον

404 1772 638 1842 ποίμνην
658 1813 672 1835 ,
702 1771 762 1824 τὸ
790 1771 1199 1842 πεπλανημένον
1237 1773 1509 1843 πρόϐατον
1534 1816 1550 1839 ,
1576 1775 1674 1843 τὴν
1699 1773 1973 1844 ἡμετέραν

2075 589 2246 661 patris
2277 591 2484 660 peccati
2517 592 2690 644 ascita
2719 597 2825 645 est.
2854 588 2930 644 lta
2967 597 3024 643 ut
3057 590 3197 658 ejus,
3229 591 3320 660 qui
3361 591 3643 646 abdicatus

2073 695 2156 736 est
2183 682 2237 734 in
2267 698 2366 736 suo
2396 691 2637 752 peccato.
2675 698 2782 735 non
2815 681 3046 751 amplius
3071 684 3143 736 sit
3186 681 3360 737 bonus
3391 691 3443 737 et
3475 698 3643 738 verus

2074 771 2237 827 Pater
2263 780 2318 827 et
2347 773 2510 837 Deus,
2552 773 2642 827 sed
2677 789 2773 842 pro
2802 788 2866 826 eo
2899 774 2992 842 qui
3027 781 3221 826 natura
3253 771 3396 827 Deus
3421 782 3522 834 est,
3563 770 3646 826 illi

2073 864 2161 934 qui
2205 873 2401 916 natura
2447 881 2547 917 non
2584 873 2704 917 sunt
2751 863 2828 917 dii
2870 865 3139 926 colantur,
3190 863 3642 932 quemadmodum

2075 955 2151 1008 ait
2179 955 2476 1024 Apostolus
2498 956 2540 1020 ⁸,
2581 970 2678 1024 pro
2712 970 2842 1008 vero
2869 967 3046 1008 autem
3078 951 3258 1018 Patre,
3292 954 3464 1011 falsus
3495 964 3645 1026 pater

2073 1045 2432 1109 existimetur,
2466 1045 2606 1099 sicut
2635 1041 2832 1098 alicubi
2861 1060 2954 1114 per
2975 1044 3201 1115 aenigma
3222 1044 3480 1114 propheta
3499 1042 3645 1098 Jere—

2074 1135 2212 1188 mias
2241 1135 2407 1188 dicit:
2466 1133 2661 1187 Perdix
2701 1149 2872 1187 vocem
2905 1133 3091 1200 edidit,
3138 1133 3347 1202 collegit
3397 1149 3512 1202 qua:
3543 1149 3645 1186 non

2073 1226 2336 1294 peperit'.
2385 1223 2652 1290 Quoniam
2692 1223 2858 1294 igitur
2896 1232 3097 1279 nostra:
3141 1225 3466 1279 calamitatis
3509 1240 3640 1294 prae-

2075 1315 2299 1383 cipuum
2327 1323 2490 1384 caput
2515 1314 2618 1368 hoc
2640 1325 2776 1378 erat,
2804 1329 2998 1383 nempe
3025 1312 3166 1382 quod
3193 1313 3429 1368 humana
3453 1324 3645 1367 natura

2076 1418 2119 1471 a,
2133 1404 2278 1459 bono
2295 1403 2457 1459 Patre
2476 1405 2816 1459 cxhaeredata
2845 1413 2985 1468 erat,
3017 1414 3070 1457 et
3097 1419 3125 1457 a
3149 1403 3330 1457 divina
3354 1405 3645 1458 intuitione

2075 1503 2130 1549 et
2163 1509 2292 1549 cura
2326 1493 2508 1548 divina
2537 1495 2756 1549 exclusa
2786 1503 2932 1549 erat:
2970 1495 3090 1547 ideo
3122 1495 3212 1563 qui
3246 1507 3460 1548 omnem
3481 1495 3648 1548 ratio-

2075 1584 2253 1637 nalem
2296 1592 2603 1638 creaturam
2657 1585 2852 1654 pascit,
2899 1585 3089 1638 relicto
3130 1585 3184 1637 in
3224 1587 3455 1640 excelsis
3499 1586 3645 1639 iner-

2075 1682 2230 1727 rante
2263 1681 2316 1726 et
2351 1675 2794 1742 supermundano
2826 1689 3006 1744 grege,
3043 1674 3108 1727 ad
3149 1685 3424 1729 errantem
3469 1689 3644 1739 ovem,

2076 1772 2323 1818 nostram
2375 1763 2621 1833 intelligo
2652 1773 2926 1830 naturam,
2968 1781 3079 1835 prae
3114 1766 3485 1820 benevolentia
3520 1783 3647 1835 erga

402 1861 544 1930 λέγω
564 1861 754 1930 φύσιν,
792 1860 896 1914 ὑπὸ
944 1861 1352 1931 φιλανθρωπίας
1401 1861 1738 1932 μετέρχεται.
1773 1860 1970 1913 Πολλο-

2083 1871 2243 1926 genus
2287 1855 2586 1911 humanum
2618 1857 2860 1912 accedit:
2889 1858 3200 1910 multesima
3230 1858 3372 1911 enim
3411 1865 3465 1913 et
3495 1859 3649 1912 mini-

405 1952 528 2006 στὸν
570 1951 678 2023 γάρ
705 1955 820 2004 ἐστι
849 1952 942 2003 καὶ
981 1950 1257 2019 ἐλάχιστον
1289 1951 1485 2021 μέρος,
1518 1952 1564 2002 εἰ
1605 1950 1737 2021 πρὸς
1762 1949 1824 2002 τὸ
1871 1950 1978 2002 πᾶν

404 2044 641 2112 κρίνοιτο
661 2084 674 2104 ,
712 2045 746 2113 ἡ
778 2041 1094 2114 ἀνθρωπίνη
1127 2041 1284 2110 φύσις
1307 2081 1321 2104 ,
1371 2043 1404 2111 ὴ
1453 2043 1588 2112 μόνη
1619 2040 1757 2094 κατά
1783 2039 1844 2092 τὸ
1883 2040 1979 2110 τῆς

405 2135 720 2206 παραϐολῆς
773 2133 1037 2204 αἴνιγμα,
1080 2135 1177 2203 τῆς
1216 2133 1439 2202 λογικῆς
1489 2131 1840 2192 ἑκατοντάδος
1891 2129 1978 2182 διὰ

403 2229 501 2298 τῆς
529 2227 729 2289 κακίας
753 2227 1187 2296 ἀποφοιτήσασα.
1232 2226 1385 2278 Ἐπεὶ
1423 2221 1516 2277 οὖν
1549 2221 1980 2288 ἀποξενωθεῖσαν

403 2318 496 2372 τοῦ
519 2318 654 2371 Θεοῦ
685 2318 784 2388 τὴν
811 2317 1085 2388 ἡμετέραν
1119 2315 1262 2386 ζωὴν
1336 2315 1403 2369 δι’
1433 2315 1634 2384 ἑαυτῆς
1678 2315 1838 2368 πάλιν
1888 2315 1981 2367 ἐπὶ

404 2411 502 2480 τὴν
557 2407 765 2479 ὑψηλήν
815 2424 874 2459 τε
925 2407 1018 2460 καὶ
1071 2406 1319 2478 οὐράνιον
1378 2404 1562 2475 χώραν
1608 2404 1981 2475 ἀναληφθῆναι

405 2501 683 2570 ἀμήχανον
715 2495 783 2569 ἦν
802 2540 815 2563 ,
848 2497 935 2551 διά
963 2497 1141 2559 τοῦτο,
1173 2495 1354 2560 καθώς
1396 2513 1559 2565 φησιν
1585 2498 1612 2548 ὁ
1639 2495 1976 2559 ’Λπόστολος,

416 2591 471 2641 ⁸0
502 2590 586 2659 μὴ
616 2589 799 2658 γνοὺς
819 2590 1129 2658 ἁμαρτίαν,
1165 2587 1316 2655 ὑπὲρ
1347 2587 1517 2656 ’ἡμῶν
1553 2588 1806 2656 ἁμαρτία
1828 2588 1982 2655 γίνε-

406 2697 520 2741 ται,
551 2680 646 2731 καὶ
666 2679 765 2749 τῆς
803 2679 1046 2748 κατάρας
1074 2680 1219 2749 ἡμᾶς
1248 2677 1558 2749 ἐλευθεροῖ,
1583 2677 1681 2749 τὴν
1709 2679 1981 2749 ἡμετέραν

407 2770 652 2840 κατάραν
683 2770 1134 2840 οἰκειωσάμενος,
1186 2771 1279 2822 καὶ
1322 2771 1419 2840 τὴν
1457 2769 1654 2841 ἔχθραν
1693 2770 1847 2840 ἡμῶν
1884 2771 1982 2840 τὴν

410 2863 496 2916 διὰ
522 2863 618 2933 τῆς
647 2861 916 2932 ἁμαρτίας
946 2861 1081 2932 πρὸς
1107 2861 1197 2913 τὸν
1225 2860 1356 2913 Θεὸν
1380 2861 1750 2930 γεγενημένην
1781 2859 1982 2912 ἀναλα-

407 2953 518 3006 ϐὼν
541 2995 555 3020 ,
588 2953 682 3006 καὶ
731 2955 786 3006 ὲν
822 2954 999 3023 ἑαυτῷ
1031 2953 1356 3016 ἀποκτείνας
1384 2953 1524 3007 κατά
1553 2953 1640 3006 τὸν
1688 2953 1781 3005 τοῦ
1826 2956 1983 3005 Ἀποο

409 3044 594 3097 στόλου
623 3043 778 3111 λόγον
812 3044 1000 3115 (ἔχθρα
1036 3045 1091 3097 δὲ
1122 3039 1189 3114 ἦν
1230 3045 1262 3113 ἡ
1298 3044 1558 3114 ἁμαρτία)
1583 3085 1596 3106 ,
1628 3044 1721 3096 καὶ
1755 3043 1983 3112 γενόμε-

407 3152 496 3198 νος
531 3137 664 3205 ὅπερ
704 3135 862 3205 ἡμεῖς
885 3175 900 3199 ,
953 3135 1019 3187 δι’
1065 3135 1258 3187 ἑαυτοῦ
1300 3134 1461 3187 πάλιν
1511 3134 1715 3204 συνῆψε
1753 3135 1830 3204 τῷ
1865 3135 1982 3205 Θεῷ

405 3225 466 3276 τὸ
504 3222 860 3295 ἀνθρώπινον.
899 3224 1003 3277 Τὸν
1055 3223 1166 3295 γὰρ
1227 3227 1407 3278 καινὸν
1462 3225 1667 3276 ἐκεῖνον
1700 3224 1981 3296 ἄνθρωπον

406 3315 497 3366 τὸν
530 3313 669 3367 κατά
697 3313 827 3366 Θεὸν
876 3313 1165 3366 κτισθέντα
1189 3355 1204 3377 ,
1237 3314 1294 3365 ὲν
1327 3308 1370 3381 ᾧ
1415 3311 1704 3382 κατῴκησε
1751 3313 1812 3366 τὸ
1841 3314 1980 3384 πλή-

410 3420 568 3475 ρωμα
617 3403 718 3472 τῆς
768 3403 1021 3474 θεότητος
1067 3404 1430 3473 σωματικῶς,
1462 3402 1649 3456 τοῦτον
1682 3402 1770 3456 διὰ
1815 3402 1983 3456 καθα-

410 3496 632 3568 ρότητος
662 3498 727 3566 τῇ
764 3494 1052 3565 συγγενείᾳ
1082 3495 1176 3547 τοῦ
1213 3495 1424 3566 Πατρὸς
1452 3497 1550 3564 τῆς
1582 3494 1796 3563 φύσεως
1825 3494 1982 3563 ημῶν

410 3587 868 3660 προσοικειώσας,
921 3589 1099 3640 πᾶσαν
1148 3587 1246 3658 τὴν
1299 3587 1553 3640 κοινωνὸν
1596 3585 1692 3637 τοῦ
1736 3585 1984 3655 σώματος

409 3678 573 3732 αὐτοῦ
621 3679 715 3732 καὶ
769 3680 1003 3748 συγγενῆ
1061 3678 1221 3746 φύσιν
1263 3678 1398 3748 πρὸς
1446 3677 1544 3746 τὴν
1599 3677 1769 3745 αὐτὴν
1823 3678 1983 3746 χάριν

413 3767 885 3836 συνεφειλκύσατο.
909 3768 1021 3820 Καὶ
1043 3768 1199 3822 τοῦτο
1220 3768 1306 3821 διὰ
1336 3769 1435 3837 τῆς
1472 3767 1726 3833 γυναικὸς
1759 3769 1816 3820 οὐ
1850 3769 1986 3840 πρὸς

411 3859 654 3922 ἐκείνους
691 3861 818 3922 τοὺς
850 3860 1096 3929 μαθητὰς
1133 3860 1319 3930 μόνον,
1361 3859 1495 3911 άλλά
1543 3859 1637 3912 καὶ
1672 3860 1806 3930 πρὸς
1849 3860 1986 3911 πάν-

411 3967 507 4015 τας
539 3953 662 4012 τοὺς
695 3951 858 4022 μέχρι
908 3950 999 4003 τοῦ
1030 3949 1125 4004 νῦν
1166 3952 1632 4021 μαθητευομένους
1660 3951 1802 4021 λόγῳ
1831 3952 1986 4018 εὐαγ-

411 4042 712 4111 γελίζεται·
753 4040 835 4094 ὃτι
892 4041 1074 4094 οὐκέτι
1109 4043 1165 4094 ἐν
1195 4043 1596 4112 ἀποκηρύκτοις
1622 4043 1650 4095 ὁ
1677 4041 1983 4112 ἄνθρωπος,

411 4135 532 4187 οὐδὲ
564 4135 664 4204 τῆς
694 4131 788 4187 τοῦ
812 4133 948 4186 Θεοῦ
979 4133 1252 4202 βασιλείας
1290 4132 1593 4202 ἀπόϐλητος
1613 4150 1627 4164 °
1665 4133 1798 4184 ἀλλά
1826 4133 1986 4187 πάλιν

416 4224 528 4287 υἱὸς
552 4265 566 4285 ,
611 4223 773 4276 πάλιν
812 4223 918 4275 ὑπὸ
961 4223 1051 4275 τὸν
1081 4222 1210 4274 Θεὸν
1253 4223 1618 4292 τεταγμένος,
1663 4225 1729 4294 τῇ
1762 4224 1985 4295 ἀπαρχῇ

412 4313 513 4382 τῆς
553 4312 964 4383 ἀνθρωπότητος
996 4312 1446 4378 συναγιασθέντος
1485 4313 1578 4364 καὶ
1607 4312 1698 4364 τοῦ
1730 4315 1984 4383 φυράμα-

413 4423 522 4468 τος.
541 4405 694 4459 Ἰδοὺ
724 4404 852 4472 γὰρ,
875 4404 1060 4473 φησιν,
1085 4402 1197 4471 ἐγὼ
1220 4403 1317 4456 καὶ
1338 4404 1410 4457 τὰ
1433 4403 1638 4457 παιδία
1669 4403 1707 4458 ἃ
1724 4421 1821 4472 μοι
1850 4405 1988 4458 ἐδω-

414 4509 521 4545 κεν
552 4495 584 4542 ὀ
618 4493 792 4558 Θεός·
818 4491 938 4544 ὅθεν
990 4492 1146 4558 ὑμεῖς
1197 4492 1628 4562 ἀπεφοιτήσατε,
1667 4493 1864 4563 σάρκες
1893 4493 1986 4546 καὶ

414 4580 552 4653 αἷμα
588 4583 677 4635 διά
709 4587 807 4652 τὴν
849 4583 1121 4652 ἁμαρτίαν
1155 4584 1466 4652 γενόμενοι,
1501 4584 1616 4636 ἐκεῖ
1647 4585 1804 4638 πάλιν
1841 4587 1984 4654 ὑμᾶς

413 4672 697 4727 ἀναλαϐὼν
753 4681 1101 4750 ἐπανήγαγεν
1172 4676 1200 4727 ὁ
1255 4673 1321 4726 δι’
1373 4676 1520 4745 ἡμᾶς
1574 4678 1984 4749 κεκοινωνηκὼς

418 4764 618 4834 σαρκός
647 4780 708 4816 τε
738 4765 831 4816 καὶ
858 4764 1106 4832 αἵματος.
1143 4764 1252 4817 Καὶ
1285 4764 1427 4817 οὕτω
1454 4766 1640 4834 γέγονε
1666 4769 1759 4820 καὶ
1788 4769 1987 4839 ἡμέτε-

418 4871 510 4926 ρος
537 4854 724 4923 Πατὴρ
748 4855 841 4906 καὶ
863 4854 1023 4918 Θεὸς,
1048 4851 1108 4908 οὗ
1136 4855 1396 4925 πρότερον
1421 4854 1507 4908 διὰ
1529 4857 1625 4926 τῆς
1654 4859 1987 4923 ἀποστασίας

411 4944 869 5017 ἡλλοτριὼθημεν.
903 4946 1112 5000 Οὐκοῦν
1164 4947 1571 5016 εὐαγγελίζεται
1627 4951 1726 5021 τὴν
1777 4953 1986 5023 ἀγαθὴν

411 5034 613 5104 ταύτην
639 5037 957 5108 εὐεργεσίαν
979 5037 1066 5090 διὰ
1097 5039 1204 5090 τῶν
1234 5040 1539 5109 εἰρημένων
1570 5040 1598 5092 ὁ
1619 5042 1840 5113 Κύριος.
1877 5044 1987 5097 Καὶ

411 5125 524 5180 ἔστι
553 5125 620 5179 τὰ
655 5129 892 5197 ῥήματα,
924 5127 982 5180 οὐ
1009 5129 1104 5198 τῆς
1134 5129 1227 5181 τοῦ
1261 5129 1390 5182 Υίοῦ
1419 5133 1802 5204 ταπεινότητος
1830 5134 1985 5202 ἔλεγ-

409 5233 535 5284 χος,
574 5217 708 5270 ἁλλά
747 5217 844 5286 τῆς
873 5218 1148 5289 ἡμετέρας
1189 5221 1322 5290 πρὸς
1354 5221 1444 5274 τὸν
1483 5223 1614 5276 Θεὸν
1643 5226 1987 5296 καταλλαγῆς

409 5306 719 5373 εὐαγγέλια.
756 5308 829 5359 Τὸ
877 5309 986 5380 γάρ
1026 5310 1150 5378 περὶ
1179 5311 1270 5362 τὸν
1331 5311 1471 5364 κατά
1500 5314 1732 5382 Χριστὸν
1776 5315 1986 5386 ἄνθρω-

411 5415 510 5450 πον
540 5401 902 5472 γεγενημένον
927 5440 940 5464 ,
973 5401 1124 5472 κοινὴ
1155 5403 1251 5472 τῆς
1279 5403 1511 5466 πίστεως
1549 5404 1655 5458 τῶν
1685 5407 1778 5459 ἀνθ
1790 5407 1983 5477 ρώπων

409 5487 569 5560 χάρις
597 5489 761 5544 ἐστίν.
787 5491 997 5562 ’Ὠσπερ
1025 5491 1134 5563 γάρ
1163 5494 1223 5545 τὸ
1258 5496 1568 5567 κατωφερὲς
1631 5497 1725 5549 καὶ
1771 5499 1850 5562 εἰς
1881 5500 1984 5570 γῆν

477 5751 682 5829 fliam.
712 5768 726 5805 ι
755 5751 892 5829 ,.‘2_l.
931 5754 950 5785 ’
979 5752 1178 5810 Jerem.
1213 5770 1346 5822 xm,
1389 5755 1473 5811 il.
1540 5757 1580 5789 '°
1621 5756 1664 5810 H
1699 5756 1826 5814 Cor.
1867 5776 1921 5825 ν,
1963 5761 1980 5814 Ξ

2109 5763 2147 5795 ¹¹
2185 5761 2306 5820 Gal.
2341 5778 2422 5829 ιιι,
2458 5763 2544 5818 15.

411 5827 454 5855 ³³
486 5823 590 5878 isa.
633 5838 750 5891 van,
787 5823 871 5878 i8.

2079 1963 2167 2001 ma
2199 1963 2346 2017 pars,
2401 1948 2446 2002 si
2479 1965 2601 2002 cum
2637 1949 2890 2003 universo
2937 1949 3270 2014 conferatur,
3319 1958 3510 2004 natura
3546 1952 3646 2004 hu-

2081 2053 2262 2104 mana,
2292 2055 2412 2108 qua:
2443 2041 2557 2094 sola
2593 2041 2892 2094 secundum
2925 2042 3195 2110 parabolae
3219 2042 3448 2110 aenigma
3477 2042 3646 2094 ratio~

2081 2130 2222 2184 nalis
2262 2131 2521 2184 centuriae
2563 2138 2784 2200 propter
2833 2132 3020 2184 vitium
3057 2146 3085 2184 a
3132 2147 3295 2202 grege
3326 2139 3642 2186 secesserat.

2081 2219 2346 2285 Quoniam
2379 2221 2544 2291 igitur
2573 2223 2795 2275 omnino
2828 2221 2942 2277 ﬁeri
2975 2238 3081 2276 non
3118 2232 3350 2293 poterat,
3393 2230 3452 2276 ut
3481 2239 3508 2276 a
3539 2221 3651 2278 Deo

2080 2312 2382 2366 abalienata
2415 2323 2603 2368 nostra
2649 2315 2776 2377 vita,
2827 2329 2923 2384 per
2952 2329 3010 2368 se
3045 2329 3236 2368 rursus
3279 2314 3345 2368 ad
3377 2315 3648 2369 excelsum

2080 2414 2135 2459 et
2160 2406 2438 2460 cwlestem
2485 2406 2660 2458 locum
2707 2414 3108 2472 assumeretur,
3138 2404 3348 2462 idcirco
3377 2407 3654 2477 quemad-

2081 2497 2303 2550 modum
2330 2496 2406 2550 ait
2433 2495 2761 2566 Apostolus,
2791 2497 2893 2562 ριιὶ
2925 2513 3027 2550 non
3060 2498 3200 2550 novit
3231 2507 3524 2565 peccatum,
3556 2512 3652 2566 pro

2083 2587 2240 2642 nobis
2267 2599 2541 2654 peccatum
2570 2588 2625 2657 ﬁt
2662 2590 2735 2654 ¹⁰,
2768 2597 2820 2643 et
2853 2604 2954 2643 nos
2980 2603 3008 2640 a
3036 2589 3416 2642 maledictione
3438 2589 3652 2654 liberat,

2083 2686 2328 2731 nostram
2376 2677 2812 2731 maledictionem
2866 2679 2969 2732 sibi
3023 2679 3297 2748 propriam
3351 2679 3649 2732 faciens“:

2081 2779 2137 2823 et
2167 2769 2508 2824 inimicitiam
2540 2780 2782 2825 nostram
2812 2787 2906 2842 per
2936 2780 3217 2840 peccatum
3248 2787 3370 2824 eum
3407 2769 3518 2825 Deo
3553 2771 3656 2825 ini—

2083 2869 2193 2913 tam
2222 2876 2532 2923 assumens,
2577 2869 2628 2913 et
2668 2861 2721 2914 in
2755 2862 3050 2930 semetipso
3091 2861 3426 2915 interﬁciens
3458 2878 3657 2916 secun-

2084 2951 2213 3006 dum
2266 2952 2512 3022 Apostoli
2565 2955 2936 3006 sermonem“
2981 2952 3296 3023 (inimicitia
3342 2954 3483 3006 enim
3538 2961 3656 3006 erat

2083 3041 2420 3111 peccatum);
2444 3051 2495 3094 et
2541 3040 2718 3096 factus
2758 3040 2897 3094 idem
2937 3042 3077 3110 quod
3116 3058 3236 3106 nos,
3290 3057 3385 3110 per
3415 3041 3653 3110 seipsum

2087 3148 2279 3188 rursus
2306 3131 2414 3187 Deo
2443 3148 2612 3203 genus
2636 3132 2932 3185 humanum
2954 3133 3258 3201 coiijunxit.
3279 3131 3485 3185 Novum
3510 3132 3655 3185 enim

2085 3223 2234 3276 illum
2262 3223 2534 3277 hominem
2563 3223 2652 3290 qui
2685 3223 2984 3278 secundum
3017 3221 3182 3276 Deum
3213 3232 3423 3276 creatus
3456 3233 3558 3283 est,
3601 3223 3654 3275 in

2083 3330 2192 3384 quo
2236 3314 2413 3368 omnis
2448 3311 2727 3382 plenitudo
2773 3313 3074 3367 divinitatis
3110 3315 3470 3382 corporaliter
3501 3313 3657 3366 habi-

2094 3413 2178 3458 tat
2203 3403 2266 3467 ’³,
2307 3403 2454 3456 lnmc
2479 3419 2570 3469 per
2599 3403 2885 3471 puritatem
2908 3404 3218 3472 cognationi
3251 3403 3425 3457 Patris
3453 3413 3660 3456 natnrze

2086 3504 2284 3550 nostrae
2318 3496 2651 3564 adjungens:
2699 3509 2913 3548 omnem
2945 3497 3161 3563 corpori
3210 3510 3310 3548 suo
3355 3495 3662 3548 communi-

2085 3595 2297 3639 cantem
2335 3593 2388 3639 et
2422 3593 2710 3656 cognatam
2742 3592 2992 3638 naturain
3029 3585 3095 3638 ad
3134 3585 3378 3638 eamdem
3427 3586 3656 3655 gratiam

2086 3694 2192 3734 una
2220 3679 2382 3732 etiam
2418 3677 2603 3732 traxit.
2647 3678 2823 3746 Atque
2851 3677 2952 3730 hoc
3003 3693 3098 3745 per
3132 3678 3410 3730 mulierem
3448 3693 3554 3728 non
3588 3675 3656 3727 ad

2087 3771 2210 3824 illos
2239 3767 2540 3837 discipulos
2572 3768 2769 3835 solum,
2793 3767 2888 3822 sed
2919 3766 2987 3820 ad
3026 3783 3215 3822 omnes
3255 3767 3320 3819 ad
3350 3767 3450 3819 hoc
3483 3783 3659 3836 usque

2087 3871 2300 3929 tempus
2321 3859 2412 3927 qui
2441 3858 2877 3920 instituerentur,
2907 3859 3346 3927 evangelizatur:
3381 3858 3523 3926 quod
3553 3873 3660 3912 non

2088 3951 2318 4020 amplius
2368 3951 2510 4004 inter
2541 3949 2823 4004 abdicatos
2865 3949 3029 4003 homo
3065 3958 3167 4010 est,
3208 3965 3383 4018 neque
3433 3966 3460 4002 a
3493 3965 3661 4018 regno

2088 4040 2182 4095 Dei
2212 4041 2512 4110 depulsus;
2561 4040 2655 4093 sed
2686 4042 2882 4094 iterum
2940 4039 3110 4100 filius,
3147 4055 3338 4093 rursus
3381 4038 3486 4092 Deo
3525 4041 3659 4093 sub-

2083 4134 2284 4202 jectus,
2319 4148 2414 4202 per
2454 4133 2719 4199 primitias
2749 4132 3098 4184 humanitatis
3134 4130 3472 4185 sanctiﬁcato
3499 4131 3658 4183 etiam

2090 4227 2373 4281 fermento.
2411 4225 2542 4279 Ecce
2568 4226 2730 4288 enim,
2763 4223 2960 4294 inquit,
2997 4241 3088 4292 ego
3116 4232 3164 4276 et
3196 4224 3352 4290 ﬁlioli
3379 4241 3508 4292 quos
3533 4223 3662 4275 mihi

2089 4316 2227 4370 dedit
2259 4315 2397 4368 Deus
2422 4316 2492 4367 ’δε
2522 4315 2664 4368 unde.
2700 4330 2798 4368 vos
2823 4313 3184 4373 discessistis,
3224 4327 3420 4364 carnes
3458 4320 3512 4365 et
3543 4327 3666 4366 san.

2089 4408 2210 4478 guis
2242 4423 2337 4476 per
2358 4415 2638 4475 peccaturo
2668 4406 2817 4469 facti,
2851 4406 2978 4459 illuc
3005 4420 3199 4458 rursus
3229 4420 3323 4458 vos
3353 4413 3664 4472 assumptos

2089 4499 2339 4559 reduxit,
2376 4497 2467 4565 qui
2505 4507 2726 4565 propter
2751 4512 2861 4571 nos,
2881 4499 3065 4549 carnis
3096 4504 3149 4548 et
3177 4495 3459 4564 sanguinis
3490 4495 3664 4562 parti-

2091 4604 2222 4658 ceps
2249 4605 2372 4643 esse
2405 4588 2597 4642 voluit.
2630 4589 2806 4656 Atque
2843 4589 2921 4641 sic
2963 4587 3139 4641 factus
3184 4597 3266 4640 est
3304 4586 3467 4639 etiam
3503 4585 3664 4638 Pater

2092 4692 2299 4743 noster,
2335 4690 2388 4733 et
2417 4678 2556 4733 Deus
2597 4695 2625 4731 a
2657 4697 2764 4748 quo
2799 4681 2950 4749 prius
2997 4695 3089 4748 per
3121 4676 3479 4730 defectionem
3531 4675 3665 4730 alie-

2093 4773 2202 4825 nati
2252 4787 2492 4826 eramus.
2529 4772 2667 4841 Ergo
2709 4774 2908 4824 bonum
2961 4770 3061 4821 hoc
3093 4768 3412 4820 beneﬁcium
3466 4782 3561 4835 per
3599 4781 3665 4819 ea

2091 4880 2213 4933 quae
2242 4865 2386 4917 dicta
2415 4873 2542 4917 sunt
2591 4863 2921 4933 cvangelizat
2947 4861 3229 4916 Dominus.
3260 4859 3323 4911 Et
3355 4870 3482 4912 sunt
3503 4859 3664 4913 verba

2095 4956 2228 5016 haec,
2287 4970 2394 5008 non
2427 4953 2550 5007 Filii
2591 4954 2814 5007 vilitatis
2855 4962 3258 5021 argumentum,
3312 4951 3404 5004 sed
3462 4959 3664 5002 nostra:

2089 5061 2213 5099 cum
2245 5044 2355 5098 Deo
2385 5043 2850 5098 reconciliationis
2891 5042 3190 5111 evangelia.
3227 5041 3380 5106 Quod
3417 5039 3561 5093 enim
3608 5038 3665 5092 in

2089 5138 2430 5191 humanitate
2474 5151 2504 5189 a
2534 5136 2752 5190 Christo
2793 5145 3073 5204 assumpta
3124 5135 3324 5187 factum
3370 5143 3475 5193 est,
3508 5147 3664 5185 com-

2091 5229 2273 5282 munis
2314 5228 2435 5281 lidei
2477 5228 2757 5281 hominum
2810 5228 2984 5297 gratia
3030 5235 3135 5280 est.
3191 5223 3662 5290 Quemadmodum

2089 5321 2231 5374 enim
2267 5335 2389 5373 cum
2431 5319 2561 5373 illud
2598 5319 2742 5389 quod
2799 5327 2990 5387 suapte
3024 5327 3219 5372 natura
3251 5316 3504 5370 deorsum
3540 5324 3662 5368 ten-

2091 5411 2169 5463 dit
2214 5419 2268 5465 et
2307 5411 2372 5463 ad
2410 5420 2610 5464 terram
2660 5411 2898 5480 pondere
2932 5425 3033 5465 suo
3075 5410 3250 5480 vergit
3293 5423 3515 5477 corpus,
3568 5421 3665 5474 per

2084 5514 2262 5554 aerem
2286 5502 2351 5554 ad
2381 5503 2549 5556 malos
2575 5502 2702 5556 ferri
2734 5503 3030 5566 intuemur,
3061 5500 3334 5555 credimus
3360 5496 3663 5554 secundum

2625 5765 2665 5795 "
2705 5761 2905 5833 Eplies.
2937 5779 2996 5825 ιι,
3041 5759 3121 5826 t6,
3200 5762 3242 5792 “
3273 5760 3484 5817 Coloss.
3515 5774 3575 5826 ιι,
3606 5759 3658 5814 9.
