4142 6374
531 455 630 512 801

531 654 743 712 Christo
773 655 828 706 in
860 667 986 706 aera
1012 649 1055 680 ⁸⁵
1080 665 1092 698 :
1123 649 1204 706 sic
1233 664 1357 702 cum
1389 643 1696 698 audivimus
1721 640 1863 710 quod
1891 647 2108 692 nostra-

533 764 654 802 rum
709 745 1075 816 primitiarum
1125 739 1290 794 Pater
1328 748 1382 793 et
1429 737 1569 791 Deus
1622 735 1797 788 factus
1849 739 1954 794 est,
2014 728 2106 798 qui

529 857 693 892 verus
723 849 808 892 est
861 837 1000 890 Deus
1045 843 1098 890 et
1131 832 1312 893 Pater.
1372 845 1478 884 non
1510 827 1744 896 amplius
1778 823 2106 891 ambigimus

530 931 780 984 eumdem
818 937 871 981 et
900 935 1147 980 nostrum
1175 921 1390 974 Patrem
1428 927 1482 972 et
1527 916 1692 970 Deum
1727 912 1930 966 factum
1961 926 2100 974 esse,

530 1023 626 1092 qui
683 1021 976 1076 didicimus
1031 1015 1175 1084 quod
1229 1011 1474 1067 eamdem
1525 1010 1664 1060 viam
1714 1004 2100 1074 ingrediemur,

532 1129 692 1184 quam
753 1125 938 1166 noster
990 1125 1296 1180 praecursor
1339 1120 1438 1175 pro
1473 1103 1628 1156 nobis
1681 1101 1964 1168 ingressus
2021 1104 2105 1149 est

530 1208 803 1262 Christus.
841 1205 992 1270 Quod
1021 1211 1200 1257 autem
1233 1217 1327 1270 per
1361 1197 1644 1251 mulierem
1679 1191 1946 1261 ejusmodi
1983 1203 2106 1258 gra-

530 1299 606 1352 tia
649 1297 1005 1366 signiﬁcetur,
1073 1295 1174 1346 hoc
1229 1293 1405 1358 ipsum
1451 1287 1613 1340 etiam
1666 1296 1968 1336 consonum
2021 1288 2104 1332 est

530 1388 740 1442 notioni
807 1387 1050 1440 redditae.
1113 1383 1405 1448 Quoniam,
1460 1378 1601 1431 sicut
1655 1375 1730 1426 ait
1785 1371 2101 1440 Apostolus,

531 1481 723 1532 mulier
751 1479 966 1532 seducta
996 1478 1046 1528 in
1070 1471 1503 1542 prwvart‘eotione
1536 1468 1634 1536 fuit
1661 1467 1733 1531 ”‘;
1770 1473 1823 1518 et
1853 1463 2106 1516 defectio-

529 1571 617 1624 nis
645 1584 672 1622 a
705 1569 810 1623 Deo
840 1584 960 1638 qua:
991 1583 1083 1634 per
1113 1563 1535 1618 inobedientiam
1565 1558 1705 1611 facta
1735 1565 1818 1611 est
1848 1554 1958 1607 dux
1981 1552 2099 1604 fuit:

531 1661 736 1716 idcirco
777 1658 1196 1714 resurrectionis
1253 1654 1424 1723 prima
1454 1651 1510 1704 iit
1557 1649 1729 1710 testis,
1783 1654 1842 1700 ut
1890 1646 2102 1698 ruinam

531 1769 654 1822 qua:
680 1768 744 1806 ex
779 1750 1226 1822 przevaricatimie
1255 1755 1442 1800 secula
1469 1751 1571 1804 est,
1614 1757 1706 1807 per
1735 1739 1893 1792 fidem
1924 1751 2105 1789 resur-

527 1845 789 1900 rectionis
821 1843 1074 1912 erigeret.
1112 1840 1171 1890 fit
1203 1835 1658 1906 quemadmodum
1694 1845 2005 1886 sermonum
2035 1827 2103 1878 ab

1731 430 1787 484 S.
1829 425 2156 483 GREGORII
2197 423 2488 480 NYSSENI

529 561 776 640 Apostoli
797 575 1102 620 sermonem
1117 599 1131 623 ,
1149 575 1236 611 nos
1255 563 1463 624 raptum
1491 551 1557 604 iri
1581 551 1636 602 in
1663 547 1882 601 nubibus
1905 545 2098 598 obviam

2217 542 2398 612 βρίθον
2449 541 2540 594 τοῦ
2594 544 2870 610 σώματος,

3680 402 3784 460 892

2923 534 3158 604 διαέριον
3209 530 3298 584 ἐπὶ
3345 527 3469 590 τοὺς
3521 522 3780 590 οὐρανοὺς

2213 635 2410 696 ἰδόντες
2443 632 2738 702 φερόμενον
2767 672 2780 688 ,
2831 628 3154 695 πιστεύομεν
3192 621 3332 676 κατά
3364 619 3454 672 τὸν
3481 616 3576 668 τοῦ
3619 615 3778 664 Ἀπο-

2210 725 2393 777 στόλου
2438 723 2592 789 λόγον
2637 721 2729 774 καὶ
2775 719 2938 790 ἡμεῖς
2996 713 3452 785 ἀρπαγήσεσθίιι
3501 706 3572 758 ἐν
3614 701 3778 768 νεφέ-

2207 820 2344 880 λαις
2375 817 2460 878 εἰς
2507 811 2853 878 ἀπάντησιν
2883 808 2988 860 τοῦ
3017 808 3235 873 Κυρίου
3280 806 3366 867 εις
3395 799 3558 866 ἀέρα.
3591 793 3774 852 Οὕτως

2209 907 2506 978 ἀκηκοότες
2532 947 2545 970 ,
2579 905 2660 957 ὅτι
2703 904 2799 972 τῆς
2843 901 3114 970 ἡμετέρας
3149 894 3402 966 ἀπαρχῆς
3444 888 3629 958 Πατὴρ
3681 882 3775 937 κει)ι

2206 977 2340 1062 Geo;
2397 999 2619 1066 γέγονεν
2671 999 2698 1048 ό
2736 987 2984 1064 ἀληθινὸς
3029 990 3158 1052 Θεὸς
3207 989 3299 1042 καὶ
3337 983 3563 1054 Πατὴρ,
3593 977 3774 1032 οὐκέτι

2205 1091 2616 1162 ἀμφιϐάλλομεν
2642 1131 2656 1153 ,
2696 1088 2786 1140 τὸν
2817 1087 2976 1138 αὑτὸν
3003 1085 3096 1137 καὶ.
3141 1081 3405 1151 ἡμέτερον
3435 1076 3650 1144 Πατέρα
3680 1072 3773 1124 καὶ

2204 1183 2336 1236 Θεὸν
2375 1181 2662 1251 γενέσθαι,
2725 1178 2985 1250 μαθόντες
3039 1177 3119 1227 ὅτι
3163 1176 3240 1235 εἰς
3294 1170 3389 1240 τὴν
3447 1167 3614 1235 αὐτὴν
3663 1165 3774 1216 εἱσ-

2205 1275 2533 1344 ελευσόμεθα
2557 1313 2570 1336 ,
2600 1275 2732 1326 ὅπου
2768 1270 3071 1340 πρόδρομος
3102 1267 3243 1335 ὑπὲρ
3271 1261 3424 1333 ἡμῶν
3469 1257 3716 1326 εἰσῆλθεν
3743 1256 3772 1307 ὁ

2203 1367 2456 1438 Χριστός.
2487 1366 2559 1416 Τὸ
2591 1364 2646 1416 δὲ
2695 1361 2784 1414 διὰ
2828 1359 3085 1428 γυναικὸς
3131 1357 3226 1426 τὴν
3260 1355 3416 1424 χάριν
3453 1349 3769 1422 μηνύεσθαι,

2205 1464 2297 1515 καὶ
2344 1461 2473 1513 αὐτὸ
2521 1455 2806 1526 σύμφωνόν
2863 1455 2977 1506 ἐστι
3025 1453 3100 1521 τῷ
3149 1450 3460 1503 ἁποδοθέντι
3519 1447 3768 1516 νοήματι.

2204 1552 2422 1620 Ἐπειδὴ
2455 1549 2597 1618 γὰρ,
2635 1546 2813 1602 καθώς
2849 1563 3009 1612 φησιν
3052 1547 3079 1595 ὁ
3121 1541 3437 1602 Ἀπόστολος
3462 1581 3474 1600 ,
3520 1539 3580 1592 Ἠ
3618 1535 3771 1606 γυνὴ

2201 1641 2642 1708 ἐξαπατηθεῖσα
2673 1641 2742 1692 ἐν
2769 1636 3099 1705 παραϐάσει
3126 1636 3353 1704 γέγονε,
3383 1632 3475 1684 καὶ
3506 1631 3603 1698 τῆς
3640 1631 3776 1681 ἀπο-

2205 1737 2443 1797 στάσεως
2471 1735 2568 1803 τῆς
2593 1732 2700 1787 ἀπὸ
2728 1731 2820 1785 τοῦ
2865 1729 2999 1783 Θεοῦ
3044 1728 3131 1782 διὰ
3163 1729 3257 1798 τῆς
3289 1724 3571 1796 παρακοῆς
3599 1739 3774 1791 προη-

2203 1831 2444 1898 γήσατο·
2490 1825 2576 1878 διὰ
2621 1823 2780 1877 τοῦτο
2824 1823 2924 1890 τῆς
2957 1823 3301 1882 ἀναστάσεως
3341 1816 3532 1888 πρώτη
3566 1815 3774 1882 γίνεται

529 1936 685 1988 initio
733 1933 1002 2002 serpentis
1052 1932 1119 1982 ad
1165 1931 1339 1984 virum
1381 1927 1630 1979 ministra
1682 1932 1748 1976 cl'
1787 1920 2098 1974 consiliario

2209 1921 2413 1990 μάρτυς
2439 1957 2450 1976 ,
2482 1918 2566 1967 ἵνα
2613 1915 2710 1984 τὴν
2755 1915 2818 1964 ὲκ
2865 1913 2962 1980 τῆς
2997 1909 3356 1981 παραϐάσεως
3393 1902 3773 1974 καταστροφὴν

529 2025 672 2078 facta
699 2024 762 2084 ",
801 2021 1125 2092 principium
1163 2017 1285 2070 ntali
1321 2025 1372 2068 et
1415 2015 1690 2084 εριιιιιιιιιιιι
1724 2013 1846 2064 vita“
1881 2009 2094 2062 intulit:

529 2117 610 2170 sic
643 2117 762 2183 ejus
789 2115 880 2182 qui
906 2114 1065 2165 morti
1100 2112 1246 2164 dedit
1280 2110 1609 2163 delector-em
1641 2106 1957 2170 draconem,
1984 2116 2098 2154 ser-

531 2224 720 2262 mones
755 2207 822 2258 ad
866 2204 1168 2272 discipulos
1206 2201 1504 2270 perferens,
1540 2195 1853 2250 hominibus
1903 2193 2009 2246 dux
2047 2200 2099 2245 et

529 2299 781 2368 princeps
821 2297 940 2350 fidei
994 2295 1317 2357 efﬁceretur,
1371 2307 1466 2361 per
1509 2306 1670 2358 quam
1705 2288 1896 2340 merito
1928 2284 2098 2353 prima

527 2391 720 2444 mortis
745 2390 964 2442 occasio
990 2387 1328 2440 dissolvitur.
1368 2381 1474 2436 Sed
1523 2379 1813 2434 verisimile
1839 2387 1921 2430 est
1955 2391 1984 2428 a
2013 2374 2099 2427 di-

527 2482 906 2550 ligentioribus
937 2479 1206 2532 utiliorem
1239 2477 1476 2543 aliquam
1514 2470 1930 2540 explicationem
1975 2484 2100 2536 pro-

527 2573 828 2642 positorum
877 2585 1036 2637 posse
1081 2567 1332 2620 inveniri.
1365 2564 1519 2629 Quod
1565 2562 1611 2616 si
1647 2561 1810 2615 etiam
1841 2558 1977 2610 nihil
2016 2559 2098 2608 in-

525 2661 823 2718 veniretur,
879 2657 1026 2707 illam
1066 2663 1246 2707 tamen
1275 2667 1394 2720 quae
1423 2652 1490 2704 ab
1523 2648 1851 2702 adversariis
1886 2645 2100 2714 profer-

523 2759 634 2811 tur,
672 2763 897 2816 prorsus
923 2747 1154 2800 otiosam
1181 2761 1299 2798 esse
1320 2753 1372 2798 et
1400 2744 1636 2800 inanem,
1671 2741 1716 2793 si
1749 2739 1812 2792 ad
1837 2753 1956 2791 eam
1980 2753 2100 2806 quae

524 2843 741 2894 inventa
787 2847 868 2893 est
907 2837 1240 2896 conferatur,
1286 2835 1583 2904 quemlibet
1635 2833 1721 2901 pie
1775 2831 2096 2885 sentientem

523 2931 943 3000 astipulaturum
981 2944 1103 2983 esse
1151 2928 1408 2980 arbitror.
1457 2925 1548 2978 illa
1591 2925 1808 2993 quidem
1861 2923 1926 2976 ad
1963 2921 2096 2975 Uni-

519 3019 686 3088 geniti
725 3018 911 3088 gloria:
964 3017 1390 3092 destructionem
1426 3013 1655 3067 confit-ta
1695 3021 1799 3074 est,
1855 3021 1907 3065 et
1962 3011 2098 3064 nihil

521 3111 784 3178 amplius:
821 3110 932 3162 lucc
963 3123 1088 3160 vero
1115 3113 1334 3174 (nostra
1367 3105 1607 3172 scilicet)
1642 3102 1961 3157 meonomiae
1984 3101 2098 3154 sive

519 3201 945 3270 dispensationis
967 3202 1263 3252 Secundum
1285 3197 1559 3250 hominem
1584 3209 1808 3264 scopum
1833 3196 2095 3257 continet,

521 3286 961 3341 Demonstratum
993 3297 1075 3339 esr
1109 3287 1253 3338 enim
1282 3283 1426 3353 quod
1452 3299 1558 3337 non
1587 3284 1674 3336 ille
1701 3285 1794 3352 qui
1823 3284 1966 3354 tangi
1991 3297 2099 3335 non

521 3385 720 3447 potest,
760 3393 932 3446 orque
969 3377 1346 3436 tramsznutari,
1381 3391 1560 3444 neque
1583 3375 1793 3439 videri;
1825 3376 1918 3428 sed
1955 3375 2098 3444 quod

521 3469 671 3524 cerni
699 3476 751 3523 et
781 3471 986 3522 moveri
1013 3477 1064 3522 et
1097 3469 1301 3538 palpari
1338 3476 1537 3537 potest,
1567 3467 1712 3536 quod
1745 3467 1964 3536 quidem
2001 3469 2102 3521 hu-

523 3577 700 3616 mana:
737 3569 945 3614 natura:
977 3561 1260 3630 proprium
1290 3569 1393 3621 est,
1441 3558 1628 3613 Mariae
1653 3560 1967 3612 mandatum
2003 3558 2100 3612 da-

525 3655 615 3707 bat
643 3653 709 3707 ad
741 3651 939 3706 fratres
967 3667 1270 3706 sermonem
1301 3652 1532 3706 deferre.
1627 3645 1630 3648 ’

593 3915 858 3971 Praeterea
905 3917 1007 3972 hoc
1041 3918 1203 3972 etiam
1241 3919 1466 3989 insuper
1504 3919 1898 3983 examinemus,
1937 3935 2098 3988 quam

523 4009 894 4064 defensionem
937 4007 1064 4062 facit
1103 4025 1200 4078 pro
1247 4011 1313 4064 iis
1367 4011 1420 4062 in
1456 4009 1653 4078 quibus
1694 4024 1723 4062 a
1767 4025 1962 4080 magno
2001 4009 2102 4062 Ba-

522 4100 646 4154 silio
671 4100 1074 4168 reprenheusus
1107 4107 1210 4161 est,
1242 4101 1588 4153 tenebrarum
1632 4099 1935 4168 porticiiem
1977 4097 2099 4150 uni-

521 4191 704 4262 genito
731 4190 838 4244 Deo
880 4189 1188 4258 assignans,
1214 4189 1340 4241 dum
1387 4187 1520 4241 dicit
1554 4204 1566 4238 :
1615 4187 1887 4252 Quantum
1931 4187 2098 4239 distat

520 4281 760 4352 genitum
805 4281 874 4334 ab
913 4281 1174 4352 ingenito,
1219 4291 1426 4335 tantum
1462 4282 1694 4336 dissidet
1741 4281 1921 4336 lumen
1963 4283 2098 4335 alu-

520 4373 684 4429 mine.
720 4373 856 4427 Cum
891 4375 1034 4427 enim
1068 4373 1158 4427 ille
1185 4373 1615 4428 demonstrasset
1661 4389 1768 4428 non
1799 4376 2094 4428 secundum

521 4465 898 4518 remissionem
955 4465 1190 4532 aliquam
1243 4474 1298 4518 et
1355 4466 1706 4518 intentionem
1754 4465 1919 4534 geniti
1971 4481 2094 4517 cum

2202 2010 2289 2061 διά
2324 2009 2418 2076 τῆς
2449 2005 2586 2057 κατά
2625 2005 2721 2073 τὴν
2751 2002 3043 2055 ἀνάστασιν
3075 1999 3308 2060 πίστεως
3333 1994 3636 2065 ἀνορθώσῃ.
3667 1995 3775 2044 Καὶ

2201 2101 2385 2168 ὥσπερ
2419 2097 2526 2149 τῶν
2559 2095 2652 2148 τοῦ
2687 2095 2860 2160 ὄφεως
2891 2093 3062 2158 λόγων
3105 2091 3164 2142 τὸ
3197 2087 3474 2158 καταρχὰς
3506 2085 3771 2154 γενομένη

2202 2191 2336 2261 πρὸς
2389 2189 2476 2242 τὸν
2503 2188 2669 2258 ἄνδρα
2718 2169 2962 2246 διάκονός
2993 2201 3050 2234 τε
3084 2184 3175 2234 καὶ
3221 2177 3520 2249 σύμϐουλος
3543 2217 3556 2235 ,
3601 2173 3775 2244 ἀρχὴν

2199 2277 2293 2330 τοῦ
2332 2275 2499 2329 κακοῦ
2527 2275 2603 2344 τῷ
2641 2275 2738 2345 βίῳ
2775 2275 2866 2326 καὶ
2900 2270 3217 2326 ἀκολουθίαν
3255 2269 3564 2337 εἰσήνεγκεν
3586 2279 3599 2291 ³
3630 2263 3774 2316 οὕτω

2198 2369 2292 2421 τοῦ
2325 2367 2728 2428 θανατώσαντος
2768 2365 2857 2417 τὸν
2886 2363 3192 2431 ἀποστάτην
3229 2360 3494 2430 δράκοντα
3530 2359 3650 2416 τοὺς
3683 2354 3772 2406 λό-

2199 2479 2329 2529 γους
2371 2463 2482 2522 τοῖς
2516 2460 2780 2529 μαθηταῖς
2810 2456 3170 2525 διακομίσασα
3197 2494 3210 2518 ,
3247 2453 3488 2524 ἀρχηγὸς
3520 2452 3632 2511 τοῖς
3676 2448 3770 2501 ἀν·

2201 2549 2436 2620 θρώποις
2477 2550 2574 2618 τῆς
2619 2549 2851 2609 πίστεως
2881 2546 3121 2614 γένηται,
3157 2545 3222 2595 δι’
3255 2539 3324 2614 ἧς
3368 2541 3592 2601 εἰκότως
3637 2539 3773 2590 ἀνα-

2199 2640 2382 2692 λύεται
2425 2642 2456 2710 ἡ
2497 2638 2686 2710 πρώτη
2719 2638 2810 2690 τοῦ
2843 2637 3069 2690 θανάτου
3114 2635 3404 2703 ἀπόφασις.
3451 2631 3588 2683 Ἀλλ’
3615 2631 3770 2699 εὑρε-

2201 2731 2360 2798 θῆναι
2384 2730 2478 2800 μὲν
2505 2729 2648 2791 εἰκὸς
2688 2727 2836 2798 παρὰ
2870 2725 2976 2779 τῶν
3021 2725 3456 2794 ὲπιμελεστέρων
3486 2720 3773 2788 ὠφελιμω-

2200 2821 2362 2892 τέραν
2409 2821 2532 2873 τινὰ
2583 2819 2690 2873 τῶν
2741 2817 3114 2888 προκειμένων
3149 2815 3442 2884 ἐξήγησιν
3489 2814 3535 2864 εἰ
3589 2811 3642 2862 δὲ
3677 2808 3775 2872 καὶ

2204 2913 2367 2983 μηδὲν
2399 2913 2701 2981 εὑρίσκοιτο
2724 2950 2738 2974 ,
2774 2910 2986 2979 ἐκείνην
3021 2909 3231 2969 πάντως
3265 2907 3452 2974 ἀργεῖν
3483 2903 3578 2970 τὴν
3619 2900 3772 2970 παρὰ

2198 3005 2307 3057 τῶν
2345 3003 2551 3075 ἐχθρῶν
2581 3001 3023 3074 προφερομένην,
3062 2998 3340 3068 συγκρίσει
3391 2996 3490 3064 τῆς
3535 2993 3774 3063 εὑρεθεί-

2203 3115 2339 3169 σης,
2386 3097 2561 3149 πάντα
2611 3092 2759 3164 οἶμαι
2792 3094 2882 3145 τὸν
2925 3091 3248 3145 εύσεὸοὗντα
3285 3085 3656 3156 σδνθησεσθαι.
3705 3083 3772 3134 Ἡ

2208 3190 2304 3258 μὲν
2337 3187 2445 3257 γὰρ
2489 3186 2580 3237 ἐπὶ
2612 3184 2923 3252 καθαιρέσει
2961 3183 3058 3252 τῆς
3112 3179 3203 3233 τοῦ
3243 3176 3575 3244 Μονογενοῦς
3617 3173 3774 3242 δόξης

2207 3279 2657 3350 συμπέπλασται,
2689 3277 2783 3330 καὶ
2829 3273 2986 3327 πλέον
3018 3273 3168 3326 οὐδέν
3193 3287 3207 3301 ·
3242 3269 3380 3338 αὕτη
3407 3269 3461 3320 δὲ
3503 3268 3600 3336 τῆς
3633 3263 3772 3317 κατὰ

2202 3372 2293 3422 τὸν
2350 3369 2634 3440 ἄνθρωπον
2698 3365 3008 3434 οἰκονομίας
3069 3363 3161 3416 τὸν
3234 3361 3434 3414 σκοπὸν
3505 3356 3770 3424 περιέχει.

2217 3459 2456 3529 Ἐδείχθη
2505 3457 2613 3528 γὰρ
2645 3457 2726 3508 ὅτι
2755 3455 2851 3524 οὐχ
2885 3456 2912 3506 ὁ
2941 3454 3152 3522 ἀναφὴς
3183 3468 3244 3502 τε
3286 3450 3379 3502 καὶ
3418 3444 3768 3517 ἀμετάθετος,

2203 3549 2297 3602 καὶ
2328 3550 2582 3620 ἀόρατος,
2611 3546 2745 3599 ἀλλὰ
2770 3545 2829 3596 τὸ
2859 3543 3183 3614 βλεπόμενον
3215 3557 3274 3591 τε
3319 3539 3412 3591 καὶ
3459 3533 3770 3602 κινούμενον

2201 3642 2295 3694 καὶ
2344 3638 2770 3710 ψηλαφώμενον·
2817 3637 2951 3708 ὅπερ
3005 3634 3105 3703 τῆς
3166 3629 3506 3700 ἀνθρωπίνης
3559 3624 3770 3694 φύσεως

2203 3733 2330 3785 ἴδιόν
2357 3734 2501 3794 ἐστι,
2542 3734 2608 3800 τῇ
2643 3729 2829 3800 Μαρία
2862 3729 2959 3796 τὴν
3005 3723 3219 3793 ἐντολὴν
3263 3721 3428 3774 ἐδίδου
3471 3718 3604 3788 πρὸς
3647 3717 3769 3778 τοὺς

2201 3823 2458 3891 ἀδελφοὺς
2487 3822 2800 3890 διακονῆσαι
2837 3819 2926 3870 τὸν
2957 3816 3136 3884 λόγον.

2276 3914 2393 3964 Ἔτι
2425 3913 2517 3964 καὶ
2545 3909 2701 3963 τοῦτο
2759 3906 3242 3979 προσεξετάσωμεν
3268 3917 3280 3930 ·
3317 3902 3433 3954 οἵαν
3479 3897 3766 3966 πεποίηται

2201 4004 2296 4074 τὴν
2340 4003 2631 4070 ἀπολογίαν
2661 4001 2800 4070 ὑπὲρ
2832 3993 2906 4051 ὧν
2937 3996 3253 4067 ἀπηλέγχθη
3286 3993 3436 4063 παρὰ
3479 3991 3571 4043 τοῦ
3605 3989 3770 4060 μεγάο

2199 4096 2289 4149 λου
2317 4095 2614 4156 Βασιλείου,
2647 4095 2724 4154 είς
2752 4091 2848 4161 τὴν
2874 4088 2966 4142 τοῦ
3001 4089 3222 4149 σκότους
3263 4089 3456 4156 μοῖραν
3495 4083 3584 4135 τὸν
3617 4098 3768 4152 μονο-

2197 4189 2329 4258 γενῆ
2355 4188 2484 4240 Θεὸν
2510 4187 2781 4257 ἀφορίζων
2811 4189 2866 4238 ὲν
2895 4183 2972 4254 τῷ
2999 4183 3175 4249 λέγειν
3200 4198 3212 4209 ν
3244 4180 3404 4231 Ὅσον
3433 4175 3676 4243 διέστηκε
3709 4173 3767 4226 τὸ

2198 4280 2454 4350 γεννητὸν
2485 4279 2620 4350 πρὸς
2648 4278 2709 4330 τὸ
2729 4278 3020 4347 ἀγέννητον
3045 4317 3058 4340 ,
3100 4273 3348 4326 τοσοῦτον
3394 4269 3764 4342 παρήλλακται

2197 4371 2259 4422 τὸ
2282 4370 2396 4440 φῶς
2425 4370 2558 4440 πρὸς
2587 4368 2648 4420 τὺ
2675 4367 2809 4436 φῶς.
2835 4366 3114 4431 Δείξαντος
3139 4365 3247 4433 γὰρ
3279 4363 3489 4416 ἐκείνου
3533 4359 3605 4428 μὴ
3631 4357 3766 4410 κατά

2198 4463 2387 4531 ὖιρεσίν
2442 4477 2561 4512 τινα
2622 4460 2714 4511 καὶ
2751 4459 2997 4510 ἐπίτασιν
3055 4456 3148 4508 τοῦ
3204 4453 3462 4524 γεννητοῦ
3519 4452 3652 4522 πρὸς
3705 4449 3765 4502 τὸ

520 4555 761 4625 ingenito
789 4553 1102 4609 distantiam
1144 4571 1298 4610 esse:
1335 4557 1426 4609 sed
1472 4571 1536 4608 ex
1571 4555 1833 4608 diametro
1871 4557 2087 4624 opposi-

2201 4554 2490 4622 ἀγέννητον
2544 4551 2640 4619 τὴν
2689 4549 2964 4602 διάστασιν
2998 4543 3166 4599 εἶναι·
3225 4545 3338 4598 ἀλλ’
3371 4547 3435 4596 ἐκ
3476 4542 3764 4612 διαμέτρου

517 4648 720 4700 tionem
775 4647 830 4699 in
883 4646 1205 4716 signiﬁcatis
1255 4661 1411 4713 esse;
1469 4655 1630 4714 atque
1679 4663 1744 4699 ex
1791 4648 2090 4715 positorum

519 4734 908 4802 consequentia
958 4734 1304 4796 confecisset,
1366 4736 1508 4802 quod
1540 4737 1584 4786 si
1629 4733 1815 4788 eadem
1871 4751 2096 4804 propor-

519 4823 664 4877 tione
694 4831 974 4892 paternum
1011 4823 1186 4877 lumen
1217 4839 1246 4876 τι
1281 4822 1398 4876 Filii
1425 4824 1627 4877 lumine
1667 4823 1866 4886 differt,
1909 4841 1970 4877 ac
2013 4825 2097 4878 in-

519 4916 760 4984 genitum
812 4914 1036 4970 distata
1069 4915 1272 4986 genito,
1325 4931 1549 4970 necesse
1596 4927 1679 4970 est
1713 4918 1935 4970 omnino
1987 4934 2096 4971 non

523 5007 744 5062 luminis
779 5007 1212 5062 imminutionem
1259 5007 1310 5061 in
1355 5007 1492 5062 Filio
1526 5009 1774 5078 intelligi,
1805 5010 1898 5062 sed
1941 5009 2099 5063 abso-

521 5102 689 5154 lutam
719 5100 1126 5163 alienationem,
1174 5103 1288 5156 sive
1317 5103 1698 5172 privationem.
1731 5101 1959 5158 Utenim
1991 5122 2098 5160 non

521 5193 646 5248 licet
714 5195 894 5248 dicere
951 5196 1352 5264 generationem
1385 5211 1505 5250 esse
1535 5197 1821 5250 remissam
1870 5198 2098 5268 ἀγεννη-

521 5285 666 5349 σίαν,
695 5287 809 5340 sive
833 5287 1316 5355 ingenerationem,
1351 5288 1442 5341 sed
1478 5287 1530 5341 in
1575 5288 1890 5342 universum
1925 5304 2095 5359 oppo-

519 5377 679 5433 sitive
712 5378 917 5431 distant
951 5378 1091 5430 inter
1121 5394 1178 5432 se
1228 5377 1530 5448 significata
1571 5377 1996 5449 ingenerationis
2044 5387 2098 5433 et

516 5470 920 5540 generationis:
956 5471 1033 5523 sic
1065 5469 1107 5524 si
1147 5470 1388 5524 eamdem
1421 5481 1637 5524 servant
1670 5469 2090 5540 discrepantiam

517 5566 804 5630 paternum
863 5561 1044 5614 lumen
1092 5575 1216 5614 cum
1275 5576 1340 5615 eo
1391 5561 1594 5615 lumine
1640 5561 1784 5630 quod
1842 5562 1895 5614 in
1955 5560 2091 5615 Filio

516 5653 857 5722 intelligitur,
882 5668 945 5708 ex
969 5653 1356 5723 consequentia
1383 5669 1490 5708 non
1519 5653 1751 5723 amplius
1777 5652 1945 5708 Filius
1972 5669 2095 5710 csse

593 5827 688 5882 “1
755 5823 944 5885 Thess.
989 5846 1060 5895 iv,
1095 5829 1182 5884 l6.

2199 4646 2296 4714 τὴν
2324 4643 2593 4698 ἀντίθεσιν
2623 4645 2678 4693 ἐν
2722 4644 2833 4704 τοῖς
2887 4639 3307 4710 σημαινομένοις
3333 4635 3596 4706 ὑπάρχειν
3625 4651 3636 4662 ³
3675 4633 3767 4685 καὶ

2200 4736 2654 4805 συλλογισαμένου
2705 4733 2792 4786 διὰ
2839 4733 2937 4802 τῆς
2975 4732 3080 4784 τῶν
3113 4730 3375 4783 τεθέντων
3409 4727 3726 4790 ἀκολουθίας
3747 4765 3765 4788 ,

2197 4833 2276 4885 ὅτι
2307 4830 2580 4896 ἀναλόγως
2617 4832 2680 4897 τῇ
2724 4826 3020 4896 ἀγεννησίᾳ
3075 4825 3167 4876 καὶ
3215 4825 3280 4892 τῇ
3335 4823 3619 4892 γεννήσει,
3674 4821 3767 4873 τοῦ

2198 4921 2467 4993 πατρικοῦ
2503 4920 2676 4987 φωτὸς
2710 4919 2842 4989 πρὸς
2887 4918 2947 4970 τὸ
2979 4917 3071 4968 τοῦ
3119 4915 3247 4968 Υίοῦ
3278 4915 3767 4984 παραλλάσσοντος,

2197 5013 2411 5081 ἀνάγκη
2464 5013 2612 5062 πᾶσα
2677 5010 2750 5080 μὴ
2799 5009 3089 5061 ἐλάττωσιν
3138 5007 3312 5076 φωτὸς
3363 5006 3453 5056 ἐπὶ
3507 5003 3599 5057 τοῦ
3641 5002 3769 5056 Υἱοῦ

2197 5103 2494 5173 νοηθῆναι,
2526 5101 2658 5156 ἀλλά
2707 5100 2944 5170 παντελῆ
2983 5099 3352 5171 ἀλλοτρίωσιν.
3397 5099 3484 5160 Ὠς
3523 5100 3630 5166 γὰρ
3673 5097 3770 5148 οὐκ

2197 5197 2342 5249 ἔστιν
2374 5197 2545 5248 εἰπεῖν
2569 5196 2864 5265 ὑφιεμένην
2911 5193 3234 5264 ἀγεννησίαν
3263 5188 3399 5245 εἶναι
3440 5190 3539 5260 τὴν
3582 5189 3772 5258 γέννη-

2200 5305 2310 5342 σιν·
2346 5287 2481 5341 ἀλλὰ
2515 5287 2739 5340 καθόλου
2785 5285 3064 5355 διέστηκεν
3104 5283 3450 5343 ἀντιθετικῶς
3484 5283 3576 5335 ἀπ’
3611 5281 3770 5348 ἀλλή-

2197 5383 2302 5436 λων
2331 5382 2398 5434 τά
2431 5381 2802 5452 σημαινόμενα
2829 5380 2928 5448 τῆς
2957 5377 3278 5445 ἀγεννησίας
3317 5377 3408 5428 καὶ
3449 5377 3544 5446 τῆς
3575 5375 3768 5442 γεννή-

2201 5487 2336 5532 σεως
2360 5484 2373 5496 ·
2413 5469 2583 5532 οὕτως
2619 5473 2666 5520 εἰ
2704 5467 2801 5539 τὴν
2835 5469 3000 5538 αὐτὴν
3042 5469 3300 5538 φυλάσσοι
3329 5466 3682 5539 παραλλαγὴν
3707 5463 3770 5517 τδ

2199 5559 2463 5632 πατρικὸν
2489 5560 2602 5630 φῶς
2629 5559 2763 5630 πρὸς
2801 5559 2862 5611 τὸ
2887 5563 2942 5612 ὲν
2973 5559 3050 5628 τῷ
3085 5558 3194 5629 Υίῷ
3215 5558 3500 5628 νοούμενον
3533 5555 3645 5623 φῶς
3665 5595 3680 5616 ,
3706 5559 3770 5607 ἐκ

2199 5655 2297 5724 τῆς
2330 5651 2646 5716 ἀκολουθίας
2675 5653 2856 5706 οὐκέτι
2909 5655 2938 5706 ὁ
2971 5653 3094 5714 Υἱὸς
3126 5649 3262 5706 εἶναι
3309 5651 3770 5721 ύποληφθήσεται,

1263 5833 1304 5863 η
1333 5831 1353 5884 1
1385 5829 1526 5885 Tim.
1558 5848 1616 5895 ιι,
1654 5830 1739 5884 H.
1809 5831 1849 5862 ”
1889 5829 2090 5887 Genes.
2121 5846 2206 5899 ιιι,
2245 5831 2295 5885 1.
2333 5846 2455 5902 sqq.
