  <div class='ocr_page' id='page_1' title='image "/cluster/home/n/w/nwhite01/storage/ocr_20150623/45/nnc1.0046978445/458.png"; bbox 0 0 4142 6374; ppageno 0'>
   <div class='ocr_carea' id='block_1_1' title="bbox 337 370 443 430">
    <p class='ocr_par' dir='ltr' id='par_1_1' title="bbox 337 370 443 430">
     <span class='ocr_line' id='line_1_1' title="bbox 337 370 443 430; baseline -0.057 -1"><span class='ocrx_word' id='word_1_1' title='bbox 337 370 443 430; x_wconf 75' lang='lat' dir='ltr'><strong>S93</strong></span> 
     </span>
    </p>
   </div>
   <div class='ocr_carea' id='block_1_2' title="bbox 1458 370 2449 437">
    <p class='ocr_par' dir='ltr' id='par_1_2' title="bbox 1458 370 2449 437">
     <span class='ocr_line' id='line_1_2' title="bbox 1458 370 2449 437; baseline 0.003 -12"><span class='ocrx_word' id='word_1_2' title='bbox 1458 370 1735 427; x_wconf 77' lang='lat' dir='ltr'><strong>CONTRA</strong></span> <span class='ocrx_word' id='word_1_3' title='bbox 1759 372 2145 437; x_wconf 81' lang='lat' dir='ltr'><strong>EUNOMIUM,</strong></span> <span class='ocrx_word' id='word_1_4' title='bbox 2180 373 2304 429; x_wconf 86' lang='lat' dir='ltr'><strong>LIB.</strong></span> <span class='ocrx_word' id='word_1_5' title='bbox 2338 373 2449 428; x_wconf 78' lang='lat' dir='ltr'><strong>XII.</strong></span> 
     </span>
    </p>
   </div>
   <div class='ocr_carea' id='block_1_3' title="bbox 3481 379 3582 434">
    <p class='ocr_par' dir='ltr' id='par_1_3' title="bbox 3481 379 3582 434">
     <span class='ocr_line' id='line_1_3' title="bbox 3481 379 3582 434; baseline 0.02 -2"><span class='ocrx_word' id='word_1_6' title='bbox 3481 379 3582 434; x_wconf 67' lang='lat'><strong>896</strong></span> 
     </span>
    </p>
   </div>
   <div class='ocr_carea' id='block_1_4' title="bbox 340 482 1893 560">
    <p class='ocr_par' dir='ltr' id='par_1_4' title="bbox 340 482 1893 556">
     <span class='ocr_line' id='line_1_4' title="bbox 340 482 1893 556; baseline 0.002 -20"><span class='ocrx_word' id='word_1_7' title='bbox 340 483 533 553; x_wconf 78' lang='grc' dir='ltr'>ἐπίσης</span> <span class='ocrx_word' id='word_1_8' title='bbox 565 482 732 552; x_wconf 73' lang='grc' dir='ltr'>αὐτῆς</span> <span class='ocrx_word' id='word_1_9' title='bbox 765 498 823 535; x_wconf 83' lang='grc' dir='ltr'><strong>τε</strong></span> <span class='ocrx_word' id='word_1_10' title='bbox 849 483 944 553; x_wconf 74' lang='grc' dir='ltr'>τῆς</span> <span class='ocrx_word' id='word_1_11' title='bbox 977 483 1302 552; x_wconf 85' lang='grc' dir='ltr'>ἀγεννησίας</span> <span class='ocrx_word' id='word_1_12' title='bbox 1332 484 1427 536; x_wconf 72' lang='grc' dir='ltr'>καὶ</span> <span class='ocrx_word' id='word_1_13' title='bbox 1459 483 1553 536; x_wconf 80' lang='grc' dir='ltr'>τοῦ</span> <span class='ocrx_word' id='word_1_14' title='bbox 1598 485 1716 537; x_wconf 80' lang='grc' dir='ltr'>κατ’</span> <span class='ocrx_word' id='word_1_15' title='bbox 1742 485 1893 556; x_wconf 52' lang='lat' dir='ltr'><strong>eam</strong></span> 
     </span>
    </p>
   </div>
   <div class='ocr_carea' id='block_1_5' title="bbox 1998 482 3582 560">
    <p class='ocr_par' dir='ltr' id='par_1_5' title="bbox 2011 486 3582 560">
     <span class='ocr_line' id='line_1_5' title="bbox 2011 486 3582 560; baseline 0.004 -21"><span class='ocrx_word' id='word_1_16' title='bbox 2011 486 2431 547; x_wconf 82' lang='lat' dir='ltr'><strong>existimabitur,</strong></span> <span class='ocrx_word' id='word_1_17' title='bbox 2463 502 2524 540; x_wconf 80' lang='lat' dir='ltr'><strong>ex</strong></span> <span class='ocrx_word' id='word_1_18' title='bbox 2555 502 2710 556; x_wconf 65' lang='lat' dir='ltr'><strong>aequo</strong></span> <span class='ocrx_word' id='word_1_19' title='bbox 2743 494 2851 540; x_wconf 91' lang='lat' dir='ltr'><strong>tam</strong></span> <span class='ocrx_word' id='word_1_20' title='bbox 2891 488 2957 543; x_wconf 91' lang='lat' dir='ltr'><strong>ab</strong></span> <span class='ocrx_word' id='word_1_21' title='bbox 2988 489 3106 558; x_wconf 86' lang='lat' dir='ltr'><strong>ipso</strong></span> <span class='ocrx_word' id='word_1_22' title='bbox 3148 489 3384 559; x_wconf 84' lang='lat' dir='ltr'><strong>ingenito</strong></span> <span class='ocrx_word' id='word_1_23' title='bbox 3425 508 3582 560; x_wconf 86' lang='lat' dir='ltr'><strong>quam</strong></span> 
     </span>
    </p>
   </div>
   <div class='ocr_carea' id='block_1_6' title="bbox 339 573 1903 645">
    <p class='ocr_par' dir='ltr' id='par_1_6' title="bbox 339 573 1903 645">
     <span class='ocr_line' id='line_1_6' title="bbox 339 573 1903 645; baseline 0 -17"><span class='ocrx_word' id='word_1_24' title='bbox 339 575 516 643; x_wconf 75' lang='grc' dir='ltr'>φωτὸς</span> <span class='ocrx_word' id='word_1_25' title='bbox 542 573 645 640; x_wconf 80' lang='grc' dir='ltr'>ἔξω</span> <span class='ocrx_word' id='word_1_26' title='bbox 669 574 952 644; x_wconf 87' lang='grc' dir='ltr'><strong>γινόμενος</strong></span> <span class='ocrx_word' id='word_1_27' title='bbox 976 592 988 603; x_wconf 88' lang='lat'><strong><em>°</em></strong></span> <span class='ocrx_word' id='word_1_28' title='bbox 1013 578 1041 628; x_wconf 95' lang='lat'><strong>6</strong></span> <span class='ocrx_word' id='word_1_29' title='bbox 1069 575 1124 628; x_wconf 83' lang='grc' dir='ltr'>δὲ</span> <span class='ocrx_word' id='word_1_30' title='bbox 1156 574 1282 628; x_wconf 79' lang='grc' dir='ltr'>ἄλλο</span> <span class='ocrx_word' id='word_1_31' title='bbox 1303 592 1353 626; x_wconf 90' lang='grc' dir='ltr'><strong>τι</strong></span> <span class='ocrx_word' id='word_1_32' title='bbox 1383 574 1530 645; x_wconf 83' lang='grc' dir='ltr'><strong>παρά</strong></span> <span class='ocrx_word' id='word_1_33' title='bbox 1570 575 1630 627; x_wconf 85' lang='grc' dir='ltr'><strong>τὸ</strong></span> <span class='ocrx_word' id='word_1_34' title='bbox 1655 575 1770 645; x_wconf 77' lang='grc' dir='ltr'><strong>φῶς</strong></span> <span class='ocrx_word' id='word_1_35' title='bbox 1807 575 1903 639; x_wconf 82' lang='grc' dir='ltr'><strong>ὢν,</strong></span> 
     </span>
    </p>
   </div>
   <div class='ocr_carea' id='block_1_7' title="bbox 336 665 1906 737">
    <p class='ocr_par' dir='ltr' id='par_1_7' title="bbox 336 665 1906 737">
     <span class='ocr_line' id='line_1_7' title="bbox 336 665 1906 737; baseline 0.001 -18"><span class='ocrx_word' id='word_1_36' title='bbox 336 665 536 737; x_wconf 82' lang='grc' dir='ltr'>δηλαδὴ</span> <span class='ocrx_word' id='word_1_37' title='bbox 568 666 704 737; x_wconf 82' lang='grc' dir='ltr'>πρὸς</span> <span class='ocrx_word' id='word_1_38' title='bbox 753 668 814 720; x_wconf 83' lang='grc' dir='ltr'><strong>τὸ</strong></span> <span class='ocrx_word' id='word_1_39' title='bbox 858 667 1226 736; x_wconf 80' lang='grc' dir='ltr'><strong>ἀντικείμενον</strong></span> <span class='ocrx_word' id='word_1_40' title='bbox 1263 666 1476 728; x_wconf 80' lang='grc' dir='ltr'><strong>οἰκείως</strong></span> <span class='ocrx_word' id='word_1_41' title='bbox 1506 666 1646 720; x_wconf 86' lang='grc' dir='ltr'><strong>κατά</strong></span> <span class='ocrx_word' id='word_1_42' title='bbox 1690 667 1750 720; x_wconf 84' lang='grc' dir='ltr'><strong>τὸ</strong></span> <span class='ocrx_word' id='word_1_43' title='bbox 1781 668 1906 720; x_wconf 88' lang='grc' dir='ltr'>ἀκό-</span> 
     </span>
    </p>
   </div>
   <div class='ocr_carea' id='block_1_8' title="bbox 336 757 1907 828">
    <p class='ocr_par' dir='ltr' id='par_1_8' title="bbox 336 757 1907 828">
     <span class='ocr_line' id='line_1_8' title="bbox 336 757 1907 828; baseline 0.001 -19"><span class='ocrx_word' id='word_1_44' title='bbox 336 757 524 809; x_wconf 90' lang='grc' dir='ltr'>λουθον</span> <span class='ocrx_word' id='word_1_45' title='bbox 567 757 698 821; x_wconf 73' lang='grc' dir='ltr'>ἔξει.</span> <span class='ocrx_word' id='word_1_46' title='bbox 736 759 952 828; x_wconf 84' lang='grc' dir='ltr'><strong>Ταύτης</strong></span> <span class='ocrx_word' id='word_1_47' title='bbox 993 758 1169 810; x_wconf 81' lang='grc' dir='ltr'>τοίνυν</span> <span class='ocrx_word' id='word_1_48' title='bbox 1196 758 1295 828; x_wconf 84' lang='grc' dir='ltr'>τῆς</span> <span class='ocrx_word' id='word_1_49' title='bbox 1328 758 1556 820; x_wconf 82' lang='grc' dir='ltr'>ἀτοπίας</span> <span class='ocrx_word' id='word_1_50' title='bbox 1591 760 1654 810; x_wconf 84' lang='grc' dir='ltr'>ὲκ</span> <span class='ocrx_word' id='word_1_51' title='bbox 1681 757 1787 810; x_wconf 91' lang='grc' dir='ltr'><strong>τῶν</strong></span> <span class='ocrx_word' id='word_1_52' title='bbox 1819 776 1907 811; x_wconf 88' lang='grc' dir='ltr'>τε-</span> 
     </span>
    </p>
   </div>
   <div class='ocr_carea' id='block_1_9' title="bbox 337 846 1905 920">
    <p class='ocr_par' dir='ltr' id='par_1_9' title="bbox 337 846 1905 920">
     <span class='ocr_line' id='line_1_9' title="bbox 337 846 1905 920; baseline 0.001 -20"><span class='ocrx_word' id='word_1_53' title='bbox 337 847 536 900; x_wconf 83' lang='grc' dir='ltr'>θέντων</span> <span class='ocrx_word' id='word_1_54' title='bbox 573 849 939 920; x_wconf 83' lang='grc' dir='ltr'>ἀναφανείσης</span> <span class='ocrx_word' id='word_1_55' title='bbox 963 889 978 913; x_wconf 90' lang='grc'><strong>,</strong></span> <span class='ocrx_word' id='word_1_56' title='bbox 1009 846 1259 900; x_wconf 82' lang='grc' dir='ltr'>ἀναλύειν</span> <span class='ocrx_word' id='word_1_57' title='bbox 1296 849 1558 919; x_wconf 80' lang='grc' dir='ltr'>ἐπιχειρεί</span> <span class='ocrx_word' id='word_1_58' title='bbox 1588 849 1616 900; x_wconf 97' lang='lat'><strong>6</strong></span> <span class='ocrx_word' id='word_1_59' title='bbox 1648 849 1905 919; x_wconf 84' lang='grc' dir='ltr'>Εύνόμιος</span> 
     </span>
    </p>
   </div>
   <div class='ocr_carea' id='block_1_10' title="bbox 334 935 1906 1005">
    <p class='ocr_par' dir='ltr' id='par_1_10' title="bbox 334 935 1906 1005">
     <span class='ocr_line' id='line_1_10' title="bbox 334 935 1906 1005; baseline 0.003 -19"><span class='ocrx_word' id='word_1_60' title='bbox 334 937 454 998; x_wconf 85' lang='grc' dir='ltr'>ταῖς</span> <span class='ocrx_word' id='word_1_61' title='bbox 482 939 754 1005; x_wconf 87' lang='grc' dir='ltr'>τεχνικαῖς</span> <span class='ocrx_word' id='word_1_62' title='bbox 783 937 989 1004; x_wconf 80' lang='grc' dir='ltr'>ἐφόδοις</span> <span class='ocrx_word' id='word_1_63' title='bbox 1026 936 1132 988; x_wconf 90' lang='grc' dir='ltr'><strong>τῶν</strong></span> <span class='ocrx_word' id='word_1_64' title='bbox 1179 935 1508 1001; x_wconf 84' lang='grc' dir='ltr'>ἀποδείξεων</span> <span class='ocrx_word' id='word_1_65' title='bbox 1531 979 1545 1004; x_wconf 90' lang='grc'><strong>,</strong></span> <span class='ocrx_word' id='word_1_66' title='bbox 1577 938 1772 991; x_wconf 73' lang='grc' dir='ltr'>οὑτωσὶ</span> <span class='ocrx_word' id='word_1_67' title='bbox 1820 938 1906 990; x_wconf 88' lang='grc' dir='ltr'>λέ-</span> 
     </span>
    </p>
   </div>
   <div class='ocr_carea' id='block_1_11' title="bbox 335 1028 1901 1098">
    <p class='ocr_par' dir='ltr' id='par_1_11' title="bbox 335 1028 1901 1098">
     <span class='ocr_line' id='line_1_11' title="bbox 335 1028 1901 1098; baseline 0.002 -18"><span class='ocrx_word' id='word_1_68' title='bbox 335 1044 446 1094; x_wconf 90' lang='grc' dir='ltr'><strong>γων</strong></span> <span class='ocrx_word' id='word_1_69' title='bbox 473 1043 485 1057; x_wconf 82' lang='lat'>&#39;</span> <span class='ocrx_word' id='word_1_70' title='bbox 528 1029 729 1097; x_wconf 82' lang='grc' dir='ltr'>Ἵσμεν</span> <span class='ocrx_word' id='word_1_71' title='bbox 772 1030 883 1098; x_wconf 74' lang='grc' dir='ltr'>γὰρ</span> <span class='ocrx_word' id='word_1_72' title='bbox 907 1072 922 1094; x_wconf 87' lang='grc'><strong>,</strong></span> <span class='ocrx_word' id='word_1_73' title='bbox 960 1030 1138 1097; x_wconf 82' lang='grc' dir='ltr'>ἵσμεν</span> <span class='ocrx_word' id='word_1_74' title='bbox 1181 1030 1248 1082; x_wconf 86' lang='grc' dir='ltr'>τὸ</span> <span class='ocrx_word' id='word_1_75' title='bbox 1303 1028 1428 1098; x_wconf 68' lang='grc' dir='ltr'>φῶς</span> <span class='ocrx_word' id='word_1_76' title='bbox 1479 1030 1546 1082; x_wconf 84' lang='grc' dir='ltr'>τὸ</span> <span class='ocrx_word' id='word_1_77' title='bbox 1593 1029 1901 1098; x_wconf 72' lang='grc' dir='ltr'>ἀληθινὸν,</span> 
     </span>
    </p>
   </div>
   <div class='ocr_carea' id='block_1_12' title="bbox 337 1114 1905 1186">
    <p class='ocr_par' dir='ltr' id='par_1_12' title="bbox 337 1114 1905 1186">
     <span class='ocr_line' id='line_1_12' title="bbox 337 1114 1905 1186; baseline 0.002 -18"><span class='ocrx_word' id='word_1_78' title='bbox 337 1117 515 1186; x_wconf 76' lang='grc' dir='ltr'>ἴσμεν</span> <span class='ocrx_word' id='word_1_79' title='bbox 559 1117 668 1170; x_wconf 83' lang='grc' dir='ltr'>τὸν</span> <span class='ocrx_word' id='word_1_80' title='bbox 698 1119 990 1171; x_wconf 85' lang='grc' dir='ltr'>κτίσαντα</span> <span class='ocrx_word' id='word_1_81' title='bbox 1026 1117 1090 1170; x_wconf 87' lang='grc' dir='ltr'>τὸ</span> <span class='ocrx_word' id='word_1_82' title='bbox 1146 1114 1271 1185; x_wconf 72' lang='grc' dir='ltr'>φῶς</span> <span class='ocrx_word' id='word_1_83' title='bbox 1320 1117 1468 1184; x_wconf 75' lang='grc' dir='ltr'>μετὰ</span> <span class='ocrx_word' id='word_1_84' title='bbox 1498 1116 1604 1169; x_wconf 83' lang='grc' dir='ltr'>τὸν</span> <span class='ocrx_word' id='word_1_85' title='bbox 1644 1118 1905 1184; x_wconf 83' lang='grc' dir='ltr'>οὐρανὸν</span> 
     </span>
    </p>
   </div>
   <div class='ocr_carea' id='block_1_13' title="bbox 333 1206 1901 1278">
    <p class='ocr_par' dir='ltr' id='par_1_13' title="bbox 333 1206 1901 1278">
     <span class='ocr_line' id='line_1_13' title="bbox 333 1206 1901 1278; baseline 0.001 -18"><span class='ocrx_word' id='word_1_86' title='bbox 333 1207 434 1260; x_wconf 74' lang='grc' dir='ltr'>καὶ</span> <span class='ocrx_word' id='word_1_87' title='bbox 488 1207 606 1275; x_wconf 85' lang='grc' dir='ltr'><strong>τὴν</strong></span> <span class='ocrx_word' id='word_1_88' title='bbox 661 1207 812 1278; x_wconf 75' lang='grc' dir='ltr'><strong>γῆνο</strong></span> <span class='ocrx_word' id='word_1_89' title='bbox 844 1208 1199 1276; x_wconf 73' lang='grc' dir='ltr'>ἠκούσαμεν</span> <span class='ocrx_word' id='word_1_90' title='bbox 1247 1206 1432 1274; x_wconf 82' lang='grc' dir='ltr'>αὐτῆς</span> <span class='ocrx_word' id='word_1_91' title='bbox 1459 1207 1569 1276; x_wconf 85' lang='grc' dir='ltr'>τῆς</span> <span class='ocrx_word' id='word_1_92' title='bbox 1618 1206 1766 1277; x_wconf 81' lang='grc' dir='ltr'>ζωῆς</span> <span class='ocrx_word' id='word_1_93' title='bbox 1802 1210 1901 1262; x_wconf 77' lang='grc' dir='ltr'>καὶ</span> 
     </span>
    </p>
   </div>
   <div class='ocr_carea' id='block_1_14' title="bbox 334 1298 1903 1369">
    <p class='ocr_par' dir='ltr' id='par_1_14' title="bbox 334 1298 1903 1369">
     <span class='ocr_line' id='line_1_14' title="bbox 334 1298 1903 1369; baseline 0.001 -17"><span class='ocrx_word' id='word_1_94' title='bbox 334 1298 621 1365; x_wconf 77' lang='grc' dir='ltr'><strong>ἀληθείας</strong></span> <span class='ocrx_word' id='word_1_95' title='bbox 647 1299 904 1367; x_wconf 85' lang='grc' dir='ltr'><strong>Χριστοῦ</strong></span> <span class='ocrx_word' id='word_1_96' title='bbox 947 1298 1231 1368; x_wconf 75' lang='grc' dir='ltr'>λέγοντος</span> <span class='ocrx_word' id='word_1_97' title='bbox 1282 1299 1406 1364; x_wconf 82' lang='grc' dir='ltr'>τοῖς</span> <span class='ocrx_word' id='word_1_98' title='bbox 1457 1299 1674 1353; x_wconf 84' lang='grc' dir='ltr'>ἑαυτοῦ</span> <span class='ocrx_word' id='word_1_99' title='bbox 1715 1304 1903 1369; x_wconf 81' lang='grc' dir='ltr'>μαθη-</span> 
     </span>
    </p>
   </div>
   <div class='ocr_carea' id='block_1_15' title="bbox 333 1376 1902 1460">
    <p class='ocr_par' dir='ltr' id='par_1_15' title="bbox 333 1376 1902 1460">
     <span class='ocr_line' id='line_1_15' title="bbox 333 1376 1902 1460; baseline 0.034 -19"><span class='ocrx_word' id='word_1_100' title='bbox 333 1389 491 1456; x_wconf 80' lang='grc' dir='ltr'>ταῖς·</span> <span class='ocrx_word' id='word_1_101' title='bbox 531 1391 717 1458; x_wconf 83' lang='grc' dir='ltr'><strong>Ὑμεῖς</strong></span> <span class='ocrx_word' id='word_1_102' title='bbox 747 1391 822 1443; x_wconf 76' lang='grc' dir='ltr'>έσ</span> <span class='ocrx_word' id='word_1_103' title='bbox 825 1407 887 1443; x_wconf 83' lang='grc' dir='ltr'>τε</span> <span class='ocrx_word' id='word_1_104' title='bbox 926 1389 993 1443; x_wconf 71' lang='grc' dir='ltr'><strong>τὸ</strong></span> <span class='ocrx_word' id='word_1_105' title='bbox 1025 1389 1148 1459; x_wconf 68' lang='grc' dir='ltr'><strong>φῶς</strong></span> <span class='ocrx_word' id='word_1_106' title='bbox 1194 1389 1301 1442; x_wconf 73' lang='grc' dir='ltr'><strong>τοῦ</strong></span> <span class='ocrx_word' id='word_1_107' title='bbox 1347 1393 1596 1460; x_wconf 73' lang='grc' dir='ltr'><strong>κόσμου’</strong></span> <span class='ocrx_word' id='word_1_108' title='bbox 1629 1376 1902 1458; x_wconf 55' lang='grc' dir='ltr'><strong>Μεμαθή-</strong></span> 
     </span>
    </p>
   </div>
   <div class='ocr_carea' id='block_1_16' title="bbox 334 1479 1903 1551">
    <p class='ocr_par' dir='ltr' id='par_1_16' title="bbox 334 1479 1903 1551">
     <span class='ocr_line' id='line_1_16' title="bbox 334 1479 1903 1551; baseline -0.001 -17"><span class='ocrx_word' id='word_1_109' title='bbox 334 1498 524 1551; x_wconf 82' lang='grc' dir='ltr'>καμεν</span> <span class='ocrx_word' id='word_1_110' title='bbox 549 1482 707 1548; x_wconf 81' lang='grc' dir='ltr'>παρὰ</span> <span class='ocrx_word' id='word_1_111' title='bbox 750 1481 855 1536; x_wconf 85' lang='grc' dir='ltr'>τοῦ</span> <span class='ocrx_word' id='word_1_112' title='bbox 881 1481 1178 1550; x_wconf 81' lang='grc' dir='ltr'><strong>μακαρίου</strong></span> <span class='ocrx_word' id='word_1_113' title='bbox 1217 1483 1458 1535; x_wconf 79' lang='grc' dir='ltr'><strong>Παύλου</strong></span> <span class='ocrx_word' id='word_1_114' title='bbox 1505 1479 1630 1550; x_wconf 67' lang='grc' dir='ltr'>φῶς</span> <span class='ocrx_word' id='word_1_115' title='bbox 1659 1483 1903 1550; x_wconf 82' lang='grc' dir='ltr'>ἀπρόσι-</span> 
     </span>
    </p>
   </div>
   <div class='ocr_carea' id='block_1_17' title="bbox 334 1572 1902 1642">
    <p class='ocr_par' dir='ltr' id='par_1_17' title="bbox 334 1572 1902 1642">
     <span class='ocr_line' id='line_1_17' title="bbox 334 1572 1902 1642; baseline -0.001 -15"><span class='ocrx_word' id='word_1_116' title='bbox 334 1590 442 1627; x_wconf 87' lang='grc' dir='ltr'><strong>τον</strong></span> <span class='ocrx_word' id='word_1_117' title='bbox 493 1572 883 1642; x_wconf 76' lang='grc' dir='ltr'>ὀνομάζοντος</span> <span class='ocrx_word' id='word_1_118' title='bbox 915 1572 1022 1625; x_wconf 84' lang='grc' dir='ltr'>τὸν</span> <span class='ocrx_word' id='word_1_119' title='bbox 1067 1572 1166 1624; x_wconf 79' lang='grc' dir='ltr'><strong>ἐπὶ</strong></span> <span class='ocrx_word' id='word_1_120' title='bbox 1210 1573 1450 1626; x_wconf 84' lang='grc' dir='ltr'>πάντων</span> <span class='ocrx_word' id='word_1_121' title='bbox 1503 1573 1685 1635; x_wconf 83' lang='grc' dir='ltr'>Θεὸν,</span> <span class='ocrx_word' id='word_1_122' title='bbox 1736 1572 1809 1641; x_wconf 80' lang='grc' dir='ltr'>τῇ</span> <span class='ocrx_word' id='word_1_123' title='bbox 1840 1590 1902 1626; x_wconf 84' lang='grc' dir='ltr'><strong>τε</strong></span> 
     </span>
    </p>
   </div>
   <div class='ocr_carea' id='block_1_18' title="bbox 334 1663 1900 1733">
    <p class='ocr_par' dir='ltr' id='par_1_18' title="bbox 334 1663 1900 1733">
     <span class='ocr_line' id='line_1_18' title="bbox 334 1663 1900 1733; baseline 0.002 -17"><span class='ocrx_word' id='word_1_124' title='bbox 334 1663 648 1732; x_wconf 78' lang='grc' dir='ltr'>προσθήκῃ</span> <span class='ocrx_word' id='word_1_125' title='bbox 693 1663 1088 1731; x_wconf 79' lang='grc' dir='ltr'>διορίζοντος,</span> <span class='ocrx_word' id='word_1_126' title='bbox 1139 1665 1236 1718; x_wconf 79' lang='grc' dir='ltr'>καὶ</span> <span class='ocrx_word' id='word_1_127' title='bbox 1285 1665 1400 1731; x_wconf 83' lang='grc' dir='ltr'>τὴν</span> <span class='ocrx_word' id='word_1_128' title='bbox 1444 1665 1753 1733; x_wconf 81' lang='grc' dir='ltr'>ὑπεροχὴν</span> <span class='ocrx_word' id='word_1_129' title='bbox 1795 1666 1900 1719; x_wconf 87' lang='grc' dir='ltr'>τοῦ</span> 
     </span>
    </p>
   </div>
   <div class='ocr_carea' id='block_1_19' title="bbox 335 1749 1902 1823">
    <p class='ocr_par' dir='ltr' id='par_1_19' title="bbox 335 1749 1902 1823">
     <span class='ocr_line' id='line_1_19' title="bbox 335 1749 1902 1823; baseline 0.001 -19"><span class='ocrx_word' id='word_1_130' title='bbox 335 1751 527 1821; x_wconf 75' lang='grc' dir='ltr'>φωτὸς</span> <span class='ocrx_word' id='word_1_131' title='bbox 545 1750 1026 1818; x_wconf 82' lang='grc' dir='ltr'>ἐκδιδάσκοντος.</span> <span class='ocrx_word' id='word_1_132' title='bbox 1058 1749 1201 1806; x_wconf 77' lang='grc' dir='ltr'>Εἶτα</span> <span class='ocrx_word' id='word_1_133' title='bbox 1240 1755 1544 1820; x_wconf 77' lang='grc' dir='ltr'>τοσαύτην</span> <span class='ocrx_word' id='word_1_134' title='bbox 1579 1753 1769 1823; x_wconf 74' lang='grc' dir='ltr'>φωτὸς</span> <span class='ocrx_word' id='word_1_135' title='bbox 1794 1769 1902 1806; x_wconf 81' lang='grc' dir='ltr'>πα-</span> 
     </span>
    </p>
   </div>
   <div class='ocr_carea' id='block_1_20' title="bbox 2014 577 3586 653">
    <p class='ocr_par' dir='ltr' id='par_1_20' title="bbox 2014 577 3586 653">
     <span class='ocr_line' id='line_1_20' title="bbox 2014 577 3586 653; baseline 0.006 -24"><span class='ocrx_word' id='word_1_136' title='bbox 2014 592 2042 628; x_wconf 91' lang='lat' dir='ltr'><strong>a</strong></span> <span class='ocrx_word' id='word_1_137' title='bbox 2089 577 2292 631; x_wconf 89' lang='lat' dir='ltr'><strong>lumine</strong></span> <span class='ocrx_word' id='word_1_138' title='bbox 2320 578 2463 647; x_wconf 88' lang='lat' dir='ltr'><strong>quod</strong></span> <span class='ocrx_word' id='word_1_139' title='bbox 2511 577 2562 631; x_wconf 95' lang='lat' dir='ltr'><strong>in</strong></span> <span class='ocrx_word' id='word_1_140' title='bbox 2604 578 2722 647; x_wconf 90' lang='lat' dir='ltr'><strong>ipso</strong></span> <span class='ocrx_word' id='word_1_141' title='bbox 2770 590 2871 641; x_wconf 90' lang='lat' dir='ltr'><strong>est,</strong></span> <span class='ocrx_word' id='word_1_142' title='bbox 2907 583 3157 636; x_wconf 86' lang='lat' dir='ltr'><strong>seclusus</strong></span> <span class='ocrx_word' id='word_1_143' title='bbox 3195 591 3248 635; x_wconf 83' lang='lat' dir='ltr'><strong>et</strong></span> <span class='ocrx_word' id='word_1_144' title='bbox 3293 591 3443 637; x_wconf 80' lang='lat' dir='ltr'><strong>extra</strong></span> <span class='ocrx_word' id='word_1_145' title='bbox 3490 599 3586 653; x_wconf 90' lang='lat' dir='ltr'><strong>po-</strong></span> 
     </span>
    </p>
   </div>
   <div class='ocr_carea' id='block_1_21' title="bbox 2013 664 3583 738">
    <p class='ocr_par' dir='ltr' id='par_1_21' title="bbox 2013 664 3583 738">
     <span class='ocr_line' id='line_1_21' title="bbox 2013 664 3583 738; baseline 0.005 -18"><span class='ocrx_word' id='word_1_146' title='bbox 2013 666 2172 720; x_wconf 90' lang='lat' dir='ltr'><strong>situs.</strong></span> <span class='ocrx_word' id='word_1_147' title='bbox 2205 664 2305 731; x_wconf 88' lang='lat' dir='ltr'><strong>Qui</strong></span> <span class='ocrx_word' id='word_1_148' title='bbox 2361 675 2538 720; x_wconf 91' lang='lat' dir='ltr'><strong>autem</strong></span> <span class='ocrx_word' id='word_1_149' title='bbox 2587 667 2730 720; x_wconf 82' lang='lat' dir='ltr'><strong>aliud</strong></span> <span class='ocrx_word' id='word_1_150' title='bbox 2783 668 2912 736; x_wconf 89' lang='lat' dir='ltr'><strong>quid</strong></span> <span class='ocrx_word' id='word_1_151' title='bbox 2961 686 3123 738; x_wconf 90' lang='lat' dir='ltr'><strong>quam</strong></span> <span class='ocrx_word' id='word_1_152' title='bbox 3159 672 3340 726; x_wconf 88' lang='lat' dir='ltr'><strong>lumen</strong></span> <span class='ocrx_word' id='word_1_153' title='bbox 3379 683 3484 737; x_wconf 88' lang='lat' dir='ltr'><strong>est,</strong></span> <span class='ocrx_word' id='word_1_154' title='bbox 3518 689 3583 728; x_wconf 82' lang='lat' dir='ltr'><strong>ex</strong></span> 
     </span>
    </p>
   </div>
   <div class='ocr_carea' id='block_1_22' title="bbox 2012 758 3589 833">
    <p class='ocr_par' dir='ltr' id='par_1_22' title="bbox 2012 758 3589 833">
     <span class='ocr_line' id='line_1_22' title="bbox 2012 758 3589 833; baseline 0.006 -23"><span class='ocrx_word' id='word_1_155' title='bbox 2012 758 2402 826; x_wconf 87' lang='lat' dir='ltr'><strong>consequentia</strong></span> <span class='ocrx_word' id='word_1_156' title='bbox 2431 759 2684 828; x_wconf 87' lang='lat' dir='ltr'><strong>opposito</strong></span> <span class='ocrx_word' id='word_1_157' title='bbox 2715 762 2873 817; x_wconf 78' lang='lat' dir='ltr'><strong>aliine</strong></span> <span class='ocrx_word' id='word_1_158' title='bbox 2919 759 3101 816; x_wconf 74' lang='lat' dir='ltr'><strong>fuerit.</strong></span> <span class='ocrx_word' id='word_1_159' title='bbox 3140 761 3252 816; x_wconf 91' lang='lat' dir='ltr'><strong>llae</strong></span> <span class='ocrx_word' id='word_1_160' title='bbox 3301 765 3461 833; x_wconf 81' lang='lat' dir='ltr'><strong>igitur</strong></span> <span class='ocrx_word' id='word_1_161' title='bbox 3496 765 3589 820; x_wconf 86' lang='lat' dir='ltr'><strong>ab-</strong></span> 
     </span>
    </p>
   </div>
   <div class='ocr_carea' id='block_1_23' title="bbox 2013 847 3587 921">
    <p class='ocr_par' dir='ltr' id='par_1_23' title="bbox 2013 847 3587 921">
     <span class='ocr_line' id='line_1_23' title="bbox 2013 847 3587 921; baseline 0.004 -21"><span class='ocrx_word' id='word_1_162' title='bbox 2013 847 2279 900; x_wconf 72' lang='lat' dir='ltr'><strong>surditate</strong></span> <span class='ocrx_word' id='word_1_163' title='bbox 2325 862 2390 900; x_wconf 82' lang='lat' dir='ltr'><strong>ex</strong></span> <span class='ocrx_word' id='word_1_164' title='bbox 2424 851 2614 916; x_wconf 88' lang='lat' dir='ltr'><strong>positis</strong></span> <span class='ocrx_word' id='word_1_165' title='bbox 2649 850 2939 905; x_wconf 79' lang='lat' dir='ltr'><strong>manifesto</strong></span> <span class='ocrx_word' id='word_1_166' title='bbox 2988 860 3300 921; x_wconf 84' lang='lat' dir='ltr'><strong>apparente,</strong></span> <span class='ocrx_word' id='word_1_167' title='bbox 3342 863 3587 910; x_wconf 82' lang='lat' dir='ltr'><strong>retexere</strong></span> 
     </span>
    </p>
   </div>
   <div class='ocr_carea' id='block_1_24' title="bbox 2011 937 3582 1000">
    <p class='ocr_par' dir='ltr' id='par_1_24' title="bbox 2011 937 3582 1000">
     <span class='ocr_line' id='line_1_24' title="bbox 2011 937 3582 1000; baseline 0.006 -11"><span class='ocrx_word' id='word_1_168' title='bbox 2011 949 2239 990; x_wconf 90' lang='lat' dir='ltr'><strong>conatur</strong></span> <span class='ocrx_word' id='word_1_169' title='bbox 2278 937 2574 994; x_wconf 88' lang='lat' dir='ltr'><strong>Eunomius</strong></span> <span class='ocrx_word' id='word_1_170' title='bbox 2612 940 2922 996; x_wconf 84' lang='lat' dir='ltr'><strong>artiﬁciosis</strong></span> <span class='ocrx_word' id='word_1_171' title='bbox 2971 943 3430 1000; x_wconf 90' lang='lat' dir='ltr'><strong>insinuationibus</strong></span> <span class='ocrx_word' id='word_1_172' title='bbox 3485 945 3582 999; x_wconf 91' lang='lat' dir='ltr'><strong>de-</strong></span> 
     </span>
    </p>
   </div>
   <div class='ocr_carea' id='block_1_25' title="bbox 2010 1029 3585 1090">
    <p class='ocr_par' dir='ltr' id='par_1_25' title="bbox 2010 1029 3585 1090">
     <span class='ocr_line' id='line_1_25' title="bbox 2010 1029 3585 1090; baseline 0.005 -8"><span class='ocrx_word' id='word_1_173' title='bbox 2010 1029 2463 1083; x_wconf 82' lang='lat' dir='ltr'><strong>tnonstralionum</strong></span> <span class='ocrx_word' id='word_1_174' title='bbox 2507 1031 2584 1085; x_wconf 92' lang='lat' dir='ltr'><strong>sic</strong></span> <span class='ocrx_word' id='word_1_175' title='bbox 2627 1031 2815 1086; x_wconf 85' lang='lat' dir='ltr'><strong>dicens</strong></span> <span class='ocrx_word' id='word_1_176' title='bbox 2860 1048 2873 1084; x_wconf 90' lang='lat'><strong>:</strong></span> <span class='ocrx_word' id='word_1_177' title='bbox 2932 1031 3140 1087; x_wconf 80' lang='lat' dir='ltr'><strong>Scimus</strong></span> <span class='ocrx_word' id='word_1_178' title='bbox 3173 1035 3310 1086; x_wconf 86' lang='lat' dir='ltr'><strong>enim</strong></span> <span class='ocrx_word' id='word_1_179' title='bbox 3351 1044 3401 1089; x_wconf 80' lang='lat' dir='ltr'><strong>et</strong></span> <span class='ocrx_word' id='word_1_180' title='bbox 3447 1044 3585 1090; x_wconf 83' lang='lat' dir='ltr'><strong>recte</strong></span> 
     </span>
    </p>
   </div>
   <div class='ocr_carea' id='block_1_26' title="bbox 2009 1120 3578 1194">
    <p class='ocr_par' dir='ltr' id='par_1_26' title="bbox 2009 1120 3578 1194">
     <span class='ocr_line' id='line_1_26' title="bbox 2009 1120 3578 1194; baseline 0.004 -22"><span class='ocrx_word' id='word_1_181' title='bbox 2009 1121 2202 1174; x_wconf 88' lang='lat' dir='ltr'><strong>scimus</strong></span> <span class='ocrx_word' id='word_1_182' title='bbox 2265 1120 2439 1173; x_wconf 88' lang='lat' dir='ltr'><strong>lumen</strong></span> <span class='ocrx_word' id='word_1_183' title='bbox 2502 1138 2718 1184; x_wconf 82' lang='lat' dir='ltr'><strong>verum,</strong></span> <span class='ocrx_word' id='word_1_184' title='bbox 2798 1124 2992 1176; x_wconf 77' lang='lat' dir='ltr'><strong>scimus</strong></span> <span class='ocrx_word' id='word_1_185' title='bbox 3053 1140 3170 1177; x_wconf 88' lang='lat' dir='ltr'><strong>eum</strong></span> <span class='ocrx_word' id='word_1_186' title='bbox 3233 1127 3320 1194; x_wconf 96' lang='lat' dir='ltr'><strong>qui</strong></span> <span class='ocrx_word' id='word_1_187' title='bbox 3385 1126 3578 1179; x_wconf 83' lang='lat' dir='ltr'><strong>creavit</strong></span> 
     </span>
    </p>
   </div>
   <div class='ocr_carea' id='block_1_27' title="bbox 2011 1213 3579 1286">
    <p class='ocr_par' dir='ltr' id='par_1_27' title="bbox 2011 1213 3579 1286">
     <span class='ocr_line' id='line_1_27' title="bbox 2011 1213 3579 1286; baseline 0.004 -21"><span class='ocrx_word' id='word_1_188' title='bbox 2011 1213 2180 1265; x_wconf 84' lang='lat' dir='ltr'><strong>lucem</strong></span> <span class='ocrx_word' id='word_1_189' title='bbox 2241 1223 2356 1280; x_wconf 84' lang='lat' dir='ltr'><strong>post</strong></span> <span class='ocrx_word' id='word_1_190' title='bbox 2419 1214 2601 1266; x_wconf 78' lang='lat' dir='ltr'><strong>coelum</strong></span> <span class='ocrx_word' id='word_1_191' title='bbox 2654 1223 2703 1266; x_wconf 89' lang='lat' dir='ltr'><strong>et</strong></span> <span class='ocrx_word' id='word_1_192' title='bbox 2764 1224 2996 1278; x_wconf 86' lang='lat' dir='ltr'><strong>terram,</strong></span> <span class='ocrx_word' id='word_1_193' title='bbox 3057 1215 3351 1270; x_wconf 80' lang='lat' dir='ltr'><strong>audivimus</strong></span> <span class='ocrx_word' id='word_1_194' title='bbox 3409 1218 3579 1286; x_wconf 88' lang='lat' dir='ltr'><strong>ipsam</strong></span> 
     </span>
    </p>
   </div>
   <div class='ocr_carea' id='block_1_28' title="bbox 2008 1302 3580 1362">
    <p class='ocr_par' dir='ltr' id='par_1_28' title="bbox 2008 1302 3580 1362">
     <span class='ocr_line' id='line_1_28' title="bbox 2008 1302 3580 1362; baseline 0.005 -8"><span class='ocrx_word' id='word_1_195' title='bbox 2008 1303 2170 1355; x_wconf 83' lang='lat' dir='ltr'><strong>vitam</strong></span> <span class='ocrx_word' id='word_1_196' title='bbox 2217 1312 2268 1355; x_wconf 89' lang='lat' dir='ltr'><strong>et</strong></span> <span class='ocrx_word' id='word_1_197' title='bbox 2323 1303 2591 1356; x_wconf 85' lang='lat' dir='ltr'><strong>veritatem</strong></span> <span class='ocrx_word' id='word_1_198' title='bbox 2640 1302 2908 1358; x_wconf 84' lang='lat' dir='ltr'><strong>Christum</strong></span> <span class='ocrx_word' id='word_1_199' title='bbox 2959 1307 3212 1360; x_wconf 83' lang='lat' dir='ltr'><strong>dicentem</strong></span> <span class='ocrx_word' id='word_1_200' title='bbox 3262 1308 3372 1361; x_wconf 86' lang='lat' dir='ltr'><strong>suis</strong></span> <span class='ocrx_word' id='word_1_201' title='bbox 3417 1309 3580 1362; x_wconf 79' lang='lat' dir='ltr'><strong>disci-</strong></span> 
     </span>
    </p>
   </div>
   <div class='ocr_carea' id='block_1_29' title="bbox 2008 1390 3580 1461">
    <p class='ocr_par' dir='ltr' id='par_1_29' title="bbox 2008 1390 3580 1461">
     <span class='ocr_line' id='line_1_29' title="bbox 2008 1390 3580 1461; baseline 0.004 -18"><span class='ocrx_word' id='word_1_202' title='bbox 2008 1393 2148 1461; x_wconf 84' lang='lat' dir='ltr'><strong>pulis</strong></span> <span class='ocrx_word' id='word_1_203' title='bbox 2179 1408 2196 1444; x_wconf 92' lang='lat'><em>:</em></span> <span class='ocrx_word' id='word_1_204' title='bbox 2250 1390 2352 1445; x_wconf 88' lang='lat' dir='ltr'><strong>Vos</strong></span> <span class='ocrx_word' id='word_1_205' title='bbox 2390 1393 2515 1446; x_wconf 85' lang='lat' dir='ltr'><strong>estis</strong></span> <span class='ocrx_word' id='word_1_206' title='bbox 2569 1392 2660 1445; x_wconf 75' lang='lat' dir='ltr'><strong>lux</strong></span> <span class='ocrx_word' id='word_1_207' title='bbox 2696 1393 2878 1446; x_wconf 87' lang='lat' dir='ltr'><strong>mundi</strong></span> <span class='ocrx_word' id='word_1_208' title='bbox 2907 1395 2980 1458; x_wconf 66' lang='lat'><strong>‘3;</strong></span> <span class='ocrx_word' id='word_1_209' title='bbox 3017 1396 3296 1449; x_wconf 82' lang='lat' dir='ltr'><strong>didicimus</strong></span> <span class='ocrx_word' id='word_1_210' title='bbox 3325 1412 3389 1451; x_wconf 78' lang='lat' dir='ltr'><strong>ea:</strong></span> <span class='ocrx_word' id='word_1_211' title='bbox 3431 1397 3580 1450; x_wconf 84' lang='lat' dir='ltr'><strong>beato</strong></span> 
     </span>
    </p>
   </div>
   <div class='ocr_carea' id='block_1_30' title="bbox 2007 1483 3579 1552">
    <p class='ocr_par' dir='ltr' id='par_1_30' title="bbox 2007 1483 3579 1552">
     <span class='ocr_line' id='line_1_30' title="bbox 2007 1483 3579 1552; baseline 0.001 -15"><span class='ocrx_word' id='word_1_212' title='bbox 2007 1483 2213 1544; x_wconf 88' lang='lat' dir='ltr'><strong>Paulo,</strong></span> <span class='ocrx_word' id='word_1_213' title='bbox 2260 1483 2348 1552; x_wconf 85' lang='lat' dir='ltr'><strong>qui</strong></span> <span class='ocrx_word' id='word_1_214' title='bbox 2389 1483 2555 1536; x_wconf 84' lang='lat' dir='ltr'><strong>lucem</strong></span> <span class='ocrx_word' id='word_1_215' title='bbox 2597 1483 3010 1538; x_wconf 80' lang='lat' dir='ltr'><strong>inaccessibilem</strong></span> <span class='ocrx_word' id='word_1_216' title='bbox 3046 1487 3088 1517; x_wconf 82' lang='grc'><strong>¹⁹</strong></span> <span class='ocrx_word' id='word_1_217' title='bbox 3132 1487 3366 1540; x_wconf 79' lang='lat' dir='ltr'><strong>nominat</strong></span> <span class='ocrx_word' id='word_1_218' title='bbox 3411 1487 3579 1541; x_wconf 88' lang='lat' dir='ltr'><strong>Deum</strong></span> 
     </span>
    </p>
   </div>
   <div class='ocr_carea' id='block_1_31' title="bbox 2005 1576 3580 1646">
    <p class='ocr_par' dir='ltr' id='par_1_31' title="bbox 2005 1576 3580 1646">
     <span class='ocr_line' id='line_1_31' title="bbox 2005 1576 3580 1646; baseline 0.004 -19"><span class='ocrx_word' id='word_1_219' title='bbox 2005 1577 2097 1644; x_wconf 88' lang='lat' dir='ltr'><strong>qui</strong></span> <span class='ocrx_word' id='word_1_220' title='bbox 2133 1583 2211 1628; x_wconf 81' lang='lat' dir='ltr'><strong>est</strong></span> <span class='ocrx_word' id='word_1_221' title='bbox 2260 1589 2414 1640; x_wconf 87' lang='lat' dir='ltr'><strong>super</strong></span> <span class='ocrx_word' id='word_1_222' title='bbox 2461 1576 2638 1628; x_wconf 86' lang='lat' dir='ltr'><strong>omnia</strong></span> <span class='ocrx_word' id='word_1_223' title='bbox 2675 1591 2694 1628; x_wconf 90' lang='lat'><strong><em>:</em></strong></span> <span class='ocrx_word' id='word_1_224' title='bbox 2743 1591 2805 1627; x_wconf 84' lang='lat' dir='ltr'><strong>ac</strong></span> <span class='ocrx_word' id='word_1_225' title='bbox 2849 1576 3109 1643; x_wconf 85' lang='lat' dir='ltr'><strong>ejusmodi</strong></span> <span class='ocrx_word' id='word_1_226' title='bbox 3154 1578 3442 1646; x_wconf 87' lang='lat' dir='ltr'><strong>adjectione</strong></span> <span class='ocrx_word' id='word_1_227' title='bbox 3485 1579 3580 1633; x_wconf 88' lang='lat' dir='ltr'><strong>de-</strong></span> 
     </span>
    </p>
   </div>
   <div class='ocr_carea' id='block_1_32' title="bbox 2007 1666 3580 1735">
    <p class='ocr_par' dir='ltr' id='par_1_32' title="bbox 2007 1666 3580 1735">
     <span class='ocr_line' id='line_1_32' title="bbox 2007 1666 3580 1735; baseline 0.004 -18"><span class='ocrx_word' id='word_1_228' title='bbox 2007 1666 2195 1734; x_wconf 78' lang='lat' dir='ltr'><strong>ﬁniens</strong></span> <span class='ocrx_word' id='word_1_229' title='bbox 2221 1679 2376 1735; x_wconf 87' lang='lat' dir='ltr'><strong>atque</strong></span> <span class='ocrx_word' id='word_1_230' title='bbox 2405 1667 2927 1734; x_wconf 73' lang='lat' dir='ltr'><strong>superemcellentiam</strong></span> <span class='ocrx_word' id='word_1_231' title='bbox 2969 1669 3102 1723; x_wconf 85' lang='lat' dir='ltr'><strong>lucis</strong></span> <span class='ocrx_word' id='word_1_232' title='bbox 3137 1674 3347 1726; x_wconf 86' lang='lat' dir='ltr'><strong>docens.</strong></span> <span class='ocrx_word' id='word_1_233' title='bbox 3379 1671 3580 1726; x_wconf 84' lang='lat' dir='ltr'><strong>Deinde</strong></span> 
     </span>
    </p>
   </div>
   <div class='ocr_carea' id='block_1_33' title="bbox 2007 1754 3576 1823">
    <p class='ocr_par' dir='ltr' id='par_1_33' title="bbox 2007 1754 3576 1823">
     <span class='ocr_line' id='line_1_33' title="bbox 2007 1754 3576 1823; baseline 0.004 -16"><span class='ocrx_word' id='word_1_234' title='bbox 2007 1772 2125 1808; x_wconf 88' lang='lat' dir='ltr'><strong>cum</strong></span> <span class='ocrx_word' id='word_1_235' title='bbox 2189 1764 2391 1809; x_wconf 86' lang='lat' dir='ltr'><strong>tantum</strong></span> <span class='ocrx_word' id='word_1_236' title='bbox 2474 1757 2608 1809; x_wconf 89' lang='lat' dir='ltr'><strong>lucis</strong></span> <span class='ocrx_word' id='word_1_237' title='bbox 2677 1754 2960 1810; x_wconf 83' lang='lat' dir='ltr'><strong>discrimen</strong></span> <span class='ocrx_word' id='word_1_238' title='bbox 3031 1758 3416 1823; x_wconf 83' lang='lat' dir='ltr'><strong>didicerimus,</strong></span> <span class='ocrx_word' id='word_1_239' title='bbox 3475 1777 3576 1814; x_wconf 85' lang='lat' dir='ltr'><strong>non</strong></span> 
     </span>
    </p>
   </div>
   <div class='ocr_carea' id='block_1_34' title="bbox 331 1831 1893 1917">
    <p class='ocr_par' dir='ltr' id='par_1_34' title="bbox 331 1842 1893 1914">
     <span class='ocr_line' id='line_1_34' title="bbox 331 1842 1893 1914; baseline 0.003 -19"><span class='ocrx_word' id='word_1_240' title='bbox 331 1842 647 1911; x_wconf 61' lang='grc' dir='ltr'>ρανῖλαγὴν</span> <span class='ocrx_word' id='word_1_241' title='bbox 695 1844 1100 1911; x_wconf 82' lang='grc' dir='ltr'><strong>μεμαθηκότες</strong></span> <span class='ocrx_word' id='word_1_242' title='bbox 1129 1885 1143 1906; x_wconf 94' lang='grc'><strong>,</strong></span> <span class='ocrx_word' id='word_1_243' title='bbox 1188 1845 1297 1897; x_wconf 79' lang='grc' dir='ltr'>οὐκ</span> <span class='ocrx_word' id='word_1_244' title='bbox 1350 1845 1680 1914; x_wconf 81' lang='grc' dir='ltr'><strong>ἀνεξόμεθα</strong></span> <span class='ocrx_word' id='word_1_245' title='bbox 1726 1846 1893 1914; x_wconf 83' lang='grc' dir='ltr'>μέχρι</span> 
     </span>
    </p>
   </div>
   <div class='ocr_carea' id='block_1_35' title="bbox 1998 1831 3578 1917">
    <p class='ocr_par' dir='ltr' id='par_1_35' title="bbox 2007 1845 3578 1917">
     <span class='ocr_line' id='line_1_35' title="bbox 2007 1845 3578 1917; baseline 0.004 -18"><span class='ocrx_word' id='word_1_246' title='bbox 2007 1845 2379 1900; x_wconf 84' lang='lat' dir='ltr'><strong>sustinebimus</strong></span> <span class='ocrx_word' id='word_1_247' title='bbox 2444 1863 2505 1900; x_wconf 89' lang='lat' dir='ltr'><strong>ne</strong></span> <span class='ocrx_word' id='word_1_248' title='bbox 2574 1848 2780 1916; x_wconf 89' lang='lat' dir='ltr'><strong>quidem</strong></span> <span class='ocrx_word' id='word_1_249' title='bbox 2842 1863 3000 1917; x_wconf 86' lang='lat' dir='ltr'><strong>usque</strong></span> <span class='ocrx_word' id='word_1_250' title='bbox 3062 1851 3129 1902; x_wconf 88' lang='lat' dir='ltr'><strong>ad</strong></span> <span class='ocrx_word' id='word_1_251' title='bbox 3187 1852 3374 1905; x_wconf 74' lang='lat' dir='ltr'><strong>exilem</strong></span> <span class='ocrx_word' id='word_1_252' title='bbox 3423 1852 3578 1906; x_wconf 88' lang='lat' dir='ltr'><strong>audi-</strong></span> 
     </span>
    </p>
   </div>
   <div class='ocr_carea' id='block_1_36' title="bbox 334 1930 1902 2003">
    <p class='ocr_par' dir='ltr' id='par_1_36' title="bbox 334 1930 1902 2003">
     <span class='ocr_line' id='line_1_36' title="bbox 334 1930 1902 2003; baseline 0.003 -20"><span class='ocrx_word' id='word_1_253' title='bbox 334 1931 519 2000; x_wconf 72' lang='grc' dir='ltr'>ψιλῆς</span> <span class='ocrx_word' id='word_1_254' title='bbox 560 1931 705 2001; x_wconf 75' lang='grc' dir='ltr'>γοῦν</span> <span class='ocrx_word' id='word_1_255' title='bbox 737 1932 954 1999; x_wconf 83' lang='grc' dir='ltr'><strong>ἀκοῆς,</strong></span> <span class='ocrx_word' id='word_1_256' title='bbox 985 1931 1098 1999; x_wconf 77' lang='grc' dir='ltr'><strong>τὴν</strong></span> <span class='ocrx_word' id='word_1_257' title='bbox 1145 1932 1340 2000; x_wconf 81' lang='grc' dir='ltr'>αὐτὴν</span> <span class='ocrx_word' id='word_1_258' title='bbox 1387 1930 1538 1986; x_wconf 78' lang='grc' dir='ltr'>εἶναι</span> <span class='ocrx_word' id='word_1_259' title='bbox 1588 1935 1781 2003; x_wconf 69' lang='grc' dir='ltr'>φωτὸς</span> <span class='ocrx_word' id='word_1_260' title='bbox 1814 1935 1902 1988; x_wconf 82' lang='grc' dir='ltr'><strong>ἐν-</strong></span> 
     </span>
    </p>
   </div>
   <div class='ocr_carea' id='block_1_37' title="bbox 333 2019 1901 2097">
    <p class='ocr_par' dir='ltr' id='par_1_37' title="bbox 333 2019 1901 2097">
     <span class='ocr_line' id='line_1_37' title="bbox 333 2019 1901 2097; baseline 0.003 -21"><span class='ocrx_word' id='word_1_261' title='bbox 333 2040 542 2085; x_wconf 71' lang='lat' dir='ltr'><strong>ratur;</strong></span> <span class='ocrx_word' id='word_1_262' title='bbox 581 2019 726 2093; x_wconf 76' lang='grc' dir='ltr'>Ἀρα</span> <span class='ocrx_word' id='word_1_263' title='bbox 762 2023 1076 2086; x_wconf 78' lang='grc' dir='ltr'>σπουδάζων</span> <span class='ocrx_word' id='word_1_264' title='bbox 1104 2028 1174 2078; x_wconf 83' lang='grc' dir='ltr'>τὰ</span> <span class='ocrx_word' id='word_1_265' title='bbox 1196 2024 1416 2078; x_wconf 79' lang='grc' dir='ltr'>τοιαῦτα</span> <span class='ocrx_word' id='word_1_266' title='bbox 1447 2024 1534 2078; x_wconf 77' lang='grc' dir='ltr'>διὰ</span> <span class='ocrx_word' id='word_1_267' title='bbox 1561 2025 1668 2079; x_wconf 88' lang='grc' dir='ltr'><strong>τῶν</strong></span> <span class='ocrx_word' id='word_1_268' title='bbox 1699 2030 1901 2097; x_wconf 80' lang='grc' dir='ltr'>ἐπιχει-</span> 
     </span>
    </p>
   </div>
   <div class='ocr_carea' id='block_1_38' title="bbox 337 2113 1901 2190">
    <p class='ocr_par' dir='ltr' id='par_1_38' title="bbox 337 2113 1901 2190">
     <span class='ocr_line' id='line_1_38' title="bbox 337 2113 1901 2190; baseline 0.004 -24"><span class='ocrx_word' id='word_1_269' title='bbox 337 2115 592 2184; x_wconf 85' lang='grc' dir='ltr'>ρημάτων</span> <span class='ocrx_word' id='word_1_270' title='bbox 639 2113 776 2167; x_wconf 84' lang='grc' dir='ltr'><strong>κατά</strong></span> <span class='ocrx_word' id='word_1_271' title='bbox 819 2114 918 2183; x_wconf 79' lang='grc' dir='ltr'><strong>τῆς</strong></span> <span class='ocrx_word' id='word_1_272' title='bbox 969 2114 1222 2186; x_wconf 82' lang='grc' dir='ltr'>ἀληθείας</span> <span class='ocrx_word' id='word_1_273' title='bbox 1287 2117 1748 2188; x_wconf 78' lang='grc' dir='ltr'>προϐάλλεται;ἢ</span> <span class='ocrx_word' id='word_1_274' title='bbox 1802 2120 1901 2190; x_wconf 83' lang='grc' dir='ltr'>τῆς</span> 
     </span>
    </p>
   </div>
   <div class='ocr_carea' id='block_1_39' title="bbox 333 2206 1900 2276">
    <p class='ocr_par' dir='ltr' id='par_1_39' title="bbox 333 2206 1900 2276">
     <span class='ocr_line' id='line_1_39' title="bbox 333 2206 1900 2276; baseline 0.004 -19"><span class='ocrx_word' id='word_1_275' title='bbox 333 2206 686 2276; x_wconf 80' lang='grc' dir='ltr'>ἀναισθησίας</span> <span class='ocrx_word' id='word_1_276' title='bbox 713 2207 821 2258; x_wconf 87' lang='grc' dir='ltr'><strong>τῶν</strong></span> <span class='ocrx_word' id='word_1_277' title='bbox 852 2207 1130 2276; x_wconf 79' lang='grc' dir='ltr'>ἑπομένων</span> <span class='ocrx_word' id='word_1_278' title='bbox 1163 2207 1324 2260; x_wconf 76' lang='grc' dir='ltr'>αὐτοῦ</span> <span class='ocrx_word' id='word_1_279' title='bbox 1357 2211 1476 2272; x_wconf 86' lang='grc' dir='ltr'>ταῖς</span> <span class='ocrx_word' id='word_1_280' title='bbox 1503 2209 1736 2274; x_wconf 81' lang='grc' dir='ltr'>ἀπάταις</span> <span class='ocrx_word' id='word_1_281' title='bbox 1767 2211 1900 2264; x_wconf 88' lang='grc' dir='ltr'>ἀπο-</span> 
     </span>
    </p>
   </div>
   <div class='ocr_carea' id='block_1_40' title="bbox 332 2298 1897 2371">
    <p class='ocr_par' dir='ltr' id='par_1_40' title="bbox 332 2298 1897 2371">
     <span class='ocr_line' id='line_1_40' title="bbox 332 2298 1897 2371; baseline 0.002 -22"><span class='ocrx_word' id='word_1_282' title='bbox 332 2298 707 2370; x_wconf 79' lang='grc' dir='ltr'>πειρώμενος;</span> <span class='ocrx_word' id='word_1_283' title='bbox 737 2299 969 2369; x_wconf 88' lang='grc' dir='ltr'>Πότερον</span> <span class='ocrx_word' id='word_1_284' title='bbox 996 2298 1246 2352; x_wconf 87' lang='grc' dir='ltr'>δύνανται</span> <span class='ocrx_word' id='word_1_285' title='bbox 1274 2300 1502 2353; x_wconf 83' lang='grc' dir='ltr'>συνιδεῖν</span> <span class='ocrx_word' id='word_1_286' title='bbox 1529 2300 1620 2352; x_wconf 83' lang='grc' dir='ltr'><strong>τὸν</strong></span> <span class='ocrx_word' id='word_1_287' title='bbox 1641 2301 1897 2371; x_wconf 82' lang='grc' dir='ltr'>παιδιὼδη</span> 
     </span>
    </p>
   </div>
   <div class='ocr_carea' id='block_1_41' title="bbox 331 2390 1899 2462">
    <p class='ocr_par' dir='ltr' id='par_1_41' title="bbox 331 2390 1899 2462">
     <span class='ocr_line' id='line_1_41' title="bbox 331 2390 1899 2462; baseline 0 -19"><span class='ocrx_word' id='word_1_288' title='bbox 331 2392 739 2462; x_wconf 83' lang='grc' dir='ltr'>παραλογισμὸν</span> <span class='ocrx_word' id='word_1_289' title='bbox 775 2391 868 2444; x_wconf 86' lang='grc' dir='ltr'>τοῦ</span> <span class='ocrx_word' id='word_1_290' title='bbox 900 2391 1258 2461; x_wconf 76' lang='grc' dir='ltr'>σοφίσματος,</span> <span class='ocrx_word' id='word_1_291' title='bbox 1287 2391 1322 2461; x_wconf 82' lang='grc' dir='ltr'>ἢ</span> <span class='ocrx_word' id='word_1_292' title='bbox 1354 2392 1448 2444; x_wconf 75' lang='grc' dir='ltr'><strong>καὶ</strong></span> <span class='ocrx_word' id='word_1_293' title='bbox 1480 2391 1612 2461; x_wconf 84' lang='grc' dir='ltr'>πρὸς</span> <span class='ocrx_word' id='word_1_294' title='bbox 1636 2392 1733 2462; x_wconf 80' lang='grc' dir='ltr'>τὴν</span> <span class='ocrx_word' id='word_1_295' title='bbox 1759 2390 1899 2443; x_wconf 77' lang='grc' dir='ltr'>οὕτω</span> 
     </span>
    </p>
   </div>
   <div class='ocr_carea' id='block_1_42' title="bbox 330 2477 1896 2553">
    <p class='ocr_par' dir='ltr' id='par_1_42' title="bbox 330 2477 1896 2553">
     <span class='ocr_line' id='line_1_42' title="bbox 330 2477 1896 2553; baseline 0.001 -21"><span class='ocrx_word' id='word_1_296' title='bbox 330 2477 593 2553; x_wconf 74' lang='grc' dir='ltr'>πρόδηλον</span> <span class='ocrx_word' id='word_1_297' title='bbox 619 2481 832 2551; x_wconf 82' lang='grc' dir='ltr'>ἀπάτην</span> <span class='ocrx_word' id='word_1_298' title='bbox 857 2480 1298 2550; x_wconf 77' lang='grc' dir='ltr'>ἀναισθητοῦσιν;</span> <span class='ocrx_word' id='word_1_299' title='bbox 1329 2480 1469 2549; x_wconf 86' lang='grc' dir='ltr'><strong>Ἐγὼ</strong></span> <span class='ocrx_word' id='word_1_300' title='bbox 1493 2482 1588 2551; x_wconf 84' lang='grc' dir='ltr'>μὲν</span> <span class='ocrx_word' id='word_1_301' title='bbox 1615 2482 1719 2550; x_wconf 85' lang='grc' dir='ltr'>γὰρ</span> <span class='ocrx_word' id='word_1_302' title='bbox 1746 2477 1896 2551; x_wconf 76' lang='grc' dir='ltr'>οἶμαι</span> 
     </span>
    </p>
   </div>
   <div class='ocr_carea' id='block_1_43' title="bbox 335 2571 1898 2643">
    <p class='ocr_par' dir='ltr' id='par_1_43' title="bbox 335 2571 1898 2643">
     <span class='ocr_line' id='line_1_43' title="bbox 335 2571 1898 2643; baseline 0.001 -20"><span class='ocrx_word' id='word_1_303' title='bbox 335 2572 536 2642; x_wconf 78' lang='grc' dir='ltr'>μηδένα</span> <span class='ocrx_word' id='word_1_304' title='bbox 567 2571 736 2635; x_wconf 77' lang='grc' dir='ltr'>οὕτως</span> <span class='ocrx_word' id='word_1_305' title='bbox 768 2573 992 2641; x_wconf 86' lang='grc' dir='ltr'>ἀνόητον</span> <span class='ocrx_word' id='word_1_306' title='bbox 1015 2611 1028 2635; x_wconf 93' lang='grc'><strong>,</strong></span> <span class='ocrx_word' id='word_1_307' title='bbox 1081 2571 1155 2634; x_wconf 85' lang='grc' dir='ltr'>ὡς</span> <span class='ocrx_word' id='word_1_308' title='bbox 1200 2571 1272 2643; x_wconf 83' lang='grc' dir='ltr'><strong>μὴ</strong></span> <span class='ocrx_word' id='word_1_309' title='bbox 1302 2572 1534 2625; x_wconf 83' lang='grc' dir='ltr'>συνιέναι</span> <span class='ocrx_word' id='word_1_310' title='bbox 1565 2571 1661 2642; x_wconf 82' lang='grc' dir='ltr'>τὴν</span> <span class='ocrx_word' id='word_1_311' title='bbox 1706 2573 1769 2624; x_wconf 87' lang='grc' dir='ltr'>ὲκ</span> <span class='ocrx_word' id='word_1_312' title='bbox 1801 2572 1898 2640; x_wconf 84' lang='grc' dir='ltr'>τῆς</span> 
     </span>
    </p>
   </div>
   <div class='ocr_carea' id='block_1_44' title="bbox 330 2657 1896 2735">
    <p class='ocr_par' dir='ltr' id='par_1_44' title="bbox 330 2657 1896 2735">
     <span class='ocr_line' id='line_1_44' title="bbox 330 2657 1896 2735; baseline -0.003 -17"><span class='ocrx_word' id='word_1_313' title='bbox 330 2663 648 2734; x_wconf 85' lang='grc' dir='ltr'>ὁμωνυμίας</span> <span class='ocrx_word' id='word_1_314' title='bbox 685 2663 898 2733; x_wconf 84' lang='grc' dir='ltr'>ἀπάτην</span> <span class='ocrx_word' id='word_1_315' title='bbox 919 2702 932 2725; x_wconf 90' lang='grc'><strong>,</strong></span> <span class='ocrx_word' id='word_1_316' title='bbox 964 2662 1030 2715; x_wconf 85' lang='grc' dir='ltr'>δι’</span> <span class='ocrx_word' id='word_1_317' title='bbox 1059 2657 1126 2735; x_wconf 73' lang='grc' dir='ltr'>ἧς</span> <span class='ocrx_word' id='word_1_318' title='bbox 1154 2665 1182 2716; x_wconf 89' lang='lat'><strong>6</strong></span> <span class='ocrx_word' id='word_1_319' title='bbox 1209 2662 1468 2730; x_wconf 88' lang='grc' dir='ltr'>Εύνόμιος</span> <span class='ocrx_word' id='word_1_320' title='bbox 1500 2663 1686 2714; x_wconf 75' lang='grc' dir='ltr'>ἑαυτὸν</span> <span class='ocrx_word' id='word_1_321' title='bbox 1718 2679 1775 2714; x_wconf 89' lang='grc' dir='ltr'><strong>τε</strong></span> <span class='ocrx_word' id='word_1_322' title='bbox 1805 2663 1896 2714; x_wconf 75' lang='grc' dir='ltr'>καὶ</span> 
     </span>
    </p>
   </div>
   <div class='ocr_carea' id='block_1_45' title="bbox 329 2752 1895 2824">
    <p class='ocr_par' dir='ltr' id='par_1_45' title="bbox 329 2752 1895 2824">
     <span class='ocr_line' id='line_1_45' title="bbox 329 2752 1895 2824; baseline -0.005 -14"><span class='ocrx_word' id='word_1_323' title='bbox 329 2758 454 2818; x_wconf 83' lang='grc' dir='ltr'>τοὺς</span> <span class='ocrx_word' id='word_1_324' title='bbox 484 2757 602 2808; x_wconf 83' lang='grc' dir='ltr'>κατ’</span> <span class='ocrx_word' id='word_1_325' title='bbox 631 2754 792 2808; x_wconf 82' lang='grc' dir='ltr'>αὐτὸν</span> <span class='ocrx_word' id='word_1_326' title='bbox 830 2753 1253 2824; x_wconf 86' lang='grc' dir='ltr'>παρακρούεται.</span> <span class='ocrx_word' id='word_1_327' title='bbox 1284 2753 1404 2813; x_wconf 84' lang='grc' dir='ltr'>Φῶς</span> <span class='ocrx_word' id='word_1_328' title='bbox 1440 2755 1486 2805; x_wconf 88' lang='grc' dir='ltr'><strong>οί</strong></span> <span class='ocrx_word' id='word_1_329' title='bbox 1515 2752 1771 2822; x_wconf 74' lang='grc' dir='ltr'>μαθηταὶ,</span> <span class='ocrx_word' id='word_1_330' title='bbox 1800 2771 1895 2821; x_wconf 72' lang='grc' dir='ltr'><strong>φη-</strong></span> 
     </span>
    </p>
   </div>
   <div class='ocr_carea' id='block_1_46' title="bbox 333 2844 1890 2916">
    <p class='ocr_par' dir='ltr' id='par_1_46' title="bbox 333 2844 1890 2916">
     <span class='ocr_line' id='line_1_46' title="bbox 333 2844 1890 2916; baseline -0.004 -16"><span class='ocrx_word' id='word_1_331' title='bbox 333 2850 448 2910; x_wconf 75' lang='grc' dir='ltr'>σὶν,</span> <span class='ocrx_word' id='word_1_332' title='bbox 480 2845 910 2916; x_wconf 80' lang='grc' dir='ltr'>ὠνομάσθησαν,</span> <span class='ocrx_word' id='word_1_333' title='bbox 953 2845 1067 2912; x_wconf 83' lang='grc' dir='ltr'>φῶς</span> <span class='ocrx_word' id='word_1_334' title='bbox 1121 2844 1178 2897; x_wconf 83' lang='grc' dir='ltr'>δὲ</span> <span class='ocrx_word' id='word_1_335' title='bbox 1227 2844 1441 2911; x_wconf 85' lang='grc' dir='ltr'>λέγεται</span> <span class='ocrx_word' id='word_1_336' title='bbox 1492 2845 1584 2896; x_wconf 76' lang='grc' dir='ltr'><strong>καὶ</strong></span> <span class='ocrx_word' id='word_1_337' title='bbox 1641 2845 1700 2896; x_wconf 84' lang='grc' dir='ltr'><strong>τὸ</strong></span> <span class='ocrx_word' id='word_1_338' title='bbox 1738 2845 1794 2895; x_wconf 84' lang='grc' dir='ltr'>ἐν</span> <span class='ocrx_word' id='word_1_339' title='bbox 1826 2846 1890 2914; x_wconf 82' lang='grc' dir='ltr'>τῇ</span> 
     </span>
    </p>
   </div>
   <div class='ocr_carea' id='block_1_47' title="bbox 330 2932 1894 3006">
    <p class='ocr_par' dir='ltr' id='par_1_47' title="bbox 330 2932 1894 3006">
     <span class='ocr_line' id='line_1_47' title="bbox 330 2932 1894 3006; baseline -0.004 -14"><span class='ocrx_word' id='word_1_340' title='bbox 330 2941 503 2992; x_wconf 84' lang='grc' dir='ltr'>κτίσει</span> <span class='ocrx_word' id='word_1_341' title='bbox 529 2937 839 3006; x_wconf 88' lang='grc' dir='ltr'>γενόμενον.</span> <span class='ocrx_word' id='word_1_342' title='bbox 877 2932 1007 2988; x_wconf 76' lang='grc' dir='ltr'>Εἶτα</span> <span class='ocrx_word' id='word_1_343' title='bbox 1067 2934 1150 2998; x_wconf 86' lang='grc' dir='ltr'><strong>τίς</strong></span> <span class='ocrx_word' id='word_1_344' title='bbox 1186 2937 1285 2987; x_wconf 85' lang='grc' dir='ltr'><strong>οὐκ</strong></span> <span class='ocrx_word' id='word_1_345' title='bbox 1316 2932 1452 2987; x_wconf 83' lang='grc' dir='ltr'>οἶδεν</span> <span class='ocrx_word' id='word_1_346' title='bbox 1487 2935 1567 2986; x_wconf 80' lang='grc' dir='ltr'><strong>ὅτι</strong></span> <span class='ocrx_word' id='word_1_347' title='bbox 1599 2934 1767 3003; x_wconf 76' lang='grc' dir='ltr'>ὄνομα</span> <span class='ocrx_word' id='word_1_348' title='bbox 1800 2935 1894 3003; x_wconf 84' lang='grc' dir='ltr'>μό-</span> 
     </span>
    </p>
   </div>
   <div class='ocr_carea' id='block_1_48' title="bbox 329 3023 1892 3094">
    <p class='ocr_par' dir='ltr' id='par_1_48' title="bbox 329 3023 1892 3094">
     <span class='ocr_line' id='line_1_48' title="bbox 329 3023 1892 3094; baseline -0.004 -12"><span class='ocrx_word' id='word_1_349' title='bbox 329 3048 417 3082; x_wconf 90' lang='grc' dir='ltr'><strong>νον</strong></span> <span class='ocrx_word' id='word_1_350' title='bbox 453 3031 508 3081; x_wconf 79' lang='grc' dir='ltr'>ἐν</span> <span class='ocrx_word' id='word_1_351' title='bbox 537 3029 747 3090; x_wconf 84' lang='grc' dir='ltr'>τούτοις</span> <span class='ocrx_word' id='word_1_352' title='bbox 784 3027 898 3079; x_wconf 79' lang='grc' dir='ltr'>ἐστὶ</span> <span class='ocrx_word' id='word_1_353' title='bbox 932 3025 1106 3079; x_wconf 83' lang='grc' dir='ltr'>κοινόν</span> <span class='ocrx_word' id='word_1_354' title='bbox 1135 3042 1148 3056; x_wconf 87' lang='grc'><strong>·</strong></span> <span class='ocrx_word' id='word_1_355' title='bbox 1184 3023 1246 3078; x_wconf 82' lang='grc' dir='ltr'><strong>τδ</strong></span> <span class='ocrx_word' id='word_1_356' title='bbox 1274 3026 1330 3078; x_wconf 81' lang='grc' dir='ltr'>δὲ</span> <span class='ocrx_word' id='word_1_357' title='bbox 1377 3025 1770 3094; x_wconf 86' lang='grc' dir='ltr'>σημαινόμενον</span> <span class='ocrx_word' id='word_1_358' title='bbox 1808 3026 1892 3092; x_wconf 76' lang='grc' dir='ltr'><strong>ἐφ’</strong></span> 
     </span>
    </p>
   </div>
   <div class='ocr_carea' id='block_1_49' title="bbox 329 3115 1891 3189">
    <p class='ocr_par' dir='ltr' id='par_1_49' title="bbox 329 3115 1891 3189">
     <span class='ocr_line' id='line_1_49' title="bbox 329 3115 1891 3189; baseline -0.004 -15"><span class='ocrx_word' id='word_1_359' title='bbox 329 3121 587 3189; x_wconf 74' lang='grc' dir='ltr'>ἑκατέρου</span> <span class='ocrx_word' id='word_1_360' title='bbox 614 3119 899 3188; x_wconf 74' lang='grc' dir='ltr'>διάφορον;</span> <span class='ocrx_word' id='word_1_361' title='bbox 930 3117 1000 3168; x_wconf 84' lang='grc' dir='ltr'><strong>Τδ</strong></span> <span class='ocrx_word' id='word_1_362' title='bbox 1029 3117 1127 3187; x_wconf 84' lang='grc' dir='ltr'><strong>μὲν</strong></span> <span class='ocrx_word' id='word_1_363' title='bbox 1157 3115 1262 3186; x_wconf 78' lang='grc' dir='ltr'><strong>γὰρ</strong></span> <span class='ocrx_word' id='word_1_364' title='bbox 1292 3116 1511 3186; x_wconf 74' lang='grc' dir='ltr'>ἡλιακὸν</span> <span class='ocrx_word' id='word_1_365' title='bbox 1539 3116 1684 3185; x_wconf 81' lang='grc' dir='ltr'>φῶς,</span> <span class='ocrx_word' id='word_1_366' title='bbox 1719 3115 1891 3185; x_wconf 72' lang='grc' dir='ltr'><strong>ὅψεώς</strong></span> 
     </span>
    </p>
   </div>
   <div class='ocr_carea' id='block_1_50' title="bbox 2014 1936 3578 2010">
    <p class='ocr_par' dir='ltr' id='par_1_50' title="bbox 2014 1936 3578 2010">
     <span class='ocr_line' id='line_1_50' title="bbox 2014 1936 3578 2010; baseline 0.006 -20"><span class='ocrx_word' id='word_1_367' title='bbox 2014 1947 2125 1990; x_wconf 83' lang='lat' dir='ltr'><strong>tum</strong></span> <span class='ocrx_word' id='word_1_368' title='bbox 2150 1936 2384 1991; x_wconf 90' lang='lat' dir='ltr'><strong>eamdem</strong></span> <span class='ocrx_word' id='word_1_369' title='bbox 2426 1954 2537 1992; x_wconf 84' lang='lat' dir='ltr'><strong>esse</strong></span> <span class='ocrx_word' id='word_1_370' title='bbox 2579 1938 2713 1992; x_wconf 87' lang='lat' dir='ltr'><strong>lucis</strong></span> <span class='ocrx_word' id='word_1_371' title='bbox 2751 1939 3042 1991; x_wconf 82' lang='lat' dir='ltr'><strong>notitiam?</strong></span> <span class='ocrx_word' id='word_1_372' title='bbox 3089 1942 3168 1992; x_wconf 83' lang='lat' dir='ltr'><strong>An</strong></span> <span class='ocrx_word' id='word_1_373' title='bbox 3219 1941 3362 1996; x_wconf 87' lang='lat' dir='ltr'><strong>serio</strong></span> <span class='ocrx_word' id='word_1_374' title='bbox 3413 1958 3578 2010; x_wconf 86' lang='lat' dir='ltr'><strong>agens</strong></span> 
     </span>
    </p>
   </div>
   <div class='ocr_carea' id='block_1_51' title="bbox 2006 2030 3583 2104">
    <p class='ocr_par' dir='ltr' id='par_1_51' title="bbox 2006 2030 3583 2104">
     <span class='ocr_line' id='line_1_51' title="bbox 2006 2030 3583 2104; baseline 0.004 -23"><span class='ocrx_word' id='word_1_375' title='bbox 2006 2030 2133 2083; x_wconf 85' lang='lat' dir='ltr'><strong>talia</strong></span> <span class='ocrx_word' id='word_1_376' title='bbox 2153 2045 2246 2098; x_wconf 90' lang='lat' dir='ltr'><strong>per</strong></span> <span class='ocrx_word' id='word_1_377' title='bbox 2264 2031 2759 2099; x_wconf 81' lang='lat' dir='ltr'><strong>argumentationes</strong></span> <span class='ocrx_word' id='word_1_378' title='bbox 2782 2039 2970 2085; x_wconf 90' lang='lat' dir='ltr'><strong>contra</strong></span> <span class='ocrx_word' id='word_1_379' title='bbox 2991 2033 3270 2086; x_wconf 86' lang='lat' dir='ltr'><strong>veritatem</strong></span> <span class='ocrx_word' id='word_1_380' title='bbox 3291 2036 3583 2104; x_wconf 82' lang='lat' dir='ltr'><strong>proponit?</strong></span> 
     </span>
    </p>
   </div>
   <div class='ocr_carea' id='block_1_52' title="bbox 2011 2121 3578 2190">
    <p class='ocr_par' dir='ltr' id='par_1_52' title="bbox 2011 2121 3578 2190">
     <span class='ocr_line' id='line_1_52' title="bbox 2011 2121 3578 2190; baseline 0.003 -18"><span class='ocrx_word' id='word_1_381' title='bbox 2011 2134 2082 2174; x_wconf 88' lang='lat' dir='ltr'><strong>an</strong></span> <span class='ocrx_word' id='word_1_382' title='bbox 2141 2130 2471 2175; x_wconf 89' lang='lat' dir='ltr'><strong>sectatorum</strong></span> <span class='ocrx_word' id='word_1_383' title='bbox 2538 2134 2761 2174; x_wconf 93' lang='lat' dir='ltr'><strong>suorum</strong></span> <span class='ocrx_word' id='word_1_384' title='bbox 2817 2129 3092 2190; x_wconf 88' lang='lat' dir='ltr'><strong>stuporem</strong></span> <span class='ocrx_word' id='word_1_385' title='bbox 3170 2121 3283 2176; x_wconf 91' lang='lat' dir='ltr'><strong>suis</strong></span> <span class='ocrx_word' id='word_1_386' title='bbox 3349 2121 3578 2178; x_wconf 80' lang='lat' dir='ltr'><strong>fallaciis</strong></span> 
     </span>
    </p>
   </div>
   <div class='ocr_carea' id='block_1_53' title="bbox 2005 2213 3580 2285">
    <p class='ocr_par' dir='ltr' id='par_1_53' title="bbox 2005 2213 3580 2285">
     <span class='ocr_line' id='line_1_53' title="bbox 2005 2213 3580 2285; baseline 0.002 -20"><span class='ocrx_word' id='word_1_387' title='bbox 2005 2213 2216 2267; x_wconf 87' lang='lat' dir='ltr'><strong>tentat?</strong></span> <span class='ocrx_word' id='word_1_388' title='bbox 2255 2221 2438 2267; x_wconf 87' lang='lat' dir='ltr'><strong>utrum</strong></span> <span class='ocrx_word' id='word_1_389' title='bbox 2471 2213 2686 2282; x_wconf 87' lang='lat' dir='ltr'><strong>possint</strong></span> <span class='ocrx_word' id='word_1_390' title='bbox 2735 2213 2994 2283; x_wconf 89' lang='lat' dir='ltr'><strong>puerilem</strong></span> <span class='ocrx_word' id='word_1_391' title='bbox 3031 2214 3448 2285; x_wconf 86' lang='lat' dir='ltr'><strong>paralogismum</strong></span> <span class='ocrx_word' id='word_1_392' title='bbox 3491 2231 3580 2269; x_wconf 85' lang='lat' dir='ltr'><strong>so-</strong></span> 
     </span>
    </p>
   </div>
   <div class='ocr_carea' id='block_1_54' title="bbox 2004 2303 3573 2375">
    <p class='ocr_par' dir='ltr' id='par_1_54' title="bbox 2004 2303 3573 2375">
     <span class='ocr_line' id='line_1_54' title="bbox 2004 2303 3573 2375; baseline 0.003 -19"><span class='ocrx_word' id='word_1_393' title='bbox 2004 2303 2287 2372; x_wconf 84' lang='lat' dir='ltr'><strong>phismatis</strong></span> <span class='ocrx_word' id='word_1_394' title='bbox 2307 2303 2602 2372; x_wconf 88' lang='lat' dir='ltr'><strong>percipere,</strong></span> <span class='ocrx_word' id='word_1_395' title='bbox 2646 2319 2712 2356; x_wconf 91' lang='lat' dir='ltr'><strong>an</strong></span> <span class='ocrx_word' id='word_1_396' title='bbox 2741 2305 2904 2358; x_wconf 90' lang='lat' dir='ltr'><strong>etiam</strong></span> <span class='ocrx_word' id='word_1_397' title='bbox 2949 2303 3015 2357; x_wconf 89' lang='lat' dir='ltr'><strong>ad</strong></span> <span class='ocrx_word' id='word_1_398' title='bbox 3065 2313 3173 2358; x_wconf 86' lang='lat' dir='ltr'><strong>tam</strong></span> <span class='ocrx_word' id='word_1_399' title='bbox 3224 2306 3573 2375; x_wconf 88' lang='lat' dir='ltr'><strong>perspicuum</strong></span> 
     </span>
    </p>
   </div>
   <div class='ocr_carea' id='block_1_55' title="bbox 2003 2393 3581 2452">
    <p class='ocr_par' dir='ltr' id='par_1_55' title="bbox 2003 2393 3581 2452">
     <span class='ocr_line' id='line_1_55' title="bbox 2003 2393 3581 2452; baseline 0.001 -4"><span class='ocrx_word' id='word_1_400' title='bbox 2003 2409 2244 2448; x_wconf 89' lang='lat' dir='ltr'><strong>errorem</strong></span> <span class='ocrx_word' id='word_1_401' title='bbox 2302 2402 2356 2447; x_wconf 81' lang='lat' dir='ltr'><strong>et</strong></span> <span class='ocrx_word' id='word_1_402' title='bbox 2409 2393 2675 2447; x_wconf 83' lang='lat' dir='ltr'><strong>fallaciam</strong></span> <span class='ocrx_word' id='word_1_403' title='bbox 2727 2394 3024 2449; x_wconf 88' lang='lat' dir='ltr'><strong>hebescunt</strong></span> <span class='ocrx_word' id='word_1_404' title='bbox 3085 2411 3246 2450; x_wconf 90' lang='lat' dir='ltr'><strong>sensu</strong></span> <span class='ocrx_word' id='word_1_405' title='bbox 3283 2395 3581 2452; x_wconf 88' lang='lat' dir='ltr'><strong>carentes?</strong></span> 
     </span>
    </p>
   </div>
   <div class='ocr_carea' id='block_1_56' title="bbox 2003 2484 3575 2557">
    <p class='ocr_par' dir='ltr' id='par_1_56' title="bbox 2003 2484 3575 2557">
     <span class='ocr_line' id='line_1_56' title="bbox 2003 2484 3575 2557; baseline 0.001 -19"><span class='ocrx_word' id='word_1_406' title='bbox 2003 2484 2264 2554; x_wconf 82' lang='lat' dir='ltr'><strong>Equidem</strong></span> <span class='ocrx_word' id='word_1_407' title='bbox 2286 2485 2522 2538; x_wconf 85' lang='lat' dir='ltr'><strong>arbitror</strong></span> <span class='ocrx_word' id='word_1_408' title='bbox 2550 2485 2820 2539; x_wconf 86' lang='lat' dir='ltr'><strong>neminem</strong></span> <span class='ocrx_word' id='word_1_409' title='bbox 2854 2493 2962 2538; x_wconf 89' lang='lat' dir='ltr'><strong>tam</strong></span> <span class='ocrx_word' id='word_1_410' title='bbox 3001 2495 3270 2541; x_wconf 90' lang='lat' dir='ltr'><strong>amentem</strong></span> <span class='ocrx_word' id='word_1_411' title='bbox 3305 2495 3359 2540; x_wconf 89' lang='lat' dir='ltr'><strong>et</strong></span> <span class='ocrx_word' id='word_1_412' title='bbox 3401 2487 3575 2557; x_wconf 87' lang='lat' dir='ltr'><strong>stupi-</strong></span> 
     </span>
    </p>
   </div>
   <div class='ocr_carea' id='block_1_57' title="bbox 2003 2577 3576 2647">
    <p class='ocr_par' dir='ltr' id='par_1_57' title="bbox 2003 2577 3576 2647">
     <span class='ocr_line' id='line_1_57' title="bbox 2003 2577 3576 2647; baseline 0.001 -17"><span class='ocrx_word' id='word_1_413' title='bbox 2003 2577 2132 2631; x_wconf 91' lang='lat' dir='ltr'><strong>dum</strong></span> <span class='ocrx_word' id='word_1_414' title='bbox 2157 2592 2298 2639; x_wconf 88' lang='lat' dir='ltr'><strong>esse,</strong></span> <span class='ocrx_word' id='word_1_415' title='bbox 2341 2585 2397 2630; x_wconf 91' lang='lat' dir='ltr'><strong>ut</strong></span> <span class='ocrx_word' id='word_1_416' title='bbox 2429 2593 2533 2630; x_wconf 87' lang='lat' dir='ltr'><strong>non</strong></span> <span class='ocrx_word' id='word_1_417' title='bbox 2561 2593 2623 2631; x_wconf 77' lang='lat' dir='ltr'><strong>ex</strong></span> <span class='ocrx_word' id='word_1_418' title='bbox 2655 2577 3085 2646; x_wconf 67' lang='lat' dir='ltr'><strong>mquivocatione</strong></span> <span class='ocrx_word' id='word_1_419' title='bbox 3131 2577 3393 2647; x_wconf 83' lang='lat' dir='ltr'><strong>intelligat</strong></span> <span class='ocrx_word' id='word_1_420' title='bbox 3426 2593 3576 2632; x_wconf 90' lang='lat' dir='ltr'><strong>erro-</strong></span> 
     </span>
    </p>
   </div>
   <div class='ocr_carea' id='block_1_58' title="bbox 2003 2666 3576 2736">
    <p class='ocr_par' dir='ltr' id='par_1_58' title="bbox 2003 2666 3576 2736">
     <span class='ocr_line' id='line_1_58' title="bbox 2003 2666 3576 2736; baseline 0.001 -18"><span class='ocrx_word' id='word_1_421' title='bbox 2003 2682 2115 2720; x_wconf 90' lang='lat' dir='ltr'><strong>rem</strong></span> <span class='ocrx_word' id='word_1_422' title='bbox 2149 2681 2244 2730; x_wconf 87' lang='lat' dir='ltr'><strong>per</strong></span> <span class='ocrx_word' id='word_1_423' title='bbox 2263 2683 2420 2735; x_wconf 84' lang='lat' dir='ltr'><strong>quem</strong></span> <span class='ocrx_word' id='word_1_424' title='bbox 2453 2677 2506 2721; x_wconf 88' lang='lat' dir='ltr'><strong>et</strong></span> <span class='ocrx_word' id='word_1_425' title='bbox 2534 2668 2774 2736; x_wconf 87' lang='lat' dir='ltr'><strong>seipsum</strong></span> <span class='ocrx_word' id='word_1_426' title='bbox 2801 2682 3037 2735; x_wconf 91' lang='lat' dir='ltr'><strong>suosque</strong></span> <span class='ocrx_word' id='word_1_427' title='bbox 3064 2666 3326 2720; x_wconf 80' lang='lat' dir='ltr'><strong>fallaciter</strong></span> <span class='ocrx_word' id='word_1_428' title='bbox 3343 2668 3576 2721; x_wconf 91' lang='lat' dir='ltr'><strong>succutit</strong></span> 
     </span>
    </p>
   </div>
   <div class='ocr_carea' id='block_1_59' title="bbox 2002 2755 3572 2825">
    <p class='ocr_par' dir='ltr' id='par_1_59' title="bbox 2002 2755 3572 2825">
     <span class='ocr_line' id='line_1_59' title="bbox 2002 2755 3572 2825; baseline -0.002 -15"><span class='ocrx_word' id='word_1_429' title='bbox 2002 2765 2056 2810; x_wconf 88' lang='lat' dir='ltr'><strong>et</strong></span> <span class='ocrx_word' id='word_1_430' title='bbox 2108 2756 2318 2811; x_wconf 86' lang='lat' dir='ltr'><strong>evertit.</strong></span> <span class='ocrx_word' id='word_1_431' title='bbox 2355 2755 2494 2820; x_wconf 79' lang='lat' dir='ltr'><strong>Lux,</strong></span> <span class='ocrx_word' id='word_1_432' title='bbox 2544 2756 2740 2825; x_wconf 86' lang='lat' dir='ltr'><strong>inquit,</strong></span> <span class='ocrx_word' id='word_1_433' title='bbox 2797 2755 3048 2825; x_wconf 89' lang='lat' dir='ltr'><strong>discipuli</strong></span> <span class='ocrx_word' id='word_1_434' title='bbox 3100 2757 3362 2808; x_wconf 82' lang='lat' dir='ltr'><strong>nominati</strong></span> <span class='ocrx_word' id='word_1_435' title='bbox 3413 2765 3572 2816; x_wconf 89' lang='lat' dir='ltr'><strong>sunt;</strong></span> 
     </span>
    </p>
   </div>
   <div class='ocr_carea' id='block_1_60' title="bbox 2003 2845 3575 2916">
    <p class='ocr_par' dir='ltr' id='par_1_60' title="bbox 2003 2845 3575 2916">
     <span class='ocr_line' id='line_1_60' title="bbox 2003 2845 3575 2916; baseline 0.001 -16"><span class='ocrx_word' id='word_1_436' title='bbox 2003 2848 2093 2900; x_wconf 81' lang='lat' dir='ltr'><strong>lux</strong></span> <span class='ocrx_word' id='word_1_437' title='bbox 2119 2846 2280 2900; x_wconf 88' lang='lat' dir='ltr'><strong>etiam</strong></span> <span class='ocrx_word' id='word_1_438' title='bbox 2310 2846 2508 2901; x_wconf 88' lang='lat' dir='ltr'><strong>dicitur</strong></span> <span class='ocrx_word' id='word_1_439' title='bbox 2536 2861 2655 2916; x_wconf 59' lang='lat' dir='ltr'><strong>qua:</strong></span> <span class='ocrx_word' id='word_1_440' title='bbox 2675 2847 2730 2900; x_wconf 90' lang='lat' dir='ltr'><strong>in</strong></span> <span class='ocrx_word' id='word_1_441' title='bbox 2755 2846 3033 2900; x_wconf 87' lang='lat' dir='ltr'><strong>creatione</strong></span> <span class='ocrx_word' id='word_1_442' title='bbox 3067 2845 3206 2898; x_wconf 89' lang='lat' dir='ltr'><strong>facta</strong></span> <span class='ocrx_word' id='word_1_443' title='bbox 3231 2854 3332 2900; x_wconf 92' lang='lat' dir='ltr'><strong>est.</strong></span> <span class='ocrx_word' id='word_1_444' title='bbox 3379 2845 3575 2901; x_wconf 85' lang='lat' dir='ltr'><strong>Deinde</strong></span> 
     </span>
    </p>
   </div>
   <div class='ocr_carea' id='block_1_61' title="bbox 2001 2937 3572 3012">
    <p class='ocr_par' dir='ltr' id='par_1_61' title="bbox 2001 2937 3572 3012">
     <span class='ocr_line' id='line_1_61' title="bbox 2001 2937 3572 3012; baseline 0 -20"><span class='ocrx_word' id='word_1_445' title='bbox 2001 2939 2122 3012; x_wconf 87' lang='lat' dir='ltr'><strong>quis</strong></span> <span class='ocrx_word' id='word_1_446' title='bbox 2152 2954 2259 2992; x_wconf 92' lang='lat' dir='ltr'><strong>non</strong></span> <span class='ocrx_word' id='word_1_447' title='bbox 2287 2937 2431 2994; x_wconf 81' lang='lat' dir='ltr'><strong>videt</strong></span> <span class='ocrx_word' id='word_1_448' title='bbox 2461 2954 2656 2994; x_wconf 90' lang='lat' dir='ltr'><strong>nomen</strong></span> <span class='ocrx_word' id='word_1_449' title='bbox 2687 2939 2861 2994; x_wconf 88' lang='lat' dir='ltr'><strong>solum</strong></span> <span class='ocrx_word' id='word_1_450' title='bbox 2901 2939 2955 2992; x_wconf 93' lang='lat' dir='ltr'><strong>in</strong></span> <span class='ocrx_word' id='word_1_451' title='bbox 2983 2938 3069 2994; x_wconf 90' lang='lat' dir='ltr'><strong>his</strong></span> <span class='ocrx_word' id='word_1_452' title='bbox 3103 2954 3226 2992; x_wconf 91' lang='lat' dir='ltr'><strong>esse</strong></span> <span class='ocrx_word' id='word_1_453' title='bbox 3261 2954 3572 3000; x_wconf 89' lang='lat' dir='ltr'><strong>commune,</strong></span> 
     </span>
    </p>
   </div>
   <div class='ocr_carea' id='block_1_62' title="bbox 1999 3029 3574 3102">
    <p class='ocr_par' dir='ltr' id='par_1_62' title="bbox 1999 3029 3574 3102">
     <span class='ocr_line' id='line_1_62' title="bbox 1999 3029 3574 3102; baseline 0 -17"><span class='ocrx_word' id='word_1_454' title='bbox 1999 3032 2362 3102; x_wconf 84' lang='lat' dir='ltr'><strong>signiﬁcatum</strong></span> <span class='ocrx_word' id='word_1_455' title='bbox 2390 3047 2517 3087; x_wconf 89' lang='lat' dir='ltr'><strong>vero</strong></span> <span class='ocrx_word' id='word_1_456' title='bbox 2554 3033 2610 3086; x_wconf 93' lang='lat' dir='ltr'><strong>in</strong></span> <span class='ocrx_word' id='word_1_457' title='bbox 2636 3040 2868 3102; x_wconf 87' lang='lat' dir='ltr'><strong>utroque</strong></span> <span class='ocrx_word' id='word_1_458' title='bbox 2906 3031 3162 3087; x_wconf 75' lang='lat' dir='ltr'><strong>differre?</strong></span> <span class='ocrx_word' id='word_1_459' title='bbox 3198 3029 3331 3084; x_wconf 88' lang='lat' dir='ltr'><strong>Nam</strong></span> <span class='ocrx_word' id='word_1_460' title='bbox 3379 3032 3574 3086; x_wconf 89' lang='lat' dir='ltr'><strong>solaris</strong></span> 
     </span>
    </p>
   </div>
   <div class='ocr_carea' id='block_1_63' title="bbox 1998 3125 3572 3194">
    <p class='ocr_par' dir='ltr' id='par_1_63' title="bbox 1998 3125 3572 3194">
     <span class='ocr_line' id='line_1_63' title="bbox 1998 3125 3572 3194; baseline -0.001 -16"><span class='ocrx_word' id='word_1_461' title='bbox 1998 3125 2214 3194; x_wconf 87' lang='lat' dir='ltr'><strong>quidem</strong></span> <span class='ocrx_word' id='word_1_462' title='bbox 2273 3125 2366 3178; x_wconf 89' lang='lat' dir='ltr'><strong>lux</strong></span> <span class='ocrx_word' id='word_1_463' title='bbox 2413 3126 2564 3181; x_wconf 87' lang='lat' dir='ltr'><strong>visus</strong></span> <span class='ocrx_word' id='word_1_464' title='bbox 2627 3135 2710 3181; x_wconf 91' lang='lat' dir='ltr'><strong>est</strong></span> <span class='ocrx_word' id='word_1_465' title='bbox 2763 3125 3098 3190; x_wconf 88' lang='lat' dir='ltr'><strong>discretiva;</strong></span> <span class='ocrx_word' id='word_1_466' title='bbox 3162 3138 3338 3178; x_wconf 88' lang='lat' dir='ltr'><strong>sermo</strong></span> <span class='ocrx_word' id='word_1_467' title='bbox 3394 3135 3572 3177; x_wconf 90' lang='lat' dir='ltr'><strong>autem</strong></span> 
     </span>
    </p>
   </div>
   <div class='ocr_carea' id='block_1_64' title="bbox 329 3196 1893 3284">
    <p class='ocr_par' dir='ltr' id='par_1_64' title="bbox 329 3208 1893 3280">
     <span class='ocr_line' id='line_1_64' title="bbox 329 3208 1893 3280; baseline -0.001 -18"><span class='ocrx_word' id='word_1_468' title='bbox 329 3214 443 3264; x_wconf 81' lang='grc' dir='ltr'>ἐστι</span> <span class='ocrx_word' id='word_1_469' title='bbox 477 3209 824 3280; x_wconf 77' lang='grc' dir='ltr'>διακριτικὸν,</span> <span class='ocrx_word' id='word_1_470' title='bbox 865 3211 892 3261; x_wconf 90' lang='lat'><strong>6</strong></span> <span class='ocrx_word' id='word_1_471' title='bbox 922 3208 977 3260; x_wconf 84' lang='grc' dir='ltr'>δὲ</span> <span class='ocrx_word' id='word_1_472' title='bbox 1011 3210 1106 3278; x_wconf 79' lang='grc' dir='ltr'><strong>τῆς</strong></span> <span class='ocrx_word' id='word_1_473' title='bbox 1139 3208 1478 3271; x_wconf 76' lang='grc' dir='ltr'>διδασκαλίας</span> <span class='ocrx_word' id='word_1_474' title='bbox 1503 3209 1612 3260; x_wconf 92' lang='grc' dir='ltr'><strong>τῶν</strong></span> <span class='ocrx_word' id='word_1_475' title='bbox 1643 3208 1893 3278; x_wconf 85' lang='grc' dir='ltr'>μαθητῶν</span> 
     </span>
    </p>
   </div>
   <div class='ocr_carea' id='block_1_65' title="bbox 1998 3196 3573 3284">
    <p class='ocr_par' dir='ltr' id='par_1_65' title="bbox 1998 3214 3573 3284">
     <span class='ocr_line' id='line_1_65' title="bbox 1998 3214 3573 3284; baseline -0.002 -15"><span class='ocrx_word' id='word_1_476' title='bbox 1998 3216 2258 3270; x_wconf 65' lang='lat' dir='ltr'><strong>doctrina:</strong></span> <span class='ocrx_word' id='word_1_477' title='bbox 2301 3215 2692 3284; x_wconf 83' lang='lat' dir='ltr'><strong>discipulorum</strong></span> <span class='ocrx_word' id='word_1_478' title='bbox 2737 3215 2936 3270; x_wconf 84' lang='lat' dir='ltr'><strong>animis</strong></span> <span class='ocrx_word' id='word_1_479' title='bbox 2980 3215 3222 3270; x_wconf 89' lang='lat' dir='ltr'><strong>veritatis</strong></span> <span class='ocrx_word' id='word_1_480' title='bbox 3256 3214 3573 3266; x_wconf 88' lang='lat' dir='ltr'><strong>illustratio-</strong></span> 
     </span>
    </p>
   </div>
   <div class='ocr_carea' id='block_1_66' title="bbox 328 3296 1896 3368">
    <p class='ocr_par' dir='ltr' id='par_1_66' title="bbox 328 3296 1896 3368">
     <span class='ocr_line' id='line_1_66' title="bbox 328 3296 1896 3368; baseline 0 -17"><span class='ocrx_word' id='word_1_481' title='bbox 328 3299 484 3366; x_wconf 85' lang='grc' dir='ltr'>λόγος</span> <span class='ocrx_word' id='word_1_482' title='bbox 507 3339 521 3362; x_wconf 89' lang='grc'><strong>,</strong></span> <span class='ocrx_word' id='word_1_483' title='bbox 559 3300 677 3361; x_wconf 83' lang='grc' dir='ltr'>ταῖς</span> <span class='ocrx_word' id='word_1_484' title='bbox 723 3297 920 3366; x_wconf 73' lang='grc' dir='ltr'>ψυχαῖς</span> <span class='ocrx_word' id='word_1_485' title='bbox 951 3298 1040 3349; x_wconf 77' lang='grc' dir='ltr'><strong>τὸν</strong></span> <span class='ocrx_word' id='word_1_486' title='bbox 1077 3296 1353 3366; x_wconf 74' lang='grc' dir='ltr'>φωτισμὸν</span> <span class='ocrx_word' id='word_1_487' title='bbox 1386 3299 1482 3368; x_wconf 81' lang='grc' dir='ltr'><strong>τῆς</strong></span> <span class='ocrx_word' id='word_1_488' title='bbox 1513 3297 1768 3368; x_wconf 88' lang='grc' dir='ltr'>ἀληθείας</span> <span class='ocrx_word' id='word_1_489' title='bbox 1807 3300 1896 3351; x_wconf 84' lang='grc' dir='ltr'><strong>ὲν-</strong></span> 
     </span>
    </p>
   </div>
   <div class='ocr_carea' id='block_1_67' title="bbox 327 3385 1894 3460">
    <p class='ocr_par' dir='ltr' id='par_1_67' title="bbox 327 3385 1894 3460">
     <span class='ocr_line' id='line_1_67' title="bbox 327 3385 1894 3460; baseline 0 -18"><span class='ocrx_word' id='word_1_490' title='bbox 327 3391 554 3460; x_wconf 84' lang='grc' dir='ltr'>τίθησιν.</span> <span class='ocrx_word' id='word_1_491' title='bbox 580 3391 641 3442; x_wconf 74' lang='lat' dir='ltr'><strong>Et</strong></span> <span class='ocrx_word' id='word_1_492' title='bbox 683 3388 781 3459; x_wconf 80' lang='grc' dir='ltr'><strong>μὲν</strong></span> <span class='ocrx_word' id='word_1_493' title='bbox 811 3385 901 3440; x_wconf 77' lang='grc' dir='ltr'><strong>οὖν</strong></span> <span class='ocrx_word' id='word_1_494' title='bbox 943 3387 1142 3456; x_wconf 86' lang='grc' dir='ltr'>ταύτην</span> <span class='ocrx_word' id='word_1_495' title='bbox 1185 3389 1278 3441; x_wconf 76' lang='grc' dir='ltr'><strong>καὶ</strong></span> <span class='ocrx_word' id='word_1_496' title='bbox 1307 3389 1391 3440; x_wconf 78' lang='grc' dir='ltr'>ἐπ’</span> <span class='ocrx_word' id='word_1_497' title='bbox 1425 3389 1633 3441; x_wconf 84' lang='grc' dir='ltr'>ἐκείνου</span> <span class='ocrx_word' id='word_1_498' title='bbox 1660 3389 1752 3442; x_wconf 83' lang='grc' dir='ltr'><strong>τοῦ</strong></span> <span class='ocrx_word' id='word_1_499' title='bbox 1780 3407 1894 3457; x_wconf 67' lang='lat' dir='ltr'><strong>(pw-</strong></span> 
     </span>
    </p>
   </div>
   <div class='ocr_carea' id='block_1_68' title="bbox 326 3475 1889 3548">
    <p class='ocr_par' dir='ltr' id='par_1_68' title="bbox 326 3475 1889 3548">
     <span class='ocr_line' id='line_1_68' title="bbox 326 3475 1889 3548; baseline 0.001 -18"><span class='ocrx_word' id='word_1_500' title='bbox 326 3479 416 3541; x_wconf 81' lang='grc' dir='ltr'><strong>τὸς</strong></span> <span class='ocrx_word' id='word_1_501' title='bbox 447 3479 538 3544; x_wconf 85' lang='grc' dir='ltr'>τὴν</span> <span class='ocrx_word' id='word_1_502' title='bbox 568 3478 827 3548; x_wconf 69' lang='grc' dir='ltr'>διαφορὰν</span> <span class='ocrx_word' id='word_1_503' title='bbox 855 3475 994 3530; x_wconf 76' lang='grc' dir='ltr'>οἶδεν</span> <span class='ocrx_word' id='word_1_504' title='bbox 1016 3494 1028 3506; x_wconf 88' lang='grc'>·</span> <span class='ocrx_word' id='word_1_505' title='bbox 1061 3477 1136 3540; x_wconf 83' lang='grc' dir='ltr'>ὡς</span> <span class='ocrx_word' id='word_1_506' title='bbox 1173 3478 1232 3530; x_wconf 88' lang='grc' dir='ltr'>τὸ</span> <span class='ocrx_word' id='word_1_507' title='bbox 1258 3479 1355 3548; x_wconf 83' lang='grc' dir='ltr'>μὲν</span> <span class='ocrx_word' id='word_1_508' title='bbox 1387 3477 1636 3548; x_wconf 83' lang='grc' dir='ltr'>σώματος</span> <span class='ocrx_word' id='word_1_509' title='bbox 1665 3478 1889 3543; x_wconf 74' lang='grc' dir='ltr'>οἴεσθαι,</span> 
     </span>
    </p>
   </div>
   <div class='ocr_carea' id='block_1_69' title="bbox 325 3562 1895 3638">
    <p class='ocr_par' dir='ltr' id='par_1_69' title="bbox 325 3562 1895 3638">
     <span class='ocr_line' id='line_1_69' title="bbox 325 3562 1895 3638; baseline 0 -18"><span class='ocrx_word' id='word_1_510' title='bbox 325 3568 386 3620; x_wconf 86' lang='grc' dir='ltr'><strong>τὸ</strong></span> <span class='ocrx_word' id='word_1_511' title='bbox 437 3567 492 3620; x_wconf 83' lang='grc' dir='ltr'>δὲ</span> <span class='ocrx_word' id='word_1_512' title='bbox 528 3566 706 3636; x_wconf 75' lang='grc' dir='ltr'>ψυχῆς</span> <span class='ocrx_word' id='word_1_513' title='bbox 758 3562 897 3619; x_wconf 83' lang='grc' dir='ltr'>εἶναι</span> <span class='ocrx_word' id='word_1_514' title='bbox 935 3566 1085 3635; x_wconf 80' lang='grc' dir='ltr'>φῶς,</span> <span class='ocrx_word' id='word_1_515' title='bbox 1146 3567 1323 3619; x_wconf 87' lang='grc' dir='ltr'>ούκέτι</span> <span class='ocrx_word' id='word_1_516' title='bbox 1373 3569 1504 3637; x_wconf 82' lang='grc' dir='ltr'>ἡμῖν</span> <span class='ocrx_word' id='word_1_517' title='bbox 1557 3567 1706 3621; x_wconf 83' lang='grc' dir='ltr'>ἔσται</span> <span class='ocrx_word' id='word_1_518' title='bbox 1761 3569 1895 3638; x_wconf 84' lang='grc' dir='ltr'>πρὸς</span> 
     </span>
    </p>
   </div>
   <div class='ocr_carea' id='block_1_70' title="bbox 327 3659 1894 3733">
    <p class='ocr_par' dir='ltr' id='par_1_70' title="bbox 327 3659 1894 3733">
     <span class='ocr_line' id='line_1_70' title="bbox 327 3659 1894 3733; baseline 0.001 -19"><span class='ocrx_word' id='word_1_519' title='bbox 327 3661 488 3714; x_wconf 74' lang='grc' dir='ltr'>αὐτὸν</span> <span class='ocrx_word' id='word_1_520' title='bbox 523 3661 679 3729; x_wconf 81' lang='grc' dir='ltr'>λόγος</span> <span class='ocrx_word' id='word_1_521' title='bbox 716 3659 921 3722; x_wconf 74' lang='grc' dir='ltr'>οὐδεὶς,</span> <span class='ocrx_word' id='word_1_522' title='bbox 971 3660 1139 3729; x_wconf 81' lang='grc' dir='ltr'>αὐτῆς</span> <span class='ocrx_word' id='word_1_523' title='bbox 1189 3660 1290 3730; x_wconf 85' lang='grc' dir='ltr'><strong>τῆς</strong></span> <span class='ocrx_word' id='word_1_524' title='bbox 1322 3661 1614 3728; x_wconf 86' lang='grc' dir='ltr'>ἀπολογίας</span> <span class='ocrx_word' id='word_1_525' title='bbox 1653 3663 1744 3715; x_wconf 77' lang='grc' dir='ltr'><strong>καὶ</strong></span> <span class='ocrx_word' id='word_1_526' title='bbox 1789 3663 1894 3733; x_wconf 83' lang='grc' dir='ltr'>πρὸ</span> 
     </span>
    </p>
   </div>
   <div class='ocr_carea' id='block_1_71' title="bbox 325 3748 1892 3821">
    <p class='ocr_par' dir='ltr' id='par_1_71' title="bbox 325 3748 1892 3821">
     <span class='ocr_line' id='line_1_71' title="bbox 325 3748 1892 3821; baseline 0.001 -19"><span class='ocrx_word' id='word_1_527' title='bbox 325 3750 432 3802; x_wconf 89' lang='grc' dir='ltr'><strong>τῶν</strong></span> <span class='ocrx_word' id='word_1_528' title='bbox 465 3749 746 3820; x_wconf 81' lang='grc' dir='ltr'>ἡμετέρων</span> <span class='ocrx_word' id='word_1_529' title='bbox 793 3749 956 3801; x_wconf 83' lang='grc' dir='ltr'>αὐτὸν</span> <span class='ocrx_word' id='word_1_530' title='bbox 1013 3748 1184 3817; x_wconf 85' lang='grc' dir='ltr'>λόγων</span> <span class='ocrx_word' id='word_1_531' title='bbox 1229 3751 1677 3821; x_wconf 88' lang='grc' dir='ltr'>κατακρινούσης.</span> <span class='ocrx_word' id='word_1_532' title='bbox 1719 3751 1782 3803; x_wconf 83' lang='lat' dir='ltr'><strong>El</strong></span> <span class='ocrx_word' id='word_1_533' title='bbox 1836 3751 1892 3804; x_wconf 80' lang='grc' dir='ltr'>δὲ</span> 
     </span>
    </p>
   </div>
   <div class='ocr_carea' id='block_1_72' title="bbox 324 3840 1891 3911">
    <p class='ocr_par' dir='ltr' id='par_1_72' title="bbox 324 3840 1891 3911">
     <span class='ocr_line' id='line_1_72' title="bbox 324 3840 1891 3911; baseline 0.003 -19"><span class='ocrx_word' id='word_1_534' title='bbox 324 3841 423 3911; x_wconf 83' lang='grc' dir='ltr'>τὴν</span> <span class='ocrx_word' id='word_1_535' title='bbox 451 3840 706 3910; x_wconf 84' lang='grc' dir='ltr'>τοιαύτην</span> <span class='ocrx_word' id='word_1_536' title='bbox 750 3841 835 3892; x_wconf 76' lang='grc' dir='ltr'><strong>ἐπ’</strong></span> <span class='ocrx_word' id='word_1_537' title='bbox 871 3841 1079 3892; x_wconf 77' lang='grc' dir='ltr'>ἐκείνου</span> <span class='ocrx_word' id='word_1_538' title='bbox 1117 3840 1210 3892; x_wconf 80' lang='grc' dir='ltr'>τοῦ</span> <span class='ocrx_word' id='word_1_539' title='bbox 1243 3841 1417 3910; x_wconf 81' lang='grc' dir='ltr'>φωτὸς</span> <span class='ocrx_word' id='word_1_540' title='bbox 1461 3841 1719 3911; x_wconf 80' lang='grc' dir='ltr'>διαφορὰν</span> <span class='ocrx_word' id='word_1_541' title='bbox 1751 3843 1891 3896; x_wconf 82' lang='grc' dir='ltr'>κατὰ</span> 
     </span>
    </p>
   </div>
   <div class='ocr_carea' id='block_1_73' title="bbox 324 3929 1891 4002">
    <p class='ocr_par' dir='ltr' id='par_1_73' title="bbox 324 3929 1891 4002">
     <span class='ocr_line' id='line_1_73' title="bbox 324 3929 1891 4002; baseline 0.002 -20"><span class='ocrx_word' id='word_1_542' title='bbox 324 3930 417 3982; x_wconf 79' lang='grc' dir='ltr'><strong>τὸν</strong></span> <span class='ocrx_word' id='word_1_543' title='bbox 446 3929 545 3998; x_wconf 87' lang='grc' dir='ltr'>τῆς</span> <span class='ocrx_word' id='word_1_544' title='bbox 591 3929 867 3999; x_wconf 77' lang='grc' dir='ltr'>ἐνεργείας</span> <span class='ocrx_word' id='word_1_545' title='bbox 915 3929 1113 4000; x_wconf 83' lang='grc' dir='ltr'>τρόπον</span> <span class='ocrx_word' id='word_1_546' title='bbox 1143 3930 1321 4000; x_wconf 80' lang='grc' dir='ltr'>εὑρεῖν</span> <span class='ocrx_word' id='word_1_547' title='bbox 1360 3931 1457 3983; x_wconf 79' lang='grc' dir='ltr'><strong>οὐκ</strong></span> <span class='ocrx_word' id='word_1_548' title='bbox 1493 3931 1604 4000; x_wconf 75' lang='grc' dir='ltr'>ἔχει</span> <span class='ocrx_word' id='word_1_549' title='bbox 1627 3949 1640 3961; x_wconf 89' lang='grc'><strong>·</strong></span> <span class='ocrx_word' id='word_1_550' title='bbox 1693 3933 1753 3984; x_wconf 88' lang='grc' dir='ltr'><strong>ού</strong></span> <span class='ocrx_word' id='word_1_551' title='bbox 1784 3933 1891 4002; x_wconf 83' lang='grc' dir='ltr'><strong>γὰρ</strong></span> 
     </span>
    </p>
   </div>
   <div class='ocr_carea' id='block_1_74' title="bbox 326 4020 1890 4093">
    <p class='ocr_par' dir='ltr' id='par_1_74' title="bbox 326 4020 1890 4093">
     <span class='ocr_line' id='line_1_74' title="bbox 326 4020 1890 4093; baseline 0.001 -19"><span class='ocrx_word' id='word_1_552' title='bbox 326 4020 386 4074; x_wconf 81' lang='grc' dir='ltr'><strong>τὸ</strong></span> <span class='ocrx_word' id='word_1_553' title='bbox 428 4021 524 4091; x_wconf 82' lang='grc' dir='ltr'><strong>μὲν</strong></span> <span class='ocrx_word' id='word_1_554' title='bbox 548 4020 844 4090; x_wconf 83' lang='grc' dir='ltr'>ὀφθαλμῶν</span> <span class='ocrx_word' id='word_1_555' title='bbox 867 4021 1064 4090; x_wconf 81' lang='grc' dir='ltr'>σαρκὸς</span> <span class='ocrx_word' id='word_1_556' title='bbox 1083 4062 1097 4085; x_wconf 86' lang='grc'><strong>,</strong></span> <span class='ocrx_word' id='word_1_557' title='bbox 1131 4021 1191 4072; x_wconf 80' lang='grc' dir='ltr'><strong>τὸ</strong></span> <span class='ocrx_word' id='word_1_558' title='bbox 1221 4021 1276 4072; x_wconf 84' lang='grc' dir='ltr'><strong>δὲ</strong></span> <span class='ocrx_word' id='word_1_559' title='bbox 1306 4021 1538 4085; x_wconf 85' lang='grc' dir='ltr'>διανοίας</span> <span class='ocrx_word' id='word_1_560' title='bbox 1571 4023 1687 4076; x_wconf 77' lang='grc' dir='ltr'>ἐστὶ</span> <span class='ocrx_word' id='word_1_561' title='bbox 1725 4041 1890 4093; x_wconf 76' lang='grc' dir='ltr'>φωτι-</span> 
     </span>
    </p>
   </div>
   <div class='ocr_carea' id='block_1_75' title="bbox 328 4111 1886 4185">
    <p class='ocr_par' dir='ltr' id='par_1_75' title="bbox 328 4111 1886 4185">
     <span class='ocr_line' id='line_1_75' title="bbox 328 4111 1886 4185; baseline 0.003 -22"><span class='ocrx_word' id='word_1_562' title='bbox 328 4111 539 4164; x_wconf 88' lang='grc' dir='ltr'>στικόν·</span> <span class='ocrx_word' id='word_1_563' title='bbox 586 4111 720 4168; x_wconf 85' lang='grc' dir='ltr'><strong>ἀλλά</strong></span> <span class='ocrx_word' id='word_1_564' title='bbox 761 4112 856 4180; x_wconf 87' lang='grc' dir='ltr'><strong>μία</strong></span> <span class='ocrx_word' id='word_1_565' title='bbox 893 4112 986 4163; x_wconf 74' lang='grc' dir='ltr'><strong>καὶ</strong></span> <span class='ocrx_word' id='word_1_566' title='bbox 1027 4111 1216 4164; x_wconf 89' lang='grc' dir='ltr'>τούτου</span> <span class='ocrx_word' id='word_1_567' title='bbox 1247 4112 1496 4167; x_wconf 85' lang='grc' dir='ltr'>κάκείνου</span> <span class='ocrx_word' id='word_1_568' title='bbox 1529 4113 1618 4168; x_wconf 81' lang='grc' dir='ltr'>τοῦ</span> <span class='ocrx_word' id='word_1_569' title='bbox 1650 4115 1824 4183; x_wconf 86' lang='grc' dir='ltr'>φωτὸς</span> <span class='ocrx_word' id='word_1_570' title='bbox 1853 4117 1886 4185; x_wconf 86' lang='grc' dir='ltr'>ἡ</span> 
     </span>
    </p>
   </div>
   <div class='ocr_carea' id='block_1_76' title="bbox 323 4200 1888 4272">
    <p class='ocr_par' dir='ltr' id='par_1_76' title="bbox 323 4200 1888 4272">
     <span class='ocr_line' id='line_1_76' title="bbox 323 4200 1888 4272; baseline 0.003 -20"><span class='ocrx_word' id='word_1_571' title='bbox 323 4201 572 4269; x_wconf 81' lang='grc' dir='ltr'>ἐνέργεια</span> <span class='ocrx_word' id='word_1_572' title='bbox 597 4202 690 4252; x_wconf 75' lang='grc' dir='ltr'><strong>ἐπὶ</strong></span> <span class='ocrx_word' id='word_1_573' title='bbox 728 4200 834 4253; x_wconf 92' lang='grc' dir='ltr'><strong>τῶν</strong></span> <span class='ocrx_word' id='word_1_574' title='bbox 865 4200 1042 4252; x_wconf 85' lang='grc' dir='ltr'>αὐτῶν</span> <span class='ocrx_word' id='word_1_575' title='bbox 1083 4201 1452 4272; x_wconf 77' lang='grc' dir='ltr'>ἐνεργουμένη</span> <span class='ocrx_word' id='word_1_576' title='bbox 1478 4221 1490 4233; x_wconf 92' lang='grc'><strong>·</strong></span> <span class='ocrx_word' id='word_1_577' title='bbox 1524 4202 1640 4266; x_wconf 88' lang='grc' dir='ltr'><strong>πῶς</strong></span> <span class='ocrx_word' id='word_1_578' title='bbox 1667 4203 1752 4258; x_wconf 81' lang='grc' dir='ltr'><strong>διὰ</strong></span> <span class='ocrx_word' id='word_1_579' title='bbox 1780 4205 1888 4258; x_wconf 89' lang='grc' dir='ltr'><strong>τῶν</strong></span> 
     </span>
    </p>
   </div>
   <div class='ocr_carea' id='block_1_77' title="bbox 321 4291 1887 4363">
    <p class='ocr_par' dir='ltr' id='par_1_77' title="bbox 321 4291 1887 4363">
     <span class='ocr_line' id='line_1_77' title="bbox 321 4291 1887 4363; baseline 0.003 -19"><span class='ocrx_word' id='word_1_580' title='bbox 321 4292 562 4363; x_wconf 78' lang='grc' dir='ltr'>ἡλιακῶν</span> <span class='ocrx_word' id='word_1_581' title='bbox 589 4292 822 4344; x_wconf 87' lang='grc' dir='ltr'>ἀκτίνων</span> <span class='ocrx_word' id='word_1_582' title='bbox 872 4293 966 4344; x_wconf 76' lang='grc' dir='ltr'><strong>καὶ</strong></span> <span class='ocrx_word' id='word_1_583' title='bbox 1023 4291 1129 4345; x_wconf 92' lang='grc' dir='ltr'><strong>τῶν</strong></span> <span class='ocrx_word' id='word_1_584' title='bbox 1168 4291 1536 4345; x_wconf 84' lang='grc' dir='ltr'>ἀποστολικῶν</span> <span class='ocrx_word' id='word_1_585' title='bbox 1581 4293 1755 4362; x_wconf 86' lang='grc' dir='ltr'>λόγων</span> <span class='ocrx_word' id='word_1_586' title='bbox 1779 4334 1794 4360; x_wconf 92' lang='grc'><strong>,</strong></span> <span class='ocrx_word' id='word_1_587' title='bbox 1827 4295 1887 4348; x_wconf 79' lang='grc' dir='ltr'>τὸ</span> 
     </span>
    </p>
   </div>
   <div class='ocr_carea' id='block_1_78' title="bbox 321 4384 1886 4456">
    <p class='ocr_par' dir='ltr' id='par_1_78' title="bbox 321 4384 1886 4456">
     <span class='ocr_line' id='line_1_78' title="bbox 321 4384 1886 4456; baseline 0.003 -21"><span class='ocrx_word' id='word_1_588' title='bbox 321 4384 698 4455; x_wconf 87' lang='grc' dir='ltr'>παρηλλάχθαι</span> <span class='ocrx_word' id='word_1_589' title='bbox 745 4384 805 4436; x_wconf 83' lang='grc' dir='ltr'><strong>τὸ</strong></span> <span class='ocrx_word' id='word_1_590' title='bbox 847 4384 1129 4454; x_wconf 87' lang='grc' dir='ltr'>μονογενὲς</span> <span class='ocrx_word' id='word_1_591' title='bbox 1177 4384 1291 4452; x_wconf 85' lang='grc' dir='ltr'><strong>φῶς</strong></span> <span class='ocrx_word' id='word_1_592' title='bbox 1338 4384 1472 4454; x_wconf 83' lang='grc' dir='ltr'>πρὸς</span> <span class='ocrx_word' id='word_1_593' title='bbox 1522 4385 1582 4438; x_wconf 82' lang='grc' dir='ltr'><strong>τὸ</strong></span> <span class='ocrx_word' id='word_1_594' title='bbox 1625 4387 1886 4456; x_wconf 86' lang='grc' dir='ltr'>πατρικὸν</span> 
     </span>
    </p>
   </div>
   <div class='ocr_carea' id='block_1_79' title="bbox 321 4471 1880 4543">
    <p class='ocr_par' dir='ltr' id='par_1_79' title="bbox 321 4471 1880 4543">
     <span class='ocr_line' id='line_1_79' title="bbox 321 4471 1880 4543; baseline 0.003 -19"><span class='ocrx_word' id='word_1_595' title='bbox 321 4472 437 4542; x_wconf 76' lang='grc' dir='ltr'><strong>φῶς</strong></span> <span class='ocrx_word' id='word_1_596' title='bbox 490 4472 909 4537; x_wconf 88' lang='grc' dir='ltr'>ἀποδείκνυσιν;</span> <span class='ocrx_word' id='word_1_597' title='bbox 973 4471 1110 4524; x_wconf 82' lang='grc' dir='ltr'>Ἀλλ’</span> <span class='ocrx_word' id='word_1_598' title='bbox 1159 4473 1188 4524; x_wconf 90' lang='lat'><strong>6</strong></span> <span class='ocrx_word' id='word_1_599' title='bbox 1241 4472 1341 4539; x_wconf 88' lang='grc' dir='ltr'><strong>μὲν</strong></span> <span class='ocrx_word' id='word_1_600' title='bbox 1393 4473 1556 4537; x_wconf 79' lang='grc' dir='ltr'>Υἱὸς,</span> <span class='ocrx_word' id='word_1_601' title='bbox 1609 4474 1880 4543; x_wconf 85' lang='grc' dir='ltr'>ἀληθινὸν,</span> 
     </span>
    </p>
   </div>
   <div class='ocr_carea' id='block_1_80' title="bbox 320 4563 1885 4636">
    <p class='ocr_par' dir='ltr' id='par_1_80' title="bbox 320 4563 1885 4636">
     <span class='ocr_line' id='line_1_80' title="bbox 320 4563 1885 4636; baseline 0.001 -19"><span class='ocrx_word' id='word_1_602' title='bbox 320 4567 473 4636; x_wconf 76' lang='grc' dir='ltr'>φησὶ,</span> <span class='ocrx_word' id='word_1_603' title='bbox 508 4565 724 4632; x_wconf 89' lang='grc' dir='ltr'>λέγεται</span> <span class='ocrx_word' id='word_1_604' title='bbox 756 4563 869 4632; x_wconf 87' lang='grc' dir='ltr'>φῶς</span> <span class='ocrx_word' id='word_1_605' title='bbox 889 4604 903 4627; x_wconf 94' lang='grc'><strong>,</strong></span> <span class='ocrx_word' id='word_1_606' title='bbox 933 4565 962 4616; x_wconf 88' lang='lat'><strong>6</strong></span> <span class='ocrx_word' id='word_1_607' title='bbox 995 4563 1052 4616; x_wconf 84' lang='grc' dir='ltr'>δὲ</span> <span class='ocrx_word' id='word_1_608' title='bbox 1079 4564 1296 4634; x_wconf 82' lang='grc' dir='ltr'>Πατὴρ,</span> <span class='ocrx_word' id='word_1_609' title='bbox 1337 4565 1645 4636; x_wconf 82' lang='grc' dir='ltr'>ἀπρόσιτον.</span> <span class='ocrx_word' id='word_1_610' title='bbox 1678 4566 1885 4619; x_wconf 86' lang='grc' dir='ltr'>Ούκοῦν</span> 
     </span>
    </p>
   </div>
   <div class='ocr_carea' id='block_1_81' title="bbox 319 4655 1886 4730">
    <p class='ocr_par' dir='ltr' id='par_1_81' title="bbox 319 4655 1886 4730">
     <span class='ocr_line' id='line_1_81' title="bbox 319 4655 1886 4730; baseline 0.002 -21"><span class='ocrx_word' id='word_1_611' title='bbox 319 4658 368 4709; x_wconf 81' lang='grc' dir='ltr'>οἱ</span> <span class='ocrx_word' id='word_1_612' title='bbox 418 4656 827 4728; x_wconf 78' lang='grc' dir='ltr'>προσδιορισμοὶ</span> <span class='ocrx_word' id='word_1_613' title='bbox 859 4657 956 4726; x_wconf 86' lang='grc' dir='ltr'>τὴν</span> <span class='ocrx_word' id='word_1_614' title='bbox 991 4655 1131 4708; x_wconf 86' lang='grc' dir='ltr'>κατὰ</span> <span class='ocrx_word' id='word_1_615' title='bbox 1158 4656 1219 4708; x_wconf 84' lang='grc' dir='ltr'>τὸ</span> <span class='ocrx_word' id='word_1_616' title='bbox 1273 4658 1453 4726; x_wconf 79' lang='grc' dir='ltr'>μεῖζον</span> <span class='ocrx_word' id='word_1_617' title='bbox 1485 4658 1752 4730; x_wconf 83' lang='grc' dir='ltr'>διαφορὰν</span> <span class='ocrx_word' id='word_1_618' title='bbox 1793 4659 1886 4712; x_wconf 76' lang='grc' dir='ltr'>τοῦ</span> 
     </span>
    </p>
   </div>
   <div class='ocr_carea' id='block_1_82' title="bbox 319 4747 1886 4820">
    <p class='ocr_par' dir='ltr' id='par_1_82' title="bbox 319 4747 1886 4820">
     <span class='ocr_line' id='line_1_82' title="bbox 319 4747 1886 4820; baseline 0.003 -21"><span class='ocrx_word' id='word_1_619' title='bbox 319 4747 585 4818; x_wconf 75' lang='grc' dir='ltr'>πατρικοῦ</span> <span class='ocrx_word' id='word_1_620' title='bbox 620 4748 795 4815; x_wconf 78' lang='grc' dir='ltr'>φωτὸς</span> <span class='ocrx_word' id='word_1_621' title='bbox 821 4747 1230 4818; x_wconf 78' lang='grc' dir='ltr'>ἑρμηνεύουσιν.</span> <span class='ocrx_word' id='word_1_622' title='bbox 1263 4747 1423 4800; x_wconf 81' lang='grc' dir='ltr'><strong>Ἀλλο</strong></span> <span class='ocrx_word' id='word_1_623' title='bbox 1450 4749 1557 4820; x_wconf 89' lang='grc' dir='ltr'><strong>γάρ</strong></span> <span class='ocrx_word' id='word_1_624' title='bbox 1582 4767 1634 4802; x_wconf 91' lang='grc' dir='ltr'><strong>τι</strong></span> <span class='ocrx_word' id='word_1_625' title='bbox 1663 4751 1725 4803; x_wconf 84' lang='grc' dir='ltr'><strong>τὸ</strong></span> <span class='ocrx_word' id='word_1_626' title='bbox 1754 4751 1886 4819; x_wconf 90' lang='grc' dir='ltr'>ἀλη-</span> 
     </span>
    </p>
   </div>
   <div class='ocr_carea' id='block_1_83' title="bbox 319 4836 1886 4910">
    <p class='ocr_par' dir='ltr' id='par_1_83' title="bbox 319 4836 1886 4910">
     <span class='ocr_line' id='line_1_83' title="bbox 319 4836 1886 4910; baseline 0.004 -19"><span class='ocrx_word' id='word_1_627' title='bbox 319 4839 484 4903; x_wconf 81' lang='grc' dir='ltr'>θινὸν,</span> <span class='ocrx_word' id='word_1_628' title='bbox 510 4841 604 4892; x_wconf 74' lang='grc' dir='ltr'><strong>καὶ</strong></span> <span class='ocrx_word' id='word_1_629' title='bbox 634 4839 760 4892; x_wconf 76' lang='grc' dir='ltr'>ἄλλο</span> <span class='ocrx_word' id='word_1_630' title='bbox 790 4839 850 4891; x_wconf 87' lang='grc' dir='ltr'><strong>τὸ</strong></span> <span class='ocrx_word' id='word_1_631' title='bbox 875 4839 1169 4910; x_wconf 83' lang='grc' dir='ltr'>ἀπρόσιτον</span> <span class='ocrx_word' id='word_1_632' title='bbox 1197 4839 1388 4896; x_wconf 77' lang='grc' dir='ltr'>οἴεται.</span> <span class='ocrx_word' id='word_1_633' title='bbox 1423 4836 1554 4894; x_wconf 81' lang='grc' dir='ltr'>Εῐτα</span> <span class='ocrx_word' id='word_1_634' title='bbox 1605 4843 1686 4906; x_wconf 81' lang='grc' dir='ltr'><strong>τίς</strong></span> <span class='ocrx_word' id='word_1_635' title='bbox 1716 4842 1886 4908; x_wconf 79' lang='grc' dir='ltr'>οὕτως</span> 
     </span>
    </p>
   </div>
   <div class='ocr_carea' id='block_1_84' title="bbox 316 4929 1886 5002">
    <p class='ocr_par' dir='ltr' id='par_1_84' title="bbox 316 4929 1886 5002">
     <span class='ocr_line' id='line_1_84' title="bbox 316 4929 1886 5002; baseline 0.005 -21"><span class='ocrx_word' id='word_1_636' title='bbox 316 4929 520 4998; x_wconf 69' lang='grc' dir='ltr'>ἠλίθιος</span> <span class='ocrx_word' id='word_1_637' title='bbox 539 4969 554 4992; x_wconf 94' lang='grc'><strong>,</strong></span> <span class='ocrx_word' id='word_1_638' title='bbox 588 4929 663 4992; x_wconf 85' lang='grc' dir='ltr'>ὡς</span> <span class='ocrx_word' id='word_1_639' title='bbox 706 4929 779 4999; x_wconf 81' lang='grc' dir='ltr'>μὴ</span> <span class='ocrx_word' id='word_1_640' title='bbox 806 4931 1032 4982; x_wconf 81' lang='grc' dir='ltr'>συνιδεῖν</span> <span class='ocrx_word' id='word_1_641' title='bbox 1061 4931 1158 5002; x_wconf 86' lang='grc' dir='ltr'>τὴν</span> <span class='ocrx_word' id='word_1_642' title='bbox 1187 4932 1293 4985; x_wconf 90' lang='grc' dir='ltr'><strong>τῶν</strong></span> <span class='ocrx_word' id='word_1_643' title='bbox 1319 4934 1729 5002; x_wconf 79' lang='grc' dir='ltr'>σημαινομένων</span> <span class='ocrx_word' id='word_1_644' title='bbox 1757 4937 1886 4989; x_wconf 87' lang='grc' dir='ltr'>ταύ-</span> 
     </span>
    </p>
   </div>
   <div class='ocr_carea' id='block_1_85' title="bbox 315 5018 1880 5090">
    <p class='ocr_par' dir='ltr' id='par_1_85' title="bbox 315 5018 1880 5090">
     <span class='ocr_line' id='line_1_85' title="bbox 315 5018 1880 5090; baseline 0.004 -18"><span class='ocrx_word' id='word_1_645' title='bbox 315 5018 546 5087; x_wconf 87' lang='grc' dir='ltr'>τότητα;</span> <span class='ocrx_word' id='word_1_646' title='bbox 577 5019 650 5071; x_wconf 87' lang='grc' dir='ltr'>Τὸ</span> <span class='ocrx_word' id='word_1_647' title='bbox 681 5020 789 5088; x_wconf 81' lang='grc' dir='ltr'><strong>γὰρ</strong></span> <span class='ocrx_word' id='word_1_648' title='bbox 816 5019 1068 5088; x_wconf 87' lang='grc' dir='ltr'>ἀληθινόν</span> <span class='ocrx_word' id='word_1_649' title='bbox 1089 5036 1146 5072; x_wconf 89' lang='grc' dir='ltr'><strong>τε</strong></span> <span class='ocrx_word' id='word_1_650' title='bbox 1175 5022 1266 5074; x_wconf 79' lang='grc' dir='ltr'><strong>καὶ</strong></span> <span class='ocrx_word' id='word_1_651' title='bbox 1302 5021 1362 5073; x_wconf 86' lang='grc' dir='ltr'><strong>τὸ</strong></span> <span class='ocrx_word' id='word_1_652' title='bbox 1397 5021 1691 5090; x_wconf 88' lang='grc' dir='ltr'>ἀπρόσιτον</span> <span class='ocrx_word' id='word_1_653' title='bbox 1717 5065 1732 5089; x_wconf 91' lang='grc'><strong>,</strong></span> <span class='ocrx_word' id='word_1_654' title='bbox 1759 5026 1880 5080; x_wconf 80' lang='grc' dir='ltr'>ἐπί-</span> 
     </span>
    </p>
   </div>
   <div class='ocr_carea' id='block_1_86' title="bbox 317 5110 1883 5188">
    <p class='ocr_par' dir='ltr' id='par_1_86' title="bbox 317 5110 1883 5188">
     <span class='ocr_line' id='line_1_86' title="bbox 317 5110 1883 5188; baseline 0.003 -26"><span class='ocrx_word' id='word_1_655' title='bbox 317 5127 416 5180; x_wconf 84' lang='grc' dir='ltr'><strong>σης</strong></span> <span class='ocrx_word' id='word_1_656' title='bbox 449 5113 561 5173; x_wconf 86' lang='grc' dir='ltr'>τοῖς</span> <span class='ocrx_word' id='word_1_657' title='bbox 594 5110 734 5164; x_wconf 88' lang='grc' dir='ltr'><strong>κατά</strong></span> <span class='ocrx_word' id='word_1_658' title='bbox 773 5110 832 5162; x_wconf 86' lang='grc' dir='ltr'>τὸ</span> <span class='ocrx_word' id='word_1_659' title='bbox 874 5111 1115 5164; x_wconf 76' lang='grc' dir='ltr'>ἐναντίον</span> <span class='ocrx_word' id='word_1_660' title='bbox 1157 5112 1466 5182; x_wconf 87' lang='grc' dir='ltr'>νοουμένοις</span> <span class='ocrx_word' id='word_1_661' title='bbox 1505 5115 1651 5168; x_wconf 75' lang='grc' dir='ltr'>ἐστὶν</span> <span class='ocrx_word' id='word_1_662' title='bbox 1678 5118 1883 5188; x_wconf 85' lang='grc' dir='ltr'>ἀπροσ-</span> 
     </span>
    </p>
   </div>
   <div class='ocr_carea' id='block_1_87' title="bbox 315 5198 1882 5271">
    <p class='ocr_par' dir='ltr' id='par_1_87' title="bbox 315 5198 1882 5271">
     <span class='ocr_line' id='line_1_87' title="bbox 315 5198 1882 5271; baseline 0.006 -22"><span class='ocrx_word' id='word_1_663' title='bbox 315 5199 618 5252; x_wconf 81' lang='grc' dir='ltr'>πέλαστον’</span> <span class='ocrx_word' id='word_1_664' title='bbox 649 5199 725 5262; x_wconf 84' lang='grc' dir='ltr'>ὼς</span> <span class='ocrx_word' id='word_1_665' title='bbox 757 5199 866 5270; x_wconf 84' lang='grc' dir='ltr'>γὰρ</span> <span class='ocrx_word' id='word_1_666' title='bbox 917 5198 977 5252; x_wconf 86' lang='grc' dir='ltr'>τὸ</span> <span class='ocrx_word' id='word_1_667' title='bbox 1030 5199 1225 5270; x_wconf 84' lang='grc' dir='ltr'>ἀληθὲς</span> <span class='ocrx_word' id='word_1_668' title='bbox 1272 5200 1371 5269; x_wconf 84' lang='grc' dir='ltr'><strong>τὴν</strong></span> <span class='ocrx_word' id='word_1_669' title='bbox 1428 5201 1520 5254; x_wconf 83' lang='grc' dir='ltr'>τοῦ</span> <span class='ocrx_word' id='word_1_670' title='bbox 1572 5202 1796 5271; x_wconf 75' lang='grc' dir='ltr'>ψεύδους</span> <span class='ocrx_word' id='word_1_671' title='bbox 1823 5207 1882 5259; x_wconf 84' lang='grc' dir='ltr'><strong>οὐ</strong></span> 
     </span>
    </p>
   </div>
   <div class='ocr_carea' id='block_1_88' title="bbox 315 5289 1882 5360">
    <p class='ocr_par' dir='ltr' id='par_1_88' title="bbox 315 5289 1882 5360">
     <span class='ocr_line' id='line_1_88' title="bbox 315 5289 1882 5360; baseline 0.005 -19"><span class='ocrx_word' id='word_1_672' title='bbox 315 5290 668 5360; x_wconf 84' lang='grc' dir='ltr'>προσδέχεται</span> <span class='ocrx_word' id='word_1_673' title='bbox 713 5290 856 5360; x_wconf 82' lang='grc' dir='ltr'>μίξιν</span> <span class='ocrx_word' id='word_1_674' title='bbox 879 5329 893 5351; x_wconf 88' lang='grc'><strong>,</strong></span> <span class='ocrx_word' id='word_1_675' title='bbox 925 5289 1097 5352; x_wconf 76' lang='grc' dir='ltr'>οὕτως</span> <span class='ocrx_word' id='word_1_676' title='bbox 1128 5289 1221 5342; x_wconf 80' lang='grc' dir='ltr'><strong>καὶ</strong></span> <span class='ocrx_word' id='word_1_677' title='bbox 1249 5290 1309 5342; x_wconf 80' lang='grc' dir='ltr'>τὺ</span> <span class='ocrx_word' id='word_1_678' title='bbox 1342 5291 1630 5360; x_wconf 85' lang='grc' dir='ltr'>ἀπρόσιτον</span> <span class='ocrx_word' id='word_1_679' title='bbox 1665 5294 1758 5347; x_wconf 82' lang='grc' dir='ltr'><strong>τὸν</strong></span> <span class='ocrx_word' id='word_1_680' title='bbox 1787 5295 1882 5348; x_wconf 73' lang='grc' dir='ltr'><strong>τοῢ</strong></span> 
     </span>
    </p>
   </div>
   <div class='ocr_carea' id='block_1_89' title="bbox 317 5380 1882 5458">
    <p class='ocr_par' dir='ltr' id='par_1_89' title="bbox 317 5380 1882 5458">
     <span class='ocr_line' id='line_1_89' title="bbox 317 5380 1882 5458; baseline 0.006 -27"><span class='ocrx_word' id='word_1_681' title='bbox 317 5380 556 5432; x_wconf 75' lang='grc' dir='ltr'>ἐναντίου</span> <span class='ocrx_word' id='word_1_682' title='bbox 620 5381 1025 5450; x_wconf 84' lang='grc' dir='ltr'>προσεγγισμὸν</span> <span class='ocrx_word' id='word_1_683' title='bbox 1088 5382 1148 5433; x_wconf 90' lang='grc' dir='ltr'><strong>οὐ</strong></span> <span class='ocrx_word' id='word_1_684' title='bbox 1200 5382 1502 5450; x_wconf 87' lang='grc' dir='ltr'>προσίεται.</span> <span class='ocrx_word' id='word_1_685' title='bbox 1553 5384 1723 5456; x_wconf 87' lang='grc' dir='ltr'><strong>Κακῷ</strong></span> <span class='ocrx_word' id='word_1_686' title='bbox 1773 5387 1882 5458; x_wconf 86' lang='grc' dir='ltr'>γὰρ</span> 
     </span>
    </p>
   </div>
   <div class='ocr_carea' id='block_1_90' title="bbox 317 5469 1879 5542">
    <p class='ocr_par' dir='ltr' id='par_1_90' title="bbox 317 5469 1879 5542">
     <span class='ocr_line' id='line_1_90' title="bbox 317 5469 1879 5542; baseline 0.007 -20"><span class='ocrx_word' id='word_1_687' title='bbox 317 5470 531 5533; x_wconf 75' lang='grc' dir='ltr'>πάντως</span> <span class='ocrx_word' id='word_1_688' title='bbox 558 5469 848 5542; x_wconf 85' lang='grc' dir='ltr'>ἀπρόσιτόν</span> <span class='ocrx_word' id='word_1_689' title='bbox 878 5473 992 5524; x_wconf 76' lang='grc' dir='ltr'>ἐστι</span> <span class='ocrx_word' id='word_1_690' title='bbox 1018 5471 1079 5524; x_wconf 80' lang='grc' dir='ltr'><strong>τὸ</strong></span> <span class='ocrx_word' id='word_1_691' title='bbox 1106 5473 1416 5542; x_wconf 84' lang='grc' dir='ltr'>ἀπρόσιτον.</span> <span class='ocrx_word' id='word_1_692' title='bbox 1443 5474 1517 5526; x_wconf 84' lang='grc' dir='ltr'>Τὸ</span> <span class='ocrx_word' id='word_1_693' title='bbox 1544 5474 1600 5528; x_wconf 84' lang='grc' dir='ltr'>δὲ</span> <span class='ocrx_word' id='word_1_694' title='bbox 1631 5476 1723 5530; x_wconf 86' lang='grc' dir='ltr'>τοῦ</span> <span class='ocrx_word' id='word_1_695' title='bbox 1748 5479 1879 5533; x_wconf 89' lang='grc' dir='ltr'>Υἱοῦ</span> 
     </span>
    </p>
   </div>
   <div class='ocr_carea' id='block_1_91' title="bbox 316 5555 1879 5640">
    <p class='ocr_par' dir='ltr' id='par_1_91' title="bbox 316 5555 1879 5640">
     <span class='ocr_line' id='line_1_91' title="bbox 316 5555 1879 5640; baseline 0.01 -29"><span class='ocrx_word' id='word_1_696' title='bbox 316 5555 468 5626; x_wconf 59' lang='grc' dir='ltr'>τῶς,</span> <span class='ocrx_word' id='word_1_697' title='bbox 503 5560 670 5615; x_wconf 86' lang='grc' dir='ltr'>κακὸν</span> <span class='ocrx_word' id='word_1_698' title='bbox 720 5562 820 5615; x_wconf 86' lang='grc' dir='ltr'>οὐκ</span> <span class='ocrx_word' id='word_1_699' title='bbox 872 5561 1022 5616; x_wconf 75' lang='grc' dir='ltr'>ἐστι’</span> <span class='ocrx_word' id='word_1_700' title='bbox 1061 5563 1176 5627; x_wconf 87' lang='grc' dir='ltr'><strong>πῶς</strong></span> <span class='ocrx_word' id='word_1_701' title='bbox 1229 5564 1338 5636; x_wconf 83' lang='grc' dir='ltr'>γὰρ</span> <span class='ocrx_word' id='word_1_702' title='bbox 1383 5568 1440 5618; x_wconf 82' lang='grc' dir='ltr'>ἐν</span> <span class='ocrx_word' id='word_1_703' title='bbox 1483 5569 1648 5640; x_wconf 83' lang='grc' dir='ltr'>κακίᾳ</span> <span class='ocrx_word' id='word_1_704' title='bbox 1694 5587 1777 5635; x_wconf 89' lang='grc' dir='ltr'><strong>τις</strong></span> <span class='ocrx_word' id='word_1_705' title='bbox 1817 5574 1879 5627; x_wconf 77' lang='grc' dir='ltr'>τὸ</span> 
     </span>
    </p>
   </div>
   <div class='ocr_carea' id='block_1_92' title="bbox 392 5740 1452 5808">
    <p class='ocr_par' dir='ltr' id='par_1_92' title="bbox 392 5740 1452 5808">
     <span class='ocr_line' id='line_1_92' title="bbox 392 5740 1452 5808; baseline 0.005 -15"><span class='ocrx_word' id='word_1_706' title='bbox 392 5741 435 5771; x_wconf 79' lang='grc'>⁸⁸</span> <span class='ocrx_word' id='word_1_707' title='bbox 474 5740 636 5795; x_wconf 62' lang='lat' dir='ltr'><strong>blatta</strong></span> <span class='ocrx_word' id='word_1_708' title='bbox 694 5759 743 5803; x_wconf 77' lang='grc' dir='ltr'>γ,</span> <span class='ocrx_word' id='word_1_709' title='bbox 783 5745 864 5798; x_wconf 72' lang='grc'><strong>14.</strong></span> <span class='ocrx_word' id='word_1_710' title='bbox 940 5745 979 5774; x_wconf 84' lang='grc'><strong>¹⁹</strong></span> <span class='ocrx_word' id='word_1_711' title='bbox 1019 5744 1035 5797; x_wconf 87' lang='grc' dir='ltr'><strong>Ι</strong></span> <span class='ocrx_word' id='word_1_712' title='bbox 1081 5742 1217 5797; x_wconf 83' lang='lat' dir='ltr'><strong>Tim.</strong></span> <span class='ocrx_word' id='word_1_713' title='bbox 1259 5759 1330 5808; x_wconf 76' lang='grc' dir='ltr'><strong>νι,</strong></span> <span class='ocrx_word' id='word_1_714' title='bbox 1370 5745 1452 5798; x_wconf 75' lang='lat' dir='ltr'><strong>Hi.</strong></span> 
     </span>
    </p>
   </div>
   <div class='ocr_carea' id='block_1_93' title="bbox 1917 4537 1960 4590">
    <p class='ocr_par' dir='ltr' id='par_1_93' title="bbox 1917 4537 1960 4590">
     <span class='ocr_line' id='line_1_93' title="bbox 1917 4537 1960 4590; baseline 0 0"><span class='ocrx_word' id='word_1_715' title='bbox 1917 4537 1960 4590; x_wconf 87' lang='lat' dir='ltr'><strong>D</strong></span> 
     </span>
    </p>
   </div>
   <div class='ocr_carea' id='block_1_94' title="bbox 1997 3304 3571 3378">
    <p class='ocr_par' dir='ltr' id='par_1_94' title="bbox 1997 3304 3571 3378">
     <span class='ocr_line' id='line_1_94' title="bbox 1997 3304 3571 3378; baseline -0.003 -17"><span class='ocrx_word' id='word_1_716' title='bbox 1997 3323 2120 3362; x_wconf 87' lang='lat' dir='ltr'><strong>nem</strong></span> <span class='ocrx_word' id='word_1_717' title='bbox 2148 3307 2410 3361; x_wconf 89' lang='lat' dir='ltr'><strong>immittit.</strong></span> <span class='ocrx_word' id='word_1_718' title='bbox 2434 3308 2490 3361; x_wconf 89' lang='lat' dir='ltr'><strong>Si</strong></span> <span class='ocrx_word' id='word_1_719' title='bbox 2518 3308 2682 3378; x_wconf 77' lang='lat' dir='ltr'><strong>igitur</strong></span> <span class='ocrx_word' id='word_1_720' title='bbox 2712 3308 2852 3362; x_wconf 86' lang='lat' dir='ltr'><strong>hanc</strong></span> <span class='ocrx_word' id='word_1_721' title='bbox 2880 3309 2934 3360; x_wconf 93' lang='lat' dir='ltr'><strong>in</strong></span> <span class='ocrx_word' id='word_1_722' title='bbox 2966 3307 3056 3360; x_wconf 92' lang='lat' dir='ltr'><strong>illa</strong></span> <span class='ocrx_word' id='word_1_723' title='bbox 3082 3307 3198 3360; x_wconf 92' lang='lat' dir='ltr'><strong>luce</strong></span> <span class='ocrx_word' id='word_1_724' title='bbox 3215 3304 3571 3360; x_wconf 78' lang='lat' dir='ltr'><strong>diﬂerentiam</strong></span> 
     </span>
    </p>
   </div>
   <div class='ocr_carea' id='block_1_95' title="bbox 1996 3395 3574 3468">
    <p class='ocr_par' dir='ltr' id='par_1_95' title="bbox 1996 3395 3574 3468">
     <span class='ocr_line' id='line_1_95' title="bbox 1996 3395 3574 3468; baseline -0.001 -16"><span class='ocrx_word' id='word_1_725' title='bbox 1996 3401 2168 3462; x_wconf 88' lang='lat' dir='ltr'><strong>novit,</strong></span> <span class='ocrx_word' id='word_1_726' title='bbox 2199 3409 2257 3452; x_wconf 91' lang='lat' dir='ltr'><strong>ut</strong></span> <span class='ocrx_word' id='word_1_727' title='bbox 2297 3400 2442 3452; x_wconf 91' lang='lat' dir='ltr'><strong>illam</strong></span> <span class='ocrx_word' id='word_1_728' title='bbox 2477 3400 2696 3468; x_wconf 88' lang='lat' dir='ltr'><strong>quidem</strong></span> <span class='ocrx_word' id='word_1_729' title='bbox 2743 3398 3010 3468; x_wconf 88' lang='lat' dir='ltr'><strong>corporis,</strong></span> <span class='ocrx_word' id='word_1_730' title='bbox 3043 3397 3183 3450; x_wconf 89' lang='lat' dir='ltr'><strong>hanc</strong></span> <span class='ocrx_word' id='word_1_731' title='bbox 3222 3411 3350 3450; x_wconf 89' lang='lat' dir='ltr'><strong>vero</strong></span> <span class='ocrx_word' id='word_1_732' title='bbox 3381 3395 3574 3450; x_wconf 66' lang='lat' dir='ltr'><strong>anima</strong></span> 
     </span>
    </p>
   </div>
   <div class='ocr_carea' id='block_1_96' title="bbox 1995 3488 3572 3556">
    <p class='ocr_par' dir='ltr' id='par_1_96' title="bbox 1995 3488 3572 3556">
     <span class='ocr_line' id='line_1_96' title="bbox 1995 3488 3572 3556; baseline -0.001 -14"><span class='ocrx_word' id='word_1_733' title='bbox 1995 3489 2168 3544; x_wconf 81' lang='lat' dir='ltr'><strong>lucem</strong></span> <span class='ocrx_word' id='word_1_734' title='bbox 2217 3506 2339 3545; x_wconf 92' lang='lat' dir='ltr'><strong>esse</strong></span> <span class='ocrx_word' id='word_1_735' title='bbox 2388 3491 2683 3554; x_wconf 80' lang='lat' dir='ltr'><strong>existimet,</strong></span> <span class='ocrx_word' id='word_1_736' title='bbox 2740 3491 2885 3543; x_wconf 91' lang='lat' dir='ltr'><strong>nulla</strong></span> <span class='ocrx_word' id='word_1_737' title='bbox 2923 3488 3080 3544; x_wconf 85' lang='lat' dir='ltr'><strong>nobis</strong></span> <span class='ocrx_word' id='word_1_738' title='bbox 3132 3503 3254 3543; x_wconf 93' lang='lat' dir='ltr'><strong>eum</strong></span> <span class='ocrx_word' id='word_1_739' title='bbox 3303 3488 3423 3556; x_wconf 91' lang='lat' dir='ltr'><strong>ipso</strong></span> <span class='ocrx_word' id='word_1_740' title='bbox 3466 3488 3572 3542; x_wconf 86' lang='lat' dir='ltr'><strong>erit</strong></span> 
     </span>
    </p>
   </div>
   <div class='ocr_carea' id='block_1_97' title="bbox 1995 3580 3572 3651">
    <p class='ocr_par' dir='ltr' id='par_1_97' title="bbox 1995 3580 3572 3651">
     <span class='ocr_line' id='line_1_97' title="bbox 1995 3580 3572 3651; baseline -0.001 -16"><span class='ocrx_word' id='word_1_741' title='bbox 1995 3582 2469 3651; x_wconf 81' lang='lat' dir='ltr'><strong>disputatiozcum</strong></span> <span class='ocrx_word' id='word_1_742' title='bbox 2506 3583 2622 3651; x_wconf 89' lang='lat' dir='ltr'><strong>ipsa</strong></span> <span class='ocrx_word' id='word_1_743' title='bbox 2675 3582 2921 3637; x_wconf 85' lang='lat' dir='ltr'><strong>defensio</strong></span> <span class='ocrx_word' id='word_1_744' title='bbox 2966 3597 3076 3651; x_wconf 70' lang='lat' dir='ltr'><strong>pra:</strong></span> <span class='ocrx_word' id='word_1_745' title='bbox 3125 3580 3328 3635; x_wconf 91' lang='lat' dir='ltr'><strong>nostris</strong></span> <span class='ocrx_word' id='word_1_746' title='bbox 3359 3593 3572 3635; x_wconf 88' lang='lat' dir='ltr'><strong>sermo-</strong></span> 
     </span>
    </p>
   </div>
   <div class='ocr_carea' id='block_1_98' title="bbox 1993 3670 3572 3741">
    <p class='ocr_par' dir='ltr' id='par_1_98' title="bbox 1993 3670 3572 3741">
     <span class='ocr_line' id='line_1_98' title="bbox 1993 3670 3572 3741; baseline -0.001 -17"><span class='ocrx_word' id='word_1_747' title='bbox 1993 3671 2156 3725; x_wconf 88' lang='lat' dir='ltr'><strong>nibus</strong></span> <span class='ocrx_word' id='word_1_748' title='bbox 2187 3671 2364 3741; x_wconf 90' lang='lat' dir='ltr'><strong>ipsum</strong></span> <span class='ocrx_word' id='word_1_749' title='bbox 2393 3671 2734 3726; x_wconf 83' lang='lat' dir='ltr'><strong>condemnet.</strong></span> <span class='ocrx_word' id='word_1_750' title='bbox 2766 3672 2920 3736; x_wconf 81' lang='lat' dir='ltr'><strong>Quod</strong></span> <span class='ocrx_word' id='word_1_751' title='bbox 2957 3673 3001 3726; x_wconf 91' lang='lat' dir='ltr'><strong>si</strong></span> <span class='ocrx_word' id='word_1_752' title='bbox 3037 3671 3197 3725; x_wconf 90' lang='lat' dir='ltr'><strong>talem</strong></span> <span class='ocrx_word' id='word_1_753' title='bbox 3227 3671 3279 3724; x_wconf 92' lang='lat' dir='ltr'><strong>in</strong></span> <span class='ocrx_word' id='word_1_754' title='bbox 3319 3670 3408 3723; x_wconf 91' lang='lat' dir='ltr'><strong>illa</strong></span> <span class='ocrx_word' id='word_1_755' title='bbox 3452 3671 3572 3724; x_wconf 91' lang='lat' dir='ltr'><strong>luce</strong></span> 
     </span>
    </p>
   </div>
   <div class='ocr_carea' id='block_1_99' title="bbox 1993 3760 3559 3831">
    <p class='ocr_par' dir='ltr' id='par_1_99' title="bbox 1993 3760 3559 3831">
     <span class='ocr_line' id='line_1_99' title="bbox 1993 3760 3559 3831; baseline -0.002 -16"><span class='ocrx_word' id='word_1_756' title='bbox 1993 3761 2353 3816; x_wconf 87' lang='lat' dir='ltr'><strong>differentiam</strong></span> <span class='ocrx_word' id='word_1_757' title='bbox 2387 3777 2452 3816; x_wconf 81' lang='lat' dir='ltr'><strong>ex</strong></span> <span class='ocrx_word' id='word_1_758' title='bbox 2489 3763 2821 3831; x_wconf 84' lang='lat' dir='ltr'><strong>Operationis</strong></span> <span class='ocrx_word' id='word_1_759' title='bbox 2855 3760 3014 3815; x_wconf 91' lang='lat' dir='ltr'><strong>modo</strong></span> <span class='ocrx_word' id='word_1_760' title='bbox 3058 3762 3306 3814; x_wconf 89' lang='lat' dir='ltr'><strong>invenire</strong></span> <span class='ocrx_word' id='word_1_761' title='bbox 3333 3774 3442 3813; x_wconf 91' lang='lat' dir='ltr'><strong>non</strong></span> <span class='ocrx_word' id='word_1_762' title='bbox 3475 3776 3559 3829; x_wconf 91' lang='lat' dir='ltr'><strong>po-</strong></span> 
     </span>
    </p>
   </div>
   <div class='ocr_carea' id='block_1_100' title="bbox 1993 3851 3570 3920">
    <p class='ocr_par' dir='ltr' id='par_1_100' title="bbox 1993 3851 3570 3920">
     <span class='ocr_line' id='line_1_100' title="bbox 1993 3851 3570 3920; baseline 0.001 -17"><span class='ocrx_word' id='word_1_763' title='bbox 1993 3860 2102 3906; x_wconf 90' lang='lat' dir='ltr'><strong>test</strong></span> <span class='ocrx_word' id='word_1_764' title='bbox 2133 3869 2146 3904; x_wconf 91' lang='lat'><strong>:</strong></span> <span class='ocrx_word' id='word_1_765' title='bbox 2183 3866 2291 3904; x_wconf 90' lang='lat' dir='ltr'><strong>non</strong></span> <span class='ocrx_word' id='word_1_766' title='bbox 2335 3851 2479 3904; x_wconf 92' lang='lat' dir='ltr'><strong>enim</strong></span> <span class='ocrx_word' id='word_1_767' title='bbox 2509 3851 2598 3904; x_wconf 87' lang='lat' dir='ltr'><strong>illa</strong></span> <span class='ocrx_word' id='word_1_768' title='bbox 2631 3851 2852 3920; x_wconf 89' lang='lat' dir='ltr'><strong>quidem</strong></span> <span class='ocrx_word' id='word_1_769' title='bbox 2895 3852 3180 3904; x_wconf 90' lang='lat' dir='ltr'><strong>oculorum</strong></span> <span class='ocrx_word' id='word_1_770' title='bbox 3211 3852 3416 3914; x_wconf 89' lang='lat' dir='ltr'><strong>carnis,</strong></span> <span class='ocrx_word' id='word_1_771' title='bbox 3456 3851 3570 3905; x_wconf 72' lang='lat' dir='ltr'><strong>haec</strong></span> 
     </span>
    </p>
   </div>
   <div class='ocr_carea' id='block_1_101' title="bbox 1991 3943 3569 4011">
    <p class='ocr_par' dir='ltr' id='par_1_101' title="bbox 1991 3943 3569 4011">
     <span class='ocr_line' id='line_1_101' title="bbox 1991 3943 3569 4011; baseline 0 -15"><span class='ocrx_word' id='word_1_772' title='bbox 1991 3958 2120 3997; x_wconf 90' lang='lat' dir='ltr'><strong>vero</strong></span> <span class='ocrx_word' id='word_1_773' title='bbox 2155 3944 2352 3997; x_wconf 87' lang='lat' dir='ltr'><strong>mentis</strong></span> <span class='ocrx_word' id='word_1_774' title='bbox 2397 3953 2480 3998; x_wconf 89' lang='lat' dir='ltr'><strong>est</strong></span> <span class='ocrx_word' id='word_1_775' title='bbox 2534 3943 2887 3996; x_wconf 84' lang='lat' dir='ltr'><strong>illuminatrix</strong></span> <span class='ocrx_word' id='word_1_776' title='bbox 2934 3962 2947 3996; x_wconf 95' lang='lat'><strong>:</strong></span> <span class='ocrx_word' id='word_1_777' title='bbox 3006 3943 3100 3997; x_wconf 90' lang='lat' dir='ltr'><strong>sed</strong></span> <span class='ocrx_word' id='word_1_778' title='bbox 3156 3958 3265 3997; x_wconf 86' lang='lat' dir='ltr'><strong>una</strong></span> <span class='ocrx_word' id='word_1_779' title='bbox 3310 3943 3478 4011; x_wconf 84' lang='lat' dir='ltr'><strong>hujus</strong></span> <span class='ocrx_word' id='word_1_780' title='bbox 3516 3953 3569 3997; x_wconf 91' lang='lat' dir='ltr'><strong>et</strong></span> 
     </span>
    </p>
   </div>
   <div class='ocr_carea' id='block_1_102' title="bbox 1992 4033 3566 4104">
    <p class='ocr_par' dir='ltr' id='par_1_102' title="bbox 1992 4033 3566 4104">
     <span class='ocr_line' id='line_1_102' title="bbox 1992 4033 3566 4104; baseline 0.001 -18"><span class='ocrx_word' id='word_1_781' title='bbox 1992 4034 2137 4087; x_wconf 90' lang='lat' dir='ltr'><strong>illius</strong></span> <span class='ocrx_word' id='word_1_782' title='bbox 2163 4033 2300 4088; x_wconf 90' lang='lat' dir='ltr'><strong>lucis</strong></span> <span class='ocrx_word' id='word_1_783' title='bbox 2347 4034 2586 4102; x_wconf 89' lang='lat' dir='ltr'><strong>operatio</strong></span> <span class='ocrx_word' id='word_1_784' title='bbox 2615 4049 2735 4102; x_wconf 58' lang='lat' dir='ltr'><strong>qua‘</strong></span> <span class='ocrx_word' id='word_1_785' title='bbox 2769 4035 2822 4087; x_wconf 92' lang='lat' dir='ltr'><strong>in</strong></span> <span class='ocrx_word' id='word_1_786' title='bbox 2875 4033 3066 4088; x_wconf 82' lang='lat' dir='ltr'><strong>iisdem</strong></span> <span class='ocrx_word' id='word_1_787' title='bbox 3099 4044 3356 4104; x_wconf 84' lang='lat' dir='ltr'><strong>operatur</strong></span> <span class='ocrx_word' id='word_1_788' title='bbox 3389 4053 3402 4088; x_wconf 85' lang='lat'><strong>:</strong></span> <span class='ocrx_word' id='word_1_789' title='bbox 3432 4050 3566 4104; x_wconf 87' lang='lat' dir='ltr'><strong>quo-</strong></span> 
     </span>
    </p>
   </div>
   <div class='ocr_carea' id='block_1_103' title="bbox 1993 4125 3568 4195">
    <p class='ocr_par' dir='ltr' id='par_1_103' title="bbox 1993 4125 3568 4195">
     <span class='ocr_line' id='line_1_103' title="bbox 1993 4125 3568 4195; baseline 0.003 -18"><span class='ocrx_word' id='word_1_790' title='bbox 1993 4125 2155 4180; x_wconf 91' lang='lat' dir='ltr'><strong>modo</strong></span> <span class='ocrx_word' id='word_1_791' title='bbox 2184 4141 2280 4195; x_wconf 88' lang='lat' dir='ltr'><strong>per</strong></span> <span class='ocrx_word' id='word_1_792' title='bbox 2329 4126 2536 4180; x_wconf 85' lang='lat' dir='ltr'><strong>solares</strong></span> <span class='ocrx_word' id='word_1_793' title='bbox 2589 4126 2771 4180; x_wconf 88' lang='lat' dir='ltr'><strong>radios</strong></span> <span class='ocrx_word' id='word_1_794' title='bbox 2805 4136 2858 4180; x_wconf 91' lang='lat' dir='ltr'><strong>et</strong></span> <span class='ocrx_word' id='word_1_795' title='bbox 2895 4127 3225 4195; x_wconf 88' lang='lat' dir='ltr'><strong>apostolicos</strong></span> <span class='ocrx_word' id='word_1_796' title='bbox 3286 4141 3568 4181; x_wconf 82' lang='lat' dir='ltr'><strong>sermones</strong></span> 
     </span>
    </p>
   </div>
   <div class='ocr_carea' id='block_1_104' title="bbox 1993 4214 3567 4286">
    <p class='ocr_par' dir='ltr' id='par_1_104' title="bbox 1993 4214 3567 4286">
     <span class='ocr_line' id='line_1_104' title="bbox 1993 4214 3567 4286; baseline 0.003 -19"><span class='ocrx_word' id='word_1_797' title='bbox 1993 4214 2262 4286; x_wconf 87' lang='lat' dir='ltr'><strong>lJnigeniti</strong></span> <span class='ocrx_word' id='word_1_798' title='bbox 2286 4216 2459 4270; x_wconf 91' lang='lat' dir='ltr'><strong>lucem</strong></span> <span class='ocrx_word' id='word_1_799' title='bbox 2491 4231 2521 4270; x_wconf 90' lang='lat' dir='ltr'><strong>a</strong></span> <span class='ocrx_word' id='word_1_800' title='bbox 2543 4216 2665 4271; x_wconf 91' lang='lat' dir='ltr'><strong>luce</strong></span> <span class='ocrx_word' id='word_1_801' title='bbox 2690 4227 2914 4286; x_wconf 91' lang='lat' dir='ltr'><strong>paterna</strong></span> <span class='ocrx_word' id='word_1_802' title='bbox 2953 4217 3158 4272; x_wconf 89' lang='lat' dir='ltr'><strong>distare</strong></span> <span class='ocrx_word' id='word_1_803' title='bbox 3191 4217 3567 4272; x_wconf 82' lang='lat' dir='ltr'><strong>demonstrat?</strong></span> 
     </span>
    </p>
   </div>
   <div class='ocr_carea' id='block_1_105' title="bbox 1991 4306 3566 4377">
    <p class='ocr_par' dir='ltr' id='par_1_105' title="bbox 1991 4306 3566 4377">
     <span class='ocr_line' id='line_1_105' title="bbox 1991 4306 3566 4377; baseline 0.004 -19"><span class='ocrx_word' id='word_1_804' title='bbox 1991 4306 2096 4361; x_wconf 91' lang='lat' dir='ltr'><strong>Sed</strong></span> <span class='ocrx_word' id='word_1_805' title='bbox 2129 4306 2298 4362; x_wconf 87' lang='lat' dir='ltr'><strong>Filius</strong></span> <span class='ocrx_word' id='word_1_806' title='bbox 2328 4310 2544 4377; x_wconf 88' lang='lat' dir='ltr'><strong>quidem</strong></span> <span class='ocrx_word' id='word_1_807' title='bbox 2578 4324 2704 4363; x_wconf 85' lang='lat' dir='ltr'><strong>vera</strong></span> <span class='ocrx_word' id='word_1_808' title='bbox 2735 4309 2826 4362; x_wconf 80' lang='lat' dir='ltr'><strong>lux</strong></span> <span class='ocrx_word' id='word_1_809' title='bbox 2863 4309 3084 4375; x_wconf 90' lang='lat' dir='ltr'><strong>dicitur,</strong></span> <span class='ocrx_word' id='word_1_810' title='bbox 3132 4308 3291 4365; x_wconf 89' lang='lat' dir='ltr'><strong>Pater</strong></span> <span class='ocrx_word' id='word_1_811' title='bbox 3315 4325 3446 4365; x_wconf 89' lang='lat' dir='ltr'><strong>vero</strong></span> <span class='ocrx_word' id='word_1_812' title='bbox 3476 4311 3566 4365; x_wconf 73' lang='lat' dir='ltr'><strong>lux</strong></span> 
     </span>
    </p>
   </div>
   <div class='ocr_carea' id='block_1_106' title="bbox 1988 4395 3566 4467">
    <p class='ocr_par' dir='ltr' id='par_1_106' title="bbox 1988 4395 3566 4467">
     <span class='ocr_line' id='line_1_106' title="bbox 1988 4395 3566 4467; baseline 0.003 -19"><span class='ocrx_word' id='word_1_813' title='bbox 1988 4395 2264 4449; x_wconf 90' lang='lat' dir='ltr'><strong>inaccessa</strong></span> <span class='ocrx_word' id='word_1_814' title='bbox 2313 4414 2326 4448; x_wconf 91' lang='lat'><strong>:</strong></span> <span class='ocrx_word' id='word_1_815' title='bbox 2381 4396 2726 4451; x_wconf 88' lang='lat' dir='ltr'><strong>definitiones</strong></span> <span class='ocrx_word' id='word_1_816' title='bbox 2787 4399 2955 4465; x_wconf 82' lang='lat' dir='ltr'><strong>igitur</strong></span> <span class='ocrx_word' id='word_1_817' title='bbox 3002 4398 3231 4467; x_wconf 87' lang='lat' dir='ltr'><strong>adjectae</strong></span> <span class='ocrx_word' id='word_1_818' title='bbox 3269 4401 3566 4455; x_wconf 89' lang='lat' dir='ltr'><strong>secundum</strong></span> 
     </span>
    </p>
   </div>
   <div class='ocr_carea' id='block_1_107' title="bbox 1991 4487 3566 4559">
    <p class='ocr_par' dir='ltr' id='par_1_107' title="bbox 1991 4487 3566 4559">
     <span class='ocr_line' id='line_1_107' title="bbox 1991 4487 3566 4559; baseline 0.003 -18"><span class='ocrx_word' id='word_1_819' title='bbox 1991 4489 2187 4558; x_wconf 88' lang='lat' dir='ltr'><strong>majus,</strong></span> <span class='ocrx_word' id='word_1_820' title='bbox 2223 4487 2581 4543; x_wconf 76' lang='lat' dir='ltr'><strong>diﬂ&#39;erentiam</strong></span> <span class='ocrx_word' id='word_1_821' title='bbox 2613 4500 2854 4559; x_wconf 77' lang='lat' dir='ltr'><strong>paterna:</strong></span> <span class='ocrx_word' id='word_1_822' title='bbox 2888 4491 3029 4545; x_wconf 92' lang='lat' dir='ltr'><strong>lucis</strong></span> <span class='ocrx_word' id='word_1_823' title='bbox 3078 4490 3342 4545; x_wconf 89' lang='lat' dir='ltr'><strong>denotant</strong></span> <span class='ocrx_word' id='word_1_824' title='bbox 3375 4510 3388 4546; x_wconf 92' lang='lat'>:</span> <span class='ocrx_word' id='word_1_825' title='bbox 3419 4492 3566 4546; x_wconf 91' lang='lat' dir='ltr'><strong>aliud</strong></span> 
     </span>
    </p>
   </div>
   <div class='ocr_carea' id='block_1_108' title="bbox 1998 4577 3570 4649">
    <p class='ocr_par' dir='ltr' id='par_1_108' title="bbox 1998 4577 3570 4649">
     <span class='ocr_line' id='line_1_108' title="bbox 1998 4577 3570 4649; baseline 0.001 -18"><span class='ocrx_word' id='word_1_826' title='bbox 1998 4579 2144 4632; x_wconf 90' lang='lat' dir='ltr'><strong>enim</strong></span> <span class='ocrx_word' id='word_1_827' title='bbox 2179 4577 2310 4649; x_wconf 90' lang='lat' dir='ltr'><strong>quid</strong></span> <span class='ocrx_word' id='word_1_828' title='bbox 2341 4594 2461 4634; x_wconf 91' lang='lat' dir='ltr'><strong>esse</strong></span> <span class='ocrx_word' id='word_1_829' title='bbox 2488 4587 2642 4649; x_wconf 89' lang='lat' dir='ltr'><strong>putat</strong></span> <span class='ocrx_word' id='word_1_830' title='bbox 2665 4595 2878 4643; x_wconf 89' lang='lat' dir='ltr'><strong>verum,</strong></span> <span class='ocrx_word' id='word_1_831' title='bbox 2916 4579 3062 4634; x_wconf 88' lang='lat' dir='ltr'><strong>aliud</strong></span> <span class='ocrx_word' id='word_1_832' title='bbox 3093 4581 3457 4636; x_wconf 87' lang='lat' dir='ltr'><strong>inaccessum.</strong></span> <span class='ocrx_word' id='word_1_833' title='bbox 3499 4581 3570 4634; x_wconf 79' lang='lat' dir='ltr'><strong>At</strong></span> 
     </span>
    </p>
   </div>
   <div class='ocr_carea' id='block_1_109' title="bbox 1989 4672 3568 4742">
    <p class='ocr_par' dir='ltr' id='par_1_109' title="bbox 1989 4672 3568 4742">
     <span class='ocr_line' id='line_1_109' title="bbox 1989 4672 3568 4742; baseline 0.003 -18"><span class='ocrx_word' id='word_1_834' title='bbox 1989 4673 2115 4742; x_wconf 80' lang='lat' dir='ltr'><strong>quis</strong></span> <span class='ocrx_word' id='word_1_835' title='bbox 2143 4673 2220 4726; x_wconf 91' lang='lat' dir='ltr'><strong>ita</strong></span> <span class='ocrx_word' id='word_1_836' title='bbox 2268 4673 2501 4727; x_wconf 91' lang='lat' dir='ltr'><strong>stolidus</strong></span> <span class='ocrx_word' id='word_1_837' title='bbox 2554 4680 2638 4727; x_wconf 90' lang='lat' dir='ltr'><strong>est</strong></span> <span class='ocrx_word' id='word_1_838' title='bbox 2674 4680 2729 4727; x_wconf 92' lang='lat' dir='ltr'><strong>et</strong></span> <span class='ocrx_word' id='word_1_839' title='bbox 2761 4688 2974 4735; x_wconf 89' lang='lat' dir='ltr'><strong>vecors,</strong></span> <span class='ocrx_word' id='word_1_840' title='bbox 3027 4680 3088 4725; x_wconf 93' lang='lat' dir='ltr'><strong>ut</strong></span> <span class='ocrx_word' id='word_1_841' title='bbox 3138 4687 3246 4726; x_wconf 91' lang='lat' dir='ltr'><strong>non</strong></span> <span class='ocrx_word' id='word_1_842' title='bbox 3301 4672 3568 4741; x_wconf 84' lang='lat' dir='ltr'><strong>intelligat</strong></span> 
     </span>
    </p>
   </div>
   <div class='ocr_carea' id='block_1_110' title="bbox 1989 4762 3568 4832">
    <p class='ocr_par' dir='ltr' id='par_1_110' title="bbox 1989 4762 3568 4832">
     <span class='ocr_line' id='line_1_110' title="bbox 1989 4762 3568 4832; baseline 0.001 -16"><span class='ocrx_word' id='word_1_843' title='bbox 1989 4763 2416 4832; x_wconf 82' lang='lat' dir='ltr'><strong>signiticatorum</strong></span> <span class='ocrx_word' id='word_1_844' title='bbox 2447 4765 2691 4817; x_wconf 89' lang='lat' dir='ltr'><strong>eamdem</strong></span> <span class='ocrx_word' id='word_1_845' title='bbox 2725 4763 2993 4816; x_wconf 89' lang='lat' dir='ltr'><strong>rationem</strong></span> <span class='ocrx_word' id='word_1_846' title='bbox 3022 4763 3044 4816; x_wconf 87' lang='lat'><strong>?</strong></span> <span class='ocrx_word' id='word_1_847' title='bbox 3075 4762 3206 4816; x_wconf 85' lang='lat' dir='ltr'><strong>Nam</strong></span> <span class='ocrx_word' id='word_1_848' title='bbox 3237 4764 3329 4818; x_wconf 81' lang='lat' dir='ltr'><strong>lux</strong></span> <span class='ocrx_word' id='word_1_849' title='bbox 3360 4779 3486 4818; x_wconf 88' lang='lat' dir='ltr'><strong>vera</strong></span> <span class='ocrx_word' id='word_1_850' title='bbox 3513 4775 3568 4818; x_wconf 93' lang='lat' dir='ltr'><strong>et</strong></span> 
     </span>
    </p>
   </div>
   <div class='ocr_carea' id='block_1_111' title="bbox 1988 4854 3561 4924">
    <p class='ocr_par' dir='ltr' id='par_1_111' title="bbox 1988 4854 3561 4924">
     <span class='ocr_line' id='line_1_111' title="bbox 1988 4854 3561 4924; baseline -0.001 -16"><span class='ocrx_word' id='word_1_851' title='bbox 1988 4854 2080 4908; x_wconf 78' lang='lat' dir='ltr'><strong>lux</strong></span> <span class='ocrx_word' id='word_1_852' title='bbox 2112 4855 2392 4910; x_wconf 87' lang='lat' dir='ltr'><strong>inaccessa</strong></span> <span class='ocrx_word' id='word_1_853' title='bbox 2430 4855 2706 4910; x_wconf 87' lang='lat' dir='ltr'><strong>contraria</strong></span> <span class='ocrx_word' id='word_1_854' title='bbox 2752 4855 3114 4909; x_wconf 89' lang='lat' dir='ltr'><strong>sentientibus</strong></span> <span class='ocrx_word' id='word_1_855' title='bbox 3167 4855 3448 4924; x_wconf 68' lang='lat' dir='ltr'><strong>aequaliter</strong></span> <span class='ocrx_word' id='word_1_856' title='bbox 3482 4863 3561 4909; x_wconf 92' lang='lat' dir='ltr'><strong>est</strong></span> 
     </span>
    </p>
   </div>
   <div class='ocr_carea' id='block_1_112' title="bbox 1987 4943 3559 5000">
    <p class='ocr_par' dir='ltr' id='par_1_112' title="bbox 1987 4943 3559 5000">
     <span class='ocr_line' id='line_1_112' title="bbox 1987 4943 3559 5000; baseline -0.003 0"><span class='ocrx_word' id='word_1_857' title='bbox 1987 4945 2313 5000; x_wconf 89' lang='lat' dir='ltr'><strong>inaccessa:</strong></span> <span class='ocrx_word' id='word_1_858' title='bbox 2357 4952 2416 4998; x_wconf 93' lang='lat' dir='ltr'><strong>ut</strong></span> <span class='ocrx_word' id='word_1_859' title='bbox 2460 4946 2605 5000; x_wconf 91' lang='lat' dir='ltr'><strong>enim</strong></span> <span class='ocrx_word' id='word_1_860' title='bbox 2639 4960 2828 4999; x_wconf 89' lang='lat' dir='ltr'><strong>verum</strong></span> <span class='ocrx_word' id='word_1_861' title='bbox 2866 4944 2988 4999; x_wconf 86' lang='lat' dir='ltr'><strong>falsi</strong></span> <span class='ocrx_word' id='word_1_862' title='bbox 3015 4959 3124 4998; x_wconf 91' lang='lat' dir='ltr'><strong>non</strong></span> <span class='ocrx_word' id='word_1_863' title='bbox 3160 4943 3402 4997; x_wconf 91' lang='lat' dir='ltr'><strong>admittit</strong></span> <span class='ocrx_word' id='word_1_864' title='bbox 3465 4945 3559 4997; x_wconf 90' lang='lat' dir='ltr'><strong>mi-</strong></span> 
     </span>
    </p>
   </div>
   <div class='ocr_carea' id='block_1_113' title="bbox 1982 5033 3564 5103">
    <p class='ocr_par' dir='ltr' id='par_1_113' title="bbox 1982 5033 3564 5103">
     <span class='ocr_line' id='line_1_113' title="bbox 1982 5033 3564 5103; baseline -0.003 -13"><span class='ocrx_word' id='word_1_865' title='bbox 1982 5036 2238 5100; x_wconf 88' lang='lat' dir='ltr'><strong>stionem,</strong></span> <span class='ocrx_word' id='word_1_866' title='bbox 2282 5037 2362 5090; x_wconf 90' lang='lat' dir='ltr'><strong>sic</strong></span> <span class='ocrx_word' id='word_1_867' title='bbox 2386 5043 2441 5089; x_wconf 90' lang='lat' dir='ltr'><strong>et</strong></span> <span class='ocrx_word' id='word_1_868' title='bbox 2483 5035 2825 5091; x_wconf 90' lang='lat' dir='ltr'><strong>inaccessum</strong></span> <span class='ocrx_word' id='word_1_869' title='bbox 2857 5035 3119 5089; x_wconf 90' lang='lat' dir='ltr'><strong>contrarii</strong></span> <span class='ocrx_word' id='word_1_870' title='bbox 3159 5033 3564 5103; x_wconf 81' lang='lat' dir='ltr'><strong>proximitatem</strong></span> 
     </span>
    </p>
   </div>
   <div class='ocr_carea' id='block_1_114' title="bbox 1981 5124 3562 5196">
    <p class='ocr_par' dir='ltr' id='par_1_114' title="bbox 1981 5124 3562 5196">
     <span class='ocr_line' id='line_1_114' title="bbox 1981 5124 3562 5196; baseline -0.005 -13"><span class='ocrx_word' id='word_1_871' title='bbox 1981 5143 2092 5182; x_wconf 90' lang='lat' dir='ltr'><strong>non</strong></span> <span class='ocrx_word' id='word_1_872' title='bbox 2129 5128 2358 5196; x_wconf 87' lang='lat' dir='ltr'><strong>appetit.</strong></span> <span class='ocrx_word' id='word_1_873' title='bbox 2392 5126 2533 5181; x_wconf 86' lang='lat' dir='ltr'><strong>Malo</strong></span> <span class='ocrx_word' id='word_1_874' title='bbox 2562 5128 2705 5182; x_wconf 92' lang='lat' dir='ltr'><strong>enim</strong></span> <span class='ocrx_word' id='word_1_875' title='bbox 2737 5142 2965 5196; x_wconf 90' lang='lat' dir='ltr'><strong>prorsus</strong></span> <span class='ocrx_word' id='word_1_876' title='bbox 3017 5127 3381 5184; x_wconf 89' lang='lat' dir='ltr'><strong>inaccessum,</strong></span> <span class='ocrx_word' id='word_1_877' title='bbox 3413 5124 3562 5193; x_wconf 85' lang='lat' dir='ltr'><strong>quod</strong></span> 
     </span>
    </p>
   </div>
   <div class='ocr_carea' id='block_1_115' title="bbox 1981 5217 3564 5278">
    <p class='ocr_par' dir='ltr' id='par_1_115' title="bbox 1981 5217 3564 5278">
     <span class='ocr_line' id='line_1_115' title="bbox 1981 5217 3564 5278; baseline -0.004 -6"><span class='ocrx_word' id='word_1_878' title='bbox 1981 5226 2064 5272; x_wconf 89' lang='lat' dir='ltr'><strong>est</strong></span> <span class='ocrx_word' id='word_1_879' title='bbox 2091 5218 2458 5273; x_wconf 88' lang='lat' dir='ltr'><strong>inaccessum.</strong></span> <span class='ocrx_word' id='word_1_880' title='bbox 2480 5217 2595 5271; x_wconf 77' lang='lat' dir='ltr'><strong>Lux</strong></span> <span class='ocrx_word' id='word_1_881' title='bbox 2619 5226 2799 5272; x_wconf 91' lang='lat' dir='ltr'><strong>autem</strong></span> <span class='ocrx_word' id='word_1_882' title='bbox 2820 5217 2941 5271; x_wconf 88' lang='lat' dir='ltr'><strong>Filii</strong></span> <span class='ocrx_word' id='word_1_883' title='bbox 2968 5218 3106 5270; x_wconf 89' lang='lat' dir='ltr'><strong>mala</strong></span> <span class='ocrx_word' id='word_1_884' title='bbox 3129 5231 3237 5269; x_wconf 91' lang='lat' dir='ltr'><strong>non</strong></span> <span class='ocrx_word' id='word_1_885' title='bbox 3275 5223 3395 5278; x_wconf 77' lang='lat' dir='ltr'><strong>eSt;</strong></span> <span class='ocrx_word' id='word_1_886' title='bbox 3429 5229 3564 5278; x_wconf 75' lang='lat' dir='ltr'><strong>(nio-</strong></span> 
     </span>
    </p>
   </div>
   <div class='ocr_carea' id='block_1_116' title="bbox 1983 5304 3565 5378">
    <p class='ocr_par' dir='ltr' id='par_1_116' title="bbox 1983 5304 3565 5378">
     <span class='ocr_line' id='line_1_116' title="bbox 1983 5304 3565 5378; baseline -0.003 -18"><span class='ocrx_word' id='word_1_887' title='bbox 1983 5308 2144 5361; x_wconf 87' lang='lat' dir='ltr'><strong>modo</strong></span> <span class='ocrx_word' id='word_1_888' title='bbox 2175 5309 2319 5361; x_wconf 90' lang='lat' dir='ltr'><strong>enim</strong></span> <span class='ocrx_word' id='word_1_889' title='bbox 2371 5309 2426 5361; x_wconf 89' lang='lat' dir='ltr'><strong>in</strong></span> <span class='ocrx_word' id='word_1_890' title='bbox 2475 5308 2609 5363; x_wconf 90' lang='lat' dir='ltr'><strong>vitio</strong></span> <span class='ocrx_word' id='word_1_891' title='bbox 2642 5307 2768 5378; x_wconf 88' lang='lat' dir='ltr'><strong>quis</strong></span> <span class='ocrx_word' id='word_1_892' title='bbox 2811 5323 3000 5362; x_wconf 86' lang='lat' dir='ltr'><strong>verum</strong></span> <span class='ocrx_word' id='word_1_893' title='bbox 3043 5305 3262 5361; x_wconf 83' lang='lat' dir='ltr'><strong>videat?</strong></span> <span class='ocrx_word' id='word_1_894' title='bbox 3305 5304 3565 5374; x_wconf 85' lang='lat' dir='ltr'><strong>quoniam</strong></span> 
     </span>
    </p>
   </div>
   <div class='ocr_carea' id='block_1_117' title="bbox 1987 5395 3565 5469">
    <p class='ocr_par' dir='ltr' id='par_1_117' title="bbox 1987 5395 3565 5469">
     <span class='ocr_line' id='line_1_117' title="bbox 1987 5395 3565 5469; baseline -0.006 -13"><span class='ocrx_word' id='word_1_895' title='bbox 1987 5397 2152 5469; x_wconf 81' lang='lat' dir='ltr'><strong>igitur</strong></span> <span class='ocrx_word' id='word_1_896' title='bbox 2179 5416 2288 5454; x_wconf 92' lang='lat' dir='ltr'><strong>non</strong></span> <span class='ocrx_word' id='word_1_897' title='bbox 2335 5402 2537 5455; x_wconf 89' lang='lat' dir='ltr'><strong>malum</strong></span> <span class='ocrx_word' id='word_1_898' title='bbox 2583 5407 2668 5454; x_wconf 91' lang='lat' dir='ltr'><strong>est</strong></span> <span class='ocrx_word' id='word_1_899' title='bbox 2699 5399 2922 5464; x_wconf 86' lang='lat' dir='ltr'><strong>veritas,</strong></span> <span class='ocrx_word' id='word_1_900' title='bbox 2975 5411 3077 5452; x_wconf 88' lang='lat' dir='ltr'><strong>nec</strong></span> <span class='ocrx_word' id='word_1_901' title='bbox 3127 5395 3343 5451; x_wconf 84' lang='lat' dir='ltr'><strong>veritati</strong></span> <span class='ocrx_word' id='word_1_902' title='bbox 3388 5395 3565 5448; x_wconf 85' lang='lat' dir='ltr'><strong>lucem</strong></span> 
     </span>
    </p>
   </div>
   <div class='ocr_carea' id='block_1_118' title="bbox 1985 5481 3563 5558">
    <p class='ocr_par' dir='ltr' id='par_1_118' title="bbox 1985 5481 3563 5558">
     <span class='ocr_line' id='line_1_118' title="bbox 1985 5481 3563 5558; baseline -0.004 -16"><span class='ocrx_word' id='word_1_903' title='bbox 1985 5505 2108 5558; x_wconf 70' lang='lat' dir='ltr'><strong>quae</strong></span> <span class='ocrx_word' id='word_1_904' title='bbox 2138 5489 2193 5544; x_wconf 85' lang='lat' dir='ltr'><strong>in</strong></span> <span class='ocrx_word' id='word_1_905' title='bbox 2223 5481 2388 5547; x_wconf 74' lang='lat' dir='ltr'><strong>Patre</strong></span> <span class='ocrx_word' id='word_1_906' title='bbox 2425 5501 2541 5555; x_wconf 91' lang='lat' dir='ltr'><strong>est,</strong></span> <span class='ocrx_word' id='word_1_907' title='bbox 2567 5492 2904 5545; x_wconf 86' lang='lat' dir='ltr'><strong>inaccessam</strong></span> <span class='ocrx_word' id='word_1_908' title='bbox 2942 5503 3066 5544; x_wconf 91' lang='lat' dir='ltr'><strong>esse</strong></span> <span class='ocrx_word' id='word_1_909' title='bbox 3105 5486 3232 5557; x_wconf 91' lang='lat' dir='ltr'><strong>quis</strong></span> <span class='ocrx_word' id='word_1_910' title='bbox 3253 5484 3473 5540; x_wconf 79' lang='lat' dir='ltr'><strong>dixerit.</strong></span> <span class='ocrx_word' id='word_1_911' title='bbox 3505 5481 3563 5536; x_wconf 90' lang='lat' dir='ltr'><strong>Si</strong></span> 
     </span>
    </p>
   </div>
   <div class='ocr_carea' id='block_1_119' title="bbox 1984 5574 3567 5645">
    <p class='ocr_par' dir='ltr' id='par_1_119' title="bbox 1984 5574 3567 5645">
     <span class='ocr_line' id='line_1_119' title="bbox 1984 5574 3567 5645; baseline -0.003 -12"><span class='ocrx_word' id='word_1_912' title='bbox 1984 5579 2129 5634; x_wconf 91' lang='lat' dir='ltr'><strong>enim</strong></span> <span class='ocrx_word' id='word_1_913' title='bbox 2186 5580 2466 5638; x_wconf 88' lang='lat' dir='ltr'><strong>veritatem</strong></span> <span class='ocrx_word' id='word_1_914' title='bbox 2501 5589 2733 5645; x_wconf 88' lang='lat' dir='ltr'><strong>arceret,</strong></span> <span class='ocrx_word' id='word_1_915' title='bbox 2779 5579 3067 5636; x_wconf 81' lang='lat' dir='ltr'><strong>mendacio</strong></span> <span class='ocrx_word' id='word_1_916' title='bbox 3109 5587 3259 5633; x_wconf 89' lang='lat' dir='ltr'><strong>certe</strong></span> <span class='ocrx_word' id='word_1_917' title='bbox 3322 5574 3567 5629; x_wconf 77' lang='lat' dir='ltr'><strong>adhaere-</strong></span> 
     </span>
    </p>
   </div>
  </div>
