4142 6374
581 368 688 424 895

1818 367 1876 420 S.
1939 364 2265 423 GREGORII
2322 364 2616 423 NYSSENI

3743 367 3853 424 898

580 493 778 542 sceret.
803 483 954 539 Talis
981 483 1126 540 enim
1158 483 1535 553 appositurum
1566 490 1782 546 natura,
1807 492 1865 536 ut
1897 483 1950 536 in
1971 483 2165 536 absen-

2275 483 2518 555 ἀληθινὸν
2545 483 2726 552 βλέποι
2751 500 2763 548 ;
2809 483 2960 534 Ἐπεὶ
2987 476 3078 535 οὖν
3107 482 3166 534 ού
3202 483 3370 536 κακὸν
3404 484 3437 554 ἡ
3464 483 3708 554 ἀλήθεια,
3742 487 3849 540 οὐκ

581 580 655 632 tia
693 578 954 642 melioris,
985 576 1130 648 quod
1179 591 1246 630 ex
1287 576 1541 645 opposito
1599 575 1942 644 intelligitur,
1983 589 2166 645 appa—

581 678 715 724 reat.
753 667 810 722 Si
847 669 1012 739 igitur
1042 667 1167 736 quis
1209 666 1418 721 diceret
1449 667 1642 736 procul
1689 681 1719 719 a
1754 666 2032 720 contraria
2063 681 2165 735 op-

581 760 851 832 positione
878 761 1052 814 lucem
1087 776 1208 831 qua:
1255 760 1309 813 in
1342 758 1501 812 Patre
1552 768 1635 813 est
1675 758 2035 822 considerari,
2065 773 2161 826 ap-

582 852 756 923 posite
801 851 868 906 ad
931 853 1178 922 Apostoli
1231 859 1467 905 mentem
1523 851 1811 905 collimans
1868 850 2164 903 dictionem

582 943 874 998 inaccessae
919 945 1056 998 lucis
1107 945 1582 1013 interpretaretur.
1641 940 1797 1007 Quod
1833 943 1879 997 si
1936 956 1967 995 a
2019 941 2165 997 bono

581 1034 962 1090 alienationem
992 1034 1052 1087 τὸ
1078 1035 1394 1105 ἀπρόσιτον,
1428 1035 1776 1087 inaccessum
1816 1032 1966 1085 dicat
1993 1032 2165 1101 signi-

581 1127 764 1189 ﬁcare,
804 1127 938 1180 nihil
964 1125 1112 1179 aliud
1138 1141 1300 1196 quam
1330 1125 1510 1195 ipsum
1542 1124 1645 1178 sibi
1677 1123 1780 1193 ipsi
1807 1123 2166 1176 inimicum-et

579 1218 818 1274 alienum
851 1226 1159 1286 supponet,
1195 1225 1381 1286 utpote
1418 1215 1565 1286 quod
1599 1216 1800 1269 bonum
1828 1215 1900 1268 sit
1931 1225 1986 1269 et
2021 1215 2166 1268 bono

579 1311 914 1382 oppOsitum.
931 1311 1094 1380 Atqui
1121 1312 1223 1364 hoc
1243 1326 1308 1364 ex
1329 1324 1520 1363 eorum
1545 1316 1629 1364 est
1661 1323 1890 1362 numero
1907 1323 2029 1377 qua:
2051 1307 2167 1362 ﬁeri

579 1419 689 1457 non
747 1411 997 1473 possunt.
1044 1402 1252 1456 Bonum
1289 1403 1433 1455 enim
1487 1401 1631 1454 bono
1671 1401 1942 1453 familiare
1989 1406 2166 1454 estet

579 1499 836 1551 amicum.
867 1495 986 1550 Haec
1015 1496 1182 1566 igilur
1219 1494 1311 1548 lux
1337 1509 1462 1548 cum
1493 1493 1585 1546 illa
1615 1509 1723 1546 non
1751 1491 1994 1547 dissidet.
2031 1489 2166 1544 Nam

577 1599 632 1643 et
671 1587 842 1644 Filius
872 1591 962 1643 lux
995 1605 1142 1653 vera,
1185 1599 1238 1642 et
1267 1586 1430 1642 Pater
1486 1587 1577 1640 lux
1617 1595 1694 1641 est
1747 1585 2049 1640 inaccessa.
2076 1584 2170 1638 Di-

579 1680 750 1734 xerim
808 1680 973 1734 etiam
1025 1681 1286 1734 audacter
1349 1679 1495 1750 quod
1561 1679 1652 1748 qui
1709 1679 2062 1732 alternavcrit
2112 1677 2166 1732 in

581 1782 814 1842 utroque
847 1774 982 1827 tales
1012 1773 1425 1842 appellationes,
1464 1788 1571 1826 non
1601 1771 1894 1825 aberrabit.
1925 1768 2058 1823 Nam
2114 1779 2170 1824 et

2267 575 2332 626 ἄν
2357 588 2438 635 τις
2461 573 2552 624 καὶ
2583 574 2646 642 τῇ
2684 571 2909 642 ἀληθείᾳ.
2931 571 2990 624 τὸ
3019 573 3076 624 ἐν
3109 572 3185 643 τῷ
3212 571 3385 643 Πατρὶ
3415 573 3529 642 φῶς
3554 575 3851 648 ἀπρόσιτον

2268 663 2405 718 εἶναι
2448 665 2616 733 λέγοι.
2665 665 2726 718 Εἰ
2761 664 2868 733 γάρ
2917 665 3224 717 ἀποσείοιτο
3272 665 3370 734 τὴν
3412 664 3667 736 ἀλήθειαν
3695 707 3709 730 ,
3766 668 3850 738 τῷ

2267 758 2453 826 ψευδεί
2503 757 2719 818 πάντως
2771 755 3240 825 συνενεχθήσεται.
3289 756 3526 827 Τοιαύτη
3578 759 3683 830 γὰρ
3736 759 3850 812 τῶν

2269 849 2715 919 ἀντικειμένωνὴ
2744 849 2903 917 φύσις
2922 889 2936 913 ,
2979 849 3054 911 ὡς
3084 852 3142 902 ὲν
3179 852 3244 920 τῇ
3277 849 3509 920 ἀπουσίᾳ
3538 850 3629 904 τοῦ
3666 851 3852 920 κρείτ-

2267 957 2418 1003 τονος
2439 980 2453 1002 ,
2503 941 2562 993 τὸ
2610 937 2668 1004 ἐξ
2700 939 2979 992 ἀντιθέτου
3007 940 3292 1008 νοούμενον
3319 939 3729 1009 ἀναφαίνεσθαι.
3781 939 3850 991 Et

2273 1032 2369 1102 μὲν
2408 1027 2501 1085 οὖν
2539 1051 2622 1095 τις
2653 1031 2799 1100 λέγοι
2848 1032 3036 1102 πόρρω
3075 1031 3174 1101 τῆς
3206 1031 3451 1094 ἐναντίας
3491 1031 3850 1102 παραθέσεως

2267 1123 2330 1177 τὸ
2365 1126 2419 1175 ὲν
2459 1123 2533 1194 τῷ
2565 1125 2736 1194 Πατρὶ
2771 1124 2885 1191 φῶς
2915 1123 3271 1193 θεωρεῖσθαι,
3301 1125 3713 1194 ἐστοχασμένως
3749 1124 3848 1177 τοῦ

2269 1213 2626 1266 ἀποστολικοῦ
2670 1213 3013 1285 βουλήματος
3059 1213 3383 1285 ἑρμηνεύσει
3414 1213 3508 1267 τοῦ
3549 1215 3848 1286 ἀπροσίτου

2269 1305 2369 1376 τὴν
2405 1305 2566 1372 λέξιν.
2604 1307 2664 1357 Ei
2715 1305 2772 1359 δὲ
2803 1305 2900 1377 τὴν
2935 1307 3070 1376 πρὸς
3124 1305 3184 1359 τὸ
3240 1306 3442 1375 ἀγαθὸν
3498 1305 3851 1377 ἀλλοτρίωσιν

2272 1396 2557 1466 σημαίνειν
2591 1397 2650 1448 τὸ
2679 1397 2970 1467 ἀπρόσιτον
2999 1397 3146 1465 λέγοι
3172 1438 3185 1458 ,
3217 1398 3368 1450 οὐδὲν
3399 1398 3583 1467 ἕτερον
3618 1397 3650 1468 ἢ
3686 1396 3850 1450 αὐτὸν

2271 1485 2448 1556 ἐαυτῷ
2479 1486 2670 1558 ἐχθρόν
2707 1506 2765 1541 τε
2802 1491 2893 1542 καὶ
2923 1489 3200 1561 ἀλλότριον
3245 1489 3574 1561 ὑποθήσεται
3648 1490 3852 1557 ἀγαθὸν

2270 1577 2418 1642 ὄντα,
2449 1580 2541 1632 καὶ
2575 1579 2761 1650 ἀγαθῷ
2789 1579 3178 1650 ἀντικείμενον.
3226 1579 3385 1634 Ἀ).λά
3421 1581 3528 1653 μὴν
3555 1581 3711 1634 τοῦτο
3743 1581 3852 1635 τῶν

2276 1671 2572 1740 ἀμηχάνων
2628 1671 2762 1723 ἐστί.
2818 1671 2892 1724 Τὸ
2939 1671 3045 1744 γὰρ
3092 1672 3293 1741 ἀγαθὸν
3351 1673 3566 1738 οἰκείως
3611 1673 3722 1744 ἔχει
3771 1675 3854 1745 τῷ

2275 1763 2485 1834 ἀγαθῷ.
2513 1764 2627 1817 Οὐκ
2659 1765 2769 1836 ἄρα
2803 1763 2864 1817 τὸ
2892 1763 3007 1833 φῶς
3037 1763 3194 1818 τοῦτο
3237 1765 3373 1836 πρὸς
3415 1768 3592 1819 ἐκεῖνο
3641 1768 3853 1838 παρήλ-

579 1879 769 1919 verum
801 1872 885 1920 est
915 1865 1055 1918 l'also
1082 1865 1450 1928 inaccessum,
1498 1870 1554 1917 et
1595 1873 1787 1916 contra
1825 1862 2170 1916 inaccessum

2275 1852 2488 1907 λακται.
2521 1854 2586 1906 Ὅ
2611 1874 2672 1909 τε
2697 1854 2802 1925 γάρ
2843 1854 2971 1918 Υἱὸς
3021 1855 3136 1924 φῶς
3172 1855 3422 1926 ἀληθινὸν
3447 1895 3462 1919 ,
3494 1855 3522 1907 ὃ
3565 1874 3624 1909 τε
3659 1859 3852 1929 Πατὴρ

581 1954 638 2010 in
667 1955 882 2010 sincera
925 1963 980 2009 ει
1028 1970 1165 2024 pura
1218 1953 1452 2009 veritate
1489 1951 1995 2024 comprehenditur.
2030 1949 2175 2022 Ergo

580 2047 722 2102 idem
746 2053 832 2102 εει
859 2062 1048 2102 verum
1079 2056 1133 2101 et
1181 2047 1549 2102 inaccessum.
1591 2046 1860 2112 Quoniam
1898 2062 1962 2100 ex
1991 2060 2170 2114 aequo,

579 2153 690 2209 quo
720 2137 774 2192 in
805 2145 1038 2208 utroque
1087 2138 1448 2209 signiﬁcatur,
1484 2138 1628 2190 malo
1672 2147 1755 2191 est
1790 2137 2166 2191 inaccessum.

581 2231 756 2298 Quam
821 2231 988 2302 igitur
1057 2231 1109 2284 in
1160 2231 1246 2285 his
1297 2227 1660 2284 diﬂerentiam
1710 2227 2172 2291 comminiscitur,

591 2326 686 2396 qui
719 2339 816 2395 per
849 2325 990 2379 lucis
1025 2323 1514 2393 atquivocationem
1546 2321 1785 2389 seipsum
1832 2325 1886 2372 et
1915 2333 2045 2372 suos
2085 2333 2176 2370 au-

581 2413 788 2470 ditores
833 2414 1076 2484 decipit?
1137 2414 1244 2468 Sed
1295 2428 1474 2483 neque
1544 2413 1896 2464 inexcussum
1951 2419 2176 2478 praeter-

584 2505 812 2560 ierimus
841 2506 985 2574 quod
1022 2505 1265 2574 Apostoli
1306 2501 1528 2557 verbum
1554 2517 1652 2572 pro
1683 2517 1783 2555 suo
1809 2499 2034 2554 arbitrio
2053 2515 2177 2568 per-

584 2605 828 2660 vertens,
881 2604 940 2649 ut
994 2597 1140 2650 illius
1193 2609 1504 2649 sermonem
1543 2593 1784 2661 exponit.
1827 2590 1966 2644 Dicit
2027 2591 2172 2644 enim

583 2683 806 2747 Paulus.
825 2688 914 2756 qui
931 2687 1098 2740 lucem
1115 2686 1318 2739 habitat
1343 2687 1668 2739 inaccessam
1683 2684 1752 2748 ²⁰;
1773 2684 2002 2737 multum
2028 2684 2175 2738 enim

583 2775 763 2830 diﬂ‘ert
789 2813 804 2838 ,
846 2775 950 2829 hoc
988 2777 1164 2840 ipsum
1197 2791 1340 2840 esse,
1368 2783 1421 2826 et
1459 2773 1513 2827 in
1550 2775 1735 2842 aliquo
1779 2790 1903 2828 esse
1950 2773 2170 2828 dicere:

584 2863 678 2932 qui
719 2862 863 2916 enim
920 2861 1057 2915 dixit
1109 2863 1286 2916 lucem
1331 2859 1591 2916 habitans
1642 2861 2002 2926 inaccessam,
2057 2862 2174 2931 ipsa

585 2953 944 3008 habitationis
984 2970 1138 3016 voce,
1181 2970 1288 3008 non
1333 2951 1511 3024 ipsum
1562 2953 1844 3019 indicavit,
1898 2956 2172 3024 sedquod

584 3046 640 3100 in
660 3046 809 3116 ipso:
834 3045 983 3115 quod
1003 3046 1222 3116 quidem
1247 3046 1548 3101 secundum
1574 3055 1820 3099 nostrum
1841 3060 2174 3112 sermonem,

587 3138 731 3191 idem
767 3147 852 3192 est
880 3153 1001 3192 cum
1033 3138 1198 3192 verbo
1228 3139 1562 3208 evangelico,
1594 3138 1740 3207 quod
1776 3137 1909 3192 dicit
1940 3139 1994 3192 in
2027 3136 2171 3193 Filio

586 3228 799 3282 Patrem
831 3244 985 3295 esse;
1017 3226 1190 3283 Filius
1223 3231 1366 3282 enim
1419 3237 1503 3284 est
1537 3229 1629 3282 lux
1663 3244 1828 3294 vera;
1883 3229 2168 3286 inaccessa

584 3332 766 3378 autem
807 3323 944 3376 falso
981 3333 1064 3376 est
1103 3321 1347 3387 veritas;
1392 3321 1482 3373 lux
1537 3321 1822 3375 inaccessa
1873 3321 2040 3390 igitur
2083 3334 2170 3378 est

585 3410 756 3467 Filius
806 3413 859 3466 in
899 3427 1008 3483 quo
1056 3411 1216 3466 Pater
1251 3413 1477 3473 habitat,
1512 3415 1594 3468 vel
1639 3425 1788 3470 certe
1840 3416 1894 3469 in
1943 3433 2053 3487 quo
2083 3426 2168 3474 est

583 3502 765 3558 Pater.

2277 1945 2391 2013 φῶς
2422 1947 2567 1998 ἐστιν
2597 1944 2914 2015 ἀπρόσιτον.
2945 1943 3168 2017 Εἴποιμι
3223 1946 3266 1998 δ’
3297 1947 3362 2000 ἂν
3391 1947 3812 2019 καταθαρσήσας
3833 1989 3853 2014 ,

2275 2037 2356 2090 ὅτι
2406 2036 2501 2090 καὶ
2540 2037 2568 2089 6
2618 2035 2978 2090 ὑπαλλάσσων
3010 2039 3095 2107 ἐφ’
3152 2039 3410 2109 ἐκατέρου
3447 2037 3547 2104 τὰς
3599 2039 3855 2103 τοιαύτας

2275 2128 2643 2200 προσηγορίας
2664 2167 2680 2194 ,
2715 2129 2813 2199 οὐχ
2837 2129 3237 2202 ἁμαρτήσεται.
3271 2127 3344 2183 Τό
3372 2148 3431 2183 τε
3470 2131 3576 2202 γάρ
3604 2131 3854 2202 ἀληθινὸν

2276 2221 2569 2292 ἀπρόσιτον
2604 2223 2718 2276 ἐστι
2747 2222 2824 2293 τῷ
2853 2221 3057 2291 ψεύδει,
3090 2223 3184 2276 καὶ
3208 2224 3268 2276 τὸ
3295 2223 3586 2296 ἀπρόσιτόν
3608 2241 3666 2278 τε
3693 2225 3850 2281 πάλιν

2275 2315 2332 2366 ὲν
2375 2314 2668 2384 ἀκραιφνεῖ
2713 2316 2778 2384 τῇ
2835 2313 3062 2383 ἀληθεία
3105 2313 3598 2384 καταλαμϐάνεται.
3646 2315 3856 2367 Οὐκοῦν

2273 2405 2436 2458 ταὺτὸ
2482 2404 2559 2476 τῷ
2592 2405 2828 2477 ἀληθινῷ
2878 2407 2939 2460 τὸ
2967 2407 3262 2476 ἀπρόσιτον
3285 2447 3298 2470 ,
3333 2405 3415 2460 ὅτι
3466 2408 3606 2460 κατά
3651 2408 3712 2460 τὸ
3738 2404 3855 2460 ἶσόν

2254 2498 2390 2548 -ὲστι
2437 2495 2498 2548 τὸ
2527 2497 2584 2548 ὲν
2638 2497 2880 2568 ἐκατέρῳ
2915 2495 3309 2567 σημαινόμενον
3341 2494 3418 2566 τῷ
3463 2496 3614 2566 κακῷ
3647 2497 3857 2567 ἀπροσ-

2279 2586 2565 2640 πέλαστον.
2619 2584 2751 2641 Τίνα
2798 2583 2890 2641 οὖν
2933 2589 2992 2640 ἐν
3024 2588 3231 2652 τούτοις
3272 2591 3479 2641 ἐπινοεῖ
3521 2589 3620 2658 τὴν
3645 2589 3855 2655 παραλ-

2276 2677 2444 2750 λαγὴν
2466 2682 2494 2732 6
2515 2679 2601 2732 διὰ
2623 2681 2716 2750 τῆς
2739 2680 2846 2732 τῶν
2877 2680 3067 2748 φώτων
3094 2681 3409 2750 ὁμωνυμίας
3434 2680 3624 2732 ἑαυτόν
3661 2697 3719 2732 τε
3764 2679 3858 2733 καὶ

2275 2774 2400 2834 τοὺς
2427 2771 2548 2826 καθ’
2578 2772 2768 2826 ἑαυτὸν
2806 2773 3144 2841 φενακίζωνς
3194 2772 3351 2824 ’Λλλά
3397 2771 3531 2842 μηδὲ
3562 2771 3717 2824 τοῦτο
3754 2790 3856 2824 παι

2281 2863 2647 2934 ραδράμωμεν
2674 2864 3026 2928 ἀνεξέταστον
3048 2905 3062 2926 ,
3096 2866 3177 2918 ὅτι
3226 2865 3604 2934 παραποιήσας
3633 2864 3730 2933 τὴν
3764 2861 3858 2916 τοῦ

2291 2957 2612 3012 Ἀποστόλου
2669 2961 2827 3030 ῥῆσιν
2861 2959 3003 3013 κατὰ
3041 2959 3101 3011 τὸ
3145 2957 3320 3028 ἑαυτῷ
3351 2958 3576 3019 δοκοῦν,
3613 2956 3689 3018 ὼς
3727 2958 3856 3025 παρ’

2277 3051 2487 3104 ἐκείνου
2525 3053 2618 3107 τὸν
2652 3053 2807 3121 λόγον
2830 3052 3115 3105 ἐκτίθεται.
3148 3052 3284 3122 Φησὶ
3313 3051 3419 3122 γὰρ
3450 3051 3479 3101 6
3507 3048 3712 3110 Παῦλος
3731 3088 3747 3110 ,
3777 3049 3859 3100 ὅτι

2279 3141 2408 3208 Φῶς
2437 3143 2615 3197 οἰκῶν
2635 3146 2982 3214 ἀπρόσιτονο
3021 3145 3265 3214 διαφέρει
3292 3143 3348 3196 δὲ
3375 3143 3508 3196 πολὺ
3530 3141 3590 3194 τὸ
3617 3139 3780 3193 αὑτὸν
3799 3140 3860 3193 τὺ

2277 3232 2413 3289 εῐναι
2435 3253 2448 3266 ο
2485 3237 2661 3289 καὶτὸ
2694 3237 2750 3288 ἕν
2794 3253 2898 3289 τινι
2931 3236 3110 3304 λέγειν
3148 3230 3307 3287 εἶναι.
3348 3233 3408 3286 ’0
3437 3233 3543 3304 γὰρ
3578 3230 3746 3285 εἰπὼν
3780 3232 3860 3283 ὅτι

2276 3327 2393 3398 φῶς
2421 3329 2583 3382 οἰκῶν
2619 3330 2946 3400 ἀπρόσιτον,
2993 3329 3059 3399 τῇ
3099 3327 3198 3396 τῆς
3237 3327 3500 3396 οἰκήσεως
3543 3325 3692 3392 φωνῇ
3715 3365 3729 3381 ,
3760 3323 3862 3374 οὐκ

2275 3421 2438 3474 αὐτὸν
2471 3422 2792 3486 ἐνεδείξατο,
2824 3421 2961 3475 ἀλλὰ
2993 3421 3053 3473 τὸ
3081 3420 3210 3490 περὶ
3238 3417 3398 3471 αὐτὸν
3431 3417 3567 3487 ὅπερ
3597 3413 3712 3468 ἶσόν
3746 3415 3860 3464 ἐστι

2276 3514 2417 3568 κατά
2441 3515 2531 3568 τὸν
2559 3515 2823 3585 ἡμέτερον
2852 3513 3008 3581 λόγον
3049 3512 3127 3582 τῷ
3153 3507 3490 3579 εὐαγγελικῷ
3531 3509 3733 3577 ῥήματι
3783 3505 3860 3574 τῷ

583 3593 796 3662 λέγοντι
831 3597 888 3647 ἐν
918 3594 993 3665 τῷ
1028 3593 1141 3664 Υίῷ
1172 3593 1263 3646 τὸν
1295 3595 1510 3664 Πατέρα
1542 3591 1700 3648 εἶναι.
1738 3597 1857 3661 Φῶς
1903 3598 2012 3670 γὰρ
2041 3599 2292 3672 ἀληθινὸν
2337 3604 2366 3656 6
2397 3604 2524 3668 Υἱὸς
2549 3643 2565 3668 ,
2599 3605 2891 3675 ἀπρόσιτος
2931 3605 2987 3656 δὲ
3053 3603 3131 3674 τῷ
3195 3600 3378 3671 ψεύδει
3422 3598 3568 3651 ἐστὶν
3631 3600 3664 3667 ἡ
3732 3596 3858 3666 ἀλή-

585 3685 730 3740 θεια·
758 3687 874 3757 φῶς
903 3686 1194 3755 ἀπρόσιτον
1216 3686 1323 3758 ἄρα
1349 3687 1378 3738 6
1402 3687 1527 3751 Υἱὸς
1549 3727 1563 3750 ,
1588 3691 1644 3741 ἐν
1673 3683 1716 3758 ᾧ
1741 3692 1881 3745 οίκεί
1905 3693 1933 3745 6
1954 3693 2162 3764 Πατὴρ,
2201 3696 2316 3766 ἦτοι
2341 3699 2398 3750 ὲν
2425 3691 2470 3766 ᾧ
2501 3700 2648 3753 ἐστιν
2677 3701 2705 3752 6
2734 3699 2943 3768 Πατήρ.

660 3779 768 3834 Sed
791 3781 846 3834 in
886 3779 1041 3833 vanis
1073 3787 1128 3832 et
1156 3778 1410 3834 inanibus
1438 3782 1721 3835 contendit
1745 3793 1798 3838 et
1820 3784 1989 3838 dicit:
2037 3803 2053 3834 ι
2091 3787 2168 3838 Ex

588 3874 725 3944 ipsis
753 3873 920 3927 rebus
948 3879 1001 3925 et
1034 3870 1260 3927 creditis
1288 3873 1548 3934 oraculis,
1585 3889 1774 3927 eorum
1823 3892 1947 3946 quae
1976 3879 2170 3931 dicun-

590 3975 679 4020 tur
706 3965 864 4019 iiilem
894 3964 1110 4033 przebeo
1135 3982 1148 4016 :
1181 3981 1199 4014 ›
1237 3963 1349 4017 hac
1379 3963 1545 4034 igitur
1571 3974 1654 4020 εει
1676 3966 1794 4034 ejus
1824 3969 2167 4035 pollicitatio.

593 4057 690 4112 Sin
718 4065 900 4110 autem
942 4070 1040 4124 pro
1071 4053 1332 4125 dignitate
1371 4070 1558 4108 eorum
1603 4073 1722 4125 qua:
1769 4057 2019 4127 promisit
2054 4076 2169 4114 ser-

593 4167 816 4206 monem
863 4149 1138 4219 producit,
1192 4149 1500 4219 intelligens
1532 4151 1772 4220 profecto
1814 4151 2033 4205 auditor
2079 4169 2174 4206 ex-

593 4243 850 4313 plorabit.
885 4239 1106 4302 Beatus,
1162 4240 1361 4308 inquit,
1411 4239 1665 4304 Joannes,
1701 4244 1753 4295 in
1779 4243 2038 4313 principio
2064 4261 2175 4297 esse

601 4333 824 4388 Verbum
873 4348 991 4384 cum
1021 4330 1180 4392 dixit,
1225 4341 1273 4383 et
1318 4331 1412 4383 hoc
1468 4333 1628 4384 vitam
1678 4349 1796 4384 cum
1855 4333 2175 4399 appellavit:

595 4435 701 4480 tum
737 4441 854 4478 vero
895 4424 1056 4476 vitam
1098 4422 1264 4475 lucem
1295 4425 1618 4476 nominavit:
1661 4434 1710 4476 et
1741 4425 2021 4492 paululum
2048 4440 2174 4492 pro-

593 4531 825 4586 gressus,
877 4513 944 4565 Et
997 4511 1210 4565 verbum
1250 4527 1374 4564 caro
1408 4513 1610 4580 factum
1639 4523 1737 4576 est,
1783 4515 1880 4566 ait.
1927 4511 1985 4567 Si
2013 4515 2176 4581 igitur

2356 3790 2495 3844 Ἀλλ’
2525 3792 2908 3860 ἐναγωνίζεται
2935 3793 3047 3854 τοῖς
3073 3789 3341 3860 ματαίοις,
3368 3787 3461 3841 καί
3485 3803 3648 3856 φησιν
3677 3803 3688 3814 ο
3732 3805 3750 3836 ‹
3774 3785 3859 3850 Ἐξ

2275 3881 2457 3934 αὐτῶν
2484 3883 2591 3934 τῶν
2628 3883 2970 3953 πραγμάτων
3009 3882 3102 3934 καὶ
3139 3880 3246 3932 τῶν
3287 3879 3735 3947 πεπιστευμένων
3775 3877 3859 3928 λο-

2273 3973 2410 4040 γίων
2431 3974 2738 4044 παρέχομαι
2769 3973 2880 4025 τῶν
2910 3973 3217 4041 λεγομένων
3249 3971 3347 4040 τὴν
3372 3970 3569 4023 πίστιν.
3598 3987 3616 4019 ι
3663 3969 3726 4020 'H
3764 3969 3860 4038 μὲν

2273 4059 2366 4116 οὖν
2395 4064 2686 4132 ὑπόσχεσις
2724 4063 2892 4134 αὕτη·
2923 4064 2972 4114 εί
3020 4063 3077 4115 δὲ
3119 4062 3234 4116 κατ’
3263 4061 3418 4125 ἀξίαν
3451 4060 3557 4112 τῶν
3588 4061 3857 4130 ἐπηγγελ-

2280 4153 2455 4224 μένων
2489 4155 2718 4224 προάγει
2744 4153 2836 4206 τὸν
2865 4153 3022 4220 λόγον
3045 4191 3059 4214 ,
3086 4155 3114 4204 6
3140 4151 3359 4213 συνετὸς
3406 4150 3624 4212 πάντως
3659 4151 3860 4220 ἀκροα-

2275 4246 2376 4314 τὴς
2420 4247 2802 4316 ὲπισκοπήσει.
2851 4247 2903 4298 '0
2953 4242 3281 4314 μακάριος,
3327 4244 3528 4316 φησιν,
3583 4241 3860 4308 Ἰωάννης

2277 4341 2346 4392 ἐν
2396 4337 2554 4407 ἀρχῇ
2603 4335 2755 4391 εἶναι
2812 4338 2920 4390 τὸν
2963 4337 3156 4406 Λόγον
3206 4333 3446 4402 φήσας.
3490 4334 3587 4387 καί
3648 4334 3860 4386 τοῦτον

2279 4427 2434 4494 ζωὴν
2466 4429 2811 4495 προσειπὼν
2829 4468 2842 4490 ,
2875 4430 3003 4482 εἶτα
3028 4427 3144 4494 τὴν
3181 4424 3332 4493 ζωὴν
3348 4466 3363 4489 ,
3379 4421 3504 4492 φῶς
3519 4419 3823 4490 ὀνομάσας
3844 4465 3858 4489 ,

2275 4521 2493 4589 μικρὸν
2516 4521 2766 4586 ὑποϐὰς,
2793 4521 2899 4574 Kal
2917 4525 2948 4574 ὀ
2972 4523 3162 4588 Λόγος
3189 4517 3342 4586 σὰρξ
3364 4515 3620 4586 ἐγένετο,
3645 4516 3853 4585 φησίν.

593 4618 668 4661 est
701 4609 833 4670 vita,
864 4617 912 4659 et
937 4607 1046 4658 vita
1065 4615 1144 4658 est
1199 4603 1443 4666 Verbum,
1473 4615 1521 4657 et
1560 4605 1778 4659 Verbum
1810 4623 1937 4659 caro
1972 4607 2171 4674 factum

2283 4615 2351 4666 El
2373 4613 2581 4666 τοίνυν
2617 4611 2684 4666 ζὸ
2722 4611 2837 4679 μὲν
2877 4610 3002 4679 φῶς
3029 4612 3200 4663 ἐστιν
3226 4610 3264 4675 ἠ
3307 4607 3420 4674 ζωὴ
3446 4647 3460 4672 ,
3493 4610 3531 4675 ἡ
3562 4607 3630 4660 δὲ
3673 4606 3783 4675 ζωὴ
3825 4609 3857 4659 ό

591 4711 668 4755 ρει
685 4704 751 4762 ’⁸,
771 4701 892 4755 inde
909 4703 1248 4771 manifestum
1269 4701 1506 4770 efficitur,
1524 4699 1661 4769 quod
1682 4701 1774 4751 lux
1789 4699 1839 4750 in
1861 4715 2018 4751 carne
2029 4699 2176 4767 facta

594 4804 692 4847 est.
718 4794 860 4858 Quid
893 4795 1093 4863 igitur?
1122 4793 1559 4863 quandoquidem
1582 4793 1670 4844 lux
1693 4799 1747 4845 et
1764 4791 1895 4855 vita,
1923 4799 1977 4845 et
2009 4791 2175 4854 Deus,

596 4895 650 4939 et
695 4883 928 4940 Verbum
961 4885 1015 4938 in
1047 4900 1212 4938 carne
1260 4885 1543 4955 apparuit,
1604 4883 1832 4951 ideoque
1865 4883 1931 4935 ab
1959 4898 2023 4936 ea
2055 4882 2178 4936 luce

597 4992 719 5046 qua:
757 4985 865 5040 εει,
911 4977 968 5030 in
1002 4976 1164 5030 Patre
1198 4994 1322 5031 vera
1358 4978 1444 5030 lux
1489 4975 1685 5030 dill‘crt.
1724 4974 1868 5040 Quin
1906 4975 2070 5028 etiam
2106 4990 2173 5029 ex

601 5082 760 5120 sacro
791 5067 1080 5138 Evangelio
1113 5068 1488 5122 testimonium
1515 5067 1773 5130 sumitur,
1805 5065 1948 5134 quod
2003 5066 2058 5118 in
2105 5074 2180 5119 te-

602 5158 790 5214 nebris
820 5158 912 5212 lux
949 5175 1074 5213 cum
1114 5167 1281 5216 esset,
1315 5159 1602 5212 contraria:
1653 5167 1864 5208 natura:
1901 5157 2181 5208 inaccessa

605 5247 1136 5308 tnansit:LuxeniIn
1171 5251 1226 5302 in
1259 5248 1506 5309 tenebris,
1539 5249 1737 5316 inquit,
1774 5247 1977 5311 illuxit,
2027 5258 2076 5300 et
2105 5257 2180 5300 le-

604 5341 776 5396 ttebra:
808 5357 926 5394 eam
952 5358 1053 5393 non
1081 5340 1575 5408 comprehenderunt
1593 5341 1658 5389 “.
1687 5337 1741 5392 Si
1768 5338 1933 5407 igitur
1958 5338 2010 5390 in
2044 5354 2180 5392 con-

607 5431 837 5485 trarium
873 5438 1079 5483 mutata
1125 5440 1291 5494 esset,
1326 5440 1379 5484 et
1408 5446 1439 5482 a
1491 5429 1723 5499 caligine
1757 5430 1810 5482 in
1854 5439 2178 5498 potestatem

607 5526 826 5580 redacta
860 5523 1078 5588 fuisset,
1113 5524 1206 5576 lux
1242 5538 1363 5592 qua:
1393 5522 1494 5575 fuit
1538 5523 1590 5576 in
1623 5521 1884 5584 tenebris,
1940 5521 2178 5573 validum

606 5625 756 5676 es'sct
788 5617 856 5671 ad
889 5616 1411 5672 demonstrationem
1453 5614 1760 5668 volentibus
1798 5614 2179 5669 demonstrare

689 5804 732 5838 εδ
767 5801 784 5855 l
820 5799 962 5856 Tim.
999 5817 1072 5868 vi,
1110 5800 1195 5854 16.
1273 5797 1316 5832 ⁸⁸
1350 5795 1506 5854 Joan.
1553 5813 1590 5866 ι,
1637 5797 1720 5851 Η.
1798 5797 1842 5826 ¹¹
1879 5795 2008 5850 ibid.
2045 5793 2097 5848 5.

2282 4705 2473 4771 Λόγος
2497 4741 2514 4767 ,
2541 4705 2572 4755 ό
2604 4701 2672 4753 δὲ
2698 4700 2888 4770 Λόγος
2928 4701 3084 4768 σὰρξ
3119 4699 3355 4769 ἐγένετο
3381 4740 3396 4762 ,
3425 4701 3680 4754 αὐτόθεν
3708 4702 3858 4768 τίνε-

2282 4810 2374 4845 ται
2403 4793 2682 4860 φανερὸν,
2719 4790 2808 4843 ὅτι
2835 4789 2899 4843 τὸ
2931 4788 3055 4859 φῶς
3091 4791 3160 4843 ἐν
3182 4791 3361 4857 σαρκὶ
3390 4789 3617 4859 γέγονε.
3642 4791 3704 4840 Τί
3730 4783 3821 4840 οὖν
3846 4804 3861 4850 ;

2297 4885 2513 4955 Ἐπειδὴ
2540 4883 2601 4937 τὸ
2636 4885 2748 4954 φῶς
2776 4885 2869 4935 καὶ
2903 4885 2937 4954 ἡ
2973 4883 3109 4953 ζωὴ,
3139 4884 3232 4936 καὶ
3261 4884 3289 4934 6
3321 4883 3452 4946 Θεὸς
3471 4921 3486 4946 ,
3515 4884 3608 4934 καὶ
3636 4883 3664 4934 6
3693 4881 3862 4948 Λόγος

2280 4981 2338 5030 ὲν
2369 4978 2531 5048 σαρκὶ
2589 4973 2906 5045 ἐφανερώθη
2933 5014 2948 5035 ,
2999 4975 3083 5027 διὰ
3107 4974 3264 5026 τοῦτο
3308 4973 3686 5045 παρήλλακται
3727 4974 3862 5043 πρὸς
3911 4984 3916 4986 ·

2279 5071 2340 5123 τὸ
2377 5072 2433 5123 ὲν
2477 5069 2555 5139 τῷ
2583 5069 2759 5139 Ila-cpt
2783 5067 2898 5135 φῶς
2924 5067 2984 5119 τὸ
3012 5066 3261 5135 ἀληθινὸν
3289 5065 3424 5134 φῶς.
3451 5066 3557 5118 Καὶ
3589 5064 3694 5134 μὴν
3725 5081 3864 5133 μαρ-

2280 5164 2526 5231 τυρεῖται
2557 5159 2706 5229 παρὰ
2735 5158 2829 5212 τοῦ
2859 5157 3188 5226 Εύαγγελίου
3209 5197 3222 5220 ,
3251 5158 3333 5208 ὅτι
3363 5157 3458 5209 καὶ
3483 5158 3542 5208 ἐν
3570 5155 3647 5224 τῷ
3682 5155 3862 5206 σκότει

2282 5254 2571 5324 γενόμενον
2597 5291 2612 5315 ,
2646 5251 2940 5321 ἀπρόσιτον
2980 5250 3160 5320 ἔμεινε
3199 5251 3264 5319 τῇ
3299 5248 3515 5318 ἐναντίᾳ
3555 5247 3718 5315 φύσει
3742 5260 3756 5273 ⁸
3795 5244 3864 5297 Τὸ

2284 5345 2392 5414 γὰρ
2419 5343 2544 5411 φῶς
2588 5343 2658 5394 ἐν
2696 5341 2769 5409 τῇ
2797 5342 3044 5408 σκοτίᾳ,
3095 5340 3258 5409 φησιν
3284 5379 3299 5404 ,
3349 5339 3623 5408 ἔλαμψε,
3681 5335 3783 5390 καὶ
3823 5334 3862 5402 ἠ

2283 5436 2498 5488 σκοτία
2527 5433 2673 5490 αὐτὸ
2709 5435 2782 5486 οὺ
2834 5432 3182 5487 κατέλαϐεν.
3210 5433 3273 5484 Εἰ
3325 5432 3426 5501 μὲν
3459 5427 3552 5484 οὖν
3593 5427 3861 5498 ἠλλοιώθη

2283 5524 2419 5596 πρὸς
2448 5525 2511 5578 τὸ
2550 5525 2789 5578 ἐναντίον
2832 5526 2925 5578 καὶ
2957 5523 3314 5594 ὲδυναστεύθη
3359 5521 3436 5592 τῷ
3475 5521 3623 5591 ζόφῳ
3654 5520 3716 5572 τὸ
3748 5518 3862 5587 φῶς

2282 5617 2339 5670 ὲν
2368 5618 2434 5687 τῇ
2462 5617 2651 5688 σκοτίᾳ
2676 5617 2982 5687 γενόμενον,
3019 5615 3235 5686 ἰσχυρὸν
3270 5614 3334 5668 ἂν
3374 5610 3442 5684 ἦν
3469 5613 3606 5685 πρὸς
3644 5610 3862 5667 ἀπόδει-
