4142 6374
323 343 433 401 $97

1447 344 1726 402 comm
1770 343 2163 418 nuncnum,
2204 331 2477 412 un'xu.

3470 361 3576 418 898

325 459 406 524 ξιν
433 458 542 522 τοῖς
589 455 929 528 βουλομένοις
959 458 1346 522 ἐπιδεικνύειν,
1391 461 1514 514 ὅσον
1539 462 1672 534 πρὸς
1700 461 1759 515 τδ
1790 465 1898 533 χεῖ·

2010 477 2262 537 quantum
2301 471 2354 526 in
2390 473 2631 529 deterius
2659 475 2938 530 demutata
2983 486 3067 532 est
3100 476 3215 532 haec
3273 477 3365 533 lux
3415 479 3484 534 ab
3513 496 3576 536 ea

324 567 418 622 ρον
444 550 820 620 παρήλλακται
856 551 1010 603 τοῦτο
1040 552 1099 604 τὸ
1131 551 1244 620 φῶς
1273 552 1406 623 πρὸς
1445 553 1506 605 τὸ
1535 555 1592 605 ἐν
1615 556 1694 624 τῷ
1727 555 1901 624 Πατρὶ

326 639 721 710 θεωρούμενον.
752 641 814 692 Εἰ
846 641 902 694 δέ
954 641 1048 694 καὶ
1081 642 1109 693 ὁ
1139 643 1308 710 Λόγος
1333 684 1348 707 ,
1399 643 1502 696 κᾶν
1544 644 1600 696 ἐν
1629 644 1787 715 σαρκὶ
1817 644 1902 712 γί-

323 748 474 785 νεται
499 773 512 793 ,
546 732 715 799 Λόγος
749 731 898 801 μένει
920 773 934 794 ,
977 733 1070 785 καὶ
1101 733 1162 786 τὸ
1208 733 1341 801 φῶς,
1375 733 1476 787 κᾶν
1521 737 1577 786 ἐν
1614 739 1679 806 τῇ
1715 737 1903 806 σκοτίᾳ

334 821 522 891 λάμψῃ
547 860 560 882 ν
598 821 712 889 φῶς
745 821 894 875 οὐδὲν
917 816 1076 892 ἧττόν
1103 823 1238 883 ἐστι,
1269 822 1362 876 τοῦ
1393 825 1634 878 ἐναντίου
1661 825 1756 894 τὴν
1789 842 1902 878 κοι-

325 913 520 965 νωνίαν
549 913 606 964 οὐ
641 911 1085 981 προσδεχόμενον,
1113 915 1206 968 καὶ
1239 915 1272 984 ἡ
1308 913 1441 983 ζωὴ,
1468 917 1570 968 κᾶν
1600 917 1658 968 ἐν
1698 915 1774 987 τῷ
1809 917 1902 969 θα-

326 1002 470 1072 νάτῳ
502 1002 744 1071 γένηται,
772 1004 827 1056 ἐν
857 1004 1020 1074 ἑαυτῇ
1051 1003 1376 1070 φυλάσσεται
1396 1021 1410 1036 ο
1443 1006 1538 1058 καὶ
1568 1007 1596 1058 ό
1619 1005 1773 1068 Θεὸς,
1798 1006 1902 1060 κᾶν

327 1093 427 1164 τὴν
458 1092 550 1145 τοῦ
599 1091 783 1144 δούλου
833 1093 1043 1164 μορφὴν
1075 1094 1313 1167 ὑπέλθῃ,
1344 1096 1443 1148 οὐκ
1486 1097 1647 1159 αὐτὸς
1695 1097 1901 1165 γίνεται

327 1186 510 1242 δοῦλος
532 1226 544 1246 ,
575 1185 688 1239 ἀλλ’
715 1188 791 1248 εἰς
831 1186 1123 1256 κυριότητα
1169 1189 1262 1240 καὶ
1295 1187 1572 1256 βασιλείαν
1609 1189 1900 1260 ἐξαιρεῖται

327 1279 389 1332 τὸ
410 1279 741 1348 ὑποχείριον,
769 1279 975 1349 Κύριον
1004 1279 1095 1331 καὶ
1115 1279 1349 1347 Χριστὸν
1374 1279 1542 1332 ποιῶν
1569 1279 1629 1331 τὸ
1649 1280 1902 1334 ταπεινὸν

328 1373 421 1424 καὶ
453 1371 789 1442 ἀνθρώπινον
811 1383 826 1398 ⁸
848 1370 963 1432 πῶς
989 1370 1076 1423 διὰ
1108 1371 1297 1424 τούτου
1339 1371 1475 1443 πρὸς
1508 1371 1568 1424 τὸ
1599 1374 1778 1443 χεῖρον
1807 1371 1904 1442 τὴν

328 1463 679 1534 παραλλαγὴν
703 1460 797 1515 τοῦ
832 1460 1007 1530 φωτὸς
1033 1461 1392 1514 ἐπιδείκνυσιν
1417 1503 1432 1525 ,
1466 1462 1594 1525 ἴσως
1644 1463 1902 1532 ἐκατέρου

327 1557 389 1608 τὸ
428 1555 693 1626 ἄτρεπτον
724 1557 801 1617 είς
833 1554 1052 1617 κακίαν,
1085 1555 1175 1606 καὶ
1204 1554 1263 1606 τὸ
1289 1554 1640 1607 ἀναλλοίωτον
1669 1553 1901 1624 ἕχοντος;

329 1648 461 1701 Οὐδὲ
501 1646 673 1717 τούτῳ
703 1645 1020 1717 προσέχων,
1053 1645 1133 1698 ὅτι
1178 1647 1206 1698 ὁ
1235 1645 1370 1718 πρὸς
1415 1643 1508 1698 τὸν
1556 1645 1904 1715 σαρκωθέντα

330 1737 504 1804 Λόγον
545 1733 699 1798 ίδὼν,
747 1735 805 1799 ὃς
847 1730 915 1804 ἦν
975 1735 1065 1787 καὶ
1098 1733 1242 1802 φῶς,
1294 1735 1387 1787 καὶ
1436 1733 1579 1804 ζωὴ,
1619 1734 1713 1787 καὶ
1750 1733 1902 1796 Θεόςθ

331 1801 546 1898 ἐπέγνω
583 1826 670 1880 διὰ
714 1826 813 1896 τῆς
845 1801 1282 1896 ό-φθείσηςδόξης
1309 1825 1400 1878 τὸν
1428 1801 1646 1896 Πατέρα
1679 1825 1779 1895 τῆς
1815 1825 1903 1878 δό-
1933 1801 1979 1861 Β

330 1920 458 1990 ξης,
494 1917 696 1979 εἰπὼν,
743 1915 1138 1985 Ἑθεασάμεθα
1170 1916 1286 1982 τὴν
1319 1916 1506 1980 δόξαν
1541 1917 1727 1972 αὐτοῦ
1749 1955 1764 1982 ,
1792 1916 1907 1969 δό-

329 2011 444 2074 ξαν
464 2009 544 2074 ὡς
575 2007 952 2077 Μονοτενοῦς
981 2007 1141 2074 παρὰ
1179 2009 1432 2074 Πατρός.

414 2098 554 2151 Ἀλλ’
583 2093 746 2169 ἦλθεν
779 2098 870 2150 ἐπὶ
897 2098 986 2151 τὸν
1016 2097 1416 2168 ἀνταγὼνιστον
1453 2099 1606 2166 λόγον
1627 2139 1640 2162 ,
1677 2098 1766 2152 τὸν
1799 2099 1906 2153 πὰο

303 2191 419 2244 -λαι
446 2189 548 2261 μὲν
581 2190 711 2260 ἡμῖν
740 2191 804 2240 ἐκ
847 2189 946 2260 τῆς
986 2188 1305 2253 ἀκολουθίας
1346 2189 1453 2243 τῶν
1483 2189 1784 2259 λεγομένων
1815 2205 1908 2242 πε-

331 2279 654 2352 φωραμένον
679 2321 693 2345 ,
735 2279 830 2333 νῦν
869 2279 924 2332 δὲ
950 2282 1128 2350 γυμνῇ
1157 2282 1222 2350 τῇ
1275 2282 1424 2350 φωνῇ
1457 2281 1860 2351 προφερόμενον
1890 2301 1904 2314 ο

332 2373 578 2444 βούλεται
622 2372 729 2442 γάρ
765 2371 985 2443 ἐμπαθῆ
1017 2388 1139 2424 τινα
1187 2372 1282 2424 καὶ
1319 2371 1578 2442 ἐπίκηρον
1627 2373 1719 2425 καὶ
1759 2374 1908 2426 οὐδὲν

329 2469 429 2537 τῆς
456 2465 642 2535 ὑλικῆς
674 2466 766 2517 καὶ
801 2463 1030 2534 ροώδους
1077 2464 1288 2532 φύσεως
1315 2464 1676 2535 διαφέρουσαν
1707 2466 1907 2518 ἐπιδεῖο

334 2559 419 2623 Eat
450 2557 542 2610 τοῦ
580 2555 708 2608 Υίοῦ
735 2556 832 2624 τὴν
860 2555 1078 2620 οὐσίαν,
1109 2555 1184 2616 ῶς
1210 2553 1273 2607 ἂν
1305 2553 1392 2607 διὰ
1427 2554 1616 2608 τούτου
1651 2556 1746 2627 τὴν
1774 2558 1907 2627 πρὸς

332 2650 422 2701 τὸν
463 2648 682 2719 Πατέρα
711 2645 974 2716 διαφορὰν
1023 2643 1372 2709 ἀποδείξειεν.
1402 2646 1539 2716 Φησὶ
1567 2648 1694 2720 γὰρ,
1716 2647 1776 2697 Εἰ
1811 2649 1908 2718 μὲν

333 2739 442 2810 ἔχει
468 2739 738 2792 δεικνύναι
761 2740 851 2792 καὶ
878 2739 967 2790 τὸν
997 2738 1092 2788 ἐπὶ
1123 2738 1338 2791 πάντων
1366 2738 1516 2800 Θεὸν,
1550 2738 1738 2810 ῶσπερ
1762 2742 1908 2793 ἐστὶν

332 2832 622 2903 ἀπρόσιτον
678 2831 794 2900 φῶς
849 2832 904 2882 ἐν
963 2831 1125 2900 σαρκὶ
1187 2830 1506 2899 γενόμενον,
1568 2831 1600 2900 ἢ
1659 2832 1909 2898 γενέσθαι

333 2923 630 2992 δυνάμενον
659 2963 673 2985 ,
747 2921 850 2974 ὑπ’
901 2921 1144 2984 ἐξουσίαν
1211 2920 1383 2973 ἐλθεῖν
1413 2960 1428 2983 ,
1498 2921 1909 2992 προστάγμασιν

336 3012 661 3071 ὑπακοῦσαι,
708 3012 892 3081 νόμοις
923 3010 1280 3082 ἀνθρωπίνοις
1321 3010 1715 3072 πολιτεύεσθαι,
1748 3029 1910 3065 σταυ-

338 3107 428 3174 ρὸν
484 3107 724 3173 ἐνεγκεῖν
755 3144 770 3167 ,
837 3102 954 3157 ἴσον
1013 3103 1216 3172 λεγέτω
1290 3103 1369 3174 τῷ
1425 3105 1565 3173 φωτὶ
1631 3106 1692 3158 τὸ
1771 3107 1908 3174 φῶς.
1938 3138 1980 3196 C

337 3195 398 3246 Ei
437 3193 607 3248 ταῦτα
641 3195 766 3264 παρ’
805 3194 959 3264 ἡμῶν
1005 3194 1339 3264 προεφέρετο
1379 3195 1466 3247 διὰ
1515 3196 1622 3247 τῶν
1683 3213 1911 3266 προκατ-

335 3287 751 3355 εσκευασμένων
819 3286 960 3339 κατὰ
1012 3287 1072 3339 τὸ
1122 3285 1410 3340 ἀκόλουθον
1450 3287 1909 3357 ἐξευρισκόντων,

339 3376 414 3446 μὴ
443 3376 975 3448 συμμαρτυρούμενα
1003 3379 1121 3440 ταῖς
1161 3377 1369 3430 ἐκείνου
1417 3383 1618 3446 φωναῖς
1640 3395 1652 3407 ·
1681 3380 1764 3441 τίς
1812 3380 1912 3433 οὐκ

337 3470 403 3521 ἂν
456 3470 600 3539 ἡμᾶς
652 3471 1005 3536 συκοφαντεῖν
1043 3469 1336 3538 ᾐτιάσατο,
1376 3469 1450 3533 ὡς
1506 3471 1752 3542 περινοίᾳ
1805 3473 1910 3524 τινὶ

334 3561 506 3630 λόγων
565 3563 697 3631 πρὸς
751 3565 848 3632 τὴν
901 3562 1129 3615 ἀτοπίαν
1190 3563 1394 3633 ταύτην
1459 3564 1520 3616 τὸ
1571 3564 1744 3634 δόγμα
1803 3564 1910 3616 τῶν

335 3653 665 3708 ὑπεναντίων
694 3653 1050 3716 ἐκϐάλλοντας
1073 3671 1087 3719 ;
1111 3654 1248 3706 Νυνὶ
1272 3655 1328 3706 δέ
1355 3657 1646 3726 συνηγορία
1663 3657 1745 3721 τίς
1773 3659 1908 3724 ἐστι,

333 3745 426 3798 τοῦ
454 3746 923 3816 πεφροντισμένως
949 3747 1094 3814 ἡμᾶς
1119 3745 1255 3815 μετά
1276 3748 1373 3814 τῆς
1395 3746 1648 3817 ἀληθείας
1670 3748 1910 3802 εὐθύνειν

335 3838 424 3891 τὸν
458 3838 554 3906 τῆς
583 3837 846 3907 αίρὲσεως
875 3836 1050 3904 λόγον,
1079 3837 1139 3889 τὸ
1169 3836 1302 3906 μηδέ
1333 3840 1459 3908 παρ’
1486 3839 1664 3891 αὐτῶν
1689 3839 1911 3893 ἐκείνων

335 3929 432 4000 τὴν
465 3928 604 3981 κατά
633 3928 693 3980 τὸ
731 3927 1020 3980 ἀκόλουθον
1053 3929 1488 3998 ἀναφαινομένην
1515 3930 1742 3983 ἀτοπίαν
1780 3948 1910 3983 σιω-

337 4019 592 4088 πηθῆναι.
631 4018 759 4070 Ἰδοὺ
783 4018 892 4088 γάρ
921 4018 1037 4081 πῶς
1063 4019 1522 4090 ἀπαρακάλυπτός
1545 4023 1660 4073 ἐστι
1687 4022 1780 4074 καὶ
1814 4040 1911 4075 πε-

337 4111 794 4184 παρρησιασμένη
823 4113 856 4181 ή
897 4111 1038 4163 κατά
1079 4109 1172 4162 τοῦ
1224 4110 1542 4180 μονογενοῦς
1569 4111 1702 4165 Θεοῦ
1739 4115 1906 4185 μάχη³

336 4200 516 4256 καὶτὸ
561 4205 698 4253 κατὰ
739 4200 1145 4270 φιλανθρωπίαν
1182 4201 1340 4271 ἔργον
1385 4202 1604 4274 διαϐολὴ
1650 4203 1743 4256 καὶ
1781 4221 1912 4258 κατ-

336 4295 533 4364 ηγορία
575 4293 672 4363 τῆς
721 4291 813 4344 τοῦ
869 4290 998 4344 Υἱοῦ
1031 4291 1123 4344 τοῦ
1167 4291 1298 4343 Θεοῦ
1353 4291 1568 4362 φύσεως
1609 4295 1762 4365 παρά
1802 4295 1910 4348 τῶν

339 4385 550 4456 ἐχθρῶν
582 4382 869 4454 ἐνομίσθη,
917 4381 993 4446 ὡς
1026 4382 1148 4452 οὐχὶ
1192 4382 1583 4453 προνοητικῶς,
1632 4383 1766 4439 ἀλλὰ
1811 4404 1911 4456 φυ.

2001 573 2122 624 qua:
2158 559 2210 613 in
2241 559 2400 617 Patre
2429 565 2833 620 consideratur.
2869 567 3025 632 Quod
3057 569 3100 622 si
3137 569 3372 624 Verbum
3404 571 3572 626 etiam

2003 648 2055 702 in
2088 665 2252 706 carne
2283 653 2508 719 factum,
2540 655 2775 709 Verbum
2810 669 3014 721 manet,
3050 668 3102 713 et
3133 661 3220 713 lux
3258 661 3474 715 etiamsi
3519 661 3576 715 in

2003 744 2243 800 tenebris
2275 747 2471 803 luceat.
2501 749 2854 805 nihilominus
2883 751 2972 804 lux
3004 760 3110 816 est,
3131 753 3389 806 contrarii
3421 769 3578 808 com—

2002 837 2314 891 n'mnionem
2375 855 2485 892 non
2546 842 2876 906 admittens;
2925 854 2974 894 et.
3037 845 3144 897 vita
3205 847 3456 913 quamvis
3517 845 3573 899 in

2005 933 2178 980 morte
2209 926 2391 990 fuerit,
2445 930 2501 984 in
2542 932 2722 1000 seipsa
2754 943 3145 1000 conservatur;
3201 942 3254 987 et
3297 935 3440 990 Deus
3470 935 3574 991 etsi

2003 1018 2143 1069 servi
2182 1016 2408 1072 formam
2443 1019 2640 1082 induit,
2674 1038 2782 1076 non
2812 1023 2929 1093 ipse
2961 1041 3151 1080 servus
3207 1027 3456 1088 elﬁcitur,
3477 1029 3572 1084 sed

2005 1107 2070 1159 ad
2093 1109 2520 1165 dominationem
2542 1122 2594 1167 et
2607 1131 2831 1184 regnum
2855 1118 3066 1170 extollit
3089 1121 3232 1188 quod
3257 1121 3572 1189 subjicitur,

2007 1195 2291 1251 Dominum
2329 1209 2381 1253 et
2407 1200 2686 1257 Christum
2714 1204 2920 1261 faciens
2947 1208 3092 1276 quod
3131 1208 3336 1264 humile
3369 1223 3422 1264 et
3471 1212 3575 1264 hu-

2004 1304 2224 1343 manum
2261 1303 2344 1346 est
2371 1309 2385 1346 :
2415 1297 2689 1362 quomodo
2723 1297 2824 1353 iste
2875 1299 2930 1352 in
2970 1299 3214 1354 deterius
3258 1301 3434 1356 lucem
3475 1303 3578 1356 im-

2005 1389 2268 1435 mutatam
2299 1397 2422 1438 esse
2451 1384 2810 1454 demonstrat,
2857 1403 2981 1443 cum
3014 1399 3244 1460 utraque
3276 1407 3375 1447 nec
3404 1393 3458 1447 in
3493 1394 3576 1447 vi-

2005 1473 2141 1526 tium
2176 1476 2312 1529 verti
2347 1491 2449 1530 nec
2481 1477 2755 1534 immutari
2805 1483 3017 1550 possit?
3047 1483 3180 1538 Cum
3237 1501 3415 1554 neque
3470 1486 3576 1540 hoc

2007 1564 2424 1632 animadvertat,
2482 1571 2610 1638 quia
2669 1574 2762 1640 qui
2817 1575 3160 1629 incarnatum
3209 1574 3449 1630 Verbum
3491 1578 3578 1632 in-

2008 1655 2180 1711 tuitus
2211 1667 2314 1718 est,
2348 1661 2438 1728 qui
2469 1670 2587 1715 erat
2617 1671 2672 1717 et
2712 1664 2824 1727 lux,
2855 1674 2906 1719 et
2929 1666 3058 1730 vita,
3092 1675 3146 1720 et
3177 1667 3342 1730 Deus,
3373 1685 3576 1739 cogno-

2008 1747 2086 1800 vit
2111 1764 2206 1817 per
2237 1751 2465 1820 gloriam
2505 1769 2626 1821 quae
2659 1756 2774 1810 visa
2806 1767 2910 1819 est,
2963 1756 3177 1811 Patrem
3209 1759 3413 1828 gloriaz,
3451 1775 3574 1814 cum

2007 1839 2174 1895 dixit:
2215 1842 2451 1896 Vidimus
2480 1844 2706 1912 gloriam
2744 1846 2880 1915 ejus,
2939 1847 3168 1916 gloriam
3224 1849 3381 1916 quasi
3441 1848 3574 1903 Uni-

2006 1934 2169 2004 gem'tt'
2203 1951 2236 1988 a
2270 1933 2432 1989 Patre
2463 1937 2530 1986 ”.

2079 2109 2185 2167 Sed
2224 2111 2370 2165 venit
2425 2111 2491 2164 ad
2548 2110 2923 2166 refractarium
2978 2119 3032 2166 et
3087 2111 3576 2165 contraluctantem

2010 2218 2314 2258 Sermonem
2353 2217 2382 2256 a
2435 2204 2592 2257 nobis
2625 2202 2832 2273 pridem
2868 2218 2933 2257 ex
2966 2201 3360 2272 consequentia
3404 2201 3580 2254 dicto-

2009 2311 2128 2350 rum
2159 2295 2577 2364 deprehensum,
2629 2310 2775 2349 nunc
2827 2303 3008 2348 autem
3059 2293 3201 2348 nuda
3235 2308 3366 2348 voce
3401 2294 3581 2362 prola-

2009 2395 2161 2449 tum;
2209 2386 2323 2438 vult
2363 2387 2504 2438 enim
2559 2385 2851 2454 quamdam
2907 2384 3190 2438 aﬂ‘ectibus
3245 2385 3460 2453 plenam
3522 2389 3578 2437 et

2009 2479 2170 2530 morti
2220 2476 2510 2529 obnoxiam
2565 2492 2593 2530 a
2646 2477 2912 2529 materiali
2971 2485 3026 2529 et
3067 2474 3209 2528 ﬂuxa
3245 2485 3438 2528 natura
3472 2474 3580 2526 mi--

2009 2568 2155 2622 nime
2188 2566 2524 2621 diﬂ‘erenlem
2575 2567 2692 2620 Filii
2740 2567 3036 2622 essentiam
3085 2567 3489 2630 demonstrare,
3519 2575 3579 2619 ut

2009 2672 2106 2726 per
2128 2656 2230 2711 hoc
2256 2671 2378 2710 cum
2409 2655 2570 2710 Patre
2595 2655 2952 2711 dill‘erentiam
2972 2655 3244 2710 ostendat.
3285 2655 3373 2708 Ait
3398 2655 3572 2718 enim,

2005 2744 2288 2814 Siquidem
2310 2753 2489 2814 potest
2508 2748 2884 2802 demonstrare
2913 2754 2965 2800 et
2996 2747 3161 2800 Deum
3187 2747 3275 2812 qui
3299 2755 3382 2800 est
3417 2761 3583 2815 super

2010 2838 2217 2901 omnia,
2243 2845 2304 2889 ut
2334 2845 2416 2890 est
2448 2839 2536 2891 lux
2579 2837 2880 2899 inaccessa,
2934 2837 2986 2889 in
3021 2852 3185 2891 carne
3223 2835 3429 2890 factum
3460 2851 3585 2890 esse

2013 2932 2094 2986 vel
2131 2931 2243 2984 ﬁeri
2279 2945 2460 2999 posse,
2492 2930 2594 2983 sub
2620 2936 2943 2998 potestatem
2984 2927 3223 2991 venisse,
3253 2935 3306 2979 et
3337 2927 3585 2994 imperiis

2012 3023 2303 3084 obediisse.
2366 3023 2574 3092 legibus
2639 3021 2893 3076 humanis
2937 3020 3204 3089 paruisse,
3240 3033 3456 3073 crucem
3489 3025 3580 3071 tu-

2012 3114 2175 3168 lisse:
2222 3113 2483 3181 aequalem
2533 3111 2679 3165 dicat
2721 3111 2830 3164 luci
2874 3111 3068 3164 lucem.
3109 3109 3166 3161 Si
3198 3109 3310 3163 haec
3349 3123 3378 3162 a
3423 3108 3586 3162 nobis

2013 3203 2408 3273 proferrentur,
2443 3210 2630 3271 utpote
2661 3217 2756 3270 per
2817 3215 2880 3256 ea
2911 3216 3033 3269 quae
3072 3201 3227 3270 prius
3259 3207 3585 3270 praestructa

2013 3297 2232 3350 fuerunt
2259 3311 2322 3349 ex
2352 3295 2742 3349 consecutione
2770 3294 3230 3363 excogitantibus,
3278 3308 3386 3346 non
3435 3293 3586 3347 illius

2014 3389 2237 3442 vocibus
2300 3386 2740 3452 conscntientia,
2797 3387 2920 3456 quis
2980 3401 3079 3440 nos
3125 3401 3232 3439 nou
3298 3392 3587 3441 accusaret

2011 3479 2298 3532 calumniis
2358 3479 2652 3546 impetere,
2709 3486 2762 3531 et
2820 3477 3112 3532 verborum
3176 3477 3411 3545 quadam
3485 3492 3580 3530 so-

2013 3565 2166 3618 lertia
2189 3574 2241 3618 et
2270 3563 2419 3618 vafra
2443 3567 2900 3619 commentatione
2925 3565 2990 3618 ad
3020 3565 3162 3618 hanc
3185 3565 3582 3621 absurditatem

2013 3655 2448 3710 adversariorum
2465 3655 2660 3724 dogma
2674 3655 3003 3725 propellere?
3033 3655 3189 3711 Nunc
3207 3663 3386 3710 autem
3403 3665 3586 3726 patro-

2012 3747 2216 3800 cinium
2258 3747 2531 3816 quoddam
2577 3754 2680 3810 est,
2711 3747 2856 3814 quod
2891 3747 3191 3815 prudenter
3241 3755 3295 3801 et
3343 3746 3586 3800 sollicite

2012 3850 2115 3889 nos
2160 3851 2284 3889 cum
2319 3835 2547 3890 veritate
2580 3835 2849 3889 haereseos
2883 3850 3190 3889 sermonem
3236 3837 3585 3906 corrigimus,

2014 3925 2156 3998 quod
2181 3941 2354 3994 neque
2381 3925 2450 3978 ab
2481 3925 2588 3979 illis
2619 3924 2754 3993 ipsis
2797 3940 2917 3994 quae
2949 3941 3015 3980 ex
3041 3928 3398 3994 consequenti
3419 3941 3587 3996 appa-

2013 4029 2092 4073 ret
2135 4019 2448 4073 absurditas
2487 4017 2705 4071 silentio
2741 4017 3068 4070 involvatur.
3113 4016 3410 4072 Ecceenim
3445 4034 3585 4089 quo-

2014 4112 2174 4164 modo
2201 4118 2386 4179 aperta
2415 4117 2498 4163 est
2526 4115 2582 4162 et
2622 4108 2791 4161 libera
2837 4115 3028 4161 contra
3051 4109 3390 4178 unigenitum
3413 4108 3583 4164 Deum

2013 4215 2213 4270 pugna.
2250 4198 2398 4267 Opus
2427 4198 2723 4265 quinetiam
2757 4196 2901 4266 quod
2941 4213 3040 4267 pro
3067 4212 3165 4253 sua
3202 4199 3255 4253 in
3284 4214 3457 4269 genus
3482 4200 3585 4253 hu-

2014 4307 2235 4345 manum
2309 4289 2688 4344 benevolentia
2730 4286 3064 4358 Redemptor
3116 4289 3450 4358 adimpievit,
3524 4291 3582 4345 in

2014 4382 2341 4438 calumniam
2368 4389 2420 4435 et
2455 4380 2784 4450 vituperium
2814 4389 3024 4434 natura:
3070 4379 3192 4433 Filii
3230 4380 3320 4434 Dei
3354 4381 3422 4434 ab
3473 4381 3584 4434 ini-

338 4476 508 4538 σικῶς
545 4474 705 4527 αὑτοῦ
754 4474 888 4544 πρὸς
927 4473 1020 4524 τὸν
1058 4474 1114 4525 ἐν
1162 4474 1323 4544 σαρκὶ
1367 4473 1513 4544 βίον,
1560 4478 1655 4529 καὶ
1704 4477 1765 4529 τὸ
1812 4477 1905 4530 τοῦ

2016 4475 2172 4530 micis
2200 4475 2464 4528 vertitur:
2491 4473 2648 4542 quasi
2676 4488 2786 4526 non
2833 4489 2900 4528 ex
2946 4488 3044 4526 sua
3082 4472 3446 4542 providentia,
3488 4474 3586 4530 sed

337 4565 571 4637 σταυροῦ
609 4564 777 4626 πάθος
810 4564 1314 4634 κατολισθὴσαντος.
1370 4567 1477 4618 Καὶ
1522 4565 1710 4637 ῶσπερ
1749 4567 1910 4636 φύσις

336 4659 452 4711 ἐστὶ
481 4657 558 4726 τῷ
580 4655 713 4726 λίθῳ
745 4657 778 4724 ὴ
815 4655 906 4707 ἐπὶ
951 4654 1012 4706 τὸ
1036 4655 1186 4708 κάτω
1229 4656 1368 4726 φορά
1387 4698 1402 4721 ,
1450 4657 1544 4710 καὶ
1584 4658 1661 4728 τῷ
1691 4660 1823 4730 πυρὶ
1849 4661 1910 4714 τὸ

337 4749 602 4819 ἔμπαλιν,
668 4749 761 4800 καὶ
808 4747 907 4799 οὐκ
953 4747 1550 4817 ἀντιμεταλαμϐάνουσι
1603 4751 1702 4813 τὰς
1749 4751 1911 4822 ἀλλή-

335 4842 442 4894 λων
472 4840 734 4909 ἰδιότητας
767 4840 822 4891 αἱ
869 4837 1022 4899 ὕλαι,
1059 4837 1198 4890 ῶστε
1238 4839 1490 4910 ἀνωφερῆ
1530 4841 1624 4911 μὲν
1654 4837 1793 4895 εἶναι
1817 4842 1910 4895 τὸν

334 4932 500 4994 λίθον,
535 4930 738 5001 βρίθειν
763 4929 818 4980 δὲ
851 4928 912 4980 τὸ
940 4928 1049 4998 πῦρ
1074 4929 1166 4982 ἐπὶ
1201 4929 1262 4980 τὸ
1299 4931 1450 4982 κάτω
1471 4932 1794 5002 φερόμενον·
1827 4932 1912 4985 οὗ.

335 5041 441 5086 τως
482 5020 970 5084 κατασκευάζουσι,
1026 5023 1092 5090 τῇ
1138 5021 1234 5089 μὲν
1283 5019 1375 5072 τοῦ
1405 5021 1534 5074 Υίοῦ
1579 5023 1736 5090 φύσει
1781 5041 1908 5077 συν-

334 5112 663 5166 οικειοῦσοαι
697 5111 765 5164 τὰ
793 5110 962 5180 πάθη,
995 5112 1087 5162 καὶ
1114 5110 1200 5163 διὰ
1229 5111 1384 5164 τοῦτο
1405 5116 1539 5182 πρὸς
1565 5114 1624 5166 τὸ
1655 5114 1912 5182 συγγενὲς

337 5205 498 5272 ἑαυτῇ
525 5203 616 5253 καὶ
635 5203 830 5254 οἰκεῖον
865 5200 1036 5252 ἐλθεῖν
1052 5218 1064 5230 ο
1091 5202 1188 5269 τὴν
1213 5200 1268 5252 δὲ
1282 5200 1374 5252 τοῦ
1392 5202 1598 5273 [ἰατρὸς
1621 5203 1910 5274 ἐλευθέραν

334 5288 500 5343 οὖσαν
528 5289 634 5340 τῶν
662 5289 916 5342 τοιούτων
951 5288 1157 5355 παθῶν,
1207 5289 1498 5359 ἀπρόσιτον
1531 5289 1668 5346 εἶναι
1698 5297 1763 5363 τῇ
1800 5293 1910 5346 τῶν

335 5381 521 5432 κακῶν
547 5381 841 5450 προσϐολῇ.
875 5382 1012 5451 Φησὶ
1040 5380 1147 5450 γὰρ
1174 5380 1264 5432 τὸν
1288 5383 1379 5434 ἐπὶ
1407 5382 1622 5435 πάντων
1643 5382 1791 5440 Θεὸν.
1819 5384 1909 5435 δσ-

337 5490 442 5542 περ
467 5475 612 5525 ἐστὶν
639 5475 930 5545 ἀπρόσιτον
962 5475 1096 5543 φῶς,
1137 5477 1272 5545 μήτε
1304 5476 1590 5546 γενόμενον
1626 5479 1682 5530 ἐν
1724 5479 1908 5549 σαρκὶ,

340 5568 477 5636 μήτε
504 5566 753 5635 γενέσθαι
779 5568 1071 5640 δυνάμενον
1093 5587 1106 5600 °
1142 5571 1301 5640 ἢρκει
1331 5569 1390 5623 τὸ
1419 5571 1683 5642 πρότερον
1707 5571 1816 5625 τῶν
1837 5575 1912 5626 εἰ·

413 5744 456 5774 "
483 5739 638 5797 Joau.
678 5759 718 5808 ι,
747 5741 831 5798 Η.

2011 4567 2248 4621 naturali
2281 4565 2515 4635 quadam
2551 4565 2918 4634 propensione
2945 4565 3002 4620 in
3045 4566 3213 4619 vitam
3261 4581 3584 4634 corpoream

2011 4666 2066 4712 et
2084 4657 2266 4712 crucis
2317 4656 2629 4725 passionem
2673 4655 2930 4725 delapsus
2973 4656 3063 4711 sit.
3115 4655 3182 4709 Et
3229 4657 3588 4726 quemadmo-

2011 4749 2139 4803 dum
2173 4749 2424 4803 naturale
2453 4756 2537 4803 est
2570 4747 2734 4817 lapidi
2762 4753 2819 4800 ut
2844 4747 3103 4804 deorsum
3139 4747 3318 4811 cadat,
3377 4758 3431 4802 et
3472 4748 3583 4817 igni

2011 4849 2203 4895 contra
2238 4848 2296 4894 ut
2321 4856 2540 4894 sursum
2575 4838 2815 4900 feratur,
2860 4853 2961 4892 nec
3005 4838 3246 4892 materia:
3279 4839 3586 4907 proprieta-

2015 4941 2098 4989 tes
2141 4934 2281 4987 inter
2333 4948 2392 4987 se
2432 4932 2488 4986 in
2540 4931 2876 4986 contrarium
2925 4937 3176 4991 mutant,
3241 4930 3314 4983 ita
3340 4938 3398 4982 ut
3449 4931 3589 5000 lapis

2015 5041 2233 5081 sursum
2263 5024 2489 5089 feratur,
2521 5034 2574 5078 et
2621 5023 2763 5093 ignis
2786 5023 3052 5093 gravitate
3101 5021 3356 5077 deorsum
3405 5023 3590 5093 depri-

2019 5125 2204 5170 matur
2239 5135 2252 5170 :
2287 5116 2367 5169 sic
2393 5123 2749 5184 prastruunt,
2774 5129 2897 5168 cum
2935 5111 3056 5166 Filii
3087 5120 3278 5165 natura
3304 5115 3587 5182 passiones

2015 5207 2182 5272 coire,
2225 5215 2278 5261 et
2307 5214 2528 5276 propter
2556 5206 2658 5258 hoc
2683 5206 2748 5258 ad
2779 5214 3068 5274 cognatum
3101 5204 3310 5274 sibiipsi
3351 5214 3404 5258 et
3428 5204 3587 5258 fami-

2016 5300 2152 5353 liare
2189 5301 2371 5354 venire
2399 5315 2413 5352 :
2441 5297 2621 5351 Patris
2649 5311 2778 5349 vero
2815 5306 3086 5357 naturam,
3134 5311 3257 5349 cum
3287 5296 3355 5348 ab
3387 5295 3582 5364 hujus-

2019 5388 2165 5442 modi
2217 5388 2566 5459 passionibus
2615 5387 2686 5440 sit
2735 5386 2927 5445 libera.
2974 5385 3239 5440 malorum
3291 5387 3588 5456 appropin-

2017 5480 2261 5551 quationi
2293 5479 2649 5532 inaccessam.
2681 5475 2818 5530 Dicit
2843 5477 2984 5530 enim
3008 5475 3174 5529 Deum
3207 5476 3299 5545 qui
3322 5486 3405 5530 est
3424 5491 3590 5546 super

2018 5571 2224 5636 omnia,
2256 5571 2349 5640 qui
2382 5569 2601 5639 quidem
2661 5578 2747 5624 est
2803 5567 2894 5620 lux
2958 5568 3262 5633 inaccessa,
3296 5582 3471 5639 neque
3509 5568 3590 5622 fa-
