4142 6374
513 379 620 438 899

1759 371 1819 427 S.
1859 367 2183 426 GREGORII
2219 367 2511 425 NYSSENI

3661 370 3774 425 900

513 507 663 549 ctum
697 491 752 546 in
783 505 968 558 carne,
1003 505 1182 562 neque
1211 490 1325 546 ﬁeri
1356 505 1549 561 posse:
1589 492 1734 563 quod
1769 493 1922 563 prius
1963 491 2073 545 dic-

2204 489 2440 560 πημένων
2467 491 2636 542 εἰπεῖν
2665 503 2677 514 ·
2729 488 2811 540 ὃτι
2849 490 2876 542 6
2913 488 3097 559 Πατὴρ
3124 489 3222 540 οὐκ
3247 491 3304 541 ἐν
3337 488 3498 558 σαρκὶ
3526 489 3766 555 ἐγένετο.

513 591 628 638 tum
668 583 792 643 fuit,
848 585 984 636 satis
1025 593 1143 637 erat
1195 582 1418 646 dixisse,
1467 583 1612 652 quod
1655 581 1812 636 Pater
1873 597 1980 635 non
2035 581 2090 634 in

516 689 682 728 carne
713 674 888 727 factus
918 682 1039 739 est;
1083 688 1230 727 nunc
1263 682 1442 726 autem
1480 674 1677 742 duplex
1713 671 1958 742 quaedam
2009 679 2092 726 est

517 781 614 836 per
644 765 1004 834 adjectionem
1033 765 1254 818 absurdi
1297 765 1589 818 astructio.
1645 764 1740 820 Vel
1766 765 1912 819 enim
1972 761 2089 816 Filii

517 865 738 911 accusat
791 857 1005 920 vitium,
1046 858 1126 912 vel
1176 855 1356 909 Patris
1396 856 1796 925 impotentiam.
1852 854 1908 908 Si
1946 856 2089 909 enim

517 950 716 1003 malum
749 957 829 1001 est
861 949 1040 1003 carnis
1097 949 1436 1006 communio,
1469 948 1749 1016 unigenito
1767 946 1876 1000 Deo
1902 946 2090 1020 vitium

518 1041 779 1110 assignat;
825 1041 867 1093 si
903 1055 1030 1094 vero
1058 1039 1258 1094 bonum
1307 1049 1415 1100 est,
1450 1039 1564 1093 haec
1594 1039 1645 1092 in
1687 1053 1858 1107 genus
1899 1039 2092 1091 huma-

519 1145 648 1184 num
697 1130 1068 1184 benevolentia
1111 1127 1325 1182 Patrem
1369 1129 1437 1182 ad
1484 1130 1685 1182 bonum
1740 1129 2090 1198 impotentem

517 1235 638 1276 esse
677 1220 933 1284 ostendit,
966 1220 1154 1274 dicens
1184 1223 1360 1290 ipsum
1396 1237 1502 1274 non
1556 1221 1799 1290 potuisse
1857 1236 1951 1286 per
1974 1235 2095 1274 car-

519 1328 644 1366 nem
695 1312 858 1364 talem
888 1311 1119 1381 gratiam
1157 1313 1391 1380 operari.
1461 1313 1528 1364 At
1573 1312 1697 1379 quis
1729 1314 1970 1364 omnium
2002 1325 2095 1364 ne-

520 1404 646 1468 scit,
693 1403 832 1472 quod
869 1401 1016 1456 Sicut
1046 1402 1207 1457 Pater
1241 1405 1485 1470 vivi/ient,
1530 1405 1604 1458 sic
1648 1413 1697 1456 et
1741 1402 1916 1456 Filius
1946 1410 2092 1471 'quos

519 1496 628 1550 vult
662 1496 891 1564 viviﬁcat
920 1495 1008 1546 “?
1061 1511 1159 1550 nos
1199 1495 1449 1550 videlicet
1481 1505 1721 1548 umrtuos
1754 1494 1942 1547 dicens
2000 1493 2092 1562 qui

519 1602 550 1640 a
584 1602 710 1641 vera
752 1587 860 1640 vita
905 1587 1225 1642 excidimus.
1287 1586 1342 1640 Si
1399 1588 1564 1657 igitur
1627 1586 2086 1657 quemadmodum

519 1679 680 1733 Pater
711 1679 965 1742 vivificat,
1005 1681 1084 1733 sic
1132 1696 1237 1732 non
1272 1681 1428 1732 aliter
1462 1678 1631 1733 Filius
1681 1678 1925 1732 eamdem
1966 1692 2094 1746 Ope-

520 1781 674 1826 ratur
697 1773 944 1842 gratiam,
979 1773 1250 1840 quomodo
1290 1770 1398 1824 Deo
1429 1770 1644 1824 rebellis
1677 1780 1731 1824 et
1766 1785 1976 1840 pugnax
1998 1769 2089 1820 ad-

2191 581 2329 634 Νυνὶ
2351 581 2407 633 δέ
2423 580 2581 650 διπλῆ
2599 579 2680 642 τίς
2695 581 2809 632 ἐστι
2831 579 2917 632 διά
2944 580 3043 649 τῆς
3060 579 3377 650 προσθήκης
3397 583 3428 650 ἡ
3449 580 3540 632 τοῦ
3563 582 3767 635 ἀτόπου

2192 673 2524 742 κατασκευή.
2537 672 2605 723 Ἢ
2617 670 2724 741 γὰρ
2739 670 2964 723 τοῦΥίοῦ
2979 673 3274 740 κατηγορεῖ
3285 671 3538 741 κακίαν.ἢ
3553 671 3644 724 τοῦ
3660 673 3772 724 [Ια-

2191 762 2316 832 τρὸς
2340 761 2652 831 ἀδυναμίαν.
2688 763 2749 814 Εί
2779 764 2874 830 μὲν
2897 761 3004 832 γάρ
3034 761 3201 814 κακὸν
3237 762 3387 832 ήτῆς
3419 763 3619 832 σαρκὸς
3647 781 3769 815 κοι-

2194 851 2466 921 νωνία,τῷ
2486 851 2890 922 μονογενεῖΘεῷ
2911 855 3326 922 προσμαρτυρεῖ
3343 853 3443 921 τὴν
3463 853 3658 905 κακίαν
3679 871 3688 880 ·
3713 855 3768 905 ει

2192 943 2249 995 δὲ
2269 943 2468 1012 ἀγαθὸν
2487 945 2519 1014 ή
2548 943 2940 1014 φιλανθρωπία,
2960 942 3214 996 ἀδύνατον
3235 947 3314 1006 είς
3340 944 3399 996 τὸ
3418 944 3616 1011 ἀγαθὸν
3636 945 3772 996 ἀπο-

2192 1034 2432 1088 δείκνυσι
2458 1034 2548 1087 τὸν
2581 1033 2823 1104 Πατέρα,
2865 1033 3038 1101 λέγων
3087 1035 3160 1105 μὴ
3195 1035 3259 1087 ἂν
3289 1035 3450 1087 αὑτὸν
3474 1035 3768 1105 δυνηθῆναι

2191 1125 2288 1196 τὴν
2311 1125 2562 1195 τοιαύτην
2585 1126 2742 1196 χάριν
2766 1125 2854 1177 διὰ
2881 1127 3080 1196 σαρκὸς
3121 1127 3427 1196 ἐνεργῆσαι.
3465 1129 3656 1180 Καίτοι
3680 1131 3769 1192 τίς

2193 1219 2291 1271 οὐκ
2334 1215 2440 1271 οἶδε
2471 1220 2577 1270 τῶν
2610 1218 2846 1280 πάντων,
2889 1217 2970 1269 ὅτι
3021 1217 3116 1282 Ὡς
3149 1221 3181 1271 ὀ
3234 1217 3436 1285 Πατὴρ
3467 1219 3764 1287 ζωοποιὸς,

2193 1310 2381 1373 οὕτως
2419 1309 2512 1362 καὶ
2549 1313 2581 1362 ό
2608 1309 2739 1373 Υἱὸς
2783 1307 2892 1374 οὓς
2921 1308 3080 1362 θέλει
3116 1308 3411 1373 ζωοποιεῐ;
3472 1310 3645 1379 Ἦμᾶς
3674 1313 3767 1382 δη-

2193 1401 2325 1471 λαδὴ
2347 1401 2571 1471 νεκροὺς
2605 1399 2776 1468 λέγων
2804 1401 2928 1462 τοὺς
2960 1400 3060 1470 τῆς
3103 1399 3358 1470 ἀληθινῆς
3396 1402 3767 1467 ἀποπεσόντας

2194 1490 2356 1560 ζωῆς.
2391 1491 2454 1545 Εἰ
2483 1486 2573 1543 οὖν
2598 1491 2784 1560 ὥσπερ
2813 1493 2840 1543 6
2864 1492 3050 1562 Πατὴρ
3072 1491 3341 1557 ζωοποιεῖ,
3369 1494 3530 1558 οὕτω,
3550 1497 3640 1548 καὶ
3667 1499 3768 1550 οὐκ

2194 1582 2366 1644 ἄλλως
2388 1585 2414 1634 ὁ
2438 1583 2562 1646 Υἱὸς
2591 1584 2688 1653 τὴν
2719 1583 2887 1652 αὐτὴν
2912 1586 3124 1654 ἐνεργεῖ
3146 1585 3304 1654 χάριν
3329 1601 3341 1613 ·
3373 1585 3489 1647 πῶς
3517 1588 3544 1638 6
3571 1586 3769 1658 θεομά-

2194 1691 2288 1743 χος
2321 1675 2439 1725 κατ’
2481 1674 2803 1744 ἀμφοτέρων
2833 1676 2971 1726 κινεῖ
3007 1674 3102 1744 τὴν
3140 1674 3454 1745 βλάσφημον
3480 1677 3763 1745 γλῶσσαν;

2193 1765 2284 1818 τὸν
2313 1767 2410 1836 μὲν
2441 1767 2661 1836 Πατέρα
2686 1769 2750 1836 τῇ
2789 1767 2922 1835 πρὸς
2943 1766 3002 1818 τὸ
3038 1768 3236 1835 ἀγαθὸν
3266 1769 3553 1839 ἀδυναμία..
3596 1772 3685 1824 τὸν
3711 1773 3769 1825 δὲ.

520 1880 712 1918 versus
739 1864 926 1918 ambos
955 1863 1170 1931 impiam
1203 1871 1256 1914 et
1275 1862 1590 1915 maledicam
1613 1863 1789 1914 vibrat
1813 1861 2049 1931 linguam
2072 1899 2086 1921 ,

2204 1832 2324 1910 Υίὺν
2344 1860 2408 1928 τῇ
2441 1857 2576 1928 πρὸς
2592 1832 2660 1909 ⁷’τὸ
2689 1832 2853 1910 κακὸν
2880 1832 3169 1928 οἰκειότητι
3205 1832 3567 1931 καθυϐρίϋζωνς
3629 1863 3766 1915 Ἀλλ’

520 1954 734 2009 Patrem
767 1954 982 2025 quidem
1018 1953 1082 2006 ad
1115 1955 1313 2006 bonum
1346 1953 1688 2022 impotentia,
1720 1951 1916 2006 Filium
1963 1966 2091 2004 vero

523 2045 590 2099 ad
626 2045 823 2098 malum
887 2058 1054 2114 prona
1122 2043 1486 2096 familiaritate
1542 2043 1932 2096 contumeliose
1982 2049 2091 2093 tra-

523 2134 716 2189 etans?
748 2132 854 2188 Sed
882 2149 988 2187 non
1042 2141 1145 2194 est,
1189 2133 1384 2201 inquit,
1423 2133 1511 2186 lux
1551 2132 1654 2185 luci
1686 2132 1940 2201 aequalis,
1972 2146 2092 2198 pro-

523 2237 705 2296 pterea
736 2225 879 2295 quod
932 2225 1019 2276 illa
1044 2224 1260 2293 quidem
1305 2238 1455 2289 vera,
1489 2224 1602 2277 haec
1633 2238 1763 2276 vero
1813 2224 2091 2276 inaccessa

524 2318 744 2371 dicitur.
795 2315 909 2370 Lux
966 2316 1129 2384 igitur
1184 2331 1310 2370 vera
1362 2315 1750 2368 imminutione
1805 2313 2095 2367 censetur?

525 2408 1105 2478 Quamobrem?Atqui
1143 2407 1359 2460 illorum
1396 2415 1479 2462 est
1524 2422 1725 2468 seruio,
1782 2406 1924 2475 quod
1969 2421 2095 2475 pro-

524 2509 707 2571 pterea
733 2500 972 2568 majorct
1001 2498 1267 2553 excelsior
1300 2496 1478 2551 Patris
1506 2498 1764 2552 divinitas
1787 2513 1948 2567 quam
1975 2495 2094 2550 Filii

526 2591 864 2662 intelligitur,
905 2607 970 2645 eo
1011 2590 1156 2660 quod
1216 2589 1306 2642 ille
1365 2588 1586 2657 quidem
1633 2603 1795 2641 verus
1851 2587 1996 2641 Deus
2039 2588 2094 2640 in

526 2683 818 2752 Evangelio
844 2691 1068 2736 voratus
1103 2690 1187 2735 est
1239 2701 1251 2736 :
1299 2681 1385 2735 hic
1420 2688 1598 2734 autem
1646 2682 1764 2734 sine
1808 2681 1915 2733 reri
1953 2679 2100 2747 adje-

527 2775 724 2830 ctione.
751 2773 1034 2838 Quomodo
1091 2774 1258 2842 igitur
1304 2771 1492 2825 eadem
1525 2772 1662 2825 ratio
1714 2772 1766 2824 in
1816 2771 2098 2825 divinitate

525 2865 744 2938 quidem
767 2866 1147 2926 accretionem,
1172 2867 1224 2918 in
1247 2865 1367 2918 luce
1386 2879 1512 2918 vero
1535 2865 1964 2917 imminutionem
1983 2863 2100 2929 ejus

527 2958 672 3028 qttod
705 2957 1037 3026 intelligitur,
1072 2955 1384 3025 significat?
1446 2953 1501 3007 Si
1538 2955 1682 3008 enim
1725 2955 1795 3008 ob
1823 2970 1938 3006 eam
1982 2969 2103 3007 cau-

529 3069 645 3108 sam
706 3049 920 3104 Patrem
955 3046 1093 3102 Filio
1123 3031 1382 3118 majorem
1434 3054 1742 3107 autumant,
1781 3045 1908 3113 quia
1940 3061 2102 3100 verus

2190 1949 2290 2002 οὐκ
2328 1948 2462 2012 ἐστι,
2497 1949 2650 2018 φησι,
2686 1949 2763 2018 τῷ
2807 1951 2944 2018 φωτὶ
2975 1950 3034 2002 τὸ
3065 1950 3177 2019 φῶς
3205 1947 3316 2004 ἴσον
3340 1968 3353 1980 ·
3405 1952 3536 2006 διότι
3577 1954 3637 2006 τὸ
3670 1955 3768 2024 μὲν

2191 2039 2460 2110 ἀληθινὸν,
2487 2039 2548 2092 τὸ
2579 2039 2636 2093 δὲ
2687 2041 2977 2111 ἀπρόσιτον
3001 2041 3234 2109 λέγεται.
3300 2043 3372 2095 Τὸ
3404 2039 3494 2096 οὖν
3520 2045 3767 2114 ἀληθινὸν

2193 2131 2482 2186 ἐλαττώσει
2514 2133 2798 2204 κρίνεταις
2853 2134 2949 2186 Διά
2987 2134 3067 2200 τί;
3118 2134 3229 2186 Καὶ
3276 2133 3381 2206 μὴν
3407 2137 3629 2189 ἐκείνων
3653 2139 3768 2189 ἐστὶ

2192 2223 2366 2292 λόγος,
2407 2225 2486 2277 ὅτι
2514 2223 2603 2277 διὰ
2646 2223 2803 2276 τοῦτο
2835 2224 3034 2294 μείζων
3071 2227 3164 2278 καὶ
3194 2226 3503 2296 ὑψηλοτέρα
3531 2227 3622 2280 τοῦ
3654 2229 3768 2281 Πα-
3823 2214 3842 2227 ’

2193 2315 2319 2384 τρὸς
2406 2315 2594 2387 θεότης
2625 2316 2771 2385 παρὰ
2796 2317 2891 2386 τὴν
2921 2317 3014 2369 τοῦ
3037 2317 3164 2369 Υίοῦ
3190 2321 3388 2371 νοεῖται
3410 2335 3422 2348 ⁸
3453 2319 3584 2372 διότι
3612 2322 3639 2371 ό
3669 2320 3768 2390 μὲν

2193 2405 2445 2475 ἀληθινὸς
2464 2406 2596 2468 Θεὸς
2624 2409 2680 2458 ἐν
2693 2406 2770 2476 τῷ
2797 2405 3111 2478 Εὑαγγελίῳ
3137 2409 3511 2478 προσείρηται,
3535 2413 3561 2462 6
3583 2410 3636 2462 δὲ
3663 2429 3769 2478 χω-

2198 2497 2282 2566 ρὶς
2315 2496 2411 2566 τῆς
2435 2497 2527 2549 τοῦ
2567 2497 2855 2565 ἀληθινοῦ
2889 2499 3220 2568 προσθήκης.
3262 2501 3384 2562 Πώς
3411 2500 3502 2552 οῧν
3546 2504 3573 2553 ό
3609 2503 3768 2566 αὐτὸς

2197 2586 2372 2655 λόγος,
2423 2588 2516 2639 ἐπὶ
2572 2589 2668 2658 μὲν
2697 2590 2794 2659 τῆς
2834 2588 3085 2659 θεότητος
3126 2592 3384 2663 αὔξησιν·
3445 2594 3535 2645 ἐπὶ
3569 2594 3622 2646 δέ
3677 2594 3768 2646 τοῦ

2200 2681 2375 2750 φωτὸς
2418 2681 2708 2734 ἐλάττωσιν
2742 2683 2833 2735 τοῦ
2874 2684 3161 2752 νοουμένου
3216 2685 3506 2754 σημαίνεις
3553 2687 3614 2737 Ei
3665 2687 3772 2757 γὰρ

2199 2771 2286 2824 διὰ
2310 2771 2464 2825 τοῦτο
2505 2775 2724 2843 μείζονα
2768 2775 2861 2826 τοῦ
2901 2774 3028 2826 Υίοῦ
3073 2776 3163 2828 τὸν
3193 2778 3408 2849 Πατέρα
3464 2779 3646 2847 φασιν,
3691 2780 3771 2831 ὃτι

2200 2863 2446 2932 ἀληθινὸς
2472 2865 2604 2928 Θεός
2635 2868 2769 2928 ἐστι,
2801 2868 2940 2921 κατά
2972 2869 3061 2921 τὸν
3096 2870 3255 2922 αὐτὸν
3292 2870 3444 2937 λόγον
3479 2873 3678 2940 μείζων
3706 2871 3775 2924 ἂν

2201 2956 2556 3028 ὁμολογηθείη
2588 2957 2678 3010 τοῦ
2709 2959 2917 3030 Πατρὸς
2943 2963 2970 3013 6
3005 2962 3158 3023 Υἱὸς,
3207 2962 3284 3013 ὅτι
3317 2962 3344 3012 6
3376 2962 3492 3031 μὲν,
3525 2963 3774 3032 ἀληθινὸν

2205 3049 2340 3117 φῶς,
2379 3051 2407 3102 ὁ
2454 3049 2508 3101 δὲ
2547 3050 2644 3120 οὑχ
2686 3049 2858 3115 οὕτως
2901 3053 3346 3121 κατονομάζεται.
3415 3054 3572 3105 Ἀλλὰ
3619 3053 3776 3106 τοῦτο

530 3145 672 3199 Deus
699 3152 806 3204 est,
832 3141 1017 3194 eadem
1071 3139 1281 3193 ratione
1311 3137 1470 3191 Patre
1505 3137 1679 3206 major
1709 3136 1876 3190 Filius
1907 3151 2101 3191 conce-

2210 3140 2328 3211 μὲν,
2353 3142 2508 3210 φησὶ,
2539 3141 2599 3194 τὸ
2629 3141 2740 3210 φῶς
2777 3143 2843 3195 τὰ
2863 3143 2958 3212 τῆς
3000 3144 3405 3216 φιλανθρωπίας
3442 3147 3771 3217 ἐνήργησεν

529 3238 710 3299 datur,
742 3233 867 3303 quia
899 3231 983 3284 hic
1006 3231 1224 3300 quidem
1261 3245 1387 3283 vera
1419 3231 1533 3293 lux,
1573 3231 1665 3283 ille
1706 3247 1814 3283 non
1850 3230 1930 3284 sic
1977 3247 2106 3300 cog-

531 3327 861 3382 nominatur.
897 3320 1004 3377 Sed
1038 3323 1150 3375 haec
1182 3321 1397 3390 quidem
1433 3323 1546 3380 lux,
1592 3322 1789 3390 inquit,
1820 3338 1940 3392 qua).
1979 3331 2105 3375 sunt

532 3415 912 3477 humanitatis,
945 3423 1166 3481 operata
1185 3419 1290 3474 est,
1320 3412 1409 3464 illa
1430 3427 1558 3464 vero
1591 3411 1656 3464 ad
1683 3413 1845 3465 talem
1874 3413 2102 3482 gratiam

533 3508 780 3563 incflicax
818 3516 872 3560 et
902 3507 1076 3558 otiosa
1130 3505 1350 3557 mansit.
1395 3502 1578 3558 Novus
1614 3505 1946 3573 prmlationis
1993 3507 2107 3559 sive

535 3601 901 3673 prterogativa:
927 3597 1138 3652 modus.
1192 3595 1346 3661 Quod
1382 3597 1620 3650 otiosum
1651 3595 1750 3650 fuit
1780 3599 1843 3651 ad
1873 3599 2108 3654 benevo-

536 3694 754 3748 lentiam
783 3692 836 3745 in
881 3705 1053 3760 genus
1097 3689 1418 3749 humanum,
1467 3703 1531 3742 eo
1556 3689 1648 3757 qui
1695 3697 1952 3757 operatus
2003 3701 2107 3753 εει,

536 3786 789 3856 superius
819 3783 1086 3848 judicant.
1118 3778 1223 3833 Sed
1263 3793 1437 3847 neque
1476 3786 1580 3843 est,
1641 3795 1816 3848 neque
1867 3781 1970 3835 erit
2005 3797 2108 3833 uu-

536 3891 699 3948 quam
735 3875 874 3928 inter
896 3872 1240 3926 Christianos
1270 3872 1438 3935 notio,
1473 3885 1570 3939 per
1617 3886 1779 3939 quam
1813 3880 2109 3940 praestrua-

536 3979 626 4022 tur
655 3982 761 4020 non
791 3979 951 4019 omne
989 3963 1214 4024 bonum,
1242 3960 1384 4029 quod
1421 3960 1640 4028 quidem
1683 3969 1767 4014 est
1816 3961 2106 4030 ejusmodi,

536 4076 602 4115 ex
625 4057 788 4111 Patre
812 4070 1032 4110 causam
1069 4054 1289 4106 habere.
1337 4052 1609 4104 Bonorum
1659 4061 1838 4106 autem
1893 4061 2107 4106 nostro-

538 4167 658 4206 rum
711 4155 893 4219 caput,
940 4146 1006 4198 ad
1057 4146 1224 4200 vitam
1280 4145 1474 4197 reditio
1518 4143 1658 4213 apud
1719 4143 2013 4213 prudentes
2057 4150 2110 4196 ct

538 4252 684 4297 recte
718 4239 1012 4294 sentientes
1050 4237 1326 4288 creditur:
1374 4235 1486 4287 haec
1529 4244 1706 4288 autem
1755 4250 1851 4303 per
1899 4232 2110 4284 Domini

538 4335 922 4394 oeconomiam,
947 4331 1061 4383 sive
1085 4324 1756 4390 incarnationem,optime
1777 4320 2007 4388 perfecta
2029 4334 2112 4378 cst

539 4438 591 4482 ct
630 4425 942 4494 adimpleta,
970 4421 1130 4475 Patre
1162 4421 1380 4474 interim
1412 4433 1520 4473 non
1541 4421 1716 4471 otioso
1741 4427 1792 4470 et
1816 4415 2108 4476 ineflicare,

2209 3235 2382 3285 ἐκεῖνο
2397 3232 2451 3285 δὲ
2481 3232 2613 3302 πρὸς
2630 3235 2727 3302 τὴν
2745 3234 2993 3304 τοιαύτην
3021 3237 3178 3306 χάριν
3196 3238 3549 3307 ἀνενέργητον
3573 3238 3772 3308 ἔμεινε.

2207 3325 2406 3388 Καινδς
2456 3328 2831 3394 προτιμήσεως
2869 3326 3067 3396 τρόπος
3091 3343 3105 3356 ⁸
3153 3327 3212 3379 τὸ
3242 3329 3516 3398 ἄπρακτον
3549 3331 3626 3390 εἰς
3658 3329 3777 3396 φιλς

2207 3416 2539 3486 ανθρωπίαν,
2575 3416 2668 3469 τοῦ
2706 3420 3097 3488 ἐνεργήσαντος
3149 3419 3444 3490 ὑπέρτερον
3479 3421 3774 3490 κρίνουσιν.

2220 3508 2357 3560 Ἀλλ’
2383 3508 2504 3560 οὐδέ
2529 3509 2698 3571 ἐστιν,
2723 3507 2845 3561 οὔτε
2878 3512 3164 3578 γενήσεται
3191 3509 3427 3563 τοιοῦτον
3455 3515 3510 3562 ἐν
3529 3512 3779 3580 Χριστια-

2207 3601 2316 3661 νοῖς
2350 3616 2477 3651 ποτε
2508 3599 2706 3668 νόημα,
2739 3599 2803 3652 δι’
2826 3597 2884 3654 οὗ
2919 3603 3383 3665 κατασκευάζεται
3421 3602 3494 3672 μὴ
3522 3605 3624 3655 πᾶν
3644 3605 3780 3667 ἀγα-

2209 3688 2318 3754 θὸν,
2361 3691 2551 3760 ὅτιπερ
2591 3691 2649 3742 ἐν
2693 3694 2805 3754 τοῖς
2832 3693 3092 3756 τοιούτοις
3138 3694 3309 3757 ἐστὶν,
3352 3695 3412 3745 ἐκ
3441 3712 3532 3746 του
3571 3695 3781 3764 Πατρὸς

2207 3780 2304 3850 τὴν
2329 3781 2505 3833 αἰτίαν
2534 3781 2677 3851 ἔχειν
2697 3801 2710 3813 ’
2741 3783 2848 3836 τῶν
2869 3783 2927 3837 δέ
2955 3784 3074 3836 καθ’
3113 3787 3257 3854 ἡμᾶς
3285 3785 3500 3853 ἀγαθῶν
3525 3786 3585 3838 τὸ
3611 3789 3780 3854 κεφά-

2209 3869 2375 3934 λαιον,
2406 3873 2437 3942 ὴ
2479 3873 2609 3942 πρὸς
2634 3875 2731 3944 τὴν
2766 3872 2910 3945 ζωὴν
2953 3876 3208 3939 ἐπάνοδος
3237 3879 3384 3947 παρά
3412 3881 3523 3941 τοῖς
3552 3874 3610 3931 εὖ
3646 3897 3778 3947 rypo-

2207 3962 2355 4016 νοῦοι
2402 3965 2740 4018 πιστεύεταιο
2777 3965 2914 4037 αὓτη
2949 3968 3004 4020 δὲ
3045 3968 3132 4022 διὰ
3174 3971 3272 4040 τῆς
3313 3970 3451 4024 κατά
3498 3970 3778 4042 ἄνθρωπον

2207 4061 2514 4125 οἰκονομίας
2560 4060 2650 4113 τοῦ
2683 4061 2888 4131 Κυρίου
2935 4062 3309 4134 κατώρθωται,
3352 4065 3450 4118 ούκ
3498 4067 3779 4136 ἀπράκτου

2211 4149 2302 4200 καὶ
2335 4150 2716 4221 ἀνενεργήτου,
2754 4151 2936 4213 καθὼς
2964 4153 2996 4221 ἠ
3021 4154 3229 4224 αἵρεσις
3265 4153 3535 4222 βούλεται,
3563 4155 3656 4208 τοῦ
3683 4157 3785 4209 Πα-

2211 4239 2338 4307 τρὸς
2371 4240 2427 4290 ἐν
2453 4239 2529 4309 τῷ
2573 4241 2747 4312 καιρῷ
2788 4242 2888 4310 τῆς
2919 4245 3219 4314 οἰκονομίας
3253 4246 3652 4310 ἀπιδιάσαντος.
3709 4245 3784 4300 Οὐ

2213 4329 2321 4398 γὰρ
2354 4329 2508 4382 τοῦτο
2540 4333 2870 4388 ἐνδείκνυται
2901 4337 2930 4387 6
2957 4333 3120 4388 εἰπὼν
3153 4375 3164 4397 ,
3207 4337 3287 4390 ὅτι
3328 4339 3388 4390 '0
3417 4338 3658 4406 πέμψας
3686 4356 3782 4407 με,

2211 4420 2337 4488 μετ’
2379 4420 2525 4489 ἐμοῦ
2577 4423 2727 4484 ἐστι,
2783 4427 2894 4486 καὶ,
2926 4428 2981 4478 Ὁ
3044 4428 3246 4495 Πατὴρ
3291 4429 3360 4480 ἐν
3397 4429 3526 4499 ἐμοὶ
3565 4431 3782 4498 μένων,

541 4519 684 4574 sicut
731 4515 950 4570 ha-resis
1007 4513 1201 4584 cupide
1252 4511 1554 4577 contendit,
1609 4521 1847 4578 tempore
1893 4523 2101 4560 memm-

2218 4509 2380 4562 ποιεῖ
2406 4511 2476 4562 τὰ
2517 4513 2658 4580 ἔργα
2696 4514 2901 4571 ταῦτα.
2966 4517 3088 4580 Πῶς
3118 4513 3210 4570 οὖν
3238 4521 3269 4587 ἡ
3315 4496 3522 4589 αἵρεσις
3548 4496 3690 4590 μόνῳ
3710 4520 3786 4590 τῷ

540 4609 662 4662 mia:
687 4607 802 4661 sive
822 4603 1250 4674 dispensationis
1276 4601 1417 4670 apud
1441 4617 1498 4655 sc
1524 4611 1795 4654 manente.
1827 4597 1942 4650 Non
1967 4598 2110 4649 enim

541 4702 641 4755 hoc
655 4701 1012 4759 demonstrat,
1031 4696 1122 4765 qui
1143 4695 1278 4747 dixit
1299 4710 1310 4744 :
1331 4696 1435 4761 Qui
1449 4695 1585 4748 misit
1602 4711 1701 4754 me,
1729 4707 1923 4744 mecum
1945 4702 2021 4743 est
2045 4689 2108 4754 9‘;

539 4802 610 4854 ct,
650 4791 810 4844 Pater
838 4791 890 4842 in
923 4805 1001 4842 me
1026 4802 1241 4840 manens
1273 4785 1382 4840 hac
1412 4799 1567 4852 opera
1594 4783 1720 4852 facit
1745 4786 1809 4835 ’⁸.
1829 4782 2111 4848 Quomodo

540 4887 706 4957 igitur
745 4883 966 4938 haeresis
1007 4882 1232 4951 gratiam
1262 4894 1380 4948 quae
1413 4879 1582 4931 nostri
1612 4892 1782 4930 causa
1823 4876 1958 4929 facta
2002 4883 2106 4939 cst,

542 4979 640 5032 soli
678 4975 812 5029 Filio
842 4975 1170 5030 attribucns,
1216 4970 1514 5039 gratiarum
1550 4970 1778 5022 actionis
1820 4984 1915 5036 pro
1950 4968 2110 5019 colla-

541 5071 613 5124 tis
647 5069 700 5122 in
734 5081 833 5121 nos
880 5065 1158 5119 beneﬁciis
1188 5062 1400 5117 Patrem
1433 5061 1563 5114 facit
1608 5071 1808 5114 CXSOI‘lt
1830 5061 1924 5113 m?
1970 5060 2112 5114 Solis

539 5161 683 5215 enint
733 5155 1176 5211 benel’aitoribus
1225 5152 1519 5223 gratiarum
1557 5152 1787 5204 actionis
1828 5151 2112 5203 retributio

542 5249 775 5304 naturali
801 5248 1012 5301 ratione
1039 5245 1290 5299 debetur.
1339 5242 1441 5308 Qui
1477 5254 1654 5295 autem
1690 5241 1754 5293 ad
1794 5241 2111 5294 beneficium

540 5341 932 5398 conferendum
985 5347 1070 5394 est
1125 5340 1418 5407 impotens,
1484 5343 1637 5387 extra
1691 5349 1974 5386 nuu'erum
2029 5341 2114 5386 est

539 5451 724 5492 eorum
753 5433 839 5486 cui
863 5431 1049 5502 gratim
1075 5443 1172 5499 pro
1200 5429 1328 5482 dato
1360 5424 1624 5480 beneficio
1661 5435 1923 5493 aguntur.
1947 5421 2112 5478 Vides

542 5537 599 5580 ut
624 5541 719 5595 per
744 5523 925 5579 omnia
960 5521 1093 5593 ipsis
1127 5520 1182 5573 in
1210 5517 1541 5572 contrarium
1583 5514 1723 5568 cedit
1766 5513 2116 5582 blasphemia:

546 5633 742 5681 seopus
781 5617 1043 5670 adversus
1069 5611 1443 5683 Unigenitum,
1501 5624 1624 5662 cum
1672 5621 1733 5659 cx
1771 5621 2113 5674 consequen-

650 5799 697 5833 ”
716 5795 869 5854 Joan.
902 5811 963 5864 ν,
994 5792 1082 5849 2|.
1154 5793 1199 5826 “
1227 5792 1358 5847 ibid.
1398 5793 1484 5846 57.
1565 5791 1609 5820 ’⁸
1647 5786 1802 5842 Joan.
1842 5801 1952 5852 xlv,
1987 5785 2070 5840 10.

2220 4601 2334 4672 Υίῴ
2361 4601 2457 4672 τὴν
2482 4605 2618 4673 ὑπὲρ
2644 4606 2797 4675 ἡμῶν
2827 4609 2982 4677 χάριν
3020 4612 3536 4682 προσμαρτυροῦσα,
3561 4614 3788 4682 ἀπόμοι-

2221 4710 2312 4763 ρον
2342 4697 2486 4746 ποιεῖ
2517 4695 2605 4748 τὸν
2632 4697 2849 4768 Πατέρα
2877 4701 2973 4770 τῆς
3009 4702 3098 4752 ἐπὶ
3120 4704 3232 4764 τοῖς
3258 4703 3670 4774 κατορθώμασιν
3700 4705 3788 4756 εὑ·

2217 4787 2543 4857 χαριστίας;
2613 4789 2810 4852 Μόνοις
2838 4792 2943 4860 γὰρ
2993 4793 3130 4846 κατά
3173 4795 3332 4862 φύσιν
3369 4795 3639 4864 ὀφείλεται
3679 4801 3788 4858 τοῖς

2217 4877 2534 4947 εὐεργέταις
2573 4881 2606 4948 ἡ
2654 4881 2749 4950 τῆς
2786 4883 3130 4952 εὐχαριστίας
3165 4887 3461 4951 ἀντίδοσις·
3490 4891 3517 4940 ὁ
3561 4889 3617 4940 δὲ
3657 4889 3789 4958 πρὸς

2219 4969 2534 5037 εὐεργεσίαν
2561 4970 2839 5035 ἀδύνατος,
2866 4974 2968 5038 ἔξω
2995 4974 3087 5026 τοῦ
3117 4977 3555 5047 εὐχαριστεῖσθαι
3578 4981 3790 5042 πάντως

2219 5060 2388 5114 ἐστίν.
2441 5060 2599 5132 Ὁρᾷς
2629 5062 2704 5123 ώς
2741 5063 2829 5115 διὰ
2861 5063 3076 5117 πάντων
3106 5066 3287 5130 αὐτοῖς
3319 5069 3454 5137 πρὸς
3486 5069 3790 5122 τούναντίον

2218 5153 2246 5202 ὁ
2295 5150 2494 5213 σκοπὸς
2545 5153 2930 5222 περιτρέπεται
2975 5155 3072 5224 τῆς
3133 5158 3274 5210 κατά
3320 5159 3412 5211 τοῦ
3458 5159 3791 5228 Μονογενοῦς

2223 5243 2588 5314 βλασφημίας,
2626 5247 2766 5300 κατά
2797 5249 2856 5301 τὸ
2880 5251 3167 5303 ἀκόλουθον
3191 5254 3283 5304 ἐπὶ
3321 5255 3410 5306 τὸν
3446 5254 3662 5324 Πατέρα
3693 5272 3790 5324 με·

2220 5335 2603 5408 ταϐαινούσης.
2664 5339 2771 5391 Καί
2825 5357 2912 5410 μοι
2951 5341 3098 5394 δοκεῖ
3129 5345 3244 5396 κατ’
3289 5345 3531 5415 ἀνάγκην
3559 5345 3794 5397 τοιοῦτον

2221 5427 2557 5497 συμϐαίνειν.
2594 5427 2655 5481 EE
2696 5429 2803 5502 γὰρ
2841 5433 2869 5483 6
2898 5433 3068 5501 τιμῶν
3099 5434 3190 5488 τὸν
3221 5435 3346 5487 Υἱὸν
3397 5438 3530 5506 τιμᾷ
3566 5437 3656 5489 τὸν
3688 5437 3796 5489 Πα-

2217 5520 2373 5590 τέρα,
2404 5520 2543 5574 κατά
2565 5520 2663 5591 τὴν
2695 5521 2843 5576 θείαν
2873 5524 3166 5592 ἀπόφασιν,
3197 5525 3354 5595 δῆλον
3379 5527 3460 5579 ὅτι
3489 5529 3631 5597 καὶὴ
3660 5527 3794 5596 πρὸς

2221 5611 2280 5664 τὸ
2308 5613 2548 5666 ἐναντίον
2591 5614 2728 5668 κατά
2788 5615 2880 5667 τοῦ
2913 5615 3042 5669 Υἱοῦ
3084 5617 3304 5689 σπουδὴ,
3339 5619 3429 5671 ἐπὶ
3460 5619 3550 5671 τὸν
3580 5621 3793 5684 Πατέρα
