4142 6374
340 358 434 415 901

1463 353 1741 413 CONTRA
1778 354 2172 422 EUNOMIUM,
2209 355 2336 413 LIB.
2378 355 2490 411 XII.

3484 357 3592 414 90%

339 472 435 542 τὴν
461 471 735 542 ἀναφορὰν
770 469 900 541 ἔχει.
967 469 1109 538 Ἐγὼ
1147 470 1204 522 δέ
1239 487 1390 540 φημι·
1405 471 1534 532 δεῖν,
1576 474 1687 534 τοῖς
1720 471 1918 526 ἁπλού-

2023 472 2092 524 tia
2128 471 2180 523 in
2208 467 2425 524 Patrem
2465 476 2728 525 transeat.
2770 469 2848 524 Ac
2882 471 3015 526 mihi
3045 471 3261 527 videtur
3288 486 3352 527 ex
3399 487 3592 527 neces-

341 580 528 635 στερον
553 562 858 632 δεχομένοις
890 562 952 616 τὸ
991 564 1121 634 περὶ
1149 563 1238 616 τὸν
1283 563 1510 634 σταυρὸν
1544 565 1636 616 καὶ
1660 564 1757 620 τὴν
1783 565 1915 618 άνάο

340 674 526 711 στασιν
549 658 830 726 κήρυγμα,
881 655 1002 726 ί¹σης
1033 655 1382 725 εὐχαριστίας
1415 655 1550 726 πρός
1580 673 1640 708 τε
1672 655 1763 708 τὸν
1791 655 1918 708 Υίὸν

339 750 433 802 καὶ
470 749 561 802 τὸν
591 749 833 819 Πατέρα,
862 749 959 816 τὴν
981 748 1154 818 αὐτὴν
1184 747 1342 817 χάριν
1371 747 1625 801 ὑπόθεσιν
1655 747 1916 814 γίνεσθαι,

337 841 430 893 καὶ
456 841 516 894 τὸ
540 841 803 912 πατρικὸν
835 840 1047 910 θέλημα
1077 840 1169 893 τοῦ
1193 839 1319 892 Υίού
1347 839 1728 902 τελειώσαντος
1751 854 1766 869 ⁸
1799 839 1923 892 τοῦ-

336 948 397 985 το
420 931 476 984 δέ
501 934 614 985 ἐστι
647 933 708 984 τὸ
734 931 974 997 Πάντας
1003 932 1354 1000 ἀνθρώπους
1387 930 1680 998 σωθῆναι,
1737 931 1917 994 καθώς

340 1040 503 1092 φησιν
524 1026 559 1076 ὁ
595 1017 956 1086 Ἀπόστολοςο
1013 1023 1212 1093 ὁμοίως
1253 1024 1344 1075 ἐπὶ
1407 1026 1464 1092 τῇ
1519 1022 1698 1091 χάριτι
1745 1021 1919 1095 ταύτῃ

336 1117 504 1185 τιμᾷν
539 1115 631 1167 τὸν
665 1115 880 1186 Πατέρα
909 1132 967 1167 τε
1011 1115 1105 1168 καὶ
1144 1116 1234 1168 τὸν
1270 1115 1422 1176 Υἰὸν,
1453 1115 1528 1176 ὡς
1554 1115 1652 1166 οὑκ
1678 1113 1742 1166 ἂν
1766 1131 1918 1180 γενο-

342 1205 510 1276 μένης
536 1206 663 1275 ὑμῖν
704 1206 997 1276 σωτηρίας,
1047 1207 1095 1257 εί
1133 1205 1207 1276 μὴ
1242 1206 1302 1258 τὸ
1339 1205 1542 1272 ἀγαθὸν
1585 1203 1794 1274 θέλημα
1822 1202 1914 1255 τοῦ

340 1297 550 1367 Πατρὸς
577 1298 667 1350 διά
702 1298 800 1367 τῆς
830 1298 964 1360 ίδίας
992 1298 1273 1367 δυνάμεως
1299 1296 1462 1349 αὑτοῦ
1495 1295 1762 1365 προῆλθεν
1784 1297 1912 1364 ἡμῖν

340 1389 418 1451 είς
448 1391 741 1457 ἐνέργειαν.
777 1388 1014 1459 Δύναμιν
1047 1389 1101 1440 δὲ
1136 1387 1228 1440 τοῦ
1259 1387 1469 1457 Πατρὸς
1493 1386 1582 1440 τὸν
1622 1386 1745 1438 Υἰὸν
1778 1382 1912 1438 εἶναι

341 1480 491 1551 παρὰ
518 1481 625 1533 τῶν
661 1481 888 1552 Γραιρῶν
919 1480 1340 1550 μεμαθήκαμεν.

2015 562 2176 616 sitate
2213 562 2340 628 quid
2375 562 2481 615 tale
2506 562 2847 632 contingere.
2877 561 2933 616 Si
2957 564 3099 617 enim
3133 564 3225 632 qui
3271 563 3594 618 honorificat

2016 653 2235 718 Filium,
2288 653 2614 707 honoriﬁcat
2651 662 2704 707 et
2740 653 2976 717 Patrem,
3004 656 3304 709 secundum
3344 653 3591 708 divinum

2018 747 2274 810 effatum,
2340 747 2687 816 perspicumn
2745 745 2889 815 quod
2933 748 3267 800 contrarium
3327 746 3593 802 adversus

2019 837 2215 892 Filium
2271 839 2513 894 studium
2563 837 2628 890 ad
2653 837 2864 891 Patrem
2903 839 3065 892 habet
3112 839 3452 893 relationem.
3480 839 3593 908 Ego

2024 942 2201 984 autem
2230 929 2378 989 dico.
2411 938 2666 1001 oportere
2688 930 2771 983 his
2789 931 2880 999 qui
2909 931 3210 999 simplicius
3237 930 3305 985 de
3333 945 3497 985 cruce
3539 939 3596 984 et

2019 1023 2420 1076 resurrectione
2450 1023 2778 1090 praeconium
2806 1030 3153 1090 acceperunt,
3179 1023 3405 1092 aequalis
3453 1023 3591 1093 grati

2023 1111 2192 1164 animi
2225 1111 2642 1181 significationis
2682 1129 2808 1181 erga
2849 1112 3046 1166 Filium
3075 1121 3128 1167 et
3167 1112 3402 1178 Patrem,
3452 1129 3595 1168 eam-

2019 1202 2141 1257 dem
2173 1205 2402 1274 gratiam
2431 1204 2846 1258 fundamentum
2905 1204 3052 1268 lieri,
3117 1206 3420 1274 praesertim
3468 1221 3595 1260 cum

2023 1293 2195 1348 Filius
2231 1294 2411 1351 Patris
2456 1297 2792 1351 voluntatem
2840 1297 3151 1366 perfecerit.
3200 1314 3320 1366 quae
3374 1299 3594 1368 quidem

2020 1397 2124 1450 est,
2173 1402 2349 1441 omnes
2385 1388 2619 1442 homines
2659 1389 2830 1443 salvos
2861 1390 3001 1455 ﬁeri,
3046 1391 3188 1444 sicut
3234 1393 3311 1444 ait
3364 1393 3597 1460 Aposto-

2027 1478 2112 1532 lus
2144 1478 2229 1530 "z
2263 1481 2514 1534 similiter
2545 1482 2598 1534 in
2624 1481 2725 1534 hac
2748 1481 2921 1549 gratia
2977 1493 3030 1535 ct
3076 1481 3292 1537 Patrem
3325 1491 3377 1536 et
3397 1482 3594 1538 Filium

343 1572 546 1626 honore
577 1573 822 1633 allicere,
856 1572 982 1641 quia
1012 1573 1160 1625 salus
1187 1572 1344 1626 nobis
1369 1570 1507 1624 facta
1542 1585 1648 1623 non
1693 1567 1905 1631 fuisset,
1947 1569 2052 1620 nisi
2090 1569 2235 1623 bona
2279 1573 2532 1626 voluntas
2580 1571 2762 1627 Patris
2831 1589 2927 1642 per
2995 1574 3250 1628 virtutem
3299 1579 3472 1646 ipsius
3527 1578 3595 1632 ad

341 1664 712 1734 operationem
737 1662 803 1716 ad
835 1677 934 1716 nos
968 1662 1347 1731 processisset.
1410 1661 1678 1716 Virtutem
1704 1671 1883 1715 autem
1918 1662 2101 1717 Patris
2131 1663 2328 1718 Filium
2354 1681 2477 1720 esse
2498 1683 2564 1720 ex
2598 1666 2897 1736 Scripturis
2929 1667 3244 1724 didicimus.

410 1757 578 1812 Πάλιν
604 1757 660 1810 δὲ
691 1755 761 1809 τά
789 1755 1050 1826 είρημένα
1077 1758 1517 1826 κατανοήσωμεν.
1542 1776 1559 1806 ε
1584 1757 1647 1808 Εἰ
1686 1757 1781 1826 μὲν
1811 1755 1922 1825 ἔχει

2098 1755 2310 1813 Rursus
2343 1766 2524 1812 autem
2556 1776 2675 1828 qua:
2705 1761 2846 1812 dicta
2882 1772 3043 1825 sunt,
3080 1761 3457 1830 dispiciamus.
3490 1781 3510 1813 ι
3539 1761 3597 1816 Si

337 1846 646 1909 δεικνύναι,
683 1865 701 1896 ι
747 1845 912 1913 φησὶ,
962 1864 979 1896 ι
1017 1845 1107 1897 τὸν
1147 1845 1240 1896 ἐπὶ
1287 1846 1501 1898 πάντων
1534 1844 1701 1909 Θεὸν,
1733 1844 1920 1916 ὥσπερ

340 1939 486 1992 ἐστὶν
512 1936 806 2006 ἀπρόσιτον
837 1936 973 2006 φῶς,
1010 1937 1067 1988 ἐν
1092 1937 1255 2007 σαρκὶ
1276 1936 1582 2005 γενόμενον,
1610 1936 1642 2006 ἢ
1669 1937 1920 2004 γενέσθαι

339 2030 655 2100 δυνάμενον,
681 2023 796 2081 ἴσον
825 2027 1029 2097 λεγέτω
1059 2027 1136 2097 τῷ
1168 2027 1307 2095 φωτὶ
1332 2027 1391 2080 τὸ
1423 2026 1554 2094 φῶς.
1581 2046 1598 2078 ι
1649 2027 1921 2099 Πρόδηλος

338 2121 446 2190 γὰρ
475 2121 502 2172 ὁ
530 2119 638 2174 τῶν
664 2121 968 2192 εἰρημένων
1019 2119 1216 2183 σκοπὸς
1248 2119 1314 2172 δι’
1345 2119 1515 2188 αὐτῆς
1565 2122 1662 2189 τῆς
1689 2119 1797 2172 τῶν
1827 2122 1923 2191 ρη-

285 2276 298 2287 _
344 2213 529 2284 μάτων
567 2216 910 2284 κατασκευῆς
940 2231 952 2242 ·
995 2194 1081 2265 δτὶ
1109 2213 1209 2266 οὐκ
1239 2212 1408 2265 οἴεται
1438 2215 1502 2283 τῇ
1534 2212 1922 2285 παντοδυνάμῳ

341 2305 553 2376 θεότητι
579 2305 669 2358 τὸν
692 2306 819 2359 Υίὺν
848 2305 942 2358 καὶ
972 2305 1106 2376 πρὸς
1133 2305 1194 2357 τὸ
1238 2303 1477 2357 τοιοῦτον
1511 2300 1649 2367 εἶδος
1670 2307 1769 2375 τῆς
1803 2304 1924 2372 φιλ-

341 2396 654 2468 ανθρωπίας
681 2396 894 2467 ίσχύσαι
914 2413 927 2426 ·
953 2395 1086 2449 ἀλλὰ
1115 2395 1192 2460 τῷ
1212 2395 1425 2464 φύσεως
1453 2395 1733 2466 ἐμπαθοῦς
1756 2393 1920 2460 εἶναι,

341 2491 400 2544 τὸ
431 2492 570 2544 κατὰ
596 2490 685 2544 τὸν
713 2490 943 2560 σταυρὸν
969 2489 1223 2554 δέξασθαι
1250 2489 1439 2552 πάθος.
1487 2489 1650 2542 Ἀλλά
1670 2507 1759 2560 μοι
1793 2507 1920 2542 σκο-

341 2583 597 2654 πουμένῳ
630 2584 722 2636 καὶ
767 2582 1124 2654 ἀναζητοῦντι
1157 2581 1319 2636 πόθεν
1349 2585 1468 2644 ταῖς
1499 2581 1779 2644 τοιαύταις
1813 2581 1922 2635 τῶν

343 2675 664 2747 ὑπολήψεων
695 2674 822 2745 περὶ
851 2675 912 2726 τὸ
947 2675 1098 2727 Θεῖον
1123 2673 1434 2735 συνέπεσεν,
1460 2672 1534 2736 ὼς
1559 2672 1618 2724 τὸ
1643 2673 1740 2742 μὲν
1771 2672 1924 2741 ἁγέν·

342 2783 501 2835 νητον
526 2765 638 2834 φῶς
672 2766 963 2837 ἀπρόσιτον
993 2761 1128 2818 εἶναι
1155 2765 1232 2835 τῷ
1260 2764 1505 2834 ἐναντίῳ,
1537 2765 1630 2818 καὶ
1666 2764 1922 2834 καθαρῶς

343 2857 555 2920 ἀπαθὲς
588 2857 680 2912 καὶ
713 2858 989 2928 ἀκήρατον
1017 2856 1257 2911 οἴεσθαι·
1291 2857 1353 2909 τὸ
1384 2856 1440 2909 δὲ
1473 2856 1725 2926 γεννητὸν
1756 2859 1924 2925 ἐπαμ-

344 2948 648 3019 φοτερίζειν
683 2951 822 3003 κατὰ
849 2950 943 3021 τὴν
980 2949 1160 3018 φύσιν,
1191 2949 1266 3012 ὡς
1295 2949 1397 3001 οὑκ
1425 2947 1723 3019 ἀκραιφνές
1743 2966 1804 3000 τε
1831 2947 1924 3000 καὶ

345 3037 582 3110 καθαρὸν
617 3039 674 3091 έν
708 3041 944 3114 ἀπαθείᾳ
979 3041 1272 3110 φυλάσσειν
1306 3041 1366 3094 τὸ
1399 3040 1570 3093 θεῖονο
1622 3040 1760 3094 ἀλλά
1802 3057 1921 3094 τινα

346 3131 594 3200 συμμιγῆ
627 3148 685 3184 τε
718 3133 810 3185 καὶ
847 3133 1150 3203 σύγκρατον
1191 3133 1256 3185 ἐκ
1291 3133 1399 3186 τῶν
1427 3132 1680 3185 ἐναντίων
1703 3131 1799 3202 τὴν
1831 3133 1920 3186 οὑ-

347 3221 465 3273 σίαν
493 3222 657 3291 ἔχειν,
689 3222 785 3292 τὴν
810 3225 902 3276 καὶ
926 3224 1024 3294 τῆς
1050 3223 1144 3276 τοῦ
1177 3223 1382 3292 ἀγαθοῦ
1417 3224 1706 3294 μετουσίας
1736 3225 1927 3295 ὀρεγο-

349 3312 535 3383 μένην,
593 3315 687 3366 καὶ
741 3315 878 3385 πρὸς
929 3315 1150 3386 ἐμπαθῆ
1207 3316 1442 3369 διάθεσιν
1487 3316 1923 3388 μεταρῥέουσαν·

346 3405 530 3474 ἐπειδὴ
571 3417 720 3475 παρά
754 3406 854 3476 τῆς
887 3407 1109 3478 Γραφῆς
1147 3408 1247 3461 οὑκ
1295 3403 1362 3478 ἦν
1395 3408 1491 3478 τῆς
1518 3408 1771 3477 τοιαύτης
1805 3409 1928 3461 ἀτο-

347 3493 476 3558 πίας
504 3495 601 3560 τὸιςΔ
636 3497 918 3560 ὑποθέσεις
970 3501 1170 3570 εὑρεῖν,
1213 3499 1412 3569 ἐπῆλθέ
1455 3517 1543 3569 μοι
1584 3499 1924 3567 λογίσασθαι,

350 3586 554 3655 μήποτε
597 3587 701 3659 ἄρα
724 3588 822 3651 τὰς
857 3589 966 3641 τῶν
1001 3592 1316 3658 Αἰγυπτίων
1355 3591 1482 3661 περὶ
1507 3591 1567 3643 τὸ
1589 3592 1740 3642 Θεῖον
1766 3590 1928 3660 μυθο-

347 3675 531 3743 λογίας
569 3678 874 3748 θαυμάσας,
933 3679 1031 3742 τὰς
1065 3682 1286 3734 ἐκείνων
1324 3682 1481 3746 δόξας
1520 3684 1629 3744 τοῖς
1677 3681 1926 3753 περὶτοῦ

346 3768 684 3836 Μονογενοῦς
709 3774 1140 3841 ἐγκαταμίγνυσι
1165 3774 1342 3841 λόγοις
1360 3785 1373 3831 ;
1393 3774 1529 3827 Φασὶ
1552 3773 1659 3844 γάρ
1687 3774 1928 3838 ἐκείνους

346 3858 443 3929 τὴν
481 3860 763 3914 ἀλλόκοτον
792 3863 1184 3926 εἰδωλοποιίαν,
1221 3865 1348 3918 ὅταν
1379 3864 1738 3936 ἀνθρωπίνοις
1772 3865 1924 3935 μέλε-

349 3963 433 4003 σιν
454 3951 660 4020 ἀλόγων
675 3953 833 4007 τινῶν
858 3956 1070 4027 μορφάς
1091 3956 1732 4026 έφαρμόζωσιν,αἱ’νιγμα
1749 3956 1926 4024 λέγειν

347 4041 486 4096 εἶναι
511 4045 609 4115 τῆς
635 4047 944 4117 συμμίκτου
972 4050 1205 4117 φύσεως,
1232 4049 1299 4120 ἣν
1329 4049 1792 4122 προσαγορεύουσι
1820 4050 1926 4103 δαί-

349 4152 504 4206 μονα.
535 4137 748 4210 Ταύτην
771 4139 826 4191 δὲ
851 4139 1177 4210 λεπτοτέραν
1206 4139 1302 4209 μὲν
1329 4140 1435 4194 τῶν
1463 4140 1764 4212 ἀνθρώπων
1787 4137 1924 4194 εἶναι

347 4226 439 4277 καὶ
465 4226 598 4280 πολὺ
627 4231 692 4298 τῇ
719 4229 945 4300 δυνάμει
973 4231 1070 4301 τὴν
1097 4231 1373 4302 ἡμετέραν
1395 4232 1809 4302 ὑπερφέρουσαν
1832 4232 1926 4300 φύ-

348 4333 433 4368 σιν
454 4333 467 4349 ·
504 4317 564 4370 τὸ
592 4319 648 4372 δέ
670 4321 819 4375 θεῖον
847 4323 945 4374 οὐκ
969 4323 1165 4391 ἀμιγὲς
1185 4323 1304 4375 οὑδέ
1335 4322 1569 4393 ἄκρατον
1602 4322 1766 4392 ἔχειν,
1789 4323 1924 4377 ἀλλὰ

346 4408 442 4462 καὶ
479 4409 655 4481 ψυχῆς
693 4411 853 4480 φύσει
899 4415 993 4466 καὶ
1033 4413 1282 4483 σώματος
1335 4414 1584 4485 αἰσθήσει
1614 4431 1920 4485 συγκεκρα-

2023 1849 2167 1903 cnim
2202 1857 2382 1918 potest
2407 1851 2805 1915 demonstrare,
2839 1852 3036 1919 inquit,
3069 1851 3233 1906 Deum
3262 1855 3352 1922 qui
3377 1863 3460 1910 est
3506 1869 3599 1909 su-

2023 1954 2120 2008 per
2165 1941 2370 2003 omnia,
2429 1942 2888 2010 quemadmodum
2934 1951 3016 1997 est
3067 1943 3155 1997 lux
3195 1947 3495 2012 inaccessa,
3542 1947 3598 2000 in

2024 2047 2187 2086 carne
2223 2031 2452 2097 factum,
2479 2035 2562 2088 vel
2595 2034 2710 2088 ﬁeri
2740 2037 3004 2104 potuisse.
3033 2038 3294 2105 :equalem
3330 2039 3475 2091 dicat
3519 2040 3598 2093 lu-

2025 2138 2141 2177 cem
2175 2125 2302 2179 luci.
2338 2144 2354 2175 ι
2388 2125 2717 2194 Perspicuus
2745 2135 2923 2180 autem
2957 2127 3226 2181 dictorum
3263 2145 3463 2198 scopus
3505 2147 3601 2200 per

2024 2217 2268 2271 eamdem
2293 2219 2584 2272 verborum
2604 2219 3092 2273 constructionem.
3122 2220 3277 2284 Quod
3304 2239 3410 2274 non
3450 2231 3600 2290 putat

2025 2325 2092 2364 ex
2121 2309 2486 2379 omnipotenti
2544 2310 2744 2364 deitate
2775 2310 2972 2364 Filium
2999 2311 3065 2364 ad
3123 2312 3282 2366 talem
3345 2312 3599 2366 Immani-

2026 2400 2155 2455 tatis
2188 2401 2445 2468 speciem,
2479 2401 2586 2453 vim
2622 2409 2676 2456 et
2698 2401 2868 2454 robur
2897 2402 3174 2461 habuisse,
3222 2403 3314 2456 sed
3344 2404 3470 2471 quia
3503 2419 3603 2457 na.

2025 2502 2159 2547 turae
2186 2493 2424 2562 patibilis
2445 2501 2611 2552 esset.
2662 2494 2865 2548 idcirco
2894 2495 3078 2548 crucis
3129 2497 3444 2564 passionem
3478 2511 3602 2550 sus-

2023 2584 2255 2652 cepisse.
2287 2583 2393 2638 Sed
2425 2585 2552 2638 mihi
2585 2587 2844 2656 cogitanti
2897 2593 2950 2638 et
2984 2586 3272 2654 diligenter
3313 2587 3599 2654 quaerenti,

2023 2675 2167 2729 unde
2199 2675 2252 2729 in
2285 2675 2423 2730 tales
2455 2675 2523 2729 de
2557 2677 2664 2729 Deo
2689 2677 2975 2746 opiniones
3007 2676 3259 2730 inciderit
3294 2716 3307 2736 ,
3340 2685 3417 2728 .ut
3449 2678 3601 2746 inge-

2025 2761 2192 2818 nitam
2222 2765 2439 2834 quidem
2477 2764 2652 2819 lucem
2687 2766 3026 2820 inaccessam
3057 2782 3179 2821 esse
3204 2768 3504 2827 contrario,
3550 2777 3605 2822 et

2025 2873 2159 2926 pure
2192 2857 2583 2926 impassibilem
2637 2865 2802 2928 atque
2838 2859 3306 2927 incorruptilnlem
3355 2869 3601 2927 putaret;

2024 2950 2265 3019 genitam
2309 2965 2439 3002 vero
2498 2948 2553 3002 in
2603 2958 2894 3019 utramque
2947 2959 3154 3018 partem
3194 2950 3346 3019 lapsu
3379 2953 3604 3020 ancipiti

2025 3056 2248 3110 vergere
2285 3043 2585 3096 secundum
2641 3051 2916 3106 naturam,
2980 3050 3036 3094 ut
3085 3057 3206 3110 qua:
3261 3043 3602 3098 divinitatem

1953 3133 1994 3190 C
2029 3133 2298 3188 sinceram
2350 3139 2402 3186 et
2441 3147 2631 3201 puram
2665 3132 2718 3185 in
2751 3133 3186 3200 impassibilitate
3228 3148 3332 3185 non
3381 3147 3606 3188 conser-

2029 3230 2138 3284 vet,
2169 3223 2262 3276 sed
2311 3225 2653 3277 commistam
2708 3225 2999 3292 quamdam
3049 3234 3101 3277 et
3143 3235 3604 3294 contemperatam

2029 3327 2094 3366 ex
2123 3315 2416 3369 contrariis
2445 3315 2739 3369 essentiam
2784 3315 2995 3379 habeat,
3046 3332 3165 3385 qua:
3194 3326 3246 3369 et
3271 3317 3393 3369 honi
3438 3316 3607 3385 parti-

2029 3404 2358 3474 cipationem
2425 3415 2663 3476 appetat,
2712 3419 2764 3459 et
2797 3407 2861 3459 ad
2916 3408 3228 3476 passibilem
3265 3408 3603 3462 affectionem

2033 3495 2253 3549 deﬂuat.
2310 3496 2578 3563 Quoniam
2613 3515 2674 3552 ex
2741 3496 3024 3564 Scriptura
3071 3501 3195 3554 talis
3249 3501 3606 3555 absurditatis

2029 3589 2378 3645 fundamenta
2435 3591 2681 3644 invenire
2737 3608 2841 3645 non
2901 3592 3048 3655 licet,
3101 3592 3230 3644 tnihi
3264 3593 3316 3645 in
3367 3601 3604 3645 mentem

2026 3680 2176 3733 venit
2221 3679 2337 3732 haec
2373 3680 2706 3733 existimatio
2744 3698 2755 3733 :
2789 3680 3054 3748 nutnquid
3089 3681 3381 3749 aliquando
3436 3681 3606 3752 Egy-

2026 3769 2264 3838 ptiorum
2305 3770 2372 3824 de
2398 3770 2679 3823 divinitate
2734 3771 3094 3825 fabulationes
3121 3772 3442 3834 admiratus,
3487 3773 3607 3826 illo-

2026 3878 2147 3916 rum
2176 3862 2466 3931 Opiniones
2512 3862 2580 3916 de
2617 3862 2906 3931 Unigenito
2937 3865 3285 3918 sermonibus
3313 3865 3598 3919 immiscet.

2028 3951 2196 4006 Aiunt
2221 3955 2362 4008 enim
2393 3954 2514 4008 illos
2543 3962 2912 4023 portentosam
2970 3956 3391 4009 simulacrorum
3431 3958 3606 4012 ﬁctio-

2026 4060 2173 4106 nem,
2207 4060 2330 4098 cum
2363 4045 2618 4098 humanis
2648 4045 2908 4100 membris
2935 4049 3292 4115 quorumdam
3321 4045 3605 4104 hrulorum

2027 4135 2233 4189 formas
2256 4135 2694 4197 accommodant,
2726 4135 2952 4205 amigma
2983 4152 3104 4191 esse
3137 4148 3346 4194 naturae
3377 4141 3605 4193 commi-

2025 4235 2126 4282 stae
2156 4227 2359 4289 dicere,
2395 4243 2559 4295 quam
2590 4228 2864 4296 appellant
2895 4229 3227 4294 daemonem;
3262 4231 3400 4284 hanc.
3423 4242 3602 4286 autem

2026 4318 2340 4373 hominibus
2406 4318 2746 4372 subtiliorem
2783 4327 2858 4374 νει
2905 4321 3148 4388 potentia
3206 4323 3376 4376 111111ῐο
3419 4323 3606 4378 nosﬂ‘a

2027 4410 2365 4478 superiorem
2396 4424 2517 4463 esse
2553 4420 2835 4475 naturam;
2871 4409 3205 4465 divinitatem
3230 4421 3408 4467 autem
3432 4430 3606 4483 neque

349 4502 529 4572 μένον,
565 4505 758 4576 ἡδονήν
779 4523 838 4558 τε
876 4506 966 4558 καὶ
994 4506 1152 4559 πόνον
1195 4508 1584 4578 ἀναδεχόμενον
1607 4524 1620 4536 °
1665 4501 1738 4559 ὧν
1768 4507 1919 4560 οὐδὲν

2029 4502 2350 4563 immistam,
2386 4516 2563 4569 neque
2607 4517 2798 4571 puram
2851 4511 2903 4555 et
2945 4503 3213 4557 sinceram
3252 4504 3469 4566 habere,
3510 4505 3607 4560 sed

347 4594 476 4664 περὶ
507 4595 596 4648 τὸν
622 4596 912 4666 ἀγέννητον
934 4593 1071 4650 εῖναι
1100 4598 1251 4652 Θεόν.
1291 4598 1402 4651 Καὶ
1427 4597 1534 4668 γὰρ
1569 4597 1807 4649 κάκεῖνοι
1836 4597 1923 4648 λέ-

347 4702 500 4753 γουσι
529 4685 685 4739 τούτο
718 4688 776 4740 τὸ
796 4687 986 4757 ὄνομα,
1012 4688 1088 4758 τῷ
1122 4688 1438 4759 ὑπερέχοντι
1479 4688 1621 4741 κατὰ
1663 4690 1761 4750 τὰς
1793 4688 1923 4739 ὑπο-

345 4776 534 4846 λήψεις
571 4779 748 4830 αὐτῶν
794 4779 912 4848 Θεῷ
950 4780 1050 4850 τὴν
1101 4781 1426 4850 άγεννησίαν
1476 4779 1919 4850 ἐπιφημίζοντες.

351 4870 564 4921 Ἔοικεν
591 4865 684 4922 οὖν
725 4871 855 4940 ἡμῖν
881 4873 910 4924 ὁ
948 4872 1108 4939 σοφὸς
1135 4872 1385 4939 θεολόγος
1412 4865 1564 4933 οὗτος
1591 4873 1654 4924 ἐκ
1694 4871 1800 4924 τῶν
1828 4873 1922 4924 Al-

345 4958 596 5025 γυπτίων
635 4957 841 5011 ἀδύτων
871 4960 1140 5018 Ἀνουὸιν.
1167 4961 1200 5030 ἢ
1235 4957 1393 5019 Ἶσιν,
1418 4961 1449 5030 ἢ
1481 4963 1695 5026 Ὄσιριν
1725 4959 1799 5028 τῷ
1829 4976 1929 5029 κη-

350 5048 586 5119 ρύγματι
601 5048 710 5101 τῶν
721 5049 1063 5119 Χριστιανῶν
1082 5051 1560 5120 ἐπεισάγειν,πλὴν
1577 5051 1672 5120 τῆς
1684 5049 1792 5102 τῶν
1811 5051 1928 5102 ὀνο·

350 5139 534 5209 μάτων
562 5140 878 5210 ὁμολογίας·
909 5141 1153 5212 διαφέρει
1178 5141 1234 5194 δὲ
1260 5143 1477 5205 πάντως
1505 5142 1656 5194 οὐδὲν
1688 5143 1766 5203 είς
1793 5140 1924 5193 ἀσέ-

347 5230 523 5293 ϐειαν,
552 5231 579 5283 ὃ
621 5249 681 5284 τε
724 5231 1003 5302 ὁμολογῶν
1041 5232 1108 5284 τὰ
1143 5230 1248 5284 τῶν
1275 5231 1504 5284 εἰδώλων
1538 5231 1795 5300 ὀνόματα,
1835 5231 1930 5283 καὶ

348 5323 377 5374 ὁ
402 5321 499 5386 τὰς
529 5325 656 5394 περὶ
693 5324 897 5378 τούτων
942 5324 1092 5390 δόξας
1117 5326 1173 5376 ἐν
1201 5323 1376 5393 ἑαυτῷ
1405 5322 1696 5394 κρατύνεις,
1736 5320 1844 5372 τῶν
1869 5321 1926 5373 δὲ

346 5412 622 5480 όνοματων
675 5415 1008 5485 φειδόμενος.
1067 5417 1130 5468 Et
1181 5414 1360 5468 τοίνυν
1398 5415 1462 5465 ἐκ
1502 5414 1600 5483 μὲν
1639 5411 1738 5482 τῆς
1781 5410 1928 5472 θείας

348 5500 572 5572 Γραφῆς
611 5507 936 5576 συνηγορίαν
965 5506 1088 5560 τινὰ
1115 5507 1213 5578 τῆς
1245 5507 1498 5568 ἀσεϐείας
1522 5504 1722 5574 ταύτης
1749 5504 1928 5574 εὑρεῖν

347 5593 447 5646 οὐκ
471 5593 636 5659 ἐστιν,
667 5597 731 5649 ἐκ
757 5597 814 5650 δὲ
841 5599 948 5651 τῶν
980 5597 1372 5671 ἱερογλυφικῶν
1402 5596 1742 5666 αἰνιγμάτων
1775 5597 1803 5647 ὁ
1844 5593 1930 5646 λό-

423 5770 466 5800 ’⁶
505 5769 787 5826 l'fimoth.
824 5787 884 5835 ιι,
911 5773 965 5828 ί.

2025 4610 2149 4648 cum
2200 4595 2395 4649 anima:
2419 4604 2612 4648 natura
2645 4603 2698 4648 et
2732 4595 2982 4665 corporis
3038 4611 3200 4651 sensu
3230 4605 3605 4666 contempera-

2023 4694 2155 4751 tam,
2193 4687 2490 4757 voluptatis
2521 4695 2575 4740 et
2597 4686 2802 4740 laboris
2856 4701 3110 4756 capacem
3141 4727 3155 4747 ,
3185 4702 3420 4757 quorum
3464 4688 3604 4742 nihil

2024 4779 2080 4832 in
2118 4778 2223 4832 Deo
2253 4760 2493 4846 ingenito
2531 4794 2673 4832 esse.
2706 4776 2839 4831 Nam
2874 4787 2927 4832 et
2958 4779 3034 4832 illi
3081 4779 3182 4832 hoc
3209 4794 3406 4833 nomen
3440 4795 3605 4835 usur-

2026 4874 2178 4932 pant,
2234 4865 2660 4930 supereminenti
2703 4866 3003 4920 secundum
3043 4867 3328 4934 opiniones
3362 4869 3605 4936 ipsorum

2031 4955 2162 5017 Deo,
2224 4956 2450 5025 ingeniti
2511 4957 2780 5011 rationem
2860 4957 3158 5012 honorifice
3221 4960 3601 5016 attribuentes.

2031 5046 2396 5112 Quamobrem
2433 5048 2592 5101 nobis
2621 5047 2839 5103 videtur
2881 5049 2985 5103 iste
3038 5049 3258 5118 sapiens
3319 5051 3606 5122 theologus

2029 5151 2097 5191 ex
2124 5133 2509 5206 IEgyptiorum
2550 5137 2728 5206 adytis
2756 5144 2808 5191 et
2847 5138 3218 5206 penetralibus
3252 5139 3490 5203 Anubin,
3522 5142 3606 5196 vel

2029 5228 2159 5289 Isin.
2184 5229 2267 5282 vel
2291 5229 2496 5291 Osirin,
2532 5229 2805 5297 praeconio
2837 5228 3271 5284 Christianorum
3325 5230 3605 5294 inducere,

2029 5329 2253 5389 excepta
2286 5319 2568 5373 nominum
2616 5320 2965 5377 confessione
2998 5341 3010 5376 :
3044 5323 3178 5376 nihil
3230 5332 3412 5378 autem
3449 5327 3609 5395 plane

2030 5411 2220 5466 differt
2244 5411 2310 5464 ad
2343 5411 2694 5480 impietatem,
2721 5419 2774 5466 et
2806 5413 2899 5482 qui
2930 5413 3197 5467 idolorum
3228 5416 3450 5470 nomina
3478 5433 3608 5472 con-

2031 5501 2235 5566 fitetur,
2267 5511 2320 5557 et
2347 5505 2441 5572 qui
2487 5503 2772 5572 opiniones
2806 5503 2859 5557 in
2896 5505 3076 5574 seipso
3113 5507 3318 5561 habens
3350 5508 3608 5562 obfirma-

2031 5603 2137 5660 tas,
2189 5595 2502 5650 nominibus
2533 5594 2784 5650 abstinet.
2820 5596 2874 5650 Si
2913 5597 3075 5666 igitur
3109 5614 3171 5652 ex
3219 5597 3403 5653 divina
3461 5599 3607 5654 Scri-
