4142 6374
511 351 616 404 905

1764 333 1824 387 S.
1857 329 2188 390 (ΞΜ-200311
2223 329 2516 387 NYSSENI

3655 329 3761 388 9οι

511 479 668 535 ptura
693 461 858 530 hujus
895 455 1191 528 impietatis
1209 452 1570 525 patrocinium
1597 451 1818 520 aliquod
1839 465 1947 505 non
1969 451 2094 504 licet

2217 467 2291 515 ro;
2339 451 2523 513 αὐτοῖς
2569 448 2668 518 τὴν
2717 450 2868 519 ἰσχὺν
2899 448 3030 518 ἔχει.
3086 449 3300 510 πάντως
3341 447 3440 501 οὐκ
3483 447 3672 518 ἄδηλον
3710 449 3764 501 τί

508 556 790 620 invenire,
847 551 942 606 sed
1001 564 1065 602 ex
1126 544 1546 616 hieroglyphicis
1597 543 1923 612 aenigmatis,
1979 541 2095 595 sive

514 644 817 700 involucris
839 638 1242 711 Egyptiorum,
1268 650 1447 690 sermo
1478 635 1718 706 ipsorum
1753 633 1920 686 robur
1937 631 2097 686 habet

511 737 764 808 profecto
813 749 921 788 non
954 732 1253 786 obscurum
1287 727 1417 798 quid
1476 727 1614 782 bene
1673 726 1969 780 sentientes
1999 725 2098 778 ho-

513 830 689 883 mines
727 827 794 882 de
835 825 922 880 his
951 823 1144 878 deceat
1172 821 1431 890 cogitare.
1460 818 1613 884 Quod
1645 826 1824 870 autem
1861 831 1970 869 non
2007 831 2099 868 ca-

512 923 785 975 lumniose
829 925 885 973 et
919 915 1228 987 petulanter
1257 913 1399 965 hanc
1440 909 1875 965 criminationem
1911 907 2100 962 inferi-

514 1032 659 1078 mus,
701 1015 817 1083 ipse
847 1012 1006 1065 nobis
1033 1009 1189 1064 testis
1235 1023 1302 1062 ex
1330 1005 1572 1076 propriis
1626 1001 1974 1058 sermonibus
2006 1001 2101 1054 ﬁat

513 1106 840 1160 Eunomius.
871 1103 974 1168 Qui
1013 1099 1314 1171 ingenitum
1342 1097 1582 1167 quidem.
1621 1095 1798 1149 lucem
1852 1095 2100 1148 inacces-

516 1213 632 1253 sam
683 1196 939 1266 appellat,
992 1201 1046 1247 et
1093 1191 1162 1244 ad
1215 1171 1626 1260 perpessio‘num
1670 1186 2099 1256 experimentum

517 1290 632 1344 sive
676 1286 1034 1341 tentationem
1069 1284 1257 1339 venire
1292 1298 1400 1337 non
1445 1281 1756 1343 valentem;
1810 1279 1862 1332 in
1921 1278 2102 1346 genito

514 1396 646 1435 vero
666 1387 910 1432 mutuam
935 1385 988 1432 et
1019 1384 1313 1445 cognatam
1348 1373 1508 1427 talem
1538 1371 1953 1440 dispositionem
1981 1383 2104 1424 esse

517 1471 726 1535 deﬁnit,
762 1477 820 1522 ut
851 1483 1026 1538 neque
1053 1466 1338 1536 unigenito
1365 1464 1495 1527 Deo,
1524 1478 1760 1533 quorum
1787 1477 1954 1516 causa
1987 1474 2106 1530 pas-

518 1577 614 1617 sus
636 1571 738 1624 est,
766 1561 928 1614 homo
965 1559 1260 1628 quidquam
1309 1557 1522 1618 debeat,
1578 1553 1847 1623 siquidem
1886 1566 2018 1606 casu
2050 1559 2105 1605 ct

519 1653 743 1706 fortuito
793 1652 1090 1705 secundum
1163 1651 1404 1719 ipsorum
1455 1646 1719 1700 rationem
1782 1643 1849 1698 ad
1907 1643 2104 1697 horum

519 1743 936 1814 perpessionum
968 1749 1022 1796 et
1053 1741 1393 1794 cruciatuum
1435 1734 1824 1806 experientiam
1849 1733 2105 1803 delapsus

520 1845 627 1900 est,
661 1834 870 1903 patibili
913 1831 1152 1887 essentia
1186 1828 1505 1883 naturaliter
1555 1825 1619 1880 ad
1649 1826 1752 1879 hoc
1786 1833 2056 1893 pertracta
2089 1841 2102 1877 :
2137 1803 2179 1857 Β

528 1927 670 1996 quod
704 1925 920 1994 quidem
958 1922 1107 1977 nulla
1136 1921 1432 1991 gratiarum
1485 1919 1700 1973 actione
1743 1916 1963 1985 dignum
2002 1924 2103 1969 est.

527 2020 663 2084 Quis
693 2018 836 2071 enim
867 2017 920 2070 in
951 2016 1138 2086 gratiae
1172 2022 1325 2084 parte
1351 2012 1464 2066 sive
1491 2009 1737 2064 beneﬁcii
1781 2009 1901 2062 loco
1920 2017 2105 2076 ponat,

523 2113 668 2184 quod
705 2111 1016 2167 necessario
1066 2109 1287 2170 accidit,
1329 2103 1578 2174 quamvis
1613 2103 1686 2159 sit
1740 2102 2021 2156 lucrosum
2055 2109 2110 2154 et

524 2203 798 2276 perutile?
851 2201 1036 2271 Neque
1071 2199 1217 2255 enim
1269 2199 1402 2266 igni,
1452 2195 1652 2251 caloris
1689 2208 1877 2258 causa,
1934 2207 2111 2262 neque

525 2310 701 2366 aqum,
731 2292 928 2354 fluxus,
974 2292 1203 2362 gratiam
1234 2289 1520 2353 habemus,
1566 2287 1634 2342 ad
1669 2294 1880 2340 natura:
1919 2301 2112 2340 neces-

527 2392 742 2445 sitatem
768 2385 911 2457 quod
945 2384 1004 2438 ﬁt
1042 2389 1363 2437 revocantes
1403 2399 1415 2433 :
1457 2379 1584 2449 quia
1623 2395 1730 2433 non
1763 2378 1939 2447 possit
1969 2377 2112 2447 ignis

529 2494 560 2532 a
590 2477 867 2532 caloriﬁca
904 2474 1219 2543 operatione
1253 2469 1498 2531 destitui,
1531 2483 1705 2536 neque
1731 2482 1868 2536 aqua
1903 2467 2114 2522 stabilis

528 2570 584 2623 in
611 2571 774 2638 plano
805 2580 1047 2626 manere,
1079 2569 1272 2633 sponte
1315 2559 1473 2613 locali
1521 2557 1877 2612 inclinatione
1908 2564 2112 2610 motum

531 2675 788 2729 prorsum
839 2656 1162 2710 attrahente.
1209 2653 1265 2706 Si
1304 2651 1468 2720 igitur
1525 2658 1734 2703 naturae
1789 2648 2116 2702 necessitate

528 2750 854 2805 beneﬁcium
897 2743 1291 2800 incarnationis
1321 2757 1349 2794 a
1379 2740 1520 2793 Filio
1551 2738 1862 2792 hominibus
1915 2736 2114 2790 factum

530 2859 654 2897 esse
697 2841 907 2903 dicunt.
949 2838 1150 2892 nullam
1203 2835 1428 2888 omnino
1466 2833 1696 2903 gratiam
1731 2830 1955 2896 habent,
1987 2830 2115 2898 quia

533 2951 646 2990 non
683 2934 748 2988 ad
809 2933 1031 2987 liberam
1068 2938 1122 2983 et
1158 2927 1462 2982 absolutam
1518 2931 1864 2994 potestatem,
1922 2921 2016 2975 sed
2049 2919 2116 2974 ad

541 3027 846 3080 naturalem
896 3023 1276 3078 necessitatem
1302 3018 1447 3088 quod
1504 3015 1706 3071 factum
1740 3022 1824 3070 est
1854 3013 2114 3069 referunt.

2197 543 2464 612 προσήκει
2485 542 2608 603 τούς
2628 537 2685 594 εὖ
2709 540 3035 611 φ’ρονοῦντας
3058 557 3122 592 πε
3130 540 3182 611 pi
3205 539 3407 592 τούτων
3427 539 3766 607 λογίσασθαι.

2199 635 2322 688 Ὅτι
2354 635 2399 688 δ’
2425 635 2523 688 οὐκ
2546 633 2960 704 ἐπηρεαστικῶς
2987 632 3189 702 ταύτην
3218 633 3316 701 τὴν
3353 632 3606 703 διαϐολὴν
3650 635 3770 685 ἐπι-

2199 725 2457 796 φέρομεν,
2489 725 2649 788 αὐτὸς
2674 723 2738 777 ἂν
2765 726 2973 792 γένοιτο
2993 725 3122 794 ἡμῖν
3149 725 3357 795 μάρτυς
3385 724 3472 777 διὰ
3495 727 3600 777 τῶν
3627 725 3770 778 ίδξων

2197 814 2370 882 λόγων
2401 815 2684 883 Εὐνόμιος,
2713 815 2740 865 ό
2773 815 2865 866 τὸν
2887 815 3178 884 ἀγέννητον
3209 816 3305 885 μὲν
3333 816 3622 886 ἀπρόσιτον
3653 817 3770 886 φῶς

2199 905 2392 973 λέγων,
2421 906 2514 958 καὶ
2539 907 2620 968 είς
2650 908 2842 976 πεῖραν
2875 905 3214 976 παθημάτων
3235 906 3407 959 ἐλθεῖν
3433 908 3506 978 μὴ
3541 909 3768 978 δυνάμε-

2199 1014 2311 1061 νον,
2354 998 2446 1049 ἐπὶ
2482 997 2538 1050 δὲ
2569 997 2630 1050 τὸ
2673 997 2927 1068 γεννητὸν
2951 998 3280 1070 κατάλληλόν
3315 1017 3374 1052 τε
3413 1000 3505 1052 καὶ
3537 1001 3769 1071 συγγενῆ

2200 1087 2297 1158 τὴν
2337 1088 2590 1158 τοιαύτην
2627 1089 2864 1142 διάθεσιν
2901 1089 3286 1161 διοριζόμενος.
3333 1092 3422 1155 Ὠς
3449 1093 3580 1162 μηδὲ
3613 1094 3772 1163 χάριν

2200 1178 2279 1249 τῷ
2325 1183 2602 1248 μονογενεῖ
2645 1180 2763 1251 Θεῷ
2799 1183 2886 1234 τὸν
2913 1181 3194 1253 ἄνθρωπον
3241 1177 3316 1236 ὧν
3348 1185 3531 1238 ἕνεκεν
3572 1184 3772 1237 ἔπαθεν

2202 1272 2366 1343 ἔχειν,
2400 1275 2554 1344 εἴπερ
2579 1275 2898 1344 αὐτομάτως
2931 1276 3073 1328 κατά
3112 1278 3203 1330 τὸν
3240 1277 3397 1345 λόγον
3420 1279 3596 1331 αὐτῶν
3639 1279 3775 1348 πρὸς

2202 1364 2302 1434 τὴν
2334 1363 2442 1417 τῶν
2483 1364 2821 1435 παθημάτων
2863 1367 3168 1438 κατωλίσθη
3204 1372 3416 1439 πεῖραν,
3448 1369 3549 1438 τῆς
3595 1372 3774 1440 ἐμπα-

2207 1453 2332 1518 θοῦς
2355 1455 2542 1519 οὐσίας
2571 1456 2814 1525 φυσικῶς
2847 1458 2983 1528 πρὸς
3012 1459 3167 1512 τοῦτο
3194 1462 3589 1532 κατασυρείσης
3606 1480 3620 1493 ·
3643 1463 3777 1533 ὅπερ

2205 1547 2462 1617 οὐδεμιᾶς
2487 1548 2634 1613 ἄξιον
2659 1551 3009 1621 εὐχαριστίας
3037 1553 3172 1606 ἐστί.
3224 1554 3318 1616 Τίς
3351 1553 3459 1624 γάρ
3493 1554 3557 1607 ἂν
3596 1557 3654 1608 ἐν
3675 1557 3778 1626 χά-

2209 1657 2358 1710 ριτος
2399 1639 2608 1705 δέξαιτο
2656 1642 2831 1712 μέρει,
2878 1645 2940 1696 τὸ
2979 1647 3097 1698 κατ’
3141 1645 3383 1716 ἀνάγκην
3436 1647 3776 1717 συμϐαίνειν,

2209 1730 2314 1784 κᾶν
2345 1732 2630 1802 ἐπικερδές
2671 1735 2764 1787 καὶ
2802 1735 3074 1806 ὠφέλιμον
3104 1732 3173 1809 ᾗς
3218 1736 3354 1791 Οὔτε
3393 1739 3502 1810 γὰρ
3541 1739 3620 1810 τῷ
3649 1742 3782 1812 πυρὶ⁵

2208 1823 2308 1891 τῆς
2345 1820 2700 1893 θερμότητος,
2731 1823 2854 1877 οὐτε
2877 1824 2956 1896 τῷ
2982 1825 3130 1880 ὕδατι
3153 1828 3250 1898 τῆς
3273 1829 3420 1899 ῥοῆς,
3443 1830 3599 1900 χάριν
3629 1830 3784 1900 γινώ⁶

2209 1929 2434 1982 σκομεν,
2478 1915 2557 1977 είς
2591 1915 2688 1986 τὴν
2726 1917 2969 1986 ἀνάγκην
3009 1919 3108 1989 τῆς
3148 1920 3359 1987 φύσεως
3397 1922 3688 1991 ἀνάγοντες
3721 1924 3784 1977 τὸ

2208 2007 2513 2077 γινόμενον,
2549 2007 2638 2061 διά
2657 2009 2718 2061 τὺ
2751 2009 2825 2082 μὴ
2855 2009 3110 2064 δύνασθαι
3135 2012 3196 2064 τὸ
3220 2013 3329 2084 πῦρ
3369 2014 3467 2084 τῆς
3494 2015 3784 2088 θερμαντι-

2211 2101 2313 2170 κῆς
2330 2101 2609 2172 ἐνεργείας
2640 2103 3101 2176 ἀπολειφθῆναι,ἦ
3137 2104 3396 2175 στάσιμον
3423 2109 3512 2160 ἐπὶ
3544 2110 3784 2178 πρανοῦς

2214 2195 2390 2262 μεῖναι
2413 2193 2472 2245 τὸ
2503 2193 2667 2263 ὕδωρ,
2711 2193 3030 2264 αὐτομάτως
3069 2196 3167 2265 τῆς
3203 2197 3434 2266 τοπικῆς
3462 2199 3784 2263 ἐπικλίσεως

2211 2285 2574 2356 ἐφελκομένης
2606 2286 2698 2339 ἐπὶ
2742 2286 2802 2339 τὸ
2831 2287 3016 2358 πρόσω
3047 2288 3144 2359 τὴν
3173 2289 3406 2360 κίνησιν.
3464 2291 3525 2344 Et
3559 2288 3650 2344 οὗν
3684 2291 3789 2360 φύ-

2214 2392 2350 2438 σεως
2415 2375 2630 2450 ἀνάγκῃ
2693 2377 2791 2446 τὴν
2853 2379 2939 2431 διὰ
3002 2380 3202 2450 σαρκὸς
3259 2382 3574 2451 εὐεργεσίαν
3635 2384 3788 2450 παρά

2213 2464 2306 2517 τοῦ
2351 2465 2477 2518 Υἱοῦ
2522 2468 2844 2536 γεγενῆσθαι
2884 2472 2993 2532 τοῖς
3043 2470 3347 2540 ἀνθρώποις
3385 2471 3649 2540 λέγουσιν,
3697 2475 3789 2525 οὐ·

2213 2556 2406 2626 δεμίαν
2451 2560 2668 2622 πάντως
2711 2560 2866 2631 χάριν
2895 2561 3281 2628 γινώσκουσιν,
3325 2566 3406 2617 ὄτι
3445 2564 3542 2616 οὐκ
3583 2567 3661 2627 είς
3693 2565 3789 2617 δύο

2214 2665 2376 2718 ναμιν
2413 2649 2848 2722 ἐξουσιαστικὴν,
2905 2653 3019 2706 ἀλλ’
3055 2657 3132 2717 εἰς
3175 2656 3406 2726 φυσικὴν
3448 2657 3686 2725 ἀνάγκην
3728 2657 3789 2709 τὺ

2217 2743 2433 2808 γεγονὸς
2471 2743 2847 2814 ἀναφέρουσιν.
2899 2746 2960 2796 Εἰ
2989 2747 3044 2797 δὲ
3086 2747 3182 2816 τῆς
3218 2748 3424 2818 δωρεᾶς
3468 2748 3790 2817 αἰσθανόμε-

2216 2846 2296 2882 νοι
2337 2831 2434 2900 τὴν
2477 2832 2793 2901 εὐεργεσίαν
2848 2833 3205 2902 ἀτιμάζουσι,
3274 2837 3485 2890 δέδοικα
3533 2837 3605 2908 μὴ
3655 2837 3791 2908 πρὸς

2217 2921 2522 2973 τούναντίον
2557 2927 2866 2993 περιτραπῇ
2904 2925 3066 2977 πάλιν
3109 2926 3290 2988 αὐτοῖς
3326 2928 3358 2996 ἡ
3399 2927 3652 2990 ἀσέϐεια,
3697 2929 3794 2982 καὶ

2218 3013 2615 3083 προτιμοτέραν
2648 3014 2980 3083 ποιήσωνται
3011 3014 3108 3086 τὴν
3137 3016 3358 3086 ἐμπαθῆ
3393 3017 3485 3070 τοῦ
3523 3018 3646 3071 Υἰοῦ
3675 3020 3794 3073 διά-

533 3116 689 3183 Quod
717 3115 762 3170 si
810 3127 1011 3168 munus
1045 3111 1098 3166 id
1149 3125 1272 3166 esse
1305 3108 1624 3170 sentientes,
1662 3103 1987 3160 beneﬁcium
2020 3103 2117 3157 de—

2221 3103 2368 3158 θεσιν
2433 3105 2530 3175 τῆς
2563 3108 2834 3177 πατρικῆς
2869 3107 3164 3171 ἀπαθείας,
3215 3111 3272 3160 ἐν
3304 3110 3381 3180 τῷ
3409 3111 3525 3163 καθ’
3566 3113 3794 3176 ἑαυτοὺς

533 3209 813 3269 decorant,
848 3219 1039 3259 vereor
1073 3217 1140 3256 ne
1169 3201 1224 3254 in
1260 3199 1597 3254 contrarium
1642 3205 1790 3250 retro
1824 3196 1957 3266 ipsis
1992 3210 2118 3249 con-

533 3308 780 3355 vertatur
806 3298 1079 3367 impietas,
1109 3303 1272 3360 atque
1319 3292 1491 3362 pluris
1523 3290 1896 3346 aestimandam
1931 3289 2119 3358 patibi-

537 3394 644 3447 lem
689 3391 812 3444 Filii
865 3388 1280 3458 dispusitionem
1331 3383 1555 3446 faciant,
1613 3395 1776 3452 quam
1838 3388 2119 3450 paternam

539 3482 1062 3551 impassibilitatem,
1091 3477 1358 3546 siquidem
1393 3475 1448 3529 in
1485 3475 1647 3537 bono,
1672 3470 1816 3540 quod
1848 3471 1902 3525 in
1932 3485 2119 3525 eorum

538 3574 829 3628 utilitatem
863 3571 1026 3634 cedit,
1088 3568 1297 3638 pulchri
1342 3565 1606 3636 judicium
1649 3563 1873 3616 faciant.
1907 3561 2040 3614 Nam
2077 3560 2122 3616 si

539 3659 759 3722 Filium,
784 3661 926 3715 sicut
965 3657 1032 3712 de
1060 3657 1220 3711 Patre
1247 3656 1544 3710 decernunt
1574 3663 1625 3708 et
1651 3653 1866 3713 docent,
1902 3665 2123 3720 perpes-

541 3748 714 3802 sionis
742 3762 850 3800 non
895 3760 1150 3814 capacem
1181 3758 1302 3798 esse
1334 3743 1675 3812 contigisset,
1705 3739 2122 3794 inemendabilis

543 3849 706 3908 atque
751 3835 1122 3905 irreparabilis
1159 3835 1449 3888 mansisset
1493 3841 1682 3886 nostra
1715 3832 1956 3894 miseria,
1990 3831 2120 3900 quia

543 3945 652 3985 non
681 3937 827 3984 esset
855 3927 946 3996 qui
985 3941 1080 3994 per
1104 3925 1379 3994 pr0priam
1405 3924 1796 3992 experientiam
1840 3922 1906 3976 ad
1947 3923 2126 3975 incor-

545 4021 854 4090 ruptionem
889 4017 1200 4073 sublevaret
1228 4016 1523 4069 hominem.
1556 4013 1623 4067 Et
1646 4013 1725 4068 sic
1755 4013 2125 4082 captiosorum

545 4128 608 4165 ac
633 4110 904 4165 fallacium
929 4108 1318 4178 magistrorum
1340 4107 1560 4162 solertia
1587 4120 1695 4160 non
1720 4105 2125 4169 animadvertit,

2221 3196 2430 3264 ἀγαθῷ,
2457 3197 2554 3267 τὴν
2580 3199 2671 3250 τοῦ
2705 3199 2869 3251 καλοῦ
2899 3199 3077 3270 κρίσιν
3104 3200 3433 3269 ποιούμενοι.
3476 3203 3537 3255 Εἰ
3562 3203 3669 3274 γὰρ
3700 3205 3795 3257 καὶ

2222 3288 2311 3341 τὸν
2355 3289 2484 3342 Υίὺν
2580 3290 2762 3354 καθὼς
2808 3291 2933 3363 περὶ
2980 3292 3074 3345 τοῦ
3104 3293 3315 3357 Πατρὸς
3359 3294 3794 3363 δογματίζουσιν,

2224 3381 2607 3452 άπαράδεκτον
2639 3377 2777 3434 εἶναι
2806 3383 2999 3454 συνέϐη
3046 3383 3138 3435 τοῦ
3187 3383 3422 3446 πάθους,
3479 3383 3799 3455 ἀδιόρθωτος

2227 3472 2440 3544 ἔμεινεν
2469 3473 2533 3527 ἂν
2567 3476 2598 3543 ἡ
2642 3474 2740 3542 τῆς
2774 3473 2987 3542 φύσεως
3030 3473 3184 3544 ἡμῶν
3217 3492 3276 3526 συ
3288 3472 3491 3543 μιρορά,
3521 3474 3621 3526 οὐκ
3648 3472 3799 3536 ὄντος

2225 3563 2320 3615 τοῦ
2353 3563 2439 3615 διὰ
2489 3563 2585 3631 τῆς
2616 3563 2820 3624 οἰκείας
2862 3563 3056 3635 πείρας
3109 3565 3187 3626 εἰς
3219 3563 3522 3633 ἀφθαρσίαν
3551 3561 3798 3633 ἐξαιρου-

2233 3655 2392 3726 μένου
2436 3654 2526 3707 τὸν
2563 3654 2846 3724 ἄνθρωπον
2876 3672 2892 3689 ·
2926 3655 3021 3708 καὶ
3061 3655 3201 3707 οὕτω
3241 3655 3489 3707 λανθάνει
3533 3655 3802 3722 σοςιστῶν

2227 3749 2260 3816 ὴ
2284 3746 2539 3815 δεινότης,
2563 3745 2626 3798 δι’
2659 3740 2733 3797 ὧν
2759 3744 3038 3816 καθαιρεῖν
3058 3748 3324 3818 ἐπιχειρεῖ
3355 3745 3448 3800 τοῦ
3485 3745 3804 3816 μονογενοῦς

2229 3837 2363 3890 Θεοῦ
2391 3838 2450 3890 τὸ
2485 3837 2789 3907 μεγαλεῖον,
2821 3839 2900 3900 είς
2933 3837 3182 3906 μείζονάς
3212 3857 3266 3891 τε
3292 3840 3384 3891 καὶ
3405 3838 3802 3908 προτιμοτέρας

2232 3928 2524 3998 ὑπολήψεις
2562 3929 2720 3982 αὐτὸν
2754 3930 3108 3999 περιάγουσα.
3173 3931 3428 4001 Ἐπείπερ
3454 3933 3481 3982 ό
3509 3930 3806 4000 δυνάμενος

2234 4019 2543 4089 ἐπιδρᾶσαι,
2577 4019 2671 4072 τοῦ
2713 4018 3095 4081 ἀδυνατοῦντος
3126 4019 3258 4090 πρὸς
3286 4020 3347 4073 τὸ
3385 4021 3587 4088 ἀγαθὸν
3616 4038 3806 4091 προτι-

2241 4109 2484 4180 μότερος.

545 4203 689 4271 quod
721 4219 816 4274 per
845 4219 910 4258 ea
959 4203 1158 4272 quibus
1191 4203 1476 4261 destruere
1518 4201 1740 4255 molitur
1767 4201 1990 4271 ingeniti
2028 4199 2120 4254 Dei
2164 4205 2525 4273 majestatem,
2595 4207 2662 4260 ad
2691 4207 2929 4277 majores
2953 4217 3005 4262 et
3039 4207 3471 4264 honorabiliorcs
3522 4211 3808 4279 opiniones

544 4406 649 4445 est.

619 4480 725 4535 Sed
768 4480 944 4535 sentio
986 4475 1351 4533 inordinatum
1391 4478 1665 4532 sermonis
1713 4490 1971 4540 cursum;
2009 4489 2117 4527 non
2154 4480 2202 4538 υ

544 4573 691 4626 enim
731 4579 912 4625 manet
949 4570 1003 4624 in
1041 4586 1206 4628 cursu
1244 4568 1615 4630 convenienti,
1654 4567 1771 4632 sed,
1807 4575 1868 4620 ut
1908 4567 2129 4621 fervidis

544 4671 601 4717 et
635 4662 896 4716 animosis
943 4675 1205 4731 equorqu
1265 4659 1430 4730 pullis
1479 4660 1616 4714 solet
1658 4658 2010 4727 contingere,
2061 4657 2130 4710 ab

547 4753 986 4805 adversariorum
1019 4749 1200 4819 impiis
1225 4749 1491 4804 conviciis
1527 4747 1827 4817 impetuose
1862 4745 2033 4800 fertur
2061 4743 2129 4798 ad

550 4843 916 4913 insequendas
962 4843 1332 4897 absurditates
1378 4855 1568 4895 eorum
1623 4854 1742 4908 qua:
1792 4843 2127 4906 supponunt.

551 4936 692 5006 Ergo
725 4938 838 5004 ipse
863 4935 1199 4989 cohibendus
1229 4941 1314 4988 est
1344 4948 1407 4986 ac
1437 4930 1815 5002 reprimendus
1837 4970 1851 4986 .
1893 4944 1960 4981 ne
1988 4943 2130 4997 prae-

551 5025 700 5079 ferox
738 5025 947 5079 frenum
989 5039 1288 5094 respuens,
1327 5025 1468 5076 ultra
1510 5022 1728 5075 modum
1769 5022 1825 5074 in
1869 5019 2129 5073 absurdo-

552 5132 668 5168 rum
699 5115 1219 5169 demonstrationem
1254 5121 1538 5183 evagetur;
1579 5111 1792 5165 veniam
1827 5117 2004 5163 autem
2035 5110 2132 5162 da-

551 5207 629 5258 bit
671 5205 938 5274 benignus
976 5212 1029 5259 et
1067 5204 1332 5258 candidus
1372 5204 1586 5256 auditor
1620 5203 1692 5256 ob
1724 5215 1787 5254 ea
1822 5215 1944 5268 quae
1977 5199 2124 5252 dicta

552 5303 714 5349 sunt.
748 5311 857 5348 non
888 5295 1045 5349 nobis
1084 5294 1484 5346 incumbentem
1525 5308 1588 5345 ex
1636 5291 1990 5360 inquisitione
2030 5289 2129 5342 ab—

550 5387 844 5442 surdorum
887 5383 1444 5447 demonstrationem,
1488 5383 1582 5435 sed
1630 5383 1714 5434 his
1760 5383 1851 5450 qui
1897 5381 2129 5449 maligna

553 5487 760 5549 ponunt
792 5477 1056 5545 principia
1079 5519 1093 5540 ,
1131 5475 1427 5544 imputans.
1462 5473 1630 5528 Nobis
1664 5483 1845 5526 autem
1882 5472 1947 5525 ad
1976 5473 2125 5524 aliud

552 5571 811 5639 quiddam
844 5584 1034 5621 eorum
1063 5581 1183 5634 quae
1210 5567 1357 5621 dicta
1387 5572 1516 5619 sunt
1535 5604 1550 5626 ,
1585 5563 1850 5632 adigenda
1882 5562 2131 5631 specula-

554 5662 628 5712 tiu
649 5658 812 5713 :dieit
831 5657 979 5712 enim
997 5655 1142 5723 quod
1163 5672 1179 5704 ι
1201 5655 1364 5708 etiam
1382 5653 1543 5710 nobis
1570 5653 1738 5709 Deum
1769 5654 2130 5724 compositum

551 5746 1122 5815 ellicit,qnodluccm
1167 5745 1386 5811 quidem
1431 5760 1775 5800 communem
1826 5758 2133 5813 supponere

545 4299 726 4367 ipsum
759 4295 1082 4365 circumagit
1124 4312 1138 4348 :
1179 4294 1449 4366 siquidem
1508 4293 1602 4364 qui
1651 4300 1830 4364 potest
1887 4292 2102 4362 operari
2141 4294 2365 4361 bonum,
2415 4313 2480 4352 eo
2529 4299 2620 4367 qui
2668 4300 2734 4353 ad
2801 4301 3000 4354 bonum
3039 4313 3123 4356 est
3153 4302 3420 4372 impotens
3465 4304 3810 4363 praestantior

2306 4473 2444 4525 Ἀλλ’
2492 4474 2813 4544 αἰσθάνομαι
2863 4477 3296 4543 ὐπατακτοῦντος
3351 4481 3443 4533 τοῦ
3495 4483 3652 4550 λόγον
3686 4501 3697 4513 ·
3746 4487 3808 4538 οὐ

2229 4562 2337 4632 γὰρ
2356 4562 2600 4631 ἐπιμένει
2618 4563 2694 4634 τῷ
2721 4564 3013 4634 καθήκοντι
3043 4566 3244 4636 δρόμῳ,
3264 4571 3403 4622 κατὰ
3426 4573 3547 4633 τοὺς
3572 4571 3811 4642 θερμούς

2229 4670 2286 4706 τε
2317 4655 2408 4706 καὶ
2437 4653 2701 4722 θυμώδεις
2742 4655 2849 4708 τῶν
2895 4656 3088 4709 πώλων
3122 4661 3240 4721 ταῖς
3265 4659 3372 4711 τῶν
3395 4662 3811 4729 ἀνταγωνιστῶν

2232 4743 2600 4814 βλασφημίαις
2626 4749 3089 4819 συνεκφερόμενος
3119 4751 3253 4820 πρὸς
3286 4750 3355 4803 τά
3383 4752 3481 4822 τῆς
3501 4753 3812 4820 ὑποθέσεως

2227 4837 2424 4890 ἄτοπα.
2490 4837 2697 4890 Οὐκοῦν
2743 4838 3034 4891 καθεκτέον
3077 4840 3237 4891 αὐτὸν
3273 4841 3411 4911 πέρα
3444 4843 3535 4894 τοῦ
3586 4847 3810 4916 μετρίου

2231 4927 2362 4998 πρὸς
2388 4929 2728 4998 κατασκευὴν
2755 4928 2864 4980 τῶν
2889 4929 3104 4982 ἀτόπων
3133 4931 3515 4999 ἀφηνιάζοντα.
3564 4935 3812 5002 Συγγνώ-

2232 5034 2382 5070 σεται
2414 5017 2470 5070 δὲ
2493 5018 2709 5082 πάντως
2737 5022 2765 5072 ὀ
2787 5019 3083 5087 εὐγνώμων
3113 5021 3386 5091 ἀκροατὴς
3411 5025 3502 5076 ἐπὶ
3530 5029 3642 5088 τοῖς
3664 5029 3814 5097 εἰρη-

2235 5109 2435 5177 μένοις.
2461 5110 2557 5179 οὐχ
2581 5112 2714 5179 ἡμῖν
2742 5110 2839 5180 τὴν
2860 5111 3276 5164 ἀνακύπτουσαν
3297 5115 3360 5164 ἐκ
3385 5114 3484 5182 τῆς
3516 5116 3812 5180 ἐξετάσεως

2231 5199 2483 5262 ἀτοπίαν,
2516 5199 2650 5252 ἀλλά
2679 5203 2790 5263 τοῖς
2810 5199 2907 5264 τὰς
2936 5201 3176 5270 πονηρὰς
3201 5202 3606 5272 ὑποτιθεμένοις
3639 5205 3813 5274 ἀρχὰς

2230 5288 2595 5359 λογιζόμενος.
2643 5291 2801 5360 Ἡμῖν
2826 5291 2882 5343 δὲ
2915 5293 3050 5363 πρὸς
3073 5292 3257 5363 ἕτερόν
3285 5310 3338 5346 τι
3370 5294 3477 5346 τῶν
3511 5296 3813 5364 εἰρημένων

2235 5382 2529 5450 μετακτέον
2564 5381 2661 5452 τὴν
2693 5382 2944 5453 θεωρίαν.
2993 5386 3130 5453 Φησὶ
3163 5385 3385 5456 γάρ,ὃτι
3435 5405 3452 5435 ι
3485 5387 3593 5440 Καὶ
3622 5387 3813 5439 σύνθε-

2231 5488 2324 5523 τον
2372 5473 2506 5540 ἡμῖν
2531 5471 2620 5524 τόν
2649 5473 2781 5525 Θεὸν
2811 5475 3204 5544 ἀπεργάζεται,
3236 5473 3312 5544 τῷ
3345 5477 3520 5527 κοινὸν
3547 5474 3644 5544 μὲν
3683 5475 3815 5527 ὐπο-

2234 5561 2419 5615 θέσθαι
2470 5562 2531 5614 τὸ
2584 5562 2718 5632 φῶς,
2753 5564 2976 5634 ἰδιότησι
3022 5566 3076 5618 δέ
3109 5583 3220 5618 τισι
3263 5567 3359 5619 καὶ
3399 5565 3669 5629 ποικίλαις
3697 5565 3814 5618 δια-

2235 5655 2424 5720 φοραῖς
2447 5650 2676 5722 θατέρου
2697 5651 2947 5722 χωρίξειν
2971 5653 3216 5724 θάτερον.
3250 5655 3507 5707 Σύνθετον
3530 5655 3637 5724 γὰρ
3662 5655 3814 5707 οὐδὲν

2233 5737 2392 5810 ἧττον
2418 5741 2478 5793 τὸ
2510 5741 2775 5811 κοινότητι
2808 5744 2905 5812 μιᾷ
2937 5745 3416 5814 συνενηνεγμένον,
3452 5744 3732 5814 διαφοραῖς
3757 5743 3811 5794 δέ
