4142 6374
336 331 445 401 905

1499 348 1785 406 CONTRA
1819 349 2210 417 EUNOMIUM,
2243 350 2373 407 LIB.
2402 350 2517 407 XII.

3504 356 3613 412 906

338 470 448 508 τισι
487 454 578 506 καὶ
614 458 937 527 συνδρομαῖς
973 457 1280 529 ἰδιωμάτων
1308 463 1693 533 χωριζόμενον.
1722 484 1741 517 ι
1777 466 1921 537 Πρὸς

2033 474 2237 537 oportet
2259 507 2275 529 .
2302 466 2730 537 proprietatibus
2764 476 2946 525 autem
2975 465 3303 541 quibusdam
3333 474 3613 540 variisque

339 544 509 596 ταῦτα
538 543 595 597 δὲ
639 544 842 615 βραχὺς
872 549 1006 617 ἡμῖν
1035 551 1064 601 ὁ
1088 548 1244 617 λόγος
1272 551 1367 603 καὶ
1391 552 1818 616 εὐαπάλλακτος.
1859 549 1924 608 Ὃ

339 634 449 702 γὰρ
478 638 590 699 τοῖς
611 638 899 707 ἡμετέροις
920 641 1168 694 ὲπικαλεῖ
1189 642 1471 712 δόγμασιν,
1506 645 1555 696 εἰ
1597 644 1672 716 μὴ
1699 646 1787 699 διὰ
1812 646 1924 701 τῶν

340 727 555 779 οἰκείων
582 730 978 793 κατασκευάζει
1011 730 1204 799 λόγων,
1239 735 1358 787 καθ’
1392 735 1548 804 ἡμῶν
1579 736 1759 790 αὐτῶν
1789 740 1922 809 όμο⁴

348 820 506 887 λογοῦ
516 837 614 889 μεν
644 821 703 874 τὸ
728 820 977 891 ἔγκλημα
999 840 1014 854 ο
1045 823 1374 895 σκεψώμεθα
1388 825 1494 896 γὰρ
1514 825 1582 878 τὰ
1600 828 1729 898 παρ’
1761 826 1923 880 αὐτοῦ

344 912 721 981 γεγραμμένα.
800 912 920 975 Φῶς
964 914 1215 983 ἀληθινὸν
1271 916 1528 985 ὀνομάζει
1569 916 1661 970 τὸν
1698 917 1921 989 Κύρων,

344 1001 637 1071 ἀπρόσιτον
665 1003 721 1057 δὲ
750 1003 864 1073 φῶς
884 1005 976 1057 τὸν
1011 1006 1246 1077 Πατέρα.
1300 1007 1508 1059 Οὐκοῦν
1546 1008 1644 1077 τὴν
1682 1009 1824 1062 κατὰ
1864 1009 1925 1061 τὸ

348 1093 461 1161 φῶς
485 1096 764 1147 κοινωνίαν
787 1096 878 1148 καί
902 1096 1058 1160 αὐτὸς
1078 1097 1443 1167 ὡμολόγησεν,
1461 1097 1632 1163 οὕτως
1655 1100 1925 1169 ὀνομάσας

347 1185 620 1256 ἑκάτερον.
650 1185 769 1238 Τῶν
795 1187 850 1239 δὲ
883 1189 1257 1258 προσηγοριῶν
1296 1190 1587 1260 προσφυῶς
1609 1192 1718 1253 τοῖς
1744 1191 1923 1259 πράγσ

350 1294 513 1345 μασιν
562 1280 1027 1348 ἐφηρμοσμένων,
1070 1280 1252 1343 καθὼς
1294 1282 1535 1351 πολλαχῆ
1606 1282 1918 1353 διωρίσατο,

346 1370 409 1423 οὐ
443 1368 603 1443 ψιλὴν
651 1371 876 1442 νοοῦμεν
915 1371 1008 1425 τοῦ
1057 1373 1233 1440 φωτὸς
1265 1374 1362 1444 τὴν
1409 1374 1589 1446 φωνὴν
1631 1375 1754 1444 δίχα
1780 1377 1924 1438 τινὸς

349 1460 584 1525 διανοίας
626 1463 717 1515 ἐπὶ
749 1463 846 1533 τῆς
871 1463 1018 1526 θείας
1052 1463 1265 1532 φύσεως
1296 1465 1567 1529 λέγεσθαι,
1616 1466 1751 1519 ἀλλά
1781 1483 1923 1529 τινος

350 1552 708 1624 ὑποκειμένου
726 1556 1161 1624 κατηγορεῖσθαι.
1193 1556 1402 1609 Οὐκοῦν
1422 1560 1487 1627 τῇ
1512 1556 1651 1610 κατά
1674 1557 1734 1608 τὸ
1755 1558 1924 1625 ὄνομα

350 1646 606 1717 κοινωνίᾳ
632 1650 724 1700 καὶ
752 1647 851 1719 τὴν
870 1648 977 1701 τῶν
1008 1650 1422 1719 σημαινομένων
1449 1648 1770 1720 ὁμολογοῦσι
1795 1667 1924 1702 ταυ-

349 1738 567 1808 τότητα.
631 1740 894 1810 Ἐπείπερ
936 1733 1011 1793 ὧν
1048 1740 1117 1794 τὰ
1146 1740 1383 1810 ὀνόματα
1414 1740 1484 1793 τὰ
1524 1740 1680 1803 αὐτὰ,
1716 1740 1923 1794 τούτων

350 1831 695 1899 ἀπεφήναντο
751 1830 884 1901 μηδὲ
930 1830 1027 1893 τὰς
1072 1829 1260 1900 φύσεις
1298 1829 1505 1900 ¹ἑτέρας
1547 1829 1712 1900 ἔχειν.
1775 1830 1923 1893 Ἐνὸς
1956 1810 1998 1864 Β

348 1922 527 1973 τοίνυν
553 1920 703 1984 ὄντος
748 1922 843 1973 τοῦ
881 1921 1022 1975 κατά
1058 1922 1119 1974 τὸ
1151 1920 1266 1989 φῶς
1299 1919 1721 1990 σημαινομένου,
1766 1920 1799 1989 ἡ
1828 1919 1922 1971 τοῦ

349 2014 645 2083 ἀπροσίτου
668 2015 760 2068 καὶ
782 2014 1034 2084 ἀληθινοῦ
1066 2012 1349 2084 προσθήκη
1385 2011 1527 2065 κατά
1549 2011 1642 2064 τὸν
1666 2012 1763 2081 τῆς
1783 2010 1927 2081 αἱρέ-

351 2122 489 2168 σεως
519 2106 701 2174 λόγον,
751 2106 810 2157 τὸ
847 2106 1022 2159 κοινὸν
1060 2105 1283 2176 διορίζει
1319 2106 1429 2167 τοῖς
1463 2102 1754 2166 ἰδιάζουσιν
1779 2120 1793 2134 ·
1849 2103 1924 2165 ὡς

351 2197 479 2250 ἄλλο
508 2197 605 2267 μὲν
631 2197 690 2250 τὸ
717 2198 809 2249 τοῦ
851 2198 1062 2268 Πατρὸς
1095 2197 1231 2265 φῶς,
1260 2195 1446 2264 ἓτερον
1472 2195 1528 2246 δὲ
1568 2194 1629 2247 τὸ
1667 2195 1760 2247 τοῦ
1794 2193 1923 2247 Υἱοῦ

350 2290 626 2360 νοηθῆναι,
659 2293 771 2351 τοῖς
807 2288 1087 2357 ἰδιώμασιν
1116 2288 1210 2341 ἀπ’
1234 2286 1480 2356 ἀλλήλων
1502 2284 1887 2356 διακρινόμενα
1906 2300 1923 2318 ο

349 2381 385 2451 ἢ
420 2380 599 2434 τοίνυν
648 2378 1004 2449 ἀνατρεψὰτω
1044 2378 1111 2431 τὰ
1154 2378 1290 2442 ἴδια,
1343 2378 1430 2430 ἴνα
1472 2377 1545 2447 μὴ
1579 2376 1830 2430 σύνθετον
1858 2375 1924 2429 δι’

348 2464 425 2524 ὦν
451 2470 599 2538 λέγει
625 2468 1008 2539 κατασκευάσῃ
1034 2467 1093 2520 τὸ
1113 2459 1287 2530 Θεῖον,
1327 2467 1361 2536 ἢ
1397 2467 1532 2537 μηδὲ
1564 2468 1597 2536 ἡ
1607 2466 1722 2536 μῶν
1756 2465 1927 2519 ταῦτα

350 2561 743 2633 κατηγορείτω,
777 2560 919 2630 ἆπερ
946 2562 1003 2612 ὲν
1025 2562 1136 2623 τοῖς
1160 2558 1310 2622 ἰδίοις
1342 2559 1527 2629 βλέπει
1559 2558 1758 2626 λόγοις.
1790 2558 1925 2612 Οὐδὲ

351 2653 459 2726 γὰρ
495 2653 591 2723 τὴν
631 2652 909 2721 ἁπλότητα
945 2650 1032 2704 διὰ
1072 2650 1274 2703 τούτων
1322 2651 1350 2702 ό
1388 2650 1545 2718 λόγος
1582 2650 1936 2720 λυμαίνεται,

356 2734 543 2807 ἐπειδὴ
626 2742 870 2811 κοινότης
920 2758 979 2793 τε
1028 2741 1122 2793 καὶ
1168 2741 1366 2809 ἰδιότης
1417 2741 1575 2794 οὐσία
1606 2742 1706 2793 οὐκ
1757 2739 1924 2793 ἐστιν’

356 2836 496 2889 ὥστε
561 2832 659 2901 τὴν
689 2833 994 2903 συνδρομὴν
1033 2831 1238 2885 τούτων
1275 2830 1529 2885 σύνθετον
1554 2831 1929 2885 ἀποδεικνύειν

350 2924 413 2977 τὸ
441 2923 819 2994 ὑποκείμενον.
860 2922 997 2975 Ἀλλ’
1027 2924 1060 2991 ἡ
1102 2923 1198 2993 μὲν
1226 2922 1382 2976 οὐσία
1409 2921 1532 2975 καθ’
1574 2920 1772 2991 ἑαυτὴν
1802 2921 1831 2974 ὂ
1873 2920 1928 2974 τί

352 3034 483 3070 ποτε
514 3016 654 3070 κατά
672 3015 769 3087 τὴν
795 3013 957 3085 φύσιν
981 3014 1122 3078 ἐστὶ,
1148 3013 1414 3084 διαμένει,
1436 3014 1610 3067 έκεῖνο
1630 3010 1765 3067 οὖσα
1792 3012 1930 3082 ὅπερ

352 3110 491 3164 ἐστι.
536 3107 722 3161 Ταῦτα
763 3107 819 3160 δὲ
850 3107 960 3160 τῶν
992 3106 1123 3176 περὶ
1173 3105 1340 3175 αὐτὴν
1384 3105 1688 3174 νοουμένων
1731 3120 1792 3156 τε
1834 3103 1929 3158 καὶ

353 3198 740 3270 θεωρουμένων
788 3191 927 3249 εἶναι
952 3233 967 3258 ,
1018 3195 1126 3256 πᾶς
1154 3211 1239 3256 τις
1267 3192 1333 3247 ἂν
1367 3194 1510 3246 εῐποι
1535 3192 1775 3256 διανοίας
1800 3210 1930 3263 μετ-

353 3289 512 3361 έχων.
548 3290 703 3343 Ἐπεὶ
733 3287 827 3341 καὶ
864 3288 995 3356 πρὸς
1028 3287 1175 3356 ἡμᾶς
1224 3286 1350 3347 τοὺς
1386 3283 1703 3355 ἀνθρώπους
1730 3281 1847 3362 ἐστι
1879 3300 1933 3336 τι

353 3381 531 3435 κοινὸν
552 3382 652 3449 τῆς
668 3380 818 3443 θείας
832 3378 1045 3449 φύσεως
1067 3377 1422 3442 κατανοῆσαι,
1437 3376 1550 3429 ἀλλ’
1567 3376 1629 3429 οὐ
1646 3375 1735 3428 διὰ
1752 3374 1929 3441 τοῦτο,

354 3473 388 3543 ἢ
414 3472 511 3527 ἀνθ
522 3472 770 3543 ρωπότης
795 3471 854 3523 τὸ
884 3470 1045 3534 θεῖον,
1064 3470 1098 3540 ἢ
1124 3468 1311 3539 θεότης
1331 3468 1449 3521 ἐστὶ
1475 3468 1535 3522 τὸ
1567 3467 1929 3540 ἀνθρώπινον.

367 3564 595 3632 Ἀγαθὸν
624 3562 733 3635 γάρ
764 3563 854 3615 τὸν
874 3561 1007 3616 Θεὸν
1032 3557 1168 3633 εἰναι
1199 3559 1565 3627 πιστεύοντες,
1590 3560 1813 3631 οἴδαμεν
1837 3562 1935 3616 καὶ

355 3658 441 3709 ἐπ’
468 3654 751 3726 ἀνθρώπου
777 3652 934 3706 τοῦτο
950 3651 1012 3704 τὸ
1025 3650 1195 3720 ὄνομα
1216 3650 1363 3721 παρά
1380 3651 1476 3717 τῆς
1490 3652 1710 3723 Γραφῆς
1735 3669 1901 3720 τεταγ
1916 3681 1933 3694 .

365 3746 545 3818 μένον.
599 3745 759 3799 Ἀλλά
801 3744 1003 3813 διαιρεῖ
1058 3740 1157 3809 τὴν
1185 3742 1250 3794 ὲκ
1281 3741 1381 3810 τῆς
1406 3740 1722 3811 ὁμωνυμίας
1758 3742 1935 3795 κοινό-

359 3855 518 3909 τητα,
546 3836 608 3889 τὸ
649 3835 849 3899 ἰδιάζον
877 3835 963 3903 ἐφ’
995 3833 1257 3903 ἑκατέρου
1290 3831 1389 3901 τῆς
1418 3830 1709 3900 σημασίας.
1749 3831 1808 3884 Ὀ
1838 3832 1935 3901 μὲν

355 3930 467 4000 γὰρ
491 3928 640 3998 πηγὴ
668 3926 767 3996 τῆς
787 3925 1122 3995 ἀγαθότητος
1147 3923 1245 3985 ὣν,
1266 3923 1359 3976 ἀπ’
1384 3923 1554 3993 αὐτῆς
1571 3922 1902 3993 ὀνομάζεται
1917 3939 1932 3954 ο

357 4023 388 4075 ὁ
414 4021 470 4075 δὲ
508 4020 747 4091 μετέχων
792 4017 894 4085 τῆς
933 4016 1289 4086 ἀγαθότητος,
1333 4012 1665 4083 συμμετέχει
1705 4013 1797 4066 καὶ
1841 4013 1935 4066 τοῦ

357 4112 621 4183 ὀνόματος
646 4126 659 4141 ο
694 4109 787 4163 καὶ
816 4110 877 4162 οὐ
910 4108 998 4162 διὰ
1022 4107 1182 4161 τοῦτο
1211 4105 1463 4169 σύνθετος
1483 4108 1511 4159 ὁ
1535 4105 1688 4171 Θεὸς,
1708 4106 1790 4159 ὅτι
1825 4124 1939 4159 κοι-

358 4201 516 4254 νωνεῖ
544 4198 680 4271 πρὸς
712 4198 802 4251 τὸν
844 4197 1131 4269 ἄνθρωπον
1172 4196 1273 4266 τῆς
1302 4195 1395 4249 τοῦ
1429 4195 1632 4265 ἀγαθοῦ
1666 4213 1939 4268 προσηγο-

360 4292 503 4363 ρίας.
565 4288 772 4344 Οὐκοῦν
810 4288 1059 4358 φανερῶς
1105 4289 1170 4340 ὲκ
1212 4285 1416 4341 τούτων
1459 4288 1823 4357 ὁμολογεῖται,
1855 4289 1936 4342 ὃτι

360 4384 516 4447 ἄλλος
557 4384 585 4435 ὁ
622 4382 721 4451 τῆς
750 4380 1078 4450 κοινότητος,
1113 4380 1211 4432 καὶ
1244 4377 1402 4442 ἄλλος
1428 4380 1456 4431 ὁ
1478 4379 1577 4447 τῆς
1602 4378 1789 4441 οὐσίας
1820 4380 1936 4432 ἐστὶ

2029 556 2351 612 dilierentiis
2386 557 2618 611 alterum
2657 558 2727 613 ab
2760 560 2934 614 altero
2968 575 3242 631 separare.
3271 561 3425 627 Quod
3463 566 3609 617 enim

2024 650 2390 720 compositum
2453 657 2582 713 est,
2645 650 3004 706 nihilominus
3056 668 3164 705 uua
3218 653 3613 707 communitate

2025 746 2399 815 coniungitur,
2431 745 2754 800 dili'ereutiis
2780 752 2964 798 tamen
3010 743 3340 813 quibusdam
3385 751 3439 797 et
3484 758 3611 813 pro-

2028 837 2321 907 prietatum
2350 836 2716 891 concursibus
2747 842 3053 906 separatur.
3084 834 3163 887 Ad
3198 834 3313 887 bazc
3344 833 3525 889 brevis
3557 842 3612 888 et

2025 925 2307 981 succincta
2338 924 2512 978 oratio
2553 931 2928 990 comparatur.
2965 921 3068 987 Qui
3100 919 3243 975 enim
3292 927 3481 973 nostra
3513 933 3607 972 ac-

2025 1028 2184 1072 cusat
2215 1017 2504 1088 dogmata,
2557 1017 2662 1068 nisi
2712 1031 2807 1084 per
2852 1014 3072 1085 propria
3117 1013 3279 1066 verba
3315 1011 3608 1081 procedat,

2025 1119 2218 1165 contra
2268 1124 2368 1163 nos
2431 1108 2577 1176 ipsos
2620 1107 2827 1160 crimen
2873 1104 3143 1158 fatemur:
3193 1100 3609 1155 consideremus

2025 1202 2171 1253 enim
2211 1214 2274 1253 ea
2311 1214 2432 1267 qua:
2466 1198 2534 1250 ab
2573 1198 2690 1266 ipso
2726 1203 2855 1249 sunt
2894 1194 3118 1262 scripta.
3168 1190 3370 1245 Lucem
3423 1204 3609 1244 veram

2026 1289 2311 1343 Dominum
2329 1290 2612 1342 nominat:
2642 1285 2859 1340 Patrem
2880 1299 3010 1339 vero
3037 1283 3212 1337 lucem
3244 1282 3607 1336 inaccessam.

2025 1382 2169 1450 Ergo
2211 1382 2327 1450 ipse
2364 1381 2529 1434 etiam
2574 1378 2776 1433 fatetur
2814 1376 3255 1431 communionem
3302 1373 3610 1430 secundum

2025 1476 2231 1535 lucem,
2265 1474 2346 1527 sic
2378 1482 2669 1541 utrumque
2703 1472 3013 1524 nominans.
3039 1470 3176 1525 Cum
3209 1475 3391 1522 autem
3420 1464 3611 1536 appel-

2026 1565 2254 1620 lationes
2276 1564 2441 1617 rebus
2464 1564 2531 1617 ad
2551 1577 2729 1616 rerum
2753 1573 3004 1615 naturam
3032 1560 3142 1615 sint
3157 1557 3607 1619 accommodatae,

2025 1652 2167 1707 sicut
2194 1652 2382 1707 multis
2410 1652 2462 1705 in
2495 1652 2628 1705 locis
2657 1650 2939 1715 deﬁnivit,
2968 1665 3075 1704 non
3103 1650 3297 1704 exilem
3326 1656 3380 1703 et
3407 1646 3607 1701 nudam

2028 1758 2215 1797 vocem
2246 1743 2384 1798 lucis
2414 1743 2622 1812 absque
2653 1743 2835 1813 aliqua
2870 1742 3145 1797 sententia
3192 1741 3247 1794 in
3288 1738 3470 1794 divina
3514 1752 3611 1791 na-

2030 1843 2153 1888 tura
2204 1832 2313 1889 dici
2363 1833 2752 1904 intelligimus,
2809 1833 2905 1888 sed
2958 1833 3027 1886 de
3076 1832 3311 1901 quodam
3360 1830 3611 1898 subjecto

2030 1927 2324 1980 enuntiari.
2360 1923 2509 1994 Ergo
2540 1933 2594 1979 et
2627 1925 2869 1979 nominis
2903 1923 3294 1978 communione
3326 1923 3491 1977 etiam
3530 1921 3576 1974 si
3597 1948 3609 1960 -

2031 2018 2415 2085 gnilicatorum
2442 2015 2782 2070 identitatem
2804 2016 3165 2069 conlitentur:
3192 2011 3462 2081 siquidem
3484 2025 3612 2080 quo—

2029 2123 2151 2161 rum
2200 2106 2423 2161 nomina
2468 2114 2597 2161 sunt
2644 2108 2869 2169 eadem,
2919 2105 3113 2161 horum
3165 2117 3340 2173 neque
3385 2111 3612 2155 naturas

2032 2198 2282 2253 diversas
2313 2212 2439 2253 esse
2470 2204 2877 2252 asseverarunt.
2925 2194 3062 2252 Cum
3111 2194 3279 2262 igitur
3322 2207 3491 2245 unum
3540 2193 3613 2246 sit

2031 2290 2174 2359 quod
2191 2305 2283 2359 per
2300 2290 2473 2344 lucem
2491 2289 2845 2359 signillcatur,
2864 2288 3159 2342 inaccessa
3172 2294 3226 2340 et
3247 2300 3386 2339 vera:
3403 2282 3615 2337 additio

2031 2381 2333 2436 secundum
2363 2380 2633 2434 haereseos
2656 2394 2965 2434 sermonem
2986 2420 3001 2444 ,
3025 2378 3170 2448 quod
3195 2390 3486 2430 commune
3502 2381 3613 2437 est,

2032 2472 2149 2527 suis
2176 2472 2601 2542 proprietatibus
2636 2470 2929 2541 distinguit
2971 2488 2984 2525 :
3020 2479 3080 2524 ut
3121 2469 3229 2522 alia
3258 2467 3478 2538 quidem
3510 2465 3616 2520 Pa-

2031 2563 2133 2617 tris
2161 2564 2252 2617 lux
2273 2601 2287 2624 ,
2322 2562 2429 2616 alia
2451 2576 2581 2614 vero
2605 2561 2727 2615 Filii
2764 2569 2946 2615 mente
2974 2568 3029 2615 et
3053 2561 3239 2614 animo
3267 2557 3619 2627 concipiatur

2030 2651 2455 2723 proprietatibus
2481 2666 2510 2704 a
2536 2666 2597 2706 se
2619 2651 2853 2705 invicem
2882 2650 3145 2705 distincta
3171 2666 3184 2703 :
3216 2649 3300 2704 vel
3325 2648 3489 2718 igitur
3515 2661 3618 2703 sua

2030 2742 2252 2796 decreta
2281 2747 2493 2795 evertat
2513 2782 2529 2806 ,
2558 2755 2628 2795 ne
2656 2755 2753 2809 per
2784 2756 2849 2795 ea
2882 2755 3004 2811 quae
3034 2739 3167 2794 dicit
3197 2737 3366 2795 Deum
3393 2752 3621 2809 compo-

2033 2833 2199 2887 situm
2251 2840 2545 2902 praestruat
2568 2871 2584 2897 ,
2616 2837 2701 2887 vel
2746 2847 2815 2887 ne
2841 2847 2943 2887 nos
2974 2830 3043 2885 de
3073 2832 3160 2885 his
3192 2838 3453 2894 accuset,
3490 2845 3617 2900 qua:

2034 2924 2094 2978 in
2121 2923 2241 2980 suis
2272 2925 2625 2980 sermonibus
2657 2925 2941 2995 perspicit.
2975 2923 3162 2993 Neque
3190 2924 3336 2979 enim
3371 2938 3468 2994 per
3495 2921 3619 2979 hac

2036 3014 2442 3086 simplicitatem
2488 3031 2671 3072 sermo
2710 3016 3084 3082 contaminat;
3121 3016 3381 3086 quoniam
3426 3030 3621 3071 essen-

2036 3106 2110 3159 tia
2136 3121 2245 3161 non
2270 3114 2356 3162 est
2376 3108 2747 3164 communitas
2775 3116 2830 3163 et
2855 3108 3162 3178 proprietas
3195 3123 3210 3158 :
3234 3108 3310 3160 ita
3333 3114 3392 3161 ut
3420 3106 3617 3159 horum

2035 3212 2340 3254 concursus
2375 3199 2742 3269 compositum
2778 3198 3119 3253 demonstret
3147 3199 3475 3268 subjectum.
3510 3197 3618 3252 Sed

2034 3290 2332 3344 essentiam
2382 3290 2606 3360 quidem
2648 3305 2763 3360 per.
2790 3306 2886 3354 se,
2926 3291 3192 3360 quidquid
3237 3290 3455 3345 tandem
3506 3290 3616 3351 sit,

2034 3381 2339 3436 secundum
2372 3391 2627 3437 naturam
2659 3390 2979 3452 permanet,
3011 3382 3144 3437 illud
3171 3383 3444 3437 exsistens
3471 3383 3617 3452 quod

2035 3470 2254 3540 quidem
2282 3479 2389 3527 est.
2419 3471 2545 3527 Haec
2570 3488 2638 3527 ex
2670 3488 2861 3527 eorum
2894 3487 3124 3526 numero
3147 3486 3269 3541 quae
3295 3471 3349 3524 in
3384 3471 3501 3540 ipsa
3536 3471 3621 3525 ir.-

2035 3562 2359 3633 telliguntur
2387 3570 2443 3617 et
2486 3564 2947 3629 considerantur,
2983 3578 3142 3625 esse,
3176 3562 3358 3632 quivis
3405 3562 3620 3617 ratione

2034 3662 2091 3709 et
2139 3660 2320 3709 mente
2364 3655 2628 3724 praeditus
2681 3655 2901 3709 dixerit.
2942 3653 3212 3720 Quoniam
3261 3655 3428 3709 etiam
3472 3651 3621 3723 apud

2028 3759 2138 3801 nos
2164 3744 2413 3800 homines
2458 3746 2585 3801 licet
2616 3745 2877 3816 quiddam
2926 3760 3220 3800 commune
3267 3759 3393 3798 cum
3433 3743 3621 3798 divina

2036 3843 2231 3888 natura
2265 3835 2569 3905 intelligere
2592 3877 2608 3901 ,
2640 3850 2749 3889 non
2776 3842 2960 3890 tamen
2991 3844 3285 3905 propterea
3314 3835 3397 3889 vel
3429 3835 3622 3888 huma-

2036 3923 2185 3977 nitas
2213 3932 2299 3978 est
2327 3925 2474 3993 quod
2506 3925 2755 3979 divinum
2788 3933 2904 3989 est,
2936 3925 3023 3980 vel
3049 3925 3310 3979 divinitas
3340 3925 3487 3995 quod
3520 3925 3623 3978 hu-

2037 4030 2259 4069 manum
2287 4034 2303 4082 ;
2355 4016 2558 4071 bonum
2590 4017 2739 4071 enim
2788 4015 2961 4072 Deum
2994 4032 3118 4073 esse
3149 4016 3476 4081 credentes.
3511 4017 3624 4073 sci-

2039 4124 2166 4164 mus
2195 4109 2361 4163 etiam
2396 4109 2453 4164 in
2488 4110 2710 4165 homine
2751 4109 2857 4164 hoc
2884 4124 3084 4165 nomen
3113 4125 3237 4165 esse
3276 4125 3308 4163 a
3334 4108 3621 4180 Scriptura

2037 4200 2352 4254 ordinatum
2385 4219 2398 4255 :
2437 4200 2532 4256 sed
2566 4201 3016 4257 communitatem
3047 4215 3170 4271 qua:
3198 4215 3265 4255 ex
3306 4201 3622 4270 aequivoca-

2038 4289 2184 4345 tione
2211 4299 2322 4355 est,
2353 4274 2839 4361 distinguit,'qua3
2870 4291 2925 4345 in
2958 4299 3191 4361 utroque
3217 4298 3303 4345 est
3334 4289 3615 4360 signiﬁca-

2039 4379 2209 4435 tionis
2240 4381 2568 4451 proprietas.
2601 4381 2693 4436 Ille
2725 4381 2946 4451 quidem
2988 4381 3161 4445 Deus,
3204 4380 3329 4435 fons
3370 4396 3496 4436 cum
3541 4380 3618 4436 sit

358 4475 537 4543 λόγος,
587 4474 680 4526 καὶ
707 4472 859 4525 οὐδὲν
906 4472 1105 4541 μᾶλλον
1131 4471 1220 4524 διὰ
1248 4468 1407 4524 τοῦτο
1444 4469 1692 4533 σύνθεσίς
1720 4488 1804 4534 τις
1836 4472 1931 4524 καὶ

2038 4470 2330 4531 bonitatis.
2363 4487 2430 4527 ex
2462 4473 2578 4541 ipsa
2608 4472 2992 4527 denominatur
3023 4490 3037 4527 :
3072 4473 3160 4527 hic
3202 4488 3333 4527 vero
3378 4472 3615 4543 (nempe

360 4564 698 4633 πολυμέρεια
740 4562 868 4631 περὶ
920 4560 1015 4632 τὴν
1068 4559 1245 4629 ἁπλῆν
1289 4576 1348 4612 τε
1392 4559 1485 4611 καὶ
1528 4558 1730 4613 ἄποσον
1768 4577 1937 4614 κατα-

364 4655 687 4720 σκευάζεται
741 4652 900 4722 φύσιν
920 4693 934 4716 ,
990 4652 1044 4705 εἴ
1076 4670 1129 4705 τι
1155 4652 1263 4705 τῶν
1301 4650 1784 4723 ὲπιθεωρουμένων
1815 4652 1848 4723 ἢ
1879 4655 1938 4707 ὲν

366 4746 586 4818 ἰδιότητι
620 4744 889 4814 βλέποιτο,
922 4743 955 4813 ἦ
987 4742 1130 4798 κατά
1158 4743 1337 4797 κοινοῦ
1360 4760 1504 4807 τινος
1530 4743 1629 4815 τὴν
1659 4745 1936 4815 οημασίαν

362 4836 499 4907 ἔχοι.

2043 4560 2244 4632 homo)
2278 4563 2535 4618 bonitatis
2569 4565 2873 4634 particeps,
2909 4564 3076 4617 etiam
3109 4565 3348 4620 nominis
3379 4578 3610 4620 consors

2043 4649 2298 4705 elIicitur.
2355 4650 2475 4706 Non
2522 4651 2646 4707 ideo
2695 4660 2880 4707 tamen
2930 4650 3078 4707 Deus
3128 4660 3215 4707 est
3248 4653 3623 4722 compositus,

2043 4746 2173 4815 quia
2203 4759 2327 4799 cum
2364 4745 2586 4800 homine
2613 4746 2739 4800 boni
2768 4745 3154 4815 appellationis
3178 4746 3625 4801 communionem

2047 4837 2228 4892 habet.
2276 4836 2644 4905 Quamobrem
2687 4853 2755 4893 ex
2802 4838 2891 4894 his
2932 4853 3035 4909 pro
3068 4835 3329 4895 confesso
3368 4838 3625 4902 habetur,

364 4930 509 4999 quod
540 4929 643 4982 alia
672 4935 757 4985 est
781 4928 1222 4993 communitatis,
1258 4927 1363 4981 alia
1395 4941 1525 4982 vero
1558 4928 1818 4985 essentia:
1867 4929 2010 4984 ratio
2049 4948 2065 4985 :
2108 4930 2279 4986 nihilo
2342 4932 2516 5002 magis
2577 4940 2759 4986 tamen
2797 4931 2869 4985 ob
2909 4946 3030 4986 eam
3076 4946 3334 4996 causam,
3402 4946 3627 5002 compo-

364 5021 495 5076 sitio
523 5020 773 5091 quaedam
803 5028 858 5074 et
890 5020 1283 5089 particularum
1316 5018 1610 5073 multitudo
1636 5020 1691 5072 in
1718 5019 1956 5090 simplici
1994 5027 2050 5075 et
2097 5022 2422 5091 quantitatis
2461 5030 2683 5091 experte
2721 5030 2917 5077 natura
2962 5023 3324 5086 construitur,
3354 5020 3482 5076 licet
3516 5022 3623 5076 ali-

363 5112 496 5182 quid
539 5128 727 5168 eorum
768 5126 875 5183 qua
918 5113 1066 5166 circa
1108 5112 1282 5183 ipsam
1334 5112 1776 5181 considerantur,
1806 5114 1893 5170 vel
1924 5115 1978 5170 in
2018 5116 2350 5187 proprietate
2370 5125 2667 5186 spectetur,
2698 5117 2780 5173 vel
2808 5117 2876 5172 de
2908 5116 3189 5173 communi
3227 5116 3412 5186 aliquo
3452 5116 3633 5186 signi-

366 5208 643 5262 licantiam
676 5207 890 5262 habeat.

450 5298 586 5351 Ἀλλ’
615 5298 699 5368 ἐφ’
740 5298 946 5369 ἕτερον,
998 5298 1048 5351 εἰ
1088 5297 1266 5360 δοκεῖ,
1325 5297 1432 5353 τῶν
1469 5300 1776 5371 εἰρημένων
1809 5318 1941 5370 μετ-

365 5392 628 5463 έλθωμεν,
659 5392 750 5445 τὸν
782 5392 871 5446 διὰ
916 5393 1081 5463 μέσου
1109 5392 1275 5464 λῆρον
1301 5392 1511 5465 χαίρειν
1538 5394 1814 5457 ἐάσαντες.
1882 5395 1942 5448 '0

368 5482 667 5553 φιλοπόνως
711 5482 809 5552 τὴν
849 5482 1281 5554 Ἀριστοτελικὴν
1312 5483 1421 5536 τῶν
1454 5482 1624 5537 ὄντων
1677 5484 1942 5554 διαίρεσιν

369 5573 702 5644 ὲπιθρυλλῶν
727 5573 804 5644 τῷ
832 5574 1088 5646 ἡμετέρῳ
1111 5573 1273 5644 λόγῳ,
1294 5574 1639 5645 ἐξείργασται
1673 5575 1828 5644 γένη,
1846 5578 1941 5630 καὶ

366 5667 505 5738 εἴδη,
543 5668 637 5720 καὶ
669 5667 930 5738 διαφορὰς
977 5670 1070 5721 καὶ
1115 5669 1291 5738 ἄτομα
1318 5685 1331 5697 ·
1384 5670 1478 5723 καὶ
1527 5670 1707 5722 πᾶσαν
1752 5670 1852 5739 τὴν
1883 5671 1941 5721 ὲν

367 5761 488 5824 ταῖς
536 5759 889 5828 κατηγορίαις
920 5760 1265 5837 τεχνολογίαν
1292 5762 1383 5815 ἐπὶ
1411 5761 1629 5833 διαϐολῇ
1662 5761 1768 5816 τῶν
1800 5763 1937 5833 ἡμε-

652 5853 921 5915 ΡΑτιιοι..
968 5853 1084 5915 Gn.
1124 5854 1313 5915 XLV.

2119 5298 2225 5355 Sed
2255 5296 2323 5353 ad
2352 5297 2496 5353 aliud
2518 5338 2534 5362 ,
2562 5298 2610 5354 si
2640 5298 2877 5361 videtur,
2902 5314 3093 5354 eorum
3124 5314 3247 5369 qua:
3274 5298 3423 5354 dicta
3450 5308 3582 5355 sunt
3608 5340 3624 5363 ,

2054 5401 2439 5456 transeamus,
2471 5406 2646 5461 nugas
2671 5407 2792 5462 quae
2834 5393 2888 5445 in
2942 5391 3123 5447 medio
3163 5399 3295 5445 sunt
3336 5392 3519 5448 valere
3548 5394 3627 5448 si—

2046 5492 2261 5540 nentes.
2299 5483 2401 5538 Hic
2434 5490 2692 5537 accurate
2722 5483 3077 5553 promulgans
3108 5483 3515 5539 Aristotelicam
3545 5483 3632 5538 di-

2043 5577 2310 5635 visionem
2340 5618 2354 5640 ,
2393 5584 2585 5631 nostro
2638 5576 2880 5631 sermoni
2925 5574 3131 5630 aliinxit
3163 5590 3365 5647 genera
3405 5585 3460 5632 et
3506 5591 3631 5645 spe-

2044 5671 2192 5734 cies,
2225 5678 2280 5724 et
2310 5668 2681 5731 diﬂ‘erentias,
2723 5675 2778 5723 et
2827 5667 3108 5723 individua
3130 5709 3146 5733 ,
3188 5674 3244 5722 et
3279 5682 3443 5722 omne
3478 5666 3631 5737 quod

2046 5768 2131 5819 est
2164 5763 2220 5818 iu
2250 5761 2545 5833 categoriis
2578 5760 2903 5825 artiﬁcium,
2941 5762 3008 5816 ad
3040 5752 3373 5817 calumniam
3408 5770 3629 5815 nostro-

3182 5851 3263 5911 29
