4142 6374
537 319 642 378 907
1783 323 1840 379 S.
1869 321 2193 378 CREGORII
2214 322 2506 382 NYSSENI
3681 325 3792 384 908

537 451 659 490 rum
716 434 1065 494 decretorum
1117 437 1174 494 in
1222 437 1461 494 medium
1504 439 1749 508 protulit.
1794 439 1891 496 His
1938 441 2116 509 itaque

2223 442 2394 512 τέρων
2418 443 2702 511 δογμάτων
2725 441 3156 513 προεχειρίσατο.
3185 441 3368 496 Ταῦτα
3393 441 3569 495 τοίνυν
3598 441 3792 496 ἐάσαν-

535 528 795 593 emissis,
828 530 893 584 ad
925 546 1089 601 grave
1116 539 1171 586 et
1202 531 1553 587 ineluctabile
1587 534 1763 603 ipsius
1797 533 2110 588 ﬁrmamen-

2218 549 2322 598 τες,
2341 535 2432 585 ἐπὶ
2463 535 2523 586 τὸ
2555 534 2691 605 βαρὺ
2721 536 2812 587 καὶ
2837 534 3331 602 δυσανταγώνιστον
3353 534 3515 586 αὐτοῦ
3537 532 3612 603 τῷ
3642 533 3793 602 λόγῳ

536 628 653 676 tum
703 625 954 677 oratione
1000 623 1436 692 progrediamur.
1495 625 1912 681 Demosthenico
1964 627 2109 680 enim

2218 621 2579 692 μετέλθωμεν.
2641 624 3024 694 Δημοσθενικῷ
3073 624 3183 695 γὰρ
3236 624 3391 694 θυμῷ
3444 624 3533 677 τὸν
3592 625 3787 678 ἑαυτοῦ

542 711 726 767 furore
781 727 936 768 suam
988 715 1293 768 orationem
1346 715 1727 780 contendens,
1780 715 1921 770 alius
1987 716 2112 784 qui-

538 804 663 858 dam
698 805 854 860 nobis
883 804 1282 861 Exoltiseridus
1309 805 1646 862 l‘aeanieusis
1672 806 1957 878 apparuit,
1986 821 2112 860 ora-

540 896 674 951 toris
704 897 1063 951 acrimoniam
1097 897 1151 951 in
1177 899 1477 953 certamine
1505 907 1697 952 contra
1730 913 1829 952 nos
1854 904 2112 967 suscepto

538 987 784 1042 imitans.
819 985 1099 1057 Exponam
1135 987 1203 1041 ad
1249 987 1474 1041 verbum
1522 987 1641 1055 ipsa
1690 985 1978 1055 scriptoris
2030 985 2112 1038 di-

539 1085 626 1128 cta
656 1091 668 1127 :
721 1073 894 1139 Sane,
929 1077 1144 1145 inquit,
1191 1076 1280 1130 sed
1309 1077 1355 1130 si
1409 1092 1526 1128 cum
1560 1076 1790 1146 genitum
1821 1086 1870 1128 et
1907 1074 2112 1145 ingeni-

541 1177 652 1220 tum
685 1167 950 1220 contrario
979 1167 1132 1220 modo
1166 1184 1221 1220 se
1251 1167 1508 1231 habeant,
1543 1181 1606 1220 ea:
1639 1182 1786 1236 (equo
1819 1165 1913 1218 lux
1936 1165 2113 1234 genita

540 1259 608 1312 ad
639 1259 926 1327 ingenitam
972 1259 1140 1312 lucem
1179 1258 1410 1325 subiret,
1454 1259 1565 1312 lucc
1607 1257 1815 1328 quidem
1859 1256 1952 1310 lux
1983 1258 2108 1327 ﬁet,

541 1350 712 1404 altera
755 1366 874 1404 vero
927 1349 1172 1405 tenebrw.
1223 1351 1467 1404 Acumen
1512 1351 1680 1419 igitur
1730 1357 1784 1403 et
1833 1349 2112 1403 solertiam

538 1438 880 1493 occursionis
938 1437 1006 1492 ad
1060 1439 1459 1508 oppositionem
1529 1437 1971 1504 contrariorum,
2046 1453 2113 1492 ex

542 1530 692 1586 illius
727 1531 1079 1586 sermonibus
1109 1531 1315 1598 discat,
1352 1533 1439 1585 eui
1465 1530 1636 1584 otium
1669 1530 1851 1584 fuerit.
1881 1529 1991 1600 Ego
2023 1544 2114 1584 au-

541 1633 647 1677 tem
676 1631 990 1679 nostrorum
1015 1622 1368 1688 histrionem,
1397 1623 1482 1677 vel
1508 1631 1698 1677 nostra
1722 1623 1904 1676 dicere
1933 1624 2113 1693 ipsum

542 1717 885 1781 censuerim,
916 1714 1002 1769 vel
1045 1728 1207 1784 quam
1243 1714 1494 1784 proxime
1537 1714 1810 1770 sermonis
1852 1713 2114 1769 imitatio-

2211 711 2368 780 λόγον
2389 714 2651 776 τονώσας,
2679 713 2835 777 ἀλλος
2869 731 2957 776 τις
2984 715 3115 783 ἡμῖν
3156 713 3431 784 Ἐξολτισὴ
3442 715 3582 784 ριδος
3612 715 3789 767 Παιαο

2209 806 2358 869 ⁴νιεὺς
2390 807 2726 878 ἀναπέφηνε,
2766 807 2827 861 τὸ
2876 809 3040 879 δριμὺ
3075 809 3165 862 τοῦ
3204 811 3431 880 ῥήτορος
3464 812 3520 862 ἐν
3551 811 3626 878 τῷ
3663 811 3786 862 καθ’

2212 899 2369 969 ἡμῶν
2399 899 2571 966 ἀγῶνι
2614 898 2966 969 μιμούμενος.
3025 899 3358 971 Ἐκθήσομαι
3388 901 3443 954 δὲ
3479 903 3614 953 κατά
3639 901 3786 967 λέξιν

2213 991 2353 1044 αὐτὰ
2375 990 2467 1043 τοῦ
2485 990 2826 1061 λογογράφου
2850 991 2916 1044 τὰ
2946 993 3184 1062 ῥήματα.
3205 993 3339 1052 Ναὶ.
3366 1010 3437 1063 φη
3447 997 3549 1054 σιν,
3575 995 3710 1047 ἀλλ’
3730 997 3787 1047 ει

2212 1083 2318 1136 τοῦ
2332 1099 2510 1152 τενγη
2518 1083 2620 1137 τοῦ
2633 1085 2782 1152 πρὸς
2795 1083 2862 1137 τὸ
2874 1084 3207 1152 ἀγέννητον
3219 1086 3505 1149 ἐναντίως
3515 1085 3781 1153 ἔχοντος,

2212 1175 2337 1226 κατ’
2351 1169 2490 1226 ἴσον
2509 1175 2822 1228 ὑποϐαίνοι
2838 1175 2902 1226 τὸ
2918 1176 3208 1243 γεννητὸν
3219 1173 3342 1243 φῶς
3358 1175 3505 1242 πρὸς
3532 1175 3598 1226 τὸ
3623 1174 3786 1243 ἀγέν-

2211 1283 2397 1333 νητον
2405 1265 2550 1334 φῶς,
2564 1267 2755 1336 τὸμὲν
2767 1268 3121 1337 γεννήσεται
3131 1267 3276 1335 φῶς,
3295 1267 3360 1320 τὸ
3373 1267 3440 1319 δὲ
3455 1269 3690 1334 σκότος.
3710 1269 3785 1321 Τὸ

2216 1359 2315 1428 μὲν
2339 1354 2430 1411 οῦν
2459 1356 2552 1422 ὀξὺ
2588 1360 2681 1411 καὶ
2704 1358 2956 1428 εὖστοχον
2977 1359 3076 1430 τῆς
3103 1360 3240 1430 πρὸς
3271 1360 3368 1431 τὴν
3390 1359 3655 1413 ἀντίθεσιν
3680 1362 3786 1413 ἀπ-

2214 1450 2508 1519 αντήσεως,
2532 1450 2638 1520 ὅτῳ
2661 1449 2843 1522 σχολὴ,
2865 1449 2953 1505 διὰ
2976 1451 3083 1504 τῶν
3111 1452 3318 1505 ἐκείνου
3344 1451 3561 1522 μαθέτω
3587 1453 3780 1520 λόγων.

2213 1539 2357 1609 Ἐγὼ
2377 1541 2434 1593 δὲ
2453 1539 2545 1594 τὸν
2564 1541 2674 1594 τῶν
2693 1542 2976 1612 ἡμετέρων
3002 1542 3299 1613 ὑποκριτὴν
3327 1543 3552 1608 ἀξιώσαι
3561 1545 3616 1614 μ’
3629 1544 3694 1598 ἂν
3716 1544 3784 1596 τὰ

2214 1631 2462 1703 ἡμέτερα
2494 1631 2694 1701 λέγειν,
2719 1633 2753 1702 ἢ
2787 1631 2864 1695 ὡς
2893 1632 3176 1701 ἐγγυτάτω
3205 1633 3467 1704 προάγειν
3493 1633 3586 1686 τοῦ
3624 1634 3783 1702 λόγου

2213 1721 2313 1790 τὴν
2328 1721 2580 1791 μίμησιν,
2597 1720 2630 1791 ἢ
2653 1720 2830 1784 καθὼς
2850 1721 3200 1775 πεπαίδευται
3222 1723 3315 1776 καὶ
3333 1722 3574 1787 δύναται,
3590 1741 3786 1794 κεχρη-

543 1823 665 1862 nem
699 1808 1032 1878 producere,
1059 1808 1146 1863 vel
1188 1809 1330 1864 sicut
1381 1807 1664 1860 institutus
1696 1817 1780 1861 est
1803 1813 1858 1861 et
1891 1815 2109 1876 potest,

2218 1779 2376 1882 μένον
2394 1779 2486 1882 ’τῶ
2515 1779 2658 1882 λόγω
2700 1813 2763 1866 ἐκ
2809 1779 2902 1865 τοῦ
2950 1813 3081 1866 ἰδίου
3130 1813 3422 1885 προσώπου
3464 1779 3574 1868 καὶ,
3609 1779 3787 1886 ἐξ

542 1916 794 1957 sermone
830 1899 1032 1960 utendo
1073 1915 1141 1956 ex
1171 1915 1271 1956 sua
1315 1915 1572 1969 persona,
1627 1908 1680 1953 et
1713 1914 1823 1952 non
1851 1915 1914 1952 ex
1951 1899 2112 1955 nobis

541 1996 832 2051 disserere.
865 1994 1036 2050 Nemo
1075 1995 1222 2051 enim
1271 2003 1522 2052 nostrum
1572 1994 1653 2049 sic
1699 2009 1935 2064 unquam
1966 1991 2114 2047 deci-

540 2089 745 2158 piatur,
796 2096 876 2152 ut,
913 2103 1038 2142 cum
1076 2088 1323 2159 genitum
1357 2103 1482 2142 cum
1511 2087 1754 2156 ingenito
1786 2086 1947 2140 modo
1983 2100 2114 2139 con-

541 2181 712 2235 trario
751 2196 811 2236 se
847 2181 1045 2236 habeat
1089 2179 1392 2236 secundum
1452 2179 1840 2250 signiﬁcatum,
1878 2178 2111 2233 alterum

542 2273 712 2326 altero
761 2272 1076 2327 inferiorem
1119 2272 1416 2326 existimet.
1469 2269 1644 2326 Omne
1690 2271 1835 2326 enim
1887 2272 2112 2340 opposi-

540 2373 654 2418 tum
705 2379 812 2418 non
850 2367 906 2418 in
946 2364 1314 2419 contentionis
1355 2363 1681 2418 remissione
1727 2363 2109 2428 diﬂ‘erentiam,

523 2457 638 2512 sed
670 2458 722 2511 in
745 2457 992 2512 absoluta
1013 2457 1311 2511 secundum
1334 2456 1701 2526 signiﬁcatum
1723 2457 2114 2511 contrarietate

541 2548 900 2603 dilferentiam
947 2549 1128 2612 habet,
1180 2558 1238 2601 ut
1278 2548 1518 2603 dormire
1567 2549 1802 2618 aliquem
1853 2547 2110 2610 dicimus,

541 2640 624 2692 vel
660 2655 767 2692 non
813 2639 1080 2706 dormire;
1135 2639 1324 2694 sedere
1353 2641 1434 2692 vel
1467 2653 1576 2692 non
1613 2640 1832 2704 sedere;
1869 2640 2111 2709 genitum

540 2747 664 2786 esse
710 2732 793 2785 vel
838 2747 946 2784 non
983 2732 1227 2801 genitum
1273 2745 1432 2796 esse;
1469 2731 1686 2801 aliaque
1714 2732 1899 2786 omnia
1922 2731 2113 2786 cadent

525 2827 737 2887 turma.
792 2842 1026 2896 quorum
1079 2826 1240 2880 unius
1288 2826 1526 2881 sublatio
1573 2827 1809 2896 oppositi
1841 2837 1927 2882 est
1965 2826 2114 2896 posio

542 2919 640 2971 tio.
691 2917 760 2974 Ut
799 2918 963 2988 igitur
1015 2919 1199 2972 vivere
1233 2932 1341 2972 non
1381 2925 1468 2972 est
1502 2918 1754 2972 remissio
1800 2920 1922 2988 ejus
1965 2919 2111 2988 quod

541 3011 744 3065 dicitur
796 3025 904 3064 non
943 3011 1147 3076 vivere,
1194 3011 1289 3064 sed
1324 3010 1551 3064 omnino
1593 3010 1953 3066 contrarietas
1987 3029 2000 3064 :
2033 3011 2112 3064 sic

2213 1903 2369 1975 ἡμῶν
2389 1903 2752 1972 διαλέγεσθαι.
2782 1905 2872 1976 Μή
2899 1922 3027 1958 ποτε
3046 1905 3154 1976 γὰρ
3173 1906 3315 1960 οὕτω
3340 1907 3647 1978 παραχθείη
3673 1908 3787 1960 τῶν

2213 1993 2497 2064 ἡμετέρων
2525 1994 2734 2065 μηδεὶς,
2755 1993 2896 2047 ὥστε
2915 1995 3006 2047 τοῦ
3028 1996 3284 2068 γεννητοῦ
3322 1998 3456 2069 πρὸς
3476 1999 3535 2050 τὸ
3555 1999 3790 2070 ἀγέννη-

2213 2101 2304 2138 τον
2327 2085 2580 2149 ἐναντίως
2599 2086 2743 2140 κατά
2764 2085 2825 2138 τὸ
2851 2085 3245 2157 σημαινόμενον
3267 2086 3500 2157 ἔχοντος,
3521 2088 3788 2142 ὑπόϐασιν

2213 2175 2307 2228 τοῦ
2341 2176 2529 2246 ἐτέρου
2565 2175 2626 2229 τὺ
2644 2176 2828 2247 ἕτερον
2856 2177 3081 2232 οἴεσθαι.
3113 2180 3229 2232 Πᾶν
3255 2179 3365 2250 γάρ
3385 2179 3444 2232 τὸ
3475 2180 3787 2250 ἀντικείμε-

2214 2286 2324 2333 νον,
2345 2271 2444 2324 οὺκ
2482 2269 2540 2323 ἐν
2577 2268 2763 2338 ὑφέσει
2783 2269 2883 2340 τὴν
2917 2269 3199 2340 διαφορὰν,
3219 2269 3332 2322 ἀλλ’
3360 2271 3417 2322 ἐν
3444 2270 3697 2322 παντελεῖ
3716 2275 3786 2342 τῇ

2213 2362 2356 2415 κατὰ
2399 2362 2462 2415 τὸ
2500 2363 2896 2433 σημαινόμενον
2940 2362 3289 2434 ἀλλοτριώσει
3321 2363 3420 2435 τὴν
3457 2365 3789 2417 ἀντιδιαστο-

2213 2456 2311 2527 λὴν
2339 2455 2471 2526 ἔχει.
2512 2451 2636 2508 Οἶον
2684 2454 2964 2508 καθεύδειν
3006 2455 3128 2509 τινὰ
3159 2455 3391 2526 λέγομεν
3424 2455 3456 2525 ἢ
3490 2455 3562 2526 μὴ
3586 2454 3789 2508 καθεύ-

2212 2549 2354 2602 δειν·
2389 2546 2655 2619 καθῆσθαι
2690 2548 2722 2620 ἢ
2765 2547 2840 2619 μὴ
2876 2547 3144 2618 καθῆσθαι
3180 2563 3193 2576 '
3221 2547 3595 2618 γεγεννῆσθαι,
3637 2547 3668 2618 ἦ
3714 2548 3789 2620 μὴ

2212 2639 2569 2709 γεγεννῆσθαι
2589 2656 2604 2672 ο
2629 2639 2796 2693 τᾶλλα
2824 2640 2999 2692 πάντα
3015 2638 3154 2691 κατά
3180 2639 3268 2691 τὸν
3301 2639 3463 2692 αὑτὸν
3499 2639 3688 2704 τύπον,
3712 2633 3790 2692 ὧν

2211 2734 2246 2802 ἡ
2288 2731 2381 2784 τοῦ
2427 2731 2544 2796 ἐνὸς
2591 2732 2748 2802 ἄρσις
2793 2731 2940 2793 θέσις
2991 2731 3086 2783 τοῦ
3130 2731 3503 2801 ἀντικειμένου
3555 2732 3785 2799 γίνεται.

2217 2825 2428 2894 ’Ὠσπερ
2475 2819 2567 2876 οὖν
2600 2823 2661 2874 τὸ
2698 2823 2818 2892 ζῇν,
2865 2821 2984 2891 οὐχὶ
3033 2820 3220 2890 ῦφεσίς
3265 2825 3378 2874 ἐστι
3416 2822 3509 2875 τοῦ
3550 2822 3624 2892 μὴ
3663 2821 3788 2892 ζῇν,

2213 2915 2350 2969 ἀλλά
2393 2913 2672 2978 παντελῶς
2721 2915 3068 2977 ἐναντίωσις·
3101 2914 3243 2967 οὕτω
3287 2916 3350 2968 τὸ
3391 2916 3748 2985 γεγεννῆσθαι
3772 2958 3786 2980 ,

2213 3009 2310 3078 οὐχ
2345 3006 2534 3076 ὕφεσιν
2561 3007 2654 3059 τοῦ
2705 3006 2780 3078 μὴ
2818 3005 3163 3075 γεννηθέντος
3206 3008 3532 3078 ἐνοήσαμεν,
3565 3006 3676 3060 ἀλλ’
3704 3007 3792 3059 ἀν-

541 3103 780 3171 genitum
825 3117 947 3157 esse
987 3119 1093 3156 non
1134 3101 1514 3158 remissionem
1544 3101 1665 3171 ejus
1710 3103 1855 3170 quod
1886 3117 1995 3157 non
2021 3117 2112 3172 ge-

2218 3101 2414 3154 τίθεσίν
2455 3117 2577 3152 τινα
2620 3101 2714 3152 καὶ
2766 3098 3168 3171 ἀντιδιαστολὴν
3218 3097 3599 3169 άμεσίτευτον,
3628 3098 3703 3161 ὡς
3727 3098 3790 3150 τὸ

542 3194 721 3246 nitum
776 3201 860 3246 est
913 3191 1422 3255 animadvertimus,
1467 3190 1562 3247 sed
1611 3191 2008 3261 oppositionem
2058 3200 2112 3245 et

543 3286 872 3342 contrariam
918 3285 1280 3340 diil‘erentiam
1347 3285 1526 3340 medio
1573 3293 1873 3348 carentem,
1927 3285 2002 3339 ita
2055 3292 2116 3339 ut

544 3379 690 3449 quod
745 3380 799 3433 in
851 3379 1118 3434 alterutro
1160 3380 1521 3449 significatur,
1573 3380 1726 3434 nullo
1776 3379 1939 3433 modo
1990 3394 2113 3433 cum

545 3470 722 3523 altero
748 3470 1138 3523 commercium
1169 3469 1392 3534 habeat,
1423 3486 1601 3540 neque
1627 3469 1680 3524 in
1711 3485 1907 3540 pauco,
1940 3486 2116 3539 neque

547 3560 604 3614 in
636 3559 860 3630 majore.
889 3561 992 3626 Qui
1025 3561 1190 3630 igitur
1221 3563 1438 3626 asserit,
1472 3561 1526 3616 id
1559 3562 1702 3631 quod
1741 3578 1806 3616 ex
1844 3562 2119 3616 contrario

547 3652 893 3723 intelligitur,
933 3653 1162 3707 inferius
1191 3668 1315 3708 esse
1353 3668 1420 3708 eo
1459 3653 1604 3722 quod
1651 3653 1753 3722 ipsi
1783 3661 1868 3708 est
1899 3654 2121 3722 opposi-

547 3749 688 3805 tum,
746 3757 811 3797 ex
854 3758 950 3797 Sua
1007 3757 1240 3811 persona
1297 3743 1441 3797 hunc
1487 3758 1792 3798 sermonem
1856 3747 2119 3814 proferat.

547 3833 747 3888 Nostra
789 3835 934 3890 enim
981 3835 1225 3904 vulgaris
1266 3836 1520 3904 loquendi
1552 3835 1746 3900 forma,
1785 3852 1850 3890 ea
1875 3852 1996 3907 quae
2023 3853 2120 3904 op-

547 3925 741 3996 positis
765 3923 1117 3993 convehiunt,
1152 3927 1436 3997 aequaliter
1466 3929 1597 3982 dicit
1630 3929 1772 3981 inter
1805 3944 1865 3983 se
1890 3929 2117 3993 distare,

549 4035 615 4072 ac
637 4019 952 4088 primigenia
985 4019 1103 4089 ipsa
1137 4020 1276 4073 inter
1303 4036 1361 4074 se
1382 4019 1659 4074 diﬂ'erunt.
1687 4021 1865 4086 Quare
1886 4023 1930 4076 si
1957 4023 2120 4075 etiam

548 4112 604 4164 in
657 4111 776 4166 luce
835 4111 1082 4165 eamdem
1131 4108 1496 4166 diﬂerentiam
1556 4128 1717 4181 quam
1758 4127 1879 4182 qua:
1928 4120 2013 4166 est
2067 4113 2122 4168 in

548 4203 734 4272 genito
781 4201 846 4255 ad
901 4202 1201 4270 ingenitum
1247 4202 1469 4271 inspicit
1501 4201 1822 4266 Eunomius,
1871 4211 2121 4257 nostrum

549 4302 789 4362 repetam
837 4309 1165 4348 sermonem.
1227 4293 1384 4360 Quod
1433 4294 1577 4348 sicut
1633 4296 1742 4348 illie
1787 4297 1955 4350 altera
1989 4311 2123 4350 eon-

549 4385 894 4439 tradietionis
953 4401 1079 4454 pars
1112 4385 1644 4441 incommunicabilis
1697 4402 1820 4440 cum
1871 4389 2122 4456 opposito

2216 3194 2276 3245 ἐν
2323 3192 2568 3261 ἐκατέρῳ
2606 3192 3000 3262 σημαινόμενον
3056 3191 3242 3260 μηδενὶ
3287 3192 3474 3261 τρόπῳ
3516 3193 3790 3241 κοινωνεῖν

2216 3281 2352 3351 πρὸς
2374 3281 2434 3334 τὸ
2467 3281 2672 3351 ἕτερον,
2723 3283 2861 3351 μήτε
2890 3282 2948 3333 ἐν
2989 3280 3174 3351 ὀλίγῳ,
3205 3281 3342 3350 μήτε
3370 3281 3428 3332 ἐν
3461 3279 3684 3334 πλείονι,
3733 3281 3791 3329 '0

2215 3377 2395 3428 τοίνυν
2427 3375 2490 3428 τὸ
2530 3373 2589 3439 ἐξ
2609 3374 2853 3428 ἐναντίου
2900 3373 3184 3444 νοούμενον
3228 3373 3536 3426 ὑποϐαίνειν
3571 3372 3705 3442 πρὸς
3732 3371 3793 3423 τὸ

2217 3467 2592 3536 ἀντικείμενον
2643 3467 2850 3532 λέγων,
2879 3467 2945 3518 ἐκ
2988 3465 3080 3518 τοῦ
3129 3465 3256 3518 ίδίου
3301 3463 3584 3535 προαγέτω
3622 3477 3792 3532 προσ-

2217 3559 2368 3611 ώπου
2396 3559 2484 3611 τὸν
2513 3557 2688 3626 λόγον.
2714 3559 2772 3610 Ὁ
2803 3557 2912 3628 γὰρ
2938 3558 3206 3628 ἡμέτερος
3235 3555 3560 3625 ίδιωτισμὸς,
3590 3554 3657 3606 τὰ
3681 3555 3793 3615 τοῖς

2218 3652 2614 3721 ἀντικειμένοις
2657 3649 3040 3719 ἀναλογοῦντα,
3079 3649 3221 3702 κατὰ
3259 3647 3316 3700 τὸ
3343 3645 3459 3700 ἴσον
3492 3649 3604 3708 τοῖς
3644 3663 3794 3715 πρω-

2218 3743 2491 3807 τοτύποις,
2522 3742 2616 3796 καὶ
2653 3741 2789 3812 πρὸς
2816 3740 2981 3792 ἑαυτὰ
3019 3739 3163 3808 λέγει
3199 3738 3520 3792 διίστασθαι.
3554 3739 3710 3788 Ὥστε
3745 3739 3793 3788 εἰ

2221 3838 2315 3890 καὶ
2342 3836 2419 3907 τῷ
2452 3837 2589 3904 φωτὶ
2608 3835 2705 3906 τὴν
2743 3835 2914 3904 αὐτὴν
2954 3832 3310 3904 παραλλαγὴν
3343 3833 3410 3902 ἢν
3439 3831 3516 3901 τῷ
3553 3829 3795 3900 γεννητῷ

2227 3927 2361 3998 πρὸς
2388 3928 2450 3980 τὸ
2478 3928 2772 3997 ἀγέννητον
2816 3928 2976 3997 ἐνορᾷ
3005 3929 3033 3978 ὁ
3073 3925 3353 3994 Εύνόμιος,
3385 3911 3476 3977 τόν
3529 3922 3796 3994 ἡμέτερον

2222 4019 2636 4089 ἐπαναλήψομαι
2659 4018 2814 4087 λόγον
2835 4034 2847 4046 '
2877 4019 2958 4072 ὅτι
2985 4017 3060 4080 ώς
3089 4019 3205 4070 ἐκεῖ
3235 4017 3419 4088 ἕτερον
3440 4016 3539 4086 τῆς
3569 4014 3796 4081 ἀντιφάο

2226 4129 2362 4175 σεως
2401 4111 2564 4183 μέρος
2591 4110 2951 4180 ἀκοινώνητον
2975 4110 3111 4180 πρὸς
3133 4109 3193 4162 τὸ
3221 4107 3592 4178 ἀντικείμενον
3624 4105 3792 4176 μένειν

2223 4205 2394 4268 οὕτως
2416 4205 2569 4275 εἴπερ
2598 4203 2678 4274 τῷ
2703 4204 2782 4256 ἐνὶ
2807 4203 2960 4275 μέρει
2987 4202 3093 4256 τῶν
3117 4202 3405 4255 ἀντιθέτων
3431 4199 3491 4252 τὸ
3520 4198 3636 4268 φῶς
3670 4214 3798 4250 συν-

2224 4297 2545 4369 αρμοσθείη,
2566 4297 2628 4350 τὸ
2658 4296 2975 4366 λειπόμενον
3007 4293 3235 4362 συζυγὲς
3260 4293 3337 4364 τῷ
3369 4292 3545 4362 σκότῳ
3578 4289 3797 4350 πάντως

2227 4388 2672 4459 ἀναδειχθήσεται
2694 4429 2709 4453 ,
2738 4387 2838 4457 τῆς
2879 4387 3221 4456 ἀντιθετικῆς
3255 4385 3500 4454 ἀνάγκης
3519 4381 3798 4448 ἀναλόγως

549 4483 764 4541 manet;
813 4460 952 4528 haud
1005 4475 1183 4540 aliter,
1225 4474 1494 4543 siquidem
1527 4476 1618 4528 uni
1673 4477 1809 4544 parti
1841 4479 2116 4545 opposito-

2226 4488 2338 4547 τοῖς
2366 4483 2663 4553 προάγουσι
2693 4481 2786 4532 καὶ
2813 4479 2903 4532 τὸν
2941 4478 3034 4531 τοῦ
3064 4479 3237 4548 φωτὸς
3266 4477 3421 4545 λόγον
3446 4475 3579 4546 πρὸς
3615 4473 3676 4526 τὸ
3705 4473 3798 4524 ἀν·

546 4582 668 4620 rum
701 4567 792 4620 lux
837 4573 1120 4636 congruat,
1155 4565 1424 4636 reliquum
1475 4566 1826 4636 conjugatum
1881 4568 2122 4624 tenebris

549 4658 736 4728 procul
759 4658 925 4712 dubio
949 4657 1434 4721 demonstrabitur,
1457 4659 1758 4727 oppositiva
1781 4659 2120 4725 necessitate,

549 4752 904 4821 proportione
947 4751 1136 4805 habita
1194 4765 1322 4804 cum
1369 4750 1844 4819 praecedentibus,
1880 4759 1934 4805 et
1982 4753 2122 4806 lucis

548 4842 816 4896 rationem
868 4841 934 4894 ad
983 4839 1292 4912 oppositum
1333 4839 1646 4909 discrepare
1701 4841 1954 4895 faciente.
2000 4841 2123 4897 Haec

551 4949 653 4989 nos
683 4935 776 5003 qui
830 4935 1037 5003 absque
1075 4933 1263 4989 subtili
1295 4932 1604 4989 disserendi
1641 4933 1850 4989 ratione
1881 4935 2124 4992 scribere

551 5027 922 5096 aggredimur,
952 5026 1096 5080 sicut
1118 5026 1192 5079 ait
1223 5026 1313 5080 ille
1337 5027 1428 5096 qui
1453 5041 1552 5080 nos
1575 5026 1866 5081 calumniis
1891 5023 2120 5098 impetit,

551 5119 619 5171 ad
686 5132 885 5172 novum
937 5116 1304 5171 Paeaniensem
1365 5132 1462 5186 per
1525 5115 1831 5187 indigenam
1887 5118 2124 5188 linguam

555 5207 866 5261 subrustice
921 5206 1216 5275 loquimur.
1274 5204 1561 5271 Quomodo
1623 5217 1803 5262 autem
1863 5210 2126 5265 adversus

551 5299 950 5368 oppositionem
1001 5297 1142 5352 hanc
1178 5298 1496 5361 decertavit,
1536 5298 1629 5368 qui
1675 5300 1882 5355 calidos
1921 5302 2043 5355 illos
2072 5310 2126 5356 et

553 5391 733 5456 ignem
770 5391 1042 5457 spirantes
1090 5404 1370 5444 sermones
1412 5405 1512 5456 pro
1555 5405 1654 5444 sua
1704 5389 2120 5447 Demostheniea

551 5480 896 5534 vehementia
929 5487 1118 5533 contra
1150 5495 1248 5533 nos
1273 5481 1538 5549 projecit?
1563 5481 1992 5553 Quibuseunque
2025 5500 2122 5538 au-

553 5581 663 5627 tem
727 5572 926 5640 volupe
969 5580 1056 5625 est
1103 5572 1298 5635 ridere,
1349 5572 1402 5624 in
1453 5574 1569 5642 ipsa
1622 5576 1857 5630 oratoris
1919 5581 2118 5649 scripta

2227 4576 2534 4646 τικείμενον
2563 4572 2996 4642 διαστελλούσης.
3039 4571 3222 4623 Ταῦτα
3250 4573 3412 4640 ἡμεῖς
3430 4609 3443 4632 ,
3473 4570 3520 4620 οἱ
3565 4567 3685 4636 δίχα
3710 4565 3800 4616 λο-

2229 4665 2393 4736 γικῆς
2435 4665 2740 4735 ἐντρεχείετς
2787 4662 3185 4733 ἐπιχειροῦντες
3217 4663 3296 4728 τῷ
3326 4662 3555 4731 γράφειν
3574 4701 3588 4724 ,
3615 4657 3799 4719 καθώς

2231 4775 2395 4828 φησιν
2421 4760 2450 4811 ὁ
2467 4757 2764 4810 διαϐάλλων
2803 4757 2968 4825 ἡμᾶς,
2993 4754 3127 4824 πρὸς
3149 4755 3239 4806 τὸν
3270 4754 3388 4806 νέον
3417 4751 3676 4804 Παιανιέα
3709 4749 3796 4800 διὰ

2229 4849 2329 4919 τῆς
2363 4849 2651 4920 ἐπιχωρίου
2672 4848 2917 4919 γλώττης
2946 4845 3424 4916 ὑπαγροικίζομεν.
3441 4843 3563 4906 Πῶς
3582 4841 3638 4893 δέ
3663 4841 3800 4911 πρὸς

2229 4943 2328 5013 τὴν
2385 4941 2656 4995 ἀντίθεσιν
2706 4941 2907 5010 ταύτην
2959 4939 3340 5011 διηγωνίσατο,
3381 4936 3507 4998 τοὺς
3565 4935 3800 5004 θερμοὺς

2231 5036 2472 5098 ἐκείνους
2504 5034 2598 5087 καὶ
2631 5032 2740 5103 πῦρ
2772 5033 3032 5093 πνέοντας
3071 5032 3258 5099 λόγους
3307 5029 3442 5082 κατά
3485 5026 3583 5097 τὴν
3618 5031 3796 5094 Δημο-

2229 5127 2478 5194 σθενικὴν
2504 5125 2747 5178 εὐτονίαν
2785 5124 2904 5178 καθ’
2932 5124 3090 5195 ἡμῶν
3125 5121 3590 5192 προϐαλλόμενος;
3617 5119 3798 5178 Ὄσοις

2226 5219 2348 5273 καθ’
2397 5219 2587 5288 ἡδονήν
2643 5219 2756 5270 ἐστι
2805 5218 2866 5270 τὸ
2917 5217 3102 5287 γελᾷν,
3148 5217 3330 5278 αὐτοῖς
3384 5210 3798 5282 ὲπερχέσθωσαν

2230 5316 2341 5376 τοῖς
2393 5311 2798 5382 γεγραμμένοις
2837 5310 2915 5380 τῷ
2969 5311 3174 5381 ῥήτορι.
3220 5307 3296 5360 Τὸ
3341 5305 3449 5376 γάρ
3501 5304 3797 5374 ἡμέτερον,

2233 5405 2369 5474 πρὸς
2418 5404 2514 5472 μὲν
2563 5403 2780 5472 ἔλεγχον
2824 5402 2931 5455 τῶν
2977 5403 3074 5472 τῆς
3111 5399 3360 5462 ἀσεϐείας
3401 5397 3699 5468 δογμάτων,
3738 5396 3800 5448 οὐ

2229 5496 2348 5549 λίαν
2391 5495 2710 5564 δυσκίνητον
2741 5510 2753 5522 ’
2806 5493 2940 5564 πρὸς
2978 5493 3035 5546 δὲ
3083 5491 3144 5545 τὸ
3197 5491 3479 5562 κωμῳδεῖν
3522 5489 3621 5558 τὴν
3657 5487 3802 5556 ἀμα-

2230 5588 2349 5641 θίαν
2381 5587 2491 5640 τῶν
2530 5586 2867 5640 ἀπαιδεύτων
2886 5628 2898 5649 ,
2930 5584 3204 5648 παντελῶς
3236 5585 3381 5637 ἐστιν
3411 5578 3798 5650 ἀνεπιτήδειον.

557 5664 792 5717 irruant.
843 5661 996 5727 Quod
1059 5664 1204 5742 enim
1261 5675 1505 5718 nostrum
1562 5673 1668 5726 est,
1720 5666 1786 5719 ad
1869 5668 2112 5730 impietat

2239 5681 2458 5751 quidem
2513 5679 2857 5746 decretorgum
2915 5677 3293 5732 refutationem
3349 5690 3459 5732 non
3514 5675 3666 5729 valde
3712 5681 3801 5729 est

557 5758 760 5810 lentum
789 5763 842 5810 et
869 5773 1066 5826 segne;
1095 5758 1160 5811 ad
1197 5757 1476 5811 ridendatn
1501 5774 1630 5814 vero
1655 5770 1706 5814 et
1734 5765 2108 5842 mordendam,
2139 5783 2399 5849 tanquam
2449 5777 2506 5832 in
2540 5776 2835 5841 commdia,
2905 5773 3250 5831 indoctorum
3292 5773 3563 5832 inscitiam
3584 5813 3599 5841 ,
3637 5777 3800 5842 plane

552 5855 638 5904 est
684 5849 944 5920 ineptum,
975 5863 1078 5906 nec
1126 5849 1236 5905 ullo
1268 5849 1432 5906 modo
1470 5851 1746 5908 idoneum.
