4142 6374
318 319 422 380 909

1266 477 1523 495 *ιι-

1378 322 1651 379 CONTRA
1696 323 2080 396 EUNOMIUM,
2129 325 2258 383 LIB.
2304 328 2416 384 XII.

3474 331 3579 389 9ιο

1235 622 1412 685 ΠΡΟΣ
1445 634 1581 688 TON
1638 635 1999 690 ΕΥΝΟΜΙΟΥ
2038 622 2399 689 AETTEPON
2440 622 2665 693 AorON

1662 809 2025 895 ΛΟΓΟΣ
2100 806 2251 892 ΙΒ’·

1169 1134 1444 1200 CONTRA
1538 1145 1822 1202 EUNouu
1898 1146 2267 1203 SECU‘NDAM
2329 1137 2731 1204 ORATIONEM

942 1312 1266 1405 LIBRI
1325 1318 2002 1413 DUODECIMI
2099 1325 2387 1413 PARS
2458 1324 2958 1450 ALTERA,

845 1487 936 1563 ῘΝ
1023 1506 1465 1579 QUIBUSDAH
1544 1512 1952 1569 CODICIBUS
2023 1514 2248 1571 LIBER
2325 1516 2662 1573 DECIMUS
2747 1517 3081 1573 TERTIUS.-

407 1816 488 1870 Τά
541 1813 638 1887 μὲν
681 1798 745 1886 δὴ
795 1814 987 1889 πρῶτα
1033 1817 1145 1872 τῶν
1186 1817 1322 1891 πρὸς
1368 1818 1631 1892 Εὐνόμιον
1664 1820 1911 1890 ἀγώνων,

2086 1825 2206 1880 Jam
2240 1826 2456 1897 quidem
2492 1827 2677 1881 divino
2717 1823 2932 1882 favente
2963 1828 3166 1883 auxilio
3211 1828 3585 1898 superioribus

339 1909 536 1972 ἱκανῶς
574 1908 674 1979 ἤδη
722 1908 864 1964 κατὰ
909 1908 1059 1963 θείαν
1103 1910 1418 1982 συμμαχίαν
1444 1913 1501 1965 ἐν
1526 1914 1638 1976 τοῖς
1669 1912 1910 1981 φθάσασι

335 2003 615 2073 διήνυσται
650 2001 832 2066 πόνοις
850 2017 865 2033 ’
892 2001 1184 2075 καθώσπερ
1212 1998 1331 2057 ἔστι
1358 2006 1470 2068 τοῖς
1501 2004 1838 2076 βουλομένοις
1857 2005 1918 2072 ἐξ

336 2095 517 2149 αὐτῶν
564 2096 695 2165 ἡμῖν
739 2094 848 2149 τῶν
891 2093 1280 2166 πεπονημένων
1328 2096 1547 2165 μαθεῖν,
1570 2097 1719 2160 ὅπως
1753 2099 1809 2149 ὲν
1833 2082 1918 2167 ’τῷ

337 2185 589 2257 προτέρῳ
622 2186 729 2239 τῶν
753 2172 948 2255 λόγων,
982 2186 1017 2258 ἠ
1050 2184 1235 2256 ἀπάτη
1277 2187 1418 2240 κατά
1452 2187 1651 2258 κράτος
1694 2187 1915 2258 ὲλήλεγ-

338 2292 484 2342 κται,
531 2279 625 2332 καὶ
651 2278 901 2349 οὐδεμίαν
937 2277 1091 2349 ἰσχὺν
1114 2277 1195 2331 ἔτι
1240 2278 1385 2331 κατὰ
1415 2278 1515 2348 τῆς
1559 2279 1814 2350 ἀληθείας
1857 2282 1917 2333 ὲν

339 2372 451 2432 τοῖς
483 2369 867 2441 ὲξητασμένοις
907 2370 969 2424 τὸ
1010 2369 1203 2440 ψεῦδος
1245 2370 1357 2441 ἔχει
1383 2410 1398 2433 ,
1428 2372 1540 2432 τοῖς
1577 2387 1642 2438 γε
1679 2370 1753 2442 μὴ
1796 2371 1917 2426 λίαν

340 2460 593 2532 ἐκθύμως
638 2460 1051 2532 ἀναισχυντοῦσι
1078 2461 1215 2535 πρὸς
1254 2462 1353 2532 τὴν
1381 2461 1657 2533 ἀλήθειαν.
1694 2462 1911 2536 Ἐπειδὴ

340 2552 396 2605 δὲ
419 2553 511 2605 καὶ
534 2552 781 2624 δεύτερος
808 2551 954 2624 αὐτῷ
985 2552 1127 2608 κατά
1146 2553 1244 2623 τῆς
1266 2552 1544 2617 εὐσεϐείας
1575 2548 1685 2606 οἷόν
1706 2569 1787 2617 τις
1816 2553 1913 2627 λῃ-

345 2632 563 2715 στρικὸς
592 2643 1021 2716 συγκεκρότηται
1055 2644 1211 2711 λόγος
1233 2660 1247 2675 ·
1287 2644 1448 2698 πάλιν
1480 2643 1573 2697 τοῦ
1613 2643 1747 2697 Θεοῦ
1774 2661 1916 2713 συμ-

348 2731 644 2802 μαχοῦντος
692 2732 759 2786 δι’
789 2733 947 2804 ἡμῶν
998 2734 1031 2804 ὴ
1086 2732 1310 2805 ἀλήθεια
1357 2736 1423 2806 τῇ
1469 2732 1769 2806 παρατάξει
1807 2735 1917 2788 τῶν

342 2823 552 2897 ἐχθρῶν
578 2813 955 2889 ἀνθοπλίζεται
976 2866 993 2890 ,
1036 2823 1285 2897 καθάπερ
1314 2842 1399 2889 τις
1447 2825 1749 2897 στρατηγὸς
1785 2829 1919 2899 προ-

343 2915 727 2987 καθηγουμένη
777 2916 886 2969 τῶν
940 2916 1224 2988 ἡμετέρων
1277 2916 1449 2986 λόγων
1479 2958 1496 2982 ,
1520 2919 1614 2971 καί
1667 2917 1804 2989 πρὸς
1855 2916 1915 2971 τὸ

344 3007 535 3062 δοκοῦν
572 3010 736 3080 ἑαυτῇ
763 3007 903 3062 κατά
919 3008 1027 3063 τῶν
1051 3008 1323 3079 πολεμίων
1359 3008 1690 3062 εὐθύνουσα·
1796 3008 1916 3062 κατ’

346 3099 492 3169 τχνος
520 3100 801 3171 ἑπόμενοι,
833 3097 1175 3172 θαρρούντως
1204 3101 1319 3163 τοῖς
1350 3099 1621 3171 δευτέροις
1643 3100 1752 3153 τῶν
1774 3100 1920 3169 ἀγώ-

2019 1916 2297 1971 laboribus
2324 1917 2498 1986 prima
2523 1925 2717 1971 contra
2760 1915 3089 1971 Eunomium
3127 1920 3425 1973 certamina
3457 1935 3587 1972 con-

2018 2006 2159 2060 fecta
2196 2014 2344 2073 sunt,
2379 2008 2522 2062 sicut
2556 2007 2641 2064 his
2675 2008 2768 2077 qui
2809 2006 3084 2062 voluerint
3114 2024 3181 2063 ex
3211 2009 3298 2066 his
3331 2010 3587 2079 operihrs

2016 2112 2139 2165 quae
2183 2096 2582 2153 elaboravimus
2638 2098 2763 2153 licet
2826 2098 3139 2167 perdiscere
3195 2099 3468 2170 quomodo
3532 2099 3587 2153 in

2017 2187 2199 2255 priore
2238 2194 2549 2241 sermonum
2600 2192 2753 2259 parte
2800 2204 2956 2244 error
3012 2198 3264 2259 potenter
3314 2181 3595 2245 refutatus'

2017 2286 2118 2343 est,
2172 2284 2349 2348 neque
2392 2279 2563 2334 ullum
2622 2280 2859 2349 amplius
2898 2281 3067 2336 robur
3123 2281 3392 2338 adversus
3442 2286 3591 2338 veri-

2016 2371 2234 2425 ritatem
2270 2370 2325 2424 in
2365 2369 2453 2426 his
2488 2378 2610 2441 qna:
2662 2381 2791 2426 sunt
2835 2372 3144 2427 examinata
3176 2380 3232 2427 et
3272 2373 3588 2444 disquisita,

2018 2461 2182 2516 habet
2230 2461 2599 2525 mendacium,
2648 2462 2789 2533 apud
2842 2478 2939 2518 eos
2984 2465 3075 2532 qui
3124 2479 3231 2517 non
3290 2462 3449 2518 valde
3474 2464 3594 2518 ani-

2016 2567 2171 2609 mose
2209 2562 2403 2607 contra
2430 2555 2714 2607 veritatem
2756 2560 2885 2608 sunt
2913 2554 3281 2624 impudentes.
3318 2556 3591 2621 Quoniam

2020 2642 2150 2700 vero
2186 2644 2463 2700 secundus
2505 2644 2658 2698 labor
2688 2645 2756 2698 ab
2798 2659 2866 2699 eo
2907 2653 3097 2700 centra
3138 2646 3390 2715 pietatem
3424 2647 3592 2702 veluti

2017 2736 2399 2806 praedator-ium
2434 2735 2704 2805 quoddam
2762 2750 2957 2805 agmen
3014 2735 3279 2791 collectus
3318 2746 3437 2804 est;
3474 2752 3596 2791 rur-

2017 2843 2137 2888 sus.
2172 2826 2282 2882 Deo
2321 2825 2641 2897 opitulante,
2684 2841 2779 2897 per
2806 2842 2906 2881 nos
2945 2827 3216 2882 instructa
3249 2829 3369 2883 acie
3400 2836 3594 2884 contra

2017 2920 2203 2975 hostes
2230 2926 2474 2973 armatur
2495 2918 2719 2982 veritas,
2742 2932 2806 2971 ac
2833 2932 2933 2973 ceu
2964 2917 3212 2988 quaedam
3239 2917 3347 2973 dux
3377 2930 3589 2974 nostro-

2018 3023 2139 3063 rum
2183 3024 2498 3079 sermonum
2536 3008 2930 3079 propugnatrix
2959 3009 3136 3078 praeit,
3171 3015 3356 3078 atque,
3393 3017 3453 3063 ut
3486 3010 3593 3063 sibi

2017 3099 2255 3165 videtur,
2313 3107 2506 3154 contra
2551 3099 2739 3154 hostes
2771 3098 2980 3169 dirigit.
3012 3114 3176 3169 quam
3220 3115 3321 3155 nos
3365 3115 3396 3155 e
3429 3101 3596 3154 vesti-

344 3210 452 3246 νων
501 3192 937 3263 ὲπιτολμήσομεν
958 3228 977 3256 ,
1006 3188 1157 3247 οὐδὲν
1200 3192 1641 3261 καταπλαγέντες
1682 3192 1781 3263 τὴν
1824 3190 1917 3246 τοῦ

2024 3192 2111 3260 gio
2154 3197 2450 3261 sequentes
2495 3189 2834 3245 conﬁdenter
2890 3190 3149 3246 secundis
3198 3190 3596 3245 certaminibus

343 3283 571 3353 ψεύδους
612 3281 913 3352 παράταξιν
935 3323 951 3348 ,
981 3280 1087 3337 κᾶν
1121 3283 1178 3335 ὲν
1209 3281 1403 3353 πλήθει
1448 3282 1810 3355 προφαίνηται
1837 3282 1921 3335 λό-

2024 3283 2364 3346 audebimus,
2410 3280 2549 3335 nihil
2594 3278 3019 3337 reformidantes
3062 3279 3388 3335 instructam
3441 3296 3596 3334 men-

344 3388 478 3439 γων.
506 3371 699 3434 Πιστὸς
731 3371 840 3442 γὰρ
877 3372 906 3425 ό
930 3370 1394 3442 ἐπαγγειλάμενος
1436 3370 1639 3441 χιλίους
1676 3372 1765 3439 ὑφ’
1798 3371 1919 3435 ἐνὸς

2024 3373 2161 3429 dacii
2180 3372 2373 3434 aciem,
2397 3371 2611 3427 etiamsi
2637 3371 2989 3425 multitudine
3016 3384 3333 3425 sermonum
3352 3380 3596 3425 nostram

345 3461 761 3534 διωχθήσεσθαι,
790 3461 883 3516 καὶ
919 3461 1182 3534 μυριάδας
1214 3462 1320 3516 ὑπὸ
1353 3461 1446 3515 δύο
1489 3461 1919 3533 μετακινηθήσε-

350 3552 501 3607 σθαι·
532 3553 608 3616 ὡς
641 3551 741 3621 τῆς
765 3550 1064 3616 εὐσεϐείας,
1096 3551 1157 3606 οὐ
1177 3552 1277 3622 τῆς
1308 3550 1656 3624 πολυχειρίας
1690 3550 1921 3621 ἐχούσης

347 3643 411 3698 τὸ
443 3641 583 3697 κατά
615 3642 847 3713 πόλεμον
876 3642 1095 3713 κράτος.
1124 3642 1339 3713 Ὥσπερ
1374 3643 1404 3694 ὁ
1440 3642 1781 3712 πολύσαρκος
1833 3642 1925 3696 Fo-

350 3733 497 3799 λιὰθ,
517 3734 615 3806 τὴν
644 3734 866 3805 βαρεῖαν
895 3733 1110 3803 ἐκείνην
1138 3735 1246 3796 τοῖς
1286 3733 1640 3805 Ἰσραηλίταις
1669 3735 1924 3789 ἐπισείων

351 3825 577 3897 αἰχμὴν,
599 3825 853 3895 οὐδεμίαν
885 3824 1129 3896 ἐπήγαγε
1159 3823 1360 3878 δειλίαν
1392 3824 1546 3895 ἀνδρὶ
1571 3826 1788 3896 ποιμένι
1828 3827 1923 3880 καὶ

354 3915 671 3985 ἀμελετήτῳ
704 3914 803 3985 τῆς
840 3913 1140 3984 πολεμικῆς
1193 3912 1517 3985 εὐστροφίας
1552 3930 1567 3946 ο
1593 3907 1637 3983 ᾧ
1678 3916 1925 3986 συμπλα-

353 4005 473 4069 κεὶς
503 4006 645 4059 κατά
655 4007 757 4076 τὴν
780 4006 959 4077 μάχην
991 4005 1260 4075 ἀκέφαλος
1275 4008 1502 4076 γίνεται,
1526 4006 1665 4079 πρὸς
1690 4008 1924 4062 τούναν-

352 4098 468 4152 τίον
502 4097 649 4168 αὐτῷ
679 4098 779 4166 τῆς
823 4096 1035 4161 ἐλπίδος
1079 4097 1566 4169 περιστραφείσης.
1618 4098 1723 4152 Τὸν
1766 4097 1925 4152 αὐτὸν

354 4192 554 4265 τρόπον
580 4192 673 4244 καὶ
697 4192 726 4243 ὁ
745 4188 864 4244 καθ’
895 4190 1043 4261 ἡμᾶς
1061 4188 1251 4243 Γολιάθ
1276 4190 1307 4242 ό
1332 4189 1433 4260 τῆς
1465 4189 1763 4258 ἀλλοφύλου
1792 4189 1928 4243 καθ-

355 4284 651 4357 ηγούμενος
695 4280 946 4352 γνώσεως
971 4321 988 4346 ,
1022 4281 1310 4352 πρόκωπόν
1338 4298 1399 4334 τε
1448 4280 1541 4334 καὶ
1567 4280 1777 4352 γυμνὴν
1814 4275 1927 4336 οἷόν

354 4391 476 4431 τινα
497 4373 770 4446 ῥομφαίαν
795 4371 893 4444 τὴν
916 4372 1265 4444 βλασφημίαν
1304 4374 1419 4436 τοῖς
1453 4372 1928 4443 ἀντιτεταγμένοις

2020 3480 2286 3535 superare
2321 3463 2591 3519 videatur.
2631 3462 2834 3518 Fidelis
2864 3463 3010 3517 enim
3040 3463 3130 3533 qui
3173 3462 3422 3533 promisit
3451 3462 3599 3515 mille

2020 3558 2089 3613 ab
2133 3571 2242 3611 uno
2296 3555 2728 3626 persequendos,
2768 3563 2824 3610 et
2864 3555 3052 3609 decem
3098 3553 3267 3608 millia
3310 3568 3340 3606 a
3382 3552 3597 3607 duobus

2021 3648 2385 3721 proﬂigandos
2426 3664 2550 3704 esse
2591 3650 2631 3714 ί,
2696 3648 2823 3718 quia
2867 3647 3039 3717 pietas
3090 3661 3200 3700 non
3232 3660 3263 3698 a
3309 3660 3597 3700 numerosa

2022 3756 2185 3796 manu
2235 3738 2404 3793 robur
2452 3738 2521 3792 ad
2556 3738 2758 3792 bellum
2812 3738 3076 3793 obtineat.
3133 3735 3597 3803 Quemadmodum

2023 3832 2117 3886 ille
2149 3829 2508 3899 corpulentus
2543 3826 2757 3882 Goliath
2796 3840 3017 3898 gravem
3064 3826 3212 3880 illam
3240 3826 3297 3879 in
3326 3822 3600 3879 lsraelitas

2023 3922 2308 3994 cuspidem
2332 3920 2653 3983 obvibrans,
2682 3918 2894 3973 nullum
2929 3918 3161 3973 incussit
3188 3924 3452 3971 terrorem
3481 3916 3602 3969 viro

2026 4014 2252 4083 pastori,
2301 4010 2511 4066 bellica:
2556 4007 2920 4064 volubilitatis
2952 4006 3079 4060 rudi
3132 4016 3295 4076 atque
3327 4007 3599 4075 imperito,

2025 4119 2057 4158 a
2102 4120 2212 4175 quo
2264 4109 2560 4158 consertus
2608 4100 2667 4154 in
2696 4114 2875 4169 pugna
2912 4099 3092 4168 capite
3115 4098 3474 4151 obtruncatus
3496 4106 3600 4158 est,

2025 4195 2083 4251 in
2118 4194 2457 4250 contrarium
2488 4193 2537 4248 ei
2565 4206 2661 4262 spe
2692 4204 2959 4245 conversa
2993 4207 3006 4243 :
3046 4188 3234 4243 eodem
3264 4197 3411 4243 certe
3443 4187 3605 4241 modo

2028 4288 2117 4343 hic
2161 4294 2351 4342 noster
2396 4283 2634 4349 Goliath,
2677 4283 2794 4353 qui,
2841 4281 3036 4335 aliena:
3068 4290 3123 4334 et
3174 4281 3469 4350 peregrinae
3511 4295 3605 4335 co-

2025 4378 2283 4451 gnitionis
2320 4377 2431 4432 dux
2473 4384 2529 4429 et
2577 4382 2791 4437 auctor,
2846 4373 3099 4442 capulum
3144 4371 3455 4426 districtum
3504 4389 3605 4425 nu-

357 4469 683 4541 προτείνων,
717 4468 811 4521 καὶ
841 4466 1099 4532 στίλϐων,
1129 4466 1246 4538 ἆμα
1269 4469 1390 4530 τοῖς
1427 4466 1738 4537 νεοθήκτοις
1774 4463 1927 4532 σοφί-

2030 4470 2272 4539 dumque
2298 4469 2447 4522 velut
2473 4482 2659 4521 ensem
2693 4474 2883 4519 tenens
2912 4463 3236 4534 sacrilegum
3269 4462 3605 4532 impiumque

359 4575 586 4629 σμασιν,
634 4558 735 4612 οὐκ
788 4557 959 4629 ἐφάνη
1005 4558 1231 4628 φοϐερὸς
1268 4556 1375 4631 θκαὶ
1431 4556 1761 4626 δυσάντητος
1814 4555 1927 4620 τοῖς

361 4651 596 4714 ἰδιώταις
614 4653 763 4722 ἡμῖν,
802 4652 878 4715 ὡς
906 4652 1024 4705 κατ’
1049 4648 1295 4715 ἐξουσίαν
1329 4648 1473 4719 ἔχειν
1507 4646 1669 4702 αὐτὸν
1701 4649 1766 4718 τῇ
1798 4646 1930 4717 ἐρη-

361 4742 462 4814 μίᾳ
500 4742 609 4795 τῶν
666 4742 1077 4795 ἀντιόαινόντων
1128 4738 1526 4811 ὲπικομπάζειν
1547 4755 1560 4770 ⁸
1601 4738 1716 4791 ἀλλ’
1769 4730 1927 4808 εὗρεν

359 4834 507 4904 ἡμᾶς
533 4835 597 4885 ὲκ
619 4834 718 4902 τῆς
744 4830 839 4885 τοῦ
874 4830 1080 4903 Κυρίου
1111 4830 1345 4901 ποίμνης
1375 4828 1749 4899 αὐτοσχεδίους
1768 4826 1928 4881 πολε-

364 4922 582 4994 μιστὰς,
607 4923 734 4985 τοὺς
779 4921 914 4993 μήτε
969 4919 1237 4992 μαθόντας
1287 4918 1631 4989 λογομαχεῖν,
1661 4918 1797 4987 μήτε
1829 4915 1926 4986 ζη-

365 5012 495 5082 μίαν
517 5010 578 5065 τό
607 5011 680 5084 μὴ
704 5009 1080 5083 μεμαθηκέναι
1103 5009 1441 5081 νομίζοντας,
1462 5008 1725 5061 ἰδιωτικόν
1746 5024 1804 5059 τε
1831 5006 1927 5060 καὶ

363 5102 743 5175 ἀγροικίζοντα
790 5102 882 5155 τὸν
930 5100 1085 5170 λόγον
1136 5102 1235 5171 τῆς
1284 5098 1541 5169 ἀληθείας
1598 5098 1718 5152 κατ’
1763 5096 1926 5151 αὐτοῦ

367 5195 842 5266 σφενδονήσαντας.
880 5193 1095 5265 Ἐπειδὴ
1129 5194 1308 5246 τοίνυν
1347 5192 1441 5245 καὶ
1475 5192 1504 5243 ὁ
1540 5189 1929 5262 μνημονευθεὶς

367 5287 570 5349 ἐκεῖνος
600 5285 801 5357 ποιμὴν
827 5286 894 5356 τῇ
936 5283 1193 5358 σφενδόνῃ
1230 5280 1546 5337 καταϐαλὼν
1574 5281 1664 5333 τὸν
1696 5279 1930 5347 ἀλλόφυ-

365 5372 484 5438 λον,
508 5374 908 5446 ύπορῤαγείσης
942 5373 1020 5445 τῷ
1046 5373 1177 5445 λίθῳ
1224 5373 1321 5444 τῆς
1366 5370 1811 5443 περικεφαλαίας,
1838 5368 1933 5422 καὶ

365 5464 504 5536 προς
529 5464 628 5536 τὴν
669 5465 790 5536 βίαν
823 5467 922 5538 τῆς
965 5466 1124 5537 βολῆς
1149 5466 1285 5538 πρὸς
1308 5466 1377 5520 τὰ
1413 5465 1561 5529 ὲντδς
1585 5463 1928 5534 διασχούσης,

366 5555 430 5607 οὐ
460 5553 647 5609 τοῦτον
675 5556 968 5627 ἐποιήσατο
1014 5558 1111 5627 τῆς
1152 5556 1520 5629 ἀνδραγαθίας
1569 5555 1658 5611 τὸν
1693 5557 1837 5627 ὅρον,
1871 5555 1932 5608 τὸ

449 5726 465 5757 ⁸
496 5726 651 5781 Deut.
684 5744 854 5785 ιιτιι.
887 5731 972 5785 50.

2032 4558 2337 4615 convicium
2370 4556 2658 4627 praatendit
2700 4563 2757 4610 et
2805 4570 2999 4610 recens
3045 4554 3222 4609 acutis
3252 4553 3606 4623 SOphismatis

2032 4648 2270 4710 micans,
2299 4646 2460 4702 nobis
2486 4645 2829 4715 simplicibus
2858 4651 2912 4698 et
2939 4644 3172 4698 indoctis
3202 4659 3310 4697 non
3341 4651 3427 4698 est
3452 4644 3607 4698 visus

2032 4738 2314 4800 terribilis,
2357 4752 2536 4807 neque
2585 4735 2827 4790 occurrit
2875 4732 3260 4797 formidabilis,
3294 4733 3367 4785 ita
3410 4742 3469 4785 ut
3507 4745 3606 4801 pro

2033 4845 2136 4886 suo
2183 4829 2410 4884 arbitrio
2473 4828 2593 4898 ipse
2656 4826 3074 4897 repugnantium
3149 4826 3373 4895 penuria
3436 4826 3603 4893 possit

2034 4923 2333 4979 insolenter
2373 4936 2434 4977 se
2477 4920 2718 4991 jactare;
2767 4920 2862 4975 sed
2916 4933 3019 4973 nos
3073 4932 3139 4971 ex
3189 4916 3401 4971 Domini
3445 4933 3608 4986 grege

2032 5014 2191 5085 quasi
2240 5012 2631 5068 tumultuarios
2679 5020 2735 5066 et
2788 5025 2855 5065 ex
2908 5020 3149 5079 tempore
3196 5007 3413 5063 oblatos
3442 5008 3609 5063 bella-

2034 5115 2181 5158 tores
2214 5112 2411 5157 nactus
2440 5108 2546 5165 cst,
2584 5099 2678 5170 qui
2719 5112 2899 5169 neque
2924 5098 3107 5153 verbis
3148 5099 3480 5154 contendere
3520 5100 3607 5152 di-

2034 5193 2290 5255 dicimus,
2339 5205 2516 5260 neque
2549 5204 2659 5242 non
2698 5187 2957 5243 didicisse
2982 5189 3209 5242 multam
3229 5189 3315 5244 vel
3345 5189 3604 5244 damnum

2035 5282 2437 5344 existimamus,
2461 5277 2728 5348 plebeium
2751 5285 2806 5331 et
2828 5276 3090 5331 rusticum
3131 5292 3439 5334 sermonem
3469 5294 3607 5333 con-

2041 5383 2125 5429 tra
2170 5375 2349 5444 ipsum
2398 5372 2543 5426 velut
2579 5369 2933 5424 fumlibularii
2979 5370 3305 5437 iaculantes.
3337 5370 3608 5437 Quoniam

2040 5465 2208 5537 igitur
2252 5464 2342 5518 ille
2367 5462 2479 5531 jam
2523 5468 2984 5515 commemoratus
3035 5468 3224 5530 pastor
3277 5460 3442 5515 funda
3486 5476 3611 5531 per-

2038 5568 2203 5609 cusso
2230 5551 2555 5622 alienigena,
2574 5556 2627 5605 et
2653 5548 2802 5618 galea
2831 5555 3082 5604 contorto
3105 5548 3283 5619 lapide
3314 5551 3609 5618 perfracta,
