4142 6374
503 372 605 428 9η

1753 372 1811 428 S.
1860 373 2194 430 GllEGURll
2248 374 2548 432 NYSSENI

3683 384 3800 440 9l2

502 505 558 550 et
600 492 668 549 ad
696 493 1009 549 violentiam
1038 493 1221 564 jactus
1255 494 1323 549 ad
1357 495 1549 550 intima
1579 495 1948 560 discindente,
1986 513 2096 552 non

2226 498 2335 551 δεῖν
2360 499 2417 551 ἐν
2458 497 2713 569 πτώματι
2746 499 2807 552 τὸ
2862 500 3119 572 πολέμιον
3149 517 3165 534 ⁶
3202 501 3317 555 ἀλλ’
3353 499 3671 573 ἐπιδραμὼν
3701 501 3807 556 καὶ

506 584 655 642 hunc
690 586 819 642 fecit
868 588 1218 644 strenuitatis
1261 588 1582 653 terminum,
1622 597 1683 643 ut
1716 589 1932 646 hostem
1962 603 2095 659 pro-

507 687 743 734 stratum
773 679 1005 745 videret,
1052 679 1146 735 sed
1198 681 1403 750 impetu
1446 681 1593 735 facto
1628 682 1809 753 capite
1841 684 2099 737 adversa-

506 773 653 826 rium
711 773 1008 841 spoliatum
1060 774 1237 827 victor
1280 774 1583 843 trophmum
1629 774 1813 830 ferens
1858 775 1926 829 ad
1969 789 2099 830 suos

506 864 694 927 rediit,
747 863 1161 934 magniloquum
1194 864 1325 919 illud
1366 873 1532 934 caput
1570 866 1637 918 ad
1664 880 1891 919 suorum
1919 865 2100 919 tribu-

508 957 644 1010 lium
690 957 996 1011 exercitum
1058 964 1372 1026 reportans.
1430 955 1514 1011 0b
1563 971 1683 1011 eam
1722 972 1948 1012 causam
1998 972 2101 1012 nos

509 1050 672 1104 etiam
702 1050 857 1104 decet
881 1051 937 1104 in
971 1051 1282 1120 exemplum
1312 1049 1445 1104 illud
1480 1050 1754 1105 intuentes
1787 1066 1895 1103 non
1923 1051 2101 1106 lentos

511 1142 580 1195 ad
610 1142 884 1196 secundos
914 1157 1198 1197 sermones
1233 1143 1639 1205 remollescere,
1689 1143 1807 1205 sed,
1835 1150 2102 1212 quantum

512 1233 755 1287 maxime
780 1233 929 1297 licet,
956 1233 1470 1303 praestantissimam
1507 1233 1654 1287 illam
1684 1233 1904 1289 Davidis
1930 1235 2103 1289 actio-

510 1341 637 1380 nem
676 1325 902 1390 imitari,
952 1341 1018 1380 ac
1067 1326 1322 1381 similiter
1372 1334 1497 1396 post
1550 1325 1788 1395 primum
1843 1327 2012 1380 ictum
2047 1327 2105 1382 in

512 1418 729 1473 hostem
762 1417 1037 1487 jacentem
1071 1419 1381 1484 incurrere,
1420 1425 1481 1472 ut
1517 1420 1698 1487 capite
1739 1419 2103 1476 obtruncatus

514 1520 570 1566 et
603 1513 923 1575 destitutus,
946 1513 1196 1568 veritatis
1219 1512 1515 1583 perduellis
1540 1513 1805 1567 videatur.
1828 1512 1931 1578 Qui
1957 1514 2105 1568 enim

514 1620 546 1658 a
593 1603 698 1659 [ide
724 1604 976 1659 divulsus
1020 1613 1125 1669 est,
1178 1612 1343 1673 caput
1376 1604 1547 1673 magis
1596 1604 1759 1658 habet
1793 1605 2105 1659 abscissum

516 1706 571 1752 et
606 1714 633 1752 a
676 1699 891 1752 cervice
922 1698 1199 1752 revulsum
1239 1711 1403 1766 quam
1458 1697 1548 1751 ille
1593 1698 1921 1767 alienigena.
1960 1696 2108 1762 Quo-

516 1791 664 1845 niam
745 1790 931 1844 Umnis
984 1790 1083 1842 viri
1148 1797 1304 1857 caput
1359 1797 1439 1841 est
1494 1785 1760 1851 Christus,
1830 1788 1973 1842 sicut
2031 1786 2108 1840 ait

2202 590 2304 659 τῆς
2331 592 2576 661 κεφαλῆς
2598 592 2690 644 τὸν
2716 592 2974 663 πολέμιον
3000 594 3376 665 ἀποσυλήσας,
3401 593 3808 664 τροπαιοφόρος

2201 688 2315 750 τοῖς
2374 686 2522 749 ἰδίοις
2564 688 2851 749 ἐπάνεισι,
2894 687 2994 757 τὴν
3048 687 3509 758 μεγαλορῤήμονα
3558 687 3804 757 κεφαλὴν

2204 778 2418 848 ἐκείνην
2444 777 2521 848 τῷ
2561 777 2776 853 στρατῷ
2800 776 2909 829 τῶν
2939 777 3227 847 ὁμοφύλων
3255 775 3663 846 διαπομπεύων.
3698 776 3805 829 Διὰ

2204 870 2363 923 τοῦτο
2391 870 2485 922 καὶ
2508 871 2541 938 ἠ
2552 870 2658 938 μᾶς
2688 869 2957 939 προσήκει
2987 868 3123 938 πρὸς
3148 868 3209 920 τὸ
3239 867 3540 935 ὑπόδειγμα
3570 866 3799 936 βλέπον-

2203 977 2332 1024 τας,
2364 958 2438 1029 μὴ
2473 957 3023 1028 καταμαλακισθῆναι
3059 956 3194 1029 πρὸς
3219 959 3343 1020 τούς
3379 958 3661 1029 δευτέρους
3688 957 3805 1009 τῶν

2205 1052 2380 1120 λόγων
2403 1068 2416 1080 '
2453 1051 2566 1106 ἀλλ’
2618 1050 2694 1115 ὡς
2728 1050 2805 1104 ἔνι
2839 1052 3076 1122 μάλιστα
3117 1051 3459 1123 μιμήσασθαι
3499 1051 3593 1104 τοῦ
3634 1050 3803 1103 Δαὸὶδ

2205 1145 2304 1215 τὴν
2359 1144 2643 1216 ἀριστείαν
2668 1157 2682 1171 ’
2716 1144 2811 1198 καὶ
2856 1145 3255 1215 παραπλησίως
3289 1146 3483 1215 ἐκείνῳ
3532 1145 3669 1215 μετά
3702 1144 3805 1214 τὴν

2208 1236 2433 1308 πρώτην
2483 1236 2697 1308 πληγὴν
2735 1235 3046 1307 ἐπεμϐῆναι
3095 1236 3369 1306 κειμένῳ,
3398 1236 3473 1299 ὡς
3504 1235 3568 1289 ἂν
3604 1236 3802 1305 φανείη

2210 1328 2445 1399 μάλιστα
2477 1327 2577 1398 τῆς
2603 1326 2846 1395 κεφαλῆς
2886 1326 3109 1397 ἕρημος,
3136 1328 3165 1379 ὁ
3194 1327 3291 1395 τῆς
3337 1327 3593 1397 ἀληθείας
3641 1327 3806 1379 πολέ-

2211 1435 2354 1489 μιος.
2396 1419 2453 1470 Ὀ
2487 1418 2596 1490 γὰρ
2624 1419 2723 1489 τῆς
2756 1420 2995 1483 πίστεως
3014 1420 3396 1490 διεζευγμένος
3429 1420 3529 1490 τὴν
3561 1419 3808 1489 κεφαλὴν

2209 1512 2589 1580 ἀποτέτμηται
2619 1510 2712 1563 τοῦ
2761 1510 3060 1580 ἀλλοφύλου
3112 1511 3336 1582 μᾶλλον.
3381 1512 3533 1564 Ἐπεὶ
3560 1512 3670 1582 γάρ
3698 1516 3810 1565 Κε-

2208 1602 2375 1672 gul};
2408 1600 2635 1667 πάντος-
2678 1602 2901 1670 ἁνδρὸς
2943 1604 2977 1656 ὸ
3012 1603 3287 1671 Χριστὸς,
3346 1602 3529 1665 καθώς
3581 1620 3747 1673 φησιν
3776 1606 3816 1656 ὁ

2222 1692 2564 1756 Ἀπόστολος,
2598 1692 2769 1763 ἄνδρα
2796 1693 2854 1744 δὲ
2876 1692 2969 1746 τὸν
3010 1693 3202 1746 πιστὸν
3232 1695 3451 1752 πάντως
3489 1694 3635 1755 εἰκὸς
3681 1694 3806 1745 ὀνο-

2214 1786 2479 1857 μάζεσθαι
2500 1802 2513 1816 ·
2552 1785 2611 1837 οὐ
2641 1785 2751 1856 γὰρ
2775 1785 2842 1856 δὴ
2875 1788 2968 1840 καὶ
3003 1786 3113 1838 τῶν
3153 1786 3397 1840 ἀπίστων
3429 1786 3494 1839 ἂν
3595 1785 3812 1856 κεφαλὴ

515 1886 817 1954 Apostolus
866 1886 909 1947 ³,
955 1883 1132 1937 virum
1187 1890 1369 1935 autem
1416 1880 1625 1936 ﬁdelem
1686 1880 1910 1935 omnino
1962 1880 2106 1934 veri-

2221 1847 2239 1931 i
2265 1847 2519 1943 ὶέριστὸς,
2554 1847 2773 1941 πάντως
2800 1847 2842 1931 ὁ.
2857 1877 2958 1947 τῆς
2986 1878 3265 1949 σωζούσης
3287 1879 3523 1941 πίστεως
3539 1847 3810 1947 ’ἀποτμηί

516 1976 697 2030 simile
738 1984 822 2029 est
862 1972 1166 2029 nominari:
1198 1986 1309 2026 non
1351 1973 1496 2026 enim
1528 1971 1828 2025 inlidelium
1857 1969 2109 2023 Christus

516 2076 684 2136 caput
739 2080 861 2119 esse
911 2071 1091 2134 potest
1121 2077 1137 2113 :
1166 2063 1260 2134 qui
1302 2078 1333 2116 a
1381 2063 1486 2117 lide
1533 2061 1833 2115 servatrice
1878 2076 2109 2130 prorsus

516 2160 792 2213 rescissus
823 2166 926 2224 est,
985 2157 1161 2225 capite
1196 2164 1368 2218 caret,
1425 2155 1566 2208 haud
1602 2169 1763 2208 secus
1814 2168 1974 2222 quam
2023 2152 2112 2208 illc

518 2250 736 2305 Guliath
777 2268 878 2306 suo
933 2250 1118 2319 gladio
1168 2248 1478 2318 jugulatus.
1518 2264 1679 2317 quem
1713 2246 1980 2301 adversus
2014 2261 2111 2299 ve-

520 2346 738 2399 ritatem
775 2351 1090 2406 exacuerat,
1133 2358 1164 2395 a
1215 2358 1347 2396 vero
1388 2341 1567 2411 capite
1598 2340 1932 2408 diremptus;
1964 2338 2110 2407 quod

519 2445 685 2508 caput
736 2453 843 2491 non
894 2444 1202 2505 amputare,
1248 2435 1343 2489 sed
1376 2435 1445 2488 ab
1472 2434 1594 2503 ejus
1637 2432 1889 2487 humeris
1920 2446 2114 2501 ampu-

522 2530 924 2603 tatum_palam
979 2538 1292 2583 monstrare
1336 2526 1514 2581 nostri
1565 2525 1812 2580 muneris
1862 2534 1965 2579 est.

592 2620 782 2690 Neque
828 2635 958 2675 vero
1000 2622 1128 2689 quis
1165 2633 1251 2674 me
1282 2618 1560 2673 existimet
1609 2615 1908 2670 ambitione
1931 2614 2113 2684 aliqua

519 2723 576 2767 et
631 2714 885 2767 humanm
932 2713 1123 2783 gloria:
1159 2711 1480 2781 cupiditate,
1531 2710 1599 2764 ad
1652 2709 1757 2778 hoc
1787 2714 2111 2778 perpetuum

520 2815 575 2858 ct
610 2805 959 2874 implacabile
1003 2803 1203 2857 bellum
1238 2802 1663 2857 descendentem
1698 2814 1821 2854 cmn
1858 2797 2115 2852 adversa-

521 2895 625 2948 riis
659 2908 974 2947 conserere.
1013 2891 1070 2945 Si
1100 2891 1245 2945 enim
1288 2891 1482 2960 procul
1516 2905 1545 2943 a
1586 2888 1824 2959 negotiis
1852 2888 2114 2957 curisque

522 2989 690 3042 vitam
744 2989 982 3056 quietam
1046 2996 1099 3039 et
1160 2986 1443 3055 paeilicam
1506 2999 1667 3053 agere
1720 2984 1904 3045 liceat,
1958 2982 2118 3052 longe

524 3078 773 3146 profecto
813 3094 843 3131 a
886 3079 1169 3147 proposito
1195 3077 1414 3131 abesset
1479 3076 1626 3129 ultro
1662 3075 2115 3145 tranquillitatem

2213 1969 2348 2032 θεὶς,
2379 1968 2651 2037 ἀκέφαλος
2679 1970 2745 2022 ἂν
2778 1969 2861 2041 εἴη
2895 1969 3037 2022 κατὰ
3064 1971 3157 2023 τὸν
3190 1969 3399 2024 Γωλιάθ
3422 1971 3509 2023 διά
3540 1971 3639 2037 τῆς
3666 1968 3813 2031 ἰδίας

2216 2064 2494 2135 μαχαίρας
2524 2064 2591 2133 ἣν
2634 2064 2775 2117 κατά
2816 2064 2916 2133 τῆς
2951 2063 3209 2134 ἀληθείας
3257 2062 3510 2135 ἐθήξατο,
3542 2063 3645 2132 τῆς
3676 2062 3813 2131 ἀλη-

2214 2155 2367 2223 θινῆς
2417 2155 2661 2223 κεφαλῆς
2733 2155 3126 2224 μεριζόμενος,
3170 2155 3237 2226 ἣν
3293 2154 3414 2224 οὐχὶ
3478 2156 3663 2224 τεμεῖν
3711 2154 3813 2209 ἀπ’

2212 2246 2378 2301 αὐτοῦ
2408 2286 2423 2310 ,
2469 2247 2585 2301 ἀλλ’
2633 2245 2912 2310 ἀποδεῖξαι
2976 2246 3325 2316 τετμημένην
3382 2243 3545 2314 ἔργον
3608 2244 3813 2315 ἡμέτε-

2216 2355 2327 2411 ρον.

2287 2618 2399 2672 Καί
2420 2636 2487 2688 με
2532 2618 2723 2689 μηδεὶς
2756 2617 2952 2671 οἰέσθω
2978 2616 3262 2689 φιλοτιμία
3284 2618 3391 2670 τινὶ
3418 2616 3514 2671 καὶ
3536 2614 3691 2687 δόξης
3712 2616 3812 2669 ἀν-

2219 2709 2499 2781 θρωπίνης
2550 2709 2819 2782 ἐπιθυμία
2862 2709 2998 2780 πρὸς
3034 2710 3127 2762 τὸν
3170 2708 3433 2762 ἄσπονδον
3481 2708 3670 2762 τοῦτον
3714 2708 3815 2761 καὶ

2217 2801 2530 2871 ἀκήρυκτον
2569 2799 2806 2869 πόλεμον
2835 2800 3068 2871 ἑτοίμως
3101 2800 3378 2863 κατιόντα,
3411 2800 3523 2861 τοῖς
3548 2797 3813 2860 ἐναντίοις

2223 2890 2650 2962 συμπλέκεσθαι.
2703 2892 2766 2944 Εἰ
2813 2891 2914 2962 μὲν
2965 2892 3076 2962 γὰρ
3114 2890 3239 2960 ἐξῆν
3287 2890 3660 2962 ἀπραγμόνως
3688 2889 3813 2943 καθ’

2216 2984 2448 3056 ἡσυχίαν
2479 2984 2686 3052 διάγειν
2716 2985 2775 3037 ἐν
2819 2983 3152 3056 εἰρηνεύοντι
3181 2984 3300 3054 βίῳ,
3342 2984 3531 3055 πόρρω
3561 2983 3656 3036 τοῦ
3685 2982 3815 3036 καθα

2218 3078 2456 3141 εστῶτος
2506 3076 2572 3131 ἂν
2615 3072 2685 3148 ἦν
2728 3075 2992 3140 ἑκουσίως
3027 3076 3414 3148 ἐπιταράσσειν
3436 3076 3534 3146 τὴν
3581 3074 3817 3146 ἡσυχίαν

526 3172 870 3240 perturbare,
916 3186 981 3226 ac
1006 3172 1207 3225 bellum
1241 3176 1438 3239 sponte
1469 3175 1787 3238 susceptum
1823 3167 2115 3223 adversum

2224 3171 2545 3242 αὐθαίρετον
2589 3172 2654 3223 ἐκ
2695 3170 3055 3241 προκλήσεως
3100 3171 3335 3241 πόλεμον
3373 3168 3495 3223 καθ’
3525 3168 3681 3239 ἡμῶν
3724 3168 3818 3221 αύ-

526 3279 629 3318 nos
670 3280 737 3318 ex
788 3263 1176 3335 provocatione
1221 3262 1513 3316 suscitare.
1560 3259 1667 3315 Sed
1718 3260 1979 3331 quoniam
2017 3258 2113 3314 Dei

527 3356 748 3427 quidem
777 3356 995 3420 civitas,
1035 3355 1090 3409 id
1117 3362 1222 3419 est,
1254 3353 1502 3408 Ecclesia
1538 3353 1848 3417 obsidetur,
1880 3367 2114 3422 magnus

528 3458 711 3505 autem
766 3462 961 3502 murus
1013 3446 1287 3500 machinis
1341 3446 1614 3500 haereseos
1662 3446 1932 3515 quatitur,
1984 3443 2115 3496 dum

530 3541 586 3594 in
637 3539 873 3594 circuitu
925 3541 1220 3607 agitatur:
1272 3554 1337 3592 ac
1380 3537 1687 3605 periculum
1738 3552 1847 3590 non
1888 3550 2115 3606 parvum

529 3633 799 3697 imminet,
834 3648 901 3689 ne
934 3647 963 3686 a
1006 3631 1315 3685 daemonum
1339 3630 1585 3685 exercitu
1611 3628 1705 3683 Dei
1737 3643 1922 3683 sermo
1960 3628 2118 3681 abre-

529 3733 678 3796 ptus,
711 3724 963 3795 captivus
1001 3724 1160 3778 abeat
1199 3722 1309 3778 :ob
1348 3737 1469 3778 eam
1498 3736 1724 3777 causam
1777 3718 2121 3774 formidabile

529 3833 654 3874 esse
692 3816 971 3886 judicans,
1014 3816 1307 3870 anxietatis
1348 3815 1795 3871 Christianorum
1840 3828 1951 3868 non
1996 3827 2122 3868 esse

529 3910 852 3980 participem
918 3917 973 3962 et
1012 3908 1221 3962 laboris
1273 3907 1509 3970 socium,
1572 3921 1682 3961 non
1729 3906 1796 3959 ad
1842 3905 2013 3959 otium
2067 3912 2123 3960 et

531 4000 770 4070 quietem
802 4000 1098 4061 declinavi.
1126 3994 1229 4053 sed,
1248 3997 1435 4069 potius
1470 4012 1537 4051 ex
1573 3996 1859 4052 laboribus
1887 3995 2121 4051 sudores

530 4099 821 4147 manantes
867 4090 1241 4161 praeferendos
1293 4106 1417 4146 eSse
1461 4089 1792 4152 existimavi,
1843 4103 2008 4158 quam
2054 4103 2124 4143 ex

530 4184 646 4237 otio
691 4191 747 4237 et
801 4170 987 4253 quieta
1033 4184 1147 4237 vita
1199 4182 1609 4248 remissionem,
1648 4180 1893 4252 perfecte
1939 4180 2121 4235 sciens

529 4274 679 4344 quod
721 4274 1183 4345 quemadmodum
1229 4274 1598 4345 Unusquisque
1636 4290 1731 4343 pro
1780 4289 1876 4327 suo
1922 4272 2121 4337 labore,

531 4373 593 4421 ut
630 4366 707 4420 ait
745 4366 1045 4437 Apostolus
1090 4365 1134 4430 ⁸,
1209 4367 1502 4421 mercedem
1544 4365 1788 4432 accipiet,
1834 4364 1917 4417 sic
1960 4364 2123 4418 etiam

529 4475 729 4515 omnes
756 4459 827 4514 oh
868 4459 1108 4525 labores,
1144 4475 1285 4531 quos
1328 4475 1430 4530 pro
1462 4458 1677 4513 viribus
1711 4458 1986 4513 sustinere
2020 4472 2124 4527 po-

2225 3265 2336 3319 τῶν
2389 3264 2759 3333 ἐπεγείραντι.
2821 3263 2961 3317 Ἀλλ’
3007 3262 3195 3333 ἐπειδὴ
3248 3261 3614 3334 πολιορκεῖται
3648 3260 3747 3331 μὲν
3779 3264 3817 3331 ἡ

2225 3358 2381 3421 πόλις
2406 3357 2501 3410 τοῦ
2529 3355 2663 3409 Θεοῦ
2696 3358 2728 3427 ἡ
2761 3355 3084 3427 Ἐκκλησία·
3112 3355 3460 3408 κατασείεται
3490 3353 3545 3405 δὲ
3572 3353 3635 3406 τὸ
3676 3353 3820 3423 μέγα

2223 3453 2399 3521 τεῖχος
2424 3451 2536 3513 τοῖς
2569 3449 2926 3521 μηχανήμασι
2958 3448 3058 3519 τῆς
3082 3448 3346 3519 αἱρέσεως
3376 3449 3433 3500 ἐν
3459 3445 3644 3514 κύκλῳ
3662 3463 3819 3517 περιρ

2224 3540 2536 3611 δινούμενον
2563 3558 2576 3573 ο
2610 3539 2855 3602 κίνδυνος
2892 3538 2947 3591 δὲ
2980 3540 3039 3591 οὐ
3074 3538 3267 3609 μικρὸς
3297 3536 3637 3607 αἰχμάλωτον
3671 3536 3815 3605 οἴχε-

2229 3633 2353 3687 σθαι
2384 3631 2537 3703 παρά
2566 3632 2664 3702 τῆς
2708 3630 2816 3683 τῶν
2846 3630 3118 3699 δαιμόνων
3158 3629 3542 3701 ἐπιστρατείας
3571 3628 3818 3698 ἀνάρπα-

2230 3743 2351 3780 στον
2381 3726 2472 3779 τὸν
2497 3725 2654 3795 λόγον
2680 3726 2774 3777 τοῦ
2812 3725 3016 3796 Κυρίου
3062 3723 3353 3792 γενόμενον
3374 3738 3386 3751 '
3419 3722 3507 3776 διὰ
3536 3720 3694 3775 τοῦτο
3722 3738 3819 3788 φο-

2229 3818 2392 3889 659?»
2417 3815 2555 3871 εἶναι
2596 3817 2796 3889 κρίνων
2816 3858 2831 3883 ,
2866 3816 2939 3887 μὴ
2977 3818 3381 3887 συμμετασχεῖν
3414 3816 3513 3887 τῆς
3550 3814 3658 3867 τῶν
3684 3815 3819 3884 Χρι-

2230 3910 2463 3965 στιανῶν
2506 3910 2745 3979 ἀγωνίας
2770 3950 2784 3973 ,
2814 3910 2915 3962 οὐκ
2958 3908 3051 3961 ἐπὶ
3095 3910 3195 3977 τὴν
3229 3906 3457 3977 ἡσυχίαν
3512 3904 3815 3958 ἀπέκλινα’

2229 4001 2657 4073 προτιμοτέρους
2707 4000 2765 4053 δὲ
2819 3998 3019 4070 μᾶλλον
3058 3998 3403 4070 ἐποιησάμην
3447 3998 3573 4061 τοὺς
3610 3998 3675 4049 ἐκ
3708 3995 3820 4048 τῶν

2230 4095 2411 4148 πόνων
2456 4093 2684 4164 ἱδρῶτας
2714 4094 2814 4163 τῆς
2840 4094 2902 4146 ἐκ
2922 4091 3017 4145 τοῦ
3046 4089 3349 4163 ἡσυχάζειν
3379 4091 3633 4154 ἀνέσεως,
3663 4088 3820 4153 εἰδὼς

2230 4186 2472 4257 ἀκριϐῶς
2509 4188 2594 4239 ὅτι
2647 4184 2835 4257 ῶσπερ
2891 4184 3006 4238 Τὸν
3045 4183 3270 4253 μισθὸν
3302 4182 3557 4252 λήψεται
3585 4222 3600 4246 ,
3636 4180 3820 4244 καθώς

2232 4296 2397 4351 φησιν
2419 4281 2446 4332 ὁ
2477 4277 2816 4341 Ἀπὸστολος,
2839 4277 2991 4332 κατὰ
3010 4276 3117 4330 τὸν
3141 4276 3296 4329 ἴδιον
3324 4277 3517 4329 κόπον
3538 4274 3815 4340 ἕκαστος,

2232 4370 2376 4425 οὕτω
2394 4370 2601 4433 πάντας
2622 4369 2716 4422 καὶ
2736 4370 2836 4439 τὴν
2868 4368 3137 4440 τιμωρίαν
3159 4368 3250 4420 ἐπὶ
3273 4370 3339 4438 τῇ
3367 4367 3475 4420 τῶν
3496 4368 3636 4420 κατὰ
3663 4365 3818 4419 δύνα-

2238 4479 2330 4533 μιν
2359 4461 2536 4514 πόνων
2565 4460 2844 4531 ὀλιγωρίᾳ.
2873 4461 2971 4514 Διά
3008 4459 3165 4513 τοῦτο
3202 4460 3296 4513 καὶ
3330 4458 3427 4530 τὴν
3459 4458 3681 4530 πρώτην
3719 4456 3818 4511 τοῦ

532 4560 780 4619 luerunt,
823 4561 1169 4621 contemptos
1206 4561 1259 4605 et
1296 4550 1566 4614 desertos,
1604 4552 1876 4622 supplicia
1924 4552 2115 4606 ferent.

2231 4557 2390 4624 λόγου
2444 4555 2621 4626 μάχην
2668 4554 2948 4625 εὐθαρσῶς
2977 4554 3216 4626 ὑπέστην
3256 4556 3320 4606 ἐκ
3362 4552 3455 4605 τοῦ
3499 4551 3819 4622 ποιμενικοῦ

533 4645 899 4712 Quamobrem
935 4642 1164 4714 primam
1190 4644 1463 4699 sermonis
1503 4658 1743 4714 pugnam
1772 4641 2037 4697 audenter
2059 4657 2127 4696 ex

534 4738 804 4810 pastorali
835 4736 997 4799 cado,
1030 4734 1083 4788 id
1107 4746 1211 4800 est,
1243 4735 1635 4791 ecclesiasticis
1664 4734 1921 4797 decretis,
1955 4733 2127 4788 susti-

532 4832 650 4895 nui,
701 4831 801 4885 hos
856 4830 1026 4885 rudes
1058 4836 1113 4885 et
1144 4828 1423 4899 impolitos
1482 4836 1537 4884 et
1584 4836 1782 4898 sponte
1824 4826 1978 4883 fusos
2009 4842 2129 4883 ser-

535 4918 726 4981 munes
779 4924 847 4979 ad
894 4924 1236 4979 eversionem
1299 4930 1355 4977 et
1404 4921 1619 4976 ruinam
1658 4920 2010 4992 blasphemiae
2043 4920 2128 4974 di-

534 5017 780 5079 mittens,
829 5016 981 5070 nulla
1031 5031 1099 5070 ex
1146 5013 1392 5085 profanis
1442 5014 1800 5083 externisque
1832 5013 2029 5068 litteris
2059 5010 2127 5066 ad

536 5107 852 5161 institutum
903 5115 1183 5161 certamen
1231 5105 1484 5175 indigens
1526 5114 1839 5169 armatura;
1878 5118 2025 5158 nunc
2061 5103 2129 5158 ad

535 5197 781 5253 secunda
818 5198 1122 5252 certamina
1170 5196 1359 5249 venire
1410 5210 1515 5248 non
1567 5210 1788 5257 recuso.
1841 5211 1993 5265 spem
2033 5211 2131 5266 po-

535 5306 695 5352 nens,
724 5289 883 5358 juxta
920 5304 1175 5359 magnum
1203 5286 1392 5349 David,
1434 5289 1488 5341 in
1523 5304 1588 5341 eo
1619 5288 1724 5354 Qui
1761 5287 1909 5342 docet
1942 5305 2130 5343 manus

536 5398 681 5435 meas
738 5380 807 5435 ad
862 5381 1130 5449 praelium,
1183 5389 1232 5433 et
1281 5380 1478 5449 digitos
1528 5396 1667 5433 meos
1720 5380 1790 5433 ad
1839 5380 2033 5435 bellum
2085 5382 2127 5447 ⁸,

537 5470 811 5539 siquidem
860 5468 1020 5524 nobis
1082 5469 1246 5523 etiam
1293 5469 1575 5538 contingat
1605 5483 1671 5521 ex
1713 5466 1900 5521 divina
1930 5468 2133 5523 virtute

538 5576 765 5615 manum
822 5576 1002 5615 meam
1035 5561 1371 5616 scribentem
1421 5560 1582 5630 dirigi
1631 5560 1698 5613 ad
1748 5560 2129 5617 haereticorum

539 5652 856 5722 dogmatum
882 5652 1332 5716 destructionem,
1366 5651 1675 5722 digitosque
1710 5667 1861 5708 meos
1893 5653 2117 5709 subser-

613 5828 682 5885 ⁸1
713 5831 841 5887 Cor.
881 5847 960 5900 ιι,
995 5832 1049 5887 '5.
1124 5827 1195 5885 ³1
1235 5831 1365 5889 Cor.
1398 5848 1486 5907 in,
1516 5830 1571 5885 8.
1650 5830 1671 5862 ⁸
1704 5832 1851 5893 Psal.
1887 5847 2079 5902 cum,
2112 5835 2165 5891 1.

2234 4647 2423 4707 καδοῦ,
2460 4646 2759 4713 τουτέστιν,
2778 4648 2842 4700 ἐκ
2868 4646 2977 4700 τῶν
3009 4645 3479 4717 ἐκκλησιαστικῶν
3508 4646 3817 4715 δογμάτων,

2232 4741 2360 4803 τοὺς
2386 4738 2800 4804 ἀκατασκεύους
2820 4739 3044 4802 τούτους
3078 4740 3173 4792 καὶ⁸
3202 4739 3491 4807 αὐτοφυεῖς
3522 4737 3712 4805 λόγους
3739 4738 3821 4798 είς

2232 4832 2547 4901 ἀνατροπὴν
2592 4830 2692 4901 τῆς
2726 4829 3074 4901 βλασφημίας
3095 4829 3256 4899 ἀφεὶς
3278 4870 3294 4896 ,
3318 4829 3413 4881 καὶ
3439 4828 3693 4899 οὐδεμιᾶς
3723 4827 3822 4897 τῆς

2232 4923 2299 4975 ὲκ
2327 4922 2437 4975 τῶν
2465 4921 2664 4987 ἔξωθεν
2686 4923 2861 4991 λόγων
2888 4922 3152 4984 ὁπλίσεως
3187 4922 3281 4974 ἐπὶ
3313 4921 3404 4974 τὸν
3426 4919 3614 4989 ἀγῶνα
3644 4935 3821 4989 προσ-

2231 5012 2479 5085 δεηθείςο
2511 5014 2608 5068 καὶ
2646 5013 2741 5068 νῦν
2789 5014 2929 5085 πρὸς
2968 5015 3093 5078 τοὺς
3142 5013 3428 5085 δευτέρους
3464 5013 3577 5065 τῶν
3597 5011 3825 5079 ἀγώνων

2231 5108 2334 5160 οὐκ
2365 5106 2686 5178 ἀναδύομαι,
2715 5107 2812 5179 τὴν
2846 5107 3038 5160 ἐλπίδα
3083 5105 3334 5177 θέμενος,
3356 5103 3503 5158 κατὰ
3524 5104 3616 5158 τὸν
3648 5104 3822 5174 μέγαν

2234 5198 2420 5267 Δαϐὶδ,
2446 5199 2541 5253 ἐπὶ
2571 5199 2681 5253 Τὸν
2714 5198 3079 5253 διδάσκοντα
3113 5198 3317 5269 χεῖρας
3342 5199 3430 5263 είς
3465 5194 3821 5265 παράταξιν,

2234 5292 2688 5358 καὶδακτύλους
2704 5294 2791 5357 εἷς
2808 5292 3095 5362 πόλεμον.
3108 5293 3178 5346 EE
3197 5310 3317 5355 πως
3338 5290 3550 5360 γένοιτο
3571 5288 3663 5343 καὶ
3689 5287 3825 5359 ἡμῖν

2237 5384 2303 5436 ἐκ
2344 5382 2495 5446 θείας
2536 5379 2815 5452 δυνάμεως
2862 5382 3190 5452 εὐθυνθῆναι
3238 5382 3337 5453 μὲν
3366 5381 3468 5453 τὴν
3505 5380 3825 5450 γράφουσαν

2239 5478 2396 5546 χεῖρα
2430 5473 2569 5545 πρὸς
2592 5473 2692 5545 τὴν
2713 5472 2822 5527 τῶν
2868 5474 3159 5543 αἰρετικῶν
3196 5474 3483 5544 δογμάτων
3507 5473 3788 5544 ἀναίρεσιν
3805 5489 3823 5506 ο

2240 5568 2630 5639 ὑπηρετεῖσθαι
2677 5566 2735 5619 δὲ
2773 5567 2901 5631 τοὺς
2931 5567 3225 5632 δακτύλους
3277 5571 3345 5640 τῇ
3396 5570 3673 5640 ἀνατροπῇ
3721 5566 3825 5636 τῆς

2223 5660 2465 5729 πονηρᾶς
2495 5656 2875 5727 παρατάξεως,
2898 5659 3176 5731 ἐμπείρως
3196 5658 3290 5712 καὶ
3313 5657 3685 5730 ἀγωνιστικῶς
3708 5655 3827 5710 δια-
