4142 6374
353 483 461 541 915

1484 473 1766 531 CONTRA
1804 471 2196 539 EUNOMIUM,
2241 473 2370 528 LIB.
2402 474 2491 529 .\'ll

3517 474 3625 531 9H

351 589 601 654 τιθέντας
651 586 794 642 κατά
834 585 943 641 τῶν
987 586 1262 656 πολεμίων
1307 585 1399 637 τὸν
1431 584 1607 654 λόγον.
1646 586 1856 655 Ὠσπερ
1877 582 1936 637 δὲ

2059 584 2155 637 rire
2207 585 2276 638 ad
2328 586 2590 654 improbae
2643 586 2783 642 aciei
2836 586 3286 650 subversionem,
3346 586 3518 655 perite
3569 596 3625 643 et

354 681 449 735 ἐπὶ
473 680 581 732 τῶν
613 676 968 748 ἀνθρωπίνων
995 675 1246 745 πολέμων
1275 675 1322 727 oi
1355 674 1455 745 μὲν
1486 675 1704 745 ἀνδρεία
1731 692 1789 728 τε
1839 676 1934 728 καὶ

352 768 578 840 δυνάμει
606 767 717 820 τῶν
736 766 936 820 λοιπῶν
973 765 1336 837 διαφέροντες,
1366 764 1461 817 καὶ
1489 765 1937 835 κατησφαλισμέ·

353 880 437 917 νοι
467 863 577 924 τοῖς
599 860 783 924 ὅπλοις
803 900 817 923 ,
843 859 937 913 καὶ¹
968 861 1088 922 ταῖς
1128 858 1264 929 πρὸς
1290 859 1417 920 τοὺς
1460 858 1735 921 κινδύνους
1775 857 1934 929 μελέ-

354 970 496 1016 ταις,
524 952 622 1023 τήν
651 950 743 1004 τοῦ
777 953 1031 1022 πολεμεῖν
1070 950 1362 1021 ἐμπειρίαν
1407 948 1815 1019 προειληφότες,
1846 948 1938 1001 ἐπὶ

356 1042 449 1095 τοῦ
488 1041 738 1112 μετώπου
771 1044 870 1113 τῆς
916 1040 1194 1111 φάλαγγος
1241 1040 1517 1103 ἵστανται,
1552 1039 1660 1093 τῶν
1694 1039 1833 1093 κατά
1878 1038 1940 1091 τὸ

360 1134 522 1204 βάθος
567 1132 1005 1204 ἐπιτεταγμένων
1042 1132 1573 1204 προκινδυνεύοντες·
1617 1133 1645 1185 ὁ
1669 1131 1723 1184 δὲ
1756 1131 1939 1194 λοιπὸς

358 1227 545 1293 ὅμιλος
589 1228 668 1290 εἰς
722 1227 892 1298 μόνην
944 1225 1245 1295 φαντασίαν
1292 1225 1531 1295 πλήθους
1580 1224 1942 1286 συντείνοντες

356 1318 510 1390 αὐτῷ
558 1318 637 1388 τῷ
674 1317 1027 1389 συνασπισμῷ
1062 1316 1275 1370 δοκοῦσί
1325 1335 1377 1370 τι
1412 1318 1601 1389 κέρδος
1650 1318 1727 1388 τῷ
1778 1315 1943 1387 κοινῷ

363 1412 732 1481 συνεισφέρειν
755 1426 770 1443 ο
806 1408 979 1472 οὕτως
1010 1410 1100 1461 καὶ
1130 1408 1349 1462 ἐπὶτῶν
1378 1409 1661 1481 ἡμετέρων
1693 1408 1941 1477 ἀγώνιον,

356 1505 390 1557 ὁ
421 1505 520 1575 μὲν
556 1506 801 1571 γενναῖος
830 1502 922 1555 τοῦ
952 1502 1187 1574 Χριστοῦ
1207 1501 1562 1573 στρατιώτης,
1591 1504 1683 1567 καὶ
1719 1501 1945 1572 σφοδρὸς

363 1596 504 1649 κατά
530 1595 640 1648 τῶν
671 1594 979 1662 ἀλλοφύλων
1026 1594 1353 1664 ἀγωνιστὴς,
1386 1595 1415 1646 ό
1446 1593 1618 1663 μέγας
1646 1592 1739 1646 τοῦ
1771 1591 1945 1646 Πνεύ-

367 1706 534 1760 ματος
571 1687 795 1757 ὁπλίτης
849 1686 1154 1752 Βασίλειος,
1178 1688 1207 1739 ὁ
1246 1686 1346 1757 τὴν
1392 1684 1760 1756 ἀποστολικὴν
1813 1701 1949 1737 παν-

360 1779 553 1833 οπλίαν
583 1778 893 1844 ἐνδεδυκὼς,
912 1778 1097 1848 καὶτῷ
1121 1777 1298 1851 θυρεῷ
1321 1777 1827 1848 κατησφαλισμένος
1848 1775 1949 1844 τῆς

366 1873 620 1937 πίστεως,
649 1870 710 1924 τό
727 1888 785 1924 τε
811 1870 1141 1941 ἀμυντήριον
1170 1869 1361 1935 ὅπλον,
1394 1869 1493 1938 τὴν
1508 1868 1599 1921 τοῦ
1632 1868 1773 1922 Πνεύ
1782 1883 1949 1939 ματος

2038 675 2255 731 fortiter
2290 685 2483 731 contra
2514 678 2703 733 hostes
2741 678 3201 749 disceptationem
3238 678 3617 749 disponentes.

2037 766 2506 833 Quemadmodum
2540 779 2720 825 autem
2752 771 2805 824 in
2838 771 2996 825 bellis
3031 771 3308 833 humanis,
3345 773 3436 842 qui
3473 773 3629 827 furti-

2039 859 2269 915 titudine
2302 868 2357 915 et
2389 861 2587 916 robore
2616 862 2844 933 reliquis
2874 871 3158 933 praestant,
3193 864 3471 933 armisque
3492 880 3629 934 pra:-

2040 951 2237 1006 muniti
2285 963 2337 1007 et
2382 952 2449 1006 ad
2522 955 2810 1010 subeunda
2867 956 3108 1025 pericula
3174 956 3630 1012 meditationibus

2039 1044 2278 1098 bellandi
2319 1045 2571 1112 peritiam
2625 1047 2780 1117 prius
2802 1047 3010 1116 adepti,
3045 1047 3098 1100 in
3130 1047 3309 1102 fronte
3343 1048 3632 1119 phalangis

2040 1143 2317 1205 prostant,
2354 1152 2451 1205 pro
2495 1138 2604 1192 illis
2634 1139 2727 1208 qui
2760 1140 2814 1192 in
2858 1138 3132 1209 profundo
3162 1140 3446 1194 constituti
3480 1150 3631 1204 sunt,

2042 1226 2285 1296 pericula
2331 1229 2666 1293 subeuntes;
2710 1231 2923 1299 reliqua
2958 1246 3089 1285 vero
3139 1232 3299 1285 turba
3349 1233 3416 1285 ad
3458 1234 3634 1287 solam

2038 1323 2361 1391 opinionem
2396 1323 2771 1378 multitudinis
2802 1324 3048 1385 intuens,
3084 1331 3273 1378 mutua
3309 1323 3636 1379 defensione

2044 1419 2099 1465 et
2140 1413 2454 1483 clypeorum
2488 1414 2806 1469 obtentione
2840 1414 3123 1469 communi
3168 1415 3394 1468 utilitati
3429 1415 3638 1470 servire

2046 1513 2100 1561 et
2151 1507 2501 1560 commodmn
2534 1506 2731 1561 aﬂ'erre
2756 1507 2974 1561 videtur
3001 1524 3015 1561 :
3044 1508 3124 1561 sic
3146 1507 3310 1561 etiam
3345 1507 3398 1561 in
3426 1509 3637 1561 nostris

2046 1599 2446 1653 certaminibus
2473 1615 2775 1670 generosus
2815 1599 3036 1669 quidem
3067 1608 3122 1653 et
3148 1608 3408 1654 strenuus
3432 1600 3639 1654 Christi

2049 1692 2229 1754 miles,
2256 1699 2314 1745 ut
2338 1706 2467 1745 acer
2488 1698 2683 1745 contra
2708 1690 3050 1760 alienigenas
3073 1699 3336 1751 ccrtator,
3371 1706 3435 1745 ac
3459 1690 3639 1745 sancti

2052 1781 2292 1853 Spiritus
2336 1785 2484 1840 velut
2517 1784 2789 1855 gravioris
2843 1792 3138 1839 armaturae
3184 1784 3343 1839 miles
3376 1783 3638 1845 Basilius.

2053 1876 2413 1945 apostolicam
2467 1890 2686 1928 omnem
2730 1883 3070 1929 armaturam
3134 1875 3360 1930 indutus
3416 1883 3468 1929 et
3515 1874 3642 1928 ﬁdei

362 1962 510 2031 λέγω
535 1964 826 2035 μάχαιραν,
860 1962 947 2016 ἀεὶ
986 1961 1423 2033 προϐαλλόμενος
1444 1977 1459 1991 ·
1480 1953 1636 2024 οὗτος
1670 1962 1767 2031 μὲν
1808 1976 1942 2031 προ-

2059 1966 2240 2037 clypeo
2289 1966 2672 2036 praemonitus,
2737 1966 2904 2021 telum
2968 1966 3461 2036 propulsatorium,
3517 1966 3643 2020 dico

364 2056 595 2126 πολεμεῖ
616 2055 717 2126 τῆς
754 2054 850 2108 τοῦ
902 2053 1105 2124 Κυρίου
1150 2054 1405 2124 στρατιᾶς
1438 2054 1494 2106 ὲν
1530 2052 1608 2124 τῷ
1656 2051 1946 2121 πονηθέντι

369 2148 510 2200 κατὰ
537 2147 634 2216 τῆς
658 2145 919 2217 αἱρέσεως
950 2145 1114 2216 λόγῳ,
1140 2145 1248 2210 ζῶν
1278 2163 1336 2198 τε
1362 2146 1456 2199 καὶ
1477 2146 1834 2217 ἀμυνόμενος,
1856 2146 1949 2198 καὶ

368 2240 509 2292 κατά
562 2240 669 2291 τῶν
723 2238 931 2309 ἐχθρῶν
964 2236 1286 2308 ἀριστεύων.
1328 2239 1518 2308 Ἡμεῖς
1545 2238 1600 2290 δὲ
1641 2237 1701 2290 τὸ
1746 2237 1950 2306 πλῆθος

368 2330 448 2401 τῷ
493 2328 671 2401 θυρεῷ
715 2328 807 2381 τοῦ
842 2328 1126 2399 προμάχου
1152 2330 1251 2399 τῆς
1290 2327 1523 2391 πίστεως
1553 2329 1779 2391 ἑαυτοὺς
1814 2328 1947 2380 ὑπο-

371 2422 709 2492 κρύψαντες,
744 2419 995 2492 καθάπερ
1023 2419 1089 2474 ἂν
1129 2420 1437 2490 προηγήται
1472 2419 1608 2491 πρὸς
1634 2419 1758 2472 τοὺς
1794 2419 1952 2473 ἐναν-

370 2515 518 2578 τίους
555 2516 583 2567 ὁ
615 2513 916 2584 στρατηγὸς
941 2553 956 2577 ,
985 2512 1093 2566 τῶν
1140 2512 1283 2565 κατά
1320 2512 1545 2582 δύναμιν
1580 2510 1806 2579 ἀγώνων
1854 2511 1954 2563 οὐκ

371 2605 702 2677 ἀφεξόμεθα.
749 2606 899 2658 Ἐπεὶ
924 2604 1103 2659 τοίνυν
1124 2604 1414 2674 διελέγχων
1447 2605 1651 2665 ἐκεῖνος
1680 2602 1777 2672 τὴν
1815 2602 1955 2670 ἡπα-

372 2697 613 2767 τημένην
646 2698 744 2765 τῆς
791 2696 1055 2767 αἱρέσεως
1087 2697 1180 2749 καὶ
1218 2696 1585 2749 ἀνυπόστατον
1629 2693 1951 2763 φαντασίαν,

371 2788 624 2858 οὐδαμῶς
660 2788 830 2851 ἄλλως
875 2788 974 2858 τὴν
1016 2788 1386 2857 προσηγορίαν
1427 2787 1524 2854 τῆς
1554 2786 1898 2854 ἀγεννησίας,
1921 2783 1955 2852 ἢ

374 2879 496 2935 κατ’
526 2880 799 2943 ἐπίνοιαν,
830 2881 990 2950 φησιν
1038 2878 1383 2947 ἐπιλέγεσθαι
1435 2877 1513 2947 τῷ
1563 2876 1702 2947 Θεῷ,
1735 2876 1956 2940 καὶτὰς

375 2972 673 3036 ἀποδείξεις
700 2972 967 3042 ἐπήγαγε,
1001 2973 1117 3034 ταῖς
1143 2988 1201 3023 τε
1242 2973 1445 3033 κοιναῖς
1491 2970 1584 3023 καὶ
1609 2972 1727 3031 ταῖς
1754 2968 1960 3038 Γραφι-

375 3066 502 3127 καῖς
548 3064 871 3136 μαρτυρίαις
918 3062 1346 3134 ἠσφαλισμένας.
1392 3063 1449 3113 '0
1497 3061 1553 3114 δὲ
1598 3061 1696 3129 τῆς
1745 3061 1960 3129 ἀπάτης

374 3156 605 3229 εὑρετὴς
639 3155 920 3226 Εὑνόμιος,
962 3154 1085 3208 οὒτε
1118 3153 1419 3207 συντίθεται
1472 3155 1586 3216 τοῖς
1622 3152 1957 3222 εἰρημένοις,

374 3246 502 3300 οὔτε
540 3246 862 3317 ἀνατρέπειν
891 3245 1128 3308 δυνατῶς
1161 3245 1273 3315 ἔχει
1293 3285 1307 3306 ,
1340 3243 1694 3313 συνεχόμενος
1724 3242 1780 3295 δὲ
1824 3242 1960 3313 πρὸς

377 3339 477 3407 τὴν
505 3310 759 3409 ἀλήθείαν
780 3378 793 3401 ,
823 3340 935 3407 ὅσῳ
961 3310 1386 3407 τηλαυγέστερον
1417 3310 1711 3403 διαλάμπει
1734 3332 1836 3402 τῆς
1869 3310 1957 3385 εὖ·
1986 3310 2029 3368 C

351 3457 355 3460 ν
381 3428 595 3491 σεὸείας
620 3428 691 3481 τά
716 3427 982 3499 δόγματα,
1012 3425 1265 3479 τοσοῦτον
1297 3423 1496 3494 μᾶλλον
1517 3422 1656 3477 κατὰ
1677 3423 1745 3475 τά
1775 3430 1969 3481 νυκτί-

376 3536 520 3590 νομα
548 3519 656 3572 τῶν
684 3518 836 3583 ζώων
885 3518 1021 3589 πρὸς
1047 3518 1110 3570 τὸ
1154 3516 1269 3586 φῶς
1295 3514 1658 3586 ἀμελυώττων
1678 3552 1696 3578 ,
1721 3513 1815 3566 καὶ
1840 3512 1961 3565 οὐδὲ

380 3612 481 3673 τάς
511 3611 759 3682 συνήθεις
793 3609 900 3663 τῶν
934 3609 1282 3680 σοφισμάτων
1324 3608 1643 3670 καταδύσεις
1669 3606 1961 3677 εὑρίσκων,

386 3702 561 3772 μάτην
589 3702 972 3755 διαπλανᾶται·
1006 3702 1100 3754 καὶ
1129 3701 1263 3773 πρὸς
1297 3699 1356 3752 τὸ
1384 3699 1476 3752 τοῦ
1501 3698 1725 3768 ψεύδους
1761 3696 1963 3763 ἀδιεξό-

378 3794 568 3847 δευτον
619 3792 803 3848 είσιὼν
842 3793 970 3865 περὶ
1010 3793 1079 3846 τά
1113 3792 1252 3846 αύτά
1299 3792 1651 3845 ουνειλεῖται.
1688 3789 1798 3843 Καὶ
1856 3788 1964 3850 πᾶς

380 3886 531 3957 αὐτῷ
583 3886 765 3957 σχεδὸν
808 3888 937 3958 περὶ
988 3885 1084 3956 τὴν
1126 3885 1295 3955 αὐτὴν
1336 3883 1602 3953 φλυαρίαν
1644 3882 1672 3933 ὁ
1717 3879 1966 3949 δεύτερος

386 3980 779 4052 κατησχόληται
816 3981 994 4042 πόνος.
1026 3979 1123 4032 Διά
1163 3978 1320 4031 τοῦτο
1348 3976 1528 4039 καλῶς
1560 3975 1672 4045 ἔχει
1699 3975 1791 4027 καὶ
1832 3976 1966 4045 ἡμῖν

386 4078 444 4129 ὲν
502 4073 670 4144 τούτῳ
707 4073 954 4142 γενέσθαι
985 4073 1081 4144 τὴν
1128 4073 1261 4143 πρὸς
1312 4074 1436 4134 τοὺς
1482 4070 1967 4141 ἀντιτεταγμένους

390 4167 589 4238 μάχην,
619 4168 677 4218 ὲν
817 4165 911 4219 καὶ
946 4166 976 4218 ὁ
1013 4165 1293 4240 πρόμαχος
1344 4163 1502 4234 ἡμῶν
1549 4162 1639 4215 διὰ
1687 4162 1779 4215 τοῦ
1833 4162 1963 4215 ἰδίου

386 4259 737 4331 καθηγήσατο
769 4258 949 4328 λόγου.

2051 2058 2294 2130 gladium
2336 2057 2603 2129 Spiritus,
2642 2073 2858 2127 semper
2890 2057 3194 2112 obtendens
3234 2076 3247 2112 :
3286 2057 3377 2111 hic
3420 2058 3643 2126 quidem

2052 2153 2451 2223 antesignanus
2476 2151 2683 2204 militiae
2716 2150 2931 2205 Domini
2954 2158 3267 2221 propugnat
3288 2149 3340 2203 in
3366 2165 3642 2211 sermone,

2052 2260 2213 2314 quem
2262 2253 2456 2298 contra
2505 2242 2760 2298 haeresim
2814 2243 3141 2307 elaboravit,
3184 2242 3403 2297 fervens
3446 2249 3500 2297 et
3545 2242 3643 2295 de-

2053 2336 2308 2400 fendens,
2361 2351 2426 2390 ac
2477 2344 2672 2389 contra
2735 2335 2925 2391 hostes
2981 2334 3287 2389 fortissime
3331 2342 3385 2387 et
3440 2331 3646 2403 optime

2054 2445 2113 2485 se
2163 2444 2380 2499 gerens.
2428 2427 2538 2483 Nos
2590 2436 2771 2481 autem
2819 2444 2918 2483 ceu
2958 2427 3114 2498 plebs
3152 2428 3272 2482 sine
3318 2427 3561 2487 nomine,
3592 2431 3648 2479 et

2052 2520 2219 2574 veluti
2266 2519 2468 2572 milites
2522 2513 2783 2587 gregarii,
2838 2517 3034 2587 clypeo
3091 2515 3243 2570 illius
3299 2514 3645 2584 antesignani

2053 2619 2108 2666 el.
2159 2608 2581 2679 propugnatoris
2631 2608 2867 2662 ubvelati
2917 2615 2973 2662 et
3018 2607 3274 2677 protecti,
3308 2614 3471 2675 prout
3524 2606 3642 2675 ipse

2055 2702 2181 2756 belli
2234 2702 2343 2755 dux
2383 2700 2615 2769 praeibit
2648 2700 2914 2753 adversus
2948 2698 3156 2760 hostes,
3206 2698 3275 2752 ab
3327 2697 3415 2752 his
3462 2707 3646 2751 certa-

2057 2794 2297 2848 minibus
2331 2808 2451 2863 quze
2496 2807 2594 2859 pro
2632 2790 2838 2846 nostris
2888 2789 3102 2844 viribus
3150 2788 3375 2851 fuerint,
3409 2803 3518 2842 non
3552 2789 3649 2844 ab-

2058 2885 2408 2940 stinebimus.
2456 2882 2730 2949 Quoniam
2776 2882 2948 2953 igitur
2990 2880 3081 2936 ille
3108 2880 3443 2952 redarguens
3473 2895 3537 2935 ac
3561 2897 3650 2935 re-

2058 2976 2253 3032 fellens
2304 2975 2578 3037 fallacem,
2628 2985 2683 3029 et
2743 2988 2864 3043 quae
2930 2988 3041 3027 non
3092 2980 3274 3042 potest
3324 2971 3650 3037 subsistere,

2063 3068 2403 3138 opinionem,
2440 3082 2547 3121 non
2576 3066 2738 3120 aliter
2765 3063 2944 3135 inquit
2973 3064 3199 3134 ingeniti
3230 3062 3649 3133 appellationem

2061 3160 2130 3217 de
2181 3158 2293 3215 Deo
2336 3158 2466 3220 dici,
2529 3172 2695 3228 quam
2749 3172 2815 3210 ex
2869 3156 3154 3210 hominum
3210 3162 3557 3219 commento;
3596 3162 3653 3207 et

2064 3251 2569 3307 demonstrationes
2598 3248 2886 3316 subiunxit
2926 3248 3315 3303 communibus
3352 3246 3568 3299 notitiis
3596 3251 3652 3297 et

2065 3360 2234 3401 sacra:
2270 3342 2572 3412 Scriptura:
2597 3340 2929 3396 testimoniis
2952 3338 3327 3394 conﬁrmatas.
3351 3339 3419 3390 At
3444 3336 3653 3391 erroris

2065 3439 2317 3493 inventor
2346 3434 2655 3491 Eunomius
2701 3448 2881 3502 neque
2909 3432 3212 3487 assentitur
3244 3429 3431 3489 dictis,
3469 3440 3648 3494 neque

2066 3538 2311 3584 evertere
2381 3534 2595 3597 potest;
2658 3523 2995 3579 constrictus
3053 3529 3239 3575 autem
3296 3535 3324 3572 a
3374 3518 3646 3575 veritate.

2076 3630 2284 3693 quanto
2314 3620 2609 3692 fulgentius
2633 3618 2852 3689 pietatis
2881 3617 3133 3687 dogmata
3160 3614 3466 3685 perlucent,
3499 3620 3651 3662 tanto

2072 3715 2247 3782 magis
2295 3712 2441 3767 sicut
2477 3712 2767 3780 noctivaga
2809 3708 3066 3763 animalia
3094 3706 3161 3760 ad
3196 3706 3373 3759 lucem
3406 3703 3653 3771 caligans

2068 3814 2122 3859 et
2159 3803 2527 3867 hallucinans,
2566 3817 2744 3871 neque
2795 3807 3097 3854 consuetas
3140 3796 3512 3866 captiosarnm
3560 3808 3653 3845 ar-

2067 3897 2536 3967 gumentationum
2594 3895 2833 3947 latebras
2870 3890 3179 3951 inveniens,
3214 3887 3420 3941 frustra
3455 3884 3654 3938 dubius

2067 3997 2321 4056 vagatur,
2367 3995 2422 4041 et
2481 3986 2549 4040 ad
2597 3984 2868 4040 mendacii
2920 3980 3307 4039 diverticulum
3364 3980 3515 4034 exitu
3564 3992 3661 4031 ca-

2067 4093 2197 4133 rens
2246 4076 2563 4148 ingrediens
2613 4076 2823 4130 circum
2875 4074 3068 4129 eadem
3118 4072 3443 4147 devolvitur.
3478 4068 3657 4136 Atque

2069 4169 2251 4223 onmis
2298 4169 2419 4237 ejus
2470 4168 2626 4222 labor
2683 4165 2962 4221 secundus
3016 4166 3069 4218 in
3116 4160 3306 4218 eadem
3360 4159 3657 4229 nugationc

2072 4258 2185 4315 fere
2203 4270 2287 4314 est
2320 4266 2643 4329 occupatus.
2666 4255 2798 4310 Eam
2820 4256 2890 4310 ob
2918 4269 3142 4309 causam
3176 4253 3439 4324 praeclare
3470 4248 3654 4307 habet,

391 4354 437 4407 si
468 4353 521 4407 in
552 4366 617 4407 eo
649 4361 840 4406 contra
882 4350 1227 4407 adversarios
1255 4362 1285 4402 a
1314 4345 1472 4402 nobis
1503 4361 1682 4417 pugna
1713 4348 1950 4414 ineatur,
1991 4348 2048 4405 in
2071 4366 2182 4422 quo
2209 4358 2397 4406 noster
2425 4359 2799 4420 propugnator
2833 4362 2935 4403 suo
2980 4358 3234 4402 sermOne
3296 4345 3438 4397 viam
3466 4374 3469 4375 ν
3511 4353 3655 4410 prae-

392 4446 737 4503 monstravit.

460 4543 680 4612 Πρῶτον
708 4538 764 4593 δέ
802 4555 943 4610 φημι
990 4538 1188 4609 χρῆναι
1222 4540 1400 4592 πᾶσαν
1432 4540 1525 4592 ἐπὶ
1551 4538 1830 4608 κεφαλαίῳ
1865 4536 1957 4606 τὴν

2141 4533 2383 4587 Primum
2417 4538 2597 4585 autem
2629 4528 2753 4582 dico
2788 4534 3041 4596 oportere
3073 4540 3288 4578 onmem
3339 4524 3654 4579 smnmatim

388 4636 663 4706 ἡμετέραν
690 4633 820 4704 περὶ
845 4630 951 4683 τῶν
984 4631 1266 4701 δογμάτων
1305 4630 1569 4701 ὑπόληψιν
1612 4631 1706 4684 καὶ
1733 4631 1835 4701 τὴν
1862 4628 1969 4682 τῶν

390 4724 598 4796 ἐχθρῶν
651 4722 785 4791 πρὸς
837 4721 983 4791 ἡμᾶς
1034 4721 1329 4790 διαφωνίαν
1375 4722 1694 4793 ἐπιδραμεῖν
1725 4760 1740 4785 ,
1778 4721 1854 4783 ῶς
1903 4720 1969 4773 ἂν

390 4817 598 4884 γένοιτο
643 4812 764 4867 καθ’
789 4812 907 4865 ὁδὸν
954 4812 1147 4883 ήμῖνή
1186 4812 1296 4864 τῶν
1336 4812 1709 4883 προκειμένων
1755 4811 1965 4881 σκέψις.

395 4908 550 4962 Ἔστι
591 4906 768 4959 τοίνυν
802 4904 862 4958 τὸ
902 4904 1194 4973 κεφάλαιον
1236 4904 1333 4974 τῆς
1366 4903 1473 4956 τῶν
1508 4904 1848 4975 Χριστιανῶν
1880 4903 1971 4955 εὐ-

394 4997 634 5062 σεϐείας,
662 4994 721 5048 τὸ
773 4993 1050 5048 πιστεύειν
1090 4992 1180 5046 τὸν
1207 4994 1483 5064 Μονογενῆ
1530 4992 1681 5056 Θεὸν,
1721 4994 1779 5054 ὃς
1822 4994 1968 5045 ἔστιν

391 5087 646 5158 ἀλήθεια,
670 5086 763 5140 καὶ
801 5084 916 5155 φῶς
967 5084 1237 5156 ἀληθινὸν,
1271 5085 1364 5138 καὶ
1411 5085 1637 5154 δύναμις
1690 5084 1845 5146 Θεοῦ,
1874 5085 1967 5137 καὶ

393 5178 535 5251 ζωή·
568 5178 783 5249 ἀληθῶς
815 5178 991 5232 πάντα
1019 5174 1156 5230 εἶναι
1183 5176 1219 5231 ἃ
1246 5178 1481 5245 λέγεται,
1507 5179 1575 5232 τά
1608 5195 1663 5230 13
1696 5176 1830 5230 ἄλλα
1876 5176 1969 5229 καὶ

393 5273 502 5343 πρὸ
522 5272 627 5324 τῶν
653 5270 827 5325 ἄλλων
866 5270 1064 5335 ταῦτα,
1088 5270 1221 5323 Θεὸν
1265 5271 1356 5323 καὶ
1390 5271 1663 5342 ἀλήθειαν,
1697 5270 1966 5333 τουτέστι,

392 5365 526 5420 Θεὸν
548 5365 687 5418 κοιτά
709 5364 965 5434 ἀλήθειαν
986 5365 1073 5418 ἀεὶ
1100 5365 1247 5427 ὄντα,
1270 5365 1405 5435 ὅπερ
1426 5366 1626 5417 νοεῖται
1649 5364 1743 5416 καὶ
1768 5362 1969 5433 ὀνομά-

395 5456 547 5522 ζεται
578 5472 591 5485 ·
623 5457 716 5508 καὶ
742 5454 866 5509 οὔτε
906 5455 1035 5508 ποτὲ
1064 5454 1138 5526 μὴ
1172 5456 1317 5519 ὄντα,
1349 5454 1472 5508 οὗτε
1506 5455 1639 5508 ποτὲ
1677 5454 1753 5526 μὴ
1780 5453 1974 5524 ἐσόμε-

396 5565 506 5600 νον.
529 5539 603 5599 Οὖ
632 5548 692 5600 τὸ
722 5543 857 5600 εἶναι
886 5548 913 5600 ὃ
965 5547 1019 5600 τί
1065 5564 1196 5600 ποτε
1249 5548 1368 5600 κατ’
1411 5546 1599 5600 οὐσίαν
1637 5546 1773 5609 ἐστὶ,
1795 5547 1972 5598 πᾶσαν

397 5636 653 5706 ὖκφεύγει
703 5637 1109 5709 καταληπτικήν
1142 5636 1326 5717 ξφοδον
1382 5638 1475 5692 καὶ
1524 5635 1973 5707 πολυπραγμοσύ-

400 5744 517 5798 νην.
559 5727 715 5799 Ἡμῖν
740 5729 825 5795 δὲ,
856 5729 1036 5794 καθώς
1077 5746 1210 5803 φησι
1256 5731 1352 5802 τῆς
1386 5729 1589 5801 Σοφίας
1636 5732 1665 5784 ὁ
1707 5728 1881 5798 λόγος,
1909 5728 1972 5782 ἐκ

478 5908 498 5939 ⁵
541 5906 666 5977 Sap.
709 5922 825 5970 xm,
857 5903 910 5959 5.

2073 4634 2323 4680 nostram
2354 4623 2422 4677 de
2459 4620 2695 4676 decretis
2723 4618 3037 4688 opinionem
3067 4624 3123 4671 et
3147 4617 3495 4679 inimicorum
3524 4630 3658 4670 con-

2071 4726 2156 4773 tra
2205 4733 2306 4771 nos
2352 4713 2748 4769 dissensionem
2802 4722 3146 4780 percurrere,
3207 4716 3266 4759 ut
3309 4716 3459 4760 recte
3494 4714 3658 4777 atque

2069 4810 2264 4864 ordine
2300 4805 2460 4862 nobis
2499 4803 2758 4874 procedat
2793 4800 3229 4872 propositionum
3265 4799 3655 4853 consideratio.

2070 4902 2169 4955 Est
2220 4900 2385 4971 igitur
2430 4896 2761 4952 Christiana:
2815 4891 3038 4963 pietatis
3092 4899 3257 4959 caput
3315 4897 3369 4944 et
3421 4905 3655 4956 summa,

2073 4992 2421 5065 Unigenitum
2470 4988 2644 5042 Deum
2692 4986 2938 5048 credere,
2970 4984 3062 5054 qni
3094 4993 3178 5037 est
3212 4982 3435 5047 veritas,
3472 4990 3526 5036 et
3565 4982 3657 5035 lux

2073 5105 2223 5149 vera,
2246 5094 2301 5141 et
2342 5083 2436 5138 Dei
2476 5083 2673 5143 virtus,
2704 5087 2759 5133 et
2789 5079 2923 5141 vita,
2958 5091 3085 5131 vere
3136 5075 3321 5129 omnia
3370 5090 3493 5129 esse
3536 5088 3659 5144 qua:

2074 5180 2297 5244 dicitur,
2345 5177 2561 5245 aliaque
2600 5182 2655 5227 et
2688 5179 2816 5226 ante
2849 5169 2955 5224 alia
2989 5169 3126 5232 haec,
3180 5167 3350 5222 Deum
3383 5181 3578 5237 nempe
3605 5173 3662 5220 et

2074 5271 2383 5329 veritatem,
2421 5265 2524 5318 hoc
2554 5270 2639 5318 est
2687 5261 2858 5317 Deum
2902 5260 2958 5314 in
3005 5258 3237 5314 veritate
3271 5272 3485 5326 semper
3514 5271 3658 5319 esse,

2074 5357 2221 5432 quod
2242 5355 2567 5426 intelligitur
2588 5362 2643 5410 et
2677 5352 3034 5407 nominatur:
3068 5364 3246 5420 neque
3274 5362 3515 5415 unquam
3550 5362 3658 5400 non

2075 5468 2215 5516 esse,
2272 5464 2451 5519 neque
2499 5462 2736 5516 unquam
2782 5458 2893 5498 non
2934 5441 3179 5495 futurum
3232 5458 3245 5494 :
3301 5439 3461 5508 cujus
3513 5452 3657 5496 esse.

2076 5543 2342 5617 quidquid
2371 5541 2589 5596 tandem
2623 5554 2720 5609 per
2750 5537 3044 5592 essentiam
3077 5541 3182 5597 est,
3222 5548 3437 5588 omnem
3473 5530 3662 5603 effugit

2078 5632 2582 5706 comprehensivam
2655 5627 3083 5684 insinuationem
3144 5633 3199 5679 et
3257 5623 3655 5678 curiositatem.

2079 5727 2246 5784 Nobis
2294 5736 2504 5791 autem,
2547 5724 2691 5782 sicut
2732 5721 2910 5793 inquit
2963 5719 3256 5790 Sapientia:
3282 5730 3465 5777 sermo
3495 5716 3540 5783 ⁵,
3589 5730 3656 5770 ex
