4142 6374
546 512 650 567 91ῗὶ

1841 515 1899 586 6,
1935 517 2268 591 cnseonu
2308 517 2607 575 NYSSENI

3698 520 3808 576 916

549 645 732 686 rerum
797 637 1108 686 crcatarum
1162 633 1539 703 magnitudine
1595 643 1650 696 et
1713 636 2121 711 pulchritudine

2236 637 2487 709 μεγέθους
2540 637 2634 690 καὶ
2686 634 2952 706 καλλονῆς
2999 632 3312 703 κτισμάτων
3353 631 3492 687 κατά
3527 651 3651 689 τινα
3694 636 3808 698 τῶν

551 722 904 792 proportione
943 722 1178 794 quadam
1230 740 1420 780 eorum
1455 740 1577 796 qua:
1625 735 2037 795 cognoscuntur
2069 728 2122 782 iu

550 811 918 882 cognitionem
954 815 1105 868 venit
1143 815 1287 887 quod
1323 818 1411 877 sit,
1446 817 1621 882 solum
1663 816 1822 886 ﬁdem
1853 833 1950 887 per
1983 833 2116 888 ope-

550 904 814 969 rationes,
852 902 1466 976 noncognitionemejus
1483 909 1627 991 quod
1662 908 1736 976 sit
1784 910 2120 980 gratiﬁcans.

547 997 686 1050 Cum
725 997 892 1066 igitur
938 996 1053 1051 haec
1105 998 1247 1068 apud
1300 1014 1493 1054 omnes
1525 999 1872 1070 Christianos
1923 1003 2117 1058 intelli-

551 1089 732 1158 gentia
769 1088 1078 1159 praevaleat,
1101 1089 1223 1151 illos
1259 1098 1438 1156 autem
1461 1090 1586 1146 dico
1622 1092 1716 1163 qui
1749 1093 1850 1148 hac
1882 1094 2126 1164 appella-

554 1182 700 1236 tione
733 1189 864 1236 sunt
892 1181 1064 1254 digni,
1117 1181 1210 1252 qui
1243 1197 1310 1236 ex
1341 1183 1458 1253 lege
1500 1183 1636 1238 nihil
1693 1183 1925 1240 adorare
1977 1186 2124 1255 quod

519 1293 522 1296 ·
553 1288 660 1327 non
692 1273 763 1328 sit
806 1289 970 1345 verus
1011 1273 1173 1339 Deus,
1206 1274 1539 1341 didicerunt,
1576 1276 1707 1330 dum
1755 1276 1858 1347 ipsi
1893 1276 2125 1332 adorant

559 1363 907 1433 Unigenitum
947 1363 1137 1429 Deum,
1175 1364 1230 1418 in
1265 1367 1493 1420 veritate
1535 1365 1864 1421 conﬁtentur
1893 1383 1993 1423 nec
2026 1367 2127 1422 fal-

554 1456 882 1520 sinominem
919 1456 1085 1511 Deum
1112 1472 1256 1517 esse.
1298 1460 1612 1529 corruptrix
1650 1460 1840 1530 rubigo
1871 1459 2128 1517 Ecclesiae

555 1548 796 1614 inolevit,
836 1563 957 1618 quae
991 1548 1078 1618 pia
1120 1548 1330 1602 semina
1376 1549 1588 1602 inutilia
1622 1548 1876 1616 reddens,
1912 1549 2128 1606 Judaici

552 1637 760 1691 erroris
810 1646 1058 1706 patrona,
1102 1638 1266 1692 habet
1315 1639 1518 1708 aliquid
1558 1641 1888 1698 Grtncanicae
1939 1643 2129 1712 impie-

557 1725 703 1778 tatis.
735 1724 792 1796 lu
825 1740 890 1779 eo
931 1725 1076 1780 enim
1109 1726 1255 1794 quod
1289 1726 1454 1782 Deum
1482 1728 1646 1799 ﬁngat
1677 1742 1944 1796 creatum,
1977 1731 2129 1787 Grae-

555 1830 745 1869 corum
775 1817 950 1878 errori
985 1818 1385 1886 patrocinatur;
1419 1819 1474 1872 in
1503 1836 1569 1875 eo
1597 1836 1727 1876 vero
1756 1823 1902 1893 quod
1927 1823 2127 1878 Filium

557 1913 665 1960 n‘on
699 1896 992 1977 suscipiat,
1021 1906 1308 1962 Judaicum
1343 1915 1686 1967 commendat
1712 1929 1974 1970 errorem.
2005 1915 2130 1971 Haec

555 1998 720 2069 igitur
753 1983 976 2054 haeresis
1009 2015 1129 2068 quae
1156 2000 1412 2068 obliterat
1454 2017 1635 2072 veram
1682 2001 1894 2073 Domini
1930 2004 2129 2060 divini-
2159 1977 2206 2038 Β

555 2099 746 2153 tatem,
781 2098 833 2145 et
862 2105 982 2174 quae
1017 2091 1194 2160 ipsum
1227 2106 1337 2146 non
1370 2091 1674 2160 increatum
1705 2093 2129 2150 existimandum

555 2199 678 2238 esse
706 2184 1006 2252 prazstruit,
1051 2198 1153 2238 nec
1206 2183 1337 2251 illud
1394 2199 1520 2240 esse
1563 2185 1710 2255 quod
1761 2186 1982 2260 quidem
2035 2203 2132 2258 per

554 2278 848 2349 essentiam
888 2285 944 2344 et
993 2277 1249 2349 virtutem
1302 2285 1358 2332 et
1411 2276 1730 2347 dignitatem
1770 2287 1858 2333 est
1919 2263 2129 2340 Pater:

557 2365 830 2434 siquidem
887 2365 1091 2435 ubique
1143 2367 1375 2421 veritate
1419 2366 1872 2436 circumfulgente
1923 2369 2128 2424 nullam

559 2456 759 2510 habent
803 2455 1242 2522 adstructionem
1311 2456 1426 2510 haec
1482 2457 1746 2512 nebulosa
1802 2466 2128 2524 commenta,

556 2546 814 2602 omnibus
847 2546 1178 2616 posthabitis
1226 2562 1349 2618 quae
1386 2546 1454 2601 ad
1494 2545 1605 2601 Deo
1634 2547 1888 2603 decoram
1917 2557 1971 2602 et
1998 2564 2131 2603 con-

555 2640 863 2695 venientem
936 2639 1175 2709 aliquam
1234 2639 1693 2712 gloriﬁcationem
1750 2656 1778 2693 a
1847 2639 2131 2712 Scriptura

555 2737 782 2790 inventa
830 2745 960 2791 sunt
989 2735 1235 2800 nomina,
1266 2743 1320 2792 et
1353 2751 1475 2807 qua:
1507 2744 1615 2790 tam
1661 2737 1728 2791 de
1776 2736 1934 2792 Patre
1966 2753 2130 2808 quam

554 2825 626 2880 de
672 2825 810 2879 Filio
861 2827 1154 2894 dicuntur;
1202 2835 1469 2881 venerunt
1523 2826 1590 2881 ad
1635 2827 1690 2882 id
1744 2828 1889 2899 quod
1930 2829 2132 2900 dicitur

557 2932 754 2990 nomen
793 2917 1142 2988 ἀγεννησίας,
1197 2917 1265 2972 ab
1319 2918 1406 2973 his
1451 2919 1584 2996 ipsis
1645 2917 1700 2972 in
1761 2911 2128 2990 contemptum

557 3010 864 3079 maiestatis
899 3009 1173 3083 linigeniti
1199 3009 1516 3083 conﬁctum.
1551 3013 1684 3064 Cum
1710 3012 1854 3065 enim
1887 3013 1972 3096 pia
2005 3027 2133 3081 con-

556 3101 728 3156 fessio
762 3101 920 3157 ﬁdem
949 3105 1002 3156 in
1037 3100 1388 3176 Uuigenitum
1415 3101 1584 3176 Deum
1631 3102 1824 3156 doceat
1854 3113 1914 3177 ut
1941 3119 2130 3158 omnes

564 3193 760 3247 Filium
795 3194 1084 3259 honorent,
1121 3194 1263 3247 sicut
1310 3193 1525 3248 Patrem
1563 3194 1742 3268 ipsum
1779 3194 1984 3248 honore
2013 3194 2129 3247 alli-

556 3287 751 3339 ciunt:
785 3299 976 3339 omnes
1012 3284 1148 3340 istas
1196 3285 1314 3354 pias
1345 3299 1505 3338 voces
1539 3285 1742 3353 quibus
1787 3283 1907 3338 Filii
1939 3283 2129 3355 ampli-

558 3378 709 3438 tudo,
732 3376 851 3445 pari
874 3376 1078 3430 honore
1109 3390 1233 3429 cum
1273 3374 1452 3429 Patris
1475 3375 1740 3444 dignitate
1767 3377 2126 3448 signiﬁcatur,

557 3469 960 3538 prepulsantes.
983 3468 1110 3522 inde
1141 3467 1242 3523 sibi
1275 3467 1413 3537 ipsis
1437 3467 1658 3523 nefariae
1683 3477 1735 3523 et
1769 3468 1934 3524 Deum
1967 3469 2133 3525 abne-

556 3562 738 3631 gautis
790 3564 842 3618 iu
876 3561 1128 3633 dogmate
1180 3563 1478 3632 impietatis
1528 3565 1796 3636 principia
1835 3573 1890 3620 et
1938 3564 2134 3619 funda-

557 3663 739 3708 menta
771 3654 1286 3708 comminiscuntur.
1326 3655 1594 3720 Quoniam
1631 3659 1775 3709 enim
1824 3657 2134 3725 unigenitus

558 3746 723 3804 Deus.
756 3745 898 3799 sicut
925 3761 1023 3799 vox
1053 3745 1330 3816 Evangelii
1358 3746 1538 3810 docet,
1567 3763 1630 3802 ex
1664 3746 1823 3802 Patre
1851 3748 2042 3812 exivit,
2079 3755 2135 3800 et

559 3839 627 3891 ab
673 3853 738 3893 eo
772 3845 859 3892 est
900 3854 915 3891 :
953 3837 1077 3893 aliis
1117 3838 1435 3893 nominibus
1475 3839 1888 3907 intelligentiam
1943 3854 2136 3907 perpe-
2171 3855 2186 3874 ι

559 3945 675 3982 ram
722 3937 1176 3994 transmutantes,
1234 3946 1329 4000 per
1383 3931 1473 3984 illa
1502 3947 1686 3986 veram
1743 3931 1899 3985 ﬁdem
1934 3930 2136 3984 dilace-

559 4029 702 4074 rant.
721 4020 856 4076 Cum
882 4022 1029 4076 enim
1057 4023 1260 4076 veritas
1289 4022 1503 4086 doceat,
1531 4019 1677 4090 quod
1704 4019 1866 4078 Pater
1893 4037 1957 4076 ex
1986 4022 2131 4075 nulla

559 4112 842 4182 superiore
869 4114 944 4167 sit
969 4128 1156 4176 causa,
1197 4113 1286 4168 isti
1319 4113 1668 4184 ἁγεννησίαν,
1703 4112 1755 4167 id
1788 4122 1895 4174 est,
1927 4113 2137 4182 ingene-

559 4205 843 4267 ralionem,
881 4205 1239 4264 nominarunt
1275 4205 1435 4258 talem
1466 4203 1766 4268 notionem.
1792 4214 1847 4258 et
1877 4219 1940 4258 ex
1979 4203 2137 4256 Patre

563 4293 836 4370 Unigeuiti
873 4295 1289 4369 subsistentiam
1326 4295 1697 4370 generationis
1724 4295 1946 4367 nomine
1967 4295 2138 4364 signi-

563 4387 726 4439 ﬁcant
751 4402 764 4438 :
795 4383 991 4438 deinde
1011 4384 1149 4438 duas
1171 4399 1335 4438 voces
1353 4396 1760 4454 componentes,
1788 4384 2132 4454 ἀγεννησίαν,

559 4477 1026 4549 ingenerationem,
1067 4485 1122 4532 et
1159 4476 1433 4549 γέννησιν,
1459 4477 1868 4546 generationem,
1918 4489 2137 4532 contra-

559 4569 791 4643 dictorie
822 4569 924 4624 sibi
955 4569 1190 4624 invicem
1226 4568 1605 4632 adversantes,
1642 4567 1769 4623 inde
1792 4582 2138 4639 consequen-

2223 727 2639 799 γινωσκομένων
2696 726 2987 794 ἀναλογίαν
3044 727 3124 789 είς
3174 723 3376 793 γνῶσιν
3432 724 3650 796 ἔρχεται
3706 726 3805 779 τοῦ

2224 815 2384 882 εἶναι,
2435 819 2594 889 μόνον
2624 817 2722 889 τὴν
2752 819 2934 873 πίστιν
2982 819 3070 874 διά
3112 819 3224 871 τῶν
3254 817 3566 888 ἐνεργειῶν,
3597 818 3658 870 ού
3696 817 3804 888 τὴν

2224 911 2426 978 γνῶσιν
2494 909 3172 982 τουτέστι¹χαριξὸμενος.
3225 909 3438 980 Ταύτης,
3489 908 3666 963 τοίνυν
3703 909 3806 978 τῆς

2224 1001 2462 1066 διανοίας
2501 1001 2654 1075 παρά
2681 1003 2816 1056 πᾶσι
2867 1004 2979 1066 τοῖς
3006 1003 3349 1074 Χριστιανοῖς
3376 999 3805 1072 κεκρατηκυίας,

2224 1098 2337 1159 τοῖς
2366 1111 2429 1164 γε
2460 1095 2559 1164 τῆς
2585 1093 2903 1165 ἐπωνυμίας
2929 1094 3131 1166 ταύτης
3159 1094 3352 1161 ἀξίοις,
3377 1092 3605 1156 ἐκείνοις
3638 1093 3804 1162 φημὶ,

2225 1189 2552 1256 προσκυνεῖν
2585 1186 2736 1256 παρά
2791 1185 2886 1245 τοῦ
2939 1186 3104 1258 νόμου
3164 1185 3539 1257 μεμαθηκόσιν
3575 1183 3734 1255 μηδὲν
3776 1181 3810 1235 ὃ

2229 1280 2303 1350 μή
2355 1281 2502 1332 ἐστιν
2545 1277 2798 1349 ἀληθινὸς
2842 1278 3007 1345 Θεὸς,
3051 1277 3201 1349 αὐτῷ
3237 1277 3317 1348 τῷ
3357 1278 3678 1350 προσκυνεῖν
3713 1274 3809 1342 τὴν

2229 1367 2491 1439 μονογενῆ
2515 1367 2647 1420 θεὸν
2668 1409 2682 1431 ,
2709 1367 3060 1437 ὁμολογοῦσιν
3093 1369 3151 1421 ἐν
3171 1366 3400 1438 ἀληθείᾳ
3428 1366 3522 1421 καὶ
3550 1365 3610 1418 οὺ
3641 1363 3808 1434 ψευδ-

2227 1459 2441 1530 ώνυμον
2481 1455 2619 1513 εῑναι
2661 1459 2814 1522 Θεὸν,
2842 1454 3002 1530 ἦλθεν
3028 1460 3062 1530 ἠ
3102 1457 3422 1530 φθοροποιδς
3453 1455 3679 1528 ἐρυσίὸη
3706 1454 3810 1528 τῆς

2240 1549 2614 1622 Ἐκκλησίαςή
2646 1549 2938 1622 ἀχρειοῦσα
2973 1551 3039 1605 τὰ
3069 1550 3270 1620 εὐσεϐῆ
3307 1548 3619 1620 σπέρματα,
3640 1547 3676 1618 ἡ
3706 1549 3810 1627 τῆς

2241 1644 2536 1713 Ἰουδαϊκῆς
2594 1643 2809 1713 ἀπάτης
2864 1643 3160 1714 συνήγορος
3213 1640 3412 1712 ἐχουσᾴ
3457 1657 3510 1705 τι
3561 1639 3653 1693 καὶ
3706 1638 3812 1706 τῆς

2241 1734 2556 1806 Ἑλληνικῆς
2600 1733 2809 1797 ἀθεῒας.
2838 1732 2929 1805 Τῷ
2954 1734 3050 1805 μὲν
3071 1735 3177 1804 γὰρ
3206 1731 3421 1787 κτιστὸν
3445 1731 3812 1798 ἀναπλάττειν

2229 1828 2381 1888 Θεὸν.
2413 1827 2511 1898 τῆς
2542 1825 2650 1878 τῶν
2683 1824 2947 1896 Ἑλλήνιον
2997 1824 3210 1896 ἀπάτης
3246 1825 3542 1895 συνήγορος
3577 1823 3810 1890 γίνεταιο

2229 1918 2308 1988 τῷ
2351 1919 2408 1972 δὲ
2454 1918 2528 1988 μὴ
2575 1917 2975 1988 παραδέχεσθαι
3024 1918 3116 1971 τὸν
3165 1917 3291 1970 Υἱδν
3316 1958 3330 1982 ,
3365 1917 3463 1988 τὴν
3518 1915 3813 1986 Ἰουδαῖκὴν

2237 2011 2514 2080 συνίστησι
2559 2009 2765 2081 πλάνην
2797 2027 2811 2040 ·
2848 2009 2985 2080 αὕτη
3013 2007 3190 2062 τοίνυν
3223 2011 3256 2080 ἡ
3305 2008 3514 2079 αἵρεσις
3546 2010 3577 2078 ή
3627 2025 3811 2079 παρα-

2235 2103 2553 2173 γραφομέντ,
2598 2100 2694 2172 τὴν
2747 2100 3008 2172 ἀληθινὴν
3047 2099 3142 2152 τοῦ
3186 2099 3392 2170 Κυρίου
3438 2099 3683 2167 θεότητα,
3714 2098 3814 2156 καὶ

2236 2191 2730 2266 παρασκευάζουσα
2764 2191 2837 2263 μὴ
2888 2191 3139 2244 ἄκτιστον
3171 2191 3334 2244 αὑτὸν
3374 2185 3514 2245 εἶναι
3540 2191 3647 2243 δεῖν
3675 2191 3814 2243 ὑπο-

2235 2281 2529 2353 λαμϐάνειν
2548 2296 2560 2309 ·
2592 2281 2687 2334 καὶ
2724 2281 2800 2352 μὴ
2832 2282 3006 2334 ἐκεῖνο
3025 2282 3160 2352 ὅπερ
3187 2281 3304 2335 κατ’
3325 2281 3510 2335 οὐσίαν
3531 2281 3624 2334 καὶ
3651 2278 3815 2333 δύνα-

2239 2359 2330 2442 μιν
2359 2371 2454 2434 καὶ
2493 2371 2649 2436 ἀξίαν
2695 2373 2842 2424 ἐστὶν
2887 2372 2915 2423 ό
2956 2371 3165 2442 Πατήρ.
3223 2371 3438 2443 Ἐπειδὴ
3479 2371 3816 2441 πανταχόθεν

2234 2462 2336 2532 τῆς
2377 2461 2631 2532 ἀληθείας
2680 2462 3157 2535 περιλαμπούσης,
3203 2462 3457 2534 οὐδεμίαν
3505 2463 3615 2533 ἔχει
3647 2479 3816 2516 κατα-

2237 2554 2435 2626 σκευὴν
2461 2554 2530 2607 τὰ
2559 2552 2768 2625 ζοφώδη
2794 2553 2967 2608 ταῦτα
3006 2557 3250 2628 νοήματα
3283 2571 3297 2584 ³
3334 2556 3511 2608 πάντα
3549 2554 3656 2606 τῶν
3691 2555 3814 2607 ὀνο-

2240 2646 2423 2717 μάτων
2453 2644 2793 2718 ὑπεριδόντες
2818 2644 2923 2696 τῶν
2949 2645 3029 2706 είς
3050 2644 3328 2715 θεοπρεπῆ
3361 2660 3481 2696 τινα
3507 2641 3813 2709 δοξολογίαν

2236 2739 2388 2809 παρά
2415 2739 2512 2809 τῆς
2549 2738 2772 2808 Γραφῆς
2820 2735 3168 2807 εὑρεθέντων,
3202 2736 3400 2806 ὁμοίως
3440 2736 3532 2787 ἐπὶ
3563 2734 3656 2786 τοῦ
3701 2734 3814 2787 Πα-

2234 2831 2362 2902 τρὸς
2386 2829 2481 2899 καὶ
2510 2828 2604 2882 τοῦ
2624 2827 2756 2882 Υίοῦ
2775 2822 3278 2898 λεγομένων,ἧλθον
3303 2825 3394 2877 ἐπὶ
3413 2824 3474 2877 τὸ
3497 2825 3593 2894 τῆς
3638 2824 3814 2892 ἀγεν-

2235 2922 2460 2990 malae
2484 2920 2654 2990 ὄνομα
2675 2959 2690 2984 ,
2716 2918 2777 2972 τὸ
2816 2919 2942 2989 παρ’
2983 2917 3159 2972 αὐτῶν
3193 2914 3391 2969 τούτων
3435 2915 3526 2968 ἐπὶ
3559 2913 3814 2985 ἀθετήσει

2235 3015 2333 3084 τῆς
2369 2996 2783 3083 μεγαλειότητος
2829 3008 2921 3062 τοῦ
2961 3006 3282 3079 μονογενοῦς
3311 3005 3442 3059 Θεοῦ
3489 3006 3812 3076 συμπέπλα-

2238 3103 2450 3173 σμένον.
2473 3101 2582 3171 Τῆς
2607 3100 2711 3171 γάρ
2733 3099 2985 3163 εὐσεϐοῦς
3005 3098 3289 3168 ὁμολογίας
3307 3096 3404 3166 τὴν
3429 3098 3506 3159 εἰς
3538 3096 3627 3148 τὸν
3657 3113 3817 3164 μονο-

2235 3195 2367 3266 γενῆ
2400 3194 2531 3262 Θεὸν
2563 3194 2743 3247 πίστιν
2775 3190 3240 3262 δογματιζούσης,
3274 3190 3361 3244 ἵνα
3386 3189 3582 3253 πάντες
3609 3187 3815 3258 τιμῶσι

2237 3289 2327 3342 τὸν
2351 3287 2478 3340 Υἱὸν
2506 3284 2686 3349 καθὼς
2725 3284 2927 3354 τιμῶσι
2951 3283 3042 3334 τὸν
3067 3282 3303 3352 Πατέρα.
3329 3281 3506 3343 πάσας
3537 3274 3679 3334 οὗτοι
3712 3281 3815 3344 τᾲς

2235 3379 2475 3441 εὐσεϐεῖς
2500 3377 2702 3446 φωνὰς,
2721 3371 2809 3439 αἷς
2831 3377 2865 3446 ή
2886 3374 2977 3427 τοῦ
2996 3373 3126 3427 Υἰοῦ
3155 3372 3508 3444 μεγαλειότης
3535 3371 3815 3441 ὁμοτίμως

2235 3470 2370 3542 πρὸς
2393 3469 2490 3542 τὴν
2518 3467 2612 3522 τοῦ
2645 3468 2857 3540 Πατρὸς
2888 3467 3042 3532 ἀξίαν
3081 3466 3524 3536 διασημαίνεται,
3556 3463 3818 3530 παρωσά-

2239 3547 2708 3634 μενοι,’ἐντεῦθεν
2751 3561 2963 3633 ἐαυτοῖς
3016 3558 3118 3628 τῆς
3173 3557 3333 3611 ἀθέου
3383 3559 3511 3628 περὶ
3537 3556 3599 3609 τὺ
3636 3555 3818 3626 δόγμα

2237 3654 2578 3724 παρανομίας
2600 3651 2698 3717 τάς
2725 3652 2898 3723 ἀρχὰς
2923 3652 3018 3705 καὶ
3051 3651 3149 3715 τὰς
3175 3649 3456 3714 ὑποθέσεις
3488 3647 3812 3703 ἐπινοοῦσιν.

2247 3747 2462 3818 Ἐπειδὴ
2497 3747 2604 3818 γᾴρ
2629 3748 2657 3800 ὁ
2684 3743 2973 3821 μονογενὴς
3005 3741 3155 3806 Θεὸς,
3177 3743 3253 3806 ὡς
3290 3743 3323 3812 ἡ
3358 3741 3451 3794 τοῦ
3484 3739 3816 3809 Εὖαγγελίου

2235 3838 2470 3906 διδάσκει
2497 3837 2678 3908 φωνὴ,
2712 3839 2776 3890 ἐκ
2808 3834 2901 3889 τοῦ
2933 3834 3146 3907 Πατρδς
3186 3833 3394 3904 ἐξῆλθε,
3431 3831 3524 3886 καὶ
3565 3831 3694 3903 παρ’
3725 3832 3818 3884 αὑ-

2236 3929 2329 3983 τοῦ
2359 3931 2504 3982 ἐστιν
2531 3946 2545 3960 ο
2579 3928 2760 3990 ἄλλοις
2796 3927 3024 3997 ὀνόμασι
3056 3926 3156 4000 τὴν
3204 3924 3334 3996 παρ’
3368 3923 3531 3987 αὐτοῦ
3577 3923 3816 3977 διάνοιαν

2240 4019 2631 4092 μεταϐαλόντες
2670 4019 2737 4072 δι’
2762 4018 2984 4089 ἐκείνων
3015 4017 3111 4089 τὴν
3144 4015 3403 4091 ἀληθινὴν
3430 4015 3611 4068 πίστιν
3644 4031 3817 4073 κατα-

2241 4110 2634 4181 σπαράσσουσι.
2672 4111 2745 4163 Τὸ
2783 4110 2892 4182 γὰρ
2931 4109 3005 4182 μὴ
3038 4109 3101 4163 ἐκ
3127 4125 3271 4180 τινος
3295 4107 3694 4178 ὑπερκειμένης
3726 4109 3813 4159 αἱ·

2237 4203 2358 4266 τίας
2405 4198 2543 4256 εῖναι
2590 4203 2681 4256 τὸν
2715 4204 2934 4274 Πατέρα
2957 4244 2971 4267 ,
3008 4203 3107 4272 τῆς
3153 4201 3409 4272 ἀληθείας
3439 4199 3814 4272 διδασκούσης,

2237 4287 2380 4346 οῦτοι
2449 4292 2822 4363 ἁγεννησίαν
2872 4293 3163 4365 ὠνόμασαν
3211 4293 3271 4346 τὸ
3321 4291 3560 4346 τοιοῦτον
3600 4291 3813 4362 νόημαο

2238 4385 2331 4438 καὶ
2361 4383 2458 4455 τὴν
2504 4385 2569 4437 ἐκ
2620 4385 2832 4456 Πατρὸς
2876 4384 2969 4437 τοῦ
3014 4381 3356 4452 Μονογενοῦς
3401 4382 3715 4446 ὑπόστασιν,
3737 4381 3816 4451 τῷ

2238 4475 2333 4545 τῆς
2357 4475 2662 4546 γεννήσεως
2685 4475 3095 4546 διασημαίνουσι
3133 4476 3357 4546 ῥήματι.
3377 4472 3506 4527 Εἶτα
3529 4474 3819 4537 συνθέντες,

2238 4566 2335 4628 τὰς
2358 4565 2449 4619 δύο
2476 4565 2678 4634 φωνάς,
2705 4568 2801 4638 τὴν
2847 4568 3216 4639 ἁγεννησίαν
3239 4584 3300 4620 τε
3334 4567 3426 4620 καὶ
3451 4566 3551 4636 τὴν
3603 4565 3815 4631 γέννη-

560 4661 694 4715 tium
748 4662 968 4731 ignaros
1015 4668 1069 4715 et
1117 4660 1396 4737 imperitos
1444 4661 1497 4714 iu
1535 4674 1780 4714 errorem
1825 4659 2129 4730 impellunt.

2239 4671 2344 4708 σιν
2385 4655 2750 4728 ἀντιφατικῶς
2782 4656 3199 4727 ἐναντιουμένας
3245 4655 3524 4729 ἀλλήλαις,
3564 4655 3813 4709 ἐντεῦθεν

559 4749 694 4804 Nam
739 4761 798 4804 ut
842 4751 987 4820 quis,
1027 4751 1259 4822 exempli
1294 4751 1490 4821 gratia,
1539 4751 1852 4818 declararit,
1907 4740 2135 4822 genitus

560 4849 669 4905 est,
702 4851 755 4896 et
784 4857 894 4896 non
928 4850 1012 4897 est
1033 4843 1274 4912 genitus.
1310 4843 1416 4896 tale
1445 4849 1549 4906 est,
1579 4842 1740 4910 quale
1772 4842 1923 4913 sedet
1943 4851 1998 4897 ct
2025 4860 2138 4902 non

561 4934 732 4996 sedet,
758 4943 811 4988 et
840 4949 1178 5004 quaecunque
1227 4934 1319 4988 tali
1356 4933 1656 4988 efferuntur
1684 4934 1844 4988 modo
1885 4955 1898 4988 :
1929 4934 1981 4989 hi
2011 4952 2139 4994 vero

561 5025 697 5080 istas
714 5041 871 5080 voces
900 5027 968 5081 ab
984 5041 1047 5080 ea
1075 5041 1194 5096 quae
1209 5037 1292 5081 est
1311 5026 1611 5097 secundum
1634 5033 1885 5086 naturam
1905 5029 2140 5097 genuina

563 5115 959 5185 signiﬁcatione
995 5116 1334 5180 dimoventcs
1377 5117 1492 5171 sive
1529 5115 1937 5186 detorquentes,
1976 5119 2138 5172 aliam

561 5208 667 5262 sibi
715 5207 850 5277 ipsis
899 5208 1316 5263 accommodare
1369 5207 1782 5282 intelligentiam
1814 5210 1880 5262 ad
1922 5209 2140 5289 pictatis

559 5297 896 5371 eversionem
923 5313 1176 5367 perverse
1213 5299 1569 5352 contendunt.
1614 5297 1750 5352 Cum
1792 5298 1961 5372 enim,
1997 5300 2141 5352 sicut

560 5390 764 5464 dictum
787 5397 890 5452 est,
921 5390 1110 5442 horum
1129 5390 1416 5443 verborum
1444 5390 1803 5460 signiﬁcantia
1820 5391 2142 5461 aequivaleat

561 5481 607 5532 ei
627 5479 770 5554 quod
788 5479 990 5533 dicitur
1013 5478 1260 5534 :sedetet
1277 5495 1384 5535 non
1402 5481 1554 5537 sedet
1596 5479 1823 5547 (tollitur
1842 5481 1985 5534 enim
2006 5496 2142 5550 quo-

562 5569 853 5642 dammodo
870 5571 921 5622 in
945 5569 1114 5622 altero
1131 5570 1555 5639 signiﬁcatorum
1579 5572 1850 5642 alterum),
1869 5573 2007 5626 hanc
2023 5586 2143 5642 qua!

563 5669 648 5731 pst
698 5661 996 5732 secundum
1028 5661 1255 5734 formam
1308 5662 1628 5731 prolationis
1677 5663 2141 5730 contrarietatem,

563 5752 683 5819 ejus
701 5767 820 5819 qua:
835 5760 918 5806 est
934 5751 1231 5809 secundum
1255 5735 1546 5808 essentiam
1563 5753 1877 5808 differentia:
1908 5753 2141 5807 indicem

566 5858 689 5895 esse
737 5843 978 5911 captiose
1017 5851 1252 5906 certant,
1297 5844 1425 5897 huic
1458 5841 1698 5912 quidem,
1735 5843 1876 5898 Filio
1926 5858 2139 5912 nempe,

569 5937 1000 6010 geniora‘ionetn;
1038 5935 1113 6006 illi
1142 5950 1288 6001 vero,
1316 5935 1457 5988 Patri
1490 5936 1754 5998 videlicet,
1779 5952 1884 5990 non
1917 5951 2142 6006 genera-

2237 4747 2363 4807 τοὺς
2408 4747 2664 4817 ἀνοήτους
2690 4746 2797 4799 τῶν
2837 4747 3116 4818 ἑπομένων
3145 4749 3324 4812 αὐτοῖς
3350 4748 3808 4819 παρακρούονται.

2239 4836 2312 4889 Τὸ
2337 4835 2444 4906 γὰρ
2471 4837 2733 4907 ἐγεννήθη
2781 4838 2874 4902 καὶ
2903 4819 3002 4890 ούκ
3029 4837 3289 4910 ἐγεννήθη
3315 4877 3331 4911 ,
3357 4838 3433 4902 ὡς
3467 4837 3530 4891 ἄν
3565 4855 3649 4901 τις
3682 4837 3814 4889 ὑπο,

2237 4929 2490 4999 δείγματι
2538 4928 2881 5000 σαφηνίσειε,
2931 4929 3168 5004 τοιοῦτόν
3210 4915 3400 4996 ἐστιν,
3447 4924 3556 4982 οἷον
3612 4929 3704 4982 καὶ
3755 4929 3816 4982 τὺ

2240 5020 2474 5091 κάθηται
2499 5024 2593 5075 καὶ
2623 5021 2683 5074 ού
2713 5022 2968 5090 κάθηται,
3006 5022 3102 5076 καὶ
3123 5023 3224 5096 ὅσα
3248 5022 3325 5094 τῷ
3344 5022 3570 5093 τοιούτῳ
3600 5022 3814 5090 λέγεται

2241 5112 2427 5184 τρόπῳ
2449 5129 2462 5143 ⁸
2489 5114 2537 5166 οἱ
2558 5113 2615 5166 δέ
2643 5114 2743 5183 τῆς
2765 5113 2906 5176 κατά
2934 5114 3094 5182 φύσιν
3112 5113 3222 5167 τῶν
3251 5114 3509 5188 ῥημάτων
3526 5113 3814 5184 ἐμφάσεως

2239 5205 2339 5268 τὰς
2386 5205 2568 5273 φωνὰς
2611 5205 2811 5281 ταύτας
2863 5208 3364 5281 παρακινήσαντες,
3409 5206 3576 5277 ἄλλην
3633 5206 3816 5270 αὐτοῖς

2245 5294 2574 5365 ἐφαρμόζειν
2620 5295 2853 5350 διάνοιαν
2882 5298 2974 5352 ἐπὶ
3023 5297 3336 5368 καθαιρέσει
3389 5299 3489 5368 τῆς
3536 5297 3818 5360 εύσεὸείας

2243 5385 2652 5454 φιλονεικοῦσιν.
2708 5387 3146 5458 ’Ῑσοδυναμούσης
3193 5387 3322 5460 γὰρ,
3361 5387 3540 5450 καθὼς
3581 5388 3814 5457 εἴρηται,

2241 5477 2342 5548 τῆς
2370 5477 2476 5530 τῶν
2505 5479 2760 5549 ῥημάτων
2795 5481 3069 5549 σημασίας
3094 5479 3190 5550 τῷ,
3213 5480 3443 5550 κάθηται
3471 5480 3563 5532 καὶ
3595 5479 3657 5531 ού
3681 5477 3817 5531 κάθ-

2242 5585 2372 5638 ηται
2389 5585 2402 5600 ο
2428 5570 2729 5642 ἀναιρεῖται
2757 5571 2864 5641 γάρ
2896 5589 3012 5634 πως
3038 5572 3097 5624 ἐν
3113 5569 3324 5642 θατέρῳ
3355 5569 3464 5624 τῶν
3482 5568 3819 5641 σημαινομέ-

2243 5678 2349 5713 νων
2383 5661 2442 5713 τὸ
2459 5660 2644 5732 ἓτερον
2665 5681 2678 5694 ·
2703 5662 2904 5733 ταύτην
2925 5663 3023 5732 τὴν
3057 5665 3182 5734 περὶ
3202 5663 3262 5717 τὸ
3282 5667 3463 5734 σχῆμα
3481 5661 3583 5730 τῆς
3613 5677 3818 5740 προφο-

2249 5751 2344 5820 ρᾶς
2369 5750 2676 5804 ἐναντίωσιν
2703 5753 2801 5822 τῆς
2827 5754 2964 5808 κατά
2995 5753 3092 5823 τὴν
3128 5753 3316 5806 οὐσίαν
3347 5749 3698 5822 παραλλαγῆς
3728 5752 3816 5802 ὲν-

2244 5841 2516 5914 δεικτικὴν
2538 5840 2675 5897 εἶναι
2704 5843 3026 5912 σοφίζονται·
3048 5844 3138 5914 Τῷ
3174 5843 3273 5912 μὲν
3299 5844 3397 5912 τὴν
3434 5842 3704 5912 γέννησινο
3733 5839 3816 5908 τῷ

2245 5931 2301 5986 δὲ
2339 5933 2437 6002 τὴν
2495 5933 2567 6004 μὴ
2599 5933 2848 6006 γέννησιν
2886 5933 3073 5990 οὐσίαν
3100 5928 3235 5989 εἶναι
3262 5933 3612 6006 διοριζόμενοι
3641 5950 3655 5963 ·
3690 5931 3816 5984 stato
