4142 6374
397 427 505 487 917

1559 431 1838 491 CONTRA
1879 434 2266 501 EUNOMIUM,
2288 433 2416 488 LIB.
2460 434 2570 490 XII.

3551 429 3666 486 918-

397 562 480 598 τοι
513 541 705 619 ,ὥσπερ
735 543 836 598 οὐκ
880 543 1024 598 ἐστιν
1070 545 1257 599 οὐσίαν
1297 545 1583 617 ἀνθρώπου
1637 550 1877 620 νομίσαι,
1921 549 1982 605 τὸ

2093 551 2312 616 tionem,
2339 551 2635 607 essentiam
2662 563 2787 605 esse
2810 548 3154 604 deﬁnientes.
3197 545 3363 617 Atqui
3396 547 3658 617 quemad-

401 637 670 706 καθῆσθαι
721 639 813 690 καὶ
846 638 922 708 μὴ
970 638 1236 709 καθῆσθαι
1270 638 1360 692 τὸν
1417 640 1819 712 ἄνθρωπον·οὐ
1865 643 1975 716 γάρ

401 728 492 783 τὸν
531 729 692 782 αὐτὸν
725 729 790 783 ἄν
817 748 900 794 τις
928 731 1150 802 ἀποδοίη
1177 732 1353 801 λόγον,
1373 733 1640 804 καθέδραν
1671 752 1731 788 τε
1761 735 1976 808 ἀνθρώ⁹

404 838 507 874 που
552 821 646 874 καὶ
694 821 980 892 ἄνθρωπον
1024 823 1186 878 αὐτὸν
1227 824 1540 894 ὁριζόμενος
1568 841 1582 857 ⁸
1613 825 1786 891 οὕτως
1825 829 1859 898 ἢ
1902 828 1978 899 μὴ

401 911 718 980 γεννηθεῖσα
747 913 900 967 οὐσία
929 915 1070 969 κατά
1118 913 1217 984 τὴν
1262 914 1553 982 ἀναλογίαν
1593 914 1688 968 τοῦ
1725 915 1978 988 ῥηθέντος

405 1003 535 1072 ἡμῖν
556 1003 967 1074 ὐποδείγματος,
986 1003 1111 1058 ἄλλο
1133 1022 1183 1057 τι
1208 1004 1424 1068 πάντως
1451 1004 1566 1058 ἐστὶ
1596 1005 1672 1076 τῷ
1701 1005 1812 1076 ίδίῳ
1835 1005 1978 1076 λόγῳ

407 1096 540 1166 πρὸς
565 1095 624 1146 τὸ
660 1098 721 1147 ἐκ
758 1100 848 1151 τοῦ
885 1098 955 1166 μὴ
982 1095 1305 1165 γεννηθῆναι
1338 1095 1682 1167 δηλούμενον.
1723 1096 1859 1150 Ἀλλ’
1892 1091 1981 1150 οὐ-

405 1206 487 1242 τοι
521 1189 656 1258 πρὸς
681 1188 771 1241 τὸν
809 1189 1040 1258 πονηρὸν
1080 1191 1282 1242 ἐκεῖνον
1319 1189 1516 1243 σκοπὸν
1546 1189 1876 1260 ἀφορῶντες,
1905 1188 1981 1252 ὼς

409 1279 477 1334 ἂν
503 1280 733 1350 μάλιστα
780 1283 880 1350 τῆς
929 1279 1021 1332 τοῦ
1056 1280 1390 1349 Μονογενοῦς
1413 1280 1665 1350 θεότητος
1691 1283 1723 1350 ή
1755 1281 1978 1352 ἄρνησις

408 1371 589 1434 αὐτοῖς
619 1371 888 1441 κυρωθείη
910 1389 922 1401 ·
959 1372 1078 1440 οὐχί
1107 1371 1206 1442 τὴν
1227 1371 1411 1428 οὐσίαν
1430 1370 1522 1424 τοῦ
1553 1371 1764 1443 Πατρὸς
1808 1373 1983 1440 ἀγεν-

406 1462 630 1528 νησίαν
669 1458 809 1515 εἶναι
851 1462 1118 1530 λέγουσιν,
1147 1461 1260 1516 ἀλλ’
1289 1461 1722 1531 ἀναστρέψαντες
1765 1461 1858 1516 τὸν
1889 1461 1979 1514 λό-

407 1569 540 1621 γον.
585 1553 770 1606 οὐσίαν
820 1551 918 1621 τὴν
1003 1553 1376 1622 armatar-
1419 1552 1692 1623 ὁρίζονται
1722 1592 1737 1617 ,
1778 1552 1864 1606 ἵνα
1912 1555 1979 1624 τῇ

407 1645 543 1716 πρὸς
567 1644 627 1698 τὸ
648 1645 898 1720 γεννητὸν
922 1645 1291 1716 ἀντιδιαστολῇ
1316 1645 1376 1697 τὸ
1411 1645 1509 1714 τῆς
1538 1645 1752 1714 φύσεως
1773 1645 1984 1716 παρηλ-

406 1733 671 1804 λαγμένον
699 1733 786 1790 διὰ
813 1733 913 1802 τῆς
960 1732 1326 1796 ἐναντιώσεως
1369 1733 1476 1786 τῶν
1499 1733 1774 1802 ὀνομάτων
1813 1749 1984 1786 καταο

410 1825 736 1882 σκευάσωσι.
792 1825 903 1879 Καὶ
957 1824 1092 1896 πρὸς
1145 1825 1242 1894 μὲν
1295 1825 1398 1894 τὴν
1457 1824 1712 1878 ἀσέϐειαν
1766 1824 1980 1896 μυρίοις

2077 642 2298 697 modum
2322 657 2429 697 non
2469 643 2594 696 licet
2627 641 2946 696 existimare
2972 639 3265 694 essentiam
3301 637 3539 692 hominis
3565 652 3656 692 se-

2077 735 2207 789 dere
2240 744 2292 789 et
2325 749 2433 788 non
2462 733 2684 800 sedere;
2717 733 2901 788 nullus
2920 732 3064 786 enim
3098 730 3344 786 eamdem
3382 728 3657 785 deﬁnitio-

2077 839 2200 879 nem
2231 823 2546 887 reddiderit,
2581 823 2820 888 hominis
2849 822 3165 879 cathedram
3191 829 3247 876 et
3276 823 3456 891 ipsum
3479 820 3658 880 homi-

2079 934 2202 973 nem
2235 917 2499 973 deﬁniens
2531 917 2650 973 :sic
2684 931 2796 972 non
2835 917 3017 988 genita
3051 915 3315 980 essentia,
3352 913 3654 969 secundum

2080 1010 2382 1080 analogiam
2401 1010 2532 1063 dicti
2555 1025 2585 1062 a
2608 1009 2766 1064 nobis
2787 1009 3041 1079 exempli,
3061 1007 3207 1061 aliud
3226 1006 3483 1076 quiddam
3499 1021 3656 1074 pror-

2081 1119 2176 1158 sus
2204 1113 2280 1157 est
2301 1101 2602 1156 secundum
2622 1101 2894 1170 propriam
2915 1100 3200 1163 rationem,
3221 1098 3290 1152 ab
3305 1112 3371 1152 eo
3398 1096 3540 1166 quod
3562 1112 3658 1166 per

2082 1194 2134 1247 id
2166 1193 2311 1262 quod
2351 1208 2457 1246 non
2489 1202 2569 1246 est
2610 1192 2874 1262 genitum,
2920 1188 3283 1260 signiﬁcatur.
3318 1187 3426 1240 Sed
3462 1186 3555 1240 isti
3587 1185 3657 1238 ad

2080 1283 2233 1337 illum
2264 1283 2571 1352 improbum
2603 1297 2829 1350 sc0pum
2859 1288 3294 1350 prospectantes,
3324 1287 3384 1332 ut
3419 1277 3657 1331 maxime

2081 1375 2361 1446 linigeniti
2387 1375 2604 1429 deitatis
2627 1374 2916 1442 abnegatio
2935 1371 3311 1433 conﬁrmetur,
3338 1384 3446 1422 non
3469 1383 3658 1423 essen-

2081 1467 2212 1521 tiam
2261 1467 2436 1521 Patris
2466 1481 2589 1521 esse
2623 1464 2950 1535 ἀγεννησίαν
2987 1452 3275 1529 asserunt;
3305 1461 3400 1517 sed
3439 1460 3658 1515 inversa

2081 1560 2332 1615 oratione
2360 1558 2705 1628 ἀγεννησίαν,
2746 1558 2800 1612 id
2831 1566 2934 1622 est,
2965 1557 3431 1626 ingeneralionem,
3466 1568 3654 1608 essen-

2082 1655 2212 1707 tiam
2241 1669 2364 1707 esse
2393 1651 2679 1714 deﬁniunt,
2721 1659 2780 1704 ut
2812 1665 2908 1720 per
2937 1648 3299 1704 dili‘erentiam
3330 1661 3453 1716 qua:
3477 1653 3562 1699 est
3589 1641 3659 1696 ad

2083 1743 2138 1799 id
2163 1743 2312 1815 quod
2348 1744 2593 1814 genitum
2637 1750 2738 1806 est,
2776 1753 2984 1796 natura:
3019 1739 3396 1794 diversitatem
3428 1751 3526 1806 per
3553 1749 3659 1788 no-

2085 1836 2291 1890 minum
2327 1834 2768 1889 contrarietatem
2802 1837 3149 1901 prmstruant.
3197 1829 3274 1882 Ac
3316 1826 3537 1897 quidem
3589 1825 3658 1878 ad

407 1917 702 1987 ὀφθαλμοῖς
752 1917 1004 1986 βλέπουσι
1024 1955 1039 1979 ,
1075 1917 1210 1989 πρὸς
1240 1916 1296 1970 δὲ
1325 1918 1385 1970 τὸ
1420 1918 1699 1987 ἀμήχανον
1722 1918 1820 1987 τῆς
1851 1918 1981 1989 περὶ

2093 1925 2415 1994 impietatem
2486 1922 2979 1978 innumerabilibus
3033 1918 3210 1974 oculis
3276 1915 3656 1986 prospiciunt;

407 2012 564 2065 τοῦτο
607 2009 862 2079 σπουδῆς,
893 2009 966 2073 ὡς
990 2009 1294 2080 μεμυκότες
1326 2009 1393 2062 τά
1419 2009 1643 2079 ὄμματα
1681 2010 1781 2080 τῆς
1805 2009 1983 2081 ψυχῆς

408 2101 840 2172 ἀμϐλυώττουσι.
869 2101 963 2164 Τίς
986 2100 1093 2172 γὰρ
1124 2100 1197 2170 μὴ
1239 2100 1552 2155 παντάπασι
1571 2100 1759 2171 λημῶν
1789 2101 1857 2154 τὰ
1883 2102 1982 2170 τῆς

408 2193 588 2264 ψυχῆς
635 2192 996 2264 αἰσθητήρια,
1027 2192 1086 2245 οὐ
1121 2193 1275 2262 διορᾷ
1315 2193 1414 2261 τῆς
1449 2192 1542 2245 τοῦ
1579 2192 1845 2262 δόγματος
1885 2195 1987 2249 αὐ-,

409 2285 515 2339 τῶν
539 2285 713 2355 ἀρχῆς
745 2285 804 2336 τὸ
835 2284 1042 2353 ἀπαγὲς
1064 2283 1156 2336 καὶ
1191 2282 1509 2347 ἀσύστατον,
1538 2284 1631 2336 καὶ
1662 2285 1736 2346 ὡς
1766 2285 1852 2336 ἐπ’
1887 2285 1982 2337 οὐ-

409 2374 560 2436 δενὸς
589 2373 818 2443 βέϐηκεν
847 2374 1026 2434 αὐτοῖς
1053 2372 1272 2440 ὁλόγος,
1305 2375 1333 2424 ὁ
1355 2372 1452 2443 τὴν
1507 2375 1874 2442 ἀγεννησίαν
1894 2375 1985 2427 οὐ-

413 2471 532 2527 σίαν
579 2469 745 2524 ποιῶν
784 2485 798 2499 ⁶
831 2467 972 2521 οὕτω
1008 2469 1115 2538 γὰρ
1147 2469 1330 2532 αὐτοῖς
1374 2469 1408 2539 ἡ
1443 2469 1624 2540 ἀπάτη
1650 2469 1989 2523 κατασκευά-

411 2566 581 2630 ζεται.
629 2563 781 2629 Λέξω
833 2561 890 2614 δὲ
943 2561 1124 2625 καθώς
1170 2563 1286 2614 ἐστι
1346 2561 1569 2615 δυνατὸν
1633 2563 1866 2634 ἰσχυρῶς
1918 2566 1986 2634 τῇ

410 2656 622 2726 ἐμαυτῇ
660 2657 808 2724 φωνῇ
857 2654 948 2706 τὸν
996 2654 1102 2708 τῶν
1136 2654 1343 2725 ἐχθρῶν
1383 2654 1773 2726 ἀνθυποφέρων
1807 2655 1984 2724 λόγον.

2088 2015 2156 2069 ad
2189 2015 2242 2070 id
2277 2023 2456 2068 autem
2492 2013 2636 2085 quod
2674 2016 2729 2066 in
2778 2010 3058 2081 proposito
3089 2009 3193 2064 sibi
3222 2005 3405 2062 studio
3439 2003 3661 2058 omnino

2089 2106 2208 2160 ﬁeri
2251 2122 2357 2159 non
2393 2113 2595 2171 potest,
2648 2111 2906 2172 tanquam
2962 2102 3320 2155 conniventes
3373 2105 3427 2151 et
3462 2094 3662 2149 mentis

2088 2198 2279 2251 oculos
2341 2195 2660 2250 claudentes
2715 2194 2951 2263 caligant
3009 2198 3172 2259 atque
3229 2185 3659 2241 hallucinantur.

2088 2288 2222 2354 Quis
2251 2287 2398 2341 enim
2428 2301 2539 2340 non
2573 2285 2798 2339 omnino
2843 2283 3012 2337 animi
3046 2280 3257 2336 viribus
3291 2287 3345 2332 et
3390 2274 3660 2332 sentiendi

2089 2378 2473 2432 instrumentis
2508 2377 2743 2447 lippiens
2790 2383 2844 2430 et
2879 2373 3198 2435 crecutiens,
3249 2385 3360 2424 non
3407 2367 3662 2436 intelligit

2089 2468 2420 2538 principium
2455 2467 2727 2538 dogmatis
2755 2480 2944 2520 eorum
2982 2463 3134 2517 nulla
3164 2474 3425 2530 compage
3458 2457 3664 2513 solida-

2091 2567 2226 2624 tum,
2256 2561 2407 2614 nullo
2446 2559 2609 2614 modo
2648 2574 2810 2629 posse
2843 2556 3163 2618 subsistere,
3206 2563 3259 2608 et
3298 2552 3443 2622 quod
3473 2564 3661 2604 eorum

2090 2654 2232 2707 ratio
2259 2654 2410 2708 nullo
2443 2652 2788 2707 ﬁrmamento
2825 2650 3041 2711 nititur,
3075 2661 3198 2717 qua:
3225 2641 3570 2714 ἁγεννησίαν,
3609 2639 3665 2693 id

409 2758 515 2810 est,
547 2748 1007 2817 ingenerationem,
1049 2747 1178 2800 facit
1231 2748 1524 2802 essentiam
1557 2766 1571 2802 :
1604 2747 1684 2803 sic
1716 2749 1858 2802 enim
1903 2747 2053 2802 fraus
2093 2763 2281 2801 eorum
2309 2746 2674 2816 praestruitur.
2705 2744 2889 2799 Dicam
2917 2741 3060 2796 enim
3092 2737 3269 2808 quoad
3313 2736 3425 2788 ﬁeri
3466 2740 3663 2804 potest,

413 2858 529 2896 mea
572 2856 699 2895 voce
741 2840 949 2894 fortiter
996 2841 1432 2895 adversariorum
1471 2857 1779 2897 sermonem
1818 2843 2146 2912 subiiciens.

483 2931 668 2997 Φᾶσίν,
699 2931 988 3001 ἀγέννητον
1032 2931 1122 2984 τὸν
1171 2932 1301 2986 Θεὸν
1347 2933 1742 3004 ὀνομάζεσθαι·
1783 2934 1986 2988 ἁπλοῦν

411 3025 470 3077 δὲ
510 3020 647 3076 εἶναι
687 3026 752 3093 τῇ
781 3023 940 3092 φύσει
968 3021 1027 3074 τὸ
1059 3021 1212 3074 Θείον
1232 3038 1246 3052 ·
1282 3022 1342 3075 τὸ
1369 3022 1425 3076 δὲ
1462 3023 1687 3090 ἁπλοῦν,
1719 3024 1988 3095 μηδεμίαν

413 3111 753 3182 ἐπιδέχεσθαι
802 3109 1082 3164 σύνθεσινο
1132 3113 1181 3164 εί
1226 3107 1319 3164 οὖν
1368 3111 1658 3176 ἀσύνθετος
1706 3113 1849 3169 κατὰ
1891 3114 1988 3185 τὴν

416 3204 577 3272 φύσιν
627 3203 775 3256 ἐστὶν
827 3205 855 3256 ὀ
883 3199 1036 3266 Θεὸς,
1177 3203 1238 3256 τὸ
1286 3203 1378 3256 τοῦ
1425 3205 1718 3276 ἀγεννήτου
1771 3204 1990 3260 ἔπεστιν

410 3295 606 3364 ὄνομα,
647 3293 814 3364 αὐτῆς
848 3293 913 3346 ἂν
951 3294 1036 3363 εἴη
1078 3294 1176 3365 τῆς
1209 3294 1420 3363 φύσεως
1449 3296 1622 3366 ὄνομα
1661 3297 1721 3350 τὸ
1764 3297 1993 3368 ἀγέννη-

415 3403 527 3464 τονΓ
564 3385 672 3440 Καὶ
693 3385 836 3437 ἔστιν
857 3384 1006 3438 οὐδὲν
1028 3384 1213 3456 ἕτερον
1245 3389 1292 3439 εί
1317 3387 1391 3458 μὴ
1417 3389 1710 3460 άγεννησία
1749 3391 1780 3459 ἠ
1806 3389 1986 3459 φύσις.
2017 3384 2062 3414 “⁴

419 3478 561 3549 Πρὸς
591 3476 682 3540 οὓς
713 3476 869 3530 τοῦτό
908 3493 1086 3546 φαμεν
1105 3493 1120 3507 ⁸
1155 3479 1238 3532 ὅτι
1258 3478 1440 3548 ἕτερον
1461 3479 1554 3532 τοῦ
1569 3479 1993 3544 άσυνθέτο·.›,καὶ

418 3570 603 3641 ἓτερον
629 3569 724 3622 τοῦ
754 3570 1044 3639 ἀγεννήτου
1078 3569 1140 3622 τὸ
1174 3571 1590 3641 σημαινόμενον.
1622 3573 1694 3624 Τὸ
1736 3572 1834 3642 μὲν
1862 3572 1991 3644 γὰρ,

419 3661 518 3729 τὴν
547 3659 823 3730 ἁπλότητα
856 3658 948 3712 τοῦ
989 3659 1346 3730 ὑποκειμένου
1367 3676 1381 3691 ·
1414 3661 1476 3713 τὸ
1501 3661 1578 3723 δὲ,
1611 3660 1672 3714 τὸ
1723 3661 1796 3733 μὴ
1824 3662 1883 3728 ἐξ
1911 3665 1995 3715 al-

419 3751 540 3814 τίας
573 3747 712 3804 εἶναι
739 3753 1053 3823 παρίστησι,
1102 3752 1196 3806 καὶ
1239 3752 1338 3805 οὐκ
1385 3752 1815 3822 ἀπαλλάσσονται
1859 3753 1995 3823 πρὸς

421 3843 657 3912 ἀλλήλας
702 3843 759 3896 αἱ
788 3842 896 3897 τῶν
925 3843 1203 3911 ὀνομάτων
1233 3843 1517 3913 ἐμφάσεις,
1551 3842 1653 3897 κᾶν
1691 3845 1820 3917 περὶ
1847 3845 1908 3897 τὸ
1936 3845 1994 3899 ἓν

424 3934 705 4005 ἀμφότερα
736 3932 980 4004 λέγηται.
1025 3932 1164 3986 Ἀλλ’
1195 3933 1260 3985 ὲκ
1293 3931 1394 4002 μὲν
1437 3933 1537 4003 τῆς
1569 3931 1662 3986 τοῦ
1699 3934 1994 4004 ἀγεννήτου

424 4026 816 4098 προσηγορίας,
858 4026 919 4078 τὸ
950 4026 1078 4080 ἀνευ
1111 4024 1288 4087 αἰτίας
1331 4022 1467 4078 εἶναι
1506 4024 1595 4078 τὸν
1639 4024 1811 4090 οὕτως
1859 4026 1994 4079 ὠνο-

429 4118 703 4188 μασμένον
733 4116 1007 4188 ἐμάθομεν
1027 4132 1044 4149 ⁶
1084 4117 1148 4170 ἐκ
1178 4117 1235 4170 δὲ
1265 4117 1364 4187 τῆς
1392 4117 1484 4170 τοῦ
1514 4117 1705 4184 ἁπλοῦ,
1741 4118 1801 4172 τὸ
1824 4118 1995 4173 καθα-

431 4208 606 4281 ρεύειν
664 4206 994 4271 συνθέσεως·
1045 4207 1326 4280 οὐθέτερον
1372 4207 1428 4260 δὲ
1478 4207 1680 4260 τούτων
1735 4209 1856 4263 ἀντὶ
1900 4209 1995 4266 τοῦ

427 4303 585 4357 ἄλλου
653 4300 891 4369 λέγεται.
959 4299 1164 4353 Οὐκοῦν
1232 4299 1488 4370 οὐδεμίαν
1551 4301 1796 4372 ἀνάγκην
1861 4301 1994 4372 ἔχει,

428 4393 614 4463 ἐπειδὴ
659 4390 865 4446 ἁπλοῦν
906 4391 1022 4444 ὲστι
1072 4393 1141 4462 τῇ
1191 4390 1348 4458 φύσει
1376 4391 1436 4444 τὸ
1467 4391 1637 4457 Θεῖον,
1673 4393 1998 4464 ἀγεννησίαν

426 4485 588 4539 αὐτοῦ
615 4485 711 4556 τὴν
744 4483 902 4554 φύσιν
936 4483 1418 4554 κατονομάζεσθαι.
1484 4484 1644 4538 Ἀλλά
1675 4486 1797 4539 καθ’
1833 4486 1863 4540 ὃ
1898 4486 1998 4556 μὲν

429 4578 639 4648 ἀμερής
670 4579 784 4630 ἐστι
815 4577 908 4629 καλ⁵
945 4575 1256 4641 ἀσύνθετος,
1292 4576 1497 4642 ἁπλοῦς
1547 4577 1786 4646 λέγεται,
1822 4578 1942 4633 καθ’
1969 4579 1998 4632 ὃ

427 4671 483 4722 δὲ
517 4671 615 4722 οὐκ
660 4668 940 4760 ἐγεννηθη,
991 4668 1300 4738 ἀγέννητος.
1342 4671 1404 4722 Et
1446 4670 1501 4722 δὲ
1538 4670 1611 4741 μὴ
1657 4670 1998 4740 σημαίνοιτό
2031 4704 2077 4760 D

427 4761 556 4817 ἄνευ
585 4762 762 4822 αἰτίας
791 4755 927 4812 εἶναι
964 4761 996 4830 ὴ
1041 4758 1190 4830 φωνὴ
1217 4759 1310 4812 τοῦ
1346 4761 1662 4832 ἀγεννήτου,
1692 4761 1805 4814 ἀλλ’
1831 4761 1999 4816 ἀπλό-

427 4868 526 4921 της
548 4849 938 4920 ἀντεισέρχοιτο
957 4850 1024 4920 τῇ
1055 4849 1300 4921 σημασίᾳ
1317 4850 1411 4903 τοῦ
1445 4851 1682 4904 τοιούτου
1717 4851 1998 4922 ὀνόματος,

430 4943 523 4995 καὶ
557 4941 643 4994 διὰ
688 4940 845 4994 τοῦτο
877 4939 1168 5011 ἀγέννητος
1218 4942 1358 4996 κατὰ
1403 4941 1496 4997 τὸν
1539 4943 1694 5010 λόγον
1724 4944 1821 5013 τῆς
1850 4943 2000 5013 αἱρέ-

433 5051 565 5096 σεως
597 5032 825 5101 λέγοιτο,
859 5033 992 5085 διότι
1017 5031 1221 5096 ἀπλοῦς
1273 5035 1388 5086 ἐστι
1423 5032 1518 5086 καὶ
1549 5032 1869 5096 ἀσύνθετος’
1904 5033 2001 5103 μία

431 5125 485 5176 δὲ
519 5123 610 5177 τοῦ
644 5123 816 5177 ἁπλοῦ
857 5141 917 5176 τε
965 5123 1059 5176 καὶ
1107 5124 1399 5195 ἁγεννήτου
1445 5125 1478 5195 ὴ
1525 5123 1788 5194 σημασία,
1825 5126 1917 5178 καὶ
1965 5127 1998 5195 ἡ

430 5214 524 5267 τοῦ
557 5215 684 5268 Υίοῦ
715 5215 954 5284 ἁπλότης
980 5215 1274 5285 άγεννησία
1303 5216 1518 5273 πάντως
1547 5215 2000 5286 ὀνομασθήσεται.

440 5307 668 5360 ’.ὶπλοῦν
700 5306 806 5377 γὰρ
840 5301 978 5361 εἶναι
1007 5307 1071 5377 τῇ
1109 5305 1266 5375 φύσει
1304 5305 1399 5362 καί
1431 5303 1521 5358 τὸν
1572 5305 1832 5376 μονογενῆ
1873 5306 2004 5360 Θεὸν

430 5397 532 5450 οὐκ
552 5397 892 5468 ἀρνήσονται.
925 5398 973 5450 εί
1008 5396 1081 5468 μὴ
1122 5396 1230 5467 ἄρα
1262 5395 1356 5452 καὶ
1398 5395 1460 5448 τὸ
1502 5395 1633 5450 Θεὸν
1658 5391 1796 5449 εἶναι
1841 5398 2004 5450 αὐτὸν

432 5488 772 5558 ἀρνήσαιντο.
817 5487 1024 5542 Οὐκοῦν
1054 5486 1308 5557 οὐδεμίαν
1337 5485 1476 5539 κατά
1501 5487 1562 5540 τὸ
1609 5491 2004 5560 σημαινόμενον

431 5579 712 5631 κοινωνίαν
745 5579 778 5650 ἡ
815 5579 1054 5648 ἁπλότης
1089 5578 1224 5650 πρὸς
1257 5579 1316 5632 τὸ
1341 5578 1629 5648 ἀγέννητον
1651 5579 1783 5645 ἕξει,
1814 5581 1890 5646 ὡς
1915 5581 2000 5635 διὰ

429 5665 491 5718 τδ
522 5666 807 5720 ἀσύνθετον
847 5667 1172 5737 ἀγεννησίαν
1199 5667 1296 5738 τὴν
1338 5666 1498 5736 φύσιν
1524 5668 1616 5719 καὶ
1651 5668 1964 5738 νομίζεσθαι
1984 5686 1999 5701 ο

432 5757 520 5811 ἵνα
561 5758 632 5828 μὴ
663 5757 805 5811 δυοῖν
840 5759 1058 5813 ἀτόποιν
1083 5759 1142 5812 τὸ
1165 5758 1350 5831 ἕτερον
1377 5759 1497 5813 καθ’
1527 5761 1735 5813 ἑαυτῶν
1764 5761 2000 5814 ἐπισπά-

434 5867 628 5917 σοιντο,
659 5848 692 5924 ἦ
727 5849 1045 5923 ἀρνούμενοι
1070 5850 1162 5905 τοῦ
1195 5849 1533 5922 Μονογενοῢς
1571 5850 1666 5922 τὴν
1698 5850 1942 5923 θεότητα,
1968 5853 2000 5921 ἢ

1492 6083 1565 6098 ’-ν

2163 2934 2350 2997 Aiunt,
2384 2931 2551 2987 Deum
2593 2929 2892 3002 ingenitum
2925 2925 3220 2986 nominari,
3267 2923 3525 2976 deitatem
3571 2903 3670 2972 au?

2090 3031 2199 3079 tem
2253 3022 2556 3092 simplicem
2606 3036 2727 3075 esse
2764 3025 2982 3081 natura,
3032 3016 3346 3082 nullamque
3384 3010 3672 3064 admittere

2091 3116 2567 3187 compositionem.
2609 3112 2668 3166 Si
2703 3113 2868 3183 igitur
2897 3108 3198 3166 secundum
3239 3116 3488 3159 naturam
3531 3101 3672 3156 Deus

2092 3218 2178 3265 est
2210 3209 2438 3278 simplex
2470 3215 2532 3261 οι·
2557 3202 2926 3260 concretionis
2949 3215 3164 3271 expers.
3201 3197 3286 3251 cui
3320 3193 3547 3266 ingeniti
3576 3208 3673 3246 no-

2094 3316 2218 3357 men
2249 3300 2412 3363 inest,
2455 3299 2629 3368 ipsius
2669 3306 2878 3350 natura:
2912 3308 3109 3348 nomen
3144 3290 3303 3344 fuerit
3342 3287 3486 3358 quod
3520 3285 3674 3353 inge-

2094 3395 2267 3448 nitum
2293 3399 2396 3447 est.
2415 3390 2666 3460 Nihilque
2705 3396 2789 3443 est
2816 3385 2963 3440 aliud
2991 3392 3205 3444 natura,
3225 3381 3329 3435 nisi
3355 3376 3672 3448 άγεννησία,

2093 3487 2148 3540 id
2186 3492 2269 3541 est
2318 3483 2663 3555 ingeneralio.
2697 3480 2778 3534 Ad
2822 3493 2961 3549 quos
3006 3477 3110 3530 hoc
3161 3474 3398 3528 dicimus
3447 3489 3461 3524 :
3513 3469 3673 3535 Quod

2093 3579 2238 3631 aliud
2267 3584 2351 3631 est
2373 3572 2745 3644 incompositi,
2767 3579 2820 3625 et
2844 3569 2987 3624 aliud
3019 3566 3245 3638 ingeniti
3267 3563 3672 3634 signiﬁcatum;

2094 3667 2227 3724 illud
2251 3666 2474 3737 quidem
2512 3663 2914 3733 siniplfcitatem
2950 3657 3219 3726 subjecti,
3265 3657 3368 3710 hoc
3401 3669 3530 3709 vero
3565 3668 3674 3708 non

2094 3771 2161 3810 ex
2191 3769 2354 3808 causa
2398 3768 2520 3808 csse
2555 3758 2932 3822 reprmscntat.
2977 3747 3089 3803 Nec
3124 3747 3403 3801 nominum
3439 3744 3676 3814 prepriaa

2097 3843 2524 3915 signiﬁcationes
2577 3842 2720 3895 inter
2757 3855 2816 3894 se
2860 3846 3162 3899 mutantur,
3209 3838 3423 3891 tametsi
3456 3835 3523 3890 de
3566 3849 3676 3888 uno

2097 3938 2256 3989 ambo
2286 3933 2562 3988 dicantur.
2593 3931 2699 3987 Sed
2741 3947 2809 3986 ex
2851 3929 3080 4001 ingeniti
3122 3928 3503 3998 appellatione,
3545 3926 3676 3980 abs-‘-

2095 4041 2201 4096 que
2234 4038 2400 4080 causa
2443 4039 2565 4078 esse
2593 4038 2714 4076 eum
2755 4022 2847 4091 qui
2894 4023 2975 4075 sic
3013 4019 3326 4073 nominatur
3359 4017 3673 4080 didicimus,

2096 4123 2259 4184 atque
2285 4129 2351 4168 ex
2384 4113 2650 4183 simplicis
2677 4111 3060 4182 appellatione,
3099 4125 3227 4164 eum
3255 4109 3324 4162 ab
3355 4109 3503 4162 omni
3538 4122 3676 4161 con-

2096 4206 2340 4261 cretione
2371 4212 2427 4260 et
2471 4204 2871 4273 compositione
2929 4203 3158 4260 liberum
3206 4211 3260 4257 et
3307 4215 3503 4271 purum
3552 4215 3676 4254 esse

2097 4296 2448 4366 intelligimus
2481 4311 2494 4350 :
2523 4295 2719 4348 horum
2770 4302 2952 4348 autem
2985 4301 3238 4347 neutrum
3274 4306 3372 4362 pro
3398 4291 3504 4343 alio
3533 4288 3675 4343 diei-

2096 4396 2207 4443 tur.
2258 4386 2472 4442 Nullam
2529 4386 2695 4453 igitur
2736 4386 3118 4441 necessitatem
3173 4385 3373 4447 habet,
3414 4383 3672 4452 quoniam

2097 4491 2290 4535 natura
2312 4477 2452 4534 Deus
2468 4476 2700 4546 simplex
2723 4483 2826 4540 est,
2860 4475 3206 4546 άγεννησίαν.
3231 4473 3677 4542 ingenerationem

2097 4573 2218 4641 ejus
2247 4576 2496 4626 naturam
2523 4568 2818 4624 nominari.
2847 4565 2954 4622 Sed
2979 4580 3085 4635 qua
3108 4565 3343 4636 partium
3372 4571 3457 4618 est
3481 4578 3678 4633 expers

2103 4672 2159 4720 et
2186 4663 2600 4733 incompositus,
2641 4661 2868 4730 simplex
2896 4658 3130 4722 dicitur;
3159 4671 3265 4726 qua
3296 4671 3426 4711 vero
3460 4671 3568 4708 non
3594 4665 3680 4709 est

2109 4755 2348 4824 genitus,
2383 4751 2660 4822 ingenitus
2699 4749 2880 4804 dictus
2915 4755 3019 4802 est.
3053 4745 3208 4813 Quod
3245 4745 3290 4798 si
3322 4744 3545 4813 ingeniti
3572 4757 3678 4796 Vox

2107 4849 2226 4902 sine
2255 4859 2420 4899 causa
2450 4858 2573 4898 esse
2598 4857 2706 4896 non
2735 4839 3003 4911 signiticet
3029 4857 3041 4892 :
3067 4837 3159 4893 sed
3190 4835 3511 4904 simplicitas
3541 4835 3677 4888 sub-

2107 4939 2482 5009 ingrederetur
2529 4932 2978 5004 signiﬁcationem
3031 4930 3158 4984 talis
3203 4927 3442 4981 nominis
3479 4943 3492 4978 :
3526 4925 3678 4979 ideo-

2110 5047 2215 5100 que
2255 5029 2531 5098 ingenitus
2567 5024 2873 5081 secundum
2921 5023 3192 5074 rationem
3225 5020 3495 5075 haereseos
3524 5018 3678 5072 dice-

2110 5130 2279 5182 retur,
2307 5125 2591 5189 propterca
2614 5115 2759 5185 quod
2787 5115 3016 5189 simplex
3049 5121 3135 5167 est
3157 5119 3212 5166 et
3242 5111 3673 5178 incompositus:

2105 5228 2212 5264 una
2249 5219 2431 5264 autem
2480 5208 2748 5279 simplicis
2794 5216 2848 5262 et
2892 5204 3240 5274 incompositi
3289 5202 3677 5271 signiﬁcantia,

2105 5306 2268 5360 etiam
2309 5302 2431 5357 Filii
2464 5302 2788 5372 simplicitas
2825 5299 3124 5369 ἀγεννησία
3175 5312 3402 5366 prorsus
3431 5296 3680 5348 n0mina-

2104 5398 2253 5452 bitur
2299 5415 2312 5448 :
2366 5396 2667 5465 simplicem
2718 5395 2860 5447 enim
2902 5408 3023 5447 esse
3074 5400 3266 5444 natura
3341 5387 3677 5455 unigenitum

2106 5489 2274 5543 Deum
2313 5504 2418 5543 non
2451 5488 2860 5548 inﬁcialmntnr,
2908 5485 3014 5538 nisi
3065 5499 3198 5537 sane
3233 5481 3450 5550 penitus
3498 5479 3677 5542 ipsum

2109 5579 2278 5633 Deum
2308 5594 2430 5633 esse
2465 5585 2683 5646 negent.
2720 5575 2863 5646 Ergo
2894 5575 3096 5628 nullam
3135 5569 3437 5626 secundum
3469 5568 3679 5637 signiti-

2109 5678 2292 5724 catum
2328 5669 2652 5736 simplicitas
2673 5681 2797 5721 cum
2827 5665 3071 5734 ingenito
3094 5661 3313 5716 habebit
3341 5657 3678 5712 communio-

2110 5777 2259 5827 nem,
2300 5769 2360 5813 ut
2392 5775 2488 5829 per
2522 5759 2574 5813 id
2605 5758 2754 5827 quod
2789 5767 2872 5812 est
2907 5750 3672 5826 incompositumﬁyequta.

2113 5852 2163 5906 id
2200 5860 2281 5907 est
2326 5849 2670 5920 ἔπρεπεν-ιιιίοι
2694 5855 2889 5902 natura
2930 5845 3296 5905 existimetur,
3335 5854 3406 5894 ne
3441 5839 3675 5892 duorum
