4142 6374
469 420 574 477 919

1714 418 1768 473 S.
1806 415 2141 473 GREGORII
2182 417 2472 476 NYSSENI

3623 428 3734 485 920

470 532 836 589 absurdorum
892 533 1126 588 alterum
1172 537 1368 588 contra
1413 536 1624 605 seipsos
1667 536 1889 590 eliciant
1918 553 1931 587 :
1962 534 2046 588 vel

2156 538 2386 608 κάκείνῳ
2442 538 2541 610 τὴν
2594 538 2919 609 ἁγεννησίαν
2983 540 3425 612 ἐπιφημίζοντες.
3496 542 3558 596 Ei
3619 544 3729 617 γὰρ

474 635 735 698 negantes
764 625 1045 698 Unigeniti
1086 627 1370 694 deitatem,
1402 628 1489 682 vel
1542 629 1704 683 etiam
1741 632 1794 682 in
1845 632 1937 685 illo
1967 630 2050 683 in»

472 720 637 787 geniti
698 719 967 774 rationem
1012 719 1310 775 celebrent.
1364 718 1421 772 Si
1460 719 1603 773 enim
1657 718 1799 773 Deus
1858 731 2051 773 natura

474 812 722 881 simplex,
742 827 939 865 nomen
957 819 1137 866 autem
1158 810 1477 881 (secundum
1497 811 1665 881 ipsos)
1685 812 2051 881 simplicitatis

471 912 554 959 est
573 905 893 973 ingenitum,
912 904 995 960 vel
1008 905 1371 974 compositum
1390 903 1585 959 Filium
1602 921 1725 961 esse
1742 906 2048 969 adstruent,

474 1012 598 1048 rulll
663 1012 773 1065 quo
823 1012 1003 1066 neque
1063 994 1236 1051 Deum
1289 1012 1411 1052 esse
1465 998 1904 1062 demonstratur,
1965 999 2047 1053 vel

472 1088 518 1142 si
574 1088 628 1140 in
693 1088 812 1156 ipso
859 1087 1116 1142 deitatem
1155 1088 1516 1151 conﬁtentur,
1580 1089 1809 1158 simplex
1868 1098 2049 1143 autem

473 1179 617 1231 sicut
670 1180 879 1233 dictum
920 1187 1025 1243 est,
1088 1178 1230 1233 Deus
1290 1189 1395 1245 est,
1446 1181 1697 1236 eumdem
1751 1181 2049 1251 ingenitum

475 1278 696 1340 propter
753 1271 1161 1341 simplicitatem
1227 1276 1452 1327 omnino
1508 1289 1629 1329 esse
1676 1281 2047 1342 praestruunt;

473 1362 743 1430 siquidem
806 1363 1132 1444 simplicitas
1187 1364 1327 1418 idem
1395 1379 1519 1418 cum
1566 1364 1860 1436 ἁγεννησίᾳ
1912 1365 2049 1419 exis-

472 1456 721 1511 timatur.
781 1453 852 1511 Ut
895 1466 1076 1511 autem
1126 1457 1271 1527 quod
1325 1457 1529 1511 dicitur
1586 1458 1790 1512 clarius
1842 1459 2051 1514 eluces-

475 1557 598 1609 cat,
654 1564 847 1604 rursus
906 1550 1053 1619 quod
1097 1561 1181 1605 est
1231 1550 1438 1605 dictum
1480 1559 1738 1620 repetam.
1787 1549 1897 1605 Nos
1948 1552 2050 1605 hoc

474 1641 731 1703 dicimus,
764 1640 909 1709 quod
959 1640 1014 1694 in
1057 1649 1288 1710 utroque
1336 1640 1616 1693 nominum
1658 1640 1848 1694 subest
1887 1640 2050 1710 quid-

471 1731 596 1784 dam
634 1732 916 1801 proprium
950 1732 1094 1801 quod
1139 1731 1511 1801 signiﬁcatur,
1551 1746 1725 1801 neque
1762 1747 1856 1801 per
1894 1733 2049 1802 iuge-

471 1823 671 1888 nitum,
720 1823 773 1876 id
823 1824 968 1893 quod
1018 1824 1393 1889 individuum,
1445 1824 1559 1879 sive
1602 1825 1745 1893 quod
1802 1824 2049 1894 partibus

471 1923 645 1980 caret,
701 1915 1078 1986 signiﬁcatur,
1128 1932 1305 1986 neque
1348 1931 1443 1985 per
1493 1917 1723 1986 simplex
1771 1918 1914 1986 quod
1964 1927 2049 1971 est

472 2004 801 2077 ingenitum,
850 2007 945 2061 sed
990 2007 1044 2060 in
1094 2007 1326 2076 simplici
1376 2009 1595 2077 quidem
1642 2010 1785 2076 quod
1836 2009 2047 2062 incom-

473 2101 711 2170 positum
748 2110 850 2161 est,
895 2108 1076 2153 mente
1126 2100 1572 2171 complectimur,
1616 2110 1669 2153 et
1719 2101 1771 2153 in
1809 2101 2049 2170 ingenito

474 2204 583 2245 non
614 2207 676 2244 ex
723 2191 905 2259 aliqua
943 2205 1108 2245 causa
1140 2206 1262 2245 esse
1305 2191 1599 2259 signiﬁcari
1645 2192 1791 2246 docti
1833 2209 2044 2247 sumus.

474 2280 670 2336 Filium
710 2292 888 2336 autem
918 2298 983 2336 ex
1015 2281 1125 2336 Deo
1160 2280 1324 2335 Deum
1352 2297 1496 2345 esse.
1528 2282 1813 2353 ipsumque
1842 2285 2051 2353 simpli-

481 2364 611 2427 cem
635 2372 860 2427 credere
897 2382 1149 2440 Oportere
1177 2372 1529 2437 arbitramur,
1566 2374 1695 2443 quia
1729 2375 1873 2443 quod
1904 2376 2049 2430 Deus

472 2471 580 2525 est,
612 2464 680 2517 ab
718 2464 865 2518 omni
897 2466 1248 2520 concretione
1285 2482 1480 2537 purum
1514 2477 1614 2522 est.
1653 2470 1825 2538 Atque
1859 2471 2049 2524 eodem

476 2560 638 2613 modo
661 2561 823 2613 etiam
867 2560 921 2613 in
962 2560 1084 2624 hoc,
1131 2576 1308 2629 neque
1341 2576 1437 2630 per
1469 2561 1591 2615 Filii
1636 2565 2050 2633 appellationem

474 2651 878 2720 simplicitatem
910 2653 1161 2707 essentia:
1189 2653 1521 2722 signiﬁcare,
1554 2671 1727 2724 neque
1752 2672 1847 2725 per
1876 2657 2048 2727 ipsam

476 2740 884 2807 simplicitatem
936 2739 1056 2794 Filii
1093 2742 1459 2811 signiﬁcatum
1490 2753 1904 2813 reprasentare,
1955 2745 2048 2799 sed

474 2847 541 2886 ex
568 2831 671 2886 hoc
699 2832 941 2902 quidem,
980 2848 1173 2903 nempe
1214 2833 1335 2887 Filii
1368 2836 1608 2893 nomine.
1637 2853 1757 2905 quze
1797 2854 1860 2890 ex
1887 2838 2051 2891 Patre

474 2931 559 2978 est
604 2923 961 2978 subsistentia
1011 2924 1301 2980 manifesta
1348 2926 1482 2979 ﬁat:
1512 2942 1577 2980 ex
1614 2927 1851 2997 simplici
1898 2945 2050 2992 vero,

474 3015 531 3071 id
560 3015 703 3087 quod
744 3032 848 3070 vox
884 3016 1008 3071 talis
1039 3017 1301 3071 declarat.
1332 3017 1599 3084 Quoniam
1634 3019 1797 3087 igitur
1840 3020 2051 3089 simpli-

474 3105 660 3161 citatis
701 3122 823 3177 quae
868 3115 951 3162 est
987 3109 1286 3169 secundum
1318 3110 1614 3164 essentiam
1656 3110 1794 3163 ratio
1833 3112 2050 3179 quidem

482 3217 589 3253 uua
621 3210 676 3255 et
716 3200 904 3255 eadem
946 3211 1000 3255 et
1030 3200 1082 3255 in
1123 3200 1280 3256 Patre
1309 3211 1363 3256 et
1397 3201 1452 3255 in
1488 3201 1624 3255 Filio
1667 3202 1901 3269 dicatur,
1956 3218 2047 3257 ne-
2075 3216 2123 3279 ο

478 3308 589 3360 que
619 3292 1003 3347 imminutione
1047 3293 1247 3362 aliqua,
1280 3309 1456 3363 neque
1501 3294 1862 3349 redundantia
1893 3294 2049 3350 diﬁc-

478 3397 633 3448 rens;
671 3383 916 3451 genitum
954 3392 1136 3437 autem
1168 3385 1237 3437 ab
1272 3385 1515 3455 ingenito
1549 3385 1845 3439 secundum
1878 3388 2051 3454 signi-

478 3482 699 3537 ﬁcetum
734 3481 960 3535 multum
1007 3480 1222 3535 diﬁ'erat
1256 3501 1269 3536 :
1309 3482 1410 3535 hoc
1450 3482 1594 3537 enim
1640 3485 1693 3536 in
1744 3485 1914 3538 altero
1949 3499 2049 3537 no-

477 3574 687 3629 minum
736 3575 862 3629 licet
908 3574 1231 3643 intelligere.
1262 3575 1407 3643 quod
1452 3575 1505 3627 in
1552 3577 1722 3629 altero
1766 3592 1872 3630 non
1909 3587 1991 3631 cst
2032 3593 2050 3629 :

479 3678 768 3738 propterea
807 3667 1064 3730 dicimus,
1103 3668 1308 3720 nullam
1340 3667 1720 3722 necessitatem
1750 3683 1892 3729 esse,
1925 3683 2049 3722 cum

479 3761 553 3816 sit
581 3761 852 3831 ingenitus
879 3758 1059 3823 Pater,
1098 3760 1360 3829 quoniam
1401 3760 1521 3829 ejus
1551 3761 1789 3815 essentia
1824 3762 2049 3831 simplex

478 3860 585 3919 est,
608 3853 953 3923 ἁγεννησίαν,
975 3853 1438 3922 ingenerationem,
1463 3852 1571 3906 dici
1594 3852 1713 3921 ejus
1732 3855 2049 3908 essentiam.

478 3942 667 4014 Neque
700 3949 867 4005 enim,
909 3944 1135 4013 simplex
1174 3960 1299 3998 cum
1350 3945 1421 3998 sit
1455 3943 1646 4006 Filius,
1682 3953 1736 3999 et
1773 3945 1914 3999 idem
1962 3962 2054 4013 ge-

482 4037 633 4091 nitus
687 4036 952 4096 creditus,
992 4036 1398 4105 simplicitatem
1442 4036 1561 4102 ejus
1601 4036 1834 4089 dicimus
1864 4052 2052 4090 essen-

481 4128 635 4181 tiam.
682 4126 787 4181 Sed
834 4126 1289 4196 quemadmodum
1323 4127 1547 4194 simplex
1591 4136 1673 4181 est
1721 4128 1959 4181 essentia
2002 4137 2055 4179 et

481 4236 593 4274 non
633 4220 979 4288 simplicitas,
1036 4220 1115 4273 sic
1160 4228 1214 4273 et
1265 4220 1506 4274 essentia
1550 4220 1813 4289 ingenita,
1864 4229 2053 4275 etnon

481 4310 799 4381 ἁγεννησία,
831 4311 1174 4381 ingeneratio.
1210 4309 1411 4363 Eodem
1445 4310 1608 4363 modo
1638 4327 1761 4363 cum
1796 4310 1867 4364 sit
1891 4312 2054 4365 etiam

483 4402 700 4470 genitus
732 4400 922 4464 Filius,
955 4401 1023 4455 ab
1055 4400 1202 4454 omni
1250 4400 1575 4455 necessitate
1606 4401 1783 4455 soluta
1813 4412 1897 4455 est
1926 4416 2053 4453 ora-

485 4497 581 4559 tio,
628 4494 888 4563 quoniam
935 4493 1163 4562 simplex
1220 4501 1304 4547 est
1355 4493 1527 4564 ipsius
1565 4493 1825 4555 essentia,
1867 4508 2057 4546 essen-

2154 628 2356 681 ἁπλοῦν
2389 629 2487 700 μὲν
2516 633 2580 700 τῇ
2606 630 2763 700 φύσει
2794 631 2854 683 τὸ
2883 631 3057 693 Θείον,
3095 634 3264 704 ὄνομα
3298 634 3354 687 δὲ
3391 637 3508 687 κατ’
3522 626 3728 702 ἀὐτοὺς

2152 720 2250 790 τῆς
2288 720 2588 791 ἀπλότητὸς
2621 724 2735 774 ἐστι
2780 723 2839 774 τὸ
2868 723 3179 790 ἀγέννητον,
3225 724 3257 794 ἦ
3306 724 3556 779 σύνθετον
3591 724 3726 780 εἶναι

2152 813 2243 866 τὸν
2284 814 2412 866 Υἱὺν
2459 815 2977 879 κατασκευάσουσιν,
3030 810 3073 883 ᾧ
3115 817 3177 869 τὸ
3228 818 3363 885 μηδὲ
3410 817 3541 870 Θεὸν
3588 817 3726 872 εἶναι

2152 900 2658 973 συναποδείκνυται,
2705 907 2737 977 ἢ
2770 911 2816 960 εἰ
2845 909 3155 979 ὁμολογοῖεν
3185 911 3269 963 ἐπ’
3299 910 3450 980 αὐτῷ
3478 912 3577 977 τὴν
3607 911 3724 964 θεό-

2150 1011 2307 1063 τητα,
2345 996 2548 1049 ἁπλοῦν
2588 998 2664 1059 δὲ,
2701 997 2881 1062 καθὼς
2926 1000 3161 1070 εἴρηται,
3192 999 3252 1051 τὸ
3272 999 3423 1052 Θείόν
3466 1001 3600 1058 ἐστι.
3636 1001 3727 1053 τὸν

2151 1086 2311 1138 αὑτὸν
2353 1087 2446 1139 καὶ
2473 1086 2764 1156 ἀγέννητον
2793 1088 2880 1141 διὰ
2908 1090 3004 1158 τὴν
3039 1089 3315 1159 ἁπλότητα
3344 1090 3559 1153 πάντως
3589 1087 3725 1144 εἶναι

2150 1179 2648 1242 κατασκευάζουσιν
2672 1196 2687 1210 ⁸
2737 1182 2895 1252 εἴπερ
2936 1182 2969 1252 ἡ
3001 1180 3239 1252 ἁπλότης
3267 1181 3433 1234 ταύτὸ
3459 1184 3524 1252 τῇ
3568 1183 3723 1249 ἀγεν-

2150 1272 2312 1343 νησίᾳ
2341 1272 2618 1343 νομίζεται
2640 1291 2653 1305 ·
2692 1274 2768 1336 ὡς
2810 1273 2854 1326 δ’
2889 1273 2955 1327 ἂν
2984 1273 3314 1343 σαφέστερον
3346 1272 3407 1325 τὸ
3437 1272 3725 1342 λεγόμενον

2150 1365 2379 1433 γένοιτο,
2424 1366 2585 1418 πάλιν
2625 1366 2686 1418 τὸ
2728 1365 2890 1435 ῥηθὲν
2930 1365 3293 1435 ἀναλήψομαι.
3338 1364 3531 1434 Ἡμεῖς
3567 1364 3724 1417 τοῦτό

2151 1474 2350 1527 φαμεν,
2400 1459 2480 1511 ὅτι
2533 1461 2589 1511 ὲν
2638 1458 2882 1528 ἐκατέρῳ
2915 1457 3021 1510 τῶν
3062 1458 3358 1528 ὀνομάτων,
3408 1457 3536 1511 ῐδιόν
3567 1475 3617 1510 τι
3664 1458 3724 1511 τδ

2152 1549 2549 1620 σημαινόμενον
2601 1549 2827 1601 ὕπεστι·
2887 1550 2981 1601 καὶ
3039 1548 3161 1601 οὔτε
3219 1547 3295 1618 τῷ
3342 1550 3618 1620 ἁγεννήτῳ
3664 1549 3725 1602 τὸ

2150 1641 2354 1711 ἀμερὲς
2396 1642 2775 1712 ἑρμηνεύεται,
2826 1640 2949 1694 οὔτε
2995 1640 3073 1711 τῷ
3105 1640 3258 1711 ἁπλῷ
3297 1641 3360 1693 τὸ
3396 1641 3720 1711 ἀγέννητον·

2149 1733 2264 1786 ἀλλ’
2295 1735 2352 1785 ὲν
2385 1734 2481 1802 μὲν
2508 1733 2587 1803 τῷ
2622 1733 2796 1802 ἁπλῷ,
2825 1734 2886 1785 τὸ
2914 1732 3205 1786 ἀσύνθετον
3228 1734 3547 1803 ὲνοήσαμεν,
3580 1735 3637 1786 ὲν
3666 1733 3724 1786 δὲ

2149 1819 2227 1891 τῷ
2258 1821 2554 1891 ἀγεννήτῳ,
2583 1821 2642 1873 τὸ
2684 1822 2758 1891 μὴ
2804 1822 2862 1887 ἐξ
2897 1822 3074 1884 αἰτίας
3107 1818 3243 1875 εἷναί
3271 1840 3411 1885 τινος
3443 1822 3725 1893 ἐδιδάχθη-

2155 1930 2273 1984 μεν.
2332 1913 2436 1966 Τὸν
2479 1914 2535 1965 δὲ
2568 1914 2695 1966 Υίὸν
2742 1915 2807 1967 ἐκ
2846 1914 2980 1967 Θεοῦ
3031 1914 3164 1966 Θεὸν
3216 1913 3363 1978 ὅντα,
3414 1915 3509 1967 καὶ
3563 1915 3727 1968 αὑτὸν

2149 2005 2355 2059 ἁπλοῦν
2388 2006 2663 2058 πιστεύειν
2695 2005 2920 2075 οἰόμεθα
2942 2007 3052 2059 δεῖν
3073 2023 3085 2036 ·
3117 2005 3203 2059 διὰ
3231 2007 3291 2059 τὸ
3323 2007 3505 2076 πάσης
3535 2007 3726 2060 συνθέ-

2152 2114 2290 2160 σεως
2318 2096 2640 2167 καθαρεύειν
2668 2097 2727 2150 τὸ
2761 2098 2930 2152 Θείον.
2967 2099 3077 2152 Καὶ
3103 2098 3245 2152 κατὰ
3289 2100 3379 2152 τὸν
3413 2100 3571 2153 αὑτὸν
3603 2100 3725 2170 τρέω

2151 2208 2249 2242 πον
2272 2190 2363 2243 καὶ
2388 2191 2479 2243 ἐπὶ
2507 2189 2715 2251 τούτου,
2750 2192 2884 2259 μήτε
2915 2191 3003 2244 διὰ
3036 2192 3136 2261 τῆς
3172 2191 3267 2244 τοῦ
3294 2192 3426 2244 Υἱοῦ
3451 2210 3724 2263 προσηγοσ

2155 2283 2273 2351 ρίας
2303 2281 2399 2353 τὴν
2426 2282 2698 2353 ἁπλότητα
2736 2283 2835 2350 τῆς
2862 2283 3048 2345 οὐσίας
3092 2284 3399 2354 σημαίνειν,
3434 2284 3558 2354 μήτ’
3586 2285 3723 2353 αὐτῇ

2152 2374 2410 2438 ἁπλότητι
2449 2376 2717 2445 παριστᾷν
2756 2373 2817 2426 τὸ
2849 2374 2940 2427 τοῦ
2968 2375 3099 2428 Υἱοῦ
3139 2376 3549 2445 σημαινόμενον.
3585 2375 3729 2427 Ἀλλ’

2151 2466 2215 2517 ὲκ
2259 2465 2446 2517 τούτου
2497 2465 2616 2535 μὲν,
2642 2464 2741 2535 τὴν
2780 2467 2845 2519 ἐκ
2875 2466 2969 2518 τοῦ
3006 2466 3219 2537 Πατρὸς
3244 2466 3537 2520 ὑπόστασιν
3563 2483 3725 2535 φανε-

2154 2557 2397 2627 ρούσθω·
2435 2559 2499 2610 ἐκ
2537 2557 2594 2610 δὲ
2635 2556 2728 2610 τοῦ
2774 2556 2967 2617 ἁπλοῦ,
2999 2558 3134 2629 ὅπερ
3162 2559 3414 2628 ἐμφαίνει
3445 2560 3478 2628 ἡ
3506 2559 3726 2627 τοιαύτη

2153 2651 2327 2720 φωνή.
2396 2650 2549 2703 Ἐπεὶ
2585 2647 2678 2704 οὖν
2723 2653 2752 2703 6
2799 2649 2897 2720 μὲν
2926 2650 3024 2719 τῆς
3065 2649 3186 2702 κατ’
3214 2651 3401 2704 οὐσίαν
3427 2650 3727 2721 ἁπλότητος

2151 2738 2306 2806 λόγος
2334 2735 2413 2801 εἷς
2446 2739 2539 2793 καὶ
2586 2741 2615 2793 6
2659 2740 2821 2804 αὐτὸς
2866 2742 2959 2795 καὶ
3010 2741 3099 2793 ἐπὶ
3144 2740 3357 2811 Πατρὸς
3381 2741 3601 2811 λέγηται
3635 2743 3728 2794 καί

2152 2831 2244 2882 ἐπὶ
2278 2831 2429 2896 Υίοῦ,
2457 2830 2577 2883 οὔτε
2608 2832 2795 2901 ὑφέσει
2819 2834 2947 2894 τινὶ,
2976 2831 3098 2885 οὔτε
3132 2832 3454 2902 πλεονασμῷ
3481 2832 3723 2884 διαλλάσ-

2154 2938 2290 2973 σων·
2340 2922 2400 2973 τὸ
2435 2922 2490 2974 δὲ
2520 2921 2777 2991 γεννητὸν
2807 2921 2885 2992 τῷ
2932 2923 3213 2992 ἀγεννήτῳ
3249 2921 3448 2991 πολλὴν
3489 2922 3628 2973 κατὰ
3665 2919 3730 2973 τό

2154 3014 2550 3082 σημαινόμενον
2578 3013 2675 3084 τὴν
2704 3014 2964 3082 διαφορὰν
2986 3012 3097 3083 ἔχει
3118 3028 3135 3045 ·
3175 3014 3331 3065 τοῦτο
3360 3012 3646 3083 γὰρ,ἕστιν
3671 3015 3730 3064 ὲν

2153 3103 2229 3173 τῷ
2277 3104 2448 3174 ἑτέρῳ
2489 3104 2597 3156 τῶν
2649 3105 2925 3172 ὀνομάτων
2957 3104 3168 3173 νοῆσαι,
3212 3102 3239 3155 ὃ
3269 3104 3326 3155 ὲν
3353 3102 3431 3172 τῷ
3463 3103 3604 3170 ἄλλῳ
3630 3104 3731 3155 οὐκ

2154 3194 2267 3246 ἐστι
2297 3208 2311 3222 ⁶
2353 3195 2437 3249 διὰ
2479 3193 2635 3246 τοῦτὸ
2685 3211 2864 3263 φαμεν
2936 3193 3206 3265 μηδεμίαν
3270 3194 3515 3262 ἀνάγκην
3568 3189 3730 3258 εἶναι,

2157 3287 2451 3357 ἀγεννήτου
2501 3286 2652 3349 ὄντος
2708 3286 2801 3338 τοῦ
2852 3286 3085 3354 Πατρὸς,
3143 3285 3326 3356 ἐπειδὴ
3378 3285 3521 3356 ἁπλῆ
3584 3287 3733 3337 ἐστιν

2157 3378 2321 3431 αὐτοῦ
2373 3380 2404 3448 ἡ
2452 3378 2627 3441 οὐσία,
2663 3378 2984 3448 ἁγεννησίαν
3027 3377 3280 3445 λέγεσθαι
3306 3376 3469 3430 αὑτοῦ
3504 3377 3602 3446 τὴν
3638 3377 3733 3428 ού-

2159 3472 2300 3524 σίαν.
2352 3470 2484 3523 Οὐδὲ
2528 3470 2635 3540 γὰρ
2686 3469 2856 3522 ἁπλοῦ
2907 3470 3058 3532 ὄντος
3096 3468 3191 3522 τοῦ
3234 3468 3387 3531 Υίοῦ,
3435 3469 3529 3522 τοῦ
3570 3468 3736 3522 αὑτοῦ

2156 3563 2252 3616 καὶ
2280 3560 2539 3631 γεννητοῦ
2575 3556 2713 3613 εἶναι
2754 3560 3209 3629 πεπιστευμένου,
3254 3558 3530 3629 ἁπλότητα
3577 3558 3736 3625 λέγο-

2160 3671 2258 3725 μεν
2279 3652 2375 3723 τὴν
2403 3652 2609 3706 οὐσίαν.
2660 3651 2798 3703 Ἀλλ’
2830 3650 3015 3722 ὥσπερ
3040 3650 3184 3718 ἁπλῆ
3211 3652 3356 3703 ἐστιν
3387 3652 3420 3720 ή
3450 3650 3736 3713 obsim-sal.

2155 3748 2253 3816 οὐχ
2287 3745 2543 3815 ἁπλότης,
2566 3743 2738 3806 οὕτως
2766 3743 2857 3797 καὶ
2884 3742 3175 3813 ἀγέννητός
3206 3743 3354 3794 ἐστιν
3387 3743 3419 3811 ὴ
3448 3741 3603 3795 οὐσία
3641 3742 3736 3793 καὶ

2155 3839 2255 3891 οὐκ
2300 3836 2611 3908 ἁγεννησία.
2661 3836 2764 3889 Τὸν
2811 3836 2975 3888 αὑτὸν
3022 3834 3219 3905 τρόπον
3266 3833 3525 3903 γεννητοῦ
3583 3834 3736 3895 ὄντος

2156 3933 2250 3986 καὶ
2286 3931 2381 3985 τοῦ
2432 3930 2585 3994 Υἱοῦ,
2619 3930 2799 3999 πάσης
2850 3930 3095 3998 ἀνάγκης
3137 3931 3164 3981 ό
3196 3927 3352 3997 λόγος
3383 3925 3735 3997 κεχώρισται,

2156 4020 2342 4091 ἐπειδὴ
2396 4020 2537 4090 ἁπλῆ
2586 4020 2731 4071 ἐστιν
2774 4016 2938 4070 αὑτοῦ
2986 4018 3019 4087 ἡ
3061 4015 3236 4079 οὐσία,
3285 4016 3537 4084 γέννησιν
3571 4014 3737 4066 αύτοῦ

2154 4114 2254 4186 τὴν
2284 4115 2469 4166 οὐσίαν
2501 4112 2809 4183 ὁρίζεσθαι·
2842 4110 2976 4163 ἀλλά
3004 4110 3096 4163 καὶ
3120 4107 3351 4161 ἐνταῦθα
3388 4109 3524 4160 ἰδίαν
3554 4107 3738 4177 ἔμιξα-

2158 4222 2242 4257 σιν
2275 4205 2510 4274 ἑκάτερα
2551 4203 2660 4255 τῶν
2685 4202 2962 4272 ὀνομάτων
2993 4200 3126 4271 ἔχει.
3165 4201 3237 4254 "ll
3262 4216 3320 4251 τε
3362 4199 3470 4269 γὰρ
3492 4197 3586 4249 τοῦ
3618 4215 3741 4264 γεν-

2155 4298 2317 4369 νητοῦ
2352 4296 2714 4368 προσηγορία,
2757 4294 2817 4347 τὸ
2865 4293 2927 4347 ἔκ
2973 4293 3117 4355 τινός
3165 4309 3245 4345 σοι
3291 4292 3608 4362 παρίστησι,
3644 4291 3740 4342 καὶ

2156 4390 2232 4461 τῷ
2287 4388 2509 4451 ἁπλοῦν,
2569 4387 2647 4458 τῷ
2704 4383 3047 4456 ἀπηλλάχθαι
3104 4383 3424 4445 συνθέσεως.
3492 4381 3627 4435 Ἀλλ’
3674 4384 3739 4433 οὐ

2159 4483 2329 4536 ταῦτα
2363 4482 2635 4543 κάκείνοις
2682 4480 2856 4532 δοκεῖ·
2913 4477 3187 4548 βούλονται
3225 4478 3334 4546 γὰρ
3370 4476 3552 4547 ἐπειδὴ
3593 4474 3739 4545 ἁπλῆ

485 4585 618 4639 tiam
677 4585 796 4653 ejus
854 4586 1256 4654 generationem
1322 4600 1467 4649 esse,
1543 4585 1791 4639 delinire.
1855 4582 2052 4636 Verum

2157 4577 2249 4629 τοῦ
2288 4574 2499 4646 Πατρός
2529 4576 2675 4626 ἐστιν
2707 4575 2739 4643 ἡ
2769 4573 2946 4634 οὐσία,
2986 4571 3061 4642 μὴ
3090 4571 3215 4625 ἄλλο
3254 4587 3305 4622 τι
3337 4570 3369 4641 ἢ
3418 4568 3742 4637 ἁγεννησίαν

484 4679 648 4731 etiam
679 4678 768 4731 hic
800 4678 1073 4747 propriam
1101 4677 1553 4745 signiﬁcationem
1583 4687 1813 4745 utraque
1838 4677 2057 4729 nomina

485 4770 709 4825 babent.
744 4768 875 4823 Nam
900 4778 953 4824 et
983 4768 1149 4839 geniti
1186 4769 1477 4838 appellatio
1506 4784 1568 4822 ex
1596 4768 1778 4838 aliquo
1810 4783 1933 4822 esse
1960 4767 2060 4821 tibi

484 4862 670 4916 animo
703 4859 942 4928 subjicit,
974 4868 1028 4914 et
1066 4874 1173 4929 qua
1212 4860 1441 4928 simplex
1487 4859 1710 4922 dicitur,
1747 4858 1801 4912 id
1837 4858 1980 4927 quod
2029 4874 2061 4912 a

486 4953 886 5023 compositione
939 4952 1175 5006 alienum
1223 4959 1306 5005 est
1367 4960 1421 5003 et
1483 4949 1738 5003 liberum.
1793 4950 1897 5004 Sed
1948 4950 2063 5003 haec

488 5045 598 5100 illis
628 5060 737 5099 non
770 5043 1023 5098 videntur
1055 5062 1067 5097 ε
1096 5043 1285 5097 volunt
1321 5043 1487 5106 enim,
1525 5044 1786 5112 quoniam
1830 5043 2059 5112 simplex

487 5145 570 5193 cst
623 5134 805 5191 Patris
856 5135 1094 5191 essentia
1143 5151 1250 5188 non
1306 5134 1453 5189 aliud
1502 5134 1654 5204 quid,
1686 5150 1848 5205 quam
1905 5136 2065 5203 ἁγεν-

486 5228 678 5300 νησίαν
702 5267 719 5293 ,
785 5227 1229 5298 ingeneralionem
1252 5269 1268 5291 ,
1325 5226 1497 5296 ipsam
1533 5242 1658 5282 esse
1713 5227 2058 5282 existimari:

487 5320 720 5391 ideoque
758 5328 814 5376 et
856 5319 1130 5390 ingenitus
1168 5318 1390 5373 dicitur.
1423 5318 1502 5371 Ad
1537 5334 1676 5387 quos
1723 5328 1777 5373 et
1808 5319 1911 5374 hoc
1940 5319 2066 5375 licet

488 5414 674 5469 dicere
721 5412 867 5483 quod
898 5412 1156 5482 quoniam
1202 5410 1368 5467 etiam
1398 5412 1611 5465 Patrem
1660 5420 1960 5466 creatorem
2012 5422 2066 5467 et

489 5506 833 5561 conditorem
870 5505 1174 5563 nominant,
1224 5502 1454 5571 simplex
1510 5513 1690 5557 autem
1728 5511 1812 5556 est
1862 5518 2063 5557 secun-

490 5598 621 5652 dum
658 5597 977 5655 essentiam.
1032 5596 1124 5665 qui
1171 5595 1238 5649 iis
1276 5594 1592 5649 nominibus
1644 5603 1905 5659 vocatur;
1949 5596 2063 5663 jam

491 5694 710 5757 tempus
744 5694 829 5741 est
859 5693 917 5740 ut
946 5684 1036 5740 isti
1062 5684 1337 5754 sapientes
1361 5692 1668 5739 creaturam
1705 5692 1758 5738 et
1787 5685 2065 5754 opiﬁcium

491 5776 674 5835 Patris
728 5779 1024 5834 essentiam
1091 5777 1482 5847 pronuntient.
1522 5775 1794 5846 siquidem
1847 5792 2065 5831 onmem

498 5871 916 5944 signiﬁcantiam
944 5871 1183 5929 nominis
1212 5871 1359 5944 quod
1406 5870 1461 5927 in
1491 5886 1555 5928 eo
1582 5870 1801 5937 dicitur,
1858 5872 2067 5944 simpli-

2162 4669 2330 4740 αὐτὴν
2369 4663 2505 4720 εἶναι
2554 4665 2899 4737 νομίζεσθαι·
2951 4665 3202 4718 διότικαὶ
3249 4662 3539 4729 ἀγέννητος
3585 4658 3739 4726 λέγε-

2162 4780 2270 4816 ται.
2307 4762 2449 4831 Πρὸς
2473 4760 2567 4823 οὒς
2605 4760 2885 4813 καὶτοῦτο
2918 4754 3065 4810 ἔστιν
3100 4757 3291 4818 εἰπεῖν,
3318 4755 3399 4806 ὅτι
3423 4752 3610 4821 ἐπειδὴ
3648 4752 3745 4803 καὶ

2162 4852 2386 4922 κτίστην
2440 4851 2530 4903 τὸν
2581 4848 2798 4921 Πατέρα
2831 4848 2924 4901 καὶ
2981 4845 3307 4916 δημιουργὸν
3355 4841 3737 4914 ὀνομάζουσιν·

2163 4946 2367 5008 ἁπλοῦς
2412 4944 2467 4997 δὲ
2498 4943 2619 4996 κατ’
2655 4942 2842 4994 οὐσίαν
2869 4939 3015 4992 ἐστὶν
3044 4941 3073 4991 ὁ
3109 4938 3282 4991 ταῦτα
3311 4934 3704 5005 ὀνομαζόμενος
3724 4948 3738 4961 ·

2166 5037 2283 5108 ὢρα
2322 5039 2433 5100 τοῖς
2465 5037 2646 5104 σοφοῖς
2688 5033 2900 5095 τούτοις
2928 5031 3104 5084 κτίσιν
3136 5030 3228 5082 καὶ
3262 5026 3617 5098 δημιουργίαν
3646 5025 3743 5095 τὴν

2166 5128 2353 5181 οὐσίαν
2404 5127 2498 5181 τοῦ
2547 5125 2759 5195 Πατρὸς
2808 5121 3223 5193 ἀποφαίνεσθαι,
3278 5120 3507 5186 ἐπείπερ
3563 5118 3743 5169 πᾶσαν

2169 5222 2441 5292 σημασίαν
2463 5218 2557 5271 τοῦ
2587 5219 2715 5291 περὶ
2742 5217 2908 5270 αὐτὸν
2941 5214 3232 5285 λεγομένου
3271 5212 3552 5282 ὀνόματος,
3588 5211 3615 5262 6
3646 5208 3743 5277 τῆς

2166 5314 2467 5384 ἁπλότητος
2508 5311 2663 5379 λόγος
2700 5312 2779 5373 εἰς
2830 5310 2928 5380 τὴν
2960 5306 3148 5361 οὐσίαν
3195 5305 3405 5373 ἀνάγει.
3451 5303 3521 5354 Ἦ
3567 5300 3745 5352 τοίνυν

2167 5408 2557 5479 χωρισάτωσαν
2603 5404 2696 5457 τοῦ
2751 5400 2982 5474 ὁρισμοῦ
3037 5400 3135 5469 τῆς
3183 5398 3335 5460 θείας
3394 5395 3582 5457 οὐσίας
3644 5392 3743 5462 τὴν

2168 5499 2513 5569 ἁγεννησίαν,
2546 5497 2637 5550 ἐπὶ
2689 5495 2855 5564 μόνης
2896 5492 2996 5561 τῆς
3046 5490 3182 5554 ἰδίας
3225 5489 3516 5559 ὲμφὰσεως
3559 5485 3748 5556 μένου-

2170 5608 2292 5654 σαν,
2326 5591 2358 5662 ἥ
2402 5590 2560 5660 εἴπερ
2608 5587 2692 5641 διὰ
2735 5586 2833 5658 τὴν
2865 5585 3139 5654 ἁπλότητα
3166 5581 3259 5634 τοῦ
3292 5579 3649 5648 ὑποκειμένου
3679 5578 3745 5645 τῇ

2170 5683 2465 5755 ἀγεννησίᾳ
2490 5682 2593 5750 τὴν
2626 5679 2812 5733 οὐσίαν
2840 5678 3123 5748 ὀρίζοιντο,
3151 5673 3239 5727 διὰ
3262 5674 3361 5743 τὴν
3385 5671 3551 5741 αὐτὴν
3570 5667 3746 5721 αἰτίαν

2171 5781 2264 5833 καὶ
2290 5779 2387 5848 τὴν
2422 5777 2598 5829 κτίσιι
2645 5775 2737 5827 καὶ
2768 5772 2865 5844 τὴν
2911 5768 3271 5841 δημιουργίαν
3302 5768 3367 5835 τῇ
3410 5762 3501 5817 τοῦ
3535 5758 3748 5830 nam;

2176 5873 2335 5946 οὐσίᾳ
2380 5868 2834 5940 ἐνοεωρείτωσαν.
2885 5865 2959 5928 ὡς
3008 5862 3128 5933 οὐχὶ
3176 5857 3464 5927 κτιζούσης
3512 5853 3605 5907 καί
3656 5852 3749 5921 δη-
