  <div class='ocr_page' id='page_1' title='image "/cluster/home/n/w/nwhite01/storage/ocr_20150623/45/nnc1.0046978445/472.png"; bbox 0 0 4142 6374; ppageno 0'>
   <div class='ocr_carea' id='block_1_1' title="bbox 406 445 507 505">
    <p class='ocr_par' dir='ltr' id='par_1_1' title="bbox 406 445 507 505">
     <span class='ocr_line' id='line_1_1' title="bbox 406 445 507 505; baseline -0.03 0"><span class='ocrx_word' id='word_1_1' title='bbox 406 445 507 505; x_wconf 66' lang='grc'><strong>921</strong></span> 
     </span>
    </p>
   </div>
   <div class='ocr_carea' id='block_1_2' title="bbox 1522 436 2565 502">
    <p class='ocr_par' dir='ltr' id='par_1_2' title="bbox 1522 436 2565 502">
     <span class='ocr_line' id='line_1_2' title="bbox 1522 436 2565 502; baseline -0.005 -5"><span class='ocrx_word' id='word_1_2' title='bbox 1522 440 1804 499; x_wconf 74' lang='lat' dir='ltr'><strong>CONTRA</strong></span> <span class='ocrx_word' id='word_1_3' title='bbox 1842 436 2244 502; x_wconf 77' lang='lat' dir='ltr'><strong>EUNOMIUM,</strong></span> <span class='ocrx_word' id='word_1_4' title='bbox 2284 437 2411 493; x_wconf 85' lang='lat' dir='ltr'><strong>LIB.</strong></span> <span class='ocrx_word' id='word_1_5' title='bbox 2447 437 2565 495; x_wconf 80' lang='lat' dir='ltr'><strong>XII.</strong></span> 
     </span>
    </p>
   </div>
   <div class='ocr_carea' id='block_1_3' title="bbox 3560 437 3673 493">
    <p class='ocr_par' dir='ltr' id='par_1_3' title="bbox 3560 437 3673 493">
     <span class='ocr_line' id='line_1_3' title="bbox 3560 437 3673 493; baseline 0.009 -1"><span class='ocrx_word' id='word_1_6' title='bbox 3560 437 3673 493; x_wconf 61' lang='lat'><strong>929.</strong></span> 
     </span>
    </p>
   </div>
   <div class='ocr_carea' id='block_1_4' title="bbox 410 546 1979 633">
    <p class='ocr_par' dir='ltr' id='par_1_4' title="bbox 410 555 1979 632">
     <span class='ocr_line' id='line_1_4' title="bbox 410 555 1979 632; baseline -0.004 -18"><span class='ocrx_word' id='word_1_7' title='bbox 410 559 777 632; x_wconf 83' lang='grc' dir='ltr'>μιουργούσης</span> <span class='ocrx_word' id='word_1_8' title='bbox 814 558 873 612; x_wconf 88' lang='grc' dir='ltr'><strong>ἐν</strong></span> <span class='ocrx_word' id='word_1_9' title='bbox 897 561 963 631; x_wconf 82' lang='grc' dir='ltr'>τῇ</span> <span class='ocrx_word' id='word_1_10' title='bbox 1013 558 1169 629; x_wconf 71' lang='grc' dir='ltr'>οὐσία</span> <span class='ocrx_word' id='word_1_11' title='bbox 1203 556 1505 629; x_wconf 89' lang='grc' dir='ltr'>δυνάμεως,</span> <span class='ocrx_word' id='word_1_12' title='bbox 1549 556 1662 610; x_wconf 78' lang='grc' dir='ltr'>ἀλλ’</span> <span class='ocrx_word' id='word_1_13' title='bbox 1694 556 1865 621; x_wconf 84' lang='grc' dir='ltr'>αὐτῆς</span> <span class='ocrx_word' id='word_1_14' title='bbox 1890 555 1979 624; x_wconf 81' lang='grc' dir='ltr'>τῆς</span> 
     </span>
    </p>
   </div>
   <div class='ocr_carea' id='block_1_5' title="bbox 2082 546 3663 633">
    <p class='ocr_par' dir='ltr' id='par_1_5' title="bbox 2092 546 3663 619">
     <span class='ocr_line' id='line_1_5' title="bbox 2092 546 3663 619; baseline -0.004 -13"><span class='ocrx_word' id='word_1_15' title='bbox 2092 553 2274 607; x_wconf 91' lang='lat' dir='ltr'><strong>citatis</strong></span> <span class='ocrx_word' id='word_1_16' title='bbox 2304 553 2446 607; x_wconf 96' lang='lat' dir='ltr'><strong>ratio</strong></span> <span class='ocrx_word' id='word_1_17' title='bbox 2482 553 2550 605; x_wconf 91' lang='lat' dir='ltr'><strong>ad</strong></span> <span class='ocrx_word' id='word_1_18' title='bbox 2585 551 2876 607; x_wconf 73' lang='lat' dir='ltr'><strong>essentiam</strong></span> <span class='ocrx_word' id='word_1_19' title='bbox 2910 550 3136 605; x_wconf 89' lang='lat' dir='ltr'><strong>reducit.</strong></span> <span class='ocrx_word' id='word_1_20' title='bbox 3168 546 3265 603; x_wconf 81' lang='lat' dir='ltr'><strong>Vel</strong></span> <span class='ocrx_word' id='word_1_21' title='bbox 3310 546 3475 619; x_wconf 89' lang='lat' dir='ltr'><strong>igitur</strong></span> <span class='ocrx_word' id='word_1_22' title='bbox 3507 562 3536 600; x_wconf 77' lang='grc' dir='ltr'><strong>ιι</strong></span> <span class='ocrx_word' id='word_1_23' title='bbox 3565 548 3663 600; x_wconf 82' lang='lat' dir='ltr'><strong>de-</strong></span> 
     </span>
    </p>
   </div>
   <div class='ocr_carea' id='block_1_6' title="bbox 405 648 1987 722">
    <p class='ocr_par' dir='ltr' id='par_1_6' title="bbox 405 648 1987 722">
     <span class='ocr_line' id='line_1_6' title="bbox 405 648 1987 722; baseline -0.003 -18"><span class='ocrx_word' id='word_1_24' title='bbox 405 651 685 722; x_wconf 86' lang='grc' dir='ltr'>δυνάμεως</span> <span class='ocrx_word' id='word_1_25' title='bbox 734 650 942 721; x_wconf 83' lang='grc' dir='ltr'><strong>κτίσμα</strong></span> <span class='ocrx_word' id='word_1_26' title='bbox 991 651 1087 705; x_wconf 77' lang='grc' dir='ltr'>καὶ</span> <span class='ocrx_word' id='word_1_27' title='bbox 1130 651 1522 722; x_wconf 84' lang='grc' dir='ltr'><strong>δημιούργημα</strong></span> <span class='ocrx_word' id='word_1_28' title='bbox 1568 649 1885 719; x_wconf 86' lang='grc' dir='ltr'>νοουμένης.</span> <span class='ocrx_word' id='word_1_29' title='bbox 1923 648 1987 701; x_wconf 87' lang='grc' dir='ltr'>Εἰ</span> 
     </span>
    </p>
   </div>
   <div class='ocr_carea' id='block_1_7' title="bbox 406 739 1985 812">
    <p class='ocr_par' dir='ltr' id='par_1_7' title="bbox 406 739 1985 812">
     <span class='ocr_line' id='line_1_7' title="bbox 406 739 1985 812; baseline -0.002 -18"><span class='ocrx_word' id='word_1_30' title='bbox 406 740 463 794; x_wconf 87' lang='grc' dir='ltr'><strong>δέ</strong></span> <span class='ocrx_word' id='word_1_31' title='bbox 502 740 659 794; x_wconf 82' lang='grc' dir='ltr'>τοῦτο</span> <span class='ocrx_word' id='word_1_32' title='bbox 688 741 1079 795; x_wconf 77' lang='grc' dir='ltr'>ἀποϐάλλουσιν</span> <span class='ocrx_word' id='word_1_33' title='bbox 1122 741 1198 804; x_wconf 83' lang='grc' dir='ltr'><strong>ὡς</strong></span> <span class='ocrx_word' id='word_1_34' title='bbox 1242 740 1477 812; x_wconf 86' lang='grc' dir='ltr'>πονηρόν</span> <span class='ocrx_word' id='word_1_35' title='bbox 1519 757 1579 793; x_wconf 89' lang='grc' dir='ltr'><strong>τε</strong></span> <span class='ocrx_word' id='word_1_36' title='bbox 1627 741 1721 794; x_wconf 72' lang='grc' dir='ltr'><strong>καὶ</strong></span> <span class='ocrx_word' id='word_1_37' title='bbox 1767 739 1985 805; x_wconf 81' lang='grc' dir='ltr'>ἄτοπον,</span> 
     </span>
    </p>
   </div>
   <div class='ocr_carea' id='block_1_8' title="bbox 407 832 1986 904">
    <p class='ocr_par' dir='ltr' id='par_1_8' title="bbox 407 832 1986 904">
     <span class='ocr_line' id='line_1_8' title="bbox 407 832 1986 904; baseline 0 -19"><span class='ocrx_word' id='word_1_38' title='bbox 407 833 787 902; x_wconf 83' lang='grc' dir='ltr'>πεισθήτωσαν</span> <span class='ocrx_word' id='word_1_39' title='bbox 812 836 876 886; x_wconf 88' lang='grc' dir='ltr'><strong>ἐκ</strong></span> <span class='ocrx_word' id='word_1_40' title='bbox 906 833 1004 904; x_wconf 84' lang='grc' dir='ltr'>τῆς</span> <span class='ocrx_word' id='word_1_41' title='bbox 1027 832 1349 896; x_wconf 81' lang='grc' dir='ltr'>ἀκολουθίας</span> <span class='ocrx_word' id='word_1_42' title='bbox 1373 834 1625 887; x_wconf 85' lang='grc' dir='ltr'>κάκεῖνον</span> <span class='ocrx_word' id='word_1_43' title='bbox 1648 832 1823 903; x_wconf 85' lang='grc' dir='ltr'>τούτῳ</span> <span class='ocrx_word' id='word_1_44' title='bbox 1860 849 1986 885; x_wconf 85' lang='grc' dir='ltr'>συν-</span> 
     </span>
    </p>
   </div>
   <div class='ocr_carea' id='block_1_9' title="bbox 406 922 1988 996">
    <p class='ocr_par' dir='ltr' id='par_1_9' title="bbox 406 922 1988 996">
     <span class='ocr_line' id='line_1_9' title="bbox 406 922 1988 996; baseline 0.002 -21"><span class='ocrx_word' id='word_1_45' title='bbox 406 923 729 977; x_wconf 76' lang='grc' dir='ltr'>ἀποϐάλλειν</span> <span class='ocrx_word' id='word_1_46' title='bbox 772 924 865 977; x_wconf 81' lang='grc' dir='ltr'><strong>τὸν</strong></span> <span class='ocrx_word' id='word_1_47' title='bbox 902 924 1078 993; x_wconf 86' lang='grc' dir='ltr'>λόγον.</span> <span class='ocrx_word' id='word_1_48' title='bbox 1142 926 1229 988; x_wconf 82' lang='grc' dir='ltr'>Ὠς</span> <span class='ocrx_word' id='word_1_49' title='bbox 1276 925 1385 996; x_wconf 86' lang='grc' dir='ltr'>γὰρ</span> <span class='ocrx_word' id='word_1_50' title='bbox 1438 926 1537 978; x_wconf 89' lang='grc' dir='ltr'><strong>οὐκ</strong></span> <span class='ocrx_word' id='word_1_51' title='bbox 1580 924 1693 979; x_wconf 79' lang='grc' dir='ltr'>ἐστι</span> <span class='ocrx_word' id='word_1_52' title='bbox 1730 922 1988 995; x_wconf 82' lang='grc' dir='ltr'>δημιούρ-</span> 
     </span>
    </p>
   </div>
   <div class='ocr_carea' id='block_1_10' title="bbox 407 1014 1985 1087">
    <p class='ocr_par' dir='ltr' id='par_1_10' title="bbox 407 1014 1985 1087">
     <span class='ocr_line' id='line_1_10' title="bbox 407 1014 1985 1087; baseline -0.001 -20"><span class='ocrx_word' id='word_1_53' title='bbox 407 1030 561 1083; x_wconf 87' lang='grc' dir='ltr'>γημα</span> <span class='ocrx_word' id='word_1_54' title='bbox 589 1014 684 1067; x_wconf 83' lang='grc' dir='ltr'>τοῦ</span> <span class='ocrx_word' id='word_1_55' title='bbox 710 1014 1042 1086; x_wconf 76' lang='grc' dir='ltr'><strong>δημιουργοῦ</strong></span> <span class='ocrx_word' id='word_1_56' title='bbox 1068 1014 1243 1078; x_wconf 80' lang='grc' dir='ltr'>οὐσία,</span> <span class='ocrx_word' id='word_1_57' title='bbox 1279 1015 1451 1078; x_wconf 76' lang='grc' dir='ltr'>οὕτως</span> <span class='ocrx_word' id='word_1_58' title='bbox 1484 1015 1604 1068; x_wconf 87' lang='grc' dir='ltr'>οὐδὲ</span> <span class='ocrx_word' id='word_1_59' title='bbox 1629 1014 1920 1087; x_wconf 89' lang='grc' dir='ltr'>ἀγεννησία</span> <span class='ocrx_word' id='word_1_60' title='bbox 1951 1015 1985 1085; x_wconf 89' lang='grc' dir='ltr'><strong>ή</strong></span> 
     </span>
    </p>
   </div>
   <div class='ocr_carea' id='block_1_11' title="bbox 407 1104 1987 1177">
    <p class='ocr_par' dir='ltr' id='par_1_11' title="bbox 407 1104 1987 1177">
     <span class='ocr_line' id='line_1_11' title="bbox 407 1104 1987 1177; baseline 0.001 -19"><span class='ocrx_word' id='word_1_61' title='bbox 407 1104 498 1158; x_wconf 79' lang='grc' dir='ltr'>τοῦ</span> <span class='ocrx_word' id='word_1_62' title='bbox 533 1107 828 1175; x_wconf 84' lang='grc' dir='ltr'>ἀγεννήτου</span> <span class='ocrx_word' id='word_1_63' title='bbox 859 1106 1037 1161; x_wconf 89' lang='grc' dir='ltr'>οὐσία.</span> <span class='ocrx_word' id='word_1_64' title='bbox 1067 1106 1364 1175; x_wconf 88' lang='grc' dir='ltr'>Συντομίας</span> <span class='ocrx_word' id='word_1_65' title='bbox 1394 1106 1452 1159; x_wconf 89' lang='grc' dir='ltr'><strong>δέ</strong></span> <span class='ocrx_word' id='word_1_66' title='bbox 1492 1107 1650 1177; x_wconf 85' lang='grc' dir='ltr'>χάριν</span> <span class='ocrx_word' id='word_1_67' title='bbox 1678 1107 1772 1160; x_wconf 74' lang='grc' dir='ltr'>καὶ</span> <span class='ocrx_word' id='word_1_68' title='bbox 1810 1123 1987 1176; x_wconf 81' lang='grc' dir='ltr'>σαφη-</span> 
     </span>
    </p>
   </div>
   <div class='ocr_carea' id='block_1_12' title="bbox 406 1194 1984 1269">
    <p class='ocr_par' dir='ltr' id='par_1_12' title="bbox 406 1194 1984 1269">
     <span class='ocr_line' id='line_1_12' title="bbox 406 1194 1984 1269; baseline 0.002 -22"><span class='ocrx_word' id='word_1_69' title='bbox 406 1194 572 1259; x_wconf 87' lang='grc' dir='ltr'>νείας,</span> <span class='ocrx_word' id='word_1_70' title='bbox 606 1195 767 1249; x_wconf 85' lang='grc' dir='ltr'>πάλιν</span> <span class='ocrx_word' id='word_1_71' title='bbox 795 1196 886 1248; x_wconf 84' lang='grc' dir='ltr'><strong>τὸν</strong></span> <span class='ocrx_word' id='word_1_72' title='bbox 920 1196 1082 1249; x_wconf 80' lang='grc' dir='ltr'>αὐτὸν</span> <span class='ocrx_word' id='word_1_73' title='bbox 1128 1196 1544 1265; x_wconf 73' lang='grc' dir='ltr'>ἐπαναλήψομαι</span> <span class='ocrx_word' id='word_1_74' title='bbox 1590 1195 1766 1264; x_wconf 88' lang='grc' dir='ltr'>λόγον.</span> <span class='ocrx_word' id='word_1_75' title='bbox 1814 1195 1876 1250; x_wconf 87' lang='grc' dir='ltr'>Εἰ</span> <span class='ocrx_word' id='word_1_76' title='bbox 1909 1197 1984 1269; x_wconf 82' lang='grc' dir='ltr'>μὴ</span> 
     </span>
    </p>
   </div>
   <div class='ocr_carea' id='block_1_13' title="bbox 406 1283 1987 1355">
    <p class='ocr_par' dir='ltr' id='par_1_13' title="bbox 406 1283 1987 1355">
     <span class='ocr_line' id='line_1_13' title="bbox 406 1283 1987 1355; baseline 0.002 -19"><span class='ocrx_word' id='word_1_77' title='bbox 406 1283 496 1337; x_wconf 92' lang='grc' dir='ltr'><strong>διά</strong></span> <span class='ocrx_word' id='word_1_78' title='bbox 522 1283 583 1336; x_wconf 78' lang='grc' dir='ltr'><strong>τὸ</strong></span> <span class='ocrx_word' id='word_1_79' title='bbox 610 1283 687 1355; x_wconf 82' lang='grc' dir='ltr'>μὴ</span> <span class='ocrx_word' id='word_1_80' title='bbox 721 1284 1099 1354; x_wconf 84' lang='grc' dir='ltr'>γεγεννῆσθαι.</span> <span class='ocrx_word' id='word_1_81' title='bbox 1138 1284 1275 1337; x_wconf 82' lang='grc' dir='ltr'>ἀλλὰ</span> <span class='ocrx_word' id='word_1_82' title='bbox 1308 1284 1396 1339; x_wconf 88' lang='grc' dir='ltr'>διὰ</span> <span class='ocrx_word' id='word_1_83' title='bbox 1434 1284 1496 1337; x_wconf 83' lang='grc' dir='ltr'>τὸ</span> <span class='ocrx_word' id='word_1_84' title='bbox 1522 1285 1664 1353; x_wconf 84' lang='grc' dir='ltr'>ἁπλῆ</span> <span class='ocrx_word' id='word_1_85' title='bbox 1703 1286 1797 1339; x_wconf 81' lang='grc' dir='ltr'>καὶ</span> <span class='ocrx_word' id='word_1_86' title='bbox 1825 1285 1987 1339; x_wconf 87' lang='grc' dir='ltr'>ἀσύν-</span> 
     </span>
    </p>
   </div>
   <div class='ocr_carea' id='block_1_14' title="bbox 407 1368 1985 1445">
    <p class='ocr_par' dir='ltr' id='par_1_14' title="bbox 407 1368 1985 1445">
     <span class='ocr_line' id='line_1_14' title="bbox 407 1368 1985 1445; baseline 0.001 -17"><span class='ocrx_word' id='word_1_87' title='bbox 407 1374 559 1437; x_wconf 87' lang='grc' dir='ltr'>θετος</span> <span class='ocrx_word' id='word_1_88' title='bbox 601 1374 762 1428; x_wconf 88' lang='grc' dir='ltr'>οὐσία</span> <span class='ocrx_word' id='word_1_89' title='bbox 790 1376 817 1427; x_wconf 87' lang='grc' dir='ltr'><strong>ὁ</strong></span> <span class='ocrx_word' id='word_1_90' title='bbox 852 1374 1038 1445; x_wconf 83' lang='grc' dir='ltr'>Πατὴρ</span> <span class='ocrx_word' id='word_1_91' title='bbox 1068 1368 1229 1437; x_wconf 80' lang='grc' dir='ltr'>εἶναι,</span> <span class='ocrx_word' id='word_1_92' title='bbox 1272 1374 1565 1445; x_wconf 84' lang='grc' dir='ltr'>ἀγέννητος</span> <span class='ocrx_word' id='word_1_93' title='bbox 1605 1373 1851 1443; x_wconf 87' lang='grc' dir='ltr'>λέγεται·</span> <span class='ocrx_word' id='word_1_94' title='bbox 1898 1375 1985 1429; x_wconf 84' lang='grc' dir='ltr'><strong>διά</strong></span> 
     </span>
    </p>
   </div>
   <div class='ocr_carea' id='block_1_15' title="bbox 406 1462 1982 1536">
    <p class='ocr_par' dir='ltr' id='par_1_15' title="bbox 406 1462 1982 1536">
     <span class='ocr_line' id='line_1_15' title="bbox 406 1462 1982 1536; baseline 0.001 -19"><span class='ocrx_word' id='word_1_95' title='bbox 406 1462 504 1535; x_wconf 88' lang='grc' dir='ltr'><strong>τήν</strong></span> <span class='ocrx_word' id='word_1_96' title='bbox 529 1464 698 1535; x_wconf 82' lang='grc' dir='ltr'>αὐτὴν</span> <span class='ocrx_word' id='word_1_97' title='bbox 723 1465 899 1518; x_wconf 90' lang='grc' dir='ltr'>αἰτίαν</span> <span class='ocrx_word' id='word_1_98' title='bbox 920 1465 1012 1517; x_wconf 74' lang='grc' dir='ltr'><strong>καὶ</strong></span> <span class='ocrx_word' id='word_1_99' title='bbox 1042 1467 1069 1517; x_wconf 90' lang='grc' dir='ltr'>ὁ</span> <span class='ocrx_word' id='word_1_100' title='bbox 1094 1464 1221 1529; x_wconf 82' lang='grc' dir='ltr'>Υἱὸς</span> <span class='ocrx_word' id='word_1_101' title='bbox 1243 1464 1536 1533; x_wconf 89' lang='grc' dir='ltr'>ἁγέννητος</span> <span class='ocrx_word' id='word_1_102' title='bbox 1560 1464 1950 1536; x_wconf 82' lang='grc' dir='ltr'>νομισθήσεται</span> <span class='ocrx_word' id='word_1_103' title='bbox 1968 1482 1982 1497; x_wconf 76' lang='grc'><strong><em>⁸</em></strong></span> 
     </span>
    </p>
   </div>
   <div class='ocr_carea' id='block_1_16' title="bbox 406 1545 1982 1624">
    <p class='ocr_par' dir='ltr' id='par_1_16' title="bbox 406 1545 1982 1624">
     <span class='ocr_line' id='line_1_16' title="bbox 406 1545 1982 1624; baseline 0 -17"><span class='ocrx_word' id='word_1_104' title='bbox 406 1553 565 1607; x_wconf 90' lang='grc' dir='ltr'>οὐσία</span> <span class='ocrx_word' id='word_1_105' title='bbox 592 1554 700 1624; x_wconf 88' lang='grc' dir='ltr'><strong>γάρ</strong></span> <span class='ocrx_word' id='word_1_106' title='bbox 731 1554 826 1607; x_wconf 74' lang='grc' dir='ltr'><strong>καὶ</strong></span> <span class='ocrx_word' id='word_1_107' title='bbox 855 1545 1012 1617; x_wconf 77' lang='grc' dir='ltr'>οὑτός</span> <span class='ocrx_word' id='word_1_108' title='bbox 1050 1555 1166 1606; x_wconf 77' lang='grc' dir='ltr'>ἐστι</span> <span class='ocrx_word' id='word_1_109' title='bbox 1208 1554 1482 1623; x_wconf 87' lang='grc' dir='ltr'>μονοειδής</span> <span class='ocrx_word' id='word_1_110' title='bbox 1532 1554 1624 1607; x_wconf 72' lang='grc' dir='ltr'><strong>καὶ</strong></span> <span class='ocrx_word' id='word_1_111' title='bbox 1672 1554 1982 1618; x_wconf 86' lang='grc' dir='ltr'>ἁσύνθετος.</span> 
     </span>
    </p>
   </div>
   <div class='ocr_carea' id='block_1_17' title="bbox 406 1644 1984 1715">
    <p class='ocr_par' dir='ltr' id='par_1_17' title="bbox 406 1644 1984 1715">
     <span class='ocr_line' id='line_1_17' title="bbox 406 1644 1984 1715; baseline 0 -17"><span class='ocrx_word' id='word_1_112' title='bbox 406 1645 469 1698; x_wconf 86' lang='grc' dir='ltr'>Εἰ</span> <span class='ocrx_word' id='word_1_113' title='bbox 508 1645 564 1697; x_wconf 88' lang='grc' dir='ltr'><strong>δέ</strong></span> <span class='ocrx_word' id='word_1_114' title='bbox 593 1645 685 1697; x_wconf 81' lang='grc' dir='ltr'><strong>τὸν</strong></span> <span class='ocrx_word' id='word_1_115' title='bbox 714 1645 845 1697; x_wconf 77' lang='grc' dir='ltr'>Υἰὸν</span> <span class='ocrx_word' id='word_1_116' title='bbox 870 1646 991 1697; x_wconf 80' lang='grc' dir='ltr'>ἐπεὶ</span> <span class='ocrx_word' id='word_1_117' title='bbox 1036 1644 1295 1715; x_wconf 77' lang='grc' dir='ltr'><strong>ἐγεννήθη</strong></span> <span class='ocrx_word' id='word_1_118' title='bbox 1331 1644 1587 1713; x_wconf 85' lang='grc' dir='ltr'>γεννητὸν</span> <span class='ocrx_word' id='word_1_119' title='bbox 1632 1646 1690 1711; x_wconf 81' lang='grc' dir='ltr'>ἐξ</span> <span class='ocrx_word' id='word_1_120' title='bbox 1737 1644 1984 1714; x_wconf 81' lang='grc' dir='ltr'><strong>ἀνάγκης</strong></span> 
     </span>
    </p>
   </div>
   <div class='ocr_carea' id='block_1_18' title="bbox 405 1734 1984 1807">
    <p class='ocr_par' dir='ltr' id='par_1_18' title="bbox 405 1734 1984 1807">
     <span class='ocr_line' id='line_1_18' title="bbox 405 1734 1984 1807; baseline 0.002 -20"><span class='ocrx_word' id='word_1_121' title='bbox 405 1734 831 1806; x_wconf 81' lang='grc' dir='ltr'>ὁμολογήσομεν,</span> <span class='ocrx_word' id='word_1_122' title='bbox 875 1735 1032 1804; x_wconf 79' lang='grc' dir='ltr'>δῆλον</span> <span class='ocrx_word' id='word_1_123' title='bbox 1061 1736 1142 1788; x_wconf 86' lang='grc' dir='ltr'><strong>ὃτι</strong></span> <span class='ocrx_word' id='word_1_124' title='bbox 1190 1736 1282 1788; x_wconf 84' lang='grc' dir='ltr'><strong>καὶ</strong></span> <span class='ocrx_word' id='word_1_125' title='bbox 1313 1735 1406 1789; x_wconf 81' lang='grc' dir='ltr'><strong>τὸν</strong></span> <span class='ocrx_word' id='word_1_126' title='bbox 1448 1736 1687 1807; x_wconf 82' lang='grc' dir='ltr'><strong>Πατέρα,</strong></span> <span class='ocrx_word' id='word_1_127' title='bbox 1720 1738 1842 1790; x_wconf 75' lang='grc' dir='ltr'>ἐπεὶ</span> <span class='ocrx_word' id='word_1_128' title='bbox 1884 1738 1984 1790; x_wconf 87' lang='grc' dir='ltr'><strong>οὐκ</strong></span> 
     </span>
    </p>
   </div>
   <div class='ocr_carea' id='block_1_19' title="bbox 406 1825 1983 1898">
    <p class='ocr_par' dir='ltr' id='par_1_19' title="bbox 406 1825 1983 1898">
     <span class='ocr_line' id='line_1_19' title="bbox 406 1825 1983 1898; baseline 0.003 -22"><span class='ocrx_word' id='word_1_129' title='bbox 406 1825 687 1897; x_wconf 78' lang='grc' dir='ltr'>ἐγεννήθη,</span> <span class='ocrx_word' id='word_1_130' title='bbox 719 1825 1091 1897; x_wconf 80' lang='grc' dir='ltr'>προσεροῦμεν</span> <span class='ocrx_word' id='word_1_131' title='bbox 1118 1828 1430 1897; x_wconf 79' lang='grc' dir='ltr'>ἀγέννητον.</span> <span class='ocrx_word' id='word_1_132' title='bbox 1469 1828 1531 1881; x_wconf 85' lang='grc' dir='ltr'>Εἰ</span> <span class='ocrx_word' id='word_1_133' title='bbox 1565 1827 1621 1881; x_wconf 86' lang='grc' dir='ltr'>δὲ</span> <span class='ocrx_word' id='word_1_134' title='bbox 1652 1827 1827 1893; x_wconf 82' lang='grc' dir='ltr'>τοῦτο,</span> <span class='ocrx_word' id='word_1_135' title='bbox 1858 1828 1892 1898; x_wconf 82' lang='grc' dir='ltr'>ἦ</span> <span class='ocrx_word' id='word_1_136' title='bbox 1922 1846 1983 1881; x_wconf 88' lang='grc' dir='ltr'><strong>τε</strong></span> 
     </span>
    </p>
   </div>
   <div class='ocr_carea' id='block_1_20' title="bbox 2094 639 3665 711">
    <p class='ocr_par' dir='ltr' id='par_1_20' title="bbox 2094 639 3665 711">
     <span class='ocr_line' id='line_1_20' title="bbox 2094 639 3665 711; baseline -0.005 -14"><span class='ocrx_word' id='word_1_137' title='bbox 2094 641 2340 697; x_wconf 80' lang='lat' dir='ltr'><strong>ﬁnitione</strong></span> <span class='ocrx_word' id='word_1_138' title='bbox 2368 643 2567 697; x_wconf 74' lang='lat' dir='ltr'><strong>divina:</strong></span> <span class='ocrx_word' id='word_1_139' title='bbox 2601 643 2853 698; x_wconf 68' lang='lat' dir='ltr'><strong>essentia:</strong></span> <span class='ocrx_word' id='word_1_140' title='bbox 2896 640 3241 711; x_wconf 89' lang='grc' dir='ltr'>ἀγεννησίαν,</span> <span class='ocrx_word' id='word_1_141' title='bbox 3288 639 3339 693; x_wconf 90' lang='lat' dir='ltr'><strong>id</strong></span> <span class='ocrx_word' id='word_1_142' title='bbox 3384 646 3488 701; x_wconf 88' lang='lat' dir='ltr'><strong>est,</strong></span> <span class='ocrx_word' id='word_1_143' title='bbox 3520 639 3665 707; x_wconf 76' lang='lat' dir='ltr'><strong>inge-</strong></span> 
     </span>
    </p>
   </div>
   <div class='ocr_carea' id='block_1_21' title="bbox 2089 731 3663 804">
    <p class='ocr_par' dir='ltr' id='par_1_21' title="bbox 2089 731 3663 804">
     <span class='ocr_line' id='line_1_21' title="bbox 2089 731 3663 804; baseline -0.003 -15"><span class='ocrx_word' id='word_1_144' title='bbox 2089 736 2437 799; x_wconf 65' lang='lat' dir='ltr'><strong>iterationem,</strong></span> <span class='ocrx_word' id='word_1_145' title='bbox 2486 743 2763 804; x_wconf 83' lang='lat' dir='ltr'><strong>separent,</strong></span> <span class='ocrx_word' id='word_1_146' title='bbox 2812 734 2863 787; x_wconf 90' lang='lat' dir='ltr'><strong>in</strong></span> <span class='ocrx_word' id='word_1_147' title='bbox 2915 734 3029 788; x_wconf 89' lang='lat' dir='ltr'><strong>sola</strong></span> <span class='ocrx_word' id='word_1_148' title='bbox 3078 731 3295 801; x_wconf 86' lang='lat' dir='ltr'><strong>propria</strong></span> <span class='ocrx_word' id='word_1_149' title='bbox 3337 739 3390 785; x_wconf 89' lang='lat' dir='ltr'><strong>et</strong></span> <span class='ocrx_word' id='word_1_150' title='bbox 3427 731 3663 799; x_wconf 85' lang='lat' dir='ltr'><strong>genuina</strong></span> 
     </span>
    </p>
   </div>
   <div class='ocr_carea' id='block_1_22' title="bbox 2091 822 3662 896">
    <p class='ocr_par' dir='ltr' id='par_1_22' title="bbox 2091 822 3662 896">
     <span class='ocr_line' id='line_1_22' title="bbox 2091 822 3662 896; baseline -0.004 -15"><span class='ocrx_word' id='word_1_151' title='bbox 2091 826 2494 896; x_wconf 83' lang='lat' dir='ltr'><strong>signiﬁcatione</strong></span> <span class='ocrx_word' id='word_1_152' title='bbox 2550 835 2883 888; x_wconf 83' lang='lat' dir='ltr'><strong>manentem,</strong></span> <span class='ocrx_word' id='word_1_153' title='bbox 2923 824 3007 879; x_wconf 84' lang='lat' dir='ltr'><strong>vel</strong></span> <span class='ocrx_word' id='word_1_154' title='bbox 3046 824 3091 879; x_wconf 89' lang='lat' dir='ltr'><strong>si</strong></span> <span class='ocrx_word' id='word_1_155' title='bbox 3128 831 3350 894; x_wconf 86' lang='lat' dir='ltr'><strong>propter</strong></span> <span class='ocrx_word' id='word_1_156' title='bbox 3398 822 3662 891; x_wconf 84' lang='lat' dir='ltr'><strong>simplici-</strong></span> 
     </span>
    </p>
   </div>
   <div class='ocr_carea' id='block_1_23' title="bbox 2088 912 3659 986">
    <p class='ocr_par' dir='ltr' id='par_1_23' title="bbox 2088 912 3659 986">
     <span class='ocr_line' id='line_1_23' title="bbox 2088 912 3659 986; baseline -0.003 -18"><span class='ocrx_word' id='word_1_157' title='bbox 2088 921 2254 968; x_wconf 84' lang='lat' dir='ltr'><strong>tatem</strong></span> <span class='ocrx_word' id='word_1_158' title='bbox 2304 914 2539 984; x_wconf 87' lang='lat' dir='ltr'><strong>subjecti</strong></span> <span class='ocrx_word' id='word_1_159' title='bbox 2586 917 2652 986; x_wconf 85' lang='grc' dir='ltr'>τῇ</span> <span class='ocrx_word' id='word_1_160' title='bbox 2704 914 3021 985; x_wconf 81' lang='grc' dir='ltr'>ἀγεννησίᾳ,</span> <span class='ocrx_word' id='word_1_161' title='bbox 3073 928 3181 968; x_wconf 90' lang='lat' dir='ltr'><strong>non</strong></span> <span class='ocrx_word' id='word_1_162' title='bbox 3221 912 3390 984; x_wconf 79' lang='lat' dir='ltr'><strong>geniti</strong></span> <span class='ocrx_word' id='word_1_163' title='bbox 3428 912 3659 975; x_wconf 89' lang='lat' dir='ltr'><strong>ratione,</strong></span> 
     </span>
    </p>
   </div>
   <div class='ocr_carea' id='block_1_24' title="bbox 2087 1006 3664 1077">
    <p class='ocr_par' dir='ltr' id='par_1_24' title="bbox 2087 1006 3664 1077">
     <span class='ocr_line' id='line_1_24' title="bbox 2087 1006 3664 1077; baseline -0.004 -13"><span class='ocrx_word' id='word_1_164' title='bbox 2087 1010 2383 1064; x_wconf 86' lang='lat' dir='ltr'><strong>essentiam</strong></span> <span class='ocrx_word' id='word_1_165' title='bbox 2434 1008 2716 1073; x_wconf 74' lang='lat' dir='ltr'><strong>deliniant,</strong></span> <span class='ocrx_word' id='word_1_166' title='bbox 2764 1014 2988 1077; x_wconf 82' lang='lat' dir='ltr'><strong>propter</strong></span> <span class='ocrx_word' id='word_1_167' title='bbox 3030 1006 3277 1060; x_wconf 86' lang='lat' dir='ltr'><strong>eamdem</strong></span> <span class='ocrx_word' id='word_1_168' title='bbox 3334 1019 3556 1059; x_wconf 86' lang='lat' dir='ltr'><strong>causam</strong></span> <span class='ocrx_word' id='word_1_169' title='bbox 3606 1013 3664 1058; x_wconf 84' lang='lat' dir='ltr'><strong>et</strong></span> 
     </span>
    </p>
   </div>
   <div class='ocr_carea' id='block_1_25' title="bbox 2087 1096 3663 1169">
    <p class='ocr_par' dir='ltr' id='par_1_25' title="bbox 2087 1096 3663 1169">
     <span class='ocr_line' id='line_1_25' title="bbox 2087 1096 3663 1169; baseline -0.004 -16"><span class='ocrx_word' id='word_1_170' title='bbox 2087 1109 2419 1159; x_wconf 84' lang='lat' dir='ltr'><strong>creaturam.</strong></span> <span class='ocrx_word' id='word_1_171' title='bbox 2448 1108 2503 1154; x_wconf 92' lang='lat' dir='ltr'><strong>et</strong></span> <span class='ocrx_word' id='word_1_172' title='bbox 2532 1099 2806 1169; x_wconf 83' lang='lat' dir='ltr'><strong>opiﬁcium</strong></span> <span class='ocrx_word' id='word_1_173' title='bbox 2839 1099 2893 1153; x_wconf 92' lang='lat' dir='ltr'><strong>in</strong></span> <span class='ocrx_word' id='word_1_174' title='bbox 2926 1096 3113 1165; x_wconf 82' lang='lat' dir='ltr'><strong>,Patris</strong></span> <span class='ocrx_word' id='word_1_175' title='bbox 3157 1098 3392 1152; x_wconf 69' lang='lat' dir='ltr'><strong>essentia</strong></span> <span class='ocrx_word' id='word_1_176' title='bbox 3422 1104 3663 1151; x_wconf 88' lang='lat' dir='ltr'><strong>contem-</strong></span> 
     </span>
    </p>
   </div>
   <div class='ocr_carea' id='block_1_26' title="bbox 2086 1187 3659 1259">
    <p class='ocr_par' dir='ltr' id='par_1_26' title="bbox 2086 1187 3659 1259">
     <span class='ocr_line' id='line_1_26' title="bbox 2086 1187 3659 1259; baseline -0.002 -18"><span class='ocrx_word' id='word_1_177' title='bbox 2086 1189 2330 1258; x_wconf 90' lang='lat' dir='ltr'><strong>plentur,</strong></span> <span class='ocrx_word' id='word_1_178' title='bbox 2371 1189 2600 1259; x_wconf 89' lang='lat' dir='ltr'><strong>perinde</strong></span> <span class='ocrx_word' id='word_1_179' title='bbox 2653 1205 2717 1243; x_wconf 92' lang='lat' dir='ltr'><strong>ac</strong></span> <span class='ocrx_word' id='word_1_180' title='bbox 2752 1190 2797 1244; x_wconf 90' lang='lat' dir='ltr'><strong>si</strong></span> <span class='ocrx_word' id='word_1_181' title='bbox 2833 1190 3005 1243; x_wconf 81' lang='lat' dir='ltr'><strong>virtus</strong></span> <span class='ocrx_word' id='word_1_182' title='bbox 3035 1202 3155 1257; x_wconf 57' lang='lat' dir='ltr'><strong>quae.</strong></span> <span class='ocrx_word' id='word_1_183' title='bbox 3195 1196 3281 1241; x_wconf 91' lang='lat' dir='ltr'><strong>est</strong></span> <span class='ocrx_word' id='word_1_184' title='bbox 3310 1188 3365 1241; x_wconf 92' lang='lat' dir='ltr'><strong>in</strong></span> <span class='ocrx_word' id='word_1_185' title='bbox 3394 1187 3659 1250; x_wconf 89' lang='lat' dir='ltr'><strong>essentia,</strong></span> 
     </span>
    </p>
   </div>
   <div class='ocr_carea' id='block_1_27' title="bbox 2087 1277 3659 1347">
    <p class='ocr_par' dir='ltr' id='par_1_27' title="bbox 2087 1277 3659 1347">
     <span class='ocr_line' id='line_1_27' title="bbox 2087 1277 3659 1347; baseline 0.001 -17"><span class='ocrx_word' id='word_1_186' title='bbox 2087 1291 2198 1330; x_wconf 89' lang='lat' dir='ltr'><strong>non</strong></span> <span class='ocrx_word' id='word_1_187' title='bbox 2230 1288 2382 1333; x_wconf 87' lang='lat' dir='ltr'><strong>creet</strong></span> <span class='ocrx_word' id='word_1_188' title='bbox 2423 1286 2477 1332; x_wconf 87' lang='lat' dir='ltr'><strong>et</strong></span> <span class='ocrx_word' id='word_1_189' title='bbox 2524 1278 2807 1342; x_wconf 84' lang='lat' dir='ltr'><strong>moliatur,</strong></span> <span class='ocrx_word' id='word_1_190' title='bbox 2845 1278 2939 1332; x_wconf 85' lang='lat' dir='ltr'><strong>sed</strong></span> <span class='ocrx_word' id='word_1_191' title='bbox 2973 1277 3089 1347; x_wconf 83' lang='lat' dir='ltr'><strong>ipsa</strong></span> <span class='ocrx_word' id='word_1_192' title='bbox 3116 1278 3293 1331; x_wconf 85' lang='lat' dir='ltr'><strong>virtus</strong></span> <span class='ocrx_word' id='word_1_193' title='bbox 3337 1284 3390 1331; x_wconf 92' lang='lat' dir='ltr'><strong>et</strong></span> <span class='ocrx_word' id='word_1_194' title='bbox 3419 1283 3659 1347; x_wconf 82' lang='lat' dir='ltr'><strong>potestas</strong></span> 
     </span>
    </p>
   </div>
   <div class='ocr_carea' id='block_1_28' title="bbox 2087 1367 3661 1439">
    <p class='ocr_par' dir='ltr' id='par_1_28' title="bbox 2087 1367 3661 1439">
     <span class='ocr_line' id='line_1_28' title="bbox 2087 1367 3661 1439; baseline 0 -18"><span class='ocrx_word' id='word_1_195' title='bbox 2087 1368 2421 1439; x_wconf 81' lang='lat' dir='ltr'><strong>intelligatur</strong></span> <span class='ocrx_word' id='word_1_196' title='bbox 2473 1378 2726 1423; x_wconf 84' lang='lat' dir='ltr'><strong>creatura</strong></span> <span class='ocrx_word' id='word_1_197' title='bbox 2784 1377 2839 1423; x_wconf 90' lang='lat' dir='ltr'><strong>et</strong></span> <span class='ocrx_word' id='word_1_198' title='bbox 2897 1368 3194 1438; x_wconf 79' lang='lat' dir='ltr'><strong>opiﬁcium.</strong></span> <span class='ocrx_word' id='word_1_199' title='bbox 3247 1368 3403 1433; x_wconf 82' lang='lat' dir='ltr'><strong>Quod</strong></span> <span class='ocrx_word' id='word_1_200' title='bbox 3460 1368 3505 1422; x_wconf 88' lang='lat' dir='ltr'><strong>si</strong></span> <span class='ocrx_word' id='word_1_201' title='bbox 3555 1367 3661 1421; x_wconf 88' lang='lat' dir='ltr'><strong>hoc</strong></span> 
     </span>
    </p>
   </div>
   <div class='ocr_carea' id='block_1_29' title="bbox 2086 1457 3661 1527">
    <p class='ocr_par' dir='ltr' id='par_1_29' title="bbox 2086 1457 3661 1527">
     <span class='ocr_line' id='line_1_29' title="bbox 2086 1457 3661 1527; baseline 0 -16"><span class='ocrx_word' id='word_1_202' title='bbox 2086 1458 2353 1527; x_wconf 86' lang='lat' dir='ltr'><strong>abjiciunt</strong></span> <span class='ocrx_word' id='word_1_203' title='bbox 2381 1467 2439 1513; x_wconf 93' lang='lat' dir='ltr'><strong>ut</strong></span> <span class='ocrx_word' id='word_1_204' title='bbox 2467 1458 2771 1527; x_wconf 88' lang='lat' dir='ltr'><strong>improbum</strong></span> <span class='ocrx_word' id='word_1_205' title='bbox 2800 1467 2853 1511; x_wconf 90' lang='lat' dir='ltr'><strong>et</strong></span> <span class='ocrx_word' id='word_1_206' title='bbox 2879 1457 3201 1522; x_wconf 88' lang='lat' dir='ltr'><strong>absurdum,</strong></span> <span class='ocrx_word' id='word_1_207' title='bbox 3229 1457 3661 1527; x_wconf 89' lang='lat' dir='ltr'><strong>persuadeantur</strong></span> 
     </span>
    </p>
   </div>
   <div class='ocr_carea' id='block_1_30' title="bbox 2086 1549 3660 1613">
    <p class='ocr_par' dir='ltr' id='par_1_30' title="bbox 2086 1549 3660 1613">
     <span class='ocr_line' id='line_1_30' title="bbox 2086 1549 3660 1613; baseline 0.001 -11"><span class='ocrx_word' id='word_1_208' title='bbox 2086 1564 2151 1603; x_wconf 82' lang='lat' dir='ltr'><strong>ex</strong></span> <span class='ocrx_word' id='word_1_209' title='bbox 2177 1550 2591 1613; x_wconf 90' lang='lat' dir='ltr'><strong>consecutione,</strong></span> <span class='ocrx_word' id='word_1_210' title='bbox 2628 1549 2794 1604; x_wconf 91' lang='lat' dir='ltr'><strong>etiam</strong></span> <span class='ocrx_word' id='word_1_211' title='bbox 2831 1563 2938 1602; x_wconf 88' lang='lat' dir='ltr'><strong>una</strong></span> <span class='ocrx_word' id='word_1_212' title='bbox 2969 1565 3092 1603; x_wconf 89' lang='lat' dir='ltr'><strong>cum</strong></span> <span class='ocrx_word' id='word_1_213' title='bbox 3122 1551 3226 1603; x_wconf 91' lang='lat' dir='ltr'><strong>hoc</strong></span> <span class='ocrx_word' id='word_1_214' title='bbox 3264 1551 3413 1603; x_wconf 91' lang='lat' dir='ltr'><strong>illum</strong></span> <span class='ocrx_word' id='word_1_215' title='bbox 3446 1565 3660 1605; x_wconf 91' lang='lat' dir='ltr'><strong>sermo-</strong></span> 
     </span>
    </p>
   </div>
   <div class='ocr_carea' id='block_1_31' title="bbox 2088 1639 3658 1710">
    <p class='ocr_par' dir='ltr' id='par_1_31' title="bbox 2088 1639 3658 1710">
     <span class='ocr_line' id='line_1_31' title="bbox 2088 1639 3658 1710; baseline 0.002 -17"><span class='ocrx_word' id='word_1_216' title='bbox 2088 1654 2215 1694; x_wconf 89' lang='lat' dir='ltr'><strong>nem</strong></span> <span class='ocrx_word' id='word_1_217' title='bbox 2252 1640 2649 1710; x_wconf 77' lang='lat' dir='ltr'><strong>repudiarezut</strong></span> <span class='ocrx_word' id='word_1_218' title='bbox 2687 1640 2833 1694; x_wconf 88' lang='lat' dir='ltr'><strong>enim</strong></span> <span class='ocrx_word' id='word_1_219' title='bbox 2868 1639 3143 1708; x_wconf 80' lang='lat' dir='ltr'><strong>opiﬁcium</strong></span> <span class='ocrx_word' id='word_1_220' title='bbox 3174 1655 3282 1694; x_wconf 93' lang='lat' dir='ltr'><strong>non</strong></span> <span class='ocrx_word' id='word_1_221' title='bbox 3329 1650 3412 1694; x_wconf 88' lang='lat' dir='ltr'><strong>est</strong></span> <span class='ocrx_word' id='word_1_222' title='bbox 3444 1642 3658 1710; x_wconf 86' lang='lat' dir='ltr'><strong>opilicis</strong></span> 
     </span>
    </p>
   </div>
   <div class='ocr_carea' id='block_1_32' title="bbox 2093 1730 3658 1804">
    <p class='ocr_par' dir='ltr' id='par_1_32' title="bbox 2093 1730 3658 1804">
     <span class='ocr_line' id='line_1_32' title="bbox 2093 1730 3658 1804; baseline 0.001 -19"><span class='ocrx_word' id='word_1_223' title='bbox 2093 1731 2358 1796; x_wconf 86' lang='lat' dir='ltr'><strong>essentia,</strong></span> <span class='ocrx_word' id='word_1_224' title='bbox 2389 1732 2468 1785; x_wconf 88' lang='lat' dir='ltr'><strong>sic</strong></span> <span class='ocrx_word' id='word_1_225' title='bbox 2492 1746 2671 1801; x_wconf 85' lang='lat' dir='ltr'><strong>neque</strong></span> <span class='ocrx_word' id='word_1_226' title='bbox 2700 1730 3017 1800; x_wconf 87' lang='grc' dir='ltr'>ἅγεννησία,</span> <span class='ocrx_word' id='word_1_227' title='bbox 3048 1732 3391 1801; x_wconf 76' lang='lat' dir='ltr'><strong>ingeneralio,</strong></span> <span class='ocrx_word' id='word_1_228' title='bbox 3429 1733 3658 1804; x_wconf 80' lang='lat' dir='ltr'><strong>ingeniti</strong></span> 
     </span>
    </p>
   </div>
   <div class='ocr_carea' id='block_1_33' title="bbox 2085 1822 3661 1894">
    <p class='ocr_par' dir='ltr' id='par_1_33' title="bbox 2085 1822 3661 1894">
     <span class='ocr_line' id='line_1_33' title="bbox 2085 1822 3661 1894; baseline -0.001 -16"><span class='ocrx_word' id='word_1_229' title='bbox 2085 1824 2345 1878; x_wconf 85' lang='lat' dir='ltr'><strong>essentia.</strong></span> <span class='ocrx_word' id='word_1_230' title='bbox 2396 1822 2718 1894; x_wconf 84' lang='lat' dir='ltr'><strong>Compendii</strong></span> <span class='ocrx_word' id='word_1_231' title='bbox 2772 1830 2953 1876; x_wconf 90' lang='lat' dir='ltr'><strong>autem</strong></span> <span class='ocrx_word' id='word_1_232' title='bbox 3017 1832 3071 1878; x_wconf 89' lang='lat' dir='ltr'><strong>et</strong></span> <span class='ocrx_word' id='word_1_233' title='bbox 3122 1824 3476 1878; x_wconf 86' lang='lat' dir='ltr'><strong>diluciditatis</strong></span> <span class='ocrx_word' id='word_1_234' title='bbox 3535 1841 3661 1894; x_wconf 87' lang='lat' dir='ltr'><strong>gra-</strong></span> 
     </span>
    </p>
   </div>
   <div class='ocr_carea' id='block_1_34' title="bbox 404 1913 1979 2004">
    <p class='ocr_par' dir='ltr' id='par_1_34' title="bbox 404 1915 1979 1989">
     <span class='ocr_line' id='line_1_34' title="bbox 404 1915 1979 1989; baseline 0.003 -21"><span class='ocrx_word' id='word_1_235' title='bbox 404 1915 632 1987; x_wconf 84' lang='grc' dir='ltr'>ἀλήθεια</span> <span class='ocrx_word' id='word_1_236' title='bbox 670 1918 763 1970; x_wconf 78' lang='grc' dir='ltr'><strong>καί</strong></span> <span class='ocrx_word' id='word_1_237' title='bbox 798 1919 831 1988; x_wconf 84' lang='grc' dir='ltr'><strong>ή</strong></span> <span class='ocrx_word' id='word_1_238' title='bbox 866 1917 973 1970; x_wconf 83' lang='grc' dir='ltr'>τῶν</span> <span class='ocrx_word' id='word_1_239' title='bbox 1016 1918 1279 1972; x_wconf 81' lang='grc' dir='ltr'>τεθέντων</span> <span class='ocrx_word' id='word_1_240' title='bbox 1311 1918 1599 1972; x_wconf 80' lang='grc' dir='ltr'>ἀκολουθία</span> <span class='ocrx_word' id='word_1_241' title='bbox 1642 1919 1979 1989; x_wconf 87' lang='grc' dir='ltr'>καταναγκά-</span> 
     </span>
    </p>
   </div>
   <div class='ocr_carea' id='block_1_35' title="bbox 2082 1913 3659 2004">
    <p class='ocr_par' dir='ltr' id='par_1_35' title="bbox 2086 1913 3659 2004">
     <span class='ocr_line' id='line_1_35' title="bbox 2086 1913 3659 2004; baseline 0 -35"><span class='ocrx_word' id='word_1_242' title='bbox 2086 1916 2183 1979; x_wconf 90' lang='lat' dir='ltr'><strong>tia,</strong></span> <span class='ocrx_word' id='word_1_243' title='bbox 2238 1929 2435 1971; x_wconf 91' lang='lat' dir='ltr'><strong>rursus</strong></span> <span class='ocrx_word' id='word_1_244' title='bbox 2480 1914 2729 1969; x_wconf 88' lang='lat' dir='ltr'><strong>eumdem</strong></span> <span class='ocrx_word' id='word_1_245' title='bbox 2780 1928 3124 1968; x_wconf 89' lang='lat' dir='ltr'><strong>resumamus</strong></span> <span class='ocrx_word' id='word_1_246' title='bbox 3169 1918 3499 2004; x_wconf 68' lang='lat' dir='ltr'><strong>sermonem.</strong></span> <span class='ocrx_word' id='word_1_247' title='bbox 3542 1913 3659 1969; x_wconf 89' lang='lat' dir='ltr'><strong>Nisi</strong></span> 
     </span>
    </p>
   </div>
   <div class='ocr_carea' id='block_1_36' title="bbox 405 2006 1978 2081">
    <p class='ocr_par' dir='ltr' id='par_1_36' title="bbox 405 2006 1978 2081">
     <span class='ocr_line' id='line_1_36' title="bbox 405 2006 1978 2081; baseline 0.003 -21"><span class='ocrx_word' id='word_1_248' title='bbox 405 2006 519 2075; x_wconf 81' lang='grc' dir='ltr'>ζει,</span> <span class='ocrx_word' id='word_1_249' title='bbox 570 2009 832 2080; x_wconf 83' lang='grc' dir='ltr'>πρόδηλον</span> <span class='ocrx_word' id='word_1_250' title='bbox 888 2010 970 2063; x_wconf 85' lang='grc' dir='ltr'>ὅτι</span> <span class='ocrx_word' id='word_1_251' title='bbox 1016 2010 1136 2081; x_wconf 57' lang='grc' dir='ltr'><strong>οὐχ)⁸</strong></span> <span class='ocrx_word' id='word_1_252' title='bbox 1180 2010 1365 2074; x_wconf 81' lang='grc' dir='ltr'>οὐσίας</span> <span class='ocrx_word' id='word_1_253' title='bbox 1416 2012 1530 2064; x_wconf 80' lang='grc' dir='ltr'>ἐστὶ</span> <span class='ocrx_word' id='word_1_254' title='bbox 1580 2011 1641 2065; x_wconf 87' lang='grc' dir='ltr'><strong>τὸ</strong></span> <span class='ocrx_word' id='word_1_255' title='bbox 1686 2009 1978 2081; x_wconf 83' lang='grc' dir='ltr'>ἀγέννητον</span> 
     </span>
    </p>
   </div>
   <div class='ocr_carea' id='block_1_37' title="bbox 403 2097 1977 2172">
    <p class='ocr_par' dir='ltr' id='par_1_37' title="bbox 403 2097 1977 2172">
     <span class='ocr_line' id='line_1_37' title="bbox 403 2097 1977 2172; baseline 0.003 -21"><span class='ocrx_word' id='word_1_256' title='bbox 403 2097 594 2171; x_wconf 68' lang='grc' dir='ltr'>ὄνομα,</span> <span class='ocrx_word' id='word_1_257' title='bbox 635 2100 769 2155; x_wconf 85' lang='grc' dir='ltr'><strong>ἀλλά</strong></span> <span class='ocrx_word' id='word_1_258' title='bbox 808 2101 1071 2172; x_wconf 75' lang='grc' dir='ltr'>διαφορᾶς</span> <span class='ocrx_word' id='word_1_259' title='bbox 1118 2118 1261 2165; x_wconf 87' lang='grc' dir='ltr'>τινος</span> <span class='ocrx_word' id='word_1_260' title='bbox 1303 2102 1590 2171; x_wconf 88' lang='grc' dir='ltr'>νοημάτων</span> <span class='ocrx_word' id='word_1_261' title='bbox 1628 2102 1977 2171; x_wconf 82' lang='grc' dir='ltr'>σημαντικὸν,</span> 
     </span>
    </p>
   </div>
   <div class='ocr_carea' id='block_1_38' title="bbox 402 2190 1976 2263">
    <p class='ocr_par' dir='ltr' id='par_1_38' title="bbox 402 2190 1976 2263">
     <span class='ocr_line' id='line_1_38' title="bbox 402 2190 1976 2263; baseline 0.001 -20"><span class='ocrx_word' id='word_1_262' title='bbox 402 2192 502 2261; x_wconf 73' lang='grc' dir='ltr'>τῆς</span> <span class='ocrx_word' id='word_1_263' title='bbox 533 2191 595 2243; x_wconf 75' lang='grc' dir='ltr'>τὸ</span> <span class='ocrx_word' id='word_1_264' title='bbox 625 2190 880 2262; x_wconf 84' lang='grc' dir='ltr'>γεννηθὲν</span> <span class='ocrx_word' id='word_1_265' title='bbox 911 2190 1006 2244; x_wconf 76' lang='grc' dir='ltr'>τοῦ</span> <span class='ocrx_word' id='word_1_266' title='bbox 1052 2191 1126 2262; x_wconf 80' lang='grc' dir='ltr'><strong>μή</strong></span> <span class='ocrx_word' id='word_1_267' title='bbox 1164 2190 1512 2260; x_wconf 83' lang='grc' dir='ltr'>γεννηθέντος</span> <span class='ocrx_word' id='word_1_268' title='bbox 1542 2191 1976 2263; x_wconf 87' lang='grc' dir='ltr'>διαστελλούσης.</span> 
     </span>
    </p>
   </div>
   <div class='ocr_carea' id='block_1_39' title="bbox 2086 1986 3659 2077">
    <p class='ocr_par' dir='ltr' id='par_1_39' title="bbox 2086 1986 3659 2077">
     <span class='ocr_line' id='line_1_39' title="bbox 2086 1986 3659 2077; baseline -0.001 -17"><span class='ocrx_word' id='word_1_269' title='bbox 2086 2013 2372 2077; x_wconf 81' lang='lat' dir='ltr'><strong>propterea</strong></span> <span class='ocrx_word' id='word_1_270' title='bbox 2415 2005 2563 2077; x_wconf 92' lang='lat' dir='ltr'><strong>quod</strong></span> <span class='ocrx_word' id='word_1_271' title='bbox 2597 2020 2705 2059; x_wconf 91' lang='lat' dir='ltr'><strong>non</strong></span> <span class='ocrx_word' id='word_1_272' title='bbox 2740 2005 2953 2075; x_wconf 87' lang='lat' dir='ltr'><strong>genitus</strong></span> <span class='ocrx_word' id='word_1_273' title='bbox 3002 2012 3106 2068; x_wconf 91' lang='lat' dir='ltr'><strong>est,</strong></span> <span class='ocrx_word' id='word_1_274' title='bbox 3145 2005 3238 2060; x_wconf 87' lang='lat' dir='ltr'><strong>sed</strong></span> <span class='ocrx_word' id='word_1_275' title='bbox 3274 1986 3398 2074; x_wconf 67' lang='lat' dir='ltr'><strong>qbia</strong></span> <span class='ocrx_word' id='word_1_276' title='bbox 3432 2005 3659 2075; x_wconf 82' lang='lat' dir='ltr'><strong>simplex</strong></span> 
     </span>
    </p>
   </div>
   <div class='ocr_carea' id='block_1_40' title="bbox 2083 2086 3662 2168">
    <p class='ocr_par' dir='ltr' id='par_1_40' title="bbox 2083 2086 3662 2168">
     <span class='ocr_line' id='line_1_40' title="bbox 2083 2086 3662 2168; baseline -0.003 -14"><span class='ocrx_word' id='word_1_277' title='bbox 2083 2108 2141 2155; x_wconf 93' lang='lat' dir='ltr'><strong>et</strong></span> <span class='ocrx_word' id='word_1_278' title='bbox 2191 2097 2554 2168; x_wconf 89' lang='lat' dir='ltr'><strong>incomposita</strong></span> <span class='ocrx_word' id='word_1_279' title='bbox 2588 2097 2660 2152; x_wconf 90' lang='lat' dir='ltr'><strong>sit</strong></span> <span class='ocrx_word' id='word_1_280' title='bbox 2705 2098 2962 2159; x_wconf 85' lang='lat' dir='ltr'><strong>essentia,</strong></span> <span class='ocrx_word' id='word_1_281' title='bbox 3013 2095 3174 2151; x_wconf 88' lang='lat' dir='ltr'><strong>Pater</strong></span> <span class='ocrx_word' id='word_1_282' title='bbox 3208 2086 3477 2164; x_wconf 73' lang='lat' dir='ltr'><strong>ingenitus</strong></span> <span class='ocrx_word' id='word_1_283' title='bbox 3512 2098 3662 2151; x_wconf 89' lang='lat' dir='ltr'><strong>dici—</strong></span> 
     </span>
    </p>
   </div>
   <div class='ocr_carea' id='block_1_41' title="bbox 2087 2187 3663 2260">
    <p class='ocr_par' dir='ltr' id='par_1_41' title="bbox 2087 2187 3663 2260">
     <span class='ocr_line' id='line_1_41' title="bbox 2087 2187 3663 2260; baseline -0.005 -13"><span class='ocrx_word' id='word_1_284' title='bbox 2087 2201 2198 2259; x_wconf 90' lang='lat' dir='ltr'><strong>tur,</strong></span> <span class='ocrx_word' id='word_1_285' title='bbox 2232 2191 2299 2245; x_wconf 91' lang='lat' dir='ltr'><strong>ob</strong></span> <span class='ocrx_word' id='word_1_286' title='bbox 2330 2188 2576 2244; x_wconf 89' lang='lat' dir='ltr'><strong>eamdem</strong></span> <span class='ocrx_word' id='word_1_287' title='bbox 2605 2203 2827 2243; x_wconf 89' lang='lat' dir='ltr'><strong>causam</strong></span> <span class='ocrx_word' id='word_1_288' title='bbox 2855 2190 3017 2243; x_wconf 90' lang='lat' dir='ltr'><strong>etiam</strong></span> <span class='ocrx_word' id='word_1_289' title='bbox 3058 2187 3224 2243; x_wconf 88' lang='lat' dir='ltr'><strong>Filius</strong></span> <span class='ocrx_word' id='word_1_290' title='bbox 3254 2190 3528 2260; x_wconf 87' lang='lat' dir='ltr'><strong>ingenitus</strong></span> <span class='ocrx_word' id='word_1_291' title='bbox 3549 2189 3663 2242; x_wconf 79' lang='lat' dir='ltr'><strong>exi-</strong></span> 
     </span>
    </p>
   </div>
   <div class='ocr_carea' id='block_1_42' title="bbox 411 2276 3659 2350">
    <p class='ocr_par' dir='ltr' id='par_1_42' title="bbox 411 2276 3659 2350">
     <span class='ocr_line' id='line_1_42' title="bbox 411 2276 3659 2350; baseline -0.001 -17"><span class='ocrx_word' id='word_1_292' title='bbox 411 2279 742 2333; x_wconf 76' lang='lat' dir='ltr'><strong>stimabitnr.</strong></span> <span class='ocrx_word' id='word_1_293' title='bbox 776 2277 1026 2333; x_wconf 88' lang='lat' dir='ltr'><strong>Essentia</strong></span> <span class='ocrx_word' id='word_1_294' title='bbox 1063 2279 1207 2333; x_wconf 90' lang='lat' dir='ltr'><strong>enim</strong></span> <span class='ocrx_word' id='word_1_295' title='bbox 1240 2280 1403 2333; x_wconf 89' lang='lat' dir='ltr'><strong>etiam</strong></span> <span class='ocrx_word' id='word_1_296' title='bbox 1444 2278 1533 2333; x_wconf 86' lang='lat' dir='ltr'><strong>hic</strong></span> <span class='ocrx_word' id='word_1_297' title='bbox 1572 2285 1657 2333; x_wconf 90' lang='lat' dir='ltr'><strong>est</strong></span> <span class='ocrx_word' id='word_1_298' title='bbox 1685 2276 1976 2335; x_wconf 78' lang='lat' dir='ltr'><strong>uniformis</strong></span> <span class='ocrx_word' id='word_1_299' title='bbox 2015 2289 2067 2333; x_wconf 92' lang='lat' dir='ltr'><strong>et</strong></span> <span class='ocrx_word' id='word_1_300' title='bbox 2097 2278 2512 2350; x_wconf 87' lang='lat' dir='ltr'><strong>compositionis</strong></span> <span class='ocrx_word' id='word_1_301' title='bbox 2540 2292 2752 2333; x_wconf 82' lang='lat' dir='ltr'><strong>exsors.</strong></span> <span class='ocrx_word' id='word_1_302' title='bbox 2790 2277 2948 2344; x_wconf 86' lang='lat' dir='ltr'><strong>Quod</strong></span> <span class='ocrx_word' id='word_1_303' title='bbox 2993 2278 3038 2332; x_wconf 92' lang='lat' dir='ltr'><strong>si</strong></span> <span class='ocrx_word' id='word_1_304' title='bbox 3104 2278 3325 2340; x_wconf 86' lang='lat' dir='ltr'><strong>Filium,</strong></span> <span class='ocrx_word' id='word_1_305' title='bbox 3400 2278 3659 2349; x_wconf 88' lang='lat' dir='ltr'><strong>quoniam</strong></span> 
     </span>
    </p>
   </div>
   <div class='ocr_carea' id='block_1_43' title="bbox 404 2367 3658 2441">
    <p class='ocr_par' dir='ltr' id='par_1_43' title="bbox 404 2367 3658 2441">
     <span class='ocr_line' id='line_1_43' title="bbox 404 2367 3658 2441; baseline 0.001 -19"><span class='ocrx_word' id='word_1_306' title='bbox 404 2370 620 2440; x_wconf 84' lang='lat' dir='ltr'><strong>genitus</strong></span> <span class='ocrx_word' id='word_1_307' title='bbox 651 2379 756 2433; x_wconf 88' lang='lat' dir='ltr'><strong>est,</strong></span> <span class='ocrx_word' id='word_1_308' title='bbox 797 2369 1037 2439; x_wconf 81' lang='lat' dir='ltr'><strong>genilum</strong></span> <span class='ocrx_word' id='word_1_309' title='bbox 1088 2370 1402 2425; x_wconf 84' lang='lat' dir='ltr'><strong>necessario</strong></span> <span class='ocrx_word' id='word_1_310' title='bbox 1430 2369 1833 2436; x_wconf 81' lang='lat' dir='ltr'><strong>conﬁtebimur,</strong></span> <span class='ocrx_word' id='word_1_311' title='bbox 1859 2371 2205 2441; x_wconf 91' lang='lat' dir='ltr'><strong>perspicuum</strong></span> <span class='ocrx_word' id='word_1_312' title='bbox 2231 2369 2377 2441; x_wconf 93' lang='lat' dir='ltr'><strong>quod</strong></span> <span class='ocrx_word' id='word_1_313' title='bbox 2407 2369 2570 2424; x_wconf 88' lang='lat' dir='ltr'><strong>etiam</strong></span> <span class='ocrx_word' id='word_1_314' title='bbox 2630 2367 2869 2433; x_wconf 85' lang='lat' dir='ltr'><strong>Patrem,</strong></span> <span class='ocrx_word' id='word_1_315' title='bbox 2941 2369 3199 2439; x_wconf 86' lang='lat' dir='ltr'><strong>quoniam</strong></span> <span class='ocrx_word' id='word_1_316' title='bbox 3264 2384 3372 2423; x_wconf 88' lang='lat' dir='ltr'><strong>non</strong></span> <span class='ocrx_word' id='word_1_317' title='bbox 3439 2371 3658 2439; x_wconf 77' lang='lat' dir='ltr'><strong>genitus</strong></span> 
     </span>
    </p>
   </div>
   <div class='ocr_carea' id='block_1_44' title="bbox 403 2458 3658 2531">
    <p class='ocr_par' dir='ltr' id='par_1_44' title="bbox 403 2458 3658 2531">
     <span class='ocr_line' id='line_1_44' title="bbox 403 2458 3658 2531; baseline -0.002 -14"><span class='ocrx_word' id='word_1_318' title='bbox 403 2468 508 2524; x_wconf 90' lang='lat' dir='ltr'><strong>est,</strong></span> <span class='ocrx_word' id='word_1_319' title='bbox 541 2459 783 2515; x_wconf 86' lang='lat' dir='ltr'><strong>dicemus</strong></span> <span class='ocrx_word' id='word_1_320' title='bbox 824 2458 1149 2531; x_wconf 79' lang='lat' dir='ltr'><strong>ingenitum.</strong></span> <span class='ocrx_word' id='word_1_321' title='bbox 1188 2460 1342 2527; x_wconf 86' lang='lat' dir='ltr'><strong>Quod</strong></span> <span class='ocrx_word' id='word_1_322' title='bbox 1378 2461 1424 2516; x_wconf 91' lang='lat' dir='ltr'><strong>si</strong></span> <span class='ocrx_word' id='word_1_323' title='bbox 1464 2461 1567 2515; x_wconf 86' lang='lat' dir='ltr'><strong>hoc</strong></span> <span class='ocrx_word' id='word_1_324' title='bbox 1600 2471 1654 2515; x_wconf 92' lang='lat' dir='ltr'><strong>et</strong></span> <span class='ocrx_word' id='word_1_325' title='bbox 1680 2460 1884 2515; x_wconf 86' lang='lat' dir='ltr'><strong>veritas</strong></span> <span class='ocrx_word' id='word_1_326' title='bbox 1921 2468 1976 2516; x_wconf 90' lang='lat' dir='ltr'><strong>et</strong></span> <span class='ocrx_word' id='word_1_327' title='bbox 2016 2461 2319 2531; x_wconf 88' lang='lat' dir='ltr'><strong>positorum</strong></span> <span class='ocrx_word' id='word_1_328' title='bbox 2352 2460 2521 2514; x_wconf 85' lang='lat' dir='ltr'><strong>series</strong></span> <span class='ocrx_word' id='word_1_329' title='bbox 2586 2473 2930 2528; x_wconf 89' lang='lat' dir='ltr'><strong>consequens</strong></span> <span class='ocrx_word' id='word_1_330' title='bbox 2965 2459 3129 2527; x_wconf 83' lang='lat' dir='ltr'><strong>cogit,</strong></span> <span class='ocrx_word' id='word_1_331' title='bbox 3196 2459 3400 2528; x_wconf 84' lang='lat' dir='ltr'><strong>liquido</strong></span> <span class='ocrx_word' id='word_1_332' title='bbox 3444 2469 3658 2514; x_wconf 88' lang='lat' dir='ltr'><strong>constat</strong></span> 
     </span>
    </p>
   </div>
   <div class='ocr_carea' id='block_1_45' title="bbox 406 2551 3660 2624">
    <p class='ocr_par' dir='ltr' id='par_1_45' title="bbox 406 2551 3660 2624">
     <span class='ocr_line' id='line_1_45' title="bbox 406 2551 3660 2624; baseline -0.001 -16"><span class='ocrx_word' id='word_1_333' title='bbox 406 2554 705 2624; x_wconf 83' lang='lat' dir='ltr'><strong>ingenitum</strong></span> <span class='ocrx_word' id='word_1_334' title='bbox 748 2568 854 2607; x_wconf 93' lang='lat' dir='ltr'><strong>non</strong></span> <span class='ocrx_word' id='word_1_335' title='bbox 886 2567 1010 2609; x_wconf 87' lang='lat' dir='ltr'><strong>esse</strong></span> <span class='ocrx_word' id='word_1_336' title='bbox 1052 2568 1247 2607; x_wconf 91' lang='lat' dir='ltr'><strong>nomen</strong></span> <span class='ocrx_word' id='word_1_337' title='bbox 1287 2554 1562 2616; x_wconf 75' lang='lat' dir='ltr'><strong>essentize,</strong></span> <span class='ocrx_word' id='word_1_338' title='bbox 1625 2553 1720 2608; x_wconf 91' lang='lat' dir='ltr'><strong>sed</strong></span> <span class='ocrx_word' id='word_1_339' title='bbox 1786 2554 2103 2609; x_wconf 69' lang='lat' dir='ltr'><strong>diﬂ‘erentize</strong></span> <span class='ocrx_word' id='word_1_340' title='bbox 2168 2553 2400 2622; x_wconf 90' lang='lat' dir='ltr'><strong>alicujus</strong></span> <span class='ocrx_word' id='word_1_341' title='bbox 2450 2568 2641 2608; x_wconf 90' lang='lat' dir='ltr'><strong>eorum</strong></span> <span class='ocrx_word' id='word_1_342' title='bbox 2707 2567 2828 2622; x_wconf 71' lang='lat' dir='ltr'><strong>qua:</strong></span> <span class='ocrx_word' id='word_1_343' title='bbox 2894 2551 3290 2621; x_wconf 84' lang='lat' dir='ltr'><strong>intelliguntur,</strong></span> <span class='ocrx_word' id='word_1_344' title='bbox 3338 2553 3660 2622; x_wconf 78' lang='lat' dir='ltr'><strong>signiticali-</strong></span> 
     </span>
    </p>
   </div>
   <div class='ocr_carea' id='block_1_46' title="bbox 406 2645 2348 2718">
    <p class='ocr_par' dir='ltr' id='par_1_46' title="bbox 406 2645 2348 2718">
     <span class='ocr_line' id='line_1_46' title="bbox 406 2645 2348 2718; baseline 0.001 -18"><span class='ocrx_word' id='word_1_345' title='bbox 406 2661 557 2709; x_wconf 78' lang='lat' dir='ltr'><strong>vum,</strong></span> <span class='ocrx_word' id='word_1_346' title='bbox 602 2660 723 2716; x_wconf 79' lang='lat' dir='ltr'><strong>quae</strong></span> <span class='ocrx_word' id='word_1_347' title='bbox 767 2645 913 2716; x_wconf 91' lang='lat' dir='ltr'><strong>quod</strong></span> <span class='ocrx_word' id='word_1_348' title='bbox 954 2654 1038 2700; x_wconf 88' lang='lat' dir='ltr'><strong>est</strong></span> <span class='ocrx_word' id='word_1_349' title='bbox 1085 2646 1328 2715; x_wconf 89' lang='lat' dir='ltr'><strong>genilum</strong></span> <span class='ocrx_word' id='word_1_350' title='bbox 1379 2661 1408 2699; x_wconf 88' lang='lat' dir='ltr'><strong>a</strong></span> <span class='ocrx_word' id='word_1_351' title='bbox 1464 2662 1571 2702; x_wconf 91' lang='lat' dir='ltr'><strong>non</strong></span> <span class='ocrx_word' id='word_1_352' title='bbox 1618 2650 1799 2716; x_wconf 86' lang='lat' dir='ltr'><strong>genito</strong></span> <span class='ocrx_word' id='word_1_353' title='bbox 1851 2647 1982 2702; x_wconf 84' lang='lat' dir='ltr'><strong>facit</strong></span> <span class='ocrx_word' id='word_1_354' title='bbox 2017 2648 2348 2718; x_wconf 90' lang='lat' dir='ltr'><strong>discrepare.</strong></span> 
     </span>
    </p>
   </div>
   <div class='ocr_carea' id='block_1_47' title="bbox 476 2737 1983 2812">
    <p class='ocr_par' dir='ltr' id='par_1_47' title="bbox 476 2737 1983 2812">
     <span class='ocr_line' id='line_1_47' title="bbox 476 2737 1983 2812; baseline 0.001 -19"><span class='ocrx_word' id='word_1_355' title='bbox 476 2737 609 2793; x_wconf 78' lang='grc' dir='ltr'>Εἶτα</span> <span class='ocrx_word' id='word_1_356' title='bbox 653 2741 743 2793; x_wconf 69' lang='grc' dir='ltr'><strong>καὶ</strong></span> <span class='ocrx_word' id='word_1_357' title='bbox 778 2739 935 2793; x_wconf 77' lang='grc' dir='ltr'>τοῦτο</span> <span class='ocrx_word' id='word_1_358' title='bbox 968 2742 1080 2802; x_wconf 87' lang='grc' dir='ltr'>τοῖς</span> <span class='ocrx_word' id='word_1_359' title='bbox 1122 2740 1429 2811; x_wconf 84' lang='grc' dir='ltr'>εἰρημένοις</span> <span class='ocrx_word' id='word_1_360' title='bbox 1466 2741 1983 2812; x_wconf 74' lang='grc' dir='ltr'>προσεξετάσωμενο</span> 
     </span>
    </p>
   </div>
   <div class='ocr_carea' id='block_1_48' title="bbox 406 2830 1982 2902">
    <p class='ocr_par' dir='ltr' id='par_1_48' title="bbox 406 2830 1982 2902">
     <span class='ocr_line' id='line_1_48' title="bbox 406 2830 1982 2902; baseline 0.001 -18"><span class='ocrx_word' id='word_1_361' title='bbox 406 2832 471 2885; x_wconf 87' lang='grc' dir='ltr'>Εἰ</span> <span class='ocrx_word' id='word_1_362' title='bbox 504 2831 564 2884; x_wconf 80' lang='grc' dir='ltr'><strong>τὸ</strong></span> <span class='ocrx_word' id='word_1_363' title='bbox 594 2832 884 2901; x_wconf 85' lang='grc' dir='ltr'>ἀγέννητον</span> <span class='ocrx_word' id='word_1_364' title='bbox 912 2830 1084 2901; x_wconf 79' lang='grc' dir='ltr'>ὄνομά</span> <span class='ocrx_word' id='word_1_365' title='bbox 1123 2847 1255 2901; x_wconf 83' lang='grc' dir='ltr'>φασι</span> <span class='ocrx_word' id='word_1_366' title='bbox 1297 2830 1393 2900; x_wconf 82' lang='grc' dir='ltr'><strong>τήν</strong></span> <span class='ocrx_word' id='word_1_367' title='bbox 1441 2831 1626 2884; x_wconf 90' lang='grc' dir='ltr'>οὐσίαν</span> <span class='ocrx_word' id='word_1_368' title='bbox 1679 2832 1982 2902; x_wconf 88' lang='grc' dir='ltr'>σημαίνειν,</span> 
     </span>
    </p>
   </div>
   <div class='ocr_carea' id='block_1_49' title="bbox 405 2922 1985 2994">
    <p class='ocr_par' dir='ltr' id='par_1_49' title="bbox 405 2922 1985 2994">
     <span class='ocr_line' id='line_1_49' title="bbox 405 2922 1985 2994; baseline 0 -19"><span class='ocrx_word' id='word_1_369' title='bbox 405 2924 498 2975; x_wconf 77' lang='grc' dir='ltr'><strong>καὶ</strong></span> <span class='ocrx_word' id='word_1_370' title='bbox 540 2924 612 2993; x_wconf 84' lang='grc' dir='ltr'><strong>μή</strong></span> <span class='ocrx_word' id='word_1_371' title='bbox 658 2922 718 2975; x_wconf 84' lang='grc' dir='ltr'><strong>τὸ</strong></span> <span class='ocrx_word' id='word_1_372' title='bbox 748 2922 874 2975; x_wconf 80' lang='grc' dir='ltr'>ἄνευ</span> <span class='ocrx_word' id='word_1_373' title='bbox 917 2922 1096 2985; x_wconf 83' lang='grc' dir='ltr'>αἰτίας</span> <span class='ocrx_word' id='word_1_374' title='bbox 1142 2922 1241 2993; x_wconf 84' lang='grc' dir='ltr'><strong>τήν</strong></span> <span class='ocrx_word' id='word_1_375' title='bbox 1269 2922 1568 2975; x_wconf 76' lang='grc' dir='ltr'>ὑπόστασιν</span> <span class='ocrx_word' id='word_1_376' title='bbox 1612 2922 1788 2992; x_wconf 77' lang='grc' dir='ltr'>ἔχειν·</span> <span class='ocrx_word' id='word_1_377' title='bbox 1847 2924 1985 2994; x_wconf 84' lang='grc' dir='ltr'>ποίῳ</span> 
     </span>
    </p>
   </div>
   <div class='ocr_carea' id='block_1_50' title="bbox 404 3009 1985 3085">
    <p class='ocr_par' dir='ltr' id='par_1_50' title="bbox 404 3009 1985 3085">
     <span class='ocr_line' id='line_1_50' title="bbox 404 3009 1985 3085; baseline 0.001 -21"><span class='ocrx_word' id='word_1_378' title='bbox 404 3014 629 3082; x_wconf 80' lang='grc' dir='ltr'>ὀνόματι</span> <span class='ocrx_word' id='word_1_379' title='bbox 684 3011 746 3065; x_wconf 81' lang='grc' dir='ltr'><strong>τὸ</strong></span> <span class='ocrx_word' id='word_1_380' title='bbox 792 3013 919 3066; x_wconf 82' lang='grc' dir='ltr'>ἄνευ</span> <span class='ocrx_word' id='word_1_381' title='bbox 972 3012 1148 3077; x_wconf 86' lang='grc' dir='ltr'>αἰτίας</span> <span class='ocrx_word' id='word_1_382' title='bbox 1200 3009 1336 3065; x_wconf 78' lang='grc' dir='ltr'>εἶναι</span> <span class='ocrx_word' id='word_1_383' title='bbox 1391 3012 1483 3065; x_wconf 89' lang='grc' dir='ltr'>τὸν</span> <span class='ocrx_word' id='word_1_384' title='bbox 1534 3014 1748 3085; x_wconf 84' lang='grc' dir='ltr'>Πατέρα</span> <span class='ocrx_word' id='word_1_385' title='bbox 1787 3014 1985 3085; x_wconf 82' lang='grc' dir='ltr'>συστή-</span> 
     </span>
    </p>
   </div>
   <div class='ocr_carea' id='block_1_51' title="bbox 409 3102 1979 3174">
    <p class='ocr_par' dir='ltr' id='par_1_51' title="bbox 409 3102 1979 3174">
     <span class='ocr_line' id='line_1_51' title="bbox 409 3102 1979 3174; baseline 0.001 -19"><span class='ocrx_word' id='word_1_386' title='bbox 409 3120 579 3169; x_wconf 81' lang='grc' dir='ltr'>σουσι,</span> <span class='ocrx_word' id='word_1_387' title='bbox 626 3106 725 3174; x_wconf 79' lang='grc' dir='ltr'>τῆς</span> <span class='ocrx_word' id='word_1_388' title='bbox 775 3102 1097 3173; x_wconf 85' lang='grc' dir='ltr'>ἀγεννησίας</span> <span class='ocrx_word' id='word_1_389' title='bbox 1128 3104 1205 3165; x_wconf 83' lang='grc' dir='ltr'><strong>εἰς</strong></span> <span class='ocrx_word' id='word_1_390' title='bbox 1250 3103 1349 3171; x_wconf 83' lang='grc' dir='ltr'>τὴν</span> <span class='ocrx_word' id='word_1_391' title='bbox 1394 3105 1493 3173; x_wconf 88' lang='grc' dir='ltr'>τῆς</span> <span class='ocrx_word' id='word_1_392' title='bbox 1535 3103 1720 3166; x_wconf 84' lang='grc' dir='ltr'>οὐσίας</span> <span class='ocrx_word' id='word_1_393' title='bbox 1758 3102 1979 3169; x_wconf 76' lang='grc' dir='ltr'>ἔνδειξιν</span> 
     </span>
    </p>
   </div>
   <div class='ocr_carea' id='block_1_52' title="bbox 406 3193 1981 3265">
    <p class='ocr_par' dir='ltr' id='par_1_52' title="bbox 406 3193 1981 3265">
     <span class='ocr_line' id='line_1_52' title="bbox 406 3193 1981 3265; baseline -0.001 -16"><span class='ocrx_word' id='word_1_394' title='bbox 406 3197 536 3265; x_wconf 80' lang='grc' dir='ltr'>παρ’</span> <span class='ocrx_word' id='word_1_395' title='bbox 570 3196 749 3247; x_wconf 85' lang='grc' dir='ltr'>αὐτῶν</span> <span class='ocrx_word' id='word_1_396' title='bbox 777 3194 1254 3263; x_wconf 80' lang='grc' dir='ltr'>ἀποτεταγμένηςς</span> <span class='ocrx_word' id='word_1_397' title='bbox 1291 3194 1352 3245; x_wconf 88' lang='grc' dir='ltr'>Εἰ</span> <span class='ocrx_word' id='word_1_398' title='bbox 1377 3193 1482 3263; x_wconf 83' lang='grc' dir='ltr'>γὰρ</span> <span class='ocrx_word' id='word_1_399' title='bbox 1515 3193 1588 3264; x_wconf 88' lang='grc' dir='ltr'><strong>μή</strong></span> <span class='ocrx_word' id='word_1_400' title='bbox 1615 3194 1713 3264; x_wconf 80' lang='grc' dir='ltr'><strong>τήν</strong></span> <span class='ocrx_word' id='word_1_401' title='bbox 1738 3194 1981 3248; x_wconf 87' lang='grc' dir='ltr'>διασταλ-</span> 
     </span>
    </p>
   </div>
   <div class='ocr_carea' id='block_1_53' title="bbox 406 3287 1980 3361">
    <p class='ocr_par' dir='ltr' id='par_1_53' title="bbox 406 3287 1980 3361">
     <span class='ocr_line' id='line_1_53' title="bbox 406 3287 1980 3361; baseline 0.001 -20"><span class='ocrx_word' id='word_1_402' title='bbox 406 3289 561 3361; x_wconf 83' lang='grc' dir='ltr'>τικήν</span> <span class='ocrx_word' id='word_1_403' title='bbox 598 3289 707 3342; x_wconf 83' lang='grc' dir='ltr'><strong>τῶν</strong></span> <span class='ocrx_word' id='word_1_404' title='bbox 740 3289 1086 3342; x_wconf 83' lang='grc' dir='ltr'>ὑποστάσεων</span> <span class='ocrx_word' id='word_1_405' title='bbox 1129 3288 1387 3357; x_wconf 70' lang='grc' dir='ltr'>διαφορὰν</span> <span class='ocrx_word' id='word_1_406' title='bbox 1426 3287 1512 3339; x_wconf 79' lang='grc' dir='ltr'>διὰ</span> <span class='ocrx_word' id='word_1_407' title='bbox 1556 3287 1655 3358; x_wconf 79' lang='grc' dir='ltr'><strong>τῆς</strong></span> <span class='ocrx_word' id='word_1_408' title='bbox 1688 3288 1779 3341; x_wconf 78' lang='grc' dir='ltr'>τοῦ</span> <span class='ocrx_word' id='word_1_409' title='bbox 1830 3290 1980 3358; x_wconf 86' lang='grc' dir='ltr'>ἀγεν-</span> 
     </span>
    </p>
   </div>
   <div class='ocr_carea' id='block_1_54' title="bbox 2161 2736 3661 2816">
    <p class='ocr_par' dir='ltr' id='par_1_54' title="bbox 2161 2736 3661 2816">
     <span class='ocr_line' id='line_1_54' title="bbox 2161 2736 3661 2816; baseline 0.003 -22"><span class='ocrx_word' id='word_1_410' title='bbox 2161 2740 2365 2795; x_wconf 85' lang='lat' dir='ltr'><strong>Deinde</strong></span> <span class='ocrx_word' id='word_1_411' title='bbox 2392 2736 2494 2795; x_wconf 91' lang='lat' dir='ltr'><strong>hoc</strong></span> <span class='ocrx_word' id='word_1_412' title='bbox 2514 2739 2679 2795; x_wconf 89' lang='lat' dir='ltr'><strong>etiam</strong></span> <span class='ocrx_word' id='word_1_413' title='bbox 2703 2746 2900 2811; x_wconf 66' lang='lat' dir='ltr'><strong>praeter</strong></span> <span class='ocrx_word' id='word_1_414' title='bbox 2927 2755 2989 2796; x_wconf 88' lang='lat' dir='ltr'><strong>ea</strong></span> <span class='ocrx_word' id='word_1_415' title='bbox 3012 2757 3133 2811; x_wconf 66' lang='lat' dir='ltr'><strong>quae</strong></span> <span class='ocrx_word' id='word_1_416' title='bbox 3153 2750 3282 2797; x_wconf 92' lang='lat' dir='ltr'><strong>sunt</strong></span> <span class='ocrx_word' id='word_1_417' title='bbox 3304 2742 3446 2797; x_wconf 88' lang='lat' dir='ltr'><strong>dicta</strong></span> <span class='ocrx_word' id='word_1_418' title='bbox 3469 2746 3661 2816; x_wconf 82' lang='lat' dir='ltr'><strong>exqui-</strong></span> 
     </span>
    </p>
   </div>
   <div class='ocr_carea' id='block_1_55' title="bbox 2085 2828 3660 2900">
    <p class='ocr_par' dir='ltr' id='par_1_55' title="bbox 2085 2828 3660 2900">
     <span class='ocr_line' id='line_1_55' title="bbox 2085 2828 3660 2900; baseline 0.003 -16"><span class='ocrx_word' id='word_1_419' title='bbox 2085 2846 2311 2885; x_wconf 87' lang='lat' dir='ltr'><strong>ramus:</strong></span> <span class='ocrx_word' id='word_1_420' title='bbox 2334 2828 2390 2884; x_wconf 84' lang='lat' dir='ltr'><strong>Si</strong></span> <span class='ocrx_word' id='word_1_421' title='bbox 2421 2844 2624 2885; x_wconf 89' lang='lat' dir='ltr'><strong>nomen</strong></span> <span class='ocrx_word' id='word_1_422' title='bbox 2656 2829 2759 2884; x_wconf 87' lang='lat' dir='ltr'><strong>hoc</strong></span> <span class='ocrx_word' id='word_1_423' title='bbox 2788 2830 3089 2900; x_wconf 86' lang='lat' dir='ltr'><strong>ingenitum</strong></span> <span class='ocrx_word' id='word_1_424' title='bbox 3117 2833 3480 2886; x_wconf 81' lang='lat' dir='ltr'><strong>substantiam</strong></span> <span class='ocrx_word' id='word_1_425' title='bbox 3506 2835 3660 2889; x_wconf 90' lang='lat' dir='ltr'><strong>aiunt</strong></span> 
     </span>
    </p>
   </div>
   <div class='ocr_carea' id='block_1_56' title="bbox 2085 2920 3657 2993">
    <p class='ocr_par' dir='ltr' id='par_1_56' title="bbox 2085 2920 3657 2993">
     <span class='ocr_line' id='line_1_56' title="bbox 2085 2920 3657 2993; baseline 0.004 -19"><span class='ocrx_word' id='word_1_426' title='bbox 2085 2920 2419 2992; x_wconf 82' lang='lat' dir='ltr'><strong>signiﬁcare,</strong></span> <span class='ocrx_word' id='word_1_427' title='bbox 2458 2929 2509 2976; x_wconf 80' lang='lat' dir='ltr'><strong>et</strong></span> <span class='ocrx_word' id='word_1_428' title='bbox 2560 2936 2672 2976; x_wconf 93' lang='lat' dir='ltr'><strong>non</strong></span> <span class='ocrx_word' id='word_1_429' title='bbox 2719 2922 2925 2993; x_wconf 88' lang='lat' dir='ltr'><strong>absque</strong></span> <span class='ocrx_word' id='word_1_430' title='bbox 2980 2938 3146 2977; x_wconf 90' lang='lat' dir='ltr'><strong>causa</strong></span> <span class='ocrx_word' id='word_1_431' title='bbox 3205 2922 3422 2980; x_wconf 89' lang='lat' dir='ltr'><strong>Patrem</strong></span> <span class='ocrx_word' id='word_1_432' title='bbox 3472 2925 3657 2981; x_wconf 87' lang='lat' dir='ltr'><strong>subsi-</strong></span> 
     </span>
    </p>
   </div>
   <div class='ocr_carea' id='block_1_57' title="bbox 2084 3011 3654 3085">
    <p class='ocr_par' dir='ltr' id='par_1_57' title="bbox 2084 3011 3654 3085">
     <span class='ocr_line' id='line_1_57' title="bbox 2084 3011 3654 3085; baseline 0.003 -19"><span class='ocrx_word' id='word_1_433' title='bbox 2084 3013 2340 3067; x_wconf 91' lang='lat' dir='ltr'><strong>stentiam</strong></span> <span class='ocrx_word' id='word_1_434' title='bbox 2374 3011 2594 3078; x_wconf 87' lang='lat' dir='ltr'><strong>habere,</strong></span> <span class='ocrx_word' id='word_1_435' title='bbox 2624 3028 2732 3083; x_wconf 90' lang='lat' dir='ltr'><strong>quo</strong></span> <span class='ocrx_word' id='word_1_436' title='bbox 2756 3014 2976 3068; x_wconf 91' lang='lat' dir='ltr'><strong>nomine</strong></span> <span class='ocrx_word' id='word_1_437' title='bbox 3006 3014 3215 3085; x_wconf 87' lang='lat' dir='ltr'><strong>absque</strong></span> <span class='ocrx_word' id='word_1_438' title='bbox 3247 3031 3410 3070; x_wconf 91' lang='lat' dir='ltr'><strong>causa</strong></span> <span class='ocrx_word' id='word_1_439' title='bbox 3438 3015 3654 3071; x_wconf 78' lang='lat' dir='ltr'><strong>Patrem</strong></span> 
     </span>
    </p>
   </div>
   <div class='ocr_carea' id='block_1_58' title="bbox 2084 3105 3659 3177">
    <p class='ocr_par' dir='ltr' id='par_1_58' title="bbox 2084 3105 3659 3177">
     <span class='ocr_line' id='line_1_58' title="bbox 2084 3105 3659 3177; baseline 0.003 -19"><span class='ocrx_word' id='word_1_440' title='bbox 2084 3118 2207 3159; x_wconf 86' lang='lat' dir='ltr'><strong>esse</strong></span> <span class='ocrx_word' id='word_1_441' title='bbox 2235 3105 2595 3171; x_wconf 89' lang='lat' dir='ltr'><strong>constituent,</strong></span> <span class='ocrx_word' id='word_1_442' title='bbox 2628 3120 2752 3161; x_wconf 89' lang='lat' dir='ltr'><strong>cum</strong></span> <span class='ocrx_word' id='word_1_443' title='bbox 2786 3106 3080 3177; x_wconf 88' lang='grc' dir='ltr'>ἀγεννησία</span> <span class='ocrx_word' id='word_1_444' title='bbox 3119 3107 3187 3161; x_wconf 91' lang='lat' dir='ltr'><strong>ad</strong></span> <span class='ocrx_word' id='word_1_445' title='bbox 3224 3108 3472 3162; x_wconf 73' lang='lat' dir='ltr'><strong>essentia:</strong></span> <span class='ocrx_word' id='word_1_446' title='bbox 3518 3108 3659 3162; x_wconf 90' lang='lat' dir='ltr'><strong>indi-</strong></span> 
     </span>
    </p>
   </div>
   <div class='ocr_carea' id='block_1_59' title="bbox 2086 3196 3657 3268">
    <p class='ocr_par' dir='ltr' id='par_1_59' title="bbox 2086 3196 3657 3268">
     <span class='ocr_line' id='line_1_59' title="bbox 2086 3196 3657 3268; baseline 0.005 -21"><span class='ocrx_word' id='word_1_447' title='bbox 2086 3196 2356 3251; x_wconf 86' lang='lat' dir='ltr'><strong>cationem</strong></span> <span class='ocrx_word' id='word_1_448' title='bbox 2402 3198 2472 3252; x_wconf 90' lang='lat' dir='ltr'><strong>ab</strong></span> <span class='ocrx_word' id='word_1_449' title='bbox 2506 3198 2641 3268; x_wconf 92' lang='lat' dir='ltr'><strong>ipsis</strong></span> <span class='ocrx_word' id='word_1_450' title='bbox 2691 3200 2762 3253; x_wconf 89' lang='lat' dir='ltr'><strong>sit</strong></span> <span class='ocrx_word' id='word_1_451' title='bbox 2791 3199 3080 3253; x_wconf 88' lang='lat' dir='ltr'><strong>ordinata?</strong></span> <span class='ocrx_word' id='word_1_452' title='bbox 3120 3198 3178 3253; x_wconf 93' lang='lat' dir='ltr'><strong>Si</strong></span> <span class='ocrx_word' id='word_1_453' title='bbox 3218 3200 3361 3253; x_wconf 92' lang='lat' dir='ltr'><strong>enim</strong></span> <span class='ocrx_word' id='word_1_454' title='bbox 3401 3198 3657 3255; x_wconf 64' lang='lat' dir='ltr'><strong>diﬂ&#39;crenv</strong></span> 
     </span>
    </p>
   </div>
   <div class='ocr_carea' id='block_1_60' title="bbox 2086 3285 3654 3359">
    <p class='ocr_par' dir='ltr' id='par_1_60' title="bbox 2086 3285 3654 3359">
     <span class='ocr_line' id='line_1_60' title="bbox 2086 3285 3654 3359; baseline 0.003 -22"><span class='ocrx_word' id='word_1_455' title='bbox 2086 3285 2218 3339; x_wconf 92' lang='lat' dir='ltr'><strong>tiam</strong></span> <span class='ocrx_word' id='word_1_456' title='bbox 2248 3302 2373 3355; x_wconf 66' lang='lat' dir='ltr'><strong>quae</strong></span> <span class='ocrx_word' id='word_1_457' title='bbox 2407 3288 2793 3343; x_wconf 85' lang='lat' dir='ltr'><strong>subsistentias</strong></span> <span class='ocrx_word' id='word_1_458' title='bbox 2818 3288 3103 3359; x_wconf 89' lang='lat' dir='ltr'><strong>disjungit,</strong></span> <span class='ocrx_word' id='word_1_459' title='bbox 3136 3289 3357 3359; x_wconf 88' lang='lat' dir='ltr'><strong>ingeniti</strong></span> <span class='ocrx_word' id='word_1_460' title='bbox 3390 3305 3515 3344; x_wconf 81' lang='lat' dir='ltr'><strong>voce</strong></span> <span class='ocrx_word' id='word_1_461' title='bbox 3545 3304 3654 3343; x_wconf 91' lang='lat' dir='ltr'><strong>non</strong></span> 
     </span>
    </p>
   </div>
   <div class='ocr_carea' id='block_1_61' title="bbox 405 3356 1979 3452">
    <p class='ocr_par' dir='ltr' id='par_1_61' title="bbox 405 3377 1975 3452">
     <span class='ocr_line' id='line_1_61' title="bbox 405 3377 1975 3452; baseline -0.002 -19"><span class='ocrx_word' id='word_1_462' title='bbox 405 3382 568 3452; x_wconf 88' lang='grc' dir='ltr'>νήτου</span> <span class='ocrx_word' id='word_1_463' title='bbox 604 3379 789 3449; x_wconf 71' lang='grc' dir='ltr'>φωνῆς</span> <span class='ocrx_word' id='word_1_464' title='bbox 840 3379 1219 3449; x_wconf 78' lang='grc' dir='ltr'>διδασκόμεθα,</span> <span class='ocrx_word' id='word_1_465' title='bbox 1271 3377 1384 3429; x_wconf 76' lang='grc' dir='ltr'>ἀλλ’</span> <span class='ocrx_word' id='word_1_466' title='bbox 1430 3377 1600 3445; x_wconf 78' lang='grc' dir='ltr'>αὐτῆς</span> <span class='ocrx_word' id='word_1_467' title='bbox 1640 3379 1852 3446; x_wconf 80' lang='grc' dir='ltr'>φύσεως</span> <span class='ocrx_word' id='word_1_468' title='bbox 1896 3379 1975 3430; x_wconf 82' lang='grc' dir='ltr'>ἐν·</span> 
     </span>
    </p>
   </div>
   <div class='ocr_carea' id='block_1_62' title="bbox 2082 3356 3655 3452">
    <p class='ocr_par' dir='ltr' id='par_1_62' title="bbox 2084 3377 3655 3450">
     <span class='ocr_line' id='line_1_62' title="bbox 2084 3377 3655 3450; baseline 0.004 -20"><span class='ocrx_word' id='word_1_469' title='bbox 2084 3377 2366 3442; x_wconf 89' lang='lat' dir='ltr'><strong>docemur,</strong></span> <span class='ocrx_word' id='word_1_470' title='bbox 2408 3381 2503 3434; x_wconf 84' lang='lat' dir='ltr'><strong>sed</strong></span> <span class='ocrx_word' id='word_1_471' title='bbox 2561 3381 2733 3450; x_wconf 90' lang='lat' dir='ltr'><strong>ipsius</strong></span> <span class='ocrx_word' id='word_1_472' title='bbox 2787 3388 2995 3435; x_wconf 70' lang='lat' dir='ltr'><strong>natura:</strong></span> <span class='ocrx_word' id='word_1_473' title='bbox 3052 3381 3192 3435; x_wconf 85' lang='lat' dir='ltr'><strong>hanc</strong></span> <span class='ocrx_word' id='word_1_474' title='bbox 3247 3382 3480 3435; x_wconf 90' lang='lat' dir='ltr'><strong>indicem</strong></span> <span class='ocrx_word' id='word_1_475' title='bbox 3530 3396 3655 3436; x_wconf 88' lang='lat' dir='ltr'><strong>esse</strong></span> 
     </span>
    </p>
   </div>
   <div class='ocr_carea' id='block_1_63' title="bbox 405 3464 1980 3542">
    <p class='ocr_par' dir='ltr' id='par_1_63' title="bbox 405 3464 1980 3542">
     <span class='ocr_line' id='line_1_63' title="bbox 405 3464 1980 3542; baseline -0.001 -18"><span class='ocrx_word' id='word_1_476' title='bbox 405 3472 675 3542; x_wconf 84' lang='grc' dir='ltr'>δεικτικήν</span> <span class='ocrx_word' id='word_1_477' title='bbox 704 3468 840 3524; x_wconf 81' lang='grc' dir='ltr'>εἶναι</span> <span class='ocrx_word' id='word_1_478' title='bbox 866 3470 1066 3541; x_wconf 86' lang='grc' dir='ltr'>ταύτην</span> <span class='ocrx_word' id='word_1_479' title='bbox 1104 3468 1512 3539; x_wconf 60' lang='grc' dir='ltr'>ὑποληιζιόμεθα,</span> <span class='ocrx_word' id='word_1_480' title='bbox 1543 3464 1653 3521; x_wconf 75' lang='grc' dir='ltr'>οἷον</span> <span class='ocrx_word' id='word_1_481' title='bbox 1683 3470 1980 3541; x_wconf 74' lang='grc' dir='ltr'>ἀπορρέου-</span> 
     </span>
    </p>
   </div>
   <div class='ocr_carea' id='block_1_64' title="bbox 408 3561 1979 3632">
    <p class='ocr_par' dir='ltr' id='par_1_64' title="bbox 408 3561 1979 3632">
     <span class='ocr_line' id='line_1_64' title="bbox 408 3561 1979 3632; baseline -0.001 -17"><span class='ocrx_word' id='word_1_482' title='bbox 408 3564 504 3616; x_wconf 82' lang='grc' dir='ltr'><strong>σάν</strong></span> <span class='ocrx_word' id='word_1_483' title='bbox 543 3580 657 3624; x_wconf 81' lang='grc' dir='ltr'><strong>πως</strong></span> <span class='ocrx_word' id='word_1_484' title='bbox 685 3562 777 3614; x_wconf 76' lang='grc' dir='ltr'>τοῦ</span> <span class='ocrx_word' id='word_1_485' title='bbox 809 3561 1201 3632; x_wconf 82' lang='grc' dir='ltr'>ὑπερκειμένου</span> <span class='ocrx_word' id='word_1_486' title='bbox 1240 3561 1589 3631; x_wconf 85' lang='grc' dir='ltr'>πράγματος·</span> <span class='ocrx_word' id='word_1_487' title='bbox 1626 3562 1717 3613; x_wconf 79' lang='grc' dir='ltr'><strong>καὶ</strong></span> <span class='ocrx_word' id='word_1_488' title='bbox 1756 3561 1843 3614; x_wconf 80' lang='grc' dir='ltr'><strong>διὰ</strong></span> <span class='ocrx_word' id='word_1_489' title='bbox 1881 3563 1979 3632; x_wconf 79' lang='grc' dir='ltr'>τῆς</span> 
     </span>
    </p>
   </div>
   <div class='ocr_carea' id='block_1_65' title="bbox 404 3648 1978 3722">
    <p class='ocr_par' dir='ltr' id='par_1_65' title="bbox 404 3648 1978 3722">
     <span class='ocr_line' id='line_1_65' title="bbox 404 3648 1978 3722; baseline -0.002 -17"><span class='ocrx_word' id='word_1_490' title='bbox 404 3653 512 3705; x_wconf 81' lang='grc' dir='ltr'><strong>τῶν</strong></span> <span class='ocrx_word' id='word_1_491' title='bbox 548 3652 822 3705; x_wconf 82' lang='grc' dir='ltr'>συλλαϐῶν</span> <span class='ocrx_word' id='word_1_492' title='bbox 873 3653 1234 3722; x_wconf 59' lang='grc' dir='ltr'>ἐκφωνήσεως</span> <span class='ocrx_word' id='word_1_493' title='bbox 1282 3648 1731 3703; x_wconf 84' lang='grc' dir='ltr'>ἐκκαλύπτουσαν</span> <span class='ocrx_word' id='word_1_494' title='bbox 1779 3650 1840 3702; x_wconf 78' lang='grc' dir='ltr'><strong>το</strong></span> <span class='ocrx_word' id='word_1_495' title='bbox 1889 3649 1978 3720; x_wconf 68' lang='grc' dir='ltr'><strong>ζησ</strong></span> 
     </span>
    </p>
   </div>
   <div class='ocr_carea' id='block_1_66' title="bbox 405 3736 1976 3813">
    <p class='ocr_par' dir='ltr' id='par_1_66' title="bbox 405 3736 1976 3813">
     <span class='ocr_line' id='line_1_66' title="bbox 405 3736 1976 3813; baseline 0.001 -20"><span class='ocrx_word' id='word_1_496' title='bbox 405 3741 684 3811; x_wconf 80' lang='grc' dir='ltr'>τούμενον,</span> <span class='ocrx_word' id='word_1_497' title='bbox 728 3744 938 3813; x_wconf 83' lang='grc' dir='ltr'>ἀνάγκη</span> <span class='ocrx_word' id='word_1_498' title='bbox 972 3744 1120 3795; x_wconf 77' lang='grc' dir='ltr'>πᾶσα</span> <span class='ocrx_word' id='word_1_499' title='bbox 1158 3742 1191 3811; x_wconf 85' lang='grc' dir='ltr'><strong>ἢ</strong></span> <span class='ocrx_word' id='word_1_500' title='bbox 1245 3740 1319 3811; x_wconf 85' lang='grc' dir='ltr'><strong>μή</strong></span> <span class='ocrx_word' id='word_1_501' title='bbox 1356 3736 1493 3794; x_wconf 83' lang='grc' dir='ltr'>εἶναι</span> <span class='ocrx_word' id='word_1_502' title='bbox 1521 3742 1612 3795; x_wconf 80' lang='grc' dir='ltr'><strong>τὸν</strong></span> <span class='ocrx_word' id='word_1_503' title='bbox 1638 3743 1768 3795; x_wconf 76' lang='grc' dir='ltr'>Θεὸν</span> <span class='ocrx_word' id='word_1_504' title='bbox 1813 3744 1976 3810; x_wconf 77' lang='grc' dir='ltr'><strong>ἀγέν⁴</strong></span> 
     </span>
    </p>
   </div>
   <div class='ocr_carea' id='block_1_67' title="bbox 407 3832 1978 3905">
    <p class='ocr_par' dir='ltr' id='par_1_67' title="bbox 407 3832 1978 3905">
     <span class='ocr_line' id='line_1_67' title="bbox 407 3832 1978 3905; baseline 0.002 -21"><span class='ocrx_word' id='word_1_505' title='bbox 407 3848 585 3902; x_wconf 87' lang='grc' dir='ltr'>νητον,</span> <span class='ocrx_word' id='word_1_506' title='bbox 617 3832 650 3902; x_wconf 80' lang='grc' dir='ltr'><strong>ἢ</strong></span> <span class='ocrx_word' id='word_1_507' title='bbox 683 3833 755 3903; x_wconf 84' lang='grc' dir='ltr'>μὴ</span> <span class='ocrx_word' id='word_1_508' title='bbox 785 3832 1058 3900; x_wconf 82' lang='grc' dir='ltr'>λέγεσθαι,</span> <span class='ocrx_word' id='word_1_509' title='bbox 1098 3834 1368 3904; x_wconf 73' lang='grc' dir='ltr'>μηδεμιᾶς</span> <span class='ocrx_word' id='word_1_510' title='bbox 1391 3833 1571 3902; x_wconf 75' lang='grc' dir='ltr'>φωνῆς</span> <span class='ocrx_word' id='word_1_511' title='bbox 1590 3832 1687 3904; x_wconf 86' lang='grc' dir='ltr'><strong>τήν</strong></span> <span class='ocrx_word' id='word_1_512' title='bbox 1724 3835 1978 3905; x_wconf 80' lang='grc' dir='ltr'>τοιαύτην</span> 
     </span>
    </p>
   </div>
   <div class='ocr_carea' id='block_1_68' title="bbox 407 3923 1978 3996">
    <p class='ocr_par' dir='ltr' id='par_1_68' title="bbox 407 3923 1978 3996">
     <span class='ocr_line' id='line_1_68' title="bbox 407 3923 1978 3996; baseline 0.001 -20"><span class='ocrx_word' id='word_1_513' title='bbox 407 3924 641 3993; x_wconf 67' lang='grc' dir='ltr'>ἔμφασιν</span> <span class='ocrx_word' id='word_1_514' title='bbox 670 3923 978 3986; x_wconf 77' lang='grc' dir='ltr'>ἰδιαζόντως</span> <span class='ocrx_word' id='word_1_515' title='bbox 1002 3926 1088 3976; x_wconf 79' lang='grc' dir='ltr'>ἐπ’</span> <span class='ocrx_word' id='word_1_516' title='bbox 1111 3924 1278 3977; x_wconf 80' lang='grc' dir='ltr'>αὐτοῦ</span> <span class='ocrx_word' id='word_1_517' title='bbox 1306 3923 1703 3995; x_wconf 80' lang='grc' dir='ltr'>παρεχομένης.</span> <span class='ocrx_word' id='word_1_518' title='bbox 1737 3924 1847 3995; x_wconf 81' lang='grc' dir='ltr'>Τῆς</span> <span class='ocrx_word' id='word_1_519' title='bbox 1869 3926 1978 3996; x_wconf 81' lang='grc' dir='ltr'>γὰρ</span> 
     </span>
    </p>
   </div>
   <div class='ocr_carea' id='block_1_69' title="bbox 407 4010 1978 4083">
    <p class='ocr_par' dir='ltr' id='par_1_69' title="bbox 407 4010 1978 4083">
     <span class='ocr_line' id='line_1_69' title="bbox 407 4010 1978 4083; baseline 0 -16"><span class='ocrx_word' id='word_1_520' title='bbox 407 4015 752 4083; x_wconf 79' lang='grc' dir='ltr'>ἀγεννησίας,</span> <span class='ocrx_word' id='word_1_521' title='bbox 806 4013 987 4076; x_wconf 86' lang='grc' dir='ltr'>καθὼς</span> <span class='ocrx_word' id='word_1_522' title='bbox 1032 4010 1177 4067; x_wconf 68' lang='grc' dir='ltr'>οὗτοί</span> <span class='ocrx_word' id='word_1_523' title='bbox 1210 4032 1395 4082; x_wconf 83' lang='grc' dir='ltr'>φασιν,</span> <span class='ocrx_word' id='word_1_524' title='bbox 1437 4016 1497 4067; x_wconf 88' lang='grc' dir='ltr'><strong>οὐ</strong></span> <span class='ocrx_word' id='word_1_525' title='bbox 1537 4014 1597 4067; x_wconf 82' lang='grc' dir='ltr'>τὸ</span> <span class='ocrx_word' id='word_1_526' title='bbox 1639 4015 1766 4068; x_wconf 80' lang='grc' dir='ltr'>ἄνευ</span> <span class='ocrx_word' id='word_1_527' title='bbox 1800 4016 1978 4079; x_wconf 84' lang='grc' dir='ltr'>αἰτίας</span> 
     </span>
    </p>
   </div>
   <div class='ocr_carea' id='block_1_70' title="bbox 406 4100 1979 4178">
    <p class='ocr_par' dir='ltr' id='par_1_70' title="bbox 406 4100 1979 4178">
     <span class='ocr_line' id='line_1_70' title="bbox 406 4100 1979 4178; baseline 0.002 -21"><span class='ocrx_word' id='word_1_528' title='bbox 406 4100 545 4158; x_wconf 80' lang='grc' dir='ltr'>εἰναι</span> <span class='ocrx_word' id='word_1_529' title='bbox 576 4105 1056 4176; x_wconf 79' lang='grc' dir='ltr'>διασημαινούσης,</span> <span class='ocrx_word' id='word_1_530' title='bbox 1102 4106 1236 4159; x_wconf 87' lang='grc' dir='ltr'><strong>ἀλλά</strong></span> <span class='ocrx_word' id='word_1_531' title='bbox 1286 4105 1383 4178; x_wconf 80' lang='grc' dir='ltr'><strong>τήν</strong></span> <span class='ocrx_word' id='word_1_532' title='bbox 1435 4107 1594 4176; x_wconf 81' lang='grc' dir='ltr'>φύσιν</span> <span class='ocrx_word' id='word_1_533' title='bbox 1640 4107 1979 4177; x_wconf 83' lang='grc' dir='ltr'>ἐνδεικνυμέ-</span> 
     </span>
    </p>
   </div>
   <div class='ocr_carea' id='block_1_71' title="bbox 408 4199 1978 4271">
    <p class='ocr_par' dir='ltr' id='par_1_71' title="bbox 408 4199 1978 4271">
     <span class='ocr_line' id='line_1_71' title="bbox 408 4199 1978 4271; baseline 0.004 -22"><span class='ocrx_word' id='word_1_534' title='bbox 408 4214 524 4267; x_wconf 87' lang='grc' dir='ltr'>νης,</span> <span class='ocrx_word' id='word_1_535' title='bbox 555 4200 1021 4269; x_wconf 83' lang='grc' dir='ltr'>περιτραπήσεται</span> <span class='ocrx_word' id='word_1_536' title='bbox 1052 4199 1266 4263; x_wconf 84' lang='grc' dir='ltr'>πάντως</span> <span class='ocrx_word' id='word_1_537' title='bbox 1292 4201 1474 4263; x_wconf 84' lang='grc' dir='ltr'>αὐτοῖς</span> <span class='ocrx_word' id='word_1_538' title='bbox 1506 4201 1641 4271; x_wconf 83' lang='grc' dir='ltr'>πρὸς</span> <span class='ocrx_word' id='word_1_539' title='bbox 1672 4202 1978 4255; x_wconf 87' lang='grc' dir='ltr'>τούναντίον</span> 
     </span>
    </p>
   </div>
   <div class='ocr_carea' id='block_1_72' title="bbox 406 4288 1978 4362">
    <p class='ocr_par' dir='ltr' id='par_1_72' title="bbox 406 4288 1978 4362">
     <span class='ocr_line' id='line_1_72' title="bbox 406 4288 1978 4362; baseline 0.001 -21"><span class='ocrx_word' id='word_1_540' title='bbox 406 4288 466 4341; x_wconf 80' lang='grc' dir='ltr'>τὸ</span> <span class='ocrx_word' id='word_1_541' title='bbox 509 4289 766 4359; x_wconf 74' lang='grc' dir='ltr'>σόφισμα,</span> <span class='ocrx_word' id='word_1_542' title='bbox 818 4290 911 4343; x_wconf 74' lang='grc' dir='ltr'><strong>καὶ</strong></span> <span class='ocrx_word' id='word_1_543' title='bbox 943 4290 1296 4360; x_wconf 82' lang='grc' dir='ltr'>εὑρεθήσεται</span> <span class='ocrx_word' id='word_1_544' title='bbox 1328 4291 1617 4359; x_wconf 78' lang='grc' dir='ltr'>διαφεῦγον</span> <span class='ocrx_word' id='word_1_545' title='bbox 1646 4290 1740 4343; x_wconf 79' lang='grc' dir='ltr'>τοῦ</span> <span class='ocrx_word' id='word_1_546' title='bbox 1775 4291 1978 4362; x_wconf 86' lang='grc' dir='ltr'>δόγμα-</span> 
     </span>
    </p>
   </div>
   <div class='ocr_carea' id='block_1_73' title="bbox 406 4380 1977 4453">
    <p class='ocr_par' dir='ltr' id='par_1_73' title="bbox 406 4380 1977 4453">
     <span class='ocr_line' id='line_1_73' title="bbox 406 4380 1977 4453; baseline 0.001 -20"><span class='ocrx_word' id='word_1_547' title='bbox 406 4398 497 4443; x_wconf 85' lang='grc' dir='ltr'><strong>τος</strong></span> <span class='ocrx_word' id='word_1_548' title='bbox 528 4381 705 4434; x_wconf 82' lang='grc' dir='ltr'>αὐτῶν</span> <span class='ocrx_word' id='word_1_549' title='bbox 729 4381 820 4433; x_wconf 75' lang='grc' dir='ltr'><strong>ἐπὶ</strong></span> <span class='ocrx_word' id='word_1_550' title='bbox 849 4380 941 4434; x_wconf 79' lang='grc' dir='ltr'>τοῦ</span> <span class='ocrx_word' id='word_1_551' title='bbox 973 4381 1105 4433; x_wconf 75' lang='grc' dir='ltr'>Θεοῦ</span> <span class='ocrx_word' id='word_1_552' title='bbox 1146 4382 1205 4434; x_wconf 76' lang='grc' dir='ltr'>τὸ</span> <span class='ocrx_word' id='word_1_553' title='bbox 1242 4382 1554 4452; x_wconf 82' lang='grc' dir='ltr'>ἀγέννητον.</span> <span class='ocrx_word' id='word_1_554' title='bbox 1600 4383 1841 4453; x_wconf 85' lang='grc' dir='ltr'>Μηδενὸς</span> <span class='ocrx_word' id='word_1_555' title='bbox 1868 4382 1977 4452; x_wconf 90' lang='grc' dir='ltr'><strong>γάρ</strong></span> 
     </span>
    </p>
   </div>
   <div class='ocr_carea' id='block_1_74' title="bbox 405 4472 1977 4545">
    <p class='ocr_par' dir='ltr' id='par_1_74' title="bbox 405 4472 1977 4545">
     <span class='ocr_line' id='line_1_74' title="bbox 405 4472 1977 4545; baseline 0.001 -20"><span class='ocrx_word' id='word_1_556' title='bbox 405 4472 590 4544; x_wconf 83' lang='grc' dir='ltr'>ἐτέρου</span> <span class='ocrx_word' id='word_1_557' title='bbox 635 4476 877 4545; x_wconf 75' lang='grc' dir='ltr'>ῥήματος</span> <span class='ocrx_word' id='word_1_558' title='bbox 918 4474 950 4544; x_wconf 80' lang='grc' dir='ltr'>ἢ</span> <span class='ocrx_word' id='word_1_559' title='bbox 992 4474 1251 4543; x_wconf 82' lang='grc' dir='ltr'>ὀνόματος</span> <span class='ocrx_word' id='word_1_560' title='bbox 1291 4473 1353 4527; x_wconf 78' lang='grc' dir='ltr'>τὸ</span> <span class='ocrx_word' id='word_1_561' title='bbox 1393 4474 1466 4545; x_wconf 78' lang='grc' dir='ltr'><strong>μή</strong></span> <span class='ocrx_word' id='word_1_562' title='bbox 1519 4474 1844 4545; x_wconf 73' lang='grc' dir='ltr'>γεννηθῆναι</span> <span class='ocrx_word' id='word_1_563' title='bbox 1886 4474 1977 4527; x_wconf 75' lang='grc' dir='ltr'><strong>τὸν</strong></span> 
     </span>
    </p>
   </div>
   <div class='ocr_carea' id='block_1_75' title="bbox 405 4564 1977 4637">
    <p class='ocr_par' dir='ltr' id='par_1_75' title="bbox 405 4564 1977 4637">
     <span class='ocr_line' id='line_1_75' title="bbox 405 4564 1977 4637; baseline 0.002 -20"><span class='ocrx_word' id='word_1_564' title='bbox 405 4566 622 4635; x_wconf 85' lang='grc' dir='ltr'>Πατέρα</span> <span class='ocrx_word' id='word_1_565' title='bbox 668 4564 1055 4636; x_wconf 85' lang='grc' dir='ltr'>παριστῶντος,</span> <span class='ocrx_word' id='word_1_566' title='bbox 1105 4565 1196 4618; x_wconf 73' lang='grc' dir='ltr'>τοῦ</span> <span class='ocrx_word' id='word_1_567' title='bbox 1244 4566 1297 4618; x_wconf 84' lang='grc' dir='ltr'>δὲ</span> <span class='ocrx_word' id='word_1_568' title='bbox 1350 4567 1642 4637; x_wconf 82' lang='grc' dir='ltr'>ἁγεννήτου</span> <span class='ocrx_word' id='word_1_569' title='bbox 1695 4567 1834 4619; x_wconf 80' lang='grc' dir='ltr'>κατὰ</span> <span class='ocrx_word' id='word_1_570' title='bbox 1879 4565 1977 4637; x_wconf 77' lang='grc' dir='ltr'><strong>τὴν</strong></span> 
     </span>
    </p>
   </div>
   <div class='ocr_carea' id='block_1_76' title="bbox 2078 3469 3655 3542">
    <p class='ocr_par' dir='ltr' id='par_1_76' title="bbox 2078 3469 3655 3542">
     <span class='ocr_line' id='line_1_76' title="bbox 2078 3469 3655 3542; baseline 0.003 -20"><span class='ocrx_word' id='word_1_571' title='bbox 2078 3469 2450 3537; x_wconf 81' lang='lat' dir='ltr'><strong>Opinabimur,</strong></span> <span class='ocrx_word' id='word_1_572' title='bbox 2493 3472 2639 3525; x_wconf 80' lang='lat' dir='ltr'><strong>velut</strong></span> <span class='ocrx_word' id='word_1_573' title='bbox 2678 3487 2708 3525; x_wconf 94' lang='lat' dir='ltr'><strong>a</strong></span> <span class='ocrx_word' id='word_1_574' title='bbox 2754 3486 2813 3526; x_wconf 91' lang='lat' dir='ltr'><strong>re</strong></span> <span class='ocrx_word' id='word_1_575' title='bbox 2857 3471 3102 3542; x_wconf 85' lang='lat' dir='ltr'><strong>subjecta</strong></span> <span class='ocrx_word' id='word_1_576' title='bbox 3131 3472 3533 3542; x_wconf 85' lang='lat' dir='ltr'><strong>quodammodo</strong></span> <span class='ocrx_word' id='word_1_577' title='bbox 3572 3473 3655 3527; x_wconf 79' lang='lat' dir='ltr'><strong>ef-</strong></span> 
     </span>
    </p>
   </div>
   <div class='ocr_carea' id='block_1_77' title="bbox 2078 3558 3657 3632">
    <p class='ocr_par' dir='ltr' id='par_1_77' title="bbox 2078 3558 3657 3632">
     <span class='ocr_line' id='line_1_77' title="bbox 2078 3558 3657 3632; baseline 0.003 -21"><span class='ocrx_word' id='word_1_578' title='bbox 2078 3558 2357 3622; x_wconf 83' lang='lat' dir='ltr'><strong>ﬂuentem,</strong></span> <span class='ocrx_word' id='word_1_579' title='bbox 2393 3575 2488 3630; x_wconf 90' lang='lat' dir='ltr'><strong>per</strong></span> <span class='ocrx_word' id='word_1_580' title='bbox 2524 3560 2855 3630; x_wconf 78' lang='lat' dir='ltr'><strong>syllabarum</strong></span> <span class='ocrx_word' id='word_1_581' title='bbox 2892 3562 3321 3616; x_wconf 86' lang='lat' dir='ltr'><strong>enuntiationem</strong></span> <span class='ocrx_word' id='word_1_582' title='bbox 3363 3563 3657 3632; x_wconf 63' lang='lat' dir='ltr'><strong>explican-</strong></span> 
     </span>
    </p>
   </div>
   <div class='ocr_carea' id='block_1_78' title="bbox 2079 3650 3655 3720">
    <p class='ocr_par' dir='ltr' id='par_1_78' title="bbox 2079 3650 3655 3720">
     <span class='ocr_line' id='line_1_78' title="bbox 2079 3650 3655 3720; baseline 0.003 -18"><span class='ocrx_word' id='word_1_583' title='bbox 2079 3657 2186 3703; x_wconf 89' lang='lat' dir='ltr'><strong>tem</strong></span> <span class='ocrx_word' id='word_1_584' title='bbox 2228 3650 2374 3718; x_wconf 92' lang='lat' dir='ltr'><strong>quod</strong></span> <span class='ocrx_word' id='word_1_585' title='bbox 2421 3650 2701 3720; x_wconf 67' lang='lat' dir='ltr'><strong>quaeritur,</strong></span> <span class='ocrx_word' id='word_1_586' title='bbox 2734 3650 2957 3704; x_wconf 88' lang='lat' dir='ltr'><strong>omnino</strong></span> <span class='ocrx_word' id='word_1_587' title='bbox 3011 3666 3233 3705; x_wconf 90' lang='lat' dir='ltr'><strong>necesse</strong></span> <span class='ocrx_word' id='word_1_588' title='bbox 3282 3663 3365 3705; x_wconf 80' lang='lat' dir='ltr'><strong>est</strong></span> <span class='ocrx_word' id='word_1_589' title='bbox 3412 3654 3493 3705; x_wconf 75' lang='lat' dir='ltr'><strong>vel</strong></span> <span class='ocrx_word' id='word_1_590' title='bbox 3544 3668 3655 3707; x_wconf 83' lang='lat' dir='ltr'><strong>non</strong></span> 
     </span>
    </p>
   </div>
   <div class='ocr_carea' id='block_1_79' title="bbox 2077 3738 3657 3809">
    <p class='ocr_par' dir='ltr' id='par_1_79' title="bbox 2077 3738 3657 3809">
     <span class='ocr_line' id='line_1_79' title="bbox 2077 3738 3657 3809; baseline 0.001 -16"><span class='ocrx_word' id='word_1_591' title='bbox 2077 3754 2201 3794; x_wconf 91' lang='lat' dir='ltr'><strong>esse</strong></span> <span class='ocrx_word' id='word_1_592' title='bbox 2235 3738 2402 3793; x_wconf 91' lang='lat' dir='ltr'><strong>Deum</strong></span> <span class='ocrx_word' id='word_1_593' title='bbox 2436 3740 2760 3809; x_wconf 86' lang='lat' dir='ltr'><strong>ingenitum,</strong></span> <span class='ocrx_word' id='word_1_594' title='bbox 2795 3741 3024 3794; x_wconf 62' lang='lat' dir='ltr'><strong>vel&#39;non</strong></span> <span class='ocrx_word' id='word_1_595' title='bbox 3070 3740 3198 3804; x_wconf 91' lang='lat' dir='ltr'><strong>dici,</strong></span> <span class='ocrx_word' id='word_1_596' title='bbox 3234 3757 3356 3795; x_wconf 92' lang='lat' dir='ltr'><strong>cum</strong></span> <span class='ocrx_word' id='word_1_597' title='bbox 3400 3743 3545 3795; x_wconf 85' lang='lat' dir='ltr'><strong>nulla</strong></span> <span class='ocrx_word' id='word_1_598' title='bbox 3582 3743 3657 3797; x_wconf 86' lang='lat' dir='ltr'><strong>sit</strong></span> 
     </span>
    </p>
   </div>
   <div class='ocr_carea' id='block_1_80' title="bbox 2077 3832 3652 3903">
    <p class='ocr_par' dir='ltr' id='par_1_80' title="bbox 2077 3832 3652 3903">
     <span class='ocr_line' id='line_1_80' title="bbox 2077 3832 3652 3903; baseline 0.002 -18"><span class='ocrx_word' id='word_1_599' title='bbox 2077 3848 2181 3885; x_wconf 68' lang='lat' dir='ltr'><strong>vox</strong></span> <span class='ocrx_word' id='word_1_600' title='bbox 2208 3848 2327 3902; x_wconf 69' lang='lat' dir='ltr'><strong>qua:</strong></span> <span class='ocrx_word' id='word_1_601' title='bbox 2356 3833 2517 3887; x_wconf 85' lang='lat' dir='ltr'><strong>talem</strong></span> <span class='ocrx_word' id='word_1_602' title='bbox 2549 3832 2999 3903; x_wconf 82' lang='lat' dir='ltr'><strong>signiﬁcationem</strong></span> <span class='ocrx_word' id='word_1_603' title='bbox 3034 3834 3251 3902; x_wconf 87' lang='lat' dir='ltr'><strong>proprie</strong></span> <span class='ocrx_word' id='word_1_604' title='bbox 3278 3841 3333 3887; x_wconf 91' lang='lat' dir='ltr'><strong>et</strong></span> <span class='ocrx_word' id='word_1_605' title='bbox 3360 3836 3652 3903; x_wconf 80' lang='lat' dir='ltr'><strong>separatim</strong></span> 
     </span>
    </p>
   </div>
   <div class='ocr_carea' id='block_1_81' title="bbox 2078 3922 3655 3995">
    <p class='ocr_par' dir='ltr' id='par_1_81' title="bbox 2078 3922 3655 3995">
     <span class='ocr_line' id='line_1_81' title="bbox 2078 3922 3655 3995; baseline 0.001 -18"><span class='ocrx_word' id='word_1_606' title='bbox 2078 3923 2133 3977; x_wconf 86' lang='lat' dir='ltr'><strong>in</strong></span> <span class='ocrx_word' id='word_1_607' title='bbox 2167 3939 2232 3979; x_wconf 92' lang='lat' dir='ltr'><strong>eo</strong></span> <span class='ocrx_word' id='word_1_608' title='bbox 2262 3924 2518 3993; x_wconf 63' lang='lat' dir='ltr'><strong>praebeat.</strong></span> <span class='ocrx_word' id='word_1_609' title='bbox 2552 3922 2688 3977; x_wconf 91' lang='lat' dir='ltr'><strong>Nam</strong></span> <span class='ocrx_word' id='word_1_610' title='bbox 2723 3940 2847 3977; x_wconf 91' lang='lat' dir='ltr'><strong>cum</strong></span> <span class='ocrx_word' id='word_1_611' title='bbox 2893 3939 3091 3979; x_wconf 83' lang='lat' dir='ltr'><strong>nomen</strong></span> <span class='ocrx_word' id='word_1_612' title='bbox 3133 3924 3477 3995; x_wconf 82' lang='grc' dir='ltr'>ἀγεννησίας,</span> <span class='ocrx_word' id='word_1_613' title='bbox 3513 3927 3655 3979; x_wconf 89' lang='lat' dir='ltr'><strong>sicut</strong></span> 
     </span>
    </p>
   </div>
   <div class='ocr_carea' id='block_1_82' title="bbox 2079 4016 3652 4087">
    <p class='ocr_par' dir='ltr' id='par_1_82' title="bbox 2079 4016 3652 4087">
     <span class='ocr_line' id='line_1_82' title="bbox 2079 4016 3652 4087; baseline 0.001 -17"><span class='ocrx_word' id='word_1_614' title='bbox 2079 4016 2171 4070; x_wconf 88' lang='lat' dir='ltr'><strong>isti</strong></span> <span class='ocrx_word' id='word_1_615' title='bbox 2204 4025 2479 4079; x_wconf 91' lang='lat' dir='ltr'><strong>asserunt,</strong></span> <span class='ocrx_word' id='word_1_616' title='bbox 2518 4017 2723 4086; x_wconf 85' lang='lat' dir='ltr'><strong>absque</strong></span> <span class='ocrx_word' id='word_1_617' title='bbox 2743 4031 2907 4070; x_wconf 84' lang='lat' dir='ltr'><strong>causa</strong></span> <span class='ocrx_word' id='word_1_618' title='bbox 2940 4032 3062 4071; x_wconf 90' lang='lat' dir='ltr'><strong>esse</strong></span> <span class='ocrx_word' id='word_1_619' title='bbox 3093 4031 3199 4069; x_wconf 91' lang='lat' dir='ltr'><strong>non</strong></span> <span class='ocrx_word' id='word_1_620' title='bbox 3236 4016 3525 4087; x_wconf 82' lang='lat' dir='ltr'><strong>signiﬁcet,</strong></span> <span class='ocrx_word' id='word_1_621' title='bbox 3554 4017 3652 4072; x_wconf 87' lang='lat' dir='ltr'><strong>sed</strong></span> 
     </span>
    </p>
   </div>
   <div class='ocr_carea' id='block_1_83' title="bbox 2078 4109 3655 4178">
    <p class='ocr_par' dir='ltr' id='par_1_83' title="bbox 2078 4109 3655 4178">
     <span class='ocr_line' id='line_1_83' title="bbox 2078 4109 3655 4178; baseline -0.002 -16"><span class='ocrx_word' id='word_1_622' title='bbox 2078 4119 2330 4163; x_wconf 88' lang='lat' dir='ltr'><strong>naturam</strong></span> <span class='ocrx_word' id='word_1_623' title='bbox 2364 4110 2589 4169; x_wconf 87' lang='lat' dir='ltr'><strong>indicet,</strong></span> <span class='ocrx_word' id='word_1_624' title='bbox 2627 4110 2681 4162; x_wconf 90' lang='lat' dir='ltr'><strong>in</strong></span> <span class='ocrx_word' id='word_1_625' title='bbox 2722 4109 3054 4163; x_wconf 89' lang='lat' dir='ltr'><strong>contrarium</strong></span> <span class='ocrx_word' id='word_1_626' title='bbox 3091 4124 3316 4178; x_wconf 89' lang='lat' dir='ltr'><strong>prorsus</strong></span> <span class='ocrx_word' id='word_1_627' title='bbox 3343 4124 3529 4164; x_wconf 89' lang='lat' dir='ltr'><strong>eorum</strong></span> <span class='ocrx_word' id='word_1_628' title='bbox 3563 4126 3655 4166; x_wconf 82' lang='lat' dir='ltr'><strong>Sn-</strong></span> 
     </span>
    </p>
   </div>
   <div class='ocr_carea' id='block_1_84' title="bbox 2079 4202 3654 4271">
    <p class='ocr_par' dir='ltr' id='par_1_84' title="bbox 2079 4202 3654 4271">
     <span class='ocr_line' id='line_1_84' title="bbox 2079 4202 3654 4271; baseline 0.002 -17"><span class='ocrx_word' id='word_1_629' title='bbox 2079 4202 2293 4271; x_wconf 87' lang='lat' dir='ltr'><strong>phisma</strong></span> <span class='ocrx_word' id='word_1_630' title='bbox 2323 4202 2438 4256; x_wconf 79' lang='lat' dir='ltr'><strong>sive</strong></span> <span class='ocrx_word' id='word_1_631' title='bbox 2461 4202 2714 4255; x_wconf 85' lang='lat' dir='ltr'><strong>cavillum</strong></span> <span class='ocrx_word' id='word_1_632' title='bbox 2745 4203 3212 4271; x_wconf 85' lang='lat' dir='ltr'><strong>contorqucbitur,</strong></span> <span class='ocrx_word' id='word_1_633' title='bbox 3244 4208 3299 4256; x_wconf 85' lang='lat' dir='ltr'><strong>et</strong></span> <span class='ocrx_word' id='word_1_634' title='bbox 3348 4202 3654 4257; x_wconf 84' lang='lat' dir='ltr'><strong>invenietur</strong></span> 
     </span>
    </p>
   </div>
   <div class='ocr_carea' id='block_1_85' title="bbox 2078 4292 3652 4362">
    <p class='ocr_par' dir='ltr' id='par_1_85' title="bbox 2078 4292 3652 4362">
     <span class='ocr_line' id='line_1_85' title="bbox 2078 4292 3652 4362; baseline 0.003 -17"><span class='ocrx_word' id='word_1_635' title='bbox 2078 4293 2147 4346; x_wconf 83' lang='lat' dir='ltr'><strong>ab</strong></span> <span class='ocrx_word' id='word_1_636' title='bbox 2176 4307 2366 4347; x_wconf 89' lang='lat' dir='ltr'><strong>eorum</strong></span> <span class='ocrx_word' id='word_1_637' title='bbox 2394 4292 2646 4361; x_wconf 82' lang='lat' dir='ltr'><strong>dogmate</strong></span> <span class='ocrx_word' id='word_1_638' title='bbox 2679 4293 2822 4362; x_wconf 91' lang='lat' dir='ltr'><strong>quod</strong></span> <span class='ocrx_word' id='word_1_639' title='bbox 2853 4293 3149 4362; x_wconf 83' lang='lat' dir='ltr'><strong>ingenitum</strong></span> <span class='ocrx_word' id='word_1_640' title='bbox 3184 4304 3269 4348; x_wconf 90' lang='lat' dir='ltr'><strong>est</strong></span> <span class='ocrx_word' id='word_1_641' title='bbox 3298 4295 3350 4347; x_wconf 93' lang='lat' dir='ltr'><strong>in</strong></span> <span class='ocrx_word' id='word_1_642' title='bbox 3378 4293 3488 4349; x_wconf 90' lang='lat' dir='ltr'><strong>Deo</strong></span> <span class='ocrx_word' id='word_1_643' title='bbox 3514 4294 3652 4349; x_wconf 71' lang='lat' dir='ltr'><strong>ellu-</strong></span> 
     </span>
    </p>
   </div>
   <div class='ocr_carea' id='block_1_86' title="bbox 2078 4383 3651 4453">
    <p class='ocr_par' dir='ltr' id='par_1_86' title="bbox 2078 4383 3651 4453">
     <span class='ocr_line' id='line_1_86' title="bbox 2078 4383 3651 4453; baseline 0.004 -18"><span class='ocrx_word' id='word_1_644' title='bbox 2078 4398 2225 4453; x_wconf 82' lang='lat' dir='ltr'><strong>gere.</strong></span> <span class='ocrx_word' id='word_1_645' title='bbox 2262 4383 2398 4437; x_wconf 85' lang='lat' dir='ltr'><strong>Cum</strong></span> <span class='ocrx_word' id='word_1_646' title='bbox 2444 4384 2587 4437; x_wconf 91' lang='lat' dir='ltr'><strong>enim</strong></span> <span class='ocrx_word' id='word_1_647' title='bbox 2634 4384 2842 4437; x_wconf 91' lang='lat' dir='ltr'><strong>nullum</strong></span> <span class='ocrx_word' id='word_1_648' title='bbox 2879 4383 3024 4438; x_wconf 89' lang='lat' dir='ltr'><strong>aliud</strong></span> <span class='ocrx_word' id='word_1_649' title='bbox 3068 4386 3290 4439; x_wconf 80' lang='lat' dir='ltr'><strong>verbum</strong></span> <span class='ocrx_word' id='word_1_650' title='bbox 3328 4386 3411 4439; x_wconf 80' lang='lat' dir='ltr'><strong>vel</strong></span> <span class='ocrx_word' id='word_1_651' title='bbox 3453 4402 3651 4441; x_wconf 79' lang='lat' dir='ltr'><strong>nomen</strong></span> 
     </span>
    </p>
   </div>
   <div class='ocr_carea' id='block_1_87' title="bbox 2078 4468 3653 4542">
    <p class='ocr_par' dir='ltr' id='par_1_87' title="bbox 2078 4468 3653 4542">
     <span class='ocr_line' id='line_1_87' title="bbox 2078 4468 3653 4542; baseline 0.001 -16"><span class='ocrx_word' id='word_1_652' title='bbox 2078 4470 2380 4541; x_wconf 81' lang='lat' dir='ltr'><strong>ingenitum</strong></span> <span class='ocrx_word' id='word_1_653' title='bbox 2420 4486 2544 4525; x_wconf 89' lang='lat' dir='ltr'><strong>esse</strong></span> <span class='ocrx_word' id='word_1_654' title='bbox 2583 4468 2800 4524; x_wconf 90' lang='lat' dir='ltr'><strong>Patrem</strong></span> <span class='ocrx_word' id='word_1_655' title='bbox 2832 4471 3015 4525; x_wconf 90' lang='lat' dir='ltr'><strong>animo</strong></span> <span class='ocrx_word' id='word_1_656' title='bbox 3062 4480 3434 4542; x_wconf 70' lang='lat' dir='ltr'><strong>reprzesentet,</strong></span> <span class='ocrx_word' id='word_1_657' title='bbox 3474 4482 3528 4529; x_wconf 89' lang='lat' dir='ltr'><strong>et</strong></span> <span class='ocrx_word' id='word_1_658' title='bbox 3568 4475 3653 4528; x_wconf 90' lang='lat' dir='ltr'><strong>in-</strong></span> 
     </span>
    </p>
   </div>
   <div class='ocr_carea' id='block_1_88' title="bbox 2079 4562 3649 4634">
    <p class='ocr_par' dir='ltr' id='par_1_88' title="bbox 2079 4562 3649 4634">
     <span class='ocr_line' id='line_1_88' title="bbox 2079 4562 3649 4634; baseline 0.003 -18"><span class='ocrx_word' id='word_1_659' title='bbox 2079 4563 2247 4633; x_wconf 87' lang='lat' dir='ltr'><strong>geniti</strong></span> <span class='ocrx_word' id='word_1_660' title='bbox 2289 4577 2483 4616; x_wconf 90' lang='lat' dir='ltr'><strong>nomen</strong></span> <span class='ocrx_word' id='word_1_661' title='bbox 2520 4562 2820 4617; x_wconf 89' lang='lat' dir='ltr'><strong>secundum</strong></span> <span class='ocrx_word' id='word_1_662' title='bbox 2867 4562 3111 4632; x_wconf 89' lang='lat' dir='ltr'><strong>ipsorum</strong></span> <span class='ocrx_word' id='word_1_663' title='bbox 3149 4564 3469 4634; x_wconf 83' lang='lat' dir='ltr'><strong>sapientiam</strong></span> <span class='ocrx_word' id='word_1_664' title='bbox 3503 4566 3649 4620; x_wconf 90' lang='lat' dir='ltr'><strong>aliud</strong></span> 
     </span>
    </p>
   </div>
   <div class='ocr_carea' id='block_1_89' title="bbox 405 4654 1979 4749">
    <p class='ocr_par' dir='ltr' id='par_1_89' title="bbox 405 4655 1975 4727">
     <span class='ocr_line' id='line_1_89' title="bbox 405 4655 1975 4727; baseline 0 -18"><span class='ocrx_word' id='word_1_665' title='bbox 405 4656 595 4724; x_wconf 68' lang='grc' dir='ltr'>σοφίαν</span> <span class='ocrx_word' id='word_1_666' title='bbox 626 4655 824 4719; x_wconf 86' lang='grc' dir='ltr'>αὐτῶν,</span> <span class='ocrx_word' id='word_1_667' title='bbox 866 4655 991 4709; x_wconf 78' lang='grc' dir='ltr'>ἄλλο</span> <span class='ocrx_word' id='word_1_668' title='bbox 1024 4672 1076 4707; x_wconf 90' lang='grc' dir='ltr'><strong>τι</strong></span> <span class='ocrx_word' id='word_1_669' title='bbox 1109 4656 1200 4707; x_wconf 78' lang='grc' dir='ltr'><strong>καὶ</strong></span> <span class='ocrx_word' id='word_1_670' title='bbox 1235 4657 1355 4726; x_wconf 83' lang='grc' dir='ltr'><strong>οὐχί</strong></span> <span class='ocrx_word' id='word_1_671' title='bbox 1395 4656 1454 4708; x_wconf 86' lang='grc' dir='ltr'><strong>τὸ</strong></span> <span class='ocrx_word' id='word_1_672' title='bbox 1502 4655 1575 4727; x_wconf 87' lang='grc' dir='ltr'><strong>μή</strong></span> <span class='ocrx_word' id='word_1_673' title='bbox 1621 4656 1975 4726; x_wconf 75' lang='grc' dir='ltr'>γεγεννῆσθαι</span> 
     </span>
    </p>
   </div>
   <div class='ocr_carea' id='block_1_90' title="bbox 2082 4654 3649 4749">
    <p class='ocr_par' dir='ltr' id='par_1_90' title="bbox 2082 4654 3649 4725">
     <span class='ocr_line' id='line_1_90' title="bbox 2082 4654 3649 4725; baseline 0.004 -20"><span class='ocrx_word' id='word_1_674' title='bbox 2082 4654 2337 4722; x_wconf 88' lang='lat' dir='ltr'><strong>quiddam</strong></span> <span class='ocrx_word' id='word_1_675' title='bbox 2392 4668 2555 4722; x_wconf 90' lang='lat' dir='ltr'><strong>quam</strong></span> <span class='ocrx_word' id='word_1_676' title='bbox 2605 4668 2713 4707; x_wconf 93' lang='lat' dir='ltr'><strong>non</strong></span> <span class='ocrx_word' id='word_1_677' title='bbox 2769 4654 3008 4722; x_wconf 87' lang='lat' dir='ltr'><strong>genitum</strong></span> <span class='ocrx_word' id='word_1_678' title='bbox 3070 4670 3190 4709; x_wconf 88' lang='lat' dir='ltr'><strong>esse</strong></span> <span class='ocrx_word' id='word_1_679' title='bbox 3247 4656 3535 4725; x_wconf 80' lang='lat' dir='ltr'><strong>signiticet,</strong></span> <span class='ocrx_word' id='word_1_680' title='bbox 3582 4659 3649 4712; x_wconf 92' lang='lat' dir='ltr'><strong>ad</strong></span> 
     </span>
    </p>
   </div>
   <div class='ocr_carea' id='block_1_91' title="bbox 403 4746 1977 4819">
    <p class='ocr_par' dir='ltr' id='par_1_91' title="bbox 403 4746 1977 4819">
     <span class='ocr_line' id='line_1_91' title="bbox 403 4746 1977 4819; baseline 0.002 -20"><span class='ocrx_word' id='word_1_681' title='bbox 403 4746 877 4819; x_wconf 81' lang='grc' dir='ltr'>διερμηνεύοντος,</span> <span class='ocrx_word' id='word_1_682' title='bbox 938 4746 1142 4817; x_wconf 73' lang='grc' dir='ltr'>οἴχεται</span> <span class='ocrx_word' id='word_1_683' title='bbox 1197 4748 1289 4799; x_wconf 73' lang='grc' dir='ltr'>καὶ</span> <span class='ocrx_word' id='word_1_684' title='bbox 1348 4748 1629 4818; x_wconf 79' lang='grc' dir='ltr'>συνερροίη</span> <span class='ocrx_word' id='word_1_685' title='bbox 1698 4748 1834 4819; x_wconf 84' lang='grc' dir='ltr'>πρὸς</span> <span class='ocrx_word' id='word_1_686' title='bbox 1886 4749 1977 4803; x_wconf 82' lang='grc' dir='ltr'><strong>τὸν</strong></span> 
     </span>
    </p>
   </div>
   <div class='ocr_carea' id='block_1_92' title="bbox 402 4838 1975 4913">
    <p class='ocr_par' dir='ltr' id='par_1_92' title="bbox 402 4838 1975 4913">
     <span class='ocr_line' id='line_1_92' title="bbox 402 4838 1975 4913; baseline 0.001 -20"><span class='ocrx_word' id='word_1_687' title='bbox 402 4840 688 4895; x_wconf 74' lang='grc' dir='ltr'>Σαῦέλλιον</span> <span class='ocrx_word' id='word_1_688' title='bbox 733 4840 916 4902; x_wconf 80' lang='grc' dir='ltr'>αὐτοῖς</span> <span class='ocrx_word' id='word_1_689' title='bbox 974 4838 1367 4909; x_wconf 76' lang='grc' dir='ltr'>κατολισθήσας</span> <span class='ocrx_word' id='word_1_690' title='bbox 1425 4842 1453 4893; x_wconf 89' lang='grc' dir='ltr'>ὁ</span> <span class='ocrx_word' id='word_1_691' title='bbox 1499 4839 1673 4907; x_wconf 87' lang='grc' dir='ltr'>λόγος.</span> <span class='ocrx_word' id='word_1_692' title='bbox 1739 4842 1975 4913; x_wconf 84' lang='grc' dir='ltr'>Ἀνάγκη</span> 
     </span>
    </p>
   </div>
   <div class='ocr_carea' id='block_1_93' title="bbox 401 4926 1979 4999">
    <p class='ocr_par' dir='ltr' id='par_1_93' title="bbox 401 4926 1979 4999">
     <span class='ocr_line' id='line_1_93' title="bbox 401 4926 1979 4999; baseline 0.001 -18"><span class='ocrx_word' id='word_1_693' title='bbox 401 4928 510 4999; x_wconf 75' lang='grc' dir='ltr'><strong>γὰρ</strong></span> <span class='ocrx_word' id='word_1_694' title='bbox 562 4929 709 4981; x_wconf 82' lang='grc' dir='ltr'>πᾶσα</span> <span class='ocrx_word' id='word_1_695' title='bbox 763 4926 848 4980; x_wconf 68' lang='grc' dir='ltr'><strong>διὰ</strong></span> <span class='ocrx_word' id='word_1_696' title='bbox 894 4927 993 4997; x_wconf 81' lang='grc' dir='ltr'>τῆς</span> <span class='ocrx_word' id='word_1_697' title='bbox 1046 4926 1366 4989; x_wconf 83' lang='grc' dir='ltr'>ἀκολουθίας</span> <span class='ocrx_word' id='word_1_698' title='bbox 1403 4927 1626 4997; x_wconf 80' lang='grc' dir='ltr'>ταύτης,</span> <span class='ocrx_word' id='word_1_699' title='bbox 1677 4928 1769 4981; x_wconf 78' lang='grc' dir='ltr'>τὸν</span> <span class='ocrx_word' id='word_1_700' title='bbox 1820 4929 1979 4983; x_wconf 78' lang='grc' dir='ltr'>αὑτὸν</span> 
     </span>
    </p>
   </div>
   <div class='ocr_carea' id='block_1_94' title="bbox 401 5017 1979 5091">
    <p class='ocr_par' dir='ltr' id='par_1_94' title="bbox 401 5017 1979 5091">
     <span class='ocr_line' id='line_1_94' title="bbox 401 5017 1979 5091; baseline 0.001 -18"><span class='ocrx_word' id='word_1_701' title='bbox 401 5017 541 5073; x_wconf 71' lang='grc' dir='ltr'>εἶναι</span> <span class='ocrx_word' id='word_1_702' title='bbox 574 5018 887 5091; x_wconf 77' lang='grc' dir='ltr'>νομίζεσθαι</span> <span class='ocrx_word' id='word_1_703' title='bbox 931 5019 1008 5090; x_wconf 81' lang='grc' dir='ltr'>τῷ</span> <span class='ocrx_word' id='word_1_704' title='bbox 1039 5018 1152 5089; x_wconf 85' lang='grc' dir='ltr'><strong>Υἱῷ</strong></span> <span class='ocrx_word' id='word_1_705' title='bbox 1199 5019 1288 5071; x_wconf 84' lang='grc' dir='ltr'><strong>τὸν</strong></span> <span class='ocrx_word' id='word_1_706' title='bbox 1334 5019 1571 5090; x_wconf 89' lang='grc' dir='ltr'>Πατέρα,</span> <span class='ocrx_word' id='word_1_707' title='bbox 1605 5021 1705 5089; x_wconf 83' lang='grc' dir='ltr'>τῆς</span> <span class='ocrx_word' id='word_1_708' title='bbox 1747 5021 1887 5074; x_wconf 87' lang='grc' dir='ltr'><strong>κατά</strong></span> <span class='ocrx_word' id='word_1_709' title='bbox 1918 5023 1979 5075; x_wconf 85' lang='grc' dir='ltr'><strong>τὸ</strong></span> 
     </span>
    </p>
   </div>
   <div class='ocr_carea' id='block_1_95' title="bbox 401 5110 1977 5184">
    <p class='ocr_par' dir='ltr' id='par_1_95' title="bbox 401 5110 1977 5184">
     <span class='ocr_line' id='line_1_95' title="bbox 401 5110 1977 5184; baseline -0.001 -19"><span class='ocrx_word' id='word_1_710' title='bbox 401 5112 656 5184; x_wconf 78' lang='grc' dir='ltr'>γεννητὸν</span> <span class='ocrx_word' id='word_1_711' title='bbox 700 5112 794 5165; x_wconf 72' lang='grc' dir='ltr'><strong>καὶ</strong></span> <span class='ocrx_word' id='word_1_712' title='bbox 830 5111 1123 5182; x_wconf 88' lang='grc' dir='ltr'>ἀγέννητον</span> <span class='ocrx_word' id='word_1_713' title='bbox 1166 5111 1427 5179; x_wconf 80' lang='grc' dir='ltr'>διαφορᾶς</span> <span class='ocrx_word' id='word_1_714' title='bbox 1474 5111 1538 5163; x_wconf 85' lang='grc' dir='ltr'><strong>ἐκ</strong></span> <span class='ocrx_word' id='word_1_715' title='bbox 1581 5110 1673 5163; x_wconf 82' lang='grc' dir='ltr'>τοῦ</span> <span class='ocrx_word' id='word_1_716' title='bbox 1712 5111 1977 5180; x_wconf 85' lang='grc' dir='ltr'>δόγματος</span> 
     </span>
    </p>
   </div>
   <div class='ocr_carea' id='block_1_96' title="bbox 402 5198 1975 5271">
    <p class='ocr_par' dir='ltr' id='par_1_96' title="bbox 402 5198 1975 5271">
     <span class='ocr_line' id='line_1_96' title="bbox 402 5198 1975 5271; baseline -0.008 -18"><span class='ocrx_word' id='word_1_717' title='bbox 402 5201 581 5254; x_wconf 85' lang='grc' dir='ltr'>αὐτῶν</span> <span class='ocrx_word' id='word_1_718' title='bbox 607 5200 993 5269; x_wconf 78' lang='grc' dir='ltr'>ἐκκλαπείσης.</span> <span class='ocrx_word' id='word_1_719' title='bbox 1032 5200 1194 5251; x_wconf 83' lang='grc' dir='ltr'>Ὥστε</span> <span class='ocrx_word' id='word_1_720' title='bbox 1223 5200 1366 5252; x_wconf 87' lang='grc' dir='ltr'>δυοῖν</span> <span class='ocrx_word' id='word_1_721' title='bbox 1409 5198 1653 5270; x_wconf 82' lang='grc' dir='ltr'>θάτερον,</span> <span class='ocrx_word' id='word_1_722' title='bbox 1690 5198 1722 5271; x_wconf 85' lang='grc' dir='ltr'>ἢ</span> <span class='ocrx_word' id='word_1_723' title='bbox 1769 5200 1975 5270; x_wconf 82' lang='grc' dir='ltr'>ἀναθή-</span> 
     </span>
    </p>
   </div>
   <div class='ocr_carea' id='block_1_97' title="bbox 402 5290 1975 5363">
    <p class='ocr_par' dir='ltr' id='par_1_97' title="bbox 402 5290 1975 5363">
     <span class='ocr_line' id='line_1_97' title="bbox 402 5290 1975 5363; baseline -0.002 -17"><span class='ocrx_word' id='word_1_724' title='bbox 402 5308 584 5347; x_wconf 82' lang='grc' dir='ltr'>σονται</span> <span class='ocrx_word' id='word_1_725' title='bbox 631 5293 730 5363; x_wconf 84' lang='grc' dir='ltr'><strong>τήν</strong></span> <span class='ocrx_word' id='word_1_726' title='bbox 762 5292 892 5363; x_wconf 73' lang='grc' dir='ltr'>περὶ</span> <span class='ocrx_word' id='word_1_727' title='bbox 933 5291 1027 5344; x_wconf 81' lang='grc' dir='ltr'>τοῦ</span> <span class='ocrx_word' id='word_1_728' title='bbox 1073 5291 1336 5360; x_wconf 86' lang='grc' dir='ltr'>ὀνόματος</span> <span class='ocrx_word' id='word_1_729' title='bbox 1380 5290 1559 5356; x_wconf 84' lang='grc' dir='ltr'>δόξαν,</span> <span class='ocrx_word' id='word_1_730' title='bbox 1606 5290 1680 5352; x_wconf 85' lang='grc' dir='ltr'><strong>ὡς</strong></span> <span class='ocrx_word' id='word_1_731' title='bbox 1712 5290 1975 5361; x_wconf 79' lang='grc' dir='ltr'>διαφορὰν</span> 
     </span>
    </p>
   </div>
   <div class='ocr_carea' id='block_1_98' title="bbox 401 5383 1972 5456">
    <p class='ocr_par' dir='ltr' id='par_1_98' title="bbox 401 5383 1972 5456">
     <span class='ocr_line' id='line_1_98' title="bbox 401 5383 1972 5456; baseline -0.003 -17"><span class='ocrx_word' id='word_1_732' title='bbox 401 5385 498 5456; x_wconf 84' lang='grc' dir='ltr'>τῆς</span> <span class='ocrx_word' id='word_1_733' title='bbox 529 5386 785 5455; x_wconf 77' lang='grc' dir='ltr'>ἑκατέρου</span> <span class='ocrx_word' id='word_1_734' title='bbox 817 5386 1096 5455; x_wconf 87' lang='grc' dir='ltr'>ἰδιότητος,</span> <span class='ocrx_word' id='word_1_735' title='bbox 1132 5384 1226 5437; x_wconf 82' lang='grc' dir='ltr'>καὶ</span> <span class='ocrx_word' id='word_1_736' title='bbox 1246 5384 1366 5453; x_wconf 76' lang='grc' dir='ltr'>οὐχὶ</span> <span class='ocrx_word' id='word_1_737' title='bbox 1397 5384 1555 5452; x_wconf 80' lang='grc' dir='ltr'>φύσιν</span> <span class='ocrx_word' id='word_1_738' title='bbox 1586 5383 1938 5452; x_wconf 85' lang='grc' dir='ltr'>σημαίνοντος</span> <span class='ocrx_word' id='word_1_739' title='bbox 1960 5402 1972 5414; x_wconf 77' lang='grc' dir='ltr'><strong><em>ο</em></strong></span> 
     </span>
    </p>
   </div>
   <div class='ocr_carea' id='block_1_99' title="bbox 402 5472 1974 5545">
    <p class='ocr_par' dir='ltr' id='par_1_99' title="bbox 402 5472 1974 5545">
     <span class='ocr_line' id='line_1_99' title="bbox 402 5472 1974 5545; baseline -0.001 -18"><span class='ocrx_word' id='word_1_740' title='bbox 402 5476 430 5544; x_wconf 75' lang='grc' dir='ltr'>ἢ</span> <span class='ocrx_word' id='word_1_741' title='bbox 477 5474 884 5545; x_wconf 83' lang='grc' dir='ltr'>παραμένοντες</span> <span class='ocrx_word' id='word_1_742' title='bbox 927 5478 1039 5537; x_wconf 86' lang='grc' dir='ltr'>τοῖς</span> <span class='ocrx_word' id='word_1_743' title='bbox 1066 5472 1447 5543; x_wconf 85' lang='grc' dir='ltr'>ἐγνωσμένοις,</span> <span class='ocrx_word' id='word_1_744' title='bbox 1482 5473 1611 5543; x_wconf 79' lang='grc' dir='ltr'>περὶ</span> <span class='ocrx_word' id='word_1_745' title='bbox 1641 5472 1843 5541; x_wconf 84' lang='grc' dir='ltr'>ταύτης</span> <span class='ocrx_word' id='word_1_746' title='bbox 1873 5473 1974 5541; x_wconf 82' lang='grc' dir='ltr'>τῆς</span> 
     </span>
    </p>
   </div>
   <div class='ocr_carea' id='block_1_100' title="bbox 402 5564 1967 5637">
    <p class='ocr_par' dir='ltr' id='par_1_100' title="bbox 402 5564 1967 5637">
     <span class='ocr_line' id='line_1_100' title="bbox 402 5564 1967 5637; baseline 0.001 -20"><span class='ocrx_word' id='word_1_747' title='bbox 402 5566 581 5637; x_wconf 65' lang='grc' dir='ltr'>φωνῆς</span> <span class='ocrx_word' id='word_1_748' title='bbox 609 5566 879 5637; x_wconf 78' lang='grc' dir='ltr'>Σαϐελλίῳ</span> <span class='ocrx_word' id='word_1_749' title='bbox 913 5566 1286 5637; x_wconf 87' lang='grc' dir='ltr'>συνθήσονται.</span> <span class='ocrx_word' id='word_1_750' title='bbox 1330 5565 1403 5617; x_wconf 89' lang='grc' dir='ltr'>Οὐ</span> <span class='ocrx_word' id='word_1_751' title='bbox 1440 5564 1547 5634; x_wconf 85' lang='grc' dir='ltr'><strong>γάρ</strong></span> <span class='ocrx_word' id='word_1_752' title='bbox 1584 5565 1728 5617; x_wconf 86' lang='grc' dir='ltr'>ἐστιν</span> <span class='ocrx_word' id='word_1_753' title='bbox 1757 5565 1903 5627; x_wconf 84' lang='grc' dir='ltr'>ὅπως</span> <span class='ocrx_word' id='word_1_754' title='bbox 1933 5566 1967 5635; x_wconf 89' lang='grc' dir='ltr'><strong>ή</strong></span> 
     </span>
    </p>
   </div>
   <div class='ocr_carea' id='block_1_101' title="bbox 407 5656 1967 5731">
    <p class='ocr_par' dir='ltr' id='par_1_101' title="bbox 407 5656 1967 5731">
     <span class='ocr_line' id='line_1_101' title="bbox 407 5656 1967 5731; baseline -0.003 -19"><span class='ocrx_word' id='word_1_755' title='bbox 407 5659 506 5713; x_wconf 78' lang='grc' dir='ltr'><strong>τῶν</strong></span> <span class='ocrx_word' id='word_1_756' title='bbox 536 5661 882 5714; x_wconf 84' lang='grc' dir='ltr'>ὑποστάσεων</span> <span class='ocrx_word' id='word_1_757' title='bbox 922 5658 1153 5731; x_wconf 73' lang='grc' dir='ltr'>διαφορά</span> <span class='ocrx_word' id='word_1_758' title='bbox 1184 5658 1246 5710; x_wconf 75' lang='grc' dir='ltr'>τὸ</span> <span class='ocrx_word' id='word_1_759' title='bbox 1276 5657 1578 5725; x_wconf 82' lang='grc' dir='ltr'>ἁσύγχυτον</span> <span class='ocrx_word' id='word_1_760' title='bbox 1617 5656 1750 5723; x_wconf 76' lang='grc' dir='ltr'>ἕξει,</span> <span class='ocrx_word' id='word_1_761' title='bbox 1783 5658 1856 5727; x_wconf 86' lang='grc' dir='ltr'><strong>μή</strong></span> <span class='ocrx_word' id='word_1_762' title='bbox 1888 5657 1967 5725; x_wconf 81' lang='grc' dir='ltr'><strong>τῷ</strong></span> 
     </span>
    </p>
   </div>
   <div class='ocr_carea' id='block_1_102' title="bbox 410 5748 1971 5823">
    <p class='ocr_par' dir='ltr' id='par_1_102' title="bbox 410 5748 1971 5823">
     <span class='ocr_line' id='line_1_102' title="bbox 410 5748 1971 5823; baseline -0.004 -17"><span class='ocrx_word' id='word_1_763' title='bbox 410 5751 642 5823; x_wconf 73' lang='grc' dir='ltr'>γεννητῷ</span> <span class='ocrx_word' id='word_1_764' title='bbox 669 5752 1084 5823; x_wconf 83' lang='grc' dir='ltr'>διαστελλομένη</span> <span class='ocrx_word' id='word_1_765' title='bbox 1115 5750 1250 5821; x_wconf 81' lang='grc' dir='ltr'>πρὸς</span> <span class='ocrx_word' id='word_1_766' title='bbox 1291 5748 1352 5802; x_wconf 87' lang='grc' dir='ltr'><strong>τὸ</strong></span> <span class='ocrx_word' id='word_1_767' title='bbox 1381 5748 1691 5816; x_wconf 82' lang='grc' dir='ltr'>ἀγέννητον.</span> <span class='ocrx_word' id='word_1_768' title='bbox 1733 5749 1892 5800; x_wconf 83' lang='grc' dir='ltr'>Ὥστε</span> <span class='ocrx_word' id='word_1_769' title='bbox 1922 5748 1971 5800; x_wconf 89' lang='grc' dir='ltr'><strong>εἰ</strong></span> 
     </span>
    </p>
   </div>
   <div class='ocr_carea' id='block_1_103' title="bbox 403 5838 1970 5919">
    <p class='ocr_par' dir='ltr' id='par_1_103' title="bbox 403 5838 1970 5919">
     <span class='ocr_line' id='line_1_103' title="bbox 403 5838 1970 5919; baseline -0.005 -18"><span class='ocrx_word' id='word_1_770' title='bbox 403 5847 503 5919; x_wconf 81' lang='grc' dir='ltr'>μὲν</span> <span class='ocrx_word' id='word_1_771' title='bbox 534 5845 794 5918; x_wconf 70' lang='grc' dir='ltr'>διαφορὰν</span> <span class='ocrx_word' id='word_1_772' title='bbox 828 5845 1081 5916; x_wconf 84' lang='grc' dir='ltr'>σημαίνει</span> <span class='ocrx_word' id='word_1_773' title='bbox 1124 5842 1184 5896; x_wconf 77' lang='grc' dir='ltr'>τὸ</span> <span class='ocrx_word' id='word_1_774' title='bbox 1217 5841 1406 5913; x_wconf 75' lang='grc' dir='ltr'>δνομα,</span> <span class='ocrx_word' id='word_1_775' title='bbox 1439 5842 1474 5913; x_wconf 83' lang='grc' dir='ltr'><strong>ή</strong></span> <span class='ocrx_word' id='word_1_776' title='bbox 1502 5839 1658 5893; x_wconf 87' lang='grc' dir='ltr'>οὐσία</span> <span class='ocrx_word' id='word_1_777' title='bbox 1692 5838 1843 5893; x_wconf 84' lang='grc' dir='ltr'>ἕσται</span> <span class='ocrx_word' id='word_1_778' title='bbox 1884 5838 1970 5893; x_wconf 69' lang='grc' dir='ltr'>διὰ</span> 
     </span>
    </p>
   </div>
   <div class='ocr_carea' id='block_1_104' title="bbox 2084 4743 3648 4805">
    <p class='ocr_par' dir='ltr' id='par_1_104' title="bbox 2084 4743 3648 4805">
     <span class='ocr_line' id='line_1_104' title="bbox 2084 4743 3648 4805; baseline 0.005 -8"><span class='ocrx_word' id='word_1_779' title='bbox 2084 4743 2379 4797; x_wconf 84' lang='lat' dir='ltr'><strong>Sabellium</strong></span> <span class='ocrx_word' id='word_1_780' title='bbox 2417 4744 2531 4797; x_wconf 91' lang='lat' dir='ltr'><strong>abit</strong></span> <span class='ocrx_word' id='word_1_781' title='bbox 2573 4752 2628 4796; x_wconf 88' lang='lat' dir='ltr'><strong>et</strong></span> <span class='ocrx_word' id='word_1_782' title='bbox 2664 4744 2885 4798; x_wconf 85' lang='lat' dir='ltr'><strong>conﬂuit</strong></span> <span class='ocrx_word' id='word_1_783' title='bbox 2935 4760 3123 4799; x_wconf 89' lang='lat' dir='ltr'><strong>eorum</strong></span> <span class='ocrx_word' id='word_1_784' title='bbox 3163 4747 3420 4801; x_wconf 85' lang='lat' dir='ltr'><strong>delabens</strong></span> <span class='ocrx_word' id='word_1_785' title='bbox 3448 4764 3648 4805; x_wconf 86' lang='lat' dir='ltr'><strong>sermo.</strong></span> 
     </span>
    </p>
   </div>
   <div class='ocr_carea' id='block_1_105' title="bbox 2080 4832 3652 4907">
    <p class='ocr_par' dir='ltr' id='par_1_105' title="bbox 2080 4832 3652 4907">
     <span class='ocr_line' id='line_1_105' title="bbox 2080 4832 3652 4907; baseline 0.003 -18"><span class='ocrx_word' id='word_1_786' title='bbox 2080 4832 2318 4889; x_wconf 89' lang='lat' dir='ltr'><strong>Omnino</strong></span> <span class='ocrx_word' id='word_1_787' title='bbox 2346 4834 2491 4887; x_wconf 89' lang='lat' dir='ltr'><strong>enim</strong></span> <span class='ocrx_word' id='word_1_788' title='bbox 2519 4850 2743 4890; x_wconf 89' lang='lat' dir='ltr'><strong>necesse</strong></span> <span class='ocrx_word' id='word_1_789' title='bbox 2772 4845 2855 4890; x_wconf 90' lang='lat' dir='ltr'><strong>est</strong></span> <span class='ocrx_word' id='word_1_790' title='bbox 2884 4852 2949 4891; x_wconf 83' lang='lat' dir='ltr'><strong>ex</strong></span> <span class='ocrx_word' id='word_1_791' title='bbox 2978 4836 3079 4890; x_wconf 89' lang='lat' dir='ltr'><strong>hac</strong></span> <span class='ocrx_word' id='word_1_792' title='bbox 3120 4842 3509 4907; x_wconf 81' lang='lat' dir='ltr'><strong>consequentia</strong></span> <span class='ocrx_word' id='word_1_793' title='bbox 3550 4839 3652 4893; x_wconf 86' lang='lat' dir='ltr'><strong>Pa-</strong></span> 
     </span>
    </p>
   </div>
   <div class='ocr_carea' id='block_1_106' title="bbox 2080 4925 3651 5002">
    <p class='ocr_par' dir='ltr' id='par_1_106' title="bbox 2080 4925 3651 5002">
     <span class='ocr_line' id='line_1_106' title="bbox 2080 4925 3651 5002; baseline 0.006 -24"><span class='ocrx_word' id='word_1_794' title='bbox 2080 4932 2217 4979; x_wconf 87' lang='lat' dir='ltr'><strong>trem</strong></span> <span class='ocrx_word' id='word_1_795' title='bbox 2260 4941 2383 4980; x_wconf 92' lang='lat' dir='ltr'><strong>cum</strong></span> <span class='ocrx_word' id='word_1_796' title='bbox 2429 4925 2568 4979; x_wconf 88' lang='lat' dir='ltr'><strong>Filio</strong></span> <span class='ocrx_word' id='word_1_797' title='bbox 2600 4927 2846 4983; x_wconf 85' lang='lat' dir='ltr'><strong>eumdem</strong></span> <span class='ocrx_word' id='word_1_798' title='bbox 2892 4944 3014 4984; x_wconf 90' lang='lat' dir='ltr'><strong>esse</strong></span> <span class='ocrx_word' id='word_1_799' title='bbox 3043 4930 3367 4993; x_wconf 79' lang='lat' dir='ltr'><strong>existimari,</strong></span> <span class='ocrx_word' id='word_1_800' title='bbox 3408 4934 3450 4985; x_wconf 92' lang='lat' dir='ltr'><strong>si</strong></span> <span class='ocrx_word' id='word_1_801' title='bbox 3482 4934 3651 5002; x_wconf 88' lang='lat' dir='ltr'><strong>geniti</strong></span> 
     </span>
    </p>
   </div>
   <div class='ocr_carea' id='block_1_107' title="bbox 2079 5016 3649 5092">
    <p class='ocr_par' dir='ltr' id='par_1_107' title="bbox 2079 5016 3649 5092">
     <span class='ocr_line' id='line_1_107' title="bbox 2079 5016 3649 5092; baseline 0.007 -24"><span class='ocrx_word' id='word_1_802' title='bbox 2079 5024 2133 5069; x_wconf 85' lang='lat' dir='ltr'><strong>et</strong></span> <span class='ocrx_word' id='word_1_803' title='bbox 2172 5016 2396 5086; x_wconf 86' lang='lat' dir='ltr'><strong>ingeniti</strong></span> <span class='ocrx_word' id='word_1_804' title='bbox 2445 5017 2749 5073; x_wconf 80' lang='lat' dir='ltr'><strong>diﬂ‘erentia</strong></span> <span class='ocrx_word' id='word_1_805' title='bbox 2797 5035 2863 5073; x_wconf 81' lang='lat' dir='ltr'><strong>ex</strong></span> <span class='ocrx_word' id='word_1_806' title='bbox 2911 5036 3100 5074; x_wconf 83' lang='lat' dir='ltr'><strong>eorum</strong></span> <span class='ocrx_word' id='word_1_807' title='bbox 3140 5021 3395 5092; x_wconf 84' lang='lat' dir='ltr'><strong>dogmate</strong></span> <span class='ocrx_word' id='word_1_808' title='bbox 3436 5024 3649 5079; x_wconf 89' lang='lat' dir='ltr'><strong>sublata</strong></span> 
     </span>
    </p>
   </div>
   <div class='ocr_carea' id='block_1_108' title="bbox 2079 5109 3649 5184">
    <p class='ocr_par' dir='ltr' id='par_1_108' title="bbox 2079 5109 3649 5184">
     <span class='ocr_line' id='line_1_108' title="bbox 2079 5109 3649 5184; baseline 0.006 -21"><span class='ocrx_word' id='word_1_809' title='bbox 2079 5109 2262 5164; x_wconf 81' lang='lat' dir='ltr'><strong>fuerit.</strong></span> <span class='ocrx_word' id='word_1_810' title='bbox 2313 5110 2389 5163; x_wconf 94' lang='lat' dir='ltr'><strong>Ita</strong></span> <span class='ocrx_word' id='word_1_811' title='bbox 2446 5120 2504 5165; x_wconf 90' lang='lat' dir='ltr'><strong>ut</strong></span> <span class='ocrx_word' id='word_1_812' title='bbox 2542 5112 2775 5165; x_wconf 85' lang='lat' dir='ltr'><strong>duorum</strong></span> <span class='ocrx_word' id='word_1_813' title='bbox 2825 5113 3077 5175; x_wconf 88' lang='lat' dir='ltr'><strong>alterum,</strong></span> <span class='ocrx_word' id='word_1_814' title='bbox 3113 5114 3193 5168; x_wconf 83' lang='lat' dir='ltr'><strong>vel</strong></span> <span class='ocrx_word' id='word_1_815' title='bbox 3242 5130 3403 5184; x_wconf 89' lang='lat' dir='ltr'><strong>quam</strong></span> <span class='ocrx_word' id='word_1_816' title='bbox 3447 5116 3649 5172; x_wconf 85' lang='lat' dir='ltr'><strong>habent</strong></span> 
     </span>
    </p>
   </div>
   <div class='ocr_carea' id='block_1_109' title="bbox 2079 5200 3649 5277">
    <p class='ocr_par' dir='ltr' id='par_1_109' title="bbox 2079 5200 3649 5277">
     <span class='ocr_line' id='line_1_109' title="bbox 2079 5200 3649 5277; baseline 0.006 -24"><span class='ocrx_word' id='word_1_817' title='bbox 2079 5200 2146 5253; x_wconf 89' lang='lat' dir='ltr'><strong>de</strong></span> <span class='ocrx_word' id='word_1_818' title='bbox 2174 5202 2275 5254; x_wconf 86' lang='lat' dir='ltr'><strong>hoc</strong></span> <span class='ocrx_word' id='word_1_819' title='bbox 2302 5202 2519 5256; x_wconf 90' lang='lat' dir='ltr'><strong>nomine</strong></span> <span class='ocrx_word' id='word_1_820' title='bbox 2544 5202 2852 5272; x_wconf 90' lang='lat' dir='ltr'><strong>opinionem</strong></span> <span class='ocrx_word' id='word_1_821' title='bbox 2883 5204 3274 5271; x_wconf 85' lang='lat' dir='ltr'><strong>retractabunt,</strong></span> <span class='ocrx_word' id='word_1_822' title='bbox 3303 5214 3487 5275; x_wconf 88' lang='lat' dir='ltr'><strong>utpote</strong></span> <span class='ocrx_word' id='word_1_823' title='bbox 3502 5212 3649 5277; x_wconf 88' lang='lat' dir='ltr'><strong>quod</strong></span> 
     </span>
    </p>
   </div>
   <div class='ocr_carea' id='block_1_110' title="bbox 2078 5291 3647 5365">
    <p class='ocr_par' dir='ltr' id='par_1_110' title="bbox 2078 5291 3647 5365">
     <span class='ocr_line' id='line_1_110' title="bbox 2078 5291 3647 5365; baseline 0.005 -21"><span class='ocrx_word' id='word_1_824' title='bbox 2078 5291 2437 5346; x_wconf 74' lang='lat' dir='ltr'><strong>dill&#39;erentiam</strong></span> <span class='ocrx_word' id='word_1_825' title='bbox 2491 5296 2781 5365; x_wconf 88' lang='lat' dir='ltr'><strong>utriusque</strong></span> <span class='ocrx_word' id='word_1_826' title='bbox 2829 5295 3178 5365; x_wconf 75' lang='lat' dir='ltr'><strong>proprietatis</strong></span> <span class='ocrx_word' id='word_1_827' title='bbox 3234 5312 3343 5352; x_wconf 91' lang='lat' dir='ltr'><strong>non</strong></span> <span class='ocrx_word' id='word_1_828' title='bbox 3393 5306 3647 5353; x_wconf 84' lang='lat' dir='ltr'><strong>naturam</strong></span> 
     </span>
    </p>
   </div>
   <div class='ocr_carea' id='block_1_111' title="bbox 2079 5383 3649 5458">
    <p class='ocr_par' dir='ltr' id='par_1_111' title="bbox 2079 5383 3649 5458">
     <span class='ocr_line' id='line_1_111' title="bbox 2079 5383 3649 5458; baseline 0.004 -21"><span class='ocrx_word' id='word_1_829' title='bbox 2079 5383 2370 5450; x_wconf 74' lang='lat' dir='ltr'><strong>signiticet,</strong></span> <span class='ocrx_word' id='word_1_830' title='bbox 2421 5385 2504 5439; x_wconf 75' lang='lat' dir='ltr'><strong>rel</strong></span> <span class='ocrx_word' id='word_1_831' title='bbox 2537 5385 2590 5439; x_wconf 92' lang='lat' dir='ltr'><strong>in</strong></span> <span class='ocrx_word' id='word_1_832' title='bbox 2644 5386 2761 5440; x_wconf 89' lang='lat' dir='ltr'><strong>suis</strong></span> <span class='ocrx_word' id='word_1_833' title='bbox 2793 5385 3031 5441; x_wconf 88' lang='lat' dir='ltr'><strong>decretis</strong></span> <span class='ocrx_word' id='word_1_834' title='bbox 3066 5398 3472 5458; x_wconf 90' lang='lat' dir='ltr'><strong>permanentes,</strong></span> <span class='ocrx_word' id='word_1_835' title='bbox 3502 5391 3649 5444; x_wconf 74' lang='lat' dir='ltr'><strong>circa</strong></span> 
     </span>
    </p>
   </div>
   <div class='ocr_carea' id='block_1_112' title="bbox 2080 5475 3649 5547">
    <p class='ocr_par' dir='ltr' id='par_1_112' title="bbox 2080 5475 3649 5547">
     <span class='ocr_line' id='line_1_112' title="bbox 2080 5475 3649 5547; baseline 0.005 -19"><span class='ocrx_word' id='word_1_836' title='bbox 2080 5475 2221 5528; x_wconf 87' lang='lat' dir='ltr'><strong>hanc</strong></span> <span class='ocrx_word' id='word_1_837' title='bbox 2250 5490 2438 5529; x_wconf 83' lang='lat' dir='ltr'><strong>vocent</strong></span> <span class='ocrx_word' id='word_1_838' title='bbox 2461 5477 2697 5531; x_wconf 71' lang='lat' dir='ltr'><strong>Sabellio</strong></span> <span class='ocrx_word' id='word_1_839' title='bbox 2722 5475 3224 5547; x_wconf 89' lang='lat' dir='ltr'><strong>adstipulabnntur.</strong></span> <span class='ocrx_word' id='word_1_840' title='bbox 3246 5479 3363 5534; x_wconf 85' lang='lat' dir='ltr'><strong>Non</strong></span> <span class='ocrx_word' id='word_1_841' title='bbox 3392 5482 3534 5535; x_wconf 90' lang='lat' dir='ltr'><strong>enim</strong></span> <span class='ocrx_word' id='word_1_842' title='bbox 3566 5491 3649 5536; x_wconf 64' lang='lat' dir='ltr'><strong>est</strong></span> 
     </span>
    </p>
   </div>
   <div class='ocr_carea' id='block_1_113' title="bbox 2077 5568 3651 5641">
    <p class='ocr_par' dir='ltr' id='par_1_113' title="bbox 2077 5568 3651 5641">
     <span class='ocr_line' id='line_1_113' title="bbox 2077 5568 3651 5641; baseline 0.005 -22"><span class='ocrx_word' id='word_1_843' title='bbox 2077 5568 2350 5636; x_wconf 90' lang='lat' dir='ltr'><strong>quomodo</strong></span> <span class='ocrx_word' id='word_1_844' title='bbox 2382 5568 2747 5637; x_wconf 82' lang='lat' dir='ltr'><strong>hypostaseon</strong></span> <span class='ocrx_word' id='word_1_845' title='bbox 2779 5570 3081 5625; x_wconf 73' lang='lat' dir='ltr'><strong>diﬁcrentia</strong></span> <span class='ocrx_word' id='word_1_846' title='bbox 3123 5571 3176 5625; x_wconf 90' lang='lat' dir='ltr'><strong>id</strong></span> <span class='ocrx_word' id='word_1_847' title='bbox 3219 5573 3361 5641; x_wconf 86' lang='lat' dir='ltr'><strong>quod</strong></span> <span class='ocrx_word' id='word_1_848' title='bbox 3396 5573 3651 5627; x_wconf 79' lang='lat' dir='ltr'><strong>inconfu-</strong></span> 
     </span>
    </p>
   </div>
   <div class='ocr_carea' id='block_1_114' title="bbox 2075 5658 3649 5734">
    <p class='ocr_par' dir='ltr' id='par_1_114' title="bbox 2075 5658 3649 5734">
     <span class='ocr_line' id='line_1_114' title="bbox 2075 5658 3649 5734; baseline 0.004 -22"><span class='ocrx_word' id='word_1_849' title='bbox 2075 5673 2195 5712; x_wconf 88' lang='lat' dir='ltr'><strong>sum</strong></span> <span class='ocrx_word' id='word_1_850' title='bbox 2226 5667 2310 5713; x_wconf 82' lang='lat' dir='ltr'><strong>est</strong></span> <span class='ocrx_word' id='word_1_851' title='bbox 2351 5658 2570 5723; x_wconf 82' lang='lat' dir='ltr'><strong>habent,</strong></span> <span class='ocrx_word' id='word_1_852' title='bbox 2617 5659 2663 5715; x_wconf 93' lang='lat' dir='ltr'><strong>si</strong></span> <span class='ocrx_word' id='word_1_853' title='bbox 2697 5677 2760 5714; x_wconf 90' lang='lat' dir='ltr'><strong>ea</strong></span> <span class='ocrx_word' id='word_1_854' title='bbox 2794 5677 2915 5731; x_wconf 62' lang='lat' dir='ltr'><strong>quae</strong></span> <span class='ocrx_word' id='word_1_855' title='bbox 2938 5673 3021 5717; x_wconf 91' lang='lat' dir='ltr'><strong>est</strong></span> <span class='ocrx_word' id='word_1_856' title='bbox 3049 5664 3218 5733; x_wconf 86' lang='lat' dir='ltr'><strong>geniti</strong></span> <span class='ocrx_word' id='word_1_857' title='bbox 3252 5678 3374 5717; x_wconf 89' lang='lat' dir='ltr'><strong>cum</strong></span> <span class='ocrx_word' id='word_1_858' title='bbox 3408 5665 3649 5734; x_wconf 87' lang='lat' dir='ltr'><strong>ingenito</strong></span> 
     </span>
    </p>
   </div>
   <div class='ocr_carea' id='block_1_115' title="bbox 2078 5747 3651 5822">
    <p class='ocr_par' dir='ltr' id='par_1_115' title="bbox 2078 5747 3651 5822">
     <span class='ocr_line' id='line_1_115' title="bbox 2078 5747 3651 5822; baseline 0.004 -20"><span class='ocrx_word' id='word_1_859' title='bbox 2078 5747 2382 5803; x_wconf 65' lang='lat' dir='ltr'><strong>diﬂ‘erentia</strong></span> <span class='ocrx_word' id='word_1_860' title='bbox 2419 5766 2525 5803; x_wconf 83' lang='lat' dir='ltr'><strong>non</strong></span> <span class='ocrx_word' id='word_1_861' title='bbox 2572 5751 2961 5822; x_wconf 78' lang='lat' dir='ltr'><strong>distinguatur.</strong></span> <span class='ocrx_word' id='word_1_862' title='bbox 2994 5752 3173 5819; x_wconf 88' lang='lat' dir='ltr'><strong>Quare</strong></span> <span class='ocrx_word' id='word_1_863' title='bbox 3222 5754 3267 5809; x_wconf 92' lang='lat' dir='ltr'><strong>si</strong></span> <span class='ocrx_word' id='word_1_864' title='bbox 3306 5771 3501 5809; x_wconf 86' lang='lat' dir='ltr'><strong>nomen</strong></span> <span class='ocrx_word' id='word_1_865' title='bbox 3544 5757 3651 5809; x_wconf 77' lang='lat' dir='ltr'><strong>dif~</strong></span> 
     </span>
    </p>
   </div>
   <div class='ocr_carea' id='block_1_116' title="bbox 2080 5840 3646 5918">
    <p class='ocr_par' dir='ltr' id='par_1_116' title="bbox 2080 5840 3646 5918">
     <span class='ocr_line' id='line_1_116' title="bbox 2080 5840 3646 5918; baseline 0.008 -25"><span class='ocrx_word' id='word_1_866' title='bbox 2080 5840 2367 5896; x_wconf 84' lang='lat' dir='ltr'><strong>fcrentiam</strong></span> <span class='ocrx_word' id='word_1_867' title='bbox 2402 5844 2601 5911; x_wconf 82' lang='lat' dir='ltr'><strong>signat,</strong></span> <span class='ocrx_word' id='word_1_868' title='bbox 2635 5845 2875 5899; x_wconf 88' lang='lat' dir='ltr'><strong>essentia</strong></span> <span class='ocrx_word' id='word_1_869' title='bbox 2918 5862 3015 5917; x_wconf 86' lang='lat' dir='ltr'><strong>per</strong></span> <span class='ocrx_word' id='word_1_870' title='bbox 3042 5847 3459 5918; x_wconf 87' lang='lat' dir='ltr'><strong>appellationcm</strong></span> <span class='ocrx_word' id='word_1_871' title='bbox 3487 5848 3646 5905; x_wconf 82' lang='lat' dir='ltr'><strong>istam</strong></span> 
     </span>
    </p>
   </div>
  </div>
