4142 6374
476 479 586 536 923

1709 456 1767 512 S.
1803 449 2132 511 GREGORII
2168 443 2452 503 NYSSENI

3616 412 3729 480 924

482 592 707 647 minime
759 587 1181 660 signiﬁcabitur.
1262 582 1382 638 Alia
1434 579 1581 636 enim
1636 574 1954 632 diﬁerentiaa
2000 578 2096 634 et,

2197 567 2257 637 ἧς
2298 561 2677 636 ¹προσηγορίας
2728 556 2929 623 ταύτης
2978 554 3309 624 ἀσήμαντος.
3372 546 3564 610 Ἀλλος
3618 545 3726 616 γὰρ

481 687 586 737 alia
640 682 894 739 essentiae
924 680 1087 734 ratio.
1118 676 1274 745 Quod
1315 676 1360 731 si
1395 673 1461 727 ad
1508 678 1758 725 naturam
1798 667 1948 722 vocis
1980 663 2055 720 si-

483 775 857 846 gniﬁcantiam
882 774 1229 841 detorquent,
1255 767 1323 822 ad
1344 766 1722 821 haereticorum
1748 762 1839 832 qui
1862 756 2054 814 υἱοπάο

482 886 640 940 τορες
668 866 949 931 dicuntur,
975 864 1067 934 qui
1090 862 1289 916 Filium
1318 869 1373 915 et
1403 859 1642 917 Patrem,
1672 853 1915 909 eamdem
1936 866 2060 907 esse

493 974 783 1029 personam
824 961 1095 1017 asserunt,
1136 966 1377 1007 errorem
1419 946 1823 1019 pertrahentur,
1855 956 2061 997 sermo-

500 1054 588 1105 nis
622 1048 1010 1121 perspicuitate
1048 1043 1227 1114 quoad
1278 1048 1537 1112 personas
1567 1038 1801 1099 divinas,
1849 1034 2063 1087 subtra-

493 1155 607 1198 cta.
638 1141 793 1207 Quod
819 1140 864 1195 si
887 1121 1073 1193 dicant
1101 1134 1238 1190 nihil
1278 1131 1563 1204 prohibere
1586 1144 1682 1200 per
1705 1124 2060 1196 ἀγεννησίαν,

500 1234 726 1304 ingeniti
762 1247 884 1287 eum
914 1229 1095 1300 genito
1121 1224 1484 1280 differentiam
1513 1218 1830 1292 signiﬁcari,
1870 1225 1924 1272 et
1944 1230 2065 1272 eam

493 1340 710 1396 quoque
780 1337 968 1376 vocem
1042 1318 1337 1375 essentiam
1399 1310 1831 1384 repraasenta‘re,
1907 1306 2066 1362 nobis

493 1416 841 1484 distinguant
888 1417 1151 1481 cognatas
1203 1405 1441 1462 nominis
1488 1401 1938 1473 signiﬁcationes,
1992 1396 2070 1453 ita

497 1514 557 1559 ut
586 1506 801 1575 possint
845 1501 1065 1573 proprie
1096 1510 1399 1569 congruere
1441 1495 1661 1563 utrique
1699 1490 1952 1546 bifariam
1981 1488 2070 1544 di-

495 1597 626 1650 visae
668 1594 895 1666 ingeniti
930 1592 1164 1647 notioni.
1196 1588 1332 1643 Nam
1365 1585 1685 1641 differentiis
1725 1598 1847 1653 quae
1884 1588 1969 1638 est
2003 1596 2071 1636 ex

501 1689 721 1744 nomine
762 1686 1084 1747 declaratio,
1130 1680 1540 1751 ambiguitatem
1579 1690 1690 1731 non
1730 1675 1912 1738 habet,
1946 1666 2072 1727 cum

500 1781 768 1851 oppositae
807 1776 1125 1831 differentia:
1178 1772 1427 1827 oratione
1480 1768 1855 1831 constituitur,
1899 1762 2075 1834 siqui-

499 1873 622 1926 dem
654 1887 751 1940 pro
786 1885 851 1923 eo
878 1868 1023 1937 quod
1055 1862 1502 1935 dicitur,genitus
1531 1868 1617 1915 est
1650 1858 1844 1922 Filius,
1872 1864 1926 1912 et
1964 1870 2071 1910 non

2158 659 2256 727 τῆς
2296 654 2557 725 διαφορᾶς
2595 651 2690 705 καὶ
2736 650 2921 722 ἕτερος
2951 649 3051 719 τῆς
3095 646 3281 707 οὐσίας
3308 646 3335 697 ό
3366 642 3543 710 λόγος.
3580 642 3640 695 ΕΞ
3667 640 3725 693 δὲ

2158 746 2294 818 πρὸς
2322 745 2417 818 τὴν
2463 744 2623 813 φύσιν
2655 741 2752 814 τὴν
2779 741 3052 812 σημασίαν
3080 742 3180 811 τῆς
3212 738 3392 813 φωνῆς
3439 735 3727 790 καθέλκου-

2161 857 2280 902 σιν,
2339 839 2418 900 εἰς
2465 835 2562 907 τὴν
2611 835 2718 889 τῶν
2763 835 3130 902 υίοπατόρων
3157 833 3461 903 λεγομένων
3515 830 3729 899 ἀπάτην

2160 926 2467 989 ἀκολούθως
2500 926 2944 995 ὑποσυρήσονται,
2977 925 3075 993 τῆς
3106 925 3243 977 κατὰ
3283 923 3379 981 τάς
3408 922 3731 980 ὑποστάσεις

2162 1019 2490 1091 τρανότητος
2537 1017 2899 1087 ὑποσυρείσης
2946 1016 3038 1068 τοῦ
3084 1015 3261 1084 λόγου.
3320 1014 3379 1067 Εἰ
3423 1015 3479 1066 δὲ
3513 1015 3727 1082 λέγουσι

2164 1110 2392 1165 κωλύειν
2410 1110 2574 1180 μηδὲν
2600 1110 2692 1162 καὶ
2714 1109 2810 1181 τὴν
2827 1108 2960 1179 πρὸς
2977 1108 3037 1161 τὸ
3062 1107 3314 1176 γεννητὸν
3333 1106 3731 1179 ἀντιδιαστολὴν

2166 1205 2231 1256 ὲκ
2252 1203 2351 1271 τῆς
2379 1202 2705 1272 ἀγεννησίας
2740 1200 3119 1270 σημαίνεσθαι,
3148 1200 3239 1255 καὶ
3269 1198 3435 1273 αὐτὴν
3468 1199 3734 1271 παριστᾷν

2166 1296 2265 1369 τὴν
2285 1294 2469 1348 οὐσίαν
2491 1334 2506 1357 ,
2539 1293 2987 1347 διαστειλὰτωσαν
3015 1293 3145 1362 ἡμῖν
3176 1292 3273 1354 τὰς
3302 1294 3596 1361 προσφυεῖς
3642 1288 3733 1343 τοῦ

2169 1387 2430 1458 ὀνόματος
2478 1386 2771 1456 σημασίας,
2814 1385 2890 1448 ὡς
2943 1383 3199 1439 δύνασθαι
3234 1385 3436 1456 κυρίως
3480 1383 3739 1455 ἁρμόζειν

2171 1480 2308 1550 πρὸς
2338 1478 2604 1549 ἑκατέραν
2632 1477 3034 1548 διασχισθεῖσαν
3059 1477 3151 1531 τοῦ
3195 1478 3493 1547 ἀγεννήτου
3523 1474 3619 1545 τὴν
3653 1474 3740 1527 έν-

2172 1586 2341 1625 νοιαν.
2388 1569 2453 1621 Ἦ
2505 1569 2602 1639 μὲν
2643 1567 2753 1638 γὰρ
2797 1568 2894 1639 τῆς
2929 1569 3191 1639 διαφορᾶς
3231 1569 3296 1621 ἐκ
3335 1566 3431 1621 τοῦ
3482 1565 3744 1634 ὀνόματος

2173 1661 2422 1732 δήλωσις,
2453 1658 2781 1729 ἀμφιϐολίαν
2813 1659 2912 1712 ούκ
2938 1658 3072 1729 ἔχει,
3102 1657 3177 1729 τῷ
3200 1662 3299 1730 τῆς
3341 1653 3745 1723 ἀντιδιαστολῆς

2174 1753 2318 1824 λόγῳ
2367 1753 2752 1824 συνισταμένη.
2830 1752 2975 1805 Ἀντὶ
3042 1752 3150 1823 γὰρ
3201 1750 3665 1819 τοῦ,γεγέννηται
3713 1748 3745 1801 6

2177 1842 2325 1906 Υἱὸς,
2346 1843 2438 1895 καὶ
2462 1841 2522 1894 ού
2546 1841 2865 1910 γεγέννηται
2896 1842 2923 1893 6
2948 1840 3158 1910 Πατὴρ,
3187 1842 3277 1893 τὸν
3308 1842 3403 1911 μὲν
3429 1840 3743 1909 ἀγέννητον,

502 1965 719 2032 genitus
763 1968 847 2015 est
893 1959 1075 2020 Pater,
1115 1957 1262 2011 hunc
1307 1955 1528 2023 quidem
1564 1952 1886 2023 ingenitum,
1921 1950 2073 2004 illum

2197 1934 2268 1987 :6v
2303 1933 2359 1985 δὲ
2392 1932 2646 2002 γεννητὸν
2696 1931 2951 1999 λέγεσθαι
2980 1932 3122 1985 κατά
3161 1949 3283 1985 τινα
3318 1932 3575 2002 ῥημάτων
3613 1948 3750 2001 παρ·

504 2070 633 2108 vero
662 2055 901 2122 genitum
942 2050 1053 2104 diei
1112 2046 1413 2102 secundum
1450 2045 1744 2115 quamdam
1787 2042 2079 2097 verborum

506 2140 1036 2201 denominationem,
1073 2151 1175 2190 nos
1208 2136 1371 2189 etiam
1418 2134 1771 2189 assentimur.
1820 2130 2083 2187 Essentize

509 2241 689 2289 autent
735 2230 1003 2283 indicatio
1033 2243 1099 2282 ex
1128 2241 1237 2295 qua
1281 2225 1645 2295 intelligentia
1684 2239 1782 2293 per
1816 2223 1919 2278 hoc
1960 2237 2085 2278 ver-

510 2322 636 2375 bum
668 2318 1054 2379 declarabitur,
1101 2332 1209 2370 non
1247 2324 1468 2385 possent
1499 2315 1707 2369 dicere.

585 2410 692 2465 Sed
772 2411 877 2464 hoc
946 2408 1168 2463 silentio
1220 2407 1502 2461 involvens
1549 2422 1725 2462 novus
1773 2405 2083 2474 theologus,

514 2502 653 2559 alias
684 2502 845 2556 nobis
872 2515 1046 2569 nugas
1082 2499 1135 2551 in
1172 2497 1509 2568 praecedente
1538 2497 1836 2566 scriptione
1860 2504 2085 2551 nectens

519 2593 1070 2663 persequitur:Quia
1104 2590 1327 2657 simplex
1351 2606 1469 2642 cum
1513 2590 1583 2643 sit
1624 2589 1785 2653 Deus,
1834 2590 2088 2659 ingenitus

515 2684 711 2737 dicitur
734 2724 746 2747 ,
778 2691 1049 2753 propterea
1103 2682 1400 2752 ἀγεννησία
1438 2680 1577 2735 Deus
1608 2691 1703 2735 est.
1742 2679 1883 2745 Quid
1933 2680 2093 2733 habet

517 2791 812 2829 commune
843 2774 1213 2843 simplicitatis
1249 2789 1431 2828 sermo
1475 2788 1598 2826 cum
1634 2773 1823 2827 notitia
1863 2786 1971 2825 non
2000 2786 2094 2841 ge-

521 2867 663 2920 niti?
694 2866 905 2920 Etenim
936 2865 1252 2934 unigenitus
1287 2875 1341 2919 et
1366 2867 1583 2935 genitus
1630 2871 1747 2926 est,
1780 2871 1834 2917 et
1864 2863 2093 2931 simplex

521 2976 641 3014 esse
674 2974 781 3013 non
811 2958 1119 3027 ambigitur.
1155 2956 1257 3011 Sed
1298 2958 1459 3011 etiam
1486 2956 1787 3010 individuus
1808 2994 1824 3020 ,
1855 2954 2094 3024 partibus

522 3065 705 3103 carens
768 3059 817 3101 et
880 3046 1279 3112 incompositus.
1357 3043 1497 3110 Quid
1556 3044 1718 3098 etiam
1776 3043 1880 3096 hoc
1933 3039 1999 3094 ad
2045 3040 2097 3093 id

524 3142 669 3212 quod
719 3139 1027 3210 quaeritur?
1054 3154 1230 3208 neque
1257 3138 1401 3192 enim
1433 3136 1605 3192 Filius
1650 3133 1999 3189 multiformis
2044 3139 2099 3187 et

527 3233 885 3301 compositus,
918 3246 1028 3285 non
1060 3241 1241 3283 tamen
1294 3238 1581 3298 propterea
1625 3225 1917 3297 ingenitus.
1967 3222 2095 3286 Sed,

524 3324 727 3392 inquit,
787 3320 1109 3392 quantitatis
1174 3319 1440 3387 omnisque
1485 3314 1861 3385 magnitudinis
1917 3327 2099 3379 expers

527 3423 605 3467 est
644 3430 661 3465 :
692 3412 805 3465 haec
860 3411 934 3464 ita
969 3410 1100 3465 sint.
1162 3407 1373 3462 Etenim
1409 3404 1578 3461 Filius
1627 3405 1932 3474 quantitate
1966 3401 2101 3456 deﬁ-

534 3506 639 3557 niri
682 3519 791 3557 non
829 3510 1007 3572 potest
1048 3516 1148 3555 nec
1209 3497 1609 3561 circumscribi,
1667 3507 1723 3551 et
1776 3494 2101 3566 quantitatis

534 3596 715 3647 omnis
759 3604 844 3647 est
886 3606 1102 3661 expers,
1139 3597 1195 3644 et
1232 3588 1590 3643 nihilominus
1637 3586 1830 3640 Filius.
1868 3584 1971 3639 Sed
2002 3583 2106 3638 hoc

538 3701 646 3738 non
682 3692 767 3738 est
801 3682 946 3755 quod
1004 3682 1060 3736 in
1100 3681 1455 3751 quaestionem
1513 3679 1702 3745 cadit;
1762 3676 2105 3747 propositum

535 3784 621 3831 est
648 3777 791 3831 enim
825 3775 1210 3831 demonstrare
1260 3789 1369 3844 qua
1408 3771 1637 3843 ingeniti
1707 3767 2109 3840 signiﬁcatione

538 3868 780 3923 essentia
813 3866 1158 3937 dignoscitur
1180 3871 1264 3921 :ut
1291 3864 1438 3919 enim
1469 3879 1535 3917 ex
1565 3862 1669 3915 hac
1708 3875 1842 3915 voce
1868 3860 2111 3931 pr0prie-

541 3966 712 4012 latum
762 3956 1083 4012 differentiae
1114 3956 1255 4010 ratio
1303 3960 1388 4009 est
1426 3952 1841 4022 comprehensa,
1903 3950 1984 4006 sic
2015 3964 2112 4002 vo-

542 4050 724 4105 lebant
756 4049 1065 4118 ambiguam
1095 4062 1219 4102 esse
1250 4045 1415 4100 etiam
1452 4054 1661 4098 natura;
1718 4041 2111 4096 indicationem

542 4156 609 4195 ex
637 4141 817 4211 aliquo
842 4154 1031 4195 eorum
1073 4153 1194 4209 qua!
1252 4153 1349 4208 per
1380 4135 1627 4192 eamdem
1678 4134 1820 4188 hanc
1873 4132 2114 4204 appella-

545 4229 748 4284 tionem
782 4227 1184 4299 signiﬁcantur.

618 4322 686 4372 At
740 4319 844 4373 hoc
902 4324 1099 4378 tacitus
1160 4313 1418 4385 praeterit.
1473 4312 1615 4367 Dicit
1656 4310 2021 4378 autem,Non
2050 4324 2116 4365 ea:

548 4408 738 4463 mentis
762 4415 1051 4461 commento
1080 4405 1299 4475 ingeniti
1321 4419 1493 4458 vocem
1521 4401 1585 4456 de
1613 4400 1720 4455 Deo
1751 4400 2115 4454 celebrandam

546 4515 680 4553 esse.
718 4498 848 4562 Qua:
872 4498 1012 4550 enim
1045 4496 1120 4549 sic
1143 4494 1287 4548 dicta
1317 4501 1460 4558 sunt,
1510 4492 1707 4561 inquit,
1750 4506 1868 4544 cum
1909 4492 2116 4544 vocibus

2179 2023 2441 2092 ωνυμίαν,
2488 2022 2582 2075 καὶ
2627 2023 2784 2093 ἡμεῖς
2825 2021 3197 2092 συντιθέμεθα.
3241 2022 3305 2073 Ἦ
3341 2022 3395 2074 δὲ
3431 2022 3532 2091 τῆς
3562 2021 3747 2083 οὐσίας

2180 2116 2341 2182 δεῖξις
2374 2116 2437 2167 ἐκ
2481 2115 2642 2178 ποίας
2684 2114 2919 2177 διανοίας
2956 2114 3041 2166 διὰ
3069 2113 3161 2165 τοῦ
3198 2114 3608 2185 πρὸς⁶ῥήματος
3633 2112 3750 2173 τού·

2181 2224 2273 2260 του
2309 2206 2786 2278 σαφηνισθήσεται,
2819 2207 2991 2258 εἰπεῖν
3018 2205 3117 2258 οὐκ
3148 2204 3213 2257 ἂν
3245 2205 3434 2276 ἔχοιεν.

2267 2387 2426 2441 Ἀλλά
2452 2388 2607 2441 τοῦτο
2640 2388 2917 2459 σιωπήσας
2943 2388 2971 2439 6
3007 2388 3189 2451 καινὸς
3225 2388 3493 2457 θεολόγος,
3536 2390 3753 2461 ἐτέρους

2186 2482 2318 2551 ἡμῖν
2350 2480 2657 2551 φληνάφους
2701 2481 2792 2533 ἐπὶ
2824 2482 2923 2551 τῆς
2973 2480 3349 2550 προλαϐούσης
3398 2482 3753 2552 λογογραφίας

2187 2574 2349 2631 εἴρων
2380 2571 2648 2639 διέξεισιν.
2684 2572 2813 2625 Ὅτι
2860 2570 3115 2637 ἁπλοῦς,
3168 2573 3351 2641 φησὶν,
3386 2572 3470 2624 ὢν
3513 2576 3544 2626 d
3593 2575 3753 2638 Θεὸς,

2189 2666 2515 2735 ἀγέννητοι,-
2555 2664 2811 2735 λέγεται,
2862 2664 2957 2718 διὰ
2997 2665 3172 2717 τοῦτο
3211 2665 3542 2734 ἀγεννησία
3589 2665 3759 2719 ἐστὶν

2192 2759 2224 2809 ό
2255 2757 2414 2819 Θεός.
2453 2756 2517 2808 Τί
2551 2755 2726 2809 κοινὸν
2770 2758 2795 2808 6
2832 2754 2930 2824 τῆς
2962 2755 3260 2825 ἁπλότητος
3299 2755 3408 2825 ἔχει
3439 2756 3591 2825 λόγος
3626 2758 3759 2827 πρὸς

2192 2848 2289 2919 τὴν
2319 2847 2410 2901 τοῦ
2446 2849 2739 2917 ἀγεννήτου
2787 2848 3058 2913 διάνοιαν;
3101 2849 3210 2901 Καὶ
3258 2850 3364 2921 γὰρ
3412 2850 3503 2903 καὶ
3534 2854 3561 2904 6
3600 2852 3762 2904 Μονο-

2193 2940 2375 3011 γενὴς,
2405 2941 2497 2992 καὶ
2534 2940 2789 3010 γεννητὸς
2816 2942 2954 3004 ἐστι,
2991 2940 3085 2994 καὶ
3120 2941 3323 3005 ἀπλοῦς
3368 2941 3505 2996 εἶναι
3547 2945 3643 2997 ούκ
3665 2946 3763 3014 ἀμ-

2199 3031 2536 3099 φιϐάλλεται.
2590 3032 2764 3086 Ἀλλὰ
2811 3032 2909 3085 καὶ
2945 3033 3204 3103 ἀμερὴς,
3253 3037 3408 3105 φησὶ,
3457 3037 3555 3089 καὶ
3588 3037 3764 3091 dodr-

2200 3128 2385 3190 θετος.
2428 3125 2493 3177 Τί
2522 3125 2617 3178 καὶ
2648 3125 2803 3178 τοῦτο
2832 3126 2966 3196 πρὸς
3002 3128 3062 3179 τὸ
3098 3126 3460 3198 ζητούμενον;
3504 3130 3635 3183 eos:
3660 3132 3765 3201 γὰρ

2200 3219 2229 3269 6
2250 3217 2381 3279 ίΥίὺς
2409 3216 2691 3287 πολυειδὴς
2720 3218 2816 3270 καὶ
2843 3218 3214 3288 συγκείμενος,
3246 3220 3361 3274 ἀλλ’
3391 3222 3540 3292 ὅμως
3578 3221 3638 3274 οὐ
3682 3222 3766 3276 διὰ

2202 3308 2360 3359 τοῦτο
2386 3307 2700 3377 ἀγέννητος.
2748 3306 2932 3361 Ἀλλὰ
2960 3306 3059 3360 καὶ
3086 3309 3441 3376 ποσότητος,
3483 3312 3635 3380 φησὶ,
3669 3311 3767 3364 καὶ

2204 3399 2605 3465 πηλικότητος
2640 3398 3065 3465 ἠλλοτρίωται·
3113 3398 3253 3451 ἔστω
3281 3399 3377 3453 καὶ
3418 3399 3588 3453 ταῦτα
3610 3416 3623 3430 ·
3676 3401 3769 3456 καὶ

2204 3489 2311 3560 γὰρ
2337 3488 2432 3542 καὶ
2468 3490 2496 3541 ὁ
2527 3488 2655 3551 Υἱὸς
2692 3486 3069 3559 ἀπεριόριστος
3094 3487 3170 3558 τῷ
3198 3490 3410 3561 πηλίκφ
3434 3491 3527 3543 καὶ
3551 3490 3769 3554 imm“

2206 3582 2301 3637 καὶ
2333 3582 2479 3651 ὅμως
2507 3580 2653 3643 Υίός.
2698 3579 2857 3633 Ἀλλά
2884 3580 2944 3633 τὸ
2969 3579 3297 3651 ζητούμενον
3324 3581 3385 3633 οὐ
3425 3582 3580 3635 τοῦτό
3621 3584 3735 3635 ἐστι
3754 3600 3768 3613 ·

2208 3671 2493 3742 πρόκειται
2523 3669 2630 3740 γὰρ
2668 3668 3048 3740 ἀποδειχθῆναι
3081 3670 3220 3724 κατά
3265 3687 3385 3723 τινα
3430 3670 3523 3722 τοῦ
3554 3671 3775 3741 ἀγεννή-

2207 3778 2302 3815 του
2351 3760 2627 3833 σημασίαν
2675 3762 2707 3831 ὴ
2742 3760 2897 3814 οὐσία
2934 3759 3262 3831 γνωρίζεται
3285 3776 3298 3789 ο
3342 3761 3417 3823 ὡς
3447 3762 3555 3833 γὰρ
3583 3762 3646 3815 ὲκ
3674 3763 3776 3833 τῆς

2211 3852 2395 3923 φωνῆς
2435 3851 2639 3923 ταύτης
2678 3854 2707 3905 6
2747 3851 2848 3922 τῆς
2889 3850 2997 3904 τῶν
3030 3852 3331 3923 ἰδιωμάτων
3358 3853 3615 3924 διαφορᾶς
3644 3872 3778 3909 κατ-

2211 3943 2417 4016 ελήφθη
2440 3942 2617 4010 λόγος,
2649 3941 2819 4006 οὕτως
2862 3941 3046 4012 ἠξίουν
3074 3942 3373 4013 ἀμφίϐολον
3398 3939 3535 3997 εἶναι
3564 3946 3658 3998 καλ¹
3682 3944 3780 3999 τοῧ

2212 4033 2350 4091 εἶναι
2389 4035 2488 4109 τὴν
2520 4034 2764 4100 ἔνδειξιν,
2811 4034 2874 4087 ἕκ
2916 4051 3059 4096 τινος
3102 4034 3212 4089 τῶν
3252 4036 3664 4107 σημαινομένων
3693 4037 3783 4090 διὰ

2211 4126 2311 4197 τῆς
2337 4126 2504 4197 αὐτῆς
2537 4125 2743 4195 ταύτης
2770 4125 3159 4197 προσηγορίας.

2296 4302 2458 4356 Ἀλλά
2486 4301 2643 4354 τοῦτο
2676 4301 2771 4372 μὲν
2818 4303 3017 4372 σιωπᾷ.
3056 4300 3216 4368 Λέγει
3259 4300 3335 4365 δὲ,
3358 4301 3454 4370 Μὴ
3486 4301 3613 4355 δεῖν
3654 4304 3785 4355 κατ’

2214 4394 2488 4448 ἐπίνοιαν
2531 4391 2979 4461 ἐπιφημίζεσθαι
3034 4391 3114 4456 τῷ
3155 4391 3274 4456 Θεῷ
3319 4392 3386 4445 τὸ
3431 4391 3784 4461 ἀγέννητον.

2222 4485 2299 4539 Τὰ
2329 4487 2437 4555 γὰρ
2476 4485 2630 4538 οὕτω
2661 4485 2991 4555 λελεγμένα
3025 4485 3152 4550 ταῖς
3184 4483 3426 4553 ξέωναῗς,
3464 4485 3613 4555 φησὶ,
3645 4502 3790 4539 συν-

548 4590 679 4659 ipsis
719 4588 935 4642 dissolvi
961 4587 1148 4640 solent.
1179 4584 1319 4651 Quid
1349 4591 1529 4638 autem
1561 4595 1751 4635 eorum
1775 4594 1895 4650 qua:
1916 4580 2096 4633 dicun-

2218 4576 2567 4630 διαλύεσθαι
2599 4577 2845 4644 πέφυκε.
2884 4577 2947 4628 Τί
2973 4576 3027 4630 δὲ
3057 4576 3166 4629 τῶν
3205 4576 3509 4647 λεγομένων
3536 4578 3632 4647 οὐχ
3650 4577 3787 4646 όμοῦ

549 4694 660 4746 tur,
697 4698 807 4736 non
838 4680 1003 4736 simul
1060 4693 1123 4733 ac
1160 4676 1369 4731 dictum
1420 4684 1506 4729 est
1553 4673 1717 4728 etiam
1755 4670 2114 4725 dissolvitur?

551 4774 667 4828 Non
716 4774 860 4827 enim
913 4767 1373 4841 quemadmodum
1416 4765 1471 4819 hi
1502 4764 1595 4834 qui
1653 4778 1783 4818 vasa
1817 4778 1885 4817 ex
1925 4762 2116 4832 argilla

552 4868 785 4933 lingnnt.
814 4862 898 4916 vel
928 4864 1144 4925 lateres,
1178 4856 1476 4915 secundum
1509 4856 1677 4912 semel
1710 4855 1766 4907 in
1789 4868 1884 4907 ore
1915 4851 2117 4905 factam

551 4954 827 5009 orationis
858 4952 1255 5016 formationem,
1291 4963 1412 5020 quae
1466 4961 1599 5002 voce
1654 4945 2005 5015 proferuntur
2036 4944 2119 4996 in-

553 5046 821 5099 dissoiuta
862 5041 1223 5098 servabimus.
1254 5038 1361 5093 Sed
1387 5036 1549 5091 simul
1592 5044 1755 5106 atque
1782 5034 1934 5088 vocis
1983 5046 2120 5087 sono

555 5136 798 5207 prolatus
838 5142 922 5189 est
952 5147 1155 5198 sermo,
1206 5130 1370 5185 etiam
1423 5125 1571 5198 quod
1625 5126 1831 5180 dictum
1864 5135 1969 5187 est,
2011 5138 2119 5176 non

552 5238 673 5293 est;
711 5241 902 5280 rursus
945 5223 1091 5281 enim
1152 5222 1208 5275 in
1261 5234 1443 5274 aerem
1471 5218 1622 5274 vocis
1677 5216 1870 5287 Spiritu
1918 5202 2122 5268 diﬂlato

553 5322 764 5375 nullum
796 5318 1069 5373 dictorum
1114 5314 1399 5385 vestigium
1441 5312 1770 5382 impressum
1800 5319 1884 5364 est
1915 5308 1968 5361 in
1999 5308 2123 5360 loco

556 5415 611 5467 in
643 5426 750 5482 quo
781 5411 934 5465 vocis
962 5409 1107 5462 facta
1134 5412 1221 5462 est
1250 5403 1493 5460 diffusio.
1533 5402 1612 5457 lta
1648 5413 1707 5455 ut
1731 5402 1776 5457 si
1823 5417 1887 5456 ex
1914 5416 1979 5455 eo
2008 5415 2125 5453 ser-

555 5520 795 5570 monem,
829 5502 921 5573 qui
960 5499 1017 5554 ﬁt
1038 5514 1133 5570 per
1178 5494 1716 5555 commentationem.
1753 5493 1949 5562 figurat
1978 5489 2123 5562 quod

555 5596 826 5666 ejusmodi
852 5608 1033 5650 sermo
1059 5598 1183 5662 post
1211 5590 1570 5662 prolationem
1599 5601 1707 5641 non
1744 5591 1982 5647 maneat,
2030 5582 2125 5638 sed

556 5688 719 5742 simul
776 5701 902 5740 cum
955 5684 1230 5755 loquentis
1279 5698 1411 5737 voce
1461 5688 1772 5740 evanescat,
1818 5694 1926 5731 non
1963 5676 2124 5729 etiam

557 5779 797 5848 effugiet,
821 5792 1037 5833 omnem
1062 5789 1367 5832 sermonem
1398 5772 1692 5828 nominans
1722 5766 2127 5825 commentatio-

554 5881 710 5932 nem.
740 5884 863 5924 cum
894 5869 1075 5926 nullus
1112 5868 1183 5925 sit
1219 5882 1399 5925 sermo
1432 5866 1485 5922 in
1511 5880 1620 5936 quo
1660 5862 1769 5919 ulla
1797 5868 1915 5931 post
1946 5859 2125 5929 prola-

2216 4670 2295 4742 τῷ
2328 4670 2583 4741 λεχθῆναι
2627 4671 2721 4723 καὶ
2765 4668 3072 4734 διαλύεται;
3122 4670 3196 4722 οὐ
3234 4669 3342 4741 γάρ
3391 4668 3577 4741 ὥσπερ
3623 4687 3792 4740 κερα-

2221 4762 2472 4835 μεύοντες
2502 4763 2536 4834 ἦ
2586 4760 2989 4830 πλινθευόμενοι
3024 4761 3161 4814 κατά
3193 4759 3290 4832 τὴν
3320 4759 3465 4826 ἅπαξ
3496 4761 3790 4830 γενομένην

2220 4856 2278 4908 έν
2306 4855 2384 4925 τῷ
2415 4854 2640 4924 στόματι
2671 4852 2764 4906 τοῦ
2798 4853 2957 4921 λόγου
2990 4852 3251 4921 τύπωσιν,
3277 4852 3535 4906 ἀδιάλυτα
3562 4852 3791 4921 φυλάξο-

2223 4964 2323 5018 μεν
2363 4946 2431 4998 τά
2471 4945 2559 4998 διὰ
2604 4944 2704 5013 τῆς
2734 4944 2917 5013 φωνῆς
2965 4943 3367 5015 προφερόμενα,
3418 4942 3530 4996 ἀλλ’
3564 4942 3695 5012 όμοῦ
3733 4959 3795 4994 τε

2222 5038 2611 5108 προενήνεκται
2644 5034 2730 5087 διά
2761 5033 2856 5087 τοῦ
2886 5033 3121 5102 φθόγγου
3156 5037 3183 5087 ό
3214 5033 3390 5101 λόγος,
3419 5034 3514 5086 καὶ
3542 5033 3602 5087 τὸ
3631 5032 3795 5104 ῥηθὲν

2222 5132 2322 5184 οὐκ
2366 5129 2500 5182 ἐστι.
2536 5128 2704 5181 Πάλιν
2735 5126 2843 5197 γὰρ
2876 5125 3011 5196 πρὸς
3059 5125 3150 5178 τὸν
3179 5124 3315 5194 ἀέρα
3343 5124 3435 5177 τοῦ
3470 5125 3569 5195 τῆς
3612 5124 3798 5192 φωνῆς

2222 5217 2530 5287 πνεύματος
2576 5216 2961 5286 ἀναχυθέντος,
3025 5215 3177 5267 οὐδὲν
3232 5217 3376 5284 ἴχνος
3418 5216 3525 5268 τῶν
3572 5216 3800 5285 εἰρημέο

2224 5326 2330 5363 νων
2374 5306 2626 5375 ὲτυπώθη
2672 5305 2749 5376 τῷ
2781 5307 2930 5377 τόπῳ
2976 5308 3032 5358 ἐν
3072 5299 3115 5373 ᾧ
3164 5305 3354 5374 γέγονε
3391 5306 3488 5375 τῆς
3535 5305 3717 5374 φωνῆς
3762 5306 3799 5376 ἡ

2226 5399 2505 5469 ἀνάχυσις.
2560 5399 2722 5450 Ὥστε
2772 5400 2820 5451 εἰ
2872 5398 3045 5469 τούτῳ
3098 5398 3190 5451 τὸν
3250 5399 3368 5461 κατζ
3431 5397 3671 5451 ἐπίνοιαν
3711 5396 3802 5450 λό-

2225 5508 2321 5560 γον
2369 5490 2788 5562 χαρακτηρίζει,
2841 5490 2919 5559 τῷ
2960 5490 3035 5560 μὴ
3082 5490 3262 5560 μένειν
3307 5489 3498 5557 λόγον,
3548 5488 3683 5541 ἀλλά
3729 5491 3800 5558 τῇ

2227 5586 2379 5653 φωνῇ
2449 5582 2543 5635 τοῦ
2610 5582 2979 5652 φθεγγομένου
3030 5580 3517 5650 συναφανίζεσθαι,
3573 5579 3676 5636 οὐκ
3733 5578 3805 5633 ἂν

2229 5675 2421 5744 φθάνοι
2487 5674 2667 5728 πάντα
2711 5673 2867 5742 λόγον
2916 5673 3193 5743 ὀνομάζειν
3231 5673 3493 5737 ἐπίνοιαν,
3532 5673 3804 5745 μηδεμιᾶς

2230 5767 2576 5829 ὑποστάσεως
2639 5767 2697 5817 ὲν
2768 5765 2943 5817 ούδενὶ
3001 5765 3142 5834 λόγῳ
3199 5763 3339 5834 μετά
3409 5764 3508 5829 τὴν
3563 5778 3806 5834 προσφο-

2235 5860 2332 5931 ρᾶιν
2375 5854 2749 5928 διαμενούσης.
2781 5855 2916 5910 θύδὲ
2959 5856 3066 5928 γὰρ
3120 5854 3284 5926 αὐτὴν
3320 5855 3417 5925 τὴν
3455 5853 3804 5924 ἀγεννησίαν,
