4142 6374
415 482 522 537 925

1510 472 1789 529 CONTRA
1828 470 2219 536 EUNOMIUM,
2260 472 2387 525 LIB.
2430 470 2545 526 XII.

3562 468 3673 524 9‘16

414 600 483 670 ἢν
538 598 743 667 ἐξαιρεῖ
794 596 895 667 τῆς
939 595 1217 658 ἐπινοίας,
1284 592 1565 648 ἀδιάλυτον
1625 594 1718 646 καὶ
1789 592 1991 659 παγίαν

2100 590 2294 644 tionem
2318 596 2629 661 permaneat
2654 586 2923 643 soliditas.
2943 585 3127 657 Neque
3154 584 3296 639 enim
3323 584 3494 655 ipsam
3512 583 3673 650 ἀγεν-

420 686 557 760 μετὰ
598 687 661 740 τὺ
711 686 1106 758 προενεχθῆναι
1152 685 1326 753 δεῖξαι
1380 686 1689 755 δυνήσεται,
1728 684 1828 754 τῆς
1861 701 1995 755 προ-

416 780 729 851 ενεχθείσης
760 780 845 833 διὰ
888 780 980 832 τοῦ
1012 779 1251 847 φθόγγου
1285 779 1494 849 ρήσεως
1539 779 1603 829 ἐκ
1648 775 1741 829 τοῦ
1800 776 1999 846 στόμα-

414 889 507 934 τος
561 873 620 924 ἐν
657 871 735 942 τῷ
784 872 907 943 ἀέρι
944 872 1018 941 μὴ
1061 870 1462 942 συμμενούσης.
1508 870 1619 922 Καὶ
1663 868 1805 921 οὑτω
1840 869 1883 921 δ’
1933 869 1999 923 ἄν

414 979 499 1025 τις
553 963 713 1033 μάθοι
762 963 822 1015 τὸ
871 963 980 1015 τῶν
1030 962 1338 1033 εἰρημένων
1386 961 1712 1014 ἀσύστατον·
1756 960 1836 1012 δτι
1896 959 2001 1011 κᾶν

421 1054 732 1117 σιωπῶντες
776 1054 872 1118 τὰς
923 1054 1022 1125 τῆς
1072 1054 1248 1124 ψυχῆς
1279 1052 1487 1115 ἐννοίας
1529 1048 1998 1122 ἀπογραφὼμεθα,

417 1147 477 1198 οὑ
520 1144 588 1198 τὰ
645 1145 743 1215 μὲν
796 1145 1081 1213 ὑφεστῶτα
1125 1144 1234 1197 τῶν
1276 1143 1563 1213 νοημάτων
1605 1142 1705 1211 τὴν
1753 1140 1841 1193 διά
1892 1139 2001 1193 τῶν

418 1236 760 1306 γραμμάτων
810 1235 1109 1306 σημείωσιν
1171 1235 1415 1302 δέξεται,
1464 1233 1526 1286 τὸ
1589 1232 1647 1286 δὲ
1701 1231 2001 1286 ἀσύστατον

418 1329 708 1403 άμοιρήσει
730 1327 827 1396 τῆς
850 1328 908 1380 ἐν
934 1329 1044 1390 τοῖς
1069 1327 1362 1399 γράμμασι
1387 1326 1758 1396 σημειώσεως.
1786 1322 2000 1387 Ἔξεστι

420 1416 528 1486 γάρ
561 1418 670 1471 πᾶν
716 1418 743 1470 ὃ
771 1417 820 1470 τί
850 1434 955 1489 περ
997 1416 1063 1472 ἂν
1105 1418 1197 1471 ἐπὶ
1221 1417 1343 1470 νοῦν
1384 1417 1532 1490 ἔλθῃ,
1578 1417 1681 1470 κᾶν
1713 1416 2000 1485 ὑφίσταται

422 1506 562 1559 κατὰ
591 1505 690 1577 τὴν
731 1505 965 1572 σύνεσιν,
997 1506 1099 1559 κᾶν
1118 1507 1193 1570 ὡς
1223 1506 1421 1577 ἑτέρως
1447 1505 1579 1576 ἔχει,
1609 1506 1729 1559 κατ’
1756 1504 2002 1570 ἐξουσίαν

422 1597 778 1651 ἐναποθέσθαι
805 1597 883 1667 τῷ
921 1598 1229 1673 γράμματι.
1265 1598 1444 1650 Ταὺτὸ
1484 1598 1542 1651 δὲ
1575 1599 1654 1661 εἰς
1695 1597 2000 1669 φανέρωσιν

421 1690 659 1752 διανοίας
687 1692 715 1744 ὁ
742 1689 976 1760 φθόγγος
1017 1692 1129 1744 ἐστὶ
1186 1690 1265 1762 τῷ
1307 1690 1625 1761 γράμματι·
1661 1690 1854 1759 ἐπίσης
1890 1690 1999 1762 γὰρ

422 1777 489 1831 δι’
520 1778 791 1849 ἑκατέρων
825 1780 883 1832 τὸ
915 1780 1105 1851 νοηθὲν
1143 1781 1558 1855 ἐξαγγέλλομεν.
1609 1782 1750 1852 Πρὸς
1796 1782 1845 1835 τί
1890 1782 2000 1835 τοί-

419 1886 519 1921 νυν
566 1870 708 1941 ὁρῶν
764 1871 899 1945 μόνῃ
945 1872 1245 1925 συνδιαλῦει
1288 1876 1355 1944 τῇ
1406 1876 1556 1945 φωνῇ
1590 1873 1688 1944 τὴν
1734 1873 1995 1937 ἐπίνοιαν,

2100 683 2312 753 νησίαν,
2341 699 2502 752 quam
2530 698 2595 736 ex
2620 680 3079 735 commentatione
3106 679 3289 748 eripit,
3319 676 3671 731 indissolubi-

2098 777 2202 831 lcm
2223 777 2449 831 ettixam
2482 782 2605 845 post
2628 774 2899 845 prolatum
2929 787 3236 828 sermonem
3270 771 3555 826 ostendere
3577 785 3672 839 po-

2100 868 2244 929 terit,
2272 882 2396 920 cum
2440 882 2536 935 per
2562 881 2759 920 sonum
2791 865 2957 919 dictio
2990 881 3053 919 ex
3080 880 3172 918 ore
3204 864 3410 932 prolata
3438 862 3491 915 in
3544 877 3671 915 aere

2101 975 2208 1013 non
2241 967 2577 1027 permaneat.
2603 956 2668 1011 Et
2698 956 2780 1012 sic
2815 956 3089 1010 dictorum
3125 957 3246 1025 ejus
3278 957 3587 1010 l'utilitatem
3617 962 3673 1008 et

2100 1045 2519 1099 instabilitatem
2542 1046 2669 1114 quis
2709 1046 3061 1111 intellexerit,
3084 1046 3211 1114 quia
3248 1046 3460 1100 etiamsi
3492 1055 3673 1098 Iacue—

2099 1139 2294 1200 rimus,
2341 1146 2527 1191 tamen
2586 1137 2754 1190 animi
2795 1138 3049 1193 notiones
3094 1136 3293 1191 litteris
3327 1136 3669 1198 mandamus,

2100 1243 2210 1282 non
2240 1237 2423 1282 tamen
2445 1243 2508 1283 ea
2544 1243 2665 1297 quae
2698 1242 2822 1282 vere
2847 1227 3159 1283 subsistunt
3183 1227 3349 1281 animi
3376 1241 3555 1291 sensa,
3576 1241 3674 1297 per

2100 1318 2310 1374 litteras
2346 1319 2801 1390 signiﬁcationem
2842 1318 3133 1389 accipient,
3174 1317 3321 1389 quod
3351 1326 3531 1372 autem
3572 1332 3672 1373 ne-

2100 1414 2219 1482 quit
2246 1412 2573 1475 subsistere,
2624 1410 2996 1466 declaratione
3043 1426 3165 1481 qua:
3215 1410 3274 1465 fit
3310 1426 3407 1480 per
3463 1410 3674 1465 litteras

2100 1503 2328 1558 carebit.
2386 1502 2661 1573 Quidquid
2710 1502 2854 1557 enim
2911 1502 2966 1557 in
3021 1510 3257 1558 mentem
3288 1501 3517 1564 venerit,
3558 1498 3673 1555 sivo

2099 1590 2461 1663 intelligentia
2492 1593 2784 1658 subsistat,
2811 1592 2925 1646 sive
2979 1592 3139 1647 aliter
3164 1608 3224 1647 se
3287 1591 3506 1656 habeat,
3549 1592 3673 1648 licet

2100 1699 2199 1753 pro
2251 1685 2377 1753 jure
2422 1697 2477 1739 et
2527 1684 2796 1738 arbitratu
2835 1684 3041 1760 litteris
3105 1684 3466 1739 committere.
3527 1685 3672 1738 Idem

2100 1784 2280 1830 autem
2311 1783 2395 1830 est
2424 1775 2494 1829 ad
2548 1774 2974 1829 declarationem
3042 1775 3261 1836 mentis,
3296 1790 3467 1829 sonus
3525 1776 3673 1846 quod

2098 1866 2335 1933 litterae;
2365 1882 2432 1921 ex
2465 1880 2621 1934 sequo
2655 1865 2798 1920 enim
2836 1880 2933 1935 per
2963 1874 3193 1935 utraque
3229 1866 3375 1936 quod
3412 1868 3595 1921 animo
3621 1878 3676 1921 et

426 1963 654 2023 συνιδεῖν
687 1964 787 2017 οὑκ
830 1963 957 2033 ἔχω.
1006 1965 1216 2028 Παντὸς
1246 1964 1354 2037 γὰρ
1394 1966 1555 2034 λόγου
1598 1965 1692 2019 τοῦ
1736 1966 1824 2020 διά
1854 1983 1993 2029 τινος

2102 1967 2282 2013 mente
2336 1966 2657 2028 conceptum
2718 1966 2825 2022 est,
2878 1959 3245 2014 enuntiamus.
3316 1958 3454 2025 Quid
3508 1958 3677 2029 igitur

424 2052 554 2122 ἤχου
583 2054 1008 2125 προφερομένου,
1042 2054 1136 2107 τοῦ
1172 2055 1270 2125 μὲν
1299 2055 1608 2126 πνεύματος
1640 2056 1733 2109 τοῦ
1757 2057 1856 2127 τὴν
1883 2073 1995 2124 φω-

424 2143 1091 2221 νηνίδιαπορθμεὺσαντος
1131 2147 1269 2217 πρὸς
1317 2147 1379 2199 τὸ
1424 2148 1702 2216 συγγενὲς,
1748 2150 1781 2218 ἠ
1829 2165 1996 2217 μετα-

425 2236 664 2303 χώρησις
692 2235 931 2302 γίνεταιο
983 2238 1011 2289 ὁ
1056 2235 1113 2288 δὲ
1157 2236 1265 2289 τῶν
1312 2235 1585 2306 ῥηθέντων
1624 2235 1748 2300 νοῦς
1782 2237 1869 2290 διὰ
1901 2238 1999 2309 τῆς

425 2326 590 2394 ἀκοῆς
619 2324 698 2396 τῷ
732 2326 1050 2398 μνημονικῷ
1080 2330 1179 2399 τῆς
1208 2326 1301 2380 τοῦ
1329 2326 1615 2392 ἀκούοντος
1634 2328 1808 2400 ψυχῆς
1836 2332 1999 2400 ἐγχα-

426 2415 704 2485 ράσσεται,
757 2418 865 2470 εἴτε
931 2416 1136 2489 ἀληθὴς
1201 2419 1308 2470 είτε
1364 2418 1755 2488 διεσφαλμὲνος
1824 2418 1996 2489 τύχοι.

425 2502 633 2556 Οὐκοῦν
661 2503 875 2575 ψυχρὰν
916 2505 1016 2575 τῆς
1045 2505 1287 2568 ἐπινοίας
1311 2507 1340 2559 ὁ
1368 2504 1703 2578 λογογράφος
1742 2509 1870 2583 ἡμῖν
1902 2508 2001 2578 τὴν

425 2591 716 2662 ἐρμηνείαν
742 2591 943 2663 ταύτην
972 2594 1337 2664 προτείνεται,
1369 2594 1435 2664 τῇ
1480 2593 1720 2647 διαλύσει
1747 2593 1847 2664 τῆς
1885 2612 1998 2662 φω-

428 2684 525 2750 νῆς
552 2683 969 2754 χαρακτηρίζων
999 2686 1094 2739 καὶ
1122 2668 1458 2756 ὁριζόμενος.
1494 2686 1604 2739 Καὶ
1628 2685 1816 2738 τούτου
1842 2686 2000 2761 χάριν

426 2779 455 2835 ὁ
499 2776 715 2837 συνετὸς
757 2776 1032 2849 ἀκροατὴς
1070 2777 1296 2842 ἐκεῖνος,
1343 2776 1521 2841 καθώς
1551 2794 1713 2849 φησιν
1752 2777 1998 2842 Ἡσαΐας,

427 2866 849 2937 παραγράφεται
898 2867 995 2937 μὲν
1039 2866 1135 2938 τὴν
1184 2869 1494 2939 ἀδιανόητον
1521 2870 1724 2941 ταύτην
1761 2869 1862 2938 τῆς
1884 2870 2003 2922 ἐπι-

425 2956 595 3022 νοίας
640 2955 1004 3025 φυσιολογίαν,
1054 2956 1221 3022 ὅντως
1263 2958 1514 3029 διαλυτὴν
1561 2960 1730 3030 αὑτὴν
1777 2960 1870 3013 καὶ
1915 2961 2003 3014 άνο

428 3046 727 3100 υπόστατον
761 3048 1046 3112 ἀποδείξας
1087 3049 1227 3103 κατά
1250 3049 1341 3102 τὸν
1382 3049 1570 3103 τούτου
1604 3050 1775 3122 λόγον.
1808 3051 2003 3121 Τεχνο-

425 3138 574 3205 λογεί
596 3138 652 3191 δὲ
686 3138 934 3209 περὶτῆς
984 3141 1305 3212 ἐγκειμένης
1334 3144 1399 3211 τῇ
1435 3142 1575 3205 λέξει
1602 3142 1882 3212 δυνάμεως
1915 3143 2002 3197 διὰ

427 3228 534 3284 τῶν
563 3229 854 3301 γνωρίμων
906 3230 1341 3301 ὑποδειγμάτων,
1378 3234 1443 3305 τῇ
1480 3232 1606 3303 περὶ
1640 3232 1747 3285 τῶν
1794 3232 2000 3302 δογμάο

2099 2065 2328 2106 cernens
2360 2049 2475 2104 sola
2508 2066 2632 2104 cum
2665 2065 2799 2104 voce
2852 2050 3020 2104 animi
3074 2050 3346 2106 notiOnem
3401 2050 3676 2120 dissolvit,

2099 2157 2207 2197 non
2236 2156 2460 2211 possum
2489 2140 2813 2211 intelligere.
2853 2140 3042 2198 Omnis
3073 2143 3219 2197 enim
3251 2144 3523 2197 sermonis
3581 2144 3671 2213 qni

2099 2232 2280 2302 aliquo
2306 2247 2440 2287 sono
2479 2233 2774 2301 profertur,
2815 2234 3041 2302 spiritus
3085 2234 3303 2303 quidem
3335 2235 3428 2305 qui
3484 2250 3672 2290 vocem

2102 2324 2421 2379 transmittit
2449 2324 2514 2378 ad
2537 2326 2590 2380 id
2616 2326 2763 2395 quod
2797 2325 2902 2381 sibi
2934 2336 3223 2395 cognatum
3251 2336 3354 2390 est,
3405 2327 3463 2380 fit
3494 2335 3675 2381 trans-

2100 2416 2390 2486 migratio;
2426 2415 2694 2470 dictorum
2724 2423 2903 2470 autem
2962 2421 3229 2471 sententia
3270 2425 3323 2471 et
3383 2434 3535 2473 mens
3569 2433 3668 2489 per

2102 2507 2344 2561 auditum
2402 2507 2456 2561 in
2512 2507 2783 2562 audientis
2838 2507 3099 2562 memoria
3158 2508 3510 2577 imprimitur,
3557 2510 3676 2565 sive

2098 2616 2251 2667 vera,
2283 2600 2398 2656 sive
2452 2598 2587 2655 falsa
2652 2600 2838 2655 fuerit.
2876 2601 3245 2666 Quamobrem
3305 2602 3407 2656 iste
3440 2603 3676 2673 scriptor

2101 2692 2262 2746 nobis
2290 2691 2428 2745 hanc
2459 2692 2939 2747 commcntationis
2988 2693 3239 2763 frigidam
3274 2694 3678 2764 interpretatio-

2102 2799 2226 2839 nem
2258 2783 2524 2849 obtendit,
2561 2784 2689 2838 dum
2718 2800 2838 2839 eam
2871 2785 3022 2841 vocis
3068 2786 3429 2842 dissolutione
3480 2788 3676 2858 ﬁgurat

2101 2883 2157 2930 et
2185 2876 2391 2932 deﬁnit.
2422 2878 2602 2946 Atque
2633 2878 2797 2947 hujus
2832 2879 3006 2949 gratia
3041 2878 3345 2949 intelligens
3376 2881 3467 2935 ille
3515 2880 3676 2934 audi-

2101 2976 2209 3033 tor,
2243 2969 2386 3025 sicut
2424 2971 2499 3023 ait
2538 2970 2743 3033 lsaias,
2793 2970 3200 3041 incogitabilem
3233 2972 3377 3027 hanc
3404 2971 3673 3039 ἐπινοίας,

2101 3061 2583 3126 commentationis,
2621 3061 3016 3132 physiologiam
3068 3062 3350 3133 expungit,
3401 3079 3530 3117 vere
3560 3063 3678 3118 dis-

2103 3153 2387 3209 solubilcm
2441 3163 2494 3208 et
2526 3168 2646 3223 quae
2680 3154 2983 3208 consistere
3020 3153 3247 3207 omnino
3302 3169 3412 3208 non
3472 3162 3673 3225 potest,

2102 3244 2487 3299 demonstrans
2516 3245 2815 3299 secundum
2855 3244 2978 3314 ejus
3002 3259 3334 3300 sermonem.
3366 3245 3693 3309 Artificiose_

427 3338 534 3374 των
572 3321 774 3392 θεωρία
804 3322 1149 3393 προδιῧάζων
1177 3323 1268 3376 τὸν
1295 3323 1472 3392 λόγον.
1514 3324 1656 3398 Πρὸς
1688 3323 1748 3377 ὃν
1788 3325 1817 3377 ό
1848 3324 1998 3377 Εὐνό-

2103 3349 2281 3393 autem
2309 3338 2377 3393 de
2402 3339 2453 3392 vi
2488 3338 2544 3392 in
2597 3339 2841 3393 dictione
2900 3340 3081 3408 posita
3137 3339 3378 3401 disserit,
3413 3340 3676 3411 exemplis

430 3429 575 3483 μιος,
620 3414 708 3470 διὰ
755 3416 853 3485 τῆς
903 3416 1105 3485 σεμνῆς
1148 3414 1351 3487 ταύτης
1396 3416 1761 3489 λογογραφίας
1806 3418 1996 3472 ἐαυτὸν

427 3504 790 3577 ἀντεπαίρων,
835 3505 1086 3560 ἀναλύειν
1135 3510 1404 3578 ἐπιχειρεῖ
1450 3509 1519 3561 τὰ
1562 3510 1689 3580 περὶ
1736 3509 1834 3581 τῆς
1884 3512 1998 3563 ἐπι-

428 3596 575 3662 νοίας
600 3598 999 3671 διηρθρωμένα,
1030 3599 1214 3653 τοῦτον
1240 3600 1328 3654 τὸν
1366 3601 1584 3672 τρόπον.

502 3886 752 3955 Ἄμεινον
784 3887 841 3939 δὲ
874 3888 1001 3952 ἴσως
1034 3890 1161 3960 πρὶν
1192 3889 1462 3964 διευθῦναι
1504 3891 1573 3945 τά
1603 3895 1994 3964 γεγραμμένα,

426 3995 519 4033 τον
537 3979 734 4032 σκοπὸν
763 3980 1031 4047 ἐξετάσαι,
1053 3983 1104 4036 τί
1127 3983 1443 4053 βουλόμενος
1470 3985 1768 4055 ἀποφεύγει
1793 3986 1853 4040 τὸ
1876 3989 1995 4041 κατ’

428 4072 668 4126 ἐπίνοιαν
700 4074 1043 4143 ἐπιλέγεσθαι
1094 4075 1172 4146 τῷ
1203 4076 1321 4147 Θεῷ
1350 4077 1412 4129 τὸ
1452 4077 1761 4149 ἀγέννητον.
1812 4077 1997 4147 Δόγμα

430 4162 605 4217 κοινὸν
650 4164 742 4216 ἐπὶ
777 4164 992 4219 πάντων
1033 4165 1142 4219 τῶν
1193 4167 1673 4238 παραδεδεγμένων
1719 4167 1809 4221 τὸν
1845 4166 1997 4237 λόγον

428 4255 527 4325 τῆς
575 4255 854 4319 εὐσεϐείας
893 4257 1200 4328 κεκράτηκε
1219 4301 1234 4324 ,
1285 4259 1345 4311 τὸ
1373 4261 1553 4313 πᾶσαν
1582 4261 1638 4311 ἐν
1666 4259 1743 4331 τῷ
1778 4257 1997 4329 Χριστῷ

428 4348 525 4417 τὴν
551 4348 737 4399 ἐλπίδα
760 4349 859 4419 τῆς
895 4350 1166 4421 σωτηρίας
1195 4350 1303 4403 δεῖν
1336 4349 1498 4419 ἔχειν.
1547 4350 1633 4413 Ὧς
1656 4350 1756 4404 οὑκ
1793 4349 1999 4420 ἐνδεχό-

432 4455 590 4508 μενον
615 4438 786 4503 ἄλλως
807 4441 863 4493 ἐν
884 4440 1107 4508 ἀγαθοῖς
1131 4440 1402 4509 γενέσθαι,
1430 4439 1503 4511 μὴ
1533 4440 1630 4510 τῆς
1658 4442 1734 4502 είς
1764 4438 1996 4510 Χριστὸν

430 4529 659 4592 πίστεως
694 4530 1071 4602 παρεχομένης
1099 4532 1159 4583 τὸ
1204 4532 1653 4601 σπουδαζόμενον.
1688 4531 1903 4601 Ταύτης
1938 4530 1997 4583 δὲ

429 4620 525 4689 τῆς
553 4620 787 4683 διανοίας
818 4620 1029 4689 παγίως
1052 4625 1171 4685 ταῖς
1196 4623 1391 4694 ψυχαῖς
1421 4623 1529 4676 τῶν
1556 4622 1996 4675 πεπιστευκότων

2103 3431 2249 3485 notis
2276 3447 2291 3495 ;
2320 3444 2383 3483 ac
2414 3444 2507 3498 per
2534 3428 2851 3497 dogmatum
2898 3429 3325 3498 speculationem
3368 3442 3673 3484 sermonem

2101 3519 2372 3589 producit.
2413 3519 2614 3572 Contra
2644 3535 2805 3587 quem
2838 3517 3157 3582 Eunomius,
3190 3534 3290 3589 per
3326 3521 3468 3573 hanc
3506 3534 3674 3573 vene-

2101 3611 2329 3667 randam
2359 3624 2671 3665 sermonum
2710 3610 3064 3678 scriptionem
3126 3610 3363 3678 seipsum
3419 3606 3671 3673 efferens,

2102 3720 2223 3773 qua:
2280 3703 2348 3756 de
2400 3701 2861 3756 commentatione
2905 3700 3142 3755 dilucide
3199 3708 3327 3757 sunt
3381 3700 3671 3770 explicata,

2101 3796 2404 3851 dissolvere
2432 3803 2664 3848 conatur
2692 3794 2757 3847 ad
2790 3795 2933 3846 hunc
2970 3792 3210 3846 modum.

2175 3888 2281 3943 Sed
2313 3894 2535 3957 prastat
2560 3885 2795 3939 fortasse
2816 3885 3132 3954 priusquam
3162 3898 3285 3953 quae
3312 3893 3443 3938 sunt
3466 3883 3672 3953 scripta

2102 3979 2170 4033 ad
2218 3993 2464 4033 normam
2518 3978 2829 4045 exigantur,
2892 3988 3118 4043 scopum
3173 3974 3511 4035 examinare,
3565 3989 3672 4043 qua

2102 4078 2283 4126 mente
2308 4070 2445 4139 fugit
2476 4068 2700 4138 ingeniti
2749 4082 2946 4122 nomen
2979 4065 3047 4120 de
3105 4064 3216 4119 Deo
3250 4064 3358 4120 dici
3407 4066 3529 4119 κατ’
3558 4065 3674 4118 ἐπί-

2100 4180 2270 4226 νοιαν,
2303 4162 2353 4216 id
2384 4170 2488 4227 est,
2517 4176 2581 4215 ex
2614 4161 2812 4214 mentis
2842 4158 3323 4213 commentatione.
3368 4156 3530 4213 Fides
3556 4157 3673 4212 hate

2102 4253 2410 4310 communis
2467 4253 2521 4307 in
2584 4251 2839 4306 omnibus
2898 4250 2990 4320 qui
3047 4250 3276 4305 verbum
3344 4262 3673 4319 acceperunt

2110 4346 2331 4417 pietatis
2360 4344 2665 4415 prtevaluit,
2698 4356 2915 4395 omnem
2948 4339 3141 4394 salutis
3171 4354 3321 4409 spem
3356 4339 3413 4393 in
3451 4338 3673 4395 Christo

2104 4434 2405 4489 habendam
2472 4447 2617 4487 esse.
2681 4429 2836 4496 Quod
2905 4445 3014 4483 non
3073 4428 3353 4498 contingat
3412 4428 3569 4483 aliter
3616 4430 3671 4484 in

2102 4527 2260 4582 bonis
2289 4540 2432 4591 esse,
2469 4523 2523 4579 id
2548 4532 2651 4585 est,
2684 4531 2939 4576 aeternam
2974 4519 3288 4575 felicitatem
3327 4519 3578 4591 adipisci,
3622 4521 3672 4578 si

2102 4617 2157 4672 in
2185 4617 2460 4673 Christum
2489 4615 2620 4670 fides
2649 4628 2754 4667 non
2788 4610 3019 4682 praibeat
3044 4609 3188 4680 quod
3212 4610 3504 4679 expetitur.
3532 4609 3669 4664 Cum

430 4712 842 4781 ἐρηρεισμένης,
882 4714 974 4766 καὶ
999 4713 1179 4784 πάσης
1204 4690 1367 4786 τιμῆς
1397 4731 1457 4766 τε
1488 4715 1583 4767 καὶ
1625 4713 1878 4785 λατρείας
1905 4713 1998 4766 καὶ

2103 4720 2282 4765 autem
2324 4710 2439 4763 haec
2477 4706 2745 4763 sententia
2802 4705 3027 4758 firmiter
3072 4702 3409 4757 credentium
3472 4702 3672 4757 animis

429 4801 584 4873 δόξης
604 4801 679 4872 τῷ
706 4806 980 4872 μονογενεί
998 4803 1114 4874 Θεῷ
1144 4806 1292 4875 παρά
1321 4807 1536 4859 πάντων
1560 4806 1634 4869 ὡς
1658 4804 1884 4877 ἀρχηγῷ
1903 4805 2002 4875 τῆς

430 4894 575 4966 ζωῆς
603 4897 985 4968 ἀνακειμένης,
1018 4898 1098 4967 τῷ
1128 4899 1365 4952 ποιοῦντι
1396 4898 1464 4952 τὰ
1486 4898 1576 4951 τοῦ
1600 4898 1812 4969 Πατρὸς
1843 4898 1999 4969 ἔργα,

431 4987 611 5050 καθὼς
645 4988 803 5051 αὑτὸς
833 4989 861 5040 ό
908 4987 1108 5059 Κύριος
1145 4992 1203 5041 ἐν
1233 4990 1311 5059 τῷ
1348 4988 1662 5060 Εὑαγγελίῳ
1709 4988 1876 5059 φησὶ,
1907 4990 2001 5042 καὶ

434 5078 699 5148 μηδεμιᾶς
748 5079 889 5133 κατὰ
936 5082 1112 5134 πᾶσαν
1172 5080 1373 5148 ἀγαθοῦ
1425 5082 1745 5153 πράγματος
1794 5080 2000 5134 ἔννοιαν

432 5168 729 5239 ὑπερϐολῆς
764 5170 1164 5240 ἐλαττουμένῳ,
1212 5172 1312 5224 οὑκ
1341 5168 1455 5224 οἶδα
1504 5171 1664 5224 πόθεν
1695 5186 2000 5243 παρακινηο

433 5254 611 5319 θέντες
642 5256 932 5329 δυσμενείᾳ
970 5260 1063 5312 καὶ
1093 5259 1269 5330 φθόνῳ
1305 5261 1402 5330 τῆς
1443 5259 1532 5312 τοῦ
1566 5260 1765 5328 Κυρίου
1796 5262 1958 5330 τιμῆς
1982 5298 1997 5321 ,

432 5346 679 5417 καθάπερ
727 5348 927 5419 ζημίαν
974 5352 1183 5414 ἑαυτοῖς
1234 5352 1508 5421 κρίνοντες
1564 5350 1659 5421 τὴν
1713 5352 2000 5421 γινομένην

428 5435 507 5506 τῷ
553 5443 826 5506 μονογενεί
865 5439 983 5510 Θεῷ
1029 5442 1177 5512 παρά
1205 5441 1312 5495 τῶν
1356 5430 1792 5494 πεπιστευκότων
1831 5458 1999 5513 προσ-

430 5526 675 5597 κύνησιν,
727 5532 1011 5603 ἀντεροῦσι
1062 5536 1182 5596 ταῖς
1232 5533 1401 5596 θείαις
1447 5536 1663 5603 τιμαῖς,
1727 5535 1822 5587 καὶ
1882 5534 1995 5586 πεί-

431 5617 542 5670 θειν
587 5620 975 5692 ἐπιχειροῦσιν,
1010 5624 1085 5688 ὡς
1127 5623 1276 5677 οὑδέν
1313 5624 1420 5677 τῶν
1467 5625 1594 5695 περὶ
1636 5623 1795 5677 αὑτοῦ
1845 5624 1994 5693 λεγοο

433 5712 608 5781 μένων
638 5712 849 5783 ἀληθῶς
880 5716 1113 5786 λέγεται.
1140 5717 1274 5772 Οὔτε
1305 5716 1412 5790 γάρ
1435 5718 1565 5782 Θεὸς
1603 5718 1704 5771 κΞιν
1732 5717 1996 5788 ὀνομάζη-

506 5907 527 5944 ⁴
557 5901 715 5962 Joan.
751 5917 805 5966 ι,
830 5899 916 5956 57.

2099 4803 2171 4859 sit
2223 4801 2417 4863 defixa,
2474 4807 2529 4854 et
2581 4799 2755 4853 honos
2817 4796 2996 4852 omnis
3051 4804 3105 4849 et
3158 4794 3340 4849 cultus
3390 4801 3445 4849 et
3490 4795 3665 4864 gloria

2100 4894 2379 4963 unigenito
2424 4892 2535 4948 Deo
2588 4902 2647 4946 ut
2700 4891 2824 4945 vitae
2858 4889 3091 4960 principi
3146 4888 3219 4944 sit
3262 4886 3523 4957 reposita,
3574 4886 3669 4955 qui

2098 4986 2275 5042 Patris
2308 4999 2473 5054 opera
2495 4991 2773 5054 operatur,
2807 4982 2949 5036 sicut
2977 4979 3094 5050 ipse
3120 4976 3385 5032 Dominus
3412 4976 3469 5031 in
3492 4974 3672 5030 Evan-

2097 5080 2238 5150 gelio
2282 5076 2419 5132 dicit
2442 5077 2483 5141 ‘,
2528 5075 2730 5146 quique
2776 5072 2925 5128 nulla
2969 5069 3266 5127 secundum
3321 5082 3536 5123 omnem
3592 5067 3671 5123 rei

2102 5171 2258 5226 bonae
2315 5168 2565 5224 notitiam
2615 5163 3001 5235 exsuperantia
3064 5160 3291 5217 inferior
3340 5168 3425 5213 est
3483 5156 3668 5224 Patre,

2099 5262 2286 5318 nescio
2314 5260 2459 5315 unde
2483 5257 2740 5313 commoti
2787 5254 2988 5310 infesto
3018 5254 3144 5308 odio
3176 5260 3231 5307 et
3260 5250 3465 5306 invidia
3496 5249 3671 5305 hono-

2098 5355 2176 5408 ris
2215 5351 2431 5406 Domini
2464 5359 2722 5419 tanquam
2757 5346 3018 5400 damnum
3052 5352 3106 5397 et
3146 5340 3535 5396 detrimentum
3565 5337 3668 5392 sibi

2100 5439 2234 5510 ipsis
2265 5438 2597 5508 judicantes,
2632 5450 2750 5490 eam
2773 5448 2894 5504 quae
2935 5432 3223 5488 exhibetur
3244 5426 3529 5500 unigenito
3560 5426 3672 5481 Deo

2101 5532 2170 5586 ab
2201 5530 2287 5586 his
2318 5529 2412 5601 qui
2435 5525 2788 5583 crediderunt
2834 5523 3231 5586 adorationem,
3289 5519 3411 5591 ejus
3469 5518 3672 5573 divinis

2102 5621 2402 5677 honoribus
2444 5619 2848 5682 contradicunt,
2901 5624 2957 5670 et
3002 5612 3331 5684 persuadere
3398 5617 3673 5667 conantur

2101 5715 2246 5785 quod
2282 5714 2415 5772 nihil
2449 5726 2637 5769 eorum
2678 5722 2801 5780 qua:
2825 5706 2893 5764 de
2923 5705 3044 5778 ipso
3085 5704 3369 5773 dicuntur,
3402 5718 3529 5759 vcrc
3580 5700 3670 5761 di-
