4142 6374
505 430 628 486 ’327

1762 434 1823 489 S.
1864 434 2189 492 GREGORH
2223 436 2516 494 NYSSENI

3651 447 3753 503 928

522 551 685 605 citur.
716 547 904 621 Neque
930 549 1101 617 enim,
1134 552 1351 608 tametsi
1410 550 1552 609 Deus
1605 555 2007 625 quodammodo
2064 573 2076 610 :

2197 563 2284 615 ταί
2313 579 2431 626 πως
2468 561 2571 615 ὑπὸ
2602 564 2700 635 τῆς
2726 562 2980 636 Γραφῆς,
3011 564 3261 635 ἀληθινός
3303 567 3412 619 ἐστι
3443 564 3593 629 Θεόςδ
3632 563 3750 618 οὔτε

522 642 806 713 Scriptura
842 646 1182 709 nominatur,
1219 661 1382 700 verus
1411 655 1495 702 est
1528 646 1707 715 Deus;
1737 663 1931 719 neque,
1966 651 2090 705 licet

516 730 691 789 Filius
719 734 958 801 dicatur,
996 751 1180 791 veram
1212 736 1393 803 habet,
1422 754 1543 807 qua:
1571 739 1671 795 hac
1734 742 2092 811 appellatione

519 826 848 888 declaratur,
883 839 1138 883 naturam
1169 846 1185 895 ;
1223 845 1400 899 neque
1430 832 1733 901 dignitatis,
1786 849 1961 905 neque
1993 852 2090 889 na-

522 922 659 970 tura:
701 917 801 985 ipsi
834 934 957 972 cum
988 918 1147 976 Patre
1181 928 1263 975 est
1294 920 1473 991 aliqua
1501 926 1885 991 communitas;
1918 941 2091 996 neque

521 1008 665 1060 enim
707 1007 818 1061 ﬁeri
852 1024 1034 1079 posse,
1062 1018 1119 1064 ut
1149 1012 1195 1065 ei
1233 1012 1326 1081 qui
1366 1014 1577 1081 genitus
1607 1022 1709 1077 est,
1741 1029 1864 1068 cum
1895 1031 1960 1070 eo
1996 1017 2089 1086 qui

518 1098 665 1162 fecit,
697 1114 793 1170 par
816 1101 994 1154 honor
1040 1102 1342 1156 secundum
1368 1103 1707 1173 dignitatem,
1761 1104 1850 1159 vel
1899 1113 2091 1177 poten-

514 1192 669 1255 tiam,
719 1193 801 1245 vel
856 1202 1107 1246 naturam
1160 1194 1322 1249 adsit.
1385 1192 1679 1264 Propterea
1739 1195 1887 1264 quod
1941 1195 2090 1251 Patri

513 1282 734 1351 quidem
786 1282 1064 1337 indeﬁnita
1127 1293 1212 1339 est
1272 1285 1414 1349 vita,
1455 1295 1620 1355 atque
1675 1302 1743 1341 ex
1786 1288 2091 1343 aeternitate

512 1373 853 1440 exsistentia,
894 1372 1033 1429 Filio
1057 1390 1187 1429 vero
1221 1377 1383 1430 modo
1410 1377 1645 1446 quodam
1666 1380 2087 1449 circumscripta

514 1470 600 1516 est
649 1463 781 1525 vita,
839 1464 967 1533 quia
1026 1479 1221 1532 nempe
1283 1466 1609 1535 principium
1651 1468 1805 1532 illud,
1864 1468 1916 1521 in
1980 1484 2088 1537 quo

514 1553 729 1625 genitus
756 1562 862 1620 est,
904 1555 1026 1608 vita:
1058 1554 1177 1624 ejus
1206 1571 1522 1625 proceSsum
1576 1558 1634 1611 in
1693 1558 1939 1613 anterius
1978 1568 2088 1613 ter-

514 1647 705 1709 minet,
760 1656 815 1701 et
871 1647 939 1701 ad
1005 1646 1183 1702 Patris
1242 1648 1601 1703 mternitatem
1663 1649 1826 1703 simul
1865 1650 2085 1705 extendi

511 1740 825 1811 prohibeat;
892 1740 966 1793 ita
1002 1749 1060 1793 ut
1098 1742 1262 1794 etiam
1300 1736 1427 1795 huic
1458 1742 1569 1795 vita
1635 1742 1950 1810 imperfecta
1987 1758 2086 1798 nec

510 1832 721 1904 integra
757 1830 931 1887 fuisse
957 1832 1323 1886 existimetur.
1355 1830 1421 1885 Et
1454 1830 1672 1886 Patrem
1706 1848 1813 1886 non
1864 1848 2083 1903 semper

2192 655 2319 717 Υἱὸς
2345 655 2632 726 λεγόμενος
2658 697 2671 721 ,
2704 656 3138 728 ἒπαληθεύουσαν
3168 658 3279 728 ἔχει
3316 660 3381 728 τῇ
3422 656 3755 729 προσηγορία

2187 745 2284 816 τὴν
2324 746 2505 814 φύσιν,
2534 745 2655 800 οὔτε
2687 748 2875 813 ἀξίας,
2920 747 3041 801 οὔτε
3077 750 3288 818 φύσεως
3325 748 3470 818 αὐτῷ
3503 750 3636 819 πρὸς
3665 750 3752 802 τὸν

2188 837 2405 907 Πατέρα
2430 837 2544 890 ὲστί
2568 854 2649 900 τις
2679 840 2945 892 κοινωνία.
2972 839 3120 910 Μηδὲ
3142 840 3248 910 γὰρ
3277 836 3411 893 εἶναι
3438 838 3655 892 δυνατὸν
3676 840 3753 910 τῷ

2188 930 2590 1001 γεγεννημένῳ,
2610 931 2746 999 πρὸς
2767 930 2857 983 τὸν
2880 934 3197 1000 ποιήσαντα,
3219 931 3279 984 τὸ
3303 930 3443 984 κατὰ
3460 932 3556 1002 τὴν
3577 930 3749 996 ἀξίαν,

2188 1020 2221 1091 ἢ
2250 1021 2347 1091 τὴν
2379 1021 2626 1090 δύναμιν,
2650 1020 2681 1091 ἢ
2712 1020 2807 1091 τὴν
2831 1020 2991 1090 φύσιν
3017 1023 3278 1093 ὑπάρχειν
3307 1024 3581 1093 ὁμότιμον.
3611 1025 3750 1077 Διότι

2186 1111 2263 1180 τῷ
2295 1111 2410 1179 μὲν,
2455 1110 2701 1180 ἀόριστος
2733 1112 2766 1179 ἡ
2814 1110 2945 1181 ζωὴ,
2994 1111 3088 1164 καὶ
3126 1112 3184 1175 ἐξ
3217 1113 3385 1165 ἀϊδίου
3425 1114 3457 1184 ή
3501 1112 3749 1185 ὕπαρξις·

2182 1202 2262 1273 τῷ
2304 1200 2361 1252 δὲ
2389 1200 2523 1271 Υίῷ,
2573 1200 2772 1271 τρόπον
2799 1199 2918 1254 τινά
2956 1202 3391 1272 περιγέγραπται
3429 1204 3461 1272 ἡ
3496 1203 3629 1274 ζωὴ,
3654 1204 3750 1273 τῆς

2187 1291 2361 1361 ἀρχῆς
2401 1290 2520 1344 καθ’
2564 1291 2631 1361 ἥν
2667 1291 2855 1358 γέγονε
2890 1292 3227 1361 περατούσης
3269 1292 3361 1342 ἐπὶ
3401 1290 3460 1342 τὸ
3510 1291 3621 1343 ἀνω
3651 1291 3748 1360 τῆς

2187 1381 2330 1451 ζωῆς
2360 1382 2458 1452 τὴν
2487 1382 2728 1453 πρόοδον,
2757 1382 2848 1434 καὶ
2873 1385 2938 1452 τῇ
2962 1380 3054 1434 τοῦ
3086 1383 3293 1452 Πατρὺς
3321 1382 3579 1451 ἀῖδιότητι
3616 1400 3751 1453 συμ-

2188 1473 2602 1543 παρατείνεσθαι
2628 1472 2961 1544 κωλυούσηςο
3004 1473 3141 1526 ὥστε
3169 1473 3260 1527 καὶ
3287 1473 3458 1543 τούτῳ
3480 1474 3576 1544 τὴν
3606 1471 3749 1543 ζωὴν

2187 1566 2376 1637 ἐλλιπῆ
2399 1565 2744 1636 νομίζεσθαι·
2777 1566 2868 1617 καὶ
2889 1566 2979 1617 τὸν
3000 1564 3217 1634 Πατέρα
3240 1566 3312 1634 μὴ
3334 1565 3419 1617 ἀεὶ
3449 1562 3586 1617 εἶναι
3614 1566 3749 1634 ὅπερ

2185 1659 2279 1713 νῦν
2309 1658 2423 1710 ὲστί
2465 1675 2521 1710 τε
2555 1658 2648 1709 καὶ
2681 1658 2925 1726 λέγεται,
2975 1657 3089 1709 ἀλλ’
3124 1656 3306 1728 ἔτερόν
3345 1659 3458 1707 ἐστι
3489 1657 3749 1726 πρότερον

2184 1752 2344 1811 ὄντα,
2374 1750 2511 1820 μετά
2554 1749 2728 1802 ταῦτα
2777 1747 3161 1818 βουλεύσασθαι
3205 1748 3451 1815 γενέσθαι
3498 1748 3746 1818 Πατέρα,

2188 1842 2383 1912 μᾶλλον
2413 1841 2466 1893 δὲ
2487 1882 2501 1905 ,
2535 1841 2654 1910 οὐχὶ
2699 1840 2756 1892 δὲ
2796 1840 3085 1907 γενέσθαι,
3124 1838 3257 1891 ἀλλά
3290 1839 3568 1909 κληθῆναι.
3601 1837 3749 1907 Μηδὲ

510 1923 683 1978 fuisse
717 1921 861 1992 quod
899 1936 1047 1976 nunc
1105 1928 1191 1976 est
1239 1929 1296 1976 et
1349 1920 1574 1985 dicitur,
1620 1923 1715 1977 sed
1770 1922 1906 1977 alter
1954 1939 2076 1977 cum

2186 1934 2291 2003 γὰρ
2323 1932 2451 1985 Υἱοῦ
2488 1931 2627 1984 κατὰ
2658 1930 2912 2001 ἀλήθειαν
2941 1929 3305 2000 ὀνομασθῆναι
3334 1930 3573 1995 Πατέρα,
3616 1928 3749 1982 ἀλλά

509 2014 662 2085 prius
688 2022 854 2079 esset,
880 2022 1073 2083 postea
1102 2013 1439 2068 deliberasse
1468 2023 1527 2067 ut
1556 2012 1717 2068 Pater
1748 2013 1919 2081 ﬁeret,
1966 2014 2079 2068 imo

507 2124 637 2164 vero
668 2123 777 2163 non
809 2116 868 2163 ut
900 2108 1071 2173 ﬁeret,
1102 2107 1195 2162 sed
1225 2114 1286 2160 ut
1326 2113 1640 2160 vocaretur.
1696 2102 1885 2174 Neque
1931 2104 2077 2159 enim

506 2198 629 2255 Filii
664 2199 826 2254 Pater
853 2198 1155 2254 secundum
1179 2198 1466 2252 veritatem
1498 2196 1815 2250 nominatus
1845 2203 1950 2259 est,
1981 2196 2078 2253 sed

504 2299 779 2347 creatura:
808 2307 1005 2346 nomen
1035 2291 1089 2343 in
1118 2289 1242 2343 Filii
1277 2289 1701 2359 appellationem
1736 2288 2076 2359 suppositum

504 2396 613 2440 est.
646 2382 882 2439 Omnino
940 2382 1085 2438 enim
1149 2382 1324 2445 aiunt,
1376 2380 1523 2451 quod
1559 2381 1834 2451 posterius
1872 2387 1956 2435 est
2011 2380 2078 2434 ab

505 2475 821 2545 antiquiore
843 2518 859 2543 ,
886 2484 938 2529 et
968 2473 1113 2544 quod
1145 2473 1425 2529 deﬁnitum
1463 2480 1546 2528 est
1584 2472 1652 2526 ab
1677 2481 1904 2534 mterno,
1931 2471 2078 2541 quod

500 2568 805 2622 secundum
838 2566 1171 2621 voluntatem
1199 2564 1320 2633 ejus
1350 2564 1441 2634 qui
1492 2563 1623 2619 fecit
1669 2566 1907 2633 genitum
1965 2571 2076 2625 est,

498 2655 574 2710 ab
605 2656 723 2725 ipso
746 2655 840 2725 qui
875 2654 1003 2710 fecit
1035 2665 1089 2710 et
1123 2664 1411 2723 potestate,
1446 2662 1501 2707 et
1550 2653 1833 2724 dignitate,
1886 2662 1940 2709 et
1971 2670 2071 2707 na-

500 2755 625 2802 tura
652 2748 1033 2817 prmeipuoque
1056 2748 1179 2816 jure
1210 2746 1499 2815 temporis,
1553 2746 1917 2815 omnibusque
1952 2746 2076 2799 aliis

504 2838 729 2893 honoris
766 2837 1144 2908 praerogativis
1201 2836 1515 2892 necessario
1576 2837 1850 2906 superari.
1892 2838 1937 2891 A
1969 2851 2078 2906 quo

500 2937 684 2985 autem
716 2928 863 2998 quod
900 2929 1202 3000 perfectum
1238 2938 1325 2984 est
1358 2929 1415 2984 in
1468 2930 1831 2985 diviniuribus
1860 2931 2076 3000 Opinio-

504 3020 667 3075 nibuz
695 3020 871 3084 abest,
894 3036 1005 3091 quo
1034 3020 1158 3091 quis
1194 3020 1355 3075 modo
1376 3022 1480 3077 hoc
1505 3023 1618 3077 veri
1647 3022 1740 3077 Dei
1776 3022 2076 3079 honoribus

498 3111 624 3182 jure
672 3126 737 3165 ac
801 3113 997 3167 merito
1033 3113 1378 3167 excoluerit?
1432 3112 1525 3168 Sic
1568 3129 1631 3169 ex
1675 3115 1760 3169 his
1821 3115 1891 3169 ab
1941 3117 2076 3185 ipsis

505 3203 870 3274 praestruitur,
896 3201 1093 3258 Filium
1120 3204 1338 3274 quidem
1380 3205 1757 3275 imperfectum
1784 3215 2072 3275 potestate,

503 3297 826 3352 destitutum
872 3296 993 3349 vitm
1055 3294 1411 3365 perfectione,
1472 3299 1681 3366 potenti
1736 3285 2142 3367 subjectum,C

500 3388 641 3442 nihil
675 3402 705 3441 a
741 3389 923 3455 seipse
958 3387 1267 3450 facientem,
1307 3395 1671 3457 prtelerquam
1704 3389 1749 3443 si
1781 3390 1913 3458 quid
1942 3406 2072 3444 san-

498 3481 649 3534 citur
715 3480 1050 3535 dominantis
1110 3480 1376 3549 imperio;
1429 3480 1575 3535 hunc
1632 3481 1685 3534 in
1742 3482 1892 3536 nullo
1954 3498 2075 3538 esse

498 3573 713 3627 honore
748 3571 857 3627 Deo
912 3570 1115 3625 decoro
1175 3580 1229 3625 et
1283 3572 1688 3627 existimatione
1744 3571 1855 3627 Deo
1910 3572 2074 3645 digna

494 3662 744 3727 credere,
778 3662 872 3717 sed
903 3660 1070 3715 Deum
1097 3662 1319 3732 quidem
1352 3662 1653 3729 nominare,
1705 3666 1854 3718 onmi
1888 3674 2071 3721 tamen

502 3763 792 3833 magniﬁca
867 3761 1091 3817 notione
1144 3777 1379 3816 vacuum
1436 3776 1634 3816 nomen
1695 3763 2070 3818 circumferre.

498 3855 677 3923 Atque
702 3854 767 3907 ad
803 3853 919 3907 haec
970 3853 1051 3908 sic
1078 3853 1244 3917 dicta,
1282 3853 1401 3908 sine
1457 3855 1729 3906 rationum
1787 3857 2075 3911 momentis

491 3954 552 4002 et
607 3946 945 4015 amplexibus
975 3946 1042 3999 ad
1080 3946 1216 3999 iram
1267 3944 1670 4014 quodammodo
1711 3948 1958 4008 exacuit,
2020 3955 2075 4000 et

490 4033 801 4089 auditorem
838 4033 1137 4103 peregrinae
1176 4040 1231 4087 et
1273 4034 1508 4089 insolita:
1543 4036 1620 4088 rei
1672 4035 1912 4090 novitate
1945 4036 2074 4088 hor-

494 4142 621 4182 rere
645 4124 795 4181 facit.
831 4124 968 4191 Quis
998 4126 1146 4179 enim
1176 4126 1484 4194 improbum
1516 4126 1893 4180 consiliarium
1920 4142 2073 4183 acce-

497 4219 659 4287 perit,
701 4215 847 4271 nude
900 4223 954 4269 et
1014 4215 1280 4283 imparate
1350 4215 1693 4270 eversionem
1766 4217 2069 4286 majestatis

493 4307 704 4362 Christi
729 4305 1159 4362 consulentem?
1184 4312 1472 4373 propterea
1514 4305 1788 4361 illecebris
1834 4316 1886 4361 et
1920 4308 2071 4364 leno-

492 4399 659 4454 ciniis
683 4396 1011 4468 quibusdam
1047 4395 1497 4465 persuasibilibus
1520 4404 1574 4450 et
1604 4394 1832 4451 fallaciis
1870 4398 2071 4468 impro-

496 4488 597 4544 bas
629 4487 898 4543 orationis
942 4485 1174 4540 insidias
1214 4484 1688 4554 circumtegentes,
1729 4489 1972 4542 externis
2005 4504 2070 4543 ac

2179 2026 2474 2090 κτίσματος
2499 2024 2578 2085 εἰς
2620 2021 2749 2074 Υἱοῦ
2785 2022 2973 2092 κλῆσιν
3002 2020 3409 2089 ὑποϐληθέντος.
3438 2019 3658 2078 Πάντως
3674 2016 3751 2078 δὲ,

2181 2112 2410 2183 φασὶ,τὸ
2446 2114 2919 2183 μεταγενέστερον,
2969 2112 3063 2166 τοῦ
3109 2112 3508 2183 πρεσϐυτέρου,
3559 2111 3649 2163 καὶ
3686 2109 3751 2162 τὸ

2178 2203 2479 2274 ὡρισμένον
2510 2203 2603 2255 τοῦ
2632 2202 2822 2266 ἀϊδίου,
2863 2204 2954 2256 καὶ
2980 2203 3041 2256 τὸ
3071 2202 3211 2256 κατά
3241 2201 3488 2273 βούλησιν
3523 2200 3616 2252 τοῦ
3650 2217 3748 2253 πε-

2180 2295 2465 2365 ποιηκότος
2489 2293 2902 2364 γεγεννημένον,
2948 2292 3109 2345 αὐτὸν
3140 2291 3231 2345 τοῦ
3262 2291 3614 2361 πεποιηκότος
3653 2290 3748 2342 δυ-

2178 2385 2337 2456 νάμει
2379 2402 2436 2437 τε
2467 2385 2560 2437 καὶ
2594 2384 2751 2454 ἀξίᾳ,
2798 2384 2892 2437 καὶ
2935 2383 3133 2453 φύσει,
3172 2383 3265 2436 καὶ
3305 2386 3417 2445 τοῖς
3454 2384 3515 2434 ἐκ
3559 2381 3745 2451 χρόνου

2179 2474 2506 2547 πρεσϐείοις,
2536 2477 2628 2527 καὶ
2658 2475 2825 2528 ἀπασι
2850 2477 2961 2539 τοῖς
2995 2476 3192 2545 τιμίοις
3220 2475 3280 2538 ἐξ
3307 2474 3552 2541 ἀνάγκης
3582 2472 3747 2537 ἠλάτ-

2176 2586 2364 2621 τωται.
2393 2560 2468 2621 Οὗ
2497 2567 2554 2620 δὲ
2580 2567 2639 2620 τὸ
2667 2568 2871 2620 τέλειον
2901 2570 2959 2620 ὲν
2989 2568 3106 2629 ταῖς
3139 2564 3437 2634 θειοτέραις
3473 2563 3578 2616 τῶν
3612 2562 3743 2612 ὐπο-

2177 2660 2387 2731 λήψεων
2411 2661 2605 2716 ἄπεστι
2627 2700 2642 2723 ,
2674 2659 2789 2722 πῶς
2825 2659 2890 2713 ἄν
2917 2676 3001 2722 τις
3026 2657 3183 2711 τοῦτο
3230 2658 3349 2719 ταῖς
3389 2653 3482 2708 τοῦ
3518 2652 3747 2721 ἀληθοῦς

2178 2751 2310 2804 Θεοῦ
2343 2754 2530 2822 τιμαῖς
2572 2749 2807 2818 εὐλόγως
2846 2747 3264 2817 ἀποσεμνύνειεν
3291 2763 3305 2810 ;
3353 2746 3438 2809 Ὡς
3467 2746 3531 2797 ἐκ
3558 2742 3744 2797 τούτου

2178 2842 2679 2905 κατασκευάζεσθαι
2708 2841 2838 2911 παρ’
2858 2839 3036 2893 αὐτῶν
3059 2839 3151 2890 τὸν
3174 2838 3335 2907 ἀτελῆ
3367 2837 3465 2907 μὲν
3491 2837 3629 2889 κατά
3646 2836 3746 2905 τὴν

2175 2934 2434 3005 δύναμιν,
2466 2932 2656 3001 ἐλλιπῆ
2698 2930 2753 2984 δὲ
2782 2929 2924 2983 κατά
2968 2930 3066 2998 τὴν
3108 2930 3205 2998 τῆς
3232 2927 3376 2995 ζωῆς
3418 2926 3743 2995 τελειότητα,

2176 3023 2483 3097 ὑποχείριον
2509 3023 2566 3075 δὲ
2584 3021 2663 3092 τῷ
2684 3019 3078 3097 δυναστειξωτι,
3101 3017 3356 3072 ποιοῦντα
3384 3016 3439 3069 δὲ
3465 3016 3627 3086 μηδὲν
3653 3015 3746 3084 ἀφ’

2176 3115 2391 3179 ἑαυτοῦ,
2423 3115 2563 3188 πλὴν
2604 3116 2657 3166 εί
2686 3131 2737 3166 τι
2768 3112 3135 3183 νομοθετεῖται
3180 3108 3257 3179 τῷ
3293 3107 3387 3161 τοῦ
3424 3107 3746 3178 κρατοῦντος

2177 3207 2572 3278 προστάγματι⁸
2600 3202 2787 3256 τοῦτον
2814 3204 2871 3254 ὲν
2915 3200 3150 3270 μηδεμιᾷ
3196 3199 3487 3268 θεοπρεπεῖ
3526 3199 3657 3267 τιμῇ
3687 3212 3747 3248 τε

2174 3296 2266 3348 καὶ
2304 3293 2563 3364 ὑπολήψει
2591 3290 2865 3344 πιστεύειν
2908 3285 3063 3341 εἶναι·
3102 3285 3236 3340 ἀλλά
3264 3285 3394 3337 Θεὸν
3430 3283 3527 3354 μὲν
3554 3282 3747 3352 όνομά·

2175 3388 2307 3452 ζειν,
2351 3385 2505 3439 κενὸν
2545 3384 2603 3437 δὲ
2650 3384 2828 3452 πάσης
2871 3375 3321 3449 μεγαλοπρεποῦς
3352 3373 3555 3437 ἐννοίας
3592 3390 3747 3443 περι-

2177 3480 2363 3550 φέρειν
2390 3478 2451 3531 τὸ
2474 3477 2665 3547 ὄνομα.
2707 3476 2815 3527 Καὶ
2841 3474 2933 3525 ἐπὶ
2962 3470 3132 3524 ταῦτα
3159 3468 3303 3521 οὕτω
3334 3467 3598 3536 λεγόμενα
3626 3466 3745 3535 δίχα

2175 3571 2268 3640 τῆς
2284 3567 2391 3620 τῶν
2409 3566 2681 3636 λογισμῶν
2705 3564 2993 3634 περιϐολῆς
3014 3559 3303 3632 παροξύνει
3331 3576 3442 3621 πως
3462 3560 3539 3620 είς
3558 3558 3746 3627 ὀργὴν,

2175 3663 2269 3716 καὶ
2295 3660 2535 3731 φρίττειν
2565 3660 2706 3712 ποιεῖ
2724 3657 2801 3725 τῷ
2827 3654 3059 3725 ξενισμῷ
3080 3654 3169 3707 τὸν
3200 3652 3484 3706 ἀκούοντα.
3516 3651 3610 3714 Τίς
3638 3651 3746 3720 γὰρ

2173 3753 2384 3822 δέχεται
2406 3749 2639 3819 πονηρὸν
2661 3747 2723 3800 σύ
2733 3747 2979 3818 μϐουλον,
3003 3764 3069 3813 γυ
3078 3744 3221 3815 μνῶς
3242 3745 3337 3795 καὶ
3361 3740 3745 3802 ἀκατασκεύως

2174 3845 2272 3915 τὴν
2298 3843 2611 3913 καθαίρεσιν
2642 3840 2741 3910 τῆς
2772 3838 3184 3909 μεγαλειότητος
3209 3835 3302 3889 τοῦ
3342 3834 3576 3906 Χριστοῦ
3612 3850 3745 3902 συμ-

2175 3935 2527 3999 ϐουλεύοντα;
2554 3934 2651 3987 Διά
2677 3933 2833 3985 τοῦτο
2863 3931 3218 4002 παραγωγαῖς
3242 3946 3352 3980 τισι
3383 3926 3631 3987 πιθαναῖς
3652 3927 3745 3977 καὶ

2174 4027 2407 4088 ἀπάταις
2437 4024 2534 4095 τὴν
2576 4022 2815 4093 πονηρὰν
2845 4021 3045 4091 ταύτην
3086 4019 3302 4090 ἐνέδραν
3328 4018 3421 4071 τοῦ
3462 4018 3619 4084 λόγου
3647 4032 3746 4067 πε-

2175 4118 2595 4190 ρικαλύψαντες,
2628 4118 2747 4178 ταῖς
2790 4113 2984 4177 ἔξωθεν
3023 4113 3283 4174 ἐπινοίαις
3326 4112 3450 4172 τοὺς
3489 4109 3745 4178 ἀνοήτως

2176 4210 2283 4262 τῶν
2309 4207 2591 4279 ἀκροατῶν
2631 4206 3087 4277 παρακρούονται.
3136 4203 3216 4256 Τά
3254 4202 3361 4272 γὰρ
3402 4200 3536 4255 ἀλλα
3575 4215 3743 4251 κατα-

2177 4303 2539 4364 σκευάσαντες
2589 4300 2657 4353 δι’
2705 4292 2778 4351 ὧν
2821 4298 2886 4351 ἀν
3009 4294 3231 4349 δυνατὸν
3279 4294 3598 4361 αὐτομάτως
3650 4291 3742 4341 ἐπὶ

2175 4396 2348 4449 ταῦτα
2377 4393 2747 4462 καταπρῆναι
2773 4389 2871 4459 τὴν
2906 4387 3014 4440 τῶν
3047 4385 3349 4440 ἀκουόντων
3380 4384 3635 4444 διάνοιαν,
3664 4378 3743 4448 τῷ

2176 4489 2415 4559 ἀκροατῇ
2446 4485 2507 4538 τὸ
2537 4484 2707 4554 πέρας
2738 4482 2835 4552 τῆς
2868 4480 3247 4550 καταστροφῆς
3274 4474 3705 4529 καταλείπουσιν.

496 4580 741 4653 profanis
792 4576 1345 4633 commentationibus
1395 4577 1674 4631 dementes
1730 4578 2012 4637 auditores
2042 4583 2280 4652 maligne
2310 4578 2589 4647 decipiunt
2647 4582 2701 4629 et
2734 4573 3106 4628 ludiﬁcantur.
3139 4571 3274 4624 Aliis
3309 4570 3451 4623 enim
3492 4572 3734 4635 praestru

490 4677 599 4732 ctis
627 4675 825 4747 quibus
852 4681 1047 4742 sponte
1084 4671 1152 4725 ad
1192 4672 1305 4726 haec
1334 4670 1575 4741 pertrahi
1610 4673 1785 4741 possit
1832 4675 2171 4731 audientium
2247 4673 2641 4745 intelligentia,
2704 4669 3114 4724 conclusionem
3175 4663 3569 4731 catastrophes,
3628 4658 3743 4713 sive

491 4781 796 4828 extremum
834 4768 1032 4822 fabula:
1057 4776 1238 4820 aetum
1264 4764 1502 4819 auditori
1533 4766 1872 4835 relinquunt.

560 4867 696 4922 Nam
732 4879 857 4921 cum
890 4864 1147 4919 dixerunt
1182 4875 1290 4915 non
1343 4874 1465 4914 esse
1510 4858 1761 4914 eumdem
1823 4863 2063 4917 essentia

2241 4860 2497 4922 Εἰπόντες
2523 4858 2629 4927 γάρ
2659 4856 2733 4927 μὴ
2762 4851 2899 4907 εἶναι
2939 4852 3103 4906 ταύτὸ
3130 4848 3269 4903 κατά
3301 4846 3399 4917 τὴν
3437 4846 3622 4901 οὐσίαν
3650 4846 3741 4899 τὸν

490 4961 825 5033 unigenitum
862 4956 1028 5011 Deum
1059 4970 1182 5009 cum
1213 4968 1341 5007 vero
1392 4951 1568 5014 Patre,
1602 4962 1656 5007 et
1689 4952 1791 5007 hoc
1826 4958 2068 5023 captiose

486 5064 543 5109 et
572 5051 835 5106 fallaciter
860 5048 1274 5105 concluserunt,
1306 5059 1401 5114 per
1456 5043 1679 5113 ingeniti
1725 5060 1850 5099 cum
1886 5048 2067 5115 genito

486 5141 887 5214 oppositionem
925 5155 941 5190 :
970 5136 1117 5207 quod
1142 5151 1208 5189 ex
1242 5136 1344 5188 hoc
1378 5135 1627 5205 sequitur
1660 5143 1907 5191 tacentes
1929 5152 2065 5190 con-

486 5239 695 5300 ﬁciunt,
731 5234 873 5287 ultro
905 5246 1000 5301 per
1035 5228 1439 5298 consequentia:
1482 5228 1748 5283 rationem
1788 5229 2066 5298 impietate

486 5322 916 5402 praevalenteEt
936 5319 1391 5393 quemadmodum
1416 5319 1690 5373 veneﬁcus
1715 5317 1874 5373 letale
1902 5336 2066 5374 vene-

484 5436 616 5476 num
649 5425 869 5487 sumptu
895 5413 1053 5468 facile
1072 5410 1203 5466 facit
1242 5409 1291 5465 ei
1317 5425 1474 5479 quem
1532 5408 1799 5464 insidiose
1826 5410 1942 5464 vult
1968 5426 2063 5463 ne-

484 5528 634 5575 care,
671 5510 830 5565 melle
884 5506 1110 5562 exitium
1160 5502 1423 5557 edulcans
1457 5519 1471 5555 :
1513 5511 1675 5570 atque
1704 5501 1793 5556 hic
1840 5501 2059 5570 quidem

485 5606 660 5662 solum
689 5602 869 5663 dedit;
932 5595 1061 5650 illud
1113 5601 1291 5647 autem
1346 5593 1399 5645 in
1450 5592 1752 5647 visceribus
1816 5592 2057 5657 mistum,

484 5693 697 5752 etiamsi
727 5691 860 5745 nihil
884 5687 1029 5742 aliud
1054 5692 1176 5756 agat
1204 5682 1499 5745 veneﬁcus,
1557 5698 1748 5737 necem
1798 5690 2057 5749 operatur

487 5796 542 5842 et
566 5783 844 5839 interitum
888 5797 903 5834 :
939 5776 1197 5849 quiddam
1245 5775 1422 5830 simile
1456 5773 1524 5827 ab
1577 5773 1662 5828 his
1715 5772 2055 5839 conﬁcitur;

488 5875 698 5938 festivis
720 5873 863 5931 enim
891 5870 1227 5945 argutiarum
1259 5874 1313 5923 et
1343 5866 1653 5936 captionum
1684 5865 2057 5923 invitamentis

2177 4950 2437 5023 μονογενῆ
2469 4949 2600 5001 Θεὸν
2628 4945 2705 5017 τῷ
2740 4943 2929 5015 ἀληθεῖ
2956 4943 3148 5012 Πατρὶ,
3187 4940 3282 4995 καὶ
3308 4938 3466 4991 τοῦτο
3504 4954 3742 5004 σοφιστι-

2174 5042 2285 5105 κῶς
2333 5040 2774 5110 ωμπεράναντες
2803 5035 2889 5089 διὰ
2924 5035 3024 5104 τῆς
3056 5032 3148 5085 τοῦ
3178 5032 3469 5100 ἀγεννήτου
3515 5027 3650 5098 πρὸς
3678 5028 3741 5079 τὸ

2174 5132 2427 5203 γεννητὸν
2452 5129 2795 5190 ἀντιθέσεως,
2823 5125 2884 5179 τὸ
2912 5126 3019 5179 ἀπὸ
3037 5124 3226 5178 τούτου
3254 5120 3560 5201 σιωπῶντες
3586 5120 3743 5189 ἔργά-

2174 5226 2374 5291 ζονται,
2419 5220 2737 5291 αὐτομάτως
2779 5218 2866 5271 διὰ
2895 5215 2987 5270 τοῦ
3032 5214 3323 5269 ἀκολούθου
3364 5213 3462 5282 τῆς
3489 5210 3743 5273 ἀσεϐείας

2169 5313 2595 5387 κρατυνομένης.
2648 5312 2758 5364 Καὶ
2798 5309 2984 5379 ὥσπερ
3012 5307 3081 5360 τὸ
3118 5306 3441 5376 δηλητήριον
3465 5306 3492 5357 ὁ
3522 5319 3741 5373 φαρμα-

2167 5410 2296 5470 κεὺς
2320 5406 2719 5477 εὑπαράδεκτον
2754 5404 2895 5455 ποιεῖ
2930 5400 3007 5472 τῷ
3036 5397 3517 5466 ἐπιϐουλευομένῳ,
3565 5393 3741 5464 μέλιτι

2165 5497 2577 5567 καταγλυκάνας
2608 5496 2697 5549 τὸν
2735 5494 2974 5564 δλεθρονο
3012 5491 3105 5544 καὶ
3146 5493 3173 5543 ὁ
3215 5490 3311 5560 μὲν
3352 5488 3515 5540 ἔδωκε
3558 5485 3735 5554 μόνον·

2161 5592 2223 5644 τὸ
2254 5591 2310 5643 δὲ
2338 5588 2735 5658 ὲγκαταμιχθὲν
2757 5588 2869 5647 τοῖς
2901 5584 3219 5653 σπλάχνοις,
3256 5580 3407 5632 οὐδὲν
3438 5578 3517 5629 ἔτι
3560 5589 3738 5645 πραγ-

2164 5679 2525 5751 ματευομένου
2573 5678 2663 5730 τοῦ
2700 5675 3053 5746 φαρμακέως,
3083 5673 3182 5740 τὴν
3228 5668 3434 5739 φθορὰν
3467 5666 3739 5735 κατεργά-

2163 5771 2334 5836 ζεται·
2368 5770 2552 5841 ὅμοιόν
2598 5786 2652 5821 τι
2682 5767 2776 5820 καὶ
2806 5763 2956 5835 παρά
2999 5762 3197 5815 τούτων
3220 5760 3447 5828 γίνεται.
3480 5757 3607 5819 Ταῖς
3630 5754 3739 5824 γὰρ

2164 5839 2451 5933 κομψείαις
2473 5858 2581 5914 τῶν
2612 5856 2959 5929 σοφισμάτων
2984 5853 3047 5907 τὸ
3079 5852 3398 5923 φθοροποιὸν
3421 5848 3596 5917 δόγμα
3626 5839 3740 5901 οἶόν
