4142 6374
410 320 514 377 929

1502 316 1786 375 CONTRA
1824 312 2219 383 EUNOMIUM,
2260 314 2391 371 LIB.
2432 314 2552 371 ΧΠ.

3546 305 3660 365 93.

408 456 514 493 τινι
561 437 733 510 μέλιτι
776 438 1261 510 καταχρὼσαντες,
1316 439 1535 494 ἐπειδὰν
1587 440 1818 512 ὲγχέωσι
1875 439 1975 511 τὴν

2078 438 2271 508 dogma
2327 440 2687 502 mortiferum,
2718 436 2864 492 velut
2914 424 3075 492 melle
3129 435 3367 507 quodam
3423 435 3653 505 illitum.

405 533 622 603 ἀπάτην
642 534 705 601 τῇ
732 530 876 603 ψυχῇ
896 531 989 585 τοῦ
1011 532 1316 597 ἀκούοντος,
1340 533 1438 604 τὴν
1469 534 1597 604 περὶ
1621 534 1715 586 τοῦ
1741 533 1815 605 μὴ
1841 530 1980 587 εἶναι

406 622 537 676 Θεὸν
574 621 823 691 ἀληθινὸν
869 621 959 676 τὸν
990 624 1273 695 Μονογενῆ
1319 624 1451 678 Θεὸν
1476 640 1488 651 ·
1538 625 1606 677 τά
1632 624 1765 679 ἄλλα
1804 626 1982 678 πάντα

406 712 579 781 τούτῳ
624 713 717 764 καὶ¹
763 713 1075 778 σιωπῶντες
1123 716 1675 786 συγκατειργάσαντο.
1726 716 1816 788 Τῷ
1871 718 1981 788 γὰρ

408 802 695 872 πεισθῆναι
722 802 794 875 μὴ
822 805 1034 875 άληθῶς
1057 802 1195 860 εἶναι
1227 808 1354 861 Θεὸν
1381 809 1728 862 ἐπακολουθεῖ
1754 810 1816 863 τὸ
1846 810 1980 879 μηδὲ

410 894 536 946 ἄλλο
578 910 631 947 τι
667 895 774 948 τῶν
825 895 1141 968 θεοπρεπῶς
1190 900 1315 970 περὶ
1366 898 1527 952 αὐτοῦ
1569 899 1873 969 λεγομένων
1922 900 1981 951 ἐν

408 985 633 1058 ἀληθείᾳ
673 987 944 1055 λέγεσθαι.
994 989 1055 1043 Ei
1088 991 1197 1061 γὰρ
1241 990 1363 1044 οὗτε
1401 991 1557 1057 Υἱὸς,
1600 991 1721 1045 οὔτε
1753 992 1884 1054 Θεδς
1922 990 1981 1056 ἐξ

408 1076 700 1147 ἀληθείας,
744 1080 855 1131 ἀλλ’
907 1082 969 1133 ἐκ
1028 1082 1415 1151 καταχρήσεως
1448 1081 1651 1135 τούτων
1696 1083 1976 1153 ἑκάτερον,

409 1170 622 1230 πάντως
667 1171 749 1223 ὅτι
798 1173 890 1223 καὶ
931 1172 1001 1225 τά
1037 1174 1197 1226 λοιπά
1236 1174 1345 1228 τῶν
1383 1175 1681 1245 ὀνομάτων,
1713 1169 1794 1237 οἷς
1830 1175 1979 1243 παρά

407 1260 505 1330 τῆς
544 1260 693 1323 θείας
730 1262 949 1333 Γραφῆς
996 1264 1345 1335 ὀνομάζεται,
1374 1267 1471 1338 τῆς
1500 1266 1757 1337 ἀληθείας
1802 1266 1978 1336 κεχώ-

411 1368 608 1421 ρισται.
644 1353 718 1405 Οὺ
749 1353 855 1423 γάρ
884 1353 946 1424 δη
978 1354 1037 1407 τὸ
1082 1355 1176 1425 μὲν
1218 1356 1430 1425 ἀληθῶς
1472 1358 1556 1409 ἐπ’
1608 1357 1771 1410 αὑτοῦ
1809 1359 1978 1429 ῥηθή-

408 1452 580 1506 σεται,
614 1444 672 1495 τὸ
700 1444 754 1496 δὲ
796 1446 1084 1516 ἀμοιρήσει
1117 1447 1216 1516 τῆς
1242 1447 1514 1518 ἀληθείας.
1569 1448 1728 1501 ’Δλλά
1762 1450 1978 1512 πάντως

406 1534 652 1605 ἀλληλοις
700 1536 1049 1606 ἀκολουθήσει
1092 1539 1287 1591 πάντα·
1327 1539 1465 1591 ὥστε
1516 1540 1565 1591 εί
1614 1541 1712 1610 μὲν
1765 1540 1977 1610 ἀληθῶς

407 1628 491 1696 εἴη
544 1626 694 1688 Θεὸς,
752 1627 845 1679 καὶ
887 1628 1099 1698 κριτὴν,
1156 1630 1249 1681 καὶ
1298 1629 1556 1699 βασιλέα,
1600 1632 1693 1683 καὶ
1742 1632 1810 1683 τὰ
1856 1632 1975 1685 καθ’

406 1717 635 1770 ἕκαστον
680 1717 787 1770 τῶν
838 1717 1141 1789 λεγομένων
1166 1716 1304 1773 εἶναι
1334 1720 1409 1784 ὼς
1460 1721 1695 1791 λέγεται.
1742 1723 1805 1775 El
1844 1722 1901 1776 δὲ
1941 1726 1974 1796 ή

2082 544 2204 585 cum
2237 532 2288 586 in
2311 533 2584 588 audientis
2614 531 2856 586 animum
2893 530 2960 585 ad
2993 531 3287 587 fallendum
3323 532 3650 601 infuderint,

2081 637 2275 692 nempe
2318 622 2662 694 Unigenitum
2708 622 2875 677 Deum
2911 634 3019 677 non
3070 639 3193 678 esse
3215 639 3402 679 verum
3436 627 3605 684 Deum
3635 648 3650 684 :

2082 729 2177 785 per
2202 715 2303 770 hoc
2326 718 2431 770 alia
2453 716 2635 770 omnia
2665 716 2812 769 taciti
2830 715 3149 769 conﬁciunt.
3186 716 3325 769 Nam
3344 734 3465 772 cum
3486 723 3656 776 semel

2082 806 2328 875 persuasi
2366 805 2585 867 fuerint,
2619 821 2727 860 non
2757 821 2886 859 vere
2920 804 3085 859 Deum
3137 821 3279 872 esse,
3313 806 3441 863 hinc
3463 824 3655 864 conse—

2082 898 2289 966 quitur,
2323 913 2501 966 neque
2526 896 2671 951 aliud
2728 895 3025 966 quidquam
3058 911 3246 950 eorum
3274 914 3395 967 quae
3437 898 3504 955 de
3534 902 3655 970 ipso

2082 987 2191 1042 Deo
2220 987 2417 1043 decore
2432 989 2715 1051 dicuntur,
2746 989 2799 1041 in
2824 991 3055 1043 veritate
3081 988 3209 1043 dici.
3237 988 3291 1043 Si
3313 990 3455 1044 enim
3477 1008 3658 1061 neque

2079 1078 2271 1143 Filius,
2297 1097 2470 1152 neque
2502 1081 2646 1136 Deus
2670 1097 2736 1135 ex
2763 1081 3014 1145 veritate,
3048 1082 3141 1137 sed
3174 1098 3239 1136 ex
3259 1082 3432 1137 abusu
3458 1084 3655 1139 horum

2082 1183 2388 1241 utrumque,
2415 1173 2636 1225 omnino
2670 1171 2876 1241 reliqua
2912 1173 3151 1237 nomina,
3183 1174 3384 1243 quibus
3412 1188 3443 1226 a
3467 1172 3653 1227 divina

2082 1260 2368 1332 Scriptura
2396 1262 2729 1324 nominatur,
2765 1275 2794 1313 a
2828 1262 3052 1315 veritate
3074 1271 3323 1331 separata
3359 1269 3506 1317 sunt.
3532 1260 3654 1316 Non

2078 1372 2209 1411 sane
2237 1354 2364 1409 illud
2396 1354 2611 1424 quidem
2667 1355 2723 1408 in
2768 1370 2833 1409 eo
2862 1371 2989 1410 vere
3026 1355 3269 1417 dicetur,
3323 1355 3427 1410 hoc
3471 1364 3656 1410 autem

2077 1450 2305 1503 veritate
2335 1447 2561 1511 carebit,
2593 1446 2684 1501 sed
2712 1447 2869 1517 plane
2886 1448 3067 1500 omnia
3088 1462 3208 1502 sese
3226 1455 3652 1516 consequentur.

2078 1536 2261 1603 Quare
2292 1538 2434 1591 Deus
2468 1537 2513 1590 si
2547 1535 2637 1589 hic
2660 1551 2784 1590 vere
2823 1534 3420 1603 fuerit,etjudicem,et
3446 1551 3653 1604 regem,

2077 1638 2130 1681 et
2184 1642 2305 1697 qua:
2348 1626 2415 1681 de
2458 1629 2577 1696 ipso
2633 1625 2847 1695 singula
2882 1623 3160 1691 dicuntur,
3193 1624 3335 1678 sicut
3374 1623 3655 1688 dicuntur,

2080 1732 2202 1771 csse
2251 1717 2621 1772 necessarium
2663 1724 2767 1771 est.
2800 1714 2956 1780 Quod
3008 1715 3055 1769 si
3094 1715 3267 1769 deitas
3298 1714 3437 1770 falso
3480 1715 3547 1770 de
3590 1731 3658 1769 eo

408 1808 594 1877 θεότης
631 1784 1068 1879 ψεύδοιτο,μηδὲ
1099 1809 1226 1863 ἄλλο
1262 1827 1314 1863 τι
1358 1812 1464 1864 τῶν
1497 1784 1624 1883 περὶ
1654 1813 1816 1865 αὑτοῦ
1851 1784 1978 1885 ἀληί

2084 1808 2464 1869 aﬁirmaretur,
2502 1823 2677 1877 neque
2722 1808 2869 1861 aliud
2896 1808 3192 1877 quidquam
3221 1823 3408 1861 eorum
3442 1824 3560 1877 qua:
3587 1808 3658 1861 de

408 1898 572 1952 θεύει.
601 1898 935 1953 Πεισθὲντων
955 1900 1127 1954 τοίνυν
1150 1902 1256 1955 τῶν
1280 1904 1644 1973 ἠπατημένων
1671 1906 1747 1976 τῷ
1774 1906 1981 1976 ψευδώ-

407 2008 573 2061 νυμον
620 1992 710 2044 ὲπὶ
753 1991 844 2044 τοῦ
888 1993 1223 2061 Μονογενοῦς
1265 1990 1402 2047 εἷναι
1444 1996 1541 2067 τὴν
1595 1998 1692 2069 τῆς
1732 1998 1983 2070 θεότητος

407 2082 617 2151 κλῆσιψ
644 2082 705 2134 τὸ
730 2082 862 2152 μηδὲ
890 2082 1191 2152 λατρεύειν,
1224 2086 1358 2155 μηδὲ
1387 2087 1658 2151 σέϐεσθαι,
1692 2090 1826 2161 μηδὲ
1847 2091 1983 2154 ὅλως

406 2172 503 2243 τὴν
547 2172 664 2244 Θεῷ
692 2175 1140 2246 χρεωστουμὲνην
1182 2177 1475 2247 ἀπονέμειν
1518 2180 1705 2251 τιμὴν,
1747 2196 1984 2248 συγκατ-

408 2263 753 2318 εσκεύασται.
786 2265 904 2318 ’Ὶνα
944 2266 1120 2318 τοίνυν
1150 2268 1377 2338 ἐνεργὴς
1402 2270 1582 2333 αὐτοῖς
1624 2272 1656 2341 ή
1708 2271 1849 2325 κατὰ
1887 2273 1979 2326 τοῦ

407 2356 657 2428 Σωτῆρος
694 2359 1031 2429 ἐπιχείρησις
1076 2358 1340 2430 γένηται,
1382 2361 1586 2432 ταύτην
1626 2362 1846 2435 εὕροντο
1880 2365 1981 2435 τῆς

410 2445 756 2516 βλασφημίας
788 2446 887 2518 τὴν
919 2447 1165 2517 μέθοδονσ
1192 2449 1622 2520 Συμϐουλεύουσι
1654 2453 1728 2525 μὴ
1752 2455 1861 2507 δεῖν
1884 2456 1981 2527 τὴν

409 2536 467 2588 ὲν
507 2538 619 2597 τοῖς
650 2535 828 2599 ἄλλοις
864 2537 1086 2607 ὀνόμασι
1114 2540 1394 2594 κοινωνίαν
1429 2543 1766 2606 ἐπισκοπεῖν.
1812 2545 1877 2598 δι’
1906 2539 1980 2600 ὧν

406 2623 468 2675 τὸ
493 2625 756 2694 ὁμότιμον
777 2629 875 2697 τῆς
904 2626 1060 2692 ἀξίας
1080 2628 1173 2682 τοῦ
1200 2629 1331 2683 Υίοῦ
1359 2632 1493 2702 πρὸς
1520 2634 1611 2686 τὸν
1634 2635 1847 2707 Πατέρα
1869 2636 1981 2689 δια-

409 2717 745 2786 σημαίνεται,
766 2719 879 2772 ἀλλ’
906 2721 969 2773 ὲκ
996 2721 1094 2791 τῆς
1115 2720 1205 2774 τοῦ
1231 2723 1521 2794 άγεννήτου
1547 2727 1682 2797 πρὸς
1710 2727 1768 2781 τὸ
1794 2743 1983 2798 γεννη-

406 2806 497 2859 τὸν
539 2806 858 2873 ἀντιθέσεως
906 2810 967 2863 τὸ
1000 2811 1448 2883 παρηλλαγμένον
1479 2815 1577 2885 τῆς
1616 2816 1828 2885 φύσεως
1857 2818 1981 2871 συλ-

405 2896 730 2965 λογίζεσθαι·
756 2899 911 2953 τοῦτο
936 2901 1041 2973 γάρ
1067 2900 1203 2957 εἶναι
1227 2904 1324 2975 τὴν
1350 2904 1499 2958 θείαν
1523 2908 1850 2980 φύσιν,δπερ
1884 2927 1981 2981 ση-

410 2988 589 3057 μαίνει
632 2989 691 3043 τὸ
738 2991 837 3061 τῆς
874 2994 1200 3063 ἀγεννησίας
1223 2996 1411 3067 ὄνομα.
1446 2994 1581 3053 Εἶτα
1608 3001 1826 3054 πάντων
1870 3001 1979 3054 τῶν

406 3079 708 3151 ἀνθρώπων
736 3081 844 3135 τῶν
882 3099 945 3151 γε
986 3083 1109 3137 νοῦν
1138 3086 1366 3156 ἐχόντων
1398 3088 1677 3160 ἀμήχανον
1714 3089 1851 3146 εἶναι
1891 3092 1977 3146 λο-

406 3172 707 3243 γιζομένων
739 3174 966 3245 δυνάμει
989 3177 1096 3231 ’τινὶ⁵
1121 3180 1377 3250 ῥημάτων
1397 3181 1494 3252 τὴν
1517 3183 1791 3254 ἄφραστον
1817 3186 1974 3254 φύσιν

408 3261 817 3335 ὲξαγγελθῆναι,
859 3265 982 3320 οὔτε
1009 3270 1108 3339 τῆς
1132 3270 1387 3337 γνώσεως
1411 3272 1569 3344 ἡμῶν
1602 3274 1856 3329 τοσοῦτον
1888 3278 1972 3330 sx-

407 3355 741 3426 τεινομένης,
778 3356 852 3420 ὡς
890 3359 969 3421 είς
999 3358 1068 3412 τά
1108 3360 1503 3431 ὑπερεπέκεινα
1534 3364 1643 3417 τῶν
1677 3382 1977 3434 γιγνωσκο-

412 3446 587 3517 μένων
631 3447 871 3516 φθάνειν,
911 3448 1033 3503 οὕτε
1063 3452 1161 3520 τῆς
1196 3452 1303 3505 τῶν
1328 3452 1499 3521 λόγων
1530 3455 1830 3526 ὑπηρεσίας
1862 3476 1977 3510 τοσ-

407 3540 576 3611 αύτην
614 3542 843 3612 δύναμιν
893 3545 951 3596 ὲν
994 3545 1123 3615 ἡμῖν
1167 3546 1613 3618 κεκληρωμένης,
1664 3549 1740 3613 ὡς
1787 3551 1975 3621 ἱκανὴν

406 3628 625 3686 εἶναιτὸ
653 3635 839 3703 νοηθὲν
876 3635 1202 3705 ἐξαγγεῖλαι,
1243 3640 1398 3710 εῐπερ
1434 3658 1487 3693 τι
1524 3641 1659 3704 ὅλως
1686 3642 1885 3712 ὑψηλόν
1914 3660 1975 3697 τε

406 3726 503 3780 καὶ
534 3726 675 3780 θεῖον
712 3728 805 3780 ἐπὶ
843 3728 966 3780 νοῦν
1002 3728 1163 3782 ἔλθοι.
1201 3730 1368 3784 Πάλιν
1396 3732 1446 3784 οἱ
1477 3734 1629 3803 σοφοὶ
1652 3730 1797 3788 οὗτοι
1839 3736 1975 3788 πολ-

407 3817 505 3889 λὴν
530 3818 853 3891 ἁϐελτηρίαν
876 3820 967 3872 καὶ
998 3821 1094 3890 τῆς
1122 3821 1344 3891 λογικῆς
1378 3824 1692 3895 ἐπιστήμης
1721 3827 1977 3898 ἀπειρίαν

408 3910 515 3962 τῶν
541 3909 748 3962 πολλῶν
772 3912 1292 3982 καταψηφιζόμενοι,
1317 3914 1470 3967 αὐτοί
1502 3932 1560 3967 τε
1582 3916 1777 3969 εἰδέναι
1799 3917 1979 3970 διαδε-

410 3995 685 4050 6αιοῦνται
719 3997 943 4069 ταύτην,
975 4000 1068 4052 καὶ
1101 3996 1181 4063 οἷς
1212 4000 1277 4054 ἂν
1312 4002 1534 4056 ἐθέλωσι
1578 4004 1838 4060 δύνασθαι
1878 4008 1978 4079 τὴν

409 4089 537 4159 περὶ
566 4088 766 4142 τούτων
794 4091 1089 4161 ἐμποιῆσαι
1112 4093 1336 4161 γνῶσιν,
1358 4096 1452 4148 καὶ
1471 4096 1559 4151 διὰ
1580 4097 1737 4151 τοῦτο
1761 4099 1977 4168 λέγουσι

414 4179 577 4250 μηδὲν
596 4178 779 4251 ἕτερον
799 4176 1053 4254 εἶναιτὴν
1083 4182 1229 4236 θείαν
1248 4184 1427 4252 φύσιν,
1463 4187 1603 4258 πλὴν
1625 4188 1722 4259 τὴν
1746 4190 1977 4261 ἀγεννη-

412 4270 533 4324 σίαν
553 4272 737 4342 αὐτήνο
761 4272 851 4325 καὶ
875 4272 1076 4344 ταύτην
1104 4275 1443 4347 κυριωτάτην
1459 4278 1553 4330 καὶ
1580 4279 1865 4352 ἀνωτάτην
1886 4281 1979 4334 καὶ

409 4363 664 4418 ἀνωτάτω
688 4367 1197 4437 προσαγορεύοντες,
1218 4368 1360 4420 ἆπαν
1374 4367 1434 4421 τὸ
1460 4369 1742 4439 μεγαλεῖον
1757 4372 1853 4442 τῆς
1865 4372 1979 4427 θεό-

2083 1901 2201 1969 ipso
2246 1900 2522 1963 dicuntur,
2577 1916 2701 1955 vere
2740 1902 3136 1953 enuntiarelur.
3173 1898 3458 1954 Persuasis
3492 1899 3658 1968 igitur

2085 1992 2194 2047 illis
2222 1994 2315 2062 qui
2356 1992 2566 2062 decepti
2617 1992 2859 2055 fuerunt,
2888 2002 2942 2044 et
2971 1993 3025 2045 in
3057 1990 3299 2044 fraudem
3330 1990 3560 2052 inducti,
3600 1990 3655 2044 in

2085 2082 2374 2153 Unigenito
2398 2083 2616 2138 deitatis
2643 2084 3052 2153 appellationem
3078 2082 3478 2137 falsiuominem
3510 2097 3656 2142 esse.

2082 2177 2345 2230 continuo
2373 2191 2546 2243 neque
2579 2191 2701 2229 eum
2736 2174 3021 2229 colendum
3056 2188 3200 2238 esse,
3223 2181 3275 2226 et
3306 2173 3393 2242 pie
3426 2172 3660 2225 adoran-

2083 2267 2234 2329 dum,
2263 2282 2438 2336 neque
2470 2266 2518 2321 ei
2556 2266 2797 2321 debitum
2850 2265 2959 2321 Deo
2996 2265 3255 2319 honorem
3304 2264 3653 2319 tribuendum

2081 2371 2224 2419 esse,
2255 2357 2419 2411 simul
2452 2364 2833 2426 praestructum
2857 2364 2941 2411 est
2968 2374 2981 2410 :
3015 2364 3076 2409 ut
3105 2355 3270 2426 igitur
3298 2354 3485 2409 eﬁicax
3510 2367 3657 2409 esset

2082 2456 2273 2503 contra
2301 2450 2633 2503 Salvatorem
2661 2457 2889 2504 conatus
2916 2454 2971 2503 et
3004 2449 3300 2519 aggressio,
3342 2448 3481 2501 hanc
3512 2448 3657 2501 viam

2080 2546 2135 2594 et
2170 2539 2436 2594 rationem
2466 2540 2842 2608 excogitarnnl
2864 2558 2873 2591 :
2897 2536 3014 2591 Non
3045 2546 3300 2607 Oportere
3335 2539 3653 2602 consulunt,

2081 2647 2201 2701 qua:
2231 2642 2313 2687 est
2352 2633 2404 2685 in
2441 2631 2755 2685 nominibus
2796 2630 3238 2684 communionem
3273 2630 3659 2694 considerare,

2080 2725 2280 2793 quibus
2304 2738 2400 2793 par
2429 2724 2606 2779 honor
2653 2722 2933 2792 dignitatis
2966 2720 3086 2776 Filii
3127 2738 3249 2776 cum
3289 2721 3450 2777 Patre
3482 2722 3655 2793 signi-

2084 2818 2306 2882 ﬁcatur;
2338 2815 2431 2870 sed
2453 2831 2519 2870 ex
2548 2814 2769 2886 ingeniti
2802 2828 2924 2868 cum
2960 2814 3146 2884 genito
3163 2814 3522 2884 oppositione,
3555 2829 3657 2868 na-

2079 2916 2215 2963 tura:
2245 2908 2606 2963 diﬁ‘erentiam
2625 2915 2680 2961 et
2708 2906 3004 2962 discrimen
3043 2906 3465 2961 ratiocinatione
3499 2906 3657 2959 colli-

2081 3011 2243 3066 gere:
2270 2996 2371 3049 hoc
2391 2997 2532 3050 enim
2566 3011 2687 3051 esse
2708 2996 2947 3050 divinam
2976 3004 3229 3050 naturam
3272 2997 3419 3065 quod
3452 3012 3656 3050 nomen

2035 3134 2049 3154 ,
2084 3086 2404 3157 ἁγεννησίας
2457 3085 2749 3155 signiﬁcat.
2785 3084 2987 3140 Deinde
3019 3100 3143 3139 cum
3184 3100 3374 3140 omnes
3409 3085 3657 3141 homines

2084 3185 2261 3233 mente
2302 3177 2510 3247 praediti
2566 3177 2678 3232 ﬁeri
2732 3194 2842 3232 non
2885 3192 3046 3246 posse
3068 3177 3403 3242 existiment,
3430 3185 3490 3231 ut
3542 3179 3652 3232 ulla

2076 3271 2366 3325 verborum
2423 3278 2691 3340 potestate
2753 3269 3039 3325 ineﬁ‘abilis
3070 3281 3265 3324 natura
3315 3271 3653 3335 enuntietur,

2076 3377 2200 3415 cum
2227 3362 2385 3416 etiam
2404 3376 2577 3431 neque
2600 3369 2788 3416 nostra
2818 3362 3057 3431 cognitio
3079 3370 3289 3416 tantum
3304 3363 3652 3427 extendatur,

2076 3462 2135 3507 ut
2166 3454 2231 3507 ad
2276 3455 2364 3506 illa
2398 3469 2517 3521 qua:
2545 3460 2807 3523 superant
2839 3456 3022 3507 omnia
3075 3469 3196 3523 quae
3225 3465 3651 3524 cOgnoscuntur,

2076 3546 2357 3615 pervenire
2387 3546 2577 3615 possit,
2603 3562 2776 3614 neque
2800 3562 3115 3601 sermonum
3141 3548 3501 3601 ministerium
3530 3557 3651 3601 tan-

2077 3644 2186 3690 tam
2220 3636 2273 3690 in
2302 3637 2458 3691 nobis
2495 3647 2814 3706 potestatem
2852 3639 3103 3691 sortitum
3144 3649 3246 3699 est.
3272 3648 3330 3692 ut
3370 3639 3504 3693 satis
3530 3654 3657 3694 esse

2076 3738 2236 3797 queat
2258 3728 2324 3781 ad
2356 3728 2407 3781 id
2424 3728 2567 3798 quod
2586 3738 2764 3783 mente
2780 3731 3084 3800 concipitur
3104 3731 3460 3796 eﬁ'ereudum,
3483 3732 3661 3801 siqui-

2076 3819 2197 3873 dem
2249 3821 2467 3887 penitus
2528 3821 2784 3889 quiddam
2849 3823 3127 3875 excelsum
3182 3828 3236 3875 ct
3298 3823 3539 3877 divinum
3596 3824 3655 3877 in

2076 3917 2311 3963 mentem
2342 3909 2565 3963 venerit.
2593 3908 2804 3963 Rursus
2829 3910 2919 3963 isti
2964 3910 3235 3977 sapientes
3270 3926 3477 3980 magnae
3504 3914 3652 3967 iner-

2077 4000 2167 4054 tiae
2195 4008 2247 4055 et
2269 4000 2669 4069 disceptatricis
2691 4001 2933 4055 scientiae
2959 4001 3242 4071 imperitiae
3270 4004 3469 4058 multos
3492 4019 3660 4058 accu-

2078 4096 2285 4153 santes,
2336 4089 2440 4159 ipsi
2473 4104 2532 4143 se
2562 4089 2703 4143 hanc
2758 4091 2901 4144 scire
2944 4092 3297 4153 conﬁrmant,
3364 4101 3417 4145 et
3450 4093 3659 4163 quibus

2077 4180 2246 4234 velint
2287 4181 2601 4249 proﬁtentur
2628 4198 2685 4235 se
2703 4196 2861 4250 posse
2884 4182 2951 4236 de
2992 4183 3076 4237 his
3112 4184 3477 4252 cognitionem
3505 4185 3653 4239 inse-

2076 4288 2217 4327 rere.
2248 4274 2424 4344 Atque
2459 4274 2665 4328 idcirco
2685 4275 2873 4327 dicunt
2904 4276 3038 4329 nihil
3070 4275 3217 4329 aliud
3250 4292 3373 4332 esse
3406 4276 3652 4332 divinam

2078 4374 2328 4418 naturam
2368 4381 2529 4435 quam
2564 4366 2735 4436 ipsam
2770 4348 3118 4438 ἁγεννησίαν,
3163 4378 3217 4421 et
3257 4369 3397 4423 hanc
3450 4369 3661 4439 princi-

408 4473 571 4528 τητος
603 4459 667 4527 τῇ
690 4459 836 4528 φωνῇ
867 4458 1037 4529 ταύτῃ
1066 4458 1560 4527 ἐγκατακλείουσιν·
1591 4462 1667 4524 ὡς
1698 4464 1762 4516 ὲκ
1786 4464 1974 4518 τούτου

2082 4457 2410 4526 palissimam
2428 4465 2483 4511 et
2515 4472 2843 4527 supremam,
2872 4459 2991 4513 etin
3016 4474 3233 4514 summo
3253 4460 3424 4530 gradu
3457 4460 3659 4531 prmdi-

410 4549 932 4614 κατασκευάζεσθαιο
966 4553 1013 4603 εἰ
1036 4552 1068 4621 ἡ
1094 4551 1382 4621 ἁγεννησία
1418 4553 1478 4605 τὸ
1502 4552 1837 4623 κυριώτατον
1879 4558 1977 4628 τῆς

409 4640 593 4705 οὐσίας
627 4643 763 4705 ἐστὶ,
800 4642 894 4695 καὶ
921 4641 990 4693 τά
1015 4642 1175 4697 λοιπά
1214 4644 1321 4696 τῶν
1365 4644 1679 4717 θεοπρεπῶν
1700 4649 1979 4719 ὀνομάτων

380 4731 578 4803 ’ταύτῃ
605 4735 953 4804 συνήρτηται.
982 4734 1014 4803 ἡ
1043 4733 1251 4805 θεότης,
1278 4737 1310 4805 ή
1344 4735 1587 4807 δύναμις,
1625 4739 1658 4807 ἡ
1680 4738 1975 4810 άφθαρσία,

409 4823 504 4876 καὶ
541 4824 607 4877 τὰ
643 4823 777 4878 ἄλλα
815 4826 1005 4879 πάντα.
1046 4825 1109 4878 Ei
1138 4823 1230 4880 οὖν
1255 4827 1426 4881 ταῦτα
1457 4829 1548 4881 καὶ
1581 4829 1651 4882 τὰ
1688 4830 1910 4884 τοιαῦτα
1942 4834 1977 4901 ἡ

410 4918 704 4989 ἀγεννησία
741 4920 883 4983 ἐστὶ,
922 4918 1137 4982 πάντως
1177 4923 1223 4973 εἰ
1260 4920 1418 4973 τοῦτο
1454 4921 1529 4992 μὴ
1570 4922 1819 4990 λέγεται,
1858 4924 1980 4977 οὐδὲ

410 5010 594 5064 ἐκεῖνα
619 5012 784 5065 ἐστίν.
816 5013 904 5075 Ὠς
939 5013 1047 5084 γάρ
1072 5013 1129 5065 τὸ
1158 5012 1393 5080 λογικὸν,
1418 5015 1511 5067 καὶ
1543 5014 1605 5067 τὸ
1637 5015 1977 5083 γελαστικὸν,

409 5103 582 5155 καὶτὸ
604 5105 911 5174 ἐπιστήμης
935 5104 1201 5168 δεκτικὸν,
1221 5105 1351 5159 ἴδιον
1374 5104 1469 5158 τοῦ
1500 5105 1785 5176 ἀνθρώπου
1808 5108 1975 5162 ἐστίν·

410 5195 459 5246 εί
502 5193 559 5246 δέ
599 5210 651 5247 τι
686 5195 758 5265 μή
798 5197 943 5249 ἐστιν
987 5195 1300 5267 ἄνθρωπος,
1344 5197 1461 5249 οὐδὲ
1496 5199 1556 5249 ὲν
1583 5200 1695 5261 τοῖς
1732 5198 1980 5269 ίδιώμασι

410 5287 627 5347 πάντως
662 5288 815 5343 ἔσται
847 5290 947 5359 τῆς
987 5290 1201 5360 φύσεως
1223 5332 1237 5355 ,
1272 5290 1443 5353 οὕτως
1482 5290 1640 5362 εἴπερ
1686 5293 1980 5364 ἀγεννησία

409 5378 555 5433 ἔστὶν
581 5376 614 5447 ἡ
646 5380 871 5452 ἀληθινὴ
902 5382 1091 5452 θεότης
1109 5423 1123 5445 ,
1157 5375 1201 5449 ᾧ
1238 5383 1297 5435 τὸ
1320 5383 1491 5453 ὀνομα
1518 5382 1674 5435 τοῦτο
1699 5384 1771 5454 μὴ
1813 5384 1980 5455 πρόσ-

409 5468 576 5530 ἑστιν,
605 5467 722 5520 οὐδὲ
748 5469 870 5522 ἄλλο
892 5488 942 5523 τι
973 5470 1081 5522 τῶν
1103 5469 1200 5542 τὴν
1225 5470 1451 5541 θεότητα
1473 5469 1980 5543 χαρακτηριζόντων

407 5558 581 5630 τούτῳ
623 5559 836 5624 πάντως
879 5562 1322 5634 ὲφευρεθήσεται.
1370 5562 1481 5630 Τῆς
1530 5558 1623 5616 οὖν
1658 5564 1981 5633 ἁγεννησίας

409 5649 539 5721 περὶ
565 5650 653 5702 τὸν
682 5651 807 5704 Υἱὺν
834 5652 907 5723 μὴ
930 5652 1249 5724 λεγομένης,
1272 5652 1331 5707 τὸ
1356 5652 1493 5724 μηδὲ
1512 5652 1580 5706 τὰ
1614 5653 1777 5707 λοιπὰ
1802 5655 1981 5709 πάντα

410 5743 515 5796 τῶν
543 5742 762 5815 ὑψηλῶν
784 5760 842 5797 τε
872 5745 965 5800 καὶ
1004 5742 1323 5817 θεοπρεπῶν
1358 5744 1657 5817 ὀνομάτων,
1690 5745 1776 5799 ἐπ’
1812 5746 1976 5801 αὐτοῦ

2079 4555 2288 4611 cantes,
2329 4547 2592 4617 quidquid
2652 4549 2997 4619 magniﬁcum
3050 4558 3136 4605 est
3185 4558 3240 4604 et
3284 4551 3543 4605 eximium
3589 4552 3661 4608 de

2077 4638 2277 4691 deitate
2303 4638 2403 4692 hac
2450 4654 2581 4693 voce
2615 4640 2937 4694 includunt:
2966 4641 3037 4693 ita
3072 4648 3133 4694 ut
3163 4656 3227 4696 ex
3266 4641 3369 4696 hoc
3398 4642 3659 4696 conﬁcia-

2079 4737 2167 4781 tur
2190 4748 2206 4784 :
2236 4730 2281 4785 si
2309 4732 2604 4802 ἀγεννησία
2631 4741 2733 4794 est,
2759 4731 2813 4786 id
2843 4731 2990 4802 quod
3023 4733 3544 4803 principalissimnm
3572 4743 3657 4789 est

2078 4822 2347 4883 essentiaa.
2376 4832 2429 4876 et
2453 4823 2659 4893 reliqua
2685 4824 2868 4877 omnia
2891 4840 3011 4895 qua:
3039 4822 3149 4879 Deo
3175 4826 3529 4887 conveniunt,
3556 4825 3659 4881 hac

2080 4915 2468 4984 comprehensa
2505 4924 2635 4970 sunt
2684 4925 2737 4971 et
2780 4931 3016 4979 annexa,
3044 4916 3242 4981 deitas,
3273 4926 3535 4987 potestas,
3570 4917 3658 4971 in-

2082 5008 2535 5077 corruptibilitas,
2567 5016 2620 5063 et
2651 5008 2756 5063 alia
2782 5008 2987 5063 omnia.
3022 5000 3081 5062 Si
3112 5008 3279 5077 igitur
3323 5008 3435 5062 haec
3461 5017 3515 5063 et
3551 5009 3657 5062 hu-

2076 5098 2318 5168 jusmodi
2345 5105 2427 5153 est
2455 5098 2769 5169 ἀγεννησία,
2795 5099 3020 5153 omnino
3070 5099 3117 5153 si
3145 5098 3249 5153 hoc
3278 5113 3390 5153 non
3432 5092 3668 5161 dicitur,

2082 5207 2258 5262 neque
2304 5200 2433 5246 sunt
2458 5191 2549 5245 illa
2579 5210 2594 5245 :
2626 5201 2685 5244 ut
2709 5192 2853 5245 enim
2902 5191 3168 5245 rationale
3220 5200 3273 5246 et
3323 5191 3554 5255 risibile,
3601 5202 3657 5247 et

2081 5284 2323 5339 scientia:
2342 5298 2512 5354 capax
2550 5284 2827 5353 proprium
2869 5291 2955 5338 est
2980 5283 3217 5337 hominis
3251 5300 3265 5337 :
3299 5284 3444 5354 quod
3468 5283 3514 5337 si
3542 5298 3660 5337 am-

2079 5376 2221 5444 plius
2244 5390 2419 5446 neque
2456 5383 2542 5430 est
2571 5376 2754 5438 homo,
2810 5391 2984 5445 neque
3014 5376 3067 5430 in
3103 5375 3531 5445 proprietatibus
3556 5389 3659 5429 na-

2081 5476 2217 5523 tura:
2232 5467 2528 5523 eritzhaud
2565 5483 2725 5523 secus
2756 5468 2802 5523 si
2846 5470 3142 5538 ἁγεννησία
3172 5476 3257 5523 est
3290 5482 3415 5523 vera
3456 5466 3655 5528 deitas,

2080 5561 2168 5617 cui
2195 5560 2296 5617 hoc
2312 5576 2508 5615 nomen
2533 5576 2644 5615 non
2673 5561 2952 5633 competit,
2977 5576 3153 5632 neque
3185 5560 3330 5615 aliud
3360 5560 3657 5633 quidquam

2080 5669 2265 5710 eorum
2292 5670 2411 5725 qur
2440 5654 2692 5709 deitatem
2721 5656 3053 5725 exprimunt,
3099 5654 3154 5708 in
3188 5653 3291 5707 hoc
3320 5652 3546 5707 omnino
3573 5650 3659 5703 in-

2084 5747 2346 5805 venietur.
2373 5747 2429 5803 Si
2482 5762 2611 5820 ergo
2654 5748 2947 5819 ἀγεννησία
2981 5748 3046 5805 de
3094 5745 3231 5803 Filio
3289 5761 3398 5802 non
3437 5745 3657 5813 dicitur.
