4142 6374
514 292 619 353 98‘!

1760 296 1820 354 δέ
1853 295 2182 355 GREGORH
2216 299 2511 359 NYSSENI

3674 314 3778 369 932

515 426 694 476 neque
732 411 945 484 reliqua
997 412 1217 470 excelsa
1240 422 1294 471 et
1323 412 1434 471 Deo
1466 414 1666 472 decora
1700 418 1923 474 nomina
1940 420 2003 474 in
2031 435 2084 476 ec

2198 427 2403 499 κυρίως
2425 426 2679 497 λέγεσθαι
2720 430 3154 503 κατεσκευάσθηο
3193 425 3353 487 τοῦτο
3384 424 3480 487 οὗν
3519 425 3775 504 εἶναιτὴν

517 504 737 575 proprie
771 506 881 561 diei
923 514 1309 577 praestructum
1346 514 1453 572 est;
1483 508 1588 565 hoc
1619 509 1786 582 igitur
1806 527 1930 568 esse
1954 512 2096 568 divi-

516 611 712 652 norum
764 600 1152 672 mysteriorum
1202 604 1746 674 comprehensionem
1806 605 2094 675 deﬁniunt,

515 704 712 763 nempe
739 689 873 747 Filii
902 693 1160 750 deitatem
1187 697 1393 767 sperni,
1422 698 1601 768 palam
1643 696 1758 753 fere
1806 705 1862 753 et
1883 698 1937 753 in
1964 714 2098 770 pro-

516 783 705 851 patulo
741 785 1114 843 exclamantes
1147 787 1297 842 omni
1337 788 1583 843 auditum
1627 789 1916 859 prmbenti,
1949 790 2096 861 quod

508 866 661 935 Licet
677 874 775 935 tibi
795 878 1097 932 secundum
1129 879 1496 950 cognitionem
1545 881 1789 952 perfecto
1814 896 1957 950 esse,
1983 898 2094 938 non

514 967 756 1020 credenti
814 968 1105 1040 Unigenito
1145 970 1274 1037 Deo,
1304 974 1450 1043 quod
1484 974 1602 1042 ipse
1647 989 1775 1029 vere
1811 981 1895 1029 est
1927 975 2092 1040 Deus,

513 1071 692 1127 neque
717 1056 914 1115 Filium
940 1047 1145 1117 honore
1165 1062 1415 1118 aﬂicienti
1445 1072 1499 1119 et
1528 1065 1747 1128 colenti,
1770 1065 1915 1120 sicut
1935 1063 2095 1121 Pater

512 1148 816 1205 honoratur
878 1159 934 1208 et
978 1155 1208 1221 colitur,
1259 1171 1368 1211 non
1397 1155 1595 1211 Filium
1641 1157 1737 1213 sed
1767 1167 2091 1213 creaturam

511 1249 709 1295 natura
735 1244 1068 1300 existimanti
1092 1264 1107 1313 ;
1136 1262 1245 1302 non
1275 1245 1585 1313 Dominum,
1611 1264 1721 1304 non
1754 1248 1972 1311 herum,
1996 1248 2092 1304 sed

512 1348 731 1388 servum
758 1343 813 1389 et
842 1336 1167 1405 subjectum.
1195 1337 1277 1393 Ad
1306 1338 1408 1393 hoc
1434 1339 1580 1393 enim
1609 1348 1826 1409 spectat
1874 1340 2091 1395 consilii

509 1438 701 1479 eorum
724 1425 868 1491 linis,
892 1428 1111 1483 tametsi
1140 1428 1322 1485 verbis
1346 1429 1471 1485 aliis
1489 1430 1829 1501 blasphemia
1848 1431 2094 1503 contegi-

509 1522 622 1573 tur.

579 1607 874 1681 Propterea
908 1610 1058 1666 varie
1108 1612 1375 1683 inpriore
1426 1612 1723 1683 scriptione
1779 1614 2093 1685 tripudians

2200 516 2501 588 κατάληψιν
2534 517 2642 570 τῶν
2681 517 2840 571 θείων
2869 520 3184 591 μυστηρίων
3214 517 3510 590 ὁρίζονται,
3548 520 3611 573 τὸ
3648 520 3777 573 ἀθε-

2198 609 2404 662 τεῖσθαι
2427 608 2519 662 τοῦ
2548 608 2682 662 Υίοῦ
2707 610 2806 681 τὴν
2834 608 3065 681 θεότητα
3086 650 3103 673 .
3134 614 3357 682 μονονοὺ
3394 612 3645 683 φανερῶς
3675 613 3775 682 ἐμ-

2198 698 2430 762 6οῶντες
2458 699 2621 753 παντὶ
2651 699 2728 770 τῷ
2753 701 2851 772 τὴν
2876 700 3045 771 ἀκοὴν
3069 686 3343 771 ὑπέχοντι,
3375 703 3458 754 ὅτι
3484 690 3577 751 Σοι
3596 701 3770 767 ἔξεστι

2195 791 2383 862 τελείῳ
2411 790 2550 845 κατά
2570 790 2670 861 τὴν
2698 790 2898 859 γνῶσιν
2928 788 3097 858 εἶναι,
3133 793 3207 863 μὴ
3239 792 3544 845 πιστεύοντι
3573 790 3651 861 τῷ
3671 790 3773 844 Mo-

2195 887 2403 954 νογενεῖ
2427 883 2564 954 Θεῷ,
2594 886 2678 938 ὅτι
2709 884 2825 939 ἐστὶ⁵
2851 885 2983 950 Θεὸς
3011 884 3222 957 ἀληθῶς
3244 901 3258 916 ’
3296 885 3371 956 μὴ
3404 885 3628 955 τιμῶντι
3679 884 3771 937 τὸν

2196 977 2342 1045 Υίὸν,
2365 978 2546 1040 καθὼς
2564 980 2787 1049 τιμᾶται
2813 979 2841 1030 ὁ
2864 979 3073 1050 Πατὴρ,
3109 979 3185 1050 μὴ
3216 978 3363 1041 Υἱὸν,
3396 977 3530 1030 ἀλλὰ
3566 977 3769 1047 κτίσμα

2195 1069 2336 1124 κατά
2366 1071 2465 1140 τὴν
2500 1070 2661 1140 φύσιν
2687 1068 2825 1124 εἶναι
2862 1071 3153 1139 νομίζοντι·
3214 1071 3288 1142 μὴ
3317 1069 3543 1141 Κύριον,
3578 1070 3651 1140 μὴ
3679 1069 3766 1122 δε-

2196 1161 2423 1233 σπότην,
2456 1162 2592 1216 ἀλλά
2614 1161 2799 1217 δοῦλον
2823 1164 2916 1216 καὶ
2942 1164 3273 1234 ὑποχείριον.
3309 1162 3452 1233 Πρὸς
3475 1160 3632 1214 τοῦτο
3659 1160 3765 1232 γὰρ

2196 1250 2380 1321 βλέπει
2409 1252 2470 1305 τὸ
2492 1252 2664 1323 πέρας
2684 1255 2783 1323 τῆς
2813 1251 3140 1323 συμϐουλῆς,
3169 1251 3272 1306 κᾶν
3306 1242 3511 1323 ἑτέροις
3533 1250 3765 1322 ῥήμασιν

2194 1346 2231 1415 ή
2263 1344 2575 1415 βλασφημία
2600 1345 3097 1416 περικαλύπτηται.

2261 1611 2362 1665 Διά
2384 1609 2554 1666 ταῦτα
2584 1609 2844 1674 ποικίλως
2878 1610 3020 1663 κατά
3063 1610 3162 1681 τὴν
3200 1610 3467 1682 προτέραν
3504 1613 3767 1683 λογογρασι

510 1707 850 1775 argutiarum
900 1706 1156 1760 versutiis
1185 1712 1239 1760 et
1270 1706 1424 1759 varia
1487 1706 1789 1777 ingenitum
1823 1716 1941 1763 arte
1980 1714 2084 1761 tra-

2193 1705 2320 1772 φίαν
2370 1703 2780 1776 ὲμπυρῤιχίζων
2806 1698 2873 1774 τῇ
2902 1701 3012 1756 τῶν
3040 1704 3385 1774 σοφισμάτων
3415 1706 3640 1776 στροφῇ,
3674 1704 3767 1757 καὶ

510 1770 690 1863 etans,
712 1798 1063 1867 deceptorum
1088 1797 1315 1868 surripit
1337 1770 1774 1867 intelligentiam,
1800 1799 1858 1854 in
1888 1800 2084 1870 quibus

2189 1770 2461 1868 διαφόρως
2506 1770 2941 1867 τεχνολογῶνητὸ
2982 1770 3296 1865 ἀγέννητον,
3668 1797 3765 1869 τὴν

508 1886 642 1940 dicit
668 1906 682 1942 :
716 1886 891 1953 Quare
921 1886 969 1940 si
998 1903 1159 1957 neque
1194 1903 1259 1941 ea:
1302 1889 1757 1954 commutatione,
1782 1905 1943 1958 neque
1974 1891 2088 1960 pri-

508 1978 735 2042 vatione,
769 1992 930 2047 neque
966 1977 1020 2030 in
1039 1988 1220 2045 parte;
1249 1988 1327 2032 est
1360 1978 1499 2032 enim
1537 1979 1707 2048 partis
1729 1994 1946 2043 exsors;
1981 1982 2087 2035 sive

506 2071 827 2135 individuus,
861 2088 1023 2141 neque.
1052 2073 1105 2125 in
1136 2073 1247 2141 ipso
1272 2083 1350 2126 est
1401 2072 1646 2135 alterum,
1678 2089 1815 2127 unus
1865 2074 2005 2128 enim
2036 2082 2089 2130 et

506 2164 650 2217 solus
673 2165 926 2234 ingenitus
949 2179 967 2217 :
996 2164 1105 2231 ipse
1126 2165 1287 2234 igitur
1309 2165 1538 2234 ingenita
1560 2166 1655 2218 erit
1675 2166 1921 2221 essentia.
1948 2166 2085 2222 Cum

506 2256 671 2327 igitur
700 2255 892 2309 doctor
944 2264 1132 2311 noster
1189 2256 1559 2326 perspexisset
1624 2255 1885 2310 damnum
1939 2257 2087 2326 quod

503 2362 573 2404 ex
600 2349 927 2404 necessitate
964 2350 1321 2419 consequitur
1356 2358 1410 2404 et
1443 2348 1679 2420 maligne
1717 2351 1994 2407 succussis
2023 2366 2088 2408 ac

505 2440 750 2511 deceptis
778 2440 1033 2508 infertur,
1066 2439 1214 2510 quod
1246 2441 1422 2510 ipsius
1448 2449 1530 2495 est
1563 2443 1618 2494 in
1638 2440 1931 2498 Dominum
1955 2459 2088 2498 con-

504 2531 761 2588 fessionis
795 2530 1182 2601 transgressio,
1225 2546 1421 2600 nempe
1475 2530 1726 2587 assensio
1761 2532 1924 2601 hujus
1959 2548 2088 2603 pro-

504 2622 793 2695 positionis
854 2624 1034 2693 ipsum
1085 2635 1197 2677 non
1226 2637 1349 2678 esse
1401 2638 1528 2678 vere
1586 2622 1779 2688 Deum,
1837 2624 1905 2679 ad
1936 2626 2082 2695 quod

501 2715 799 2770 verborum
854 2714 1051 2767 horum
1114 2713 1431 2769 consecutio
1467 2723 1794 2785 contorquet
1851 2714 2084 2787 dogma;

502 2815 787 2877 propterea
826 2803 932 2857 hoc
987 2802 1208 2873 quidem
1246 2811 1303 2857 ut
1340 2812 1547 2873 partem
1600 2821 1709 2859 non
1740 2807 1793 2860 in
1838 2805 1948 2861 Deo
1977 2806 2085 2861 dici

500 2898 600 2969 τὴν
656 2894 981 2966 ἀγεννησίαν
1053 2910 1165 2949 non
1220 2896 1583 2960 contradicit,
1644 2896 1984 2969 simplexque
2033 2906 2088 2953 et

500 2988 827 3061 quantitatis
887 2986 1392 3056 magnitudinisque
1424 3002 1625 3057 expers
1656 3000 1709 3043 et
1744 2989 2085 3059 incomposi-

501 3091 618 3137 tum
670 3081 832 3135 etiam
866 3079 982 3149 ipse
1020 3076 1184 3133 Deum
1208 3077 1501 3144 conﬁtens,
1529 3080 1633 3134 hoc
1671 3090 1849 3136 autem
1913 3097 2087 3150 neque

503 3174 808 3231 secundum
844 3170 1364 3225 commentationem
1415 3181 1669 3241 Oportere
1698 3172 1753 3225 in
1791 3173 1908 3241 ipso
1942 3173 2085 3228 hanc

500 3264 1035 3335 coguomlnationem
1057 3260 1188 3323 dici,
1213 3270 1267 3316 et
1295 3262 1628 3316 contradicit
1652 3270 1706 3316 et
1724 3266 2085 3318 demonstrat:

497 3353 697 3427 quibus
774 3371 885 3409 non
944 3354 1254 3408 immanens
1321 3369 1497 3425 neque
1563 3356 1923 3425 acquiescens
1980 3355 2084 3413 iste

501 3451 862 3519 scriptitator,
916 3461 1110 3502 rursus
1160 3446 1319 3501 nobis
1358 3462 1513 3501 suam
1542 3448 1865 3517 sapientiam
1907 3448 1960 3503 in
1993 3465 2083 3504 se~

498 3542 678 3599 Cllndu
707 3556 959 3595 sermone
982 3555 1045 3593 ex
1088 3538 1322 3593 adverso
1359 3538 1575 3608 objicit,
1605 3539 1690 3594 his
1720 3556 1840 3609 qua:
1870 3540 1938 3595 de
1975 3541 2087 3610 Opi-

498 3638 685 3700 nione,
732 3633 783 3688 id
835 3639 941 3695 est,
975 3632 1442 3686 commentatione
1485 3632 1630 3687 dicta
1672 3631 1893 3687 fuerunt
1926 3648 2085 3703 repu-

614 3743 696 3777 lIS.

614 3743 641 3776 ll
683 3764 696 3777 .

496 3740 676 3871 8"get:
704 3823 917 3882 tempus
942 3820 1309 3881 opportunum
1363 3810 1527 3865 fuerit
1586 3812 1876 3881 reliquum,
1937 3811 2084 3882 quod

500 3908 567 3962 ad
653 3907 754 3959 hoc
824 3904 1057 3975 pertinet
1128 3905 1482 3959 astruetionis
1554 3903 1691 3973 ipsis
1764 3904 1820 3958 in
1879 3921 2085 3960 memo-

496 4001 635 4055 riam
663 4011 940 4059 revoeare,
980 4002 1191 4050 tantum
1226 3996 1331 4050 hoc
1361 3996 1536 4051 solum
1593 3996 1893 4052 subdentes
1925 3999 2077 4053 :Non

494 4099 582 4147 est
606 4090 661 4144 in
690 4089 930 4142 humana
980 4096 1178 4141 natura
1218 4085 1474 4149 facultas,
1506 4086 1573 4140 ad
1609 4095 1859 4141 exactam
1888 4087 2079 4157 cogni-

496 4184 700 4238 tionem
759 4179 1012 4237 essentia:
1046 4178 1138 4233 Dei
1192 4197 1204 4233 :
1243 4179 1473 4234 fortasse
1503 4188 1688 4234 autem
1720 4180 1824 4233 hoc
1853 4179 1910 4233 in
1963 4180 2078 4234 sola

496 4277 736 4331 humana
767 4274 1007 4345 potentia
1030 4273 1299 4327 allirmare
1324 4288 1515 4343 parum
1546 4282 1660 4338 est;
1696 4286 1885 4326 verum
1915 4272 2077 4326 etiam

491 4370 875 4439 incorpoream
931 4373 1183 4420 naturam
1234 4364 1546 4420 inferiorem
1600 4366 1645 4420 si
1700 4364 1826 4434 quis
1857 4364 2074 4430 dixerit,

2187 1888 2426 1943 διάνοιαν
2445 1887 2555 1943 τῶν
2585 1887 2960 1960 ὲξαπατήτων,
3001 1890 3060 1941 ὲν
3103 1886 3183 1953 οἷς
3222 1906 3406 1961 φησιν·
3446 1890 3679 1945 Οὐκοῦν
3714 1892 3766 1944 εί

2183 1980 2338 2048 μήτε
2362 1981 2487 2032 κατ’
2516 1979 2808 2043 ἐπίνοιαν,
2824 1977 2978 2049 μήτε
3002 1980 3151 2033 κατὰ
3180 1978 3487 2048 στέρησιν,
3517 1981 3667 2049 μήτε
3696 1983 3765 2033 ἐν

2190 2070 2381 2141 paper
2411 2070 2637 2141 ἀμερὴς
2652 2070 2783 2140 γάρ’
2809 2071 2963 2139 μήτε
2985 2071 3055 2123 ἐν
3074 2070 3233 2137 αὐτῷ
3252 2072 3422 2125 ἐστιν
3441 2071 3661 2140 ἕτερον,
3678 2055 3765 2139 εἷς

2186 2166 2297 2235 γὰρ
2340 2163 2440 2217 καὶ
2486 2164 2669 2233 μόνος
2721 2161 3064 2232 ἀγέννητος
3106 2162 3287 2228 αὐτὸς
3335 2161 3412 2216 ἂν
3437 2164 3529 2231 εἴη
3584 2166 3764 2217 οὐσία

2187 2259 2537 2331 ἀγέννητος.
2580 2256 2816 2310 Συνιδὼν
2859 2256 3039 2310 τοίνυν
3071 2258 3099 2309 ὁ
3129 2255 3442 2320 διδάσκαλος
3470 2257 3624 2328 ήμῶν
3667 2258 3763 2327 τὴν

2186 2354 2252 2407 ὲκ
2302 2351 2403 2421 τῆς
2454 2351 2699 2421 ἀνάγκης
2743 2348 3100 2420 ὲγγινομένην
3146 2350 3257 2412 τοῖς
3303 2350 3761 2421 παρακρουσθεῖοι

2187 2444 2417 2516 ζημίαν,
2450 2443 2533 2496 ὅτι
2567 2441 2740 2510 αὐτῆς
2768 2442 2883 2493 ἐστι
2909 2442 3008 2511 τῆς
3033 2441 3115 2502 είς
3137 2439 3229 2491 τὸν
3260 2438 3462 2511 Κύριον
3480 2424 3763 2510 ὁμολογίας

2187 2535 2500 2608 παράβασις
2529 2534 2567 2605 ἡ
2596 2534 2727 2606 περὶ
2761 2531 2857 2585 τοῦ
2892 2532 2967 2602 μὴ
3010 2526 3149 2585 εἶναι
3190 2532 3352 2585 αὑτὸν
3389 2532 3602 2602 ἀληθῶς
3632 2533 3761 2585 Θεὸν

2189 2625 2607 2694 συγκατάθεσις·
2630 2625 2711 2685 είς
2734 2623 2872 2694 ὅπερ
2894 2623 2928 2693 ἡ
2960 2621 3069 2675 τῶν
3100 2620 3359 2692 ῥημάτων
3390 2621 3597 2675 τούτων
3630 2623 3760 2675 ἀκο-

2186 2717 2371 2771 λουθία
2401 2716 2772 2786 καταστρέφει
2805 2714 2865 2769 τὸ
2891 2714 3088 2784 δόγμα.
3120 2713 3218 2766 Διά
3261 2712 3421 2767 τοῦτο
3452 2714 3512 2767 τὸ
3543 2714 3640 2784 μὲν
3686 2714 3760 2778 ὡς

2190 2810 2354 2880 μέρος
2384 2808 2457 2880 μὴ
2491 2806 2837 2874 ἐπιλέγεσθαι
2881 2806 2960 2877 τῷ
2997 2805 3115 2877 Θεῷ
3148 2806 3246 2878 τὴν
3294 2806 3618 2877 ἀγεννησίαν
3664 2806 3761 2858 οὐκ

2186 2901 2492 2969 ἀντιλέγει,
2533 2899 2738 2954 ἁπλοῦν
2775 2917 2835 2952 τε
2871 2899 2963 2952 καὶ
3004 2899 3208 2953 ἄποσον
3242 2899 3335 2952 καὶ
3372 2899 3640 2969 ἀμέγεθες
3670 2900 3763 2953 καὶ

2188 2993 2486 3047 ἀσύνθετον
2518 2994 2611 3046 καὶ
2651 2992 2811 3055 αὐτὸς
2843 2991 3215 3062 συνομολογῶν
3244 2988 3386 3046 εἶναι·
3413 2992 3662 3055 τὸΘεῖον,
3702 2991 3763 3044 τὸ

2116 3123 2159 3180 C
2192 3086 2249 3139 δὲ
2272 3087 2394 3139 κατ’
2434 3085 2676 3138 ἐπίνοιαν
2714 3086 2786 3157 μὴ
2828 3086 2937 3139 δεῖν
2973 3086 3059 3137 ἐπ’
3107 3084 3270 3139 αὑτοῦ
3314 3086 3413 3155 τὴν
3454 3087 3763 3156 ἐπωνυμίαν

2191 3176 2442 3246 λέγεσθαι
2486 3178 2712 3245 ταύτην,
2764 3178 2859 3230 καὶ
2903 3177 3172 3246 ἀντιλέγει
3225 3177 3318 3231 καὶ
3364 3178 3757 3231 ἀποδείκνυσινο

2182 3262 2265 3329 οἷς
2289 3266 2389 3320 οὐκ
2419 3267 2671 3337 ἐμμένων
2703 3269 2730 3319 ὁ
2769 3268 3126 3339 λογογράφος,
3160 3269 3323 3323 πάλιν
3351 3271 3484 3340 ἡμῖν
3507 3270 3606 3338 τὴν
3633 3271 3761 3339 παρ’

2184 3356 2377 3410 ἑαυτοῦ
2430 3359 2621 3427 σοφίαν
2662 3358 3107 3428 ἀντικαθίστησιν
3160 3360 3216 3411 ἐν
3244 3358 3321 3429 τῷ
3375 3359 3609 3429 δευτέρῳ
3654 3358 3762 3411 τῶν

2183 3449 2374 3517 λόγων,
2410 3452 2522 3513 τοῖς
2574 3451 2698 3520 περὶ
2743 3452 2839 3520 τῆς
2891 3450 3132 3513 ἐπινοίας
3179 3451 3420 3520 ῥηθεῖσιν
3468 3449 3760 3521 ἀντιμαχό-

2188 3555 2367 3609 μενος.

2253 3799 2457 3872 Καιρὺς
2481 3798 2525 3853 δ’
2553 3799 2617 3853 ἃν
2644 3801 2726 3871 εἴη
2759 3800 2942 3854 λοιπὸν
2984 3789 3078 3855 καί
3110 3801 3292 3866 αὐτοῖς
3335 3803 3635 3875 μνησθῆναι
3663 3808 3762 3875 τῆς

2181 3895 2262 3957 είς
2297 3892 2453 3947 τοῦτο
2493 3894 2859 3964 κατασκευῆς,
2901 3895 3151 3949 τοσοῦτον
3201 3886 3535 3960 ὑπειπόντας
3569 3898 3756 3968 μόνον·

2179 3984 2293 4041 Οὐκ
2320 3985 2465 4041 ἔστιν
2512 3988 2570 4040 ὲν
2610 3974 2927 4059 ἀνθρωπίνῃ
2969 3988 3128 4057 φύσει
3168 3988 3395 4059 δύναμις
3439 3992 3519 4052 εἰς
3557 3990 3759 4062 ἀκριδῆ

2178 4078 2502 4150 κατανόησιν
2534 4077 2669 4131 Θεοῦ
2712 4078 2897 4143 οὐσίας
2918 4096 2932 4109 ο
2960 4079 3099 4149 τάχα
3140 4081 3197 4133 δὲ
3243 4080 3438 4152 μικρόν
3489 4083 3633 4135 ἐστιν
3664 4082 3760 4136 ἐπὶ

2181 4174 2349 4245 μόνης
2374 4173 2754 4245 ἀποφήνασθαι
2783 4172 2939 4227 τοῦτο
2962 4164 3062 4244 τῆς
3086 4174 3430 4246 ἀνθρωπίνης
3449 4175 3725 4244 δυνάμεως
3742 4190 3757 4207 ·

2177 4265 2311 4319 ἀλλὰ
2348 4265 2442 4318 καὶ
2473 4264 2573 4335 τὴν
2598 4263 2889 4336 ἀσώματον
2942 4264 3119 4318 κτίσιν
3165 4265 3420 4319 ἐλάττονά
3442 4283 3526 4331 τις
3569 4266 3759 4332 εἰπὼν,

2177 4358 2210 4429 ἦ
2235 4357 2375 4411 ὥστε
2406 4356 2653 4427 χωρῆσαι
2681 4356 2776 4409 καὶ
2811 4354 3124 4424 περιλαϐεῖν
3157 4358 3224 4428 τῇ
3262 4354 3458 4424 γνώσει
3486 4357 3584 4427 τὴν
3610 4356 3762 4423 ἀόρι-

496 4474 659 4531 quam
689 4465 748 4512 ut
780 4458 956 4529 possit
982 4471 1185 4527 capere
1209 4465 1263 4510 et
1294 4455 1585 4526 complecti
1610 4456 1923 4526 cognitione
1954 4455 2076 4509 iuli-

2183 4469 2300 4503 στον
2334 4449 2515 4519 φύσιν,
2552 4449 2611 4502 ού
2657 4449 2751 4502 τοῦ
2796 4449 2995 4511 πάντος
3042 4448 3439 4520 ἁμαρτήσεται,
3475 4443 3584 4501 οἷον
3617 4441 3760 4499 ἔστιν

496 4553 667 4606 nitam
723 4559 995 4613 naturam,
1030 4565 1210 4619 neque
1239 4546 1466 4601 omnino
1505 4548 1803 4610 aberrabit,
1848 4555 1907 4601 ut
1948 4547 2075 4601 licet

495 4642 759 4711 exemplis
784 4640 1151 4695 familiaribus
1183 4639 1367 4693 animo
1401 4639 1707 4710 percipere.
1756 4637 1913 4704 Quod
1948 4654 2072 4693 cum

497 4735 664 4789 multa
692 4733 802 4787 sint
828 4732 990 4787 etiam
1032 4730 1336 4786 dilferentia
1389 4746 1510 4799 quae
1536 4746 1632 4800 per
1660 4746 1878 4785 carnem
1906 4731 2074 4785 vitam

498 4826 699 4880 sortita
756 4831 888 4879 sunt
915 4824 1197 4889 animalia,
1251 4823 1499 4893 quaadam
1531 4820 1750 4891 quidem
1806 4821 2073 4886 volatilia,

496 4919 745 4987 quaedam
802 4932 933 4972 vero
985 4916 1293 4980 terrestria,
1328 4915 1585 4984 quodque
1642 4916 1819 4970 nubes
1851 4924 2076 4983 superat

500 5008 710 5061 alarum
741 5007 963 5069 virtute,
993 5014 1047 5060 et
1075 5006 1216 5075 quod
1245 5007 1398 5060 cavis
1435 5004 1656 5069 insidet,
1691 5013 1746 5059 et
1778 5005 1833 5058 in
1875 5005 2077 5058 latibu-

499 5099 567 5153 lis
592 5100 769 5151 latitat
806 5116 819 5152 :
864 5098 912 5152 si
953 5097 1170 5166 quidem
1225 5097 1368 5150 inter
1419 5111 1478 5150 se
1525 5102 1933 5165 comparentur,
1970 5111 2076 5149 non

501 5205 694 5261 parum
731 5189 935 5243 distare
962 5187 1236 5243 videbitur
1258 5188 1466 5241 aerium
1498 5204 1525 5239 a
1558 5187 1825 5241 terrestri.
1860 5185 1917 5239 Si
1948 5202 2079 5241 vero

501 5296 625 5336 cum
651 5279 948 5343 sideribus,
980 5287 1036 5333 et
1066 5295 1172 5332 non
1200 5289 1419 5333 errante
1447 5277 1578 5333 orbe
1607 5277 1699 5330 liat
1719 5277 2076 5345 comparatio,

500 5373 639 5428 nihil
673 5372 854 5425 minus
880 5386 910 5424 a
942 5370 1083 5425 caelo
1107 5369 1407 5423 discretum
1441 5384 1564 5424 esse
1594 5368 1740 5438 quod
1773 5368 1826 5421 in
1854 5365 2077 5422 sublimi

499 5480 598 5536 per
622 5465 858 5518 volatum
892 5461 1086 5526 fertur,
1128 5462 1196 5516 ab
1235 5461 1565 5516 animalibus
1604 5460 1957 5515 terrestribus
1989 5474 2081 5528 pu-

501 5557 726 5609 tabitur.
763 5553 857 5608 Sic
888 5555 1203 5623 angelorum
1234 5559 1477 5622 potestas
1507 5565 1631 5605 eum
1662 5559 1844 5605 nostra
1881 5549 2080 5604 collata

502 5646 675 5699 multo
715 5646 837 5714 plus
901 5643 1212 5713 praecellere
1242 5642 1481 5705 videtur,
1522 5642 1672 5711 quod
1716 5641 1867 5695 nullo
1914 5655 2078 5694 sensu

500 5738 864 5794 inter-turbata
920 5736 1060 5791 nuda
1113 5742 1161 5791 et
1197 5734 1434 5814 revelata
1490 5733 1789 5804 cognitrice
1813 5740 2080 5804 potestate

2176 4543 2269 4595 ἐπὶ
2325 4541 2434 4594 τῶν
2482 4541 2603 4595 καθ’
2632 4542 2779 4611 ¹ἡμᾶς
2825 4540 3235 4610 ὑποδειγμάτων
3288 4541 3601 4612 ὑπονοῆσαι.
3638 4540 3760 4591 Ὀτι

2178 4632 2384 4686 πολλῶν
2406 4632 2574 4686 ὄντων
2609 4632 2702 4684 καὶ
2726 4631 2996 4702 διαφόρων
3016 4630 3124 4684 τῶν
3148 4630 3237 4683 διὰ
3268 4631 3469 4701 σαρκὸς
3494 4629 3592 4701 τὴν
3616 4627 3761 4700 ζωὴν

2179 4724 2491 4794 εἰληχότων,
2521 4721 2627 4776 τῶν
2664 4721 2763 4791 μὲν
2799 4722 3034 4794 πτηνῶν,
3058 4723 3167 4776 τῶν
3193 4722 3247 4775 δὲ
3283 4723 3573 4792 χερσαίων,
3607 4720 3667 4773 τό
3699 4737 3763 4775 τι

2178 4814 2478 4886 ύπερνεφὲς
2530 4815 2589 4867 ὲν
2638 4818 2703 4886 τῇ
2752 4811 2860 4869 τῶν
2906 4815 3121 4887 πτερῶν
3171 4815 3400 4884 δυνάμει
3450 4815 3760 4885 γενόμενον,

2179 4907 2360 4961 καὶτὸ
2392 4910 2502 4969 τοῖς
2537 4905 2734 4969 κοίλοις
2776 4906 3166 4977 καθιδρυμένον
3203 4907 3298 4959 καὶ
3335 4905 3667 4976 ὲμφωλεῦον.
3698 4907 3763 4959 Ei

2182 4997 2280 5066 μὲν
2323 4996 2458 5066 πρὸς
2498 4994 2701 5065 ἄλληλα
2740 4994 3007 5063 κρίνοιντο
3029 5036 3044 5061 ,
3079 4996 3178 5049 ούκ
3208 4996 3385 5065 ὀλίγον
3416 4995 3484 5049 ἂν
3527 4996 3764 5065 ἀφεστά-

2177 5104 2266 5140 ναι
2299 5086 2424 5156 δόξῃ
2462 5084 2556 5138 τοῦ
2588 5085 2839 5157 χερσαίου
2887 5086 2946 5139 τὸ
2989 5086 3261 5157 ἐναέριον·
3311 5090 3359 5140 εί
3409 5088 3465 5141 δὲ
3518 5088 3650 5159 πρὸς
3696 5087 3764 5141 τὶ

2179 5178 2372 5247 ἄστρα,
2422 5178 2516 5230 καὶ
2570 5176 2669 5248 τὴν
2721 5177 2933 5248 ἀπλανῆ
2985 5182 3218 5251 σφαῖραν
3260 5181 3295 5250 ἡ
3340 5179 3619 5251 σύγκρισις
3652 5179 3755 5247 εἴη,

2179 5269 2331 5321 οὐδὲν
2358 5267 2576 5320 ἔλαττον
2618 5268 2946 5339 κεχωρίσθαι
2988 5267 3082 5321 τοῦ
3130 5269 3359 5341 ούρανοῦ
3403 5270 3464 5323 τὸ
3501 5287 3760 5341 μετεωρο-

2181 5358 2382 5423 ποροῢν
2432 5358 2522 5411 διὰ
2583 5359 2831 5430 πτήσεως
2890 5361 2995 5413 τῶν
3048 5364 3176 5432 περὶ
3228 5363 3334 5432 γῆν
3382 5362 3767 5433 νομισθήσεται
3818 5364 3833 5415 i.

2181 5450 2354 5515 ζώων.
2391 5448 2575 5513 Οὕτως
2610 5452 2700 5504 καὶ
2738 5454 2771 5522 ἡ
2820 5452 2929 5505 τῶν
2977 5454 3225 5521 ἀγγέλων
3268 5453 3516 5521 δύναμις,
3560 5452 3636 5523 τῷ
3667 5453 3767 5523 μὲν

2180 5542 2435 5613 ἡμετέρῳ
2485 5542 2917 5614 συγκρινομένη,
2986 5544 3243 5614 πάμπολυ
3295 5544 3546 5615 προέχειν
3596 5544 3765 5608 δοκεῖ,

2181 5635 2261 5687 ὅτι
2311 5633 2568 5704 οὐδεμιᾶς
2619 5635 2919 5706 αἰσθήσεως
2954 5635 3293 5707 ἐνοχλούσης,
3333 5639 3514 5708 γυμνῇ
3561 5652 3619 5687 τε
3669 5638 3766 5688 καὶ

2185 5727 2632 5802 ἀπαρακαλύπτῳ
2683 5732 2748 5800 τῇ
2798 5732 3067 5801 γνωστικῇ
3120 5730 3342 5801 δυνάμει
3395 5730 3501 5784 τῶν
3548 5730 3766 5807 ὑψηλῶν
