4142 6374
407 303 513 361 935
1532 295 1809 353 CONTRA
1843 295 2233 364 EUNOMIUM,
2270 297 2395 355 LIB.
2441 299 2554 355 ΧΠ.
3556 311 3663 369 931

408 425 749 498 ἐπορέγεται.
784 423 845 476 Εἰ
866 422 924 475 δὲ
949 420 1086 491 πρὸς
1110 418 1171 473 τὸ
1204 417 1489 490 μεγαλεῖον
1518 420 1612 473 τοῦ
1639 420 1807 483 ὅντως
1834 418 1928 472 ὖντι

2020 426 2056 479 Α
2092 434 2213 488 qua:
2245 430 2374 476 sunt
2420 422 2637 478 excelsa
2670 429 2724 478 et
2755 437 2968 481 summa
3011 423 3239 497 expetit.
3269 425 3424 493 Quod
3453 427 3500 483 si
3532 444 3656 485 cum

405 516 502 569 καὶ
524 516 558 586 ὴ
592 514 815 567 ἐκείνων
853 510 1154 582 κατάληψις
1196 508 1516 575 ἐξετάζοιτο,
1554 511 1695 580 τάχα
1720 510 1750 561 ό
1780 510 1983 581 τολμή-

2088 514 2373 581 majestate
2404 517 2525 583 ejus
2548 516 2641 586 qui
2697 532 2823 571 vere
2852 525 2956 580 est,
2987 516 3205 573 illorum
3245 518 3660 590 comprehensio

406 624 506 670 σας
534 607 703 659 εἰπεῖν
733 604 806 675 μὴ
851 604 1039 675 πόρρω
1073 604 1171 672 τῆς
1216 602 1485 672 ἡμετέρας
1526 601 1859 673 βραχύτητος
1889 602 1981 656 καὶ

2085 606 2448 671 examinctur,
2509 606 2742 661 fortasse
2785 607 2877 676 qui
2917 622 3086 663 ausus
3140 608 3301 663 fuerit
3334 609 3517 665 dicere
3546 624 3658 665 non

402 697 500 768 τὴν
529 696 750 750 ἐκείνων
779 695 1008 765 δύναμιν
1041 695 1335 763 ἀφεστάναι
1363 696 1458 765 τῆς
1514 694 1661 756 θείας
1715 695 1981 765 κατανοή-

2086 697 2245 765 longe
2300 713 2331 750 a
2387 709 2575 753 nostra
2635 699 2901 754 brevitate
2957 699 3174 755 illorum
3231 703 3342 756 vim
3392 716 3420 755 a
3471 702 3657 756 divina

405 806 562 854 σεως,
602 791 701 842 οὐκ
738 787 841 853 ἔξω
878 786 971 839 τοῦ
1019 786 1223 848 εἰκότος
1276 785 1656 855 ἁποτολμήσει.
1684 786 1824 839 Πολὺ
1871 788 1978 857 γὰρ

2085 790 2395 858 cognitione
2456 790 2684 854 distare,
2748 807 2856 845 non
2891 791 3097 863 absque
3130 794 3397 863 probabili
3445 794 3657 851 ratione

402 882 463 933 τὸ
494 881 655 951 μέσον
701 881 794 933 καὶ
840 877 1189 947 άδιεξίτητον,
1242 871 1286 944 ᾧ
1318 878 1451 947 πρὸς
1495 879 1593 949 τὴν
1632 879 1853 950 κτιστὴν
1885 882 1977 933 ού·-

2084 882 2323 937 audebit.
2356 879 2580 936 Multum
2613 882 2756 936 enim
2787 883 2933 952 quod
2964 884 3339 939 intermedium
3370 891 3454 939 est
3478 892 3535 939 et
3562 885 3658 939 im-

404 972 524 1023 σίαν
561 972 593 1040 ἡ
626 968 874 1030 ἄκτιστος
909 967 1067 1035 φύσις
1093 965 1501 1036 διατετείχισται
1521 983 1535 997 ο
1566 966 1703 1038 αὕτη
1735 966 1978 1038 πεπερά-

2084 966 2352 1036 pervium,
2391 981 2502 1036 quo
2526 966 2592 1021 ad
2619 976 2858 1021 creatam
2891 980 3141 1023 naturam
3182 970 3423 1023 increata
3456 978 3654 1025 natura

398 1079 586 1121 τωται.
610 1062 789 1131 ἐκείνη
809 1059 978 1130 πέρας
1008 1059 1108 1110 οὑκ
1136 1059 1267 1127 ἔχει·
1298 1057 1436 1127 αὕτη
1457 1060 1566 1121 τοῖς
1592 1058 1736 1121 ἰδίοις
1761 1058 1977 1129 μέτροις

2084 1058 2409 1126 pnemunita
2441 1066 2526 1115 est
2574 1066 2629 1113 et
2662 1059 2973 1114 obvallata:
3008 1061 3123 1130 ipsa
3158 1062 3307 1115 ﬁnita
3339 1070 3422 1116 est
3448 1072 3501 1116 et
3542 1072 3654 1117 ter-

398 1152 540 1205 κατά
575 1153 637 1205 τὸ
669 1152 869 1223 ἀρέσαν
909 1152 973 1219 τῇ
1010 1148 1168 1220 σοφίᾳ
1206 1148 1299 1201 τοῦ
1344 1148 1700 1214 πεποιηκότος
1747 1150 1975 1220 ἐμπερι-

2082 1148 2310 1211 minata,
2364 1149 2456 1203 illa
2490 1165 2620 1205 vero
2649 1152 2939 1207 terminum
2984 1170 3090 1207 non
3124 1153 3284 1207 habet
3323 1170 3339 1218 ;
3376 1154 3491 1208 haec
3538 1155 3654 1210 suis

397 1246 683 1314 είληπταιο
714 1244 812 1314 τῆς
848 1243 903 1295 δὲ
940 1242 1135 1313 μέτρον
1167 1243 1200 1312 ἡ
1231 1241 1474 1311 ἀπειρία.
1500 1240 1648 1312 Αὕτη
1681 1241 1976 1312 διαστημά-

2082 1240 2375 1305 mensuris,
2409 1242 2551 1297 sicut
2611 1242 2732 1312 ejus
2763 1244 2855 1314 qui
2896 1245 3023 1299 {erit
3084 1247 3364 1315 sapientiae
3422 1246 3651 1316 placuit,

393 1337 520 1405 τικῇ
572 1350 675 1388 τινι
722 1333 1025 1405 παρατάσει
1075 1331 1617 1402 συμπαρεκτείνεται,
1670 1332 1763 1383 καὶ
1800 1333 1974 1402 χρόνῳ

2079 1330 2561 1401 circumprehensa
2583 1342 2686 1399 est,
2725 1336 2876 1390 illius
2931 1351 3061 1390 vero
3091 1352 3344 1391 mensura
3409 1338 3650 1394 inﬁnitas

395 1425 490 1478 καὶ
514 1426 663 1495 τόπῳ
686 1422 1129 1494 περιειργομένη⁸
1154 1420 1336 1491 ἐκείνη
1362 1422 1757 1493 ὑπερεκπίπτει
1791 1423 1973 1475 πᾶσαν

2080 1421 2233 1491 ipsa;
2263 1424 2375 1478 haec
2425 1425 2758 1480 intervallari
2788 1427 3019 1496 quadam
3071 1429 3395 1483 extensione
3428 1439 3650 1497 proten-

392 1516 753 1586 διαστήματος
785 1515 988 1568 ἔννοιαν
1008 1531 1032 1591 ’ἡ
1063 1512 1303 1584 καθόπερ
1347 1513 1411 1566 ἄν
1457 1531 1537 1576 τις
1583 1513 1842 1584 ἐπιϐάλλῃ
1882 1513 1972 1567 τὸν

2078 1513 2247 1578 ditttr,
2271 1523 2619 1586 temporeque
2640 1530 2691 1572 et
2716 1521 2836 1572 loco
2858 1520 3117 1581 coercita,
3140 1520 3228 1572 illa
3250 1536 3467 1575 omnem
3490 1522 3652 1576 inter-

393 1609 536 1672 νοῦν,
568 1608 686 1660 κατ’
723 1608 896 1660 ἐκεῖνο
926 1605 1023 1677 τὴν
1054 1604 1580 1677 πολυπραγμοσύνην
1608 1605 1968 1674 ἐκφεύγουσα.

2076 1607 2200 1659 valli
2225 1608 2499 1661 notionem
2525 1617 2760 1678 superat.
2800 1609 2879 1663 Ad
2900 1611 3045 1681 quod
3071 1611 3194 1680 quis
3219 1622 3448 1665 mentem
3470 1612 3650 1667 immi-

405 1700 492 1752 Ἐν
538 1699 711 1772 ταύτῃ
756 1701 822 1769 τῇ
863 1691 987 1769 ζωῇ
1020 1697 1113 1751 καὶ
1142 1696 1313 1769 ἀρχὴν
1364 1698 1474 1759 τοῖς
1524 1693 1641 1749 οὖσι
1690 1697 1782 1749 καὶ
1818 1697 1971 1761 τέλος

2077 1700 2231 1761 serit,
2263 1699 2562 1753 secundum
2588 1701 2717 1755 illttd
2745 1702 3115 1756 curiositatem
3135 1700 3397 1771 eﬂ‘ugiens
3426 1721 3443 1756 ε
3463 1701 3512 1755 in
3547 1705 3648 1759 hac

405 1789 551 1844 ἔστιν
583 1791 900 1858 ἐπινοῆσαιο
950 1790 984 1859 ἡ
1029 1789 1085 1842 δέ
1118 1788 1257 1859 ὑπὲρ
1286 1788 1381 1860 τὴν
1423 1788 1595 1842 κτίσιν
1626 1789 1965 1859 μακαριότης
1997 1775 2038 1831 Β

2013 1776 2038 1829 3
2066 1790 2176 1844 vita
2218 1799 2271 1845 et
2323 1792 2649 1863 principium
2709 1810 2897 1848 eorum
2927 1812 3046 1864 qua:
3069 1778 3216 1856 sunt,
3244 1803 3298 1849 et
3340 1796 3497 1850 ﬁnem
3525 1797 3649 1850 licet

388 1881 512 1935 οὗτε
555 1880 726 1951 ἀρχὴν
773 1879 896 1933 οὗτε
940 1879 1089 1943 τέλος
1146 1879 1444 1951 προσίεται,
1478 1880 1589 1932 ἀλλ’
1621 1881 1760 1951 ὑπὲρ
1801 1880 1862 1934 τὸ
1905 1882 1962 1934 ἐν

2068 1866 2390 1953 intelligere:
2426 1884 2539 1939 haec
2574 1900 2739 1954 supra
2782 1892 3088 1939 creaturam
3143 1885 3440 1949 beatitudo,
3466 1903 3644 1954 neque

388 1974 633 2047 ἑκατέρῳ
668 1973 1061 2044 σημαινόμενον
1091 1972 1330 2040 πέφυκεν
1355 1972 1439 2024 ἀεὶ
1466 1972 1723 2036 ὡσαύτως
1743 1972 1958 2042 ἔχουσα,

2064 1974 2412 2042 principium,
2460 1990 2638 2045 neque
2670 1975 2834 2030 ﬁnem
2891 1977 3115 2046 appetit,
3149 1978 3245 2031 Sed
3286 1993 3449 2046 supra
3476 1978 3527 2032 id
3562 1986 3646 2033 est

387 2067 482 2119 καὶ
513 2067 595 2133 ἐφ’
628 2066 825 2133 ἑαυτῆς
854 2063 1137 2134 βεϐηκυῖα,
1171 2064 1232 2116 οὐ
1263 2063 1698 2133 διαστηματικῶς
1731 2063 1792 2116 ἐκ
1818 2081 1962 2129 τινος

2064 2062 2207 2133 quod
2244 2064 2296 2117 in
2339 2070 2569 2133 utroque
2610 2064 2967 2131 significatur,
2993 2079 3211 2134 semper
3259 2065 3449 2118 eodem
3484 2064 3644 2117 modo

388 2157 467 2220 εἷς
505 2174 557 2208 τι
596 2157 662 2227 τῇ
706 2156 816 2224 ζωῇ
846 2153 1173 2207 διοδεύουσα.
1220 2151 1355 2206 Οὓτε
1388 2150 1496 2222 γὰρ
1532 2152 1786 2223 μετουεῖίτέι
1820 2150 1963 2223 ζωῆς

2064 2169 2184 2209 sese
2214 2155 2440 2218 habens,
2470 2164 2523 2210 et
2547 2155 2597 2208 in
2628 2156 2804 2225 seipsa
2831 2156 3097 2226 ingressa,
3134 2172 3240 2210 non
3269 2172 3364 2225 per
3387 2157 3646 2211 interval-

387 2249 579 2319 ἐτέρας
626 2249 682 2299 ἐν
729 2245 807 2315 τῷ
849 2245 947 2315 ζῇν
979 2245 1204 2313 γίνεται,
1239 2244 1313 2307 ὡς
1356 2245 1643 2298 ἀκόλουθον
1688 2241 1825 2299 εἶναι
1870 2247 1963 2299 καὶ

2064 2245 2174 2299 lum
2207 2262 2269 2299 ex
2303 2245 2484 2315 aliquo
2515 2245 2581 2300 ad
2631 2246 2832 2315 aliquid
2870 2248 2921 2301 in
2969 2249 3078 2302 vita
3107 2248 3211 2303 iter
3246 2248 3449 2304 faciens
3483 2267 3495 2302 :
3534 2265 3644 2303 non

386 2339 557 2408 πέρας
581 2338 675 2390 καὶ
695 2336 868 2406 ἀρχὴν
901 2335 1190 2405 μετουσίας
1213 2334 1463 2387 νοεῖσθαι.
1510 2335 1645 2388 Ἀλλ’
1671 2337 1800 2388 αὐτὸ
1827 2336 1961 2407 ὅπερ

2063 2338 2204 2391 enim
2237 2338 2360 2392 vitae
2391 2339 2614 2392 alterius
2643 2340 3057 2409 participatione
3096 2341 3324 2397 vivendo
3378 2342 3637 2412 gignitur,

385 2430 522 2491 ἐστὶ,
564 2427 672 2499 ζωή
716 2432 860 2483 ἐστιν
896 2430 967 2480 ἐν’
990 2426 1138 2497 αύτῷ
1184 2426 1569 2498 ἐνεργουμένη,
1610 2426 1731 2479 οὔτε
1764 2426 1960 2498 μείζων

2064 2431 2135 2483 ita
2174 2439 2233 2485 ut
2284 2446 2624 2501 consequens
2655 2432 2747 2497 si‘,
2798 2442 2850 2485 et
2887 2433 3203 2496 terminum,
3236 2441 3290 2488 et
3315 2434 3638 2503 principium

382 2520 505 2574 οὔτε
536 2520 768 2573 ἐλάττων
800 2521 864 2572 ὲκ
893 2518 1207 2589 προσθήκης
1246 2518 1277 2588 ἢ
1309 2518 1643 2586 ὑφαιρέσεως
1678 2518 1956 2589 γινομένη.

2061 2521 2492 2591 participationis
2525 2530 2702 2576 mente
2727 2531 2780 2575 et
2811 2524 3167 2592 intelligentia
3195 2525 3499 2594 complecti.
3534 2524 3640 2581 Sed

395 2611 458 2664 Ἦ
488 2612 585 2680 μὲν
612 2613 719 2682 γὰρ
746 2613 825 2674 εἰς
856 2612 916 2663 τὸ
966 2609 1148 2681 μεῖζον
1191 2608 1507 2677 ἐπαύξησις,
1544 2612 1599 2661 ἐν
1636 2609 1710 2679 τῷ
1749 2609 1960 2680 ἀπείρῳ

2060 2614 2236 2681 ipsum
2288 2614 2431 2682 quod
2475 2620 2580 2677 est,
2612 2616 2720 2667 vita
2746 2622 2829 2669 est
2858 2617 2911 2669 in
2951 2615 3068 2684 ipso
3100 2632 3358 2685 operans,
3391 2633 3513 2687 qua:
3542 2633 3641 2671 ne-

384 2703 568 2773 χώραν
588 2704 686 2756 οὐκ
707 2702 837 2771 ἔχει.
867 2701 979 2769 Τῆς
1003 2700 1056 2752 δὲ
1084 2700 1223 2753 κατά
1246 2701 1341 2769 τὴν
1367 2699 1657 2751 ἐλάττωσιν
1695 2701 1955 2763 ἐπινοίας,

2059 2719 2165 2773 que
2200 2704 2373 2770 major
2449 2720 2624 2773 neque
2680 2706 2861 2758 minor
2894 2721 2957 2760 ex
3003 2708 3317 2762 accessione
3381 2709 3465 2764 vel
3510 2710 3643 2764 sub-

380 2794 444 2847 τὸ
480 2794 620 2847 κατά
666 2792 825 2862 φύσιν
876 2790 1083 2853 ἀπαθὲς
1129 2788 1494 2843 ἀνεπίδεκτον.
1522 2790 1728 2857 Ὠσπερ
1772 2789 1826 2842 δὲ
1866 2790 1958 2843 τὸν

2060 2793 2353 2848 straetione
2391 2794 2467 2847 ﬁt.
2502 2793 2635 2847 Nam
2664 2795 2808 2865 quod
2841 2795 2892 2848 in
2937 2796 3113 2863 majus
3140 2798 3195 2849 ﬁt
3224 2797 3638 2863 incrementum,

380 2885 605 2955 ούρανδν
632 2884 883 2955 ὁρῶντες,
916 2883 1009 2936 καὶ
1048 2882 1247 2950 τρόπον
1288 2880 1404 2933 τινὰ
1436 2880 1521 2933 διὰ
1554 2880 1657 2932 τῶν
1690 2880 1956 2950 ὁρατικῶν

2059 2885 2111 2938 ἰιι
2138 2885 2350 2938 inﬁnito
2385 2884 2562 2938 locum
2593 2901 2699 2939 non
2740 2886 2924 2940 habet.
2976 2885 3128 2952 Quod
3160 2890 3302 2941 enim
3338 2890 3637 2944 secundum

380 2976 747 3046 αἰσθητηρίων
775 2975 868 3027 τοῦ
894 2974 1035 3027 κατά
1070 2973 1129 3026 τὸ
1160 2972 1290 3041 ὕψος
1324 2971 1681 3042 ἐφαπτόμενοι
1707 2971 1952 3035 κάλλους,

2060 2983 2307 3027 naturam
2340 2976 2636 3043 itnpatibile
2681 2985 2787 3040 est,
2819 2978 3058 3031 notionis
3086 2994 3205 3047 quae
3247 2978 3303 3031 ﬁt
3337 2979 3636 3034 secundum

378 3064 519 3121 εἶναι
552 3068 648 3137 μὲν
675 3066 734 3119 τὸ
764 3066 1083 3136 φαινόμενον
1125 3064 1223 3117 οὐκ
1268 3063 1703 3133 ἀμφιϐάλλομεν·
1734 3063 1796 3115 τὸ
1820 3064 1875 3115 δὲ
1903 3064 1954 3115 τί
1985 3120 2014 3137 Δ

2000 3120 2021 3137 η
2058 3064 2486 3132 decrementum,
2518 3082 2624 3120 non
2649 3078 2731 3122 est
2752 3084 2942 3137 capax.
2964 3069 3427 3133 Quemadmodum
3455 3079 3636 3126 autem

379 3120 526 3215 ἐστιν
552 3120 1330 3231 ἐρωτηθέντεξδιερμηνεῦσαί
1489 3120 1631 3225 λόγῳ
1668 3155 1763 3225 τὴν
1794 3154 1953 3222 φύσιν
1981 3120 2015 3178 C

2000 3120 2021 3139 η
2474 3120 2486 3132 ,
2820 3120 2915 3137 τίη
2973 3120 3043 3133 ν
3090 3120 3425 3124 ηψπ-μην
3457 3120 3636 3126 την--

2000 3155 2022 3178 ⁴
2058 3157 2257 3209 ρωιιιηι
2289 3157 2582 3218 intuentes,
2624 3165 2679 3211 et
2725 3158 3125 3227 quodammodo
3157 3175 3252 3228 per
3307 3161 3504 3214 visoria
3550 3161 3636 3214 in-

370 3254 479 3307 οὐκ
505 3252 697 3324 ἔχομεν
718 3270 731 3283 ⁸
764 3252 1109 3322 θαυμάζομεν
1137 3250 1192 3302 δὲ
1227 3250 1382 3320 μόνον
1410 3249 1507 3319 τὴν
1537 3248 1820 3316 ἐγκύκλιον
1856 3248 1950 3301 τοῦ

2055 3254 2353 3301 strumenta
2374 3249 2829 3316 pulchritudinem
2855 3265 2975 3319 quze
3005 3250 3055 3303 in
3077 3250 3293 3304 Sublimi
3330 3258 3435 3314 est,
3470 3252 3638 3305 attin-

378 3345 578 3407 παντὸς
627 3343 861 3412 ὁρῶντες
906 3342 1229 3412 περιφορὰν,
1266 3341 1359 3392 καὶ
1405 3339 1511 3393 τῶν
1549 3340 1829 3404 πλανήτων
1856 3340 1950 3410 τὴν

2052 3345 2257 3404 gentes.
2290 3351 2411 3389 esse
2430 3336 2646 3405 quidem
2705 3338 2850 3407 quod
2884 3346 3106 3407 apparet
3133 3354 3237 3391 non
3270 3339 3629 3409 ambigimus,

378 3438 692 3506 ἐναρμόνιον
736 3436 825 3488 ἐπὶ
859 3434 921 3487 τὸ
961 3434 1195 3503 ἔμπαλιν
1234 3433 1458 3501 κίνησιν,
1507 3432 1699 3484 κύκλον
1734 3432 1791 3483 τέ
1832 3449 1951 3483 τινα

2051 3428 2178 3496 quid
2229 3435 2407 3480 autem
2464 3428 2534 3482 sit
2568 3428 2881 3498 interrogati
2938 3428 3166 3482 deﬁnire
3226 3432 3474 3484 oratione
3518 3446 3626 3486 non

374 3530 464 3581 τὸν
489 3529 775 3596 λεγόμενον
803 3526 1092 3596 ζωοφόρον,
1120 3525 1259 3577 κατὰ
1283 3525 1342 3576 τὸ
1363 3523 1511 3587 λοξὶν
1538 3522 1949 3592 ἐγκεχαραγμέ-

2050 3535 2377 3588 possumus;
2414 3521 2507 3575 sed
2549 3521 2722 3574 solum
2753 3522 3073 3575 circularem
3107 3522 3369 3575 ambitum
3395 3523 3633 3579 universi

374 3635 463 3671 νον
490 3617 569 3687 τῷ
600 3617 766 3686 πόλῳ,
818 3609 861 3683 ᾧ
899 3615 995 3683 τὴν
1038 3616 1247 3684 κίνησιν
1295 3613 1398 3664 τῶν
1448 3612 1588 3664 κατὰ
1622 3611 1682 3663 τὸ
1713 3612 1948 3665 ἐναντίον

2050 3614 2485 3682 contemplantes
2531 3610 2889 3665 admiramur.
2913 3611 3089 3681 Atque
3120 3612 3459 3680 planetarum
3501 3628 3633 3666 con-

373 3705 695 3776 είλουμένων
750 3704 1154 3775 παρατηροῦσιν
1207 3704 1255 3755 οἱ
1303 3701 1473 3754 ταῦτα
1513 3700 1691 3769 σοφοίο
1732 3702 1948 3770 φωστῆ-

2050 3702 2268 3755 cordem
2294 3711 2347 3757 et
2376 3703 2701 3757 concinnum
2738 3712 2942 3755 motum
2981 3702 3032 3755 in
3050 3703 3379 3756 contrarium
3416 3704 3632 3757 :circu-

375 3813 484 3856 οων
514 3814 573 3850 τε
599 3797 856 3866 διαφοράς
885 3796 1023 3849 κατά
1065 3812 1125 3846 τε
1172 3794 1238 3846 τὰ
1283 3793 1482 3862 μεγέθη
1513 3794 1605 3846 καὶ
1632 3792 1728 3855 τὰς
1764 3793 1946 3860 αὐγῶν

2050 3795 2268 3866 luxuque
2299 3794 2609 3865 quemdam.
2663 3794 2755 3863 qui
2792 3792 3059 3849 Zodiacus
3114 3795 3335 3859 dicitur,
3388 3797 3441 3850 in
3494 3797 3632 3851 obli-

374 3888 660 3957 .διότητας,
695 3886 943 3949 ἐπιτολάς
968 3903 1029 3939 τε
1054 3885 1145 3938 καὶ⁸
1176 3883 1351 3946 δύσεις
1379 3883 1517 3936 κατά
1538 3881 1634 3952 τὴν
1661 3882 1945 3949 ἐγκύκλιον

2047 3902 2212 3955 quum
2262 3888 2386 3956 polo
2420 3886 2772 3955 insculptum,
2802 3887 2856 3940 in
2913 3902 3020 3956 quo
3070 3887 3365 3941 motionem
3398 3903 3612 3952 eorum,

371 3979 465 4032 τοῦ
500 3979 649 4041 ἔτους
677 3977 918 4049 περίοδον
954 3978 1045 4030 ἐπὶ
1093 3975 1202 4028 τῶν
1237 3974 1414 4028 αὐτῶν
1453 3975 1538 4027 ἀεὶ
1565 3974 1768 4044 καιρῶν
1800 3991 1945 4042 γινο-

2046 3994 2165 4048 quae
2191 3978 2245 4033 in
2280 3979 2611 4033 contrarium
2645 3978 2959 4042 volvuntur,
2991 3977 3282 4031 observant
3317 3978 3507 4032 harum
3537 3996 3627 4035 re-

372 4071 539 4138 μένας
563 4070 946 4140 άπαραὸάτως·
971 4068 1216 4130 συνόδους
1239 4084 1298 4119 τε
1323 4066 1430 4120 τῶν
1447 4065 1827 4135 πλανωμένων,
1850 4066 1944 4119 καὶ

2045 4083 2163 4121 rum
2200 4067 2346 4121 docti
2380 4077 2434 4122 et
2461 4068 2749 4136 sapientes.
2779 4065 3151 4121 Luminarium
3171 4078 3350 4123 autem
3373 4069 3627 4124 diﬁ‘eren-

369 4161 677 4232 ύποδρομάς
726 4160 832 4213 τῶν
877 4157 1328 4230 ὑποϐεϐηκότων,
1380 4158 1473 4211 καὶ
1520 4155 1786 4225 ἐκλείψεις
1835 4155 1942 4209 τῶν

2041 4159 2147 4213 tias
2171 4157 2468 4212 secundum
2485 4158 2886 4228 magnitudines
2899 4166 2952 4213 et
2978 4159 3217 4228 ipsorum
3242 4163 3620 4231 proprietates,

369 4254 795 4324 ὑπερκειμένων,
842 4252 931 4305 καὶ
960 4251 1063 4320 γῆς
1101 4249 1474 4312 ἀποσκιάσεις,
1524 4248 1617 4301 καὶ
1665 4247 1942 4299 ἀποκατα-

2041 4258 2303 4319 ortusque
2343 4257 2398 4305 et
2453 4263 2706 4315 occasus,
2770 4249 3070 4305 secundum
3114 4252 3436 4309 circularem
3493 4257 3622 4312 anni

367 4345 583 4407 στάσεις
605 4343 713 4396 τῶν
743 4342 1120 4405 ἐκλειπόντων,
1150 4341 1249 4411 τήν
1282 4357 1339 4393 τε
1366 4338 1615 4407 πολυειδῆ
1649 4340 1745 4409 τῆς
1780 4338 1938 4409 σελή-

2041 4341 2330 4396 circuitum
2357 4341 2415 4396 in
2470 4341 2660 4397 iisdem
2691 4357 2906 4413 semper
2927 4343 3265 4412 temporibus
3302 4345 3473 4401 factas
3504 4348 3624 4403 sine

364 4448 461 4501 νης
494 4431 792 4493 ἀλλοίωσιν,
827 4432 916 4483 καὶ
945 4430 1035 4483 τοῦ
1071 4428 1217 4500 ἡλίου
1246 4428 1343 4499 τὴν
1386 4430 1478 4480 ἐπὶ
1513 4427 1605 4480 τοῦ
1635 4426 1798 4497 μέσου
1828 4427 1934 4479 τῶν
1966 4452 2000 4508 ι]

1985 4451 2226 4507 )errore
2263 4435 2373 4490 ullo
2405 4443 2461 4490 et
2487 4433 2822 4506 evagatione,
2889 4436 3176 4505 coitusque
3232 4439 3527 4492 errantiqu
3568 4450 3621 4494 et

364 4522 539 4575 πόλων
598 4522 828 4590 κίνησιν,
879 4522 953 4583 ὡς
999 4520 1279 4581 ἀνάπλεως
1325 4518 1400 4571 ὢν
1458 4518 1548 4571 τοῦ
1580 4518 1708 4571 ἰδίου
1758 4518 1933 4587 φωτὸς

2036 4529 2335 4582 subcursus
2356 4527 2788 4592 subeuntium,et
2806 4526 3053 4582 defectus
3075 4528 3615 4597 supereminentium,

362 4614 455 4666 καὶ
478 4615 597 4676 ταῖς
630 4615 841 4665 ἀκτῖσιν
870 4616 926 4664 ἐν
952 4611 1133 4682 κύκλῳ
1174 4611 1539 4681 καταστεφὴς.
1567 4612 1743 4663 πάντα
1779 4627 1835 4662 τε
1865 4613 1930 4681 τῇ

2033 4628 2089 4674 et
2112 4629 2269 4673 terra:
2291 4618 2733 4672 obumbrationes
2765 4625 2815 4671 et
2839 4619 3203 4673 revolutiones
3218 4617 3614 4689 deﬁcientium,

362 4708 660 4775 φωτιστικῇ
701 4704 926 4773 δυνάμει
970 4703 1483 4773 περιπτυσσόμενος,
1532 4702 1673 4753 ἔστιν
1716 4703 1804 4754 ὅτε
1840 4702 1931 4753 καὶ

2034 4704 2528 4774 multiformemque
2558 4706 2699 4758 lunae
2723 4707 3099 4769 mutationem,
3134 4708 3374 4777 solisque
3408 4709 3460 4762 in
3498 4728 3614 4767 ute—

359 4797 520 4859 αὐτὸς
571 4796 808 4848 ἐκλείπει
853 4795 945 4847 τοῦ
998 4795 1278 4864 σεληναίου
1325 4792 1592 4862 σώματος,
1637 4792 1709 4855 ὣς
1744 4810 1927 4861 φασιν,

2033 4796 2123 4849 dio
2209 4795 2456 4864 polorum
2527 4801 2756 4857 motum,
2846 4803 2903 4848 ιιι
2983 4797 3198 4867 propria
3264 4800 3384 4853 luce
3418 4800 3612 4869 plenus

357 4886 826 4958 ἐπιπροσθοῦντος.
864 4886 967 4939 Καὶ
1013 4885 1087 4948 ὡς
1130 4885 1269 4937 κατὰ
1306 4885 1366 4937 τὸ
1410 4884 1648 4955 βούλημα
1686 4883 1781 4936 τοῦ
1813 4884 1929 4936 δια-

2031 4894 2136 4951 est,
2218 4888 2443 4954 suisque
2492 4885 2661 4939 radiis
2747 4886 2801 4939 in
2862 4887 3067 4942 circulo
3137 4900 3435 4947 coronatus
3495 4908 3609 4945 om-

353 4982 613 5046 τάξαντος
642 4980 727 5032 ἀεὶ
752 4980 840 5032 τὸν
877 4980 1002 5031 ἴδιον
1046 4979 1241 5048 δρόμον
1290 4978 1483 5041 ἀνύων,
1512 4978 1928 5048 περιπορεύεται

2029 4978 2121 5031 nia
2180 4992 2278 5033 sua
2329 4978 2633 5032 illustrante
2674 4986 2939 5047 potestate
2996 4983 3383 5051 complectens,
3439 4985 3608 5038 inter-

352 5072 441 5124 διὰ
467 5073 563 5142 τῆς
588 5071 922 5139 τεταγμένης
952 5069 1173 5138 προόδου
1204 5068 1297 5121 καὶ
1321 5068 1655 5131 ὑποϐάσεως,
1688 5069 1783 5131 τὰς
1808 5069 1930 5120 τέσ-

2030 5067 2159 5122 dum
2201 5069 2365 5122 etiam
2406 5068 2522 5137 ipse
2565 5064 2765 5133 deﬁcit,
2824 5068 2999 5122 lunari
3048 5084 3299 5139 corpore,
3339 5082 3393 5127 ut
3420 5074 3639 5138 aiunt,‘

354 5180 523 5231 σαρας
559 5162 651 5215 τοῦ
683 5162 831 5224 ἔτους
858 5160 1004 5230 ὥρας
1037 5163 1092 5213 ἐν
1122 5161 1339 5222 ἑαυταῖς
1370 5160 1704 5212 ἀνειλίσσων.
1743 5158 1926 5212 Ταῦτα

2029 5167 2355 5214 occursante
2396 5150 2459 5213 et
2491 5157 2868 5215 obumbrante.
2915 5160 3093 5231 Atque
3123 5170 3183 5217 ut
3205 5178 3303 5233 pro
3335 5165 3609 5221 voluntate

350 5254 602 5323 ὁρῶντες,
640 5249 777 5307 εἶναι
809 5253 906 5323 μὲν
950 5251 1019 5304 τά
1061 5251 1355 5321 φαινόμενα
1384 5251 1448 5303 δι’
1478 5244 1552 5304 ὦν
1581 5251 1795 5320 ὁρῶμεν
1827 5252 1926 5304 ούκ

2028 5248 2332 5304 ordinantis
2360 5262 2575 5317 semper
2622 5262 2781 5301 suum
2822 5265 3042 5305 cursum
3067 5254 3383 5317 conﬁciens,
3411 5256 3607 5310 circuit

352 5345 784 5415 ἀμφιϐάλλομεν·
842 5345 1028 5397 οὐσίαν
1073 5343 1129 5396 δὲ
1173 5342 1342 5410 λόγων
1394 5342 1623 5396 ἑκάστου
1674 5341 1925 5395 τοσοῦτον

2026 5351 2080 5398 et
2102 5340 2415 5397 obambulat
2465 5355 2561 5409 per
2607 5340 2709 5395 sibi
2761 5344 3119 5398 constitutum
3173 5361 3521 5417 progressum
3554 5356 3607 5402 et

349 5438 458 5491 τῶν
490 5438 656 5492 ὄντων
684 5437 955 5507 ἀπέχομεν
1003 5436 1358 5505 κατανοῆσαι,
1408 5438 1528 5490 ὅσον
1578 5439 1625 5489 εἰ
1660 5437 1790 5505 μηδὲ
1824 5437 1923 5508 τὴν

2026 5432 2336 5488 ordinatum
2368 5431 2568 5495 locum,
2604 5439 2839 5501 quatuor
2872 5435 2999 5487 anui
3031 5433 3240 5491 diversa
3270 5446 3515 5507 tempora
3546 5440 3604 5493 in

348 5528 521 5601 ἀρχὴν
549 5531 613 5599 τῇ
640 5528 888 5599 αἰσθήσει
911 5528 973 5581 τὸ
1008 5528 1171 5597 φανὲν
1209 5527 1597 5599 ἐγνωρίσαμεν.
1630 5528 1785 5582 Οὕτω
1828 5528 1921 5581 καὶ

2026 5524 2222 5594 seipsis
2248 5522 2601 5583 convolvens,
2634 5522 2748 5576 haec
2778 5526 3137 5593 suspicientes
3164 5543 3285 5599 quae
3314 5539 3602 5600 apparent,

347 5637 438 5678 τον
463 5623 691 5693 ποιητὴν
732 5621 825 5675 τοῦ
858 5622 1082 5691 κόσμου,
1125 5621 1207 5673 ὃτι
1239 5620 1335 5690 μὲν
1378 5618 1523 5673 ἔστιν
1558 5619 1798 5691 οἴδαμεν,
1829 5619 1922 5673 τὸν

2024 5631 2148 5671 esse
2171 5614 2389 5685 quidem
2426 5629 2521 5685 per
2558 5629 2621 5669 ea
2648 5629 2769 5685 qua:
2795 5617 3066 5674 cernimus
3116 5635 3221 5675 non
3268 5619 3598 5687 dubitamus,

344 5717 402 5792 δε
429 5716 529 5782 τῆς
554 5712 737 5777 οὐσίας
755 5711 910 5783 λόγον
937 5712 1147 5780 ἀγνοεῖν
1172 5710 1271 5764 οὐκ
1302 5711 1631 5787 ἀρνούμεθα.

2025 5707 2120 5765 sed
2150 5707 2424 5762 rationum
2465 5707 2757 5762 essentiam
2795 5708 3060 5783 cujusque
3087 5727 3273 5768 eorum
3303 5728 3423 5785 qua:
3449 5722 3600 5785 sunt,
