  <div class='ocr_page' id='page_1' title='image "/cluster/home/n/w/nwhite01/storage/ocr_20150623/45/nnc1.0046978445/479.png"; bbox 0 0 4142 6374; ppageno 0'>
   <div class='ocr_carea' id='block_1_1' title="bbox 518 300 3790 369">
    <p class='ocr_par' dir='ltr' id='par_1_1' title="bbox 518 300 3790 369">
     <span class='ocr_line' id='line_1_1' title="bbox 518 300 3790 369; baseline -0.002 0"><span class='ocrx_word' id='word_1_1' title='bbox 518 311 628 369; x_wconf 77' lang='lat'><strong>935</strong></span> <span class='ocrx_word' id='word_1_2' title='bbox 1758 304 1817 362; x_wconf 86' lang='lat' dir='ltr'><strong>S.</strong></span> <span class='ocrx_word' id='word_1_3' title='bbox 1849 304 2181 363; x_wconf 76' lang='lat' dir='ltr'><strong>GREGORII</strong></span> <span class='ocrx_word' id='word_1_4' title='bbox 2213 304 2507 363; x_wconf 80' lang='lat' dir='ltr'><strong>NYSSENI</strong></span> <span class='ocrx_word' id='word_1_5' title='bbox 3679 300 3790 361; x_wconf 72' lang='lat'><strong>936</strong></span> 
     </span>
    </p>
   </div>
   <div class='ocr_carea' id='block_1_2' title="bbox 520 424 3781 501">
    <p class='ocr_par' dir='ltr' id='par_1_2' title="bbox 520 424 3781 501">
     <span class='ocr_line' id='line_1_2' title="bbox 520 424 3781 501; baseline -0.002 -17"><span class='ocrx_word' id='word_1_6' title='bbox 520 436 733 484; x_wconf 88' lang='lat' dir='ltr'><strong>tantum</strong></span> <span class='ocrx_word' id='word_1_7' title='bbox 784 426 939 483; x_wconf 88' lang='lat' dir='ltr'><strong>abest</strong></span> <span class='ocrx_word' id='word_1_8' title='bbox 988 434 1049 482; x_wconf 90' lang='lat' dir='ltr'><strong>ut</strong></span> <span class='ocrx_word' id='word_1_9' title='bbox 1098 424 1489 497; x_wconf 80' lang='lat' dir='ltr'><strong>intelligamus,</strong></span> <span class='ocrx_word' id='word_1_10' title='bbox 1548 434 1812 497; x_wconf 89' lang='lat' dir='ltr'><strong>quantum</strong></span> <span class='ocrx_word' id='word_1_11' title='bbox 1885 428 1931 484; x_wconf 90' lang='lat' dir='ltr'><strong>si</strong></span> <span class='ocrx_word' id='word_1_12' title='bbox 1980 444 2157 499; x_wconf 77' lang='lat' dir='ltr'><strong>neque</strong></span> <span class='ocrx_word' id='word_1_13' title='bbox 2190 431 2518 501; x_wconf 77' lang='lat' dir='ltr'><strong>principium</strong></span> <span class='ocrx_word' id='word_1_14' title='bbox 2567 446 2733 485; x_wconf 82' lang='lat' dir='ltr'><strong>sensu</strong></span> <span class='ocrx_word' id='word_1_15' title='bbox 2798 428 2959 499; x_wconf 83' lang='lat' dir='ltr'><strong>quod-</strong></span> <span class='ocrx_word' id='word_1_16' title='bbox 2983 437 3237 501; x_wconf 78' lang='lat' dir='ltr'><strong>apparuit</strong></span> <span class='ocrx_word' id='word_1_17' title='bbox 3290 440 3781 499; x_wconf 80' lang='lat' dir='ltr'><strong>cognovissemus:</strong></span> 
     </span>
    </p>
   </div>
   <div class='ocr_carea' id='block_1_3' title="bbox 520 519 3784 592">
    <p class='ocr_par' dir='ltr' id='par_1_3' title="bbox 520 519 3784 592">
     <span class='ocr_line' id='line_1_3' title="bbox 520 519 3784 592; baseline -0.002 -13"><span class='ocrx_word' id='word_1_18' title='bbox 520 524 605 579; x_wconf 91' lang='lat' dir='ltr'><strong>sic</strong></span> <span class='ocrx_word' id='word_1_19' title='bbox 627 529 682 578; x_wconf 87' lang='lat' dir='ltr'><strong>et</strong></span> <span class='ocrx_word' id='word_1_20' title='bbox 710 522 896 577; x_wconf 86' lang='lat' dir='ltr'><strong>mundi</strong></span> <span class='ocrx_word' id='word_1_21' title='bbox 933 524 1189 577; x_wconf 79' lang='lat' dir='ltr'><strong>factorem</strong></span> <span class='ocrx_word' id='word_1_22' title='bbox 1213 519 1361 592; x_wconf 89' lang='lat' dir='ltr'><strong>quod</strong></span> <span class='ocrx_word' id='word_1_23' title='bbox 1376 528 1524 576; x_wconf 91' lang='lat' dir='ltr'><strong>certe</strong></span> <span class='ocrx_word' id='word_1_24' title='bbox 1545 523 1617 576; x_wconf 89' lang='lat' dir='ltr'><strong>sit</strong></span> <span class='ocrx_word' id='word_1_25' title='bbox 1638 522 1911 589; x_wconf 82' lang='lat' dir='ltr'><strong>novimus,</strong></span> <span class='ocrx_word' id='word_1_26' title='bbox 1934 534 2190 579; x_wconf 63' lang='lat' dir='ltr'><strong>essentia:</strong></span> <span class='ocrx_word' id='word_1_27' title='bbox 2228 535 2408 580; x_wconf 87' lang='lat' dir='ltr'><strong>autem</strong></span> <span class='ocrx_word' id='word_1_28' title='bbox 2466 526 2732 580; x_wconf 87' lang='lat' dir='ltr'><strong>rationem</strong></span> <span class='ocrx_word' id='word_1_29' title='bbox 2802 526 2917 580; x_wconf 85' lang='lat' dir='ltr'><strong>sive</strong></span> <span class='ocrx_word' id='word_1_30' title='bbox 2985 524 3353 580; x_wconf 78' lang='lat' dir='ltr'><strong>deﬁnitionem</strong></span> <span class='ocrx_word' id='word_1_31' title='bbox 3400 536 3504 577; x_wconf 86' lang='lat' dir='ltr'><strong>nos</strong></span> <span class='ocrx_word' id='word_1_32' title='bbox 3566 520 3784 591; x_wconf 81' lang='lat' dir='ltr'><strong>ignora-</strong></span> 
     </span>
    </p>
   </div>
   <div class='ocr_carea' id='block_1_4' title="bbox 521 625 1040 680">
    <p class='ocr_par' dir='ltr' id='par_1_4' title="bbox 521 625 1040 680">
     <span class='ocr_line' id='line_1_4' title="bbox 521 625 1040 680; baseline -0.006 -14"><span class='ocrx_word' id='word_1_33' title='bbox 521 626 582 666; x_wconf 85' lang='lat' dir='ltr'><strong>re</strong></span> <span class='ocrx_word' id='word_1_34' title='bbox 611 626 723 666; x_wconf 92' lang='lat' dir='ltr'><strong>non</strong></span> <span class='ocrx_word' id='word_1_35' title='bbox 754 625 1040 680; x_wconf 79' lang='lat' dir='ltr'><strong>negamus.</strong></span> 
     </span>
    </p>
   </div>
   <div class='ocr_carea' id='block_1_5' title="bbox 586 699 2090 777">
    <p class='ocr_par' dir='ltr' id='par_1_5' title="bbox 586 703 2083 777">
     <span class='ocr_line' id='line_1_5' title="bbox 586 703 2083 777; baseline 0.001 -17"><span class='ocrx_word' id='word_1_36' title='bbox 586 705 690 772; x_wconf 92' lang='lat' dir='ltr'><strong>Qui</strong></span> <span class='ocrx_word' id='word_1_37' title='bbox 727 714 904 759; x_wconf 90' lang='lat' dir='ltr'><strong>autem</strong></span> <span class='ocrx_word' id='word_1_38' title='bbox 944 706 1056 759; x_wconf 66' lang='lat' dir='ltr'><strong>haec</strong></span> <span class='ocrx_word' id='word_1_39' title='bbox 1111 718 1171 759; x_wconf 86' lang='lat' dir='ltr'><strong>se</strong></span> <span class='ocrx_word' id='word_1_40' title='bbox 1218 703 1360 759; x_wconf 92' lang='lat' dir='ltr'><strong>scire</strong></span> <span class='ocrx_word' id='word_1_41' title='bbox 1405 704 1636 773; x_wconf 73' lang='lat' dir='ltr'><strong>iactant,</strong></span> <span class='ocrx_word' id='word_1_42' title='bbox 1692 705 1842 777; x_wconf 89' lang='lat' dir='ltr'><strong>prius</strong></span> <span class='ocrx_word' id='word_1_43' title='bbox 1893 706 1961 762; x_wconf 91' lang='lat' dir='ltr'><strong>de</strong></span> <span class='ocrx_word' id='word_1_44' title='bbox 1997 708 2083 762; x_wconf 89' lang='lat' dir='ltr'><strong>his</strong></span> 
     </span>
    </p>
   </div>
   <div class='ocr_carea' id='block_1_6' title="bbox 2193 699 3779 777">
    <p class='ocr_par' dir='ltr' id='par_1_6' title="bbox 2264 699 3779 774">
     <span class='ocr_line' id='line_1_6' title="bbox 2264 699 3779 774; baseline -0.003 -16"><span class='ocrx_word' id='word_1_45' title='bbox 2264 707 2327 759; x_wconf 83' lang='grc' dir='ltr'><strong>Οἱ</strong></span> <span class='ocrx_word' id='word_1_46' title='bbox 2384 704 2439 757; x_wconf 81' lang='grc' dir='ltr'>δὲ</span> <span class='ocrx_word' id='word_1_47' title='bbox 2498 702 2784 770; x_wconf 79' lang='grc' dir='ltr'><strong>γινώσκειν</strong></span> <span class='ocrx_word' id='word_1_48' title='bbox 2836 700 3009 754; x_wconf 90' lang='grc' dir='ltr'>ταῦτα</span> <span class='ocrx_word' id='word_1_49' title='bbox 3065 699 3475 771; x_wconf 83' lang='grc' dir='ltr'>κομπάζοντες,</span> <span class='ocrx_word' id='word_1_50' title='bbox 3521 702 3779 774; x_wconf 73' lang='grc' dir='ltr'>πρότερον</span> 
     </span>
    </p>
   </div>
   <div class='ocr_carea' id='block_1_7' title="bbox 517 796 2090 870">
    <p class='ocr_par' dir='ltr' id='par_1_7' title="bbox 517 796 2090 870">
     <span class='ocr_line' id='line_1_7' title="bbox 517 796 2090 870; baseline -0.001 -17"><span class='ocrx_word' id='word_1_51' title='bbox 517 815 639 870; x_wconf 78' lang='lat' dir='ltr'><strong>quae</strong></span> <span class='ocrx_word' id='word_1_52' title='bbox 673 796 950 852; x_wconf 81' lang='lat' dir='ltr'><strong>inferioris</strong></span> <span class='ocrx_word' id='word_1_53' title='bbox 985 808 1112 852; x_wconf 91' lang='lat' dir='ltr'><strong>sunt</strong></span> <span class='ocrx_word' id='word_1_54' title='bbox 1140 803 1351 851; x_wconf 73' lang='lat' dir='ltr'><strong>naturae</strong></span> <span class='ocrx_word' id='word_1_55' title='bbox 1395 798 1601 861; x_wconf 86' lang='lat' dir='ltr'><strong>dicant,</strong></span> <span class='ocrx_word' id='word_1_56' title='bbox 1644 798 1776 867; x_wconf 90' lang='lat' dir='ltr'><strong>quid</strong></span> <span class='ocrx_word' id='word_1_57' title='bbox 1812 814 1937 853; x_wconf 89' lang='lat' dir='ltr'><strong>esse</strong></span> <span class='ocrx_word' id='word_1_58' title='bbox 1986 815 2090 868; x_wconf 94' lang='lat' dir='ltr'><strong>pu-</strong></span> 
     </span>
    </p>
   </div>
   <div class='ocr_carea' id='block_1_8' title="bbox 520 889 2092 960">
    <p class='ocr_par' dir='ltr' id='par_1_8' title="bbox 520 889 2092 960">
     <span class='ocr_line' id='line_1_8' title="bbox 520 889 2092 960; baseline -0.001 -13"><span class='ocrx_word' id='word_1_59' title='bbox 520 900 635 947; x_wconf 92' lang='lat' dir='ltr'><strong>tent</strong></span> <span class='ocrx_word' id='word_1_60' title='bbox 660 889 882 944; x_wconf 67' lang='lat' dir='ltr'><strong>cmleste</strong></span> <span class='ocrx_word' id='word_1_61' title='bbox 911 889 1151 959; x_wconf 87' lang='lat' dir='ltr'><strong>corpus?</strong></span> <span class='ocrx_word' id='word_1_62' title='bbox 1182 903 1430 958; x_wconf 74' lang='lat' dir='ltr'><strong>quaenam</strong></span> <span class='ocrx_word' id='word_1_63' title='bbox 1473 890 1544 943; x_wconf 87' lang='lat' dir='ltr'><strong>sit</strong></span> <span class='ocrx_word' id='word_1_64' title='bbox 1575 906 1696 960; x_wconf 65' lang='lat' dir='ltr'><strong>qua:</strong></span> <span class='ocrx_word' id='word_1_65' title='bbox 1724 890 1887 945; x_wconf 86' lang='lat' dir='ltr'><strong>orbes</strong></span> <span class='ocrx_word' id='word_1_66' title='bbox 1917 890 2092 945; x_wconf 79' lang='lat' dir='ltr'><strong>defert</strong></span> 
     </span>
    </p>
   </div>
   <div class='ocr_carea' id='block_1_9' title="bbox 520 981 2090 1057">
    <p class='ocr_par' dir='ltr' id='par_1_9' title="bbox 520 981 2090 1057">
     <span class='ocr_line' id='line_1_9' title="bbox 520 981 2090 1057; baseline 0 -19"><span class='ocrx_word' id='word_1_67' title='bbox 520 1000 618 1057; x_wconf 90' lang='lat' dir='ltr'><strong>per</strong></span> <span class='ocrx_word' id='word_1_68' title='bbox 662 982 983 1038; x_wconf 84' lang='lat' dir='ltr'><strong>universum</strong></span> <span class='ocrx_word' id='word_1_69' title='bbox 1038 981 1326 1035; x_wconf 85' lang='lat' dir='ltr'><strong>machina?</strong></span> <span class='ocrx_word' id='word_1_70' title='bbox 1372 981 1427 1034; x_wconf 91' lang='lat' dir='ltr'><strong>in</strong></span> <span class='ocrx_word' id='word_1_71' title='bbox 1478 997 1586 1051; x_wconf 90' lang='lat' dir='ltr'><strong>quo</strong></span> <span class='ocrx_word' id='word_1_72' title='bbox 1638 985 1927 1038; x_wconf 87' lang='lat' dir='ltr'><strong>motionem</strong></span> <span class='ocrx_word' id='word_1_73' title='bbox 1976 982 2090 1038; x_wconf 85' lang='lat' dir='ltr'><strong>ﬁeri</strong></span> 
     </span>
    </p>
   </div>
   <div class='ocr_carea' id='block_1_10' title="bbox 520 1071 2087 1148">
    <p class='ocr_par' dir='ltr' id='par_1_10' title="bbox 520 1071 2087 1148">
     <span class='ocr_line' id='line_1_10' title="bbox 520 1071 2087 1148; baseline -0.001 -17"><span class='ocrx_word' id='word_1_74' title='bbox 520 1075 847 1148; x_wconf 85' lang='lat' dir='ltr'><strong>opinentur?</strong></span> <span class='ocrx_word' id='word_1_75' title='bbox 868 1073 1015 1143; x_wconf 83' lang='lat' dir='ltr'><strong>quod</strong></span> <span class='ocrx_word' id='word_1_76' title='bbox 1043 1073 1187 1127; x_wconf 92' lang='lat' dir='ltr'><strong>enim</strong></span> <span class='ocrx_word' id='word_1_77' title='bbox 1208 1072 1333 1141; x_wconf 87' lang='lat' dir='ltr'><strong>quis</strong></span> <span class='ocrx_word' id='word_1_78' title='bbox 1356 1071 1714 1144; x_wconf 83' lang='lat' dir='ltr'><strong>intelligentia</strong></span> <span class='ocrx_word' id='word_1_79' title='bbox 1732 1076 2087 1144; x_wconf 83' lang='lat' dir='ltr'><strong>reputaverit,</strong></span> 
     </span>
    </p>
   </div>
   <div class='ocr_carea' id='block_1_11' title="bbox 522 1162 2089 1236">
    <p class='ocr_par' dir='ltr' id='par_1_11' title="bbox 522 1162 2089 1236">
     <span class='ocr_line' id='line_1_11' title="bbox 522 1162 2089 1236; baseline -0.001 -17"><span class='ocrx_word' id='word_1_80' title='bbox 522 1182 748 1236; x_wconf 88' lang='lat' dir='ltr'><strong>prorsus</strong></span> <span class='ocrx_word' id='word_1_81' title='bbox 787 1165 843 1220; x_wconf 94' lang='lat' dir='ltr'><strong>in</strong></span> <span class='ocrx_word' id='word_1_82' title='bbox 876 1162 1101 1217; x_wconf 92' lang='lat' dir='ltr'><strong>dubium</strong></span> <span class='ocrx_word' id='word_1_83' title='bbox 1146 1170 1201 1217; x_wconf 90' lang='lat' dir='ltr'><strong>et</strong></span> <span class='ocrx_word' id='word_1_84' title='bbox 1233 1162 1524 1225; x_wconf 88' lang='lat' dir='ltr'><strong>incertum,</strong></span> <span class='ocrx_word' id='word_1_85' title='bbox 1580 1170 1743 1233; x_wconf 90' lang='lat' dir='ltr'><strong>atque</strong></span> <span class='ocrx_word' id='word_1_86' title='bbox 1778 1163 2089 1234; x_wconf 91' lang='lat' dir='ltr'><strong>incompre-</strong></span> 
     </span>
    </p>
   </div>
   <div class='ocr_carea' id='block_1_12' title="bbox 519 1253 2090 1325">
    <p class='ocr_par' dir='ltr' id='par_1_12' title="bbox 519 1253 2090 1325">
     <span class='ocr_line' id='line_1_12' title="bbox 519 1253 2090 1325; baseline 0.001 -14"><span class='ocrx_word' id='word_1_87' title='bbox 519 1257 791 1312; x_wconf 80' lang='lat' dir='ltr'><strong>hensibile</strong></span> <span class='ocrx_word' id='word_1_88' title='bbox 817 1255 960 1309; x_wconf 88' lang='lat' dir='ltr'><strong>ratio</strong></span> <span class='ocrx_word' id='word_1_89' title='bbox 983 1254 1284 1324; x_wconf 86' lang='lat' dir='ltr'><strong>procedens</strong></span> <span class='ocrx_word' id='word_1_90' title='bbox 1304 1253 1550 1320; x_wconf 85' lang='lat' dir='ltr'><strong>desinet;</strong></span> <span class='ocrx_word' id='word_1_91' title='bbox 1584 1253 1698 1310; x_wconf 88' lang='lat' dir='ltr'><strong>sive</strong></span> <span class='ocrx_word' id='word_1_92' title='bbox 1715 1254 1860 1310; x_wconf 91' lang='lat' dir='ltr'><strong>enim</strong></span> <span class='ocrx_word' id='word_1_93' title='bbox 1888 1270 2090 1325; x_wconf 88' lang='lat' dir='ltr'><strong>corpus</strong></span> 
     </span>
    </p>
   </div>
   <div class='ocr_carea' id='block_1_13' title="bbox 518 1344 2090 1418">
    <p class='ocr_par' dir='ltr' id='par_1_13' title="bbox 518 1344 2090 1418">
     <span class='ocr_line' id='line_1_13' title="bbox 518 1344 2090 1418; baseline -0.003 -15"><span class='ocrx_word' id='word_1_94' title='bbox 518 1349 766 1405; x_wconf 90' lang='lat' dir='ltr'><strong>similiter</strong></span> <span class='ocrx_word' id='word_1_95' title='bbox 796 1347 1088 1417; x_wconf 86' lang='lat' dir='ltr'><strong>ﬁguratum</strong></span> <span class='ocrx_word' id='word_1_96' title='bbox 1120 1344 1269 1400; x_wconf 86' lang='lat' dir='ltr'><strong>dicat</strong></span> <span class='ocrx_word' id='word_1_97' title='bbox 1295 1347 1419 1417; x_wconf 92' lang='lat' dir='ltr'><strong>quis</strong></span> <span class='ocrx_word' id='word_1_98' title='bbox 1471 1346 1525 1400; x_wconf 90' lang='lat' dir='ltr'><strong>in</strong></span> <span class='ocrx_word' id='word_1_99' title='bbox 1559 1346 1733 1400; x_wconf 84' lang='lat' dir='ltr'><strong>forma</strong></span> <span class='ocrx_word' id='word_1_100' title='bbox 1779 1346 2090 1418; x_wconf 87' lang='lat' dir='ltr'><strong>circumap-</strong></span> 
     </span>
    </p>
   </div>
   <div class='ocr_carea' id='block_1_14' title="bbox 515 1437 2092 1507">
    <p class='ocr_par' dir='ltr' id='par_1_14' title="bbox 515 1437 2092 1507">
     <span class='ocr_line' id='line_1_14' title="bbox 515 1437 2092 1507; baseline -0.003 -12"><span class='ocrx_word' id='word_1_101' title='bbox 515 1451 690 1495; x_wconf 84' lang='lat' dir='ltr'><strong>tatum</strong></span> <span class='ocrx_word' id='word_1_102' title='bbox 724 1440 978 1493; x_wconf 88' lang='lat' dir='ltr'><strong>lationem</strong></span> <span class='ocrx_word' id='word_1_103' title='bbox 1011 1438 1320 1503; x_wconf 91' lang='lat' dir='ltr'><strong>continere,</strong></span> <span class='ocrx_word' id='word_1_104' title='bbox 1350 1438 1431 1493; x_wconf 90' lang='lat' dir='ltr'><strong>sic</strong></span> <span class='ocrx_word' id='word_1_105' title='bbox 1456 1453 1673 1507; x_wconf 87' lang='lat' dir='ltr'><strong>semper</strong></span> <span class='ocrx_word' id='word_1_106' title='bbox 1709 1453 1935 1493; x_wconf 87' lang='lat' dir='ltr'><strong>cursum</strong></span> <span class='ocrx_word' id='word_1_107' title='bbox 1964 1437 2092 1492; x_wconf 86' lang='lat' dir='ltr'><strong>ﬂec-</strong></span> 
     </span>
    </p>
   </div>
   <div class='ocr_carea' id='block_1_15' title="bbox 513 1529 2087 1601">
    <p class='ocr_par' dir='ltr' id='par_1_15' title="bbox 513 1529 2087 1601">
     <span class='ocr_line' id='line_1_15' title="bbox 513 1529 2087 1601; baseline -0.002 -14"><span class='ocrx_word' id='word_1_108' title='bbox 513 1543 656 1598; x_wconf 88' lang='lat' dir='ltr'><strong>tens,</strong></span> <span class='ocrx_word' id='word_1_109' title='bbox 706 1530 979 1585; x_wconf 90' lang='lat' dir='ltr'><strong>consimili</strong></span> <span class='ocrx_word' id='word_1_110' title='bbox 1039 1529 1202 1583; x_wconf 86' lang='lat' dir='ltr'><strong>modo</strong></span> <span class='ocrx_word' id='word_1_111' title='bbox 1259 1530 1467 1584; x_wconf 91' lang='lat' dir='ltr'><strong>circum</strong></span> <span class='ocrx_word' id='word_1_112' title='bbox 1517 1531 1759 1601; x_wconf 90' lang='lat' dir='ltr'><strong>seipsum</strong></span> <span class='ocrx_word' id='word_1_113' title='bbox 1811 1530 2087 1594; x_wconf 87' lang='lat' dir='ltr'><strong>convolvi,</strong></span> 
     </span>
    </p>
   </div>
   <div class='ocr_carea' id='block_1_16' title="bbox 515 1621 2090 1692">
    <p class='ocr_par' dir='ltr' id='par_1_16' title="bbox 515 1621 2090 1692">
     <span class='ocr_line' id='line_1_16' title="bbox 515 1621 2090 1692; baseline -0.002 -11"><span class='ocrx_word' id='word_1_114' title='bbox 515 1626 839 1681; x_wconf 87' lang='lat' dir='ltr'><strong>necessitate</strong></span> <span class='ocrx_word' id='word_1_115' title='bbox 873 1622 1286 1692; x_wconf 89' lang='lat' dir='ltr'><strong>complectentis</strong></span> <span class='ocrx_word' id='word_1_116' title='bbox 1325 1621 1393 1676; x_wconf 89' lang='lat' dir='ltr'><strong>ad</strong></span> <span class='ocrx_word' id='word_1_117' title='bbox 1430 1631 1639 1677; x_wconf 86' lang='lat' dir='ltr'><strong>rectum</strong></span> <span class='ocrx_word' id='word_1_118' title='bbox 1674 1640 1893 1680; x_wconf 88' lang='lat' dir='ltr'><strong>sursum</strong></span> <span class='ocrx_word' id='word_1_119' title='bbox 1958 1624 2090 1679; x_wconf 81' lang='lat' dir='ltr'><strong>ferri</strong></span> 
     </span>
    </p>
   </div>
   <div class='ocr_carea' id='block_1_17' title="bbox 513 1716 2092 1788">
    <p class='ocr_par' dir='ltr' id='par_1_17' title="bbox 513 1716 2092 1788">
     <span class='ocr_line' id='line_1_17' title="bbox 513 1716 2092 1788; baseline -0.001 -16"><span class='ocrx_word' id='word_1_120' title='bbox 513 1716 1156 1787; x_wconf 81' lang='lat' dir='ltr'><strong>c0bibitum:quomodo</strong></span> <span class='ocrx_word' id='word_1_121' title='bbox 1208 1716 1375 1782; x_wconf 89' lang='lat' dir='ltr'><strong>dicet,</strong></span> <span class='ocrx_word' id='word_1_122' title='bbox 1428 1717 1542 1770; x_wconf 60' lang='lat' dir='ltr'><strong>haec</strong></span> <span class='ocrx_word' id='word_1_123' title='bbox 1594 1732 1828 1788; x_wconf 90' lang='lat' dir='ltr'><strong>corpora</strong></span> <span class='ocrx_word' id='word_1_124' title='bbox 1877 1732 2092 1787; x_wconf 88' lang='lat' dir='ltr'><strong>perma-</strong></span> 
     </span>
    </p>
   </div>
   <div class='ocr_carea' id='block_1_18' title="bbox 515 1807 2092 1878">
    <p class='ocr_par' dir='ltr' id='par_1_18' title="bbox 515 1807 2092 1878">
     <span class='ocr_line' id='line_1_18' title="bbox 515 1807 2092 1878; baseline -0.002 -13"><span class='ocrx_word' id='word_1_125' title='bbox 515 1810 686 1865; x_wconf 83' lang='lat' dir='ltr'><strong>nere?</strong></span> <span class='ocrx_word' id='word_1_126' title='bbox 729 1824 827 1863; x_wconf 91' lang='lat' dir='ltr'><strong>cur</strong></span> <span class='ocrx_word' id='word_1_127' title='bbox 866 1824 974 1862; x_wconf 90' lang='lat' dir='ltr'><strong>non</strong></span> <span class='ocrx_word' id='word_1_128' title='bbox 1007 1807 1171 1878; x_wconf 84' lang='lat' dir='ltr'><strong>longa</strong></span> <span class='ocrx_word' id='word_1_129' title='bbox 1226 1815 1281 1863; x_wconf 89' lang='lat' dir='ltr'><strong>et</strong></span> <span class='ocrx_word' id='word_1_130' title='bbox 1325 1809 1586 1863; x_wconf 86' lang='lat' dir='ltr'><strong>continua</strong></span> <span class='ocrx_word' id='word_1_131' title='bbox 1617 1808 1909 1865; x_wconf 89' lang='lat' dir='ltr'><strong>detritione</strong></span> <span class='ocrx_word' id='word_1_132' title='bbox 1950 1811 2092 1864; x_wconf 90' lang='lat' dir='ltr'><strong>inter</strong></span> 
     </span>
    </p>
   </div>
   <div class='ocr_carea' id='block_1_19' title="bbox 514 1901 2091 1965">
    <p class='ocr_par' dir='ltr' id='par_1_19' title="bbox 514 1901 2091 1965">
     <span class='ocr_line' id='line_1_19' title="bbox 514 1901 2091 1965; baseline -0.001 -7"><span class='ocrx_word' id='word_1_133' title='bbox 514 1919 573 1958; x_wconf 91' lang='lat' dir='ltr'><strong>se</strong></span> <span class='ocrx_word' id='word_1_134' title='bbox 623 1901 1015 1958; x_wconf 89' lang='lat' dir='ltr'><strong>absumantur?</strong></span> <span class='ocrx_word' id='word_1_135' title='bbox 1077 1901 1363 1965; x_wconf 78' lang='lat' dir='ltr'><strong>Quomodo</strong></span> <span class='ocrx_word' id='word_1_136' title='bbox 1411 1902 1576 1955; x_wconf 88' lang='lat' dir='ltr'><strong>etiam</strong></span> <span class='ocrx_word' id='word_1_137' title='bbox 1633 1901 1867 1957; x_wconf 73' lang='lat' dir='ltr'><strong>edicitur</strong></span> <span class='ocrx_word' id='word_1_138' title='bbox 1908 1911 2091 1957; x_wconf 89' lang='lat' dir='ltr'><strong>motus</strong></span> 
     </span>
    </p>
   </div>
   <div class='ocr_carea' id='block_1_20' title="bbox 512 1990 2088 2060">
    <p class='ocr_par' dir='ltr' id='par_1_20' title="bbox 512 1990 2088 2060">
     <span class='ocr_line' id='line_1_20' title="bbox 512 1990 2088 2060; baseline 0 -13"><span class='ocrx_word' id='word_1_139' title='bbox 512 1993 743 2047; x_wconf 89' lang='lat' dir='ltr'><strong>duorum</strong></span> <span class='ocrx_word' id='word_1_140' title='bbox 779 2005 1066 2060; x_wconf 89' lang='lat' dir='ltr'><strong>corporum</strong></span> <span class='ocrx_word' id='word_1_141' title='bbox 1101 1990 1265 2045; x_wconf 90' lang='lat' dir='ltr'><strong>simul</strong></span> <span class='ocrx_word' id='word_1_142' title='bbox 1310 2000 1565 2045; x_wconf 90' lang='lat' dir='ltr'><strong>natorum</strong></span> <span class='ocrx_word' id='word_1_143' title='bbox 1599 1992 1666 2046; x_wconf 92' lang='lat' dir='ltr'><strong>ad</strong></span> <span class='ocrx_word' id='word_1_144' title='bbox 1713 1992 1946 2047; x_wconf 84' lang='lat' dir='ltr'><strong>formam</strong></span> <span class='ocrx_word' id='word_1_145' title='bbox 1981 1991 2088 2049; x_wconf 85' lang='lat' dir='ltr'><strong>sibi</strong></span> 
     </span>
    </p>
   </div>
   <div class='ocr_carea' id='block_1_21' title="bbox 2198 792 3779 867">
    <p class='ocr_par' dir='ltr' id='par_1_21' title="bbox 2198 792 3779 867">
     <span class='ocr_line' id='line_1_21' title="bbox 2198 792 3779 867; baseline -0.001 -16"><span class='ocrx_word' id='word_1_146' title='bbox 2198 796 2460 867; x_wconf 73' lang='grc' dir='ltr'>περὶτῶν</span> <span class='ocrx_word' id='word_1_147' title='bbox 2504 795 2905 866; x_wconf 71' lang='grc' dir='ltr'>ἐπιῆεόηκότων</span> <span class='ocrx_word' id='word_1_148' title='bbox 2946 794 3278 847; x_wconf 79' lang='grc' dir='ltr'><strong>εἰπάτωσαν·</strong></span> <span class='ocrx_word' id='word_1_149' title='bbox 3324 792 3388 846; x_wconf 90' lang='grc' dir='ltr'><strong>Τί</strong></span> <span class='ocrx_word' id='word_1_150' title='bbox 3429 793 3490 845; x_wconf 80' lang='grc' dir='ltr'>τὸ</span> <span class='ocrx_word' id='word_1_151' title='bbox 3534 795 3779 866; x_wconf 80' lang='grc' dir='ltr'>οὐράνιον</span> 
     </span>
    </p>
   </div>
   <div class='ocr_carea' id='block_1_22' title="bbox 2196 885 3779 958">
    <p class='ocr_par' dir='ltr' id='par_1_22' title="bbox 2196 885 3779 958">
     <span class='ocr_line' id='line_1_22' title="bbox 2196 885 3779 958; baseline -0.001 -15"><span class='ocrx_word' id='word_1_152' title='bbox 2196 892 2395 944; x_wconf 77' lang='grc' dir='ltr'>οἴονται</span> <span class='ocrx_word' id='word_1_153' title='bbox 2443 889 2639 958; x_wconf 84' lang='grc' dir='ltr'>σῶμα;</span> <span class='ocrx_word' id='word_1_154' title='bbox 2680 888 2800 940; x_wconf 90' lang='grc' dir='ltr'>τίνα</span> <span class='ocrx_word' id='word_1_155' title='bbox 2834 886 2931 958; x_wconf 77' lang='grc' dir='ltr'><strong>τὴν</strong></span> <span class='ocrx_word' id='word_1_156' title='bbox 2973 885 3415 957; x_wconf 75' lang='grc' dir='ltr'>κυκλοφοροῦσαν</span> <span class='ocrx_word' id='word_1_157' title='bbox 3446 887 3533 939; x_wconf 86' lang='grc' dir='ltr'>διὰ</span> <span class='ocrx_word' id='word_1_158' title='bbox 3582 888 3779 952; x_wconf 79' lang='grc' dir='ltr'>παντὸς</span> 
     </span>
    </p>
   </div>
   <div class='ocr_carea' id='block_1_23' title="bbox 2201 974 3779 1050">
    <p class='ocr_par' dir='ltr' id='par_1_23' title="bbox 2201 974 3779 1050">
     <span class='ocr_line' id='line_1_23' title="bbox 2201 974 3779 1050; baseline -0.002 -18"><span class='ocrx_word' id='word_1_159' title='bbox 2201 979 2468 1050; x_wconf 86' lang='grc' dir='ltr'>μηχανὴν,</span> <span class='ocrx_word' id='word_1_160' title='bbox 2496 979 2552 1030; x_wconf 84' lang='grc' dir='ltr'><strong>ἐν</strong></span> <span class='ocrx_word' id='word_1_161' title='bbox 2584 976 2690 1028; x_wconf 89' lang='grc' dir='ltr'>τίνι</span> <span class='ocrx_word' id='word_1_162' title='bbox 2728 976 2784 1028; x_wconf 83' lang='grc' dir='ltr'>δὲ</span> <span class='ocrx_word' id='word_1_163' title='bbox 2813 976 2910 1046; x_wconf 82' lang='grc' dir='ltr'><strong>τὴν</strong></span> <span class='ocrx_word' id='word_1_164' title='bbox 2945 976 3155 1046; x_wconf 82' lang='grc' dir='ltr'>κίνησιν</span> <span class='ocrx_word' id='word_1_165' title='bbox 3199 974 3443 1043; x_wconf 84' lang='grc' dir='ltr'>γίνεσθαι</span> <span class='ocrx_word' id='word_1_166' title='bbox 3470 992 3485 1041; x_wconf 90' lang='lat'><strong>;</strong></span> <span class='ocrx_word' id='word_1_167' title='bbox 3511 976 3646 1047; x_wconf 84' lang='grc' dir='ltr'>ὅπερ</span> <span class='ocrx_word' id='word_1_168' title='bbox 3671 976 3779 1049; x_wconf 76' lang='grc' dir='ltr'><strong>γὰρ</strong></span> 
     </span>
    </p>
   </div>
   <div class='ocr_carea' id='block_1_24' title="bbox 2195 1066 3779 1139">
    <p class='ocr_par' dir='ltr' id='par_1_24' title="bbox 2195 1066 3779 1139">
     <span class='ocr_line' id='line_1_24' title="bbox 2195 1066 3779 1139; baseline -0.001 -15"><span class='ocrx_word' id='word_1_169' title='bbox 2195 1070 2261 1124; x_wconf 84' lang='grc' dir='ltr'><strong>ἀν</strong></span> <span class='ocrx_word' id='word_1_170' title='bbox 2283 1087 2368 1132; x_wconf 87' lang='grc' dir='ltr'><strong>τις</strong></span> <span class='ocrx_word' id='word_1_171' title='bbox 2397 1071 2462 1139; x_wconf 78' lang='grc' dir='ltr'>τῇ</span> <span class='ocrx_word' id='word_1_172' title='bbox 2488 1068 2692 1137; x_wconf 72' lang='grc' dir='ltr'>διανοίᾳ</span> <span class='ocrx_word' id='word_1_173' title='bbox 2722 1067 3024 1136; x_wconf 78' lang='grc' dir='ltr'>λογίσηται,</span> <span class='ocrx_word' id='word_1_174' title='bbox 3052 1066 3267 1131; x_wconf 84' lang='grc' dir='ltr'>πάντως</span> <span class='ocrx_word' id='word_1_175' title='bbox 3299 1070 3380 1131; x_wconf 87' lang='grc' dir='ltr'>εἰς</span> <span class='ocrx_word' id='word_1_176' title='bbox 3414 1068 3475 1122; x_wconf 87' lang='grc' dir='ltr'><strong>τὸ</strong></span> <span class='ocrx_word' id='word_1_177' title='bbox 3502 1070 3779 1139; x_wconf 77' lang='grc' dir='ltr'>ἀμήχανόν</span> 
     </span>
    </p>
   </div>
   <div class='ocr_carea' id='block_1_25' title="bbox 2194 1156 3775 1231">
    <p class='ocr_par' dir='ltr' id='par_1_25' title="bbox 2194 1156 3775 1231">
     <span class='ocr_line' id='line_1_25' title="bbox 2194 1156 3775 1231; baseline 0.001 -19"><span class='ocrx_word' id='word_1_178' title='bbox 2194 1178 2255 1212; x_wconf 88' lang='grc' dir='ltr'><strong>τε</strong></span> <span class='ocrx_word' id='word_1_179' title='bbox 2298 1160 2391 1214; x_wconf 82' lang='grc' dir='ltr'><strong>καὶ</strong></span> <span class='ocrx_word' id='word_1_180' title='bbox 2422 1158 2804 1228; x_wconf 78' lang='grc' dir='ltr'><strong>ἀκατάληπτον</strong></span> <span class='ocrx_word' id='word_1_181' title='bbox 2842 1159 2870 1210; x_wconf 89' lang='grc' dir='ltr'><strong>ὀ</strong></span> <span class='ocrx_word' id='word_1_182' title='bbox 2913 1156 3169 1227; x_wconf 78' lang='grc' dir='ltr'>λογισμὸς</span> <span class='ocrx_word' id='word_1_183' title='bbox 3215 1158 3418 1229; x_wconf 85' lang='grc' dir='ltr'>προῖὼν</span> <span class='ocrx_word' id='word_1_184' title='bbox 3465 1160 3775 1231; x_wconf 80' lang='grc' dir='ltr'>καταλήξει.</span> 
     </span>
    </p>
   </div>
   <div class='ocr_carea' id='block_1_26' title="bbox 2196 1250 3777 1323">
    <p class='ocr_par' dir='ltr' id='par_1_26' title="bbox 2196 1250 3777 1323">
     <span class='ocr_line' id='line_1_26' title="bbox 2196 1250 3777 1323; baseline -0.001 -17"><span class='ocrx_word' id='word_1_185' title='bbox 2196 1255 2319 1306; x_wconf 72' lang='grc' dir='ltr'>Εἴτε</span> <span class='ocrx_word' id='word_1_186' title='bbox 2344 1252 2451 1323; x_wconf 83' lang='grc' dir='ltr'>γὰρ</span> <span class='ocrx_word' id='word_1_187' title='bbox 2473 1252 2658 1322; x_wconf 71' lang='grc' dir='ltr'>ἕτερον</span> <span class='ocrx_word' id='word_1_188' title='bbox 2683 1250 3207 1321; x_wconf 85' lang='grc' dir='ltr'>όμοιοσχημάτιστον</span> <span class='ocrx_word' id='word_1_189' title='bbox 3251 1251 3409 1322; x_wconf 85' lang='grc' dir='ltr'>σῶμα</span> <span class='ocrx_word' id='word_1_190' title='bbox 3454 1252 3663 1319; x_wconf 85' lang='grc' dir='ltr'>λέγοιτό</span> <span class='ocrx_word' id='word_1_191' title='bbox 3692 1270 3777 1316; x_wconf 86' lang='grc' dir='ltr'><strong>τις</strong></span> 
     </span>
    </p>
   </div>
   <div class='ocr_carea' id='block_1_27' title="bbox 2196 1343 3777 1416">
    <p class='ocr_par' dir='ltr' id='par_1_27' title="bbox 2196 1343 3777 1416">
     <span class='ocr_line' id='line_1_27' title="bbox 2196 1343 3777 1416; baseline -0.001 -17"><span class='ocrx_word' id='word_1_192' title='bbox 2196 1348 2254 1400; x_wconf 90' lang='grc' dir='ltr'><strong>ἐν</strong></span> <span class='ocrx_word' id='word_1_193' title='bbox 2276 1345 2429 1414; x_wconf 86' lang='grc' dir='ltr'>τύπῳ</span> <span class='ocrx_word' id='word_1_194' title='bbox 2458 1343 2929 1416; x_wconf 89' lang='grc' dir='ltr'>περιηρμοσμένον</span> <span class='ocrx_word' id='word_1_195' title='bbox 2970 1347 3318 1414; x_wconf 81' lang='grc' dir='ltr'>περικρατεῖν</span> <span class='ocrx_word' id='word_1_196' title='bbox 3354 1345 3453 1415; x_wconf 81' lang='grc' dir='ltr'><strong>τὴν</strong></span> <span class='ocrx_word' id='word_1_197' title='bbox 3483 1344 3673 1413; x_wconf 76' lang='grc' dir='ltr'>φορὰν,</span> <span class='ocrx_word' id='word_1_198' title='bbox 3702 1346 3777 1408; x_wconf 86' lang='grc' dir='ltr'>ὡς</span> 
     </span>
    </p>
   </div>
   <div class='ocr_carea' id='block_1_28' title="bbox 2196 1438 3777 1510">
    <p class='ocr_par' dir='ltr' id='par_1_28' title="bbox 2196 1438 3777 1510">
     <span class='ocr_line' id='line_1_28' title="bbox 2196 1438 3777 1510; baseline -0.001 -18"><span class='ocrx_word' id='word_1_199' title='bbox 2196 1439 2283 1492; x_wconf 78' lang='grc' dir='ltr'>ἀεὶ</span> <span class='ocrx_word' id='word_1_200' title='bbox 2308 1438 2399 1492; x_wconf 81' lang='grc' dir='ltr'><strong>τὸν</strong></span> <span class='ocrx_word' id='word_1_201' title='bbox 2417 1439 2614 1508; x_wconf 85' lang='grc' dir='ltr'>δρόμον</span> <span class='ocrx_word' id='word_1_202' title='bbox 2635 1439 3019 1509; x_wconf 88' lang='grc' dir='ltr'>καμπτόμενον</span> <span class='ocrx_word' id='word_1_203' title='bbox 3046 1438 3413 1509; x_wconf 72' lang='grc' dir='ltr'><strong>ὁμοιοτρόπως</strong></span> <span class='ocrx_word' id='word_1_204' title='bbox 3436 1438 3566 1510; x_wconf 72' lang='grc' dir='ltr'>περὶ</span> <span class='ocrx_word' id='word_1_205' title='bbox 3587 1438 3777 1491; x_wconf 80' lang='grc' dir='ltr'>ἐαυτὸν</span> 
     </span>
    </p>
   </div>
   <div class='ocr_carea' id='block_1_29' title="bbox 2196 1529 3778 1602">
    <p class='ocr_par' dir='ltr' id='par_1_29' title="bbox 2196 1529 3778 1602">
     <span class='ocr_line' id='line_1_29' title="bbox 2196 1529 3778 1602; baseline -0.003 -16"><span class='ocrx_word' id='word_1_206' title='bbox 2196 1531 2613 1596; x_wconf 84' lang='grc' dir='ltr'>ἀνειλίσσεσθαι,</span> <span class='ocrx_word' id='word_1_207' title='bbox 2644 1533 2710 1602; x_wconf 80' lang='grc' dir='ltr'>τῇ</span> <span class='ocrx_word' id='word_1_208' title='bbox 2744 1531 2957 1602; x_wconf 77' lang='grc' dir='ltr'><strong>ἀνάγκῃ</strong></span> <span class='ocrx_word' id='word_1_209' title='bbox 2989 1530 3081 1582; x_wconf 91' lang='grc' dir='ltr'><strong>τοῦ</strong></span> <span class='ocrx_word' id='word_1_210' title='bbox 3118 1530 3462 1600; x_wconf 80' lang='grc' dir='ltr'>περιέχοντος</span> <span class='ocrx_word' id='word_1_211' title='bbox 3499 1529 3778 1599; x_wconf 79' lang='grc' dir='ltr'>ἐξενεχθῆ-</span> 
     </span>
    </p>
   </div>
   <div class='ocr_carea' id='block_1_30' title="bbox 2196 1621 3778 1698">
    <p class='ocr_par' dir='ltr' id='par_1_30' title="bbox 2196 1621 3778 1698">
     <span class='ocr_line' id='line_1_30' title="bbox 2196 1621 3778 1698; baseline -0.002 -20"><span class='ocrx_word' id='word_1_212' title='bbox 2196 1642 2284 1678; x_wconf 88' lang='grc' dir='ltr'><strong>ναι</strong></span> <span class='ocrx_word' id='word_1_213' title='bbox 2316 1625 2452 1698; x_wconf 86' lang='grc' dir='ltr'>πρὸς</span> <span class='ocrx_word' id='word_1_214' title='bbox 2498 1625 2559 1678; x_wconf 82' lang='grc' dir='ltr'><strong>τὸ</strong></span> <span class='ocrx_word' id='word_1_215' title='bbox 2609 1625 2736 1677; x_wconf 79' lang='grc' dir='ltr'>εὐθὺ</span> <span class='ocrx_word' id='word_1_216' title='bbox 2790 1622 3161 1692; x_wconf 82' lang='grc' dir='ltr'>κωλυόμενον·</span> <span class='ocrx_word' id='word_1_217' title='bbox 3194 1622 3312 1684; x_wconf 83' lang='grc' dir='ltr'><strong>πῶς</strong></span> <span class='ocrx_word' id='word_1_218' title='bbox 3352 1624 3464 1693; x_wconf 91' lang='grc' dir='ltr'>ἐρεῖ</span> <span class='ocrx_word' id='word_1_219' title='bbox 3502 1621 3778 1692; x_wconf 79' lang='grc' dir='ltr'>διαμένειν</span> 
     </span>
    </p>
   </div>
   <div class='ocr_carea' id='block_1_31' title="bbox 2195 1714 3777 1788">
    <p class='ocr_par' dir='ltr' id='par_1_31' title="bbox 2195 1714 3777 1788">
     <span class='ocr_line' id='line_1_31' title="bbox 2195 1714 3777 1788; baseline -0.002 -19"><span class='ocrx_word' id='word_1_220' title='bbox 2195 1715 2370 1771; x_wconf 85' lang='grc' dir='ltr'>ταῦτα</span> <span class='ocrx_word' id='word_1_221' title='bbox 2415 1717 2482 1771; x_wconf 87' lang='grc' dir='ltr'><strong>τά</strong></span> <span class='ocrx_word' id='word_1_222' title='bbox 2538 1717 2783 1788; x_wconf 84' lang='grc' dir='ltr'>σώματα,</span> <span class='ocrx_word' id='word_1_223' title='bbox 2830 1716 2917 1769; x_wconf 84' lang='grc' dir='ltr'>διὰ</span> <span class='ocrx_word' id='word_1_224' title='bbox 2966 1716 3065 1786; x_wconf 83' lang='grc' dir='ltr'>τῆς</span> <span class='ocrx_word' id='word_1_225' title='bbox 3119 1714 3395 1786; x_wconf 71' lang='grc' dir='ltr'>διηνεκοῦς</span> <span class='ocrx_word' id='word_1_226' title='bbox 3441 1715 3671 1785; x_wconf 74' lang='grc' dir='ltr'>τρίψεως</span> <span class='ocrx_word' id='word_1_227' title='bbox 3716 1715 3777 1766; x_wconf 79' lang='grc' dir='ltr'><strong>ἐν</strong></span> 
     </span>
    </p>
   </div>
   <div class='ocr_carea' id='block_1_32' title="bbox 2197 1804 3776 1879">
    <p class='ocr_par' dir='ltr' id='par_1_32' title="bbox 2197 1804 3776 1879">
     <span class='ocr_line' id='line_1_32' title="bbox 2197 1804 3776 1879; baseline -0.002 -19"><span class='ocrx_word' id='word_1_228' title='bbox 2197 1808 2447 1879; x_wconf 86' lang='grc' dir='ltr'>ἀλλήλοις</span> <span class='ocrx_word' id='word_1_229' title='bbox 2482 1808 2542 1859; x_wconf 84' lang='grc' dir='ltr'><strong>οὐ</strong></span> <span class='ocrx_word' id='word_1_230' title='bbox 2573 1804 2971 1876; x_wconf 83' lang='grc' dir='ltr'>δαπανώμενα;</span> <span class='ocrx_word' id='word_1_231' title='bbox 3004 1804 3128 1869; x_wconf 86' lang='grc' dir='ltr'>Πῶς</span> <span class='ocrx_word' id='word_1_232' title='bbox 3169 1805 3227 1857; x_wconf 76' lang='grc' dir='ltr'>δὲ</span> <span class='ocrx_word' id='word_1_233' title='bbox 3268 1805 3361 1859; x_wconf 76' lang='grc' dir='ltr'><strong>καὶ</strong></span> <span class='ocrx_word' id='word_1_234' title='bbox 3407 1806 3705 1876; x_wconf 79' lang='grc' dir='ltr'>ἐνεργεῖται</span> <span class='ocrx_word' id='word_1_235' title='bbox 3737 1807 3776 1875; x_wconf 77' lang='grc' dir='ltr'><strong>ἡ</strong></span> 
     </span>
    </p>
   </div>
   <div class='ocr_carea' id='block_1_33' title="bbox 2197 1896 3775 1968">
    <p class='ocr_par' dir='ltr' id='par_1_33' title="bbox 2197 1896 3775 1968">
     <span class='ocr_line' id='line_1_33' title="bbox 2197 1896 3775 1968; baseline -0.002 -16"><span class='ocrx_word' id='word_1_236' title='bbox 2197 1899 2429 1967; x_wconf 84' lang='grc' dir='ltr'>κίνησις,</span> <span class='ocrx_word' id='word_1_237' title='bbox 2457 1898 2548 1951; x_wconf 90' lang='grc' dir='ltr'><strong>δύο</strong></span> <span class='ocrx_word' id='word_1_238' title='bbox 2588 1899 2854 1968; x_wconf 88' lang='grc' dir='ltr'>σωμάτων</span> <span class='ocrx_word' id='word_1_239' title='bbox 2894 1896 3147 1968; x_wconf 77' lang='grc' dir='ltr'>ὁμοφυῶν</span> <span class='ocrx_word' id='word_1_240' title='bbox 3171 1896 3307 1968; x_wconf 81' lang='grc' dir='ltr'>πρὸς</span> <span class='ocrx_word' id='word_1_241' title='bbox 3334 1896 3502 1949; x_wconf 82' lang='grc' dir='ltr'>τύπον</span> <span class='ocrx_word' id='word_1_242' title='bbox 3529 1896 3775 1968; x_wconf 82' lang='grc' dir='ltr'>ἀλλήλοις</span> 
     </span>
    </p>
   </div>
   <div class='ocr_carea' id='block_1_34' title="bbox 2198 1986 3773 2062">
    <p class='ocr_par' dir='ltr' id='par_1_34' title="bbox 2198 1986 3773 2062">
     <span class='ocr_line' id='line_1_34' title="bbox 2198 1986 3773 2062; baseline -0.003 -19"><span class='ocrx_word' id='word_1_243' title='bbox 2198 1990 2694 2062; x_wconf 84' lang='grc' dir='ltr'>ἐναρμοττομένων,</span> <span class='ocrx_word' id='word_1_244' title='bbox 2730 1989 2856 2043; x_wconf 81' lang='grc' dir='ltr'>ὅταν</span> <span class='ocrx_word' id='word_1_245' title='bbox 2894 1988 2953 2041; x_wconf 76' lang='grc' dir='ltr'>τὺ</span> <span class='ocrx_word' id='word_1_246' title='bbox 2997 1988 3179 2058; x_wconf 75' lang='grc' dir='ltr'>ἕτερον</span> <span class='ocrx_word' id='word_1_247' title='bbox 3218 1987 3469 2056; x_wconf 87' lang='grc' dir='ltr'>ἀκίνητον</span> <span class='ocrx_word' id='word_1_248' title='bbox 3506 1986 3660 2057; x_wconf 79' lang='grc' dir='ltr'>μένῃ.</span> <span class='ocrx_word' id='word_1_249' title='bbox 3692 1986 3773 2058; x_wconf 78' lang='grc' dir='ltr'>Τῇ</span> 
     </span>
    </p>
   </div>
   <div class='ocr_carea' id='block_1_35' title="bbox 513 2077 2090 2153">
    <p class='ocr_par' dir='ltr' id='par_1_35' title="bbox 513 2083 2088 2153">
     <span class='ocr_line' id='line_1_35' title="bbox 513 2083 2088 2153; baseline -0.003 -12"><span class='ocrx_word' id='word_1_250' title='bbox 513 2086 745 2141; x_wconf 87' lang='lat' dir='ltr'><strong>invicem</strong></span> <span class='ocrx_word' id='word_1_251' title='bbox 769 2084 1215 2153; x_wconf 81' lang='lat' dir='ltr'><strong>congruentium,</strong></span> <span class='ocrx_word' id='word_1_252' title='bbox 1243 2098 1369 2137; x_wconf 92' lang='lat' dir='ltr'><strong>cum</strong></span> <span class='ocrx_word' id='word_1_253' title='bbox 1404 2083 1633 2137; x_wconf 86' lang='lat' dir='ltr'><strong>alterum</strong></span> <span class='ocrx_word' id='word_1_254' title='bbox 1661 2083 1939 2139; x_wconf 87' lang='lat' dir='ltr'><strong>immobile</strong></span> <span class='ocrx_word' id='word_1_255' title='bbox 1968 2098 2088 2137; x_wconf 91' lang='lat' dir='ltr'><strong>ma-</strong></span> 
     </span>
    </p>
   </div>
   <div class='ocr_carea' id='block_1_36' title="bbox 2193 2077 3773 2153">
    <p class='ocr_par' dir='ltr' id='par_1_36' title="bbox 2193 2077 3773 2152">
     <span class='ocr_line' id='line_1_36' title="bbox 2193 2077 3773 2152; baseline -0.004 -18"><span class='ocrx_word' id='word_1_256' title='bbox 2193 2080 2299 2152; x_wconf 81' lang='grc' dir='ltr'>γὰρ</span> <span class='ocrx_word' id='word_1_257' title='bbox 2329 2082 2587 2151; x_wconf 74' lang='grc' dir='ltr'>ἀκινησίᾳ</span> <span class='ocrx_word' id='word_1_258' title='bbox 2615 2079 2707 2133; x_wconf 92' lang='grc' dir='ltr'><strong>τοῦ</strong></span> <span class='ocrx_word' id='word_1_259' title='bbox 2752 2078 3243 2150; x_wconf 82' lang='grc' dir='ltr'>περιδεδραγμένου</span> <span class='ocrx_word' id='word_1_260' title='bbox 3271 2078 3331 2131; x_wconf 68' lang='grc' dir='ltr'>τὸ</span> <span class='ocrx_word' id='word_1_261' title='bbox 3355 2077 3502 2141; x_wconf 78' lang='grc' dir='ltr'>ἐντὸς</span> <span class='ocrx_word' id='word_1_262' title='bbox 3526 2077 3773 2145; x_wconf 79' lang='grc' dir='ltr'>διασφιγ-</span> 
     </span>
    </p>
   </div>
   <div class='ocr_carea' id='block_1_37' title="bbox 514 2174 2092 2245">
    <p class='ocr_par' dir='ltr' id='par_1_37' title="bbox 514 2174 2092 2245">
     <span class='ocr_line' id='line_1_37' title="bbox 514 2174 2092 2245; baseline -0.001 -14"><span class='ocrx_word' id='word_1_263' title='bbox 514 2188 681 2243; x_wconf 88' lang='lat' dir='ltr'><strong>neat;</strong></span> <span class='ocrx_word' id='word_1_264' title='bbox 712 2175 1091 2230; x_wconf 89' lang='lat' dir='ltr'><strong>immobilitate</strong></span> <span class='ocrx_word' id='word_1_265' title='bbox 1123 2175 1265 2229; x_wconf 90' lang='lat' dir='ltr'><strong>enim</strong></span> <span class='ocrx_word' id='word_1_266' title='bbox 1301 2174 1735 2244; x_wconf 87' lang='lat' dir='ltr'><strong>complectentis,</strong></span> <span class='ocrx_word' id='word_1_267' title='bbox 1771 2174 1916 2245; x_wconf 86' lang='lat' dir='ltr'><strong>quod</strong></span> <span class='ocrx_word' id='word_1_268' title='bbox 1944 2176 2092 2231; x_wconf 88' lang='lat' dir='ltr'><strong>intus</strong></span> 
     </span>
    </p>
   </div>
   <div class='ocr_carea' id='block_1_38' title="bbox 510 2267 2091 2338">
    <p class='ocr_par' dir='ltr' id='par_1_38' title="bbox 510 2267 2091 2338">
     <span class='ocr_line' id='line_1_38' title="bbox 510 2267 2091 2338; baseline -0.001 -14"><span class='ocrx_word' id='word_1_269' title='bbox 510 2269 927 2338; x_wconf 84' lang='lat' dir='ltr'><strong>constringitur,</strong></span> <span class='ocrx_word' id='word_1_270' title='bbox 988 2282 1218 2334; x_wconf 91' lang='lat' dir='ltr'><strong>prorsus</strong></span> <span class='ocrx_word' id='word_1_271' title='bbox 1272 2267 1339 2321; x_wconf 93' lang='lat' dir='ltr'><strong>ad</strong></span> <span class='ocrx_word' id='word_1_272' title='bbox 1378 2282 1535 2321; x_wconf 94' lang='lat' dir='ltr'><strong>suum</strong></span> <span class='ocrx_word' id='word_1_273' title='bbox 1573 2274 1754 2321; x_wconf 92' lang='lat' dir='ltr'><strong>actum</strong></span> <span class='ocrx_word' id='word_1_274' title='bbox 1789 2268 2091 2322; x_wconf 88' lang='lat' dir='ltr'><strong>invalidum</strong></span> 
     </span>
    </p>
   </div>
   <div class='ocr_carea' id='block_1_39' title="bbox 510 2358 2091 2429">
    <p class='ocr_par' dir='ltr' id='par_1_39' title="bbox 510 2358 2091 2429">
     <span class='ocr_line' id='line_1_39' title="bbox 510 2358 2091 2429; baseline 0 -15"><span class='ocrx_word' id='word_1_275' title='bbox 510 2361 636 2414; x_wconf 82' lang='lat' dir='ltr'><strong>erit.</strong></span> <span class='ocrx_word' id='word_1_276' title='bbox 678 2358 818 2424; x_wconf 86' lang='lat' dir='ltr'><strong>Quid</strong></span> <span class='ocrx_word' id='word_1_277' title='bbox 877 2368 959 2412; x_wconf 90' lang='lat' dir='ltr'><strong>est</strong></span> <span class='ocrx_word' id='word_1_278' title='bbox 1003 2360 1147 2429; x_wconf 89' lang='lat' dir='ltr'><strong>quod</strong></span> <span class='ocrx_word' id='word_1_279' title='bbox 1197 2358 1531 2412; x_wconf 91' lang='lat' dir='ltr'><strong>continentis</strong></span> <span class='ocrx_word' id='word_1_280' title='bbox 1562 2359 1709 2415; x_wconf 91' lang='lat' dir='ltr'><strong>illius</strong></span> <span class='ocrx_word' id='word_1_281' title='bbox 1760 2359 2091 2415; x_wconf 87' lang='lat' dir='ltr'><strong>soliditatem</strong></span> 
     </span>
    </p>
   </div>
   <div class='ocr_carea' id='block_1_40' title="bbox 516 2450 2092 2519">
    <p class='ocr_par' dir='ltr' id='par_1_40' title="bbox 516 2450 2092 2519">
     <span class='ocr_line' id='line_1_40' title="bbox 516 2450 2092 2519; baseline 0.002 -15"><span class='ocrx_word' id='word_1_282' title='bbox 516 2450 697 2504; x_wconf 81' lang='lat' dir='ltr'><strong>(irmat</strong></span> <span class='ocrx_word' id='word_1_283' title='bbox 730 2451 802 2504; x_wconf 91' lang='lat' dir='ltr'><strong>ita</strong></span> <span class='ocrx_word' id='word_1_284' title='bbox 844 2458 903 2503; x_wconf 91' lang='lat' dir='ltr'><strong>ut</strong></span> <span class='ocrx_word' id='word_1_285' title='bbox 936 2451 1324 2504; x_wconf 89' lang='lat' dir='ltr'><strong>inconcussum</strong></span> <span class='ocrx_word' id='word_1_286' title='bbox 1374 2458 1712 2519; x_wconf 86' lang='lat' dir='ltr'><strong>permaneat,</strong></span> <span class='ocrx_word' id='word_1_287' title='bbox 1764 2466 1795 2505; x_wconf 90' lang='lat' dir='ltr'><strong>a</strong></span> <span class='ocrx_word' id='word_1_288' title='bbox 1844 2467 2092 2507; x_wconf 82' lang='lat' dir='ltr'><strong>conuexo</strong></span> 
     </span>
    </p>
   </div>
   <div class='ocr_carea' id='block_1_41' title="bbox 514 2539 2091 2611">
    <p class='ocr_par' dir='ltr' id='par_1_41' title="bbox 514 2539 2091 2611">
     <span class='ocr_line' id='line_1_41' title="bbox 514 2539 2091 2611; baseline 0.001 -15"><span class='ocrx_word' id='word_1_289' title='bbox 514 2552 667 2596; x_wconf 91' lang='lat' dir='ltr'><strong>m0tu</strong></span> <span class='ocrx_word' id='word_1_290' title='bbox 697 2557 804 2595; x_wconf 91' lang='lat' dir='ltr'><strong>non</strong></span> <span class='ocrx_word' id='word_1_291' title='bbox 841 2540 1140 2611; x_wconf 81' lang='lat' dir='ltr'><strong>agitatum?</strong></span> <span class='ocrx_word' id='word_1_292' title='bbox 1164 2539 1321 2606; x_wconf 88' lang='lat' dir='ltr'><strong>Quod</strong></span> <span class='ocrx_word' id='word_1_293' title='bbox 1345 2540 1392 2597; x_wconf 91' lang='lat' dir='ltr'><strong>si</strong></span> <span class='ocrx_word' id='word_1_294' title='bbox 1421 2543 1585 2596; x_wconf 90' lang='lat' dir='ltr'><strong>etiam</strong></span> <span class='ocrx_word' id='word_1_295' title='bbox 1615 2542 1763 2597; x_wconf 92' lang='lat' dir='ltr'><strong>illius</strong></span> <span class='ocrx_word' id='word_1_296' title='bbox 1786 2543 2091 2599; x_wconf 90' lang='lat' dir='ltr'><strong>secundum</strong></span> 
     </span>
    </p>
   </div>
   <div class='ocr_carea' id='block_1_42' title="bbox 512 2630 2083 2704">
    <p class='ocr_par' dir='ltr' id='par_1_42' title="bbox 512 2630 2083 2704">
     <span class='ocr_line' id='line_1_42' title="bbox 512 2630 2083 2704; baseline -0.001 -15"><span class='ocrx_word' id='word_1_297' title='bbox 512 2631 822 2689; x_wconf 80' lang='lat' dir='ltr'><strong>intellectus</strong></span> <span class='ocrx_word' id='word_1_298' title='bbox 873 2630 1148 2685; x_wconf 89' lang='lat' dir='ltr'><strong>curiosam</strong></span> <span class='ocrx_word' id='word_1_299' title='bbox 1211 2630 1614 2701; x_wconf 89' lang='lat' dir='ltr'><strong>indagationem</strong></span> <span class='ocrx_word' id='word_1_300' title='bbox 1668 2632 1825 2687; x_wconf 85' lang='lat' dir='ltr'><strong>sedes</strong></span> <span class='ocrx_word' id='word_1_301' title='bbox 1897 2634 2083 2704; x_wconf 85' lang='lat' dir='ltr'><strong>aliqua</strong></span> 
     </span>
    </p>
   </div>
   <div class='ocr_carea' id='block_1_43' title="bbox 512 2722 2088 2792">
    <p class='ocr_par' dir='ltr' id='par_1_43' title="bbox 512 2722 2088 2792">
     <span class='ocr_line' id='line_1_43' title="bbox 512 2722 2088 2792; baseline -0.001 -12"><span class='ocrx_word' id='word_1_302' title='bbox 512 2740 637 2780; x_wconf 85' lang='lat' dir='ltr'><strong>esse</strong></span> <span class='ocrx_word' id='word_1_303' title='bbox 665 2723 1030 2787; x_wconf 76' lang='lat' dir='ltr'><strong>existimetur,</strong></span> <span class='ocrx_word' id='word_1_304' title='bbox 1067 2736 1188 2792; x_wconf 64' lang='lat' dir='ltr'><strong>quae</strong></span> <span class='ocrx_word' id='word_1_305' title='bbox 1221 2729 1509 2777; x_wconf 77' lang='lat' dir='ltr'><strong>conservet</strong></span> <span class='ocrx_word' id='word_1_306' title='bbox 1540 2722 1593 2776; x_wconf 96' lang='lat' dir='ltr'><strong>in</strong></span> <span class='ocrx_word' id='word_1_307' title='bbox 1657 2724 1830 2778; x_wconf 92' lang='lat' dir='ltr'><strong>solido</strong></span> <span class='ocrx_word' id='word_1_308' title='bbox 1859 2732 2088 2788; x_wconf 90' lang='lat' dir='ltr'><strong>statum,</strong></span> 
     </span>
    </p>
   </div>
   <div class='ocr_carea' id='block_1_44' title="bbox 513 2812 2090 2887">
    <p class='ocr_par' dir='ltr' id='par_1_44' title="bbox 513 2812 2090 2887">
     <span class='ocr_line' id='line_1_44' title="bbox 513 2812 2090 2887; baseline 0.001 -19"><span class='ocrx_word' id='word_1_309' title='bbox 513 2814 705 2887; x_wconf 90' lang='lat' dir='ltr'><strong>procul</strong></span> <span class='ocrx_word' id='word_1_310' title='bbox 733 2812 900 2868; x_wconf 89' lang='lat' dir='ltr'><strong>dubio</strong></span> <span class='ocrx_word' id='word_1_311' title='bbox 923 2828 988 2869; x_wconf 84' lang='lat' dir='ltr'><strong>ex</strong></span> <span class='ocrx_word' id='word_1_312' title='bbox 1013 2813 1402 2868; x_wconf 89' lang='lat' dir='ltr'><strong>consecutione</strong></span> <span class='ocrx_word' id='word_1_313' title='bbox 1423 2814 1725 2884; x_wconf 86' lang='lat' dir='ltr'><strong>procedens</strong></span> <span class='ocrx_word' id='word_1_314' title='bbox 1749 2817 1906 2881; x_wconf 88' lang='lat' dir='ltr'><strong>ratio,</strong></span> <span class='ocrx_word' id='word_1_315' title='bbox 1924 2816 2090 2870; x_wconf 89' lang='lat' dir='ltr'><strong>etiam</strong></span> 
     </span>
    </p>
   </div>
   <div class='ocr_carea' id='block_1_45' title="bbox 516 2902 2090 2976">
    <p class='ocr_par' dir='ltr' id='par_1_45' title="bbox 516 2902 2090 2976">
     <span class='ocr_line' id='line_1_45' title="bbox 516 2902 2090 2976; baseline 0.001 -17"><span class='ocrx_word' id='word_1_316' title='bbox 516 2905 668 2960; x_wconf 91' lang='lat' dir='ltr'><strong>illius</strong></span> <span class='ocrx_word' id='word_1_317' title='bbox 714 2902 913 2959; x_wconf 86' lang='lat' dir='ltr'><strong>baseos</strong></span> <span class='ocrx_word' id='word_1_318' title='bbox 986 2902 1146 2957; x_wconf 87' lang='lat' dir='ltr'><strong>basin</strong></span> <span class='ocrx_word' id='word_1_319' title='bbox 1198 2902 1415 2959; x_wconf 90' lang='lat' dir='ltr'><strong>curiose</strong></span> <span class='ocrx_word' id='word_1_320' title='bbox 1479 2904 1753 2973; x_wconf 86' lang='lat' dir='ltr'><strong>inquiret,</strong></span> <span class='ocrx_word' id='word_1_321' title='bbox 1807 2906 2090 2976; x_wconf 88' lang='lat' dir='ltr'><strong>hucusque</strong></span> 
     </span>
    </p>
   </div>
   <div class='ocr_carea' id='block_1_46' title="bbox 515 2993 2090 3065">
    <p class='ocr_par' dir='ltr' id='par_1_46' title="bbox 515 2993 2090 3065">
     <span class='ocr_line' id='line_1_46' title="bbox 515 2993 2090 3065; baseline 0.001 -15"><span class='ocrx_word' id='word_1_322' title='bbox 515 2997 697 3056; x_wconf 90' lang='lat' dir='ltr'><strong>aliam,</strong></span> <span class='ocrx_word' id='word_1_323' title='bbox 730 3004 783 3050; x_wconf 92' lang='lat' dir='ltr'><strong>et</strong></span> <span class='ocrx_word' id='word_1_324' title='bbox 814 2997 892 3048; x_wconf 87' lang='lat' dir='ltr'><strong>sic</strong></span> <span class='ocrx_word' id='word_1_325' title='bbox 921 2993 1184 3064; x_wconf 76' lang='lat' dir='ltr'><strong>deinceps</strong></span> <span class='ocrx_word' id='word_1_326' title='bbox 1232 2994 1414 3049; x_wconf 86' lang='lat' dir='ltr'><strong>aliam.</strong></span> <span class='ocrx_word' id='word_1_327' title='bbox 1446 2994 1624 3064; x_wconf 79' lang='lat' dir='ltr'><strong>Atque</strong></span> <span class='ocrx_word' id='word_1_328' title='bbox 1654 2996 1728 3049; x_wconf 92' lang='lat' dir='ltr'><strong>ita</strong></span> <span class='ocrx_word' id='word_1_329' title='bbox 1759 3012 1857 3065; x_wconf 91' lang='lat' dir='ltr'><strong>per</strong></span> <span class='ocrx_word' id='word_1_330' title='bbox 1890 2999 2090 3052; x_wconf 89' lang='lat' dir='ltr'><strong>similia</strong></span> 
     </span>
    </p>
   </div>
   <div class='ocr_carea' id='block_1_47' title="bbox 513 3080 2090 3153">
    <p class='ocr_par' dir='ltr' id='par_1_47' title="bbox 513 3080 2090 3153">
     <span class='ocr_line' id='line_1_47' title="bbox 513 3080 2090 3153; baseline 0.003 -18"><span class='ocrx_word' id='word_1_331' title='bbox 513 3080 801 3150; x_wconf 88' lang='lat' dir='ltr'><strong>inquisitio</strong></span> <span class='ocrx_word' id='word_1_332' title='bbox 836 3080 1191 3150; x_wconf 82' lang='lat' dir='ltr'><strong>progrediens</strong></span> <span class='ocrx_word' id='word_1_333' title='bbox 1232 3081 1285 3134; x_wconf 92' lang='lat' dir='ltr'><strong>in</strong></span> <span class='ocrx_word' id='word_1_334' title='bbox 1338 3081 1614 3136; x_wconf 78' lang='lat' dir='ltr'><strong>infinitum</strong></span> <span class='ocrx_word' id='word_1_335' title='bbox 1650 3085 1912 3153; x_wconf 90' lang='lat' dir='ltr'><strong>prodibit,</strong></span> <span class='ocrx_word' id='word_1_336' title='bbox 1946 3094 2000 3140; x_wconf 87' lang='lat' dir='ltr'><strong>et</strong></span> <span class='ocrx_word' id='word_1_337' title='bbox 2035 3087 2090 3140; x_wconf 88' lang='lat' dir='ltr'><strong>in</strong></span> 
     </span>
    </p>
   </div>
   <div class='ocr_carea' id='block_1_48' title="bbox 514 3173 2090 3242">
    <p class='ocr_par' dir='ltr' id='par_1_48' title="bbox 514 3173 2090 3242">
     <span class='ocr_line' id='line_1_48' title="bbox 514 3173 2090 3242; baseline 0.003 -15"><span class='ocrx_word' id='word_1_338' title='bbox 514 3173 743 3229; x_wconf 91' lang='lat' dir='ltr'><strong>dubium</strong></span> <span class='ocrx_word' id='word_1_339' title='bbox 822 3180 985 3242; x_wconf 84' lang='lat' dir='ltr'><strong>atque</strong></span> <span class='ocrx_word' id='word_1_340' title='bbox 1032 3173 1411 3228; x_wconf 81' lang='lat' dir='ltr'><strong>inextricabile</strong></span> <span class='ocrx_word' id='word_1_341' title='bbox 1454 3175 1689 3237; x_wconf 90' lang='lat' dir='ltr'><strong>desinet,</strong></span> <span class='ocrx_word' id='word_1_342' title='bbox 1753 3177 1858 3233; x_wconf 92' lang='lat' dir='ltr'><strong>hoc</strong></span> <span class='ocrx_word' id='word_1_343' title='bbox 1899 3178 2090 3232; x_wconf 90' lang='lat' dir='ltr'><strong>ultimo</strong></span> 
     </span>
    </p>
   </div>
   <div class='ocr_carea' id='block_1_49' title="bbox 514 3262 2087 3335">
    <p class='ocr_par' dir='ltr' id='par_1_49' title="bbox 514 3262 2087 3335">
     <span class='ocr_line' id='line_1_49' title="bbox 514 3262 2087 3335; baseline 0.003 -18"><span class='ocrx_word' id='word_1_344' title='bbox 514 3278 743 3332; x_wconf 85' lang='lat' dir='ltr'><strong>corpore</strong></span> <span class='ocrx_word' id='word_1_345' title='bbox 812 3262 879 3316; x_wconf 91' lang='lat' dir='ltr'><strong>ad</strong></span> <span class='ocrx_word' id='word_1_346' title='bbox 970 3264 1213 3319; x_wconf 88' lang='lat' dir='ltr'><strong>universi</strong></span> <span class='ocrx_word' id='word_1_347' title='bbox 1277 3265 1724 3321; x_wconf 90' lang='lat' dir='ltr'><strong>constitutionem</strong></span> <span class='ocrx_word' id='word_1_348' title='bbox 1788 3269 2087 3335; x_wconf 90' lang='lat' dir='ltr'><strong>substrato,</strong></span> 
     </span>
    </p>
   </div>
   <div class='ocr_carea' id='block_1_50' title="bbox 515 3353 2087 3430">
    <p class='ocr_par' dir='ltr' id='par_1_50' title="bbox 515 3353 2087 3430">
     <span class='ocr_line' id='line_1_50' title="bbox 515 3353 2087 3430; baseline 0.005 -23"><span class='ocrx_word' id='word_1_349' title='bbox 515 3354 738 3425; x_wconf 88' lang='lat' dir='ltr'><strong>aliquod</strong></span> <span class='ocrx_word' id='word_1_350' title='bbox 774 3353 922 3423; x_wconf 87' lang='lat' dir='ltr'><strong>quod</strong></span> <span class='ocrx_word' id='word_1_351' title='bbox 955 3355 1025 3407; x_wconf 89' lang='lat' dir='ltr'><strong>sit</strong></span> <span class='ocrx_word' id='word_1_352' title='bbox 1059 3356 1288 3410; x_wconf 89' lang='lat' dir='ltr'><strong>ulterius</strong></span> <span class='ocrx_word' id='word_1_353' title='bbox 1337 3372 1553 3425; x_wconf 86' lang='lat' dir='ltr'><strong>semper</strong></span> <span class='ocrx_word' id='word_1_354' title='bbox 1601 3358 1953 3430; x_wconf 63' lang='lat' dir='ltr'><strong>investigatis.</strong></span> <span class='ocrx_word' id='word_1_355' title='bbox 2011 3360 2087 3415; x_wconf 85' lang='lat' dir='ltr'><strong>lta</strong></span> 
     </span>
    </p>
   </div>
   <div class='ocr_carea' id='block_1_51' title="bbox 2193 2169 3767 2245">
    <p class='ocr_par' dir='ltr' id='par_1_51' title="bbox 2193 2169 3767 2245">
     <span class='ocr_line' id='line_1_51' title="bbox 2193 2169 3767 2245; baseline -0.003 -18"><span class='ocrx_word' id='word_1_356' title='bbox 2193 2176 2420 2245; x_wconf 89' lang='grc' dir='ltr'>γόμενον</span> <span class='ocrx_word' id='word_1_357' title='bbox 2441 2175 2761 2243; x_wconf 78' lang='grc' dir='ltr'>ἀδυνατήσει</span> <span class='ocrx_word' id='word_1_358' title='bbox 2790 2172 3007 2234; x_wconf 86' lang='grc' dir='ltr'>πάντως</span> <span class='ocrx_word' id='word_1_359' title='bbox 3033 2172 3168 2241; x_wconf 82' lang='grc' dir='ltr'>πρὸς</span> <span class='ocrx_word' id='word_1_360' title='bbox 3195 2171 3295 2241; x_wconf 85' lang='grc' dir='ltr'>τὴν</span> <span class='ocrx_word' id='word_1_361' title='bbox 3317 2170 3449 2223; x_wconf 80' lang='grc' dir='ltr'>ἰδίαν</span> <span class='ocrx_word' id='word_1_362' title='bbox 3472 2169 3767 2239; x_wconf 81' lang='grc' dir='ltr'>ἐνέργειαν.</span> 
     </span>
    </p>
   </div>
   <div class='ocr_carea' id='block_1_52' title="bbox 2195 2261 3774 2337">
    <p class='ocr_par' dir='ltr' id='par_1_52' title="bbox 2195 2261 3774 2337">
     <span class='ocr_line' id='line_1_52' title="bbox 2195 2261 3774 2337; baseline -0.004 -18"><span class='ocrx_word' id='word_1_363' title='bbox 2195 2267 2260 2319; x_wconf 93' lang='grc' dir='ltr'><strong>Τί</strong></span> <span class='ocrx_word' id='word_1_364' title='bbox 2292 2266 2348 2320; x_wconf 84' lang='grc' dir='ltr'>δὲ</span> <span class='ocrx_word' id='word_1_365' title='bbox 2391 2268 2483 2321; x_wconf 72' lang='grc' dir='ltr'>καὶ</span> <span class='ocrx_word' id='word_1_366' title='bbox 2533 2266 2593 2319; x_wconf 82' lang='grc' dir='ltr'>τὸ</span> <span class='ocrx_word' id='word_1_367' title='bbox 2640 2264 2863 2337; x_wconf 80' lang='grc' dir='ltr'>ἐδράζον</span> <span class='ocrx_word' id='word_1_368' title='bbox 2912 2264 3005 2317; x_wconf 87' lang='grc' dir='ltr'><strong>τοῦ</strong></span> <span class='ocrx_word' id='word_1_369' title='bbox 3058 2261 3400 2332; x_wconf 84' lang='grc' dir='ltr'>περιέχοντος</span> <span class='ocrx_word' id='word_1_370' title='bbox 3438 2261 3644 2313; x_wconf 87' lang='grc' dir='ltr'>ἐκείνου</span> <span class='ocrx_word' id='word_1_371' title='bbox 3671 2261 3774 2333; x_wconf 75' lang='grc' dir='ltr'>τὴν</span> 
     </span>
    </p>
   </div>
   <div class='ocr_carea' id='block_1_53' title="bbox 2196 2352 3773 2429">
    <p class='ocr_par' dir='ltr' id='par_1_53' title="bbox 2196 2352 3773 2429">
     <span class='ocr_line' id='line_1_53' title="bbox 2196 2352 3773 2429; baseline -0.005 -17"><span class='ocrx_word' id='word_1_372' title='bbox 2196 2358 2532 2429; x_wconf 77' lang='grc' dir='ltr'>παγιότηταο</span> <span class='ocrx_word' id='word_1_373' title='bbox 2582 2357 2721 2410; x_wconf 86' lang='grc' dir='ltr'>ὥστε</span> <span class='ocrx_word' id='word_1_374' title='bbox 2763 2356 3036 2426; x_wconf 84' lang='grc' dir='ltr'>διαμένειν</span> <span class='ocrx_word' id='word_1_375' title='bbox 3084 2355 3331 2407; x_wconf 81' lang='grc' dir='ltr'>ἄσειστον</span> <span class='ocrx_word' id='word_1_376' title='bbox 3359 2353 3462 2407; x_wconf 76' lang='grc' dir='ltr'><strong>ὑπὸ</strong></span> <span class='ocrx_word' id='word_1_377' title='bbox 3493 2352 3585 2405; x_wconf 87' lang='grc' dir='ltr'><strong>τοῦ</strong></span> <span class='ocrx_word' id='word_1_378' title='bbox 3613 2354 3773 2423; x_wconf 73' lang='grc' dir='ltr'>ἐνηρο</span> 
     </span>
    </p>
   </div>
   <div class='ocr_carea' id='block_1_54' title="bbox 2198 2445 3771 2521">
    <p class='ocr_par' dir='ltr' id='par_1_54' title="bbox 2198 2445 3771 2521">
     <span class='ocr_line' id='line_1_54' title="bbox 2198 2445 3771 2521; baseline -0.004 -17"><span class='ocrx_word' id='word_1_379' title='bbox 2198 2451 2465 2521; x_wconf 86' lang='grc' dir='ltr'>μοσμένου</span> <span class='ocrx_word' id='word_1_380' title='bbox 2494 2452 2760 2521; x_wconf 86' lang='grc' dir='ltr'>κινήσεως</span> <span class='ocrx_word' id='word_1_381' title='bbox 2791 2447 2866 2519; x_wconf 79' lang='grc' dir='ltr'>μὴ</span> <span class='ocrx_word' id='word_1_382' title='bbox 2889 2447 3271 2518; x_wconf 88' lang='grc' dir='ltr'>τινασσόμενον</span> <span class='ocrx_word' id='word_1_383' title='bbox 3293 2463 3307 2511; x_wconf 89' lang='lat'><strong>;</strong></span> <span class='ocrx_word' id='word_1_384' title='bbox 3334 2446 3397 2498; x_wconf 86' lang='grc' dir='ltr'><strong>Εἰ</strong></span> <span class='ocrx_word' id='word_1_385' title='bbox 3423 2445 3482 2499; x_wconf 87' lang='grc' dir='ltr'>δὲ</span> <span class='ocrx_word' id='word_1_386' title='bbox 3519 2446 3771 2499; x_wconf 82' lang='grc' dir='ltr'>κάκείνου</span> 
     </span>
    </p>
   </div>
   <div class='ocr_carea' id='block_1_55' title="bbox 2193 2533 3773 2612">
    <p class='ocr_par' dir='ltr' id='par_1_55' title="bbox 2193 2533 3773 2612">
     <span class='ocr_line' id='line_1_55' title="bbox 2193 2533 3773 2612; baseline -0.004 -18"><span class='ocrx_word' id='word_1_387' title='bbox 2193 2541 2334 2594; x_wconf 85' lang='grc' dir='ltr'>κατὰ</span> <span class='ocrx_word' id='word_1_388' title='bbox 2380 2540 2480 2612; x_wconf 83' lang='grc' dir='ltr'>τὴν</span> <span class='ocrx_word' id='word_1_389' title='bbox 2530 2537 3058 2610; x_wconf 81' lang='grc' dir='ltr'>πολυπραγμοσύνην</span> <span class='ocrx_word' id='word_1_390' title='bbox 3106 2537 3206 2607; x_wconf 81' lang='grc' dir='ltr'>τῆς</span> <span class='ocrx_word' id='word_1_391' title='bbox 3249 2537 3485 2599; x_wconf 81' lang='grc' dir='ltr'>διανοίας</span> <span class='ocrx_word' id='word_1_392' title='bbox 3515 2533 3649 2589; x_wconf 85' lang='grc' dir='ltr'>εἷναί</span> <span class='ocrx_word' id='word_1_393' title='bbox 3686 2553 3773 2600; x_wconf 85' lang='grc' dir='ltr'><strong>τις</strong></span> 
     </span>
    </p>
   </div>
   <div class='ocr_carea' id='block_1_56' title="bbox 2191 2628 3772 2703">
    <p class='ocr_par' dir='ltr' id='par_1_56' title="bbox 2191 2628 3772 2703">
     <span class='ocr_line' id='line_1_56' title="bbox 2191 2628 3772 2703; baseline -0.005 -15"><span class='ocrx_word' id='word_1_394' title='bbox 2191 2634 2321 2702; x_wconf 71' lang='grc' dir='ltr'>ἔδρα</span> <span class='ocrx_word' id='word_1_395' title='bbox 2359 2631 2705 2703; x_wconf 84' lang='grc' dir='ltr'>ὑπολειφθείη</span> <span class='ocrx_word' id='word_1_396' title='bbox 2754 2634 2787 2702; x_wconf 84' lang='grc' dir='ltr'>ὴ</span> <span class='ocrx_word' id='word_1_397' title='bbox 2847 2629 3185 2701; x_wconf 87' lang='grc' dir='ltr'>συντηροῦσα</span> <span class='ocrx_word' id='word_1_398' title='bbox 3228 2631 3286 2683; x_wconf 87' lang='grc' dir='ltr'><strong>ἐν</strong></span> <span class='ocrx_word' id='word_1_399' title='bbox 3328 2629 3406 2699; x_wconf 84' lang='grc' dir='ltr'>τῷ</span> <span class='ocrx_word' id='word_1_400' title='bbox 3452 2628 3635 2699; x_wconf 85' lang='grc' dir='ltr'>παγίῳ</span> <span class='ocrx_word' id='word_1_401' title='bbox 3672 2628 3772 2699; x_wconf 85' lang='grc' dir='ltr'>τὴν</span> 
     </span>
    </p>
   </div>
   <div class='ocr_carea' id='block_1_57' title="bbox 2195 2719 3769 2794">
    <p class='ocr_par' dir='ltr' id='par_1_57' title="bbox 2195 2719 3769 2794">
     <span class='ocr_line' id='line_1_57' title="bbox 2195 2719 3769 2794; baseline -0.003 -17"><span class='ocrx_word' id='word_1_402' title='bbox 2195 2726 2402 2789; x_wconf 84' lang='grc' dir='ltr'>στάσιν,</span> <span class='ocrx_word' id='word_1_403' title='bbox 2428 2725 2643 2786; x_wconf 82' lang='grc' dir='ltr'>πάντως</span> <span class='ocrx_word' id='word_1_404' title='bbox 2686 2720 2888 2794; x_wconf 86' lang='grc' dir='ltr'>προῖὼν</span> <span class='ocrx_word' id='word_1_405' title='bbox 2930 2721 3070 2775; x_wconf 84' lang='grc' dir='ltr'><strong>κατά</strong></span> <span class='ocrx_word' id='word_1_406' title='bbox 3109 2720 3171 2773; x_wconf 82' lang='grc' dir='ltr'><strong>τὸ</strong></span> <span class='ocrx_word' id='word_1_407' title='bbox 3210 2719 3499 2774; x_wconf 81' lang='grc' dir='ltr'>ἀκόλουθον</span> <span class='ocrx_word' id='word_1_408' title='bbox 3536 2722 3564 2773; x_wconf 85' lang='grc' dir='ltr'><strong>ὁ</strong></span> <span class='ocrx_word' id='word_1_409' title='bbox 3592 2720 3769 2788; x_wconf 80' lang='grc' dir='ltr'>λόγος,</span> 
     </span>
    </p>
   </div>
   <div class='ocr_carea' id='block_1_58' title="bbox 2192 2810 3772 2884">
    <p class='ocr_par' dir='ltr' id='par_1_58' title="bbox 2192 2810 3772 2884">
     <span class='ocr_line' id='line_1_58' title="bbox 2192 2810 3772 2884; baseline -0.001 -18"><span class='ocrx_word' id='word_1_410' title='bbox 2192 2813 2450 2883; x_wconf 79' lang='grc' dir='ltr'>κάκείνης</span> <span class='ocrx_word' id='word_1_411' title='bbox 2494 2813 3009 2884; x_wconf 86' lang='grc' dir='ltr'>πολυπραγμονήσει</span> <span class='ocrx_word' id='word_1_412' title='bbox 3060 2810 3214 2882; x_wconf 81' lang='grc' dir='ltr'>βάσιν</span> <span class='ocrx_word' id='word_1_413' title='bbox 3255 2812 3355 2882; x_wconf 84' lang='grc' dir='ltr'><strong>τῆς</strong></span> <span class='ocrx_word' id='word_1_414' title='bbox 3407 2810 3632 2880; x_wconf 83' lang='grc' dir='ltr'>βάσεως,</span> <span class='ocrx_word' id='word_1_415' title='bbox 3676 2813 3772 2864; x_wconf 75' lang='grc' dir='ltr'><strong>καὶ</strong></span> 
     </span>
    </p>
   </div>
   <div class='ocr_carea' id='block_1_59' title="bbox 2190 2903 3773 2976">
    <p class='ocr_par' dir='ltr' id='par_1_59' title="bbox 2190 2903 3773 2976">
     <span class='ocr_line' id='line_1_59' title="bbox 2190 2903 3773 2976; baseline -0.003 -16"><span class='ocrx_word' id='word_1_416' title='bbox 2190 2905 2391 2976; x_wconf 86' lang='grc' dir='ltr'>ταύτης</span> <span class='ocrx_word' id='word_1_417' title='bbox 2417 2906 2603 2975; x_wconf 85' lang='grc' dir='ltr'>ἀλλην,</span> <span class='ocrx_word' id='word_1_418' title='bbox 2631 2906 2725 2959; x_wconf 76' lang='grc' dir='ltr'>καὶ</span> <span class='ocrx_word' id='word_1_419' title='bbox 2762 2905 2859 2976; x_wconf 83' lang='grc' dir='ltr'>τῆς</span> <span class='ocrx_word' id='word_1_420' title='bbox 2893 2905 3088 2975; x_wconf 81' lang='grc' dir='ltr'>ἐφεξῆς</span> <span class='ocrx_word' id='word_1_421' title='bbox 3119 2903 3328 2976; x_wconf 80' lang='grc' dir='ltr'>ἑτέραν.</span> <span class='ocrx_word' id='word_1_422' title='bbox 3360 2905 3472 2957; x_wconf 80' lang='grc' dir='ltr'><strong>Καὶ</strong></span> <span class='ocrx_word' id='word_1_423' title='bbox 3517 2904 3658 2957; x_wconf 75' lang='grc' dir='ltr'>οὕτω</span> <span class='ocrx_word' id='word_1_424' title='bbox 3684 2904 3773 2957; x_wconf 72' lang='grc' dir='ltr'>διὰ</span> 
     </span>
    </p>
   </div>
   <div class='ocr_carea' id='block_1_60' title="bbox 2190 2992 3770 3065">
    <p class='ocr_par' dir='ltr' id='par_1_60' title="bbox 2190 2992 3770 3065">
     <span class='ocr_line' id='line_1_60' title="bbox 2190 2992 3770 3065; baseline -0.002 -18"><span class='ocrx_word' id='word_1_425' title='bbox 2190 2995 2299 3047; x_wconf 85' lang='grc' dir='ltr'><strong>τῶν</strong></span> <span class='ocrx_word' id='word_1_426' title='bbox 2349 2995 2546 3065; x_wconf 87' lang='grc' dir='ltr'>ὁμοίων</span> <span class='ocrx_word' id='word_1_427' title='bbox 2583 2996 2616 3065; x_wconf 80' lang='grc' dir='ltr'>ἡ</span> <span class='ocrx_word' id='word_1_428' title='bbox 2655 2993 2897 3059; x_wconf 81' lang='grc' dir='ltr'>ἐξέτασις</span> <span class='ocrx_word' id='word_1_429' title='bbox 2949 2992 3210 3056; x_wconf 80' lang='grc' dir='ltr'>ἀνιοῦσα,</span> <span class='ocrx_word' id='word_1_430' title='bbox 3256 2992 3391 3063; x_wconf 76' lang='grc' dir='ltr'>πρὸς</span> <span class='ocrx_word' id='word_1_431' title='bbox 3433 2993 3495 3046; x_wconf 86' lang='grc' dir='ltr'>τὸ</span> <span class='ocrx_word' id='word_1_432' title='bbox 3546 2994 3770 3064; x_wconf 82' lang='grc' dir='ltr'>ἄπειρον</span> 
     </span>
    </p>
   </div>
   <div class='ocr_carea' id='block_1_61' title="bbox 2192 3083 3770 3156">
    <p class='ocr_par' dir='ltr' id='par_1_61' title="bbox 2192 3083 3770 3156">
     <span class='ocr_line' id='line_1_61' title="bbox 2192 3083 3770 3156; baseline 0 -19"><span class='ocrx_word' id='word_1_433' title='bbox 2192 3084 2559 3156; x_wconf 83' lang='grc' dir='ltr'>ἐνεχοήσεται,</span> <span class='ocrx_word' id='word_1_434' title='bbox 2585 3086 2678 3138; x_wconf 74' lang='grc' dir='ltr'><strong>καὶ</strong></span> <span class='ocrx_word' id='word_1_435' title='bbox 2718 3088 2798 3148; x_wconf 82' lang='grc' dir='ltr'><strong>είς</strong></span> <span class='ocrx_word' id='word_1_436' title='bbox 2840 3084 3041 3156; x_wconf 81' lang='grc' dir='ltr'>ἄπορον</span> <span class='ocrx_word' id='word_1_437' title='bbox 3073 3084 3383 3156; x_wconf 80' lang='grc' dir='ltr'>καταλήξει,</span> <span class='ocrx_word' id='word_1_438' title='bbox 3415 3083 3507 3138; x_wconf 85' lang='grc' dir='ltr'><strong>τοῦ</strong></span> <span class='ocrx_word' id='word_1_439' title='bbox 3542 3086 3681 3138; x_wconf 83' lang='grc' dir='ltr'><strong>κατά</strong></span> <span class='ocrx_word' id='word_1_440' title='bbox 3707 3085 3770 3137; x_wconf 82' lang='grc' dir='ltr'><strong>τδ</strong></span> 
     </span>
    </p>
   </div>
   <div class='ocr_carea' id='block_1_62' title="bbox 2191 3176 3773 3246">
    <p class='ocr_par' dir='ltr' id='par_1_62' title="bbox 2191 3176 3773 3246">
     <span class='ocr_line' id='line_1_62' title="bbox 2191 3176 3773 3246; baseline -0.001 -18"><span class='ocrx_word' id='word_1_441' title='bbox 2191 3176 2415 3246; x_wconf 76' lang='grc' dir='ltr'>ἔσχατον</span> <span class='ocrx_word' id='word_1_442' title='bbox 2457 3178 2534 3239; x_wconf 84' lang='grc' dir='ltr'><strong>είς</strong></span> <span class='ocrx_word' id='word_1_443' title='bbox 2574 3176 2672 3246; x_wconf 82' lang='grc' dir='ltr'>τὴν</span> <span class='ocrx_word' id='word_1_444' title='bbox 2713 3177 2807 3230; x_wconf 83' lang='grc' dir='ltr'><strong>τοῦ</strong></span> <span class='ocrx_word' id='word_1_445' title='bbox 2853 3176 3052 3241; x_wconf 85' lang='grc' dir='ltr'>παντὸς</span> <span class='ocrx_word' id='word_1_446' title='bbox 3104 3176 3357 3230; x_wconf 88' lang='grc' dir='ltr'>σύστασιν</span> <span class='ocrx_word' id='word_1_447' title='bbox 3402 3176 3773 3245; x_wconf 78' lang='grc' dir='ltr'>ὑποϐεϐλημέ-</span> 
     </span>
    </p>
   </div>
   <div class='ocr_carea' id='block_1_63' title="bbox 2191 3266 3771 3339">
    <p class='ocr_par' dir='ltr' id='par_1_63' title="bbox 2191 3266 3771 3339">
     <span class='ocr_line' id='line_1_63' title="bbox 2191 3266 3771 3339; baseline -0.001 -17"><span class='ocrx_word' id='word_1_448' title='bbox 2191 3284 2280 3322; x_wconf 89' lang='grc' dir='ltr'><strong>νου</strong></span> <span class='ocrx_word' id='word_1_449' title='bbox 2316 3266 2584 3339; x_wconf 86' lang='grc' dir='ltr'>σώματος,</span> <span class='ocrx_word' id='word_1_450' title='bbox 2621 3268 2681 3322; x_wconf 87' lang='grc' dir='ltr'>τὺ</span> <span class='ocrx_word' id='word_1_451' title='bbox 2725 3270 2979 3323; x_wconf 80' lang='grc' dir='ltr'>ἐπέκεινα</span> <span class='ocrx_word' id='word_1_452' title='bbox 3026 3268 3229 3322; x_wconf 88' lang='grc' dir='ltr'>τούτων</span> <span class='ocrx_word' id='word_1_453' title='bbox 3273 3268 3435 3323; x_wconf 80' lang='grc' dir='ltr'>πάλιν</span> <span class='ocrx_word' id='word_1_454' title='bbox 3483 3268 3771 3333; x_wconf 79' lang='grc' dir='ltr'>κατεξετά-</span> 
     </span>
    </p>
   </div>
   <div class='ocr_carea' id='block_1_64' title="bbox 2193 3358 3768 3431">
    <p class='ocr_par' dir='ltr' id='par_1_64' title="bbox 2193 3358 3768 3431">
     <span class='ocr_line' id='line_1_64' title="bbox 2193 3358 3768 3431; baseline 0.001 -19"><span class='ocrx_word' id='word_1_455' title='bbox 2193 3361 2379 3424; x_wconf 80' lang='grc' dir='ltr'>ζουσα,</span> <span class='ocrx_word' id='word_1_456' title='bbox 2414 3359 2490 3424; x_wconf 84' lang='grc' dir='ltr'><strong>ὡς</strong></span> <span class='ocrx_word' id='word_1_457' title='bbox 2524 3360 2772 3431; x_wconf 79' lang='grc' dir='ltr'>μηδαμοῦ</span> <span class='ocrx_word' id='word_1_458' title='bbox 2806 3361 2996 3431; x_wconf 86' lang='grc' dir='ltr'>στῆναι</span> <span class='ocrx_word' id='word_1_459' title='bbox 3038 3359 3129 3414; x_wconf 79' lang='grc' dir='ltr'>τὸν</span> <span class='ocrx_word' id='word_1_460' title='bbox 3175 3359 3330 3429; x_wconf 88' lang='grc' dir='ltr'>λόγον</span> <span class='ocrx_word' id='word_1_461' title='bbox 3360 3358 3454 3413; x_wconf 90' lang='grc' dir='ltr'><strong>τοῦ</strong></span> <span class='ocrx_word' id='word_1_462' title='bbox 3500 3361 3585 3414; x_wconf 78' lang='grc' dir='ltr'><strong>ἀεὶ</strong></span> <span class='ocrx_word' id='word_1_463' title='bbox 3610 3377 3768 3430; x_wconf 87' lang='grc' dir='ltr'>περι-</span> 
     </span>
    </p>
   </div>
   <div class='ocr_carea' id='block_1_65' title="bbox 518 3438 2090 3523">
    <p class='ocr_par' dir='ltr' id='par_1_65' title="bbox 518 3448 2090 3521">
     <span class='ocr_line' id='line_1_65' title="bbox 518 3448 2090 3521; baseline 0.005 -22"><span class='ocrx_word' id='word_1_464' title='bbox 518 3454 578 3499; x_wconf 83' lang='grc' dir='ltr'><strong>ιιι</strong></span> <span class='ocrx_word' id='word_1_465' title='bbox 646 3461 915 3515; x_wconf 81' lang='lat' dir='ltr'><strong>nusquam</strong></span> <span class='ocrx_word' id='word_1_466' title='bbox 958 3455 1106 3501; x_wconf 90' lang='lat' dir='ltr'><strong>stare</strong></span> <span class='ocrx_word' id='word_1_467' title='bbox 1161 3448 1330 3517; x_wconf 87' lang='lat' dir='ltr'><strong>possit</strong></span> <span class='ocrx_word' id='word_1_468' title='bbox 1388 3450 1528 3503; x_wconf 90' lang='lat' dir='ltr'><strong>ratio</strong></span> <span class='ocrx_word' id='word_1_469' title='bbox 1589 3464 1804 3518; x_wconf 85' lang='lat' dir='ltr'><strong>semper</strong></span> <span class='ocrx_word' id='word_1_470' title='bbox 1853 3452 2090 3521; x_wconf 80' lang='lat' dir='ltr'><strong>comple-</strong></span> 
     </span>
    </p>
   </div>
   <div class='ocr_carea' id='block_1_66' title="bbox 2193 3438 3768 3523">
    <p class='ocr_par' dir='ltr' id='par_1_66' title="bbox 2197 3450 3768 3523">
     <span class='ocr_line' id='line_1_66' title="bbox 2197 3450 3768 3523; baseline 0 -20"><span class='ocrx_word' id='word_1_471' title='bbox 2197 3450 2410 3521; x_wconf 86' lang='grc' dir='ltr'>έχοντος</span> <span class='ocrx_word' id='word_1_472' title='bbox 2452 3450 2550 3522; x_wconf 82' lang='grc' dir='ltr'>τὴν</span> <span class='ocrx_word' id='word_1_473' title='bbox 2586 3451 2874 3523; x_wconf 80' lang='grc' dir='ltr'>περιϐολὴν</span> <span class='ocrx_word' id='word_1_474' title='bbox 2920 3451 3202 3522; x_wconf 78' lang='grc' dir='ltr'>ζητοῦντα.</span> <span class='ocrx_word' id='word_1_475' title='bbox 3249 3450 3407 3505; x_wconf 82' lang='grc' dir='ltr'>Ἀλλά</span> <span class='ocrx_word' id='word_1_476' title='bbox 3453 3451 3609 3504; x_wconf 80' lang='grc' dir='ltr'>τοῦτο</span> <span class='ocrx_word' id='word_1_477' title='bbox 3647 3452 3768 3521; x_wconf 86' lang='grc' dir='ltr'>μὲν,</span> 
     </span>
    </p>
   </div>
   <div class='ocr_carea' id='block_1_67' title="bbox 514 3539 2093 3611">
    <p class='ocr_par' dir='ltr' id='par_1_67' title="bbox 514 3539 2093 3611">
     <span class='ocr_line' id='line_1_67' title="bbox 514 3539 2093 3611; baseline 0.004 -18"><span class='ocrx_word' id='word_1_478' title='bbox 514 3539 715 3593; x_wconf 80' lang='lat' dir='ltr'><strong>etentis</strong></span> <span class='ocrx_word' id='word_1_479' title='bbox 746 3539 1088 3609; x_wconf 78' lang='lat' dir='ltr'><strong>complexum</strong></span> <span class='ocrx_word' id='word_1_480' title='bbox 1120 3549 1173 3594; x_wconf 89' lang='lat' dir='ltr'><strong>et</strong></span> <span class='ocrx_word' id='word_1_481' title='bbox 1204 3540 1464 3594; x_wconf 89' lang='lat' dir='ltr'><strong>ambitum</strong></span> <span class='ocrx_word' id='word_1_482' title='bbox 1495 3541 1798 3611; x_wconf 88' lang='lat' dir='ltr'><strong>inquirens.</strong></span> <span class='ocrx_word' id='word_1_483' title='bbox 1840 3543 1946 3597; x_wconf 90' lang='lat' dir='ltr'><strong>Sed</strong></span> <span class='ocrx_word' id='word_1_484' title='bbox 1980 3545 2093 3600; x_wconf 70' lang='lat' dir='ltr'><strong>haec</strong></span> 
     </span>
    </p>
   </div>
   <div class='ocr_carea' id='block_1_68' title="bbox 517 3628 2093 3700">
    <p class='ocr_par' dir='ltr' id='par_1_68' title="bbox 517 3628 2093 3700">
     <span class='ocr_line' id='line_1_68' title="bbox 517 3628 2093 3700; baseline 0.005 -19"><span class='ocrx_word' id='word_1_485' title='bbox 517 3628 735 3698; x_wconf 89' lang='lat' dir='ltr'><strong>quidem</strong></span> <span class='ocrx_word' id='word_1_486' title='bbox 767 3628 842 3681; x_wconf 91' lang='lat' dir='ltr'><strong>ita</strong></span> <span class='ocrx_word' id='word_1_487' title='bbox 874 3643 933 3682; x_wconf 76' lang='lat' dir='ltr'><strong>se</strong></span> <span class='ocrx_word' id='word_1_488' title='bbox 980 3629 1181 3683; x_wconf 86' lang='lat' dir='ltr'><strong>habere</strong></span> <span class='ocrx_word' id='word_1_489' title='bbox 1215 3630 1308 3683; x_wconf 90' lang='lat' dir='ltr'><strong>alii</strong></span> <span class='ocrx_word' id='word_1_490' title='bbox 1356 3640 1576 3700; x_wconf 77' lang='lat' dir='ltr'><strong>negant.</strong></span> <span class='ocrx_word' id='word_1_491' title='bbox 1618 3631 1861 3687; x_wconf 84' lang='lat' dir='ltr'><strong>Vacuum</strong></span> <span class='ocrx_word' id='word_1_492' title='bbox 1912 3643 2093 3689; x_wconf 72' lang='lat' dir='ltr'><strong>autem</strong></span> 
     </span>
    </p>
   </div>
   <div class='ocr_carea' id='block_1_69' title="bbox 521 3718 2095 3793">
    <p class='ocr_par' dir='ltr' id='par_1_69' title="bbox 521 3718 2095 3793">
     <span class='ocr_line' id='line_1_69' title="bbox 521 3718 2095 3793; baseline 0.007 -24"><span class='ocrx_word' id='word_1_493' title='bbox 521 3718 780 3789; x_wconf 85' lang='lat' dir='ltr'><strong>quiddam</strong></span> <span class='ocrx_word' id='word_1_494' title='bbox 816 3720 1117 3774; x_wconf 87' lang='lat' dir='ltr'><strong>secundum</strong></span> <span class='ocrx_word' id='word_1_495' title='bbox 1149 3736 1347 3775; x_wconf 87' lang='lat' dir='ltr'><strong>vanam</strong></span> <span class='ocrx_word' id='word_1_496' title='bbox 1382 3738 1593 3787; x_wconf 90' lang='lat' dir='ltr'><strong>eorum,</strong></span> <span class='ocrx_word' id='word_1_497' title='bbox 1630 3725 1722 3793; x_wconf 87' lang='lat' dir='ltr'><strong>qui</strong></span> <span class='ocrx_word' id='word_1_498' title='bbox 1759 3725 1814 3778; x_wconf 91' lang='lat' dir='ltr'><strong>in</strong></span> <span class='ocrx_word' id='word_1_499' title='bbox 1847 3725 1932 3780; x_wconf 92' lang='lat' dir='ltr'><strong>his</strong></span> <span class='ocrx_word' id='word_1_500' title='bbox 1962 3727 2095 3780; x_wconf 90' lang='lat' dir='ltr'><strong>mul-</strong></span> 
     </span>
    </p>
   </div>
   <div class='ocr_carea' id='block_1_70' title="bbox 518 3811 2092 3884">
    <p class='ocr_par' dir='ltr' id='par_1_70' title="bbox 518 3811 2092 3884">
     <span class='ocr_line' id='line_1_70' title="bbox 518 3811 2092 3884; baseline 0.004 -20"><span class='ocrx_word' id='word_1_501' title='bbox 518 3820 633 3864; x_wconf 92' lang='lat' dir='ltr'><strong>tum</strong></span> <span class='ocrx_word' id='word_1_502' title='bbox 684 3811 922 3865; x_wconf 90' lang='lat' dir='ltr'><strong>studium</strong></span> <span class='ocrx_word' id='word_1_503' title='bbox 970 3817 1024 3864; x_wconf 93' lang='lat' dir='ltr'><strong>et</strong></span> <span class='ocrx_word' id='word_1_504' title='bbox 1065 3825 1287 3879; x_wconf 89' lang='lat' dir='ltr'><strong>operam</strong></span> <span class='ocrx_word' id='word_1_505' title='bbox 1341 3824 1665 3881; x_wconf 91' lang='lat' dir='ltr'><strong>posuerunt,</strong></span> <span class='ocrx_word' id='word_1_506' title='bbox 1702 3815 2092 3884; x_wconf 89' lang='lat' dir='ltr'><strong>suspicionem,</strong></span> 
     </span>
    </p>
   </div>
   <div class='ocr_carea' id='block_1_71' title="bbox 518 3905 2089 3964">
    <p class='ocr_par' dir='ltr' id='par_1_71' title="bbox 518 3905 2089 3964">
     <span class='ocr_line' id='line_1_71' title="bbox 518 3905 2089 3964; baseline 0.001 -5"><span class='ocrx_word' id='word_1_507' title='bbox 518 3905 830 3959; x_wconf 65' lang='lat' dir='ltr'><strong>caelestibus</strong></span> <span class='ocrx_word' id='word_1_508' title='bbox 891 3905 1071 3958; x_wconf 91' lang='lat' dir='ltr'><strong>dorsis</strong></span> <span class='ocrx_word' id='word_1_509' title='bbox 1127 3913 1181 3959; x_wconf 87' lang='lat' dir='ltr'><strong>et</strong></span> <span class='ocrx_word' id='word_1_510' title='bbox 1242 3907 1500 3962; x_wconf 79' lang='lat' dir='ltr'><strong>convexis</strong></span> <span class='ocrx_word' id='word_1_511' title='bbox 1554 3909 1949 3964; x_wconf 82' lang='lat' dir='ltr'><strong>circumfusum</strong></span> <span class='ocrx_word' id='word_1_512' title='bbox 1985 3917 2089 3964; x_wconf 92' lang='lat' dir='ltr'><strong>est.</strong></span> 
     </span>
    </p>
   </div>
   <div class='ocr_carea' id='block_1_72' title="bbox 519 3996 2091 4071">
    <p class='ocr_par' dir='ltr' id='par_1_72' title="bbox 519 3996 2091 4071">
     <span class='ocr_line' id='line_1_72' title="bbox 519 3996 2091 4071; baseline 0.003 -21"><span class='ocrx_word' id='word_1_513' title='bbox 519 3997 699 4065; x_wconf 82' lang='lat' dir='ltr'><strong>Atque</strong></span> <span class='ocrx_word' id='word_1_514' title='bbox 741 3996 795 4049; x_wconf 92' lang='lat' dir='ltr'><strong>in</strong></span> <span class='ocrx_word' id='word_1_515' title='bbox 844 3996 945 4049; x_wconf 92' lang='lat' dir='ltr'><strong>hoc</strong></span> <span class='ocrx_word' id='word_1_516' title='bbox 999 3996 1191 4051; x_wconf 89' lang='lat' dir='ltr'><strong>labens</strong></span> <span class='ocrx_word' id='word_1_517' title='bbox 1233 3997 1474 4051; x_wconf 89' lang='lat' dir='ltr'><strong>universi</strong></span> <span class='ocrx_word' id='word_1_518' title='bbox 1516 4000 1725 4071; x_wconf 77' lang='lat' dir='ltr'><strong>vertigo</strong></span> <span class='ocrx_word' id='word_1_519' title='bbox 1773 4001 1826 4054; x_wconf 93' lang='lat' dir='ltr'><strong>in</strong></span> <span class='ocrx_word' id='word_1_520' title='bbox 1858 4002 2091 4071; x_wconf 90' lang='lat' dir='ltr'><strong>seipsam</strong></span> 
     </span>
    </p>
   </div>
   <div class='ocr_carea' id='block_1_73' title="bbox 518 4087 2094 4160">
    <p class='ocr_par' dir='ltr' id='par_1_73' title="bbox 518 4087 2094 4160">
     <span class='ocr_line' id='line_1_73' title="bbox 518 4087 2094 4160; baseline 0.003 -18"><span class='ocrx_word' id='word_1_521' title='bbox 518 4087 840 4150; x_wconf 85' lang='lat' dir='ltr'><strong>reﬂectitur,</strong></span> <span class='ocrx_word' id='word_1_522' title='bbox 871 4088 1081 4140; x_wconf 91' lang='lat' dir='ltr'><strong>nullum</strong></span> <span class='ocrx_word' id='word_1_523' title='bbox 1115 4102 1181 4142; x_wconf 80' lang='lat' dir='ltr'><strong>ex</strong></span> <span class='ocrx_word' id='word_1_524' title='bbox 1231 4088 1407 4144; x_wconf 82' lang='lat' dir='ltr'><strong>solido</strong></span> <span class='ocrx_word' id='word_1_525' title='bbox 1452 4090 1635 4160; x_wconf 90' lang='lat' dir='ltr'><strong>aliquo</strong></span> <span class='ocrx_word' id='word_1_526' title='bbox 1679 4092 1962 4147; x_wconf 90' lang='lat' dir='ltr'><strong>inveniens</strong></span> <span class='ocrx_word' id='word_1_527' title='bbox 2004 4107 2094 4147; x_wconf 90' lang='lat' dir='ltr'><strong>re-</strong></span> 
     </span>
    </p>
   </div>
   <div class='ocr_carea' id='block_1_74' title="bbox 518 4178 2094 4252">
    <p class='ocr_par' dir='ltr' id='par_1_74' title="bbox 518 4178 2094 4252">
     <span class='ocr_line' id='line_1_74' title="bbox 518 4178 2094 4252; baseline 0.003 -20"><span class='ocrx_word' id='word_1_528' title='bbox 518 4182 759 4252; x_wconf 86' lang='lat' dir='ltr'><strong>pulsum,</strong></span> <span class='ocrx_word' id='word_1_529' title='bbox 801 4178 893 4248; x_wconf 90' lang='lat' dir='ltr'><strong>qui</strong></span> <span class='ocrx_word' id='word_1_530' title='bbox 933 4179 1105 4248; x_wconf 86' lang='lat' dir='ltr'><strong>possit</strong></span> <span class='ocrx_word' id='word_1_531' title='bbox 1131 4195 1199 4233; x_wconf 79' lang='lat' dir='ltr'><strong>ex</strong></span> <span class='ocrx_word' id='word_1_532' title='bbox 1242 4182 1522 4235; x_wconf 82' lang='lat' dir='ltr'><strong>contraria</strong></span> <span class='ocrx_word' id='word_1_533' title='bbox 1576 4183 1695 4237; x_wconf 88' lang='lat' dir='ltr'><strong>basi</strong></span> <span class='ocrx_word' id='word_1_534' title='bbox 1756 4183 2009 4238; x_wconf 87' lang='lat' dir='ltr'><strong>insistere</strong></span> <span class='ocrx_word' id='word_1_535' title='bbox 2039 4189 2094 4236; x_wconf 91' lang='lat' dir='ltr'><strong>et</strong></span> 
     </span>
    </p>
   </div>
   <div class='ocr_carea' id='block_1_75' title="bbox 520 4270 2093 4340">
    <p class='ocr_par' dir='ltr' id='par_1_75' title="bbox 520 4270 2093 4340">
     <span class='ocr_line' id='line_1_75' title="bbox 520 4270 2093 4340; baseline 0.001 -14"><span class='ocrx_word' id='word_1_536' title='bbox 520 4272 761 4326; x_wconf 81' lang='lat' dir='ltr'><strong>incidere</strong></span> <span class='ocrx_word' id='word_1_537' title='bbox 800 4270 1184 4339; x_wconf 87' lang='lat' dir='ltr'><strong>procedentem</strong></span> <span class='ocrx_word' id='word_1_538' title='bbox 1235 4271 1291 4325; x_wconf 93' lang='lat' dir='ltr'><strong>in</strong></span> <span class='ocrx_word' id='word_1_539' title='bbox 1343 4272 1532 4327; x_wconf 89' lang='lat' dir='ltr'><strong>orbem</strong></span> <span class='ocrx_word' id='word_1_540' title='bbox 1585 4274 1904 4328; x_wconf 88' lang='lat' dir='ltr'><strong>motionem.</strong></span> <span class='ocrx_word' id='word_1_541' title='bbox 1950 4272 2093 4340; x_wconf 86' lang='lat' dir='ltr'><strong>Quid</strong></span> 
     </span>
    </p>
   </div>
   <div class='ocr_carea' id='block_1_76' title="bbox 520 4361 2089 4435">
    <p class='ocr_par' dir='ltr' id='par_1_76' title="bbox 520 4361 2089 4435">
     <span class='ocr_line' id='line_1_76' title="bbox 520 4361 2089 4435; baseline 0.003 -21"><span class='ocrx_word' id='word_1_542' title='bbox 520 4362 685 4432; x_wconf 90' lang='lat' dir='ltr'><strong>igitur</strong></span> <span class='ocrx_word' id='word_1_543' title='bbox 740 4361 871 4415; x_wconf 92' lang='lat' dir='ltr'><strong>illud</strong></span> <span class='ocrx_word' id='word_1_544' title='bbox 922 4375 1155 4415; x_wconf 86' lang='lat' dir='ltr'><strong>vacuum</strong></span> <span class='ocrx_word' id='word_1_545' title='bbox 1199 4403 1215 4428; x_wconf 88' lang='lat'><strong>,</strong></span> <span class='ocrx_word' id='word_1_546' title='bbox 1254 4362 1396 4434; x_wconf 89' lang='lat' dir='ltr'><strong>quod</strong></span> <span class='ocrx_word' id='word_1_547' title='bbox 1428 4378 1605 4433; x_wconf 89' lang='lat' dir='ltr'><strong>neque</strong></span> <span class='ocrx_word' id='word_1_548' title='bbox 1640 4379 1862 4435; x_wconf 87' lang='lat' dir='ltr'><strong>corpus,</strong></span> <span class='ocrx_word' id='word_1_549' title='bbox 1913 4367 2089 4431; x_wconf 90' lang='lat' dir='ltr'><strong>aiunt,</strong></span> 
     </span>
    </p>
   </div>
   <div class='ocr_carea' id='block_1_77' title="bbox 519 4451 2095 4524">
    <p class='ocr_par' dir='ltr' id='par_1_77' title="bbox 519 4451 2095 4524">
     <span class='ocr_line' id='line_1_77' title="bbox 519 4451 2095 4524; baseline 0.004 -18"><span class='ocrx_word' id='word_1_550' title='bbox 519 4466 695 4521; x_wconf 78' lang='lat' dir='ltr'><strong>neque</strong></span> <span class='ocrx_word' id='word_1_551' title='bbox 716 4451 975 4505; x_wconf 86' lang='lat' dir='ltr'><strong>notio?et</strong></span> <span class='ocrx_word' id='word_1_552' title='bbox 1004 4467 1289 4521; x_wconf 88' lang='lat' dir='ltr'><strong>quousque</strong></span> <span class='ocrx_word' id='word_1_553' title='bbox 1331 4454 1485 4507; x_wconf 84' lang='lat' dir='ltr'><strong>stat?</strong></span> <span class='ocrx_word' id='word_1_554' title='bbox 1526 4461 1580 4508; x_wconf 92' lang='lat' dir='ltr'><strong>et</strong></span> <span class='ocrx_word' id='word_1_555' title='bbox 1609 4457 1741 4524; x_wconf 87' lang='lat' dir='ltr'><strong>quid</strong></span> <span class='ocrx_word' id='word_1_556' title='bbox 1790 4455 1923 4509; x_wconf 89' lang='lat' dir='ltr'><strong>illud</strong></span> <span class='ocrx_word' id='word_1_557' title='bbox 1970 4472 2095 4511; x_wconf 87' lang='lat' dir='ltr'><strong>sus-</strong></span> 
     </span>
    </p>
   </div>
   <div class='ocr_carea' id='block_1_78' title="bbox 518 4543 2092 4614">
    <p class='ocr_par' dir='ltr' id='par_1_78' title="bbox 518 4543 2092 4614">
     <span class='ocr_line' id='line_1_78' title="bbox 518 4543 2092 4614; baseline 0.002 -16"><span class='ocrx_word' id='word_1_558' title='bbox 518 4544 689 4614; x_wconf 86' lang='lat' dir='ltr'><strong>cipit?</strong></span> <span class='ocrx_word' id='word_1_559' title='bbox 737 4543 869 4608; x_wconf 70' lang='lat' dir='ltr'><strong>Quar.</strong></span> <span class='ocrx_word' id='word_1_560' title='bbox 899 4551 1081 4596; x_wconf 88' lang='lat' dir='ltr'><strong>autem</strong></span> <span class='ocrx_word' id='word_1_561' title='bbox 1130 4543 1311 4608; x_wconf 88' lang='lat' dir='ltr'><strong>solidi,</strong></span> <span class='ocrx_word' id='word_1_562' title='bbox 1361 4552 1414 4597; x_wconf 93' lang='lat' dir='ltr'><strong>et</strong></span> <span class='ocrx_word' id='word_1_563' title='bbox 1465 4544 1753 4599; x_wconf 89' lang='lat' dir='ltr'><strong>renitentis</strong></span> <span class='ocrx_word' id='word_1_564' title='bbox 1784 4561 1906 4599; x_wconf 90' lang='lat' dir='ltr'><strong>cum</strong></span> <span class='ocrx_word' id='word_1_565' title='bbox 1943 4547 2092 4601; x_wconf 88' lang='lat' dir='ltr'><strong>inani</strong></span> 
     </span>
    </p>
   </div>
   <div class='ocr_carea' id='block_1_79' title="bbox 519 4634 2094 4708">
    <p class='ocr_par' dir='ltr' id='par_1_79' title="bbox 519 4634 2094 4708">
     <span class='ocr_line' id='line_1_79' title="bbox 519 4634 2094 4708; baseline 0.002 -18"><span class='ocrx_word' id='word_1_566' title='bbox 519 4645 576 4690; x_wconf 87' lang='lat' dir='ltr'><strong>ct</strong></span> <span class='ocrx_word' id='word_1_567' title='bbox 623 4651 732 4690; x_wconf 90' lang='lat' dir='ltr'><strong>non</strong></span> <span class='ocrx_word' id='word_1_568' title='bbox 786 4634 1121 4689; x_wconf 88' lang='lat' dir='ltr'><strong>subsistente</strong></span> <span class='ocrx_word' id='word_1_569' title='bbox 1159 4634 1459 4704; x_wconf 81' lang='lat' dir='ltr'><strong>cognatio?</strong></span> <span class='ocrx_word' id='word_1_570' title='bbox 1515 4634 1658 4701; x_wconf 89' lang='lat' dir='ltr'><strong>Quid</strong></span> <span class='ocrx_word' id='word_1_571' title='bbox 1692 4645 1794 4703; x_wconf 89' lang='lat' dir='ltr'><strong>est,</strong></span> <span class='ocrx_word' id='word_1_572' title='bbox 1848 4639 1994 4708; x_wconf 89' lang='lat' dir='ltr'><strong>quod</strong></span> <span class='ocrx_word' id='word_1_573' title='bbox 2022 4639 2094 4693; x_wconf 94' lang='lat' dir='ltr'><strong>sit</strong></span> 
     </span>
    </p>
   </div>
   <div class='ocr_carea' id='block_1_80' title="bbox 517 4721 2090 4792">
    <p class='ocr_par' dir='ltr' id='par_1_80' title="bbox 517 4721 2090 4792">
     <span class='ocr_line' id='line_1_80' title="bbox 517 4721 2090 4792; baseline 0.002 -15"><span class='ocrx_word' id='word_1_574' title='bbox 517 4724 899 4777; x_wconf 86' lang='lat' dir='ltr'><strong>intermedium</strong></span> <span class='ocrx_word' id='word_1_575' title='bbox 930 4723 1015 4777; x_wconf 91' lang='lat' dir='ltr'><strong>his</strong></span> <span class='ocrx_word' id='word_1_576' title='bbox 1053 4738 1174 4792; x_wconf 68' lang='lat' dir='ltr'><strong>qua:</strong></span> <span class='ocrx_word' id='word_1_577' title='bbox 1202 4730 1395 4776; x_wconf 89' lang='lat' dir='ltr'><strong>natura</strong></span> <span class='ocrx_word' id='word_1_578' title='bbox 1426 4721 1702 4791; x_wconf 71' lang='lat' dir='ltr'><strong>disiuncta</strong></span> <span class='ocrx_word' id='word_1_579' title='bbox 1737 4734 1866 4779; x_wconf 92' lang='lat' dir='ltr'><strong>sunt</strong></span> <span class='ocrx_word' id='word_1_580' title='bbox 1895 4735 1951 4781; x_wconf 92' lang='lat' dir='ltr'><strong>et</strong></span> <span class='ocrx_word' id='word_1_581' title='bbox 1982 4726 2090 4780; x_wconf 83' lang='lat' dir='ltr'><strong>dif-</strong></span> 
     </span>
    </p>
   </div>
   <div class='ocr_carea' id='block_1_81' title="bbox 518 4814 2089 4882">
    <p class='ocr_par' dir='ltr' id='par_1_81' title="bbox 518 4814 2089 4882">
     <span class='ocr_line' id='line_1_81' title="bbox 518 4814 2089 4882; baseline 0.001 -13"><span class='ocrx_word' id='word_1_582' title='bbox 518 4816 741 4870; x_wconf 77' lang='lat' dir='ltr'><strong>ferunt?</strong></span> <span class='ocrx_word' id='word_1_583' title='bbox 771 4814 1055 4878; x_wconf 88' lang='lat' dir='ltr'><strong>Quomodo</strong></span> <span class='ocrx_word' id='word_1_584' title='bbox 1091 4826 1186 4882; x_wconf 86' lang='lat' dir='ltr'><strong>per</strong></span> <span class='ocrx_word' id='word_1_585' title='bbox 1216 4828 1279 4867; x_wconf 90' lang='lat' dir='ltr'><strong>ea</strong></span> <span class='ocrx_word' id='word_1_586' title='bbox 1313 4828 1436 4882; x_wconf 67' lang='lat' dir='ltr'><strong>quae</strong></span> <span class='ocrx_word' id='word_1_587' title='bbox 1468 4820 1598 4868; x_wconf 92' lang='lat' dir='ltr'><strong>sunt</strong></span> <span class='ocrx_word' id='word_1_588' title='bbox 1623 4814 1852 4871; x_wconf 67' lang='lat' dir='ltr'><strong>diversae</strong></span> <span class='ocrx_word' id='word_1_589' title='bbox 1878 4825 2089 4871; x_wconf 65' lang='lat' dir='ltr'><strong>natura:</strong></span> 
     </span>
    </p>
   </div>
   <div class='ocr_carea' id='block_1_82' title="bbox 516 4905 2091 4977">
    <p class='ocr_par' dir='ltr' id='par_1_82' title="bbox 516 4905 2091 4977">
     <span class='ocr_line' id='line_1_82' title="bbox 516 4905 2091 4977; baseline 0.003 -17"><span class='ocrx_word' id='word_1_590' title='bbox 516 4916 667 4961; x_wconf 88' lang='lat' dir='ltr'><strong>tanta</strong></span> <span class='ocrx_word' id='word_1_591' title='bbox 703 4905 941 4959; x_wconf 85' lang='lat' dir='ltr'><strong>universi</strong></span> <span class='ocrx_word' id='word_1_592' title='bbox 978 4919 1290 4976; x_wconf 85' lang='lat' dir='ltr'><strong>compages,</strong></span> <span class='ocrx_word' id='word_1_593' title='bbox 1334 4912 1390 4959; x_wconf 91' lang='lat' dir='ltr'><strong>et</strong></span> <span class='ocrx_word' id='word_1_594' title='bbox 1416 4914 1541 4976; x_wconf 90' lang='lat' dir='ltr'><strong>apta</strong></span> <span class='ocrx_word' id='word_1_595' title='bbox 1589 4908 1914 4977; x_wconf 90' lang='lat' dir='ltr'><strong>compositio</strong></span> <span class='ocrx_word' id='word_1_596' title='bbox 1959 4924 2091 4963; x_wconf 89' lang='lat' dir='ltr'><strong>con-</strong></span> 
     </span>
    </p>
   </div>
   <div class='ocr_carea' id='block_1_83' title="bbox 518 4994 2087 5070">
    <p class='ocr_par' dir='ltr' id='par_1_83' title="bbox 518 4994 2087 5070">
     <span class='ocr_line' id='line_1_83' title="bbox 518 4994 2087 5070; baseline 0.001 -18"><span class='ocrx_word' id='word_1_597' title='bbox 518 4996 801 5052; x_wconf 90' lang='lat' dir='ltr'><strong>stituitur?</strong></span> <span class='ocrx_word' id='word_1_598' title='bbox 851 4994 992 5061; x_wconf 90' lang='lat' dir='ltr'><strong>Quid</strong></span> <span class='ocrx_word' id='word_1_599' title='bbox 1032 5007 1215 5051; x_wconf 89' lang='lat' dir='ltr'><strong>autem</strong></span> <span class='ocrx_word' id='word_1_600' title='bbox 1280 4997 1481 5051; x_wconf 67' lang='lat' dir='ltr'><strong>caelum</strong></span> <span class='ocrx_word' id='word_1_601' title='bbox 1541 4998 1718 5067; x_wconf 89' lang='lat' dir='ltr'><strong>ipsum</strong></span> <span class='ocrx_word' id='word_1_602' title='bbox 1774 5013 1897 5054; x_wconf 87' lang='lat' dir='ltr'><strong>esse</strong></span> <span class='ocrx_word' id='word_1_603' title='bbox 1956 5000 2087 5070; x_wconf 88' lang='lat' dir='ltr'><strong>quis</strong></span> 
     </span>
    </p>
   </div>
   <div class='ocr_carea' id='block_1_84' title="bbox 516 5088 2090 5161">
    <p class='ocr_par' dir='ltr' id='par_1_84' title="bbox 516 5088 2090 5161">
     <span class='ocr_line' id='line_1_84' title="bbox 516 5088 2090 5161; baseline 0.003 -17"><span class='ocrx_word' id='word_1_604' title='bbox 516 5089 757 5144; x_wconf 79' lang='lat' dir='ltr'><strong>dixerit?</strong></span> <span class='ocrx_word' id='word_1_605' title='bbox 796 5104 863 5141; x_wconf 88' lang='lat' dir='ltr'><strong>an</strong></span> <span class='ocrx_word' id='word_1_606' title='bbox 908 5088 1039 5158; x_wconf 87' lang='lat' dir='ltr'><strong>quid</strong></span> <span class='ocrx_word' id='word_1_607' title='bbox 1083 5090 1303 5144; x_wconf 87' lang='lat' dir='ltr'><strong>mistum</strong></span> <span class='ocrx_word' id='word_1_608' title='bbox 1343 5107 1411 5146; x_wconf 80' lang='lat' dir='ltr'><strong>ex</strong></span> <span class='ocrx_word' id='word_1_609' title='bbox 1441 5091 1725 5146; x_wconf 88' lang='lat' dir='ltr'><strong>elementis</strong></span> <span class='ocrx_word' id='word_1_610' title='bbox 1756 5108 1877 5161; x_wconf 70' lang='lat' dir='ltr'><strong>quae</strong></span> <span class='ocrx_word' id='word_1_611' title='bbox 1918 5094 1972 5147; x_wconf 94' lang='lat' dir='ltr'><strong>in</strong></span> <span class='ocrx_word' id='word_1_612' title='bbox 2023 5109 2090 5148; x_wconf 88' lang='lat' dir='ltr'><strong>eo</strong></span> 
     </span>
    </p>
   </div>
   <div class='ocr_carea' id='block_1_85' title="bbox 517 5179 2088 5254">
    <p class='ocr_par' dir='ltr' id='par_1_85' title="bbox 517 5179 2088 5254">
     <span class='ocr_line' id='line_1_85' title="bbox 517 5179 2088 5254; baseline 0.003 -20"><span class='ocrx_word' id='word_1_613' title='bbox 517 5181 889 5243; x_wconf 88' lang='lat' dir='ltr'><strong>continentur,</strong></span> <span class='ocrx_word' id='word_1_614' title='bbox 930 5179 1011 5233; x_wconf 89' lang='lat' dir='ltr'><strong>vel</strong></span> <span class='ocrx_word' id='word_1_615' title='bbox 1038 5196 1206 5232; x_wconf 91' lang='lat' dir='ltr'><strong>unum</strong></span> <span class='ocrx_word' id='word_1_616' title='bbox 1242 5196 1307 5236; x_wconf 85' lang='lat' dir='ltr'><strong>ex</strong></span> <span class='ocrx_word' id='word_1_617' title='bbox 1336 5181 1616 5245; x_wconf 87' lang='lat' dir='ltr'><strong>omnibus,</strong></span> <span class='ocrx_word' id='word_1_618' title='bbox 1652 5183 1737 5237; x_wconf 85' lang='lat' dir='ltr'><strong>vel</strong></span> <span class='ocrx_word' id='word_1_619' title='bbox 1763 5183 1909 5237; x_wconf 90' lang='lat' dir='ltr'><strong>aliud</strong></span> <span class='ocrx_word' id='word_1_620' title='bbox 1932 5184 2088 5254; x_wconf 90' lang='lat' dir='ltr'><strong>quid-</strong></span> 
     </span>
    </p>
   </div>
   <div class='ocr_carea' id='block_1_86' title="bbox 516 5270 2093 5346">
    <p class='ocr_par' dir='ltr' id='par_1_86' title="bbox 516 5270 2093 5346">
     <span class='ocr_line' id='line_1_86' title="bbox 516 5270 2093 5346; baseline 0.004 -21"><span class='ocrx_word' id='word_1_621' title='bbox 516 5272 876 5341; x_wconf 77' lang='lat' dir='ltr'><strong>dam,practer</strong></span> <span class='ocrx_word' id='word_1_622' title='bbox 902 5275 1014 5325; x_wconf 70' lang='lat' dir='ltr'><strong>lucc</strong></span> <span class='ocrx_word' id='word_1_623' title='bbox 1038 5273 1060 5325; x_wconf 89' lang='lat'><strong>?</strong></span> <span class='ocrx_word' id='word_1_624' title='bbox 1087 5270 1230 5337; x_wconf 88' lang='lat' dir='ltr'><strong>Quid</strong></span> <span class='ocrx_word' id='word_1_625' title='bbox 1278 5282 1462 5329; x_wconf 85' lang='lat' dir='ltr'><strong>autem</strong></span> <span class='ocrx_word' id='word_1_626' title='bbox 1493 5289 1615 5330; x_wconf 86' lang='lat' dir='ltr'><strong>esse</strong></span> <span class='ocrx_word' id='word_1_627' title='bbox 1656 5276 1852 5335; x_wconf 73' lang='lat' dir='ltr'><strong>stellas</strong></span> <span class='ocrx_word' id='word_1_628' title='bbox 1900 5276 2093 5346; x_wconf 85' lang='lat' dir='ltr'><strong>ipsas?</strong></span> 
     </span>
    </p>
   </div>
   <div class='ocr_carea' id='block_1_87' title="bbox 520 5361 2091 5435">
    <p class='ocr_par' dir='ltr' id='par_1_87' title="bbox 520 5361 2091 5435">
     <span class='ocr_line' id='line_1_87' title="bbox 520 5361 2091 5435; baseline 0.003 -17"><span class='ocrx_word' id='word_1_629' title='bbox 520 5361 674 5419; x_wconf 86' lang='lat' dir='ltr'><strong>Unde</strong></span> <span class='ocrx_word' id='word_1_630' title='bbox 714 5364 846 5432; x_wconf 91' lang='lat' dir='ltr'><strong>ipsis</strong></span> <span class='ocrx_word' id='word_1_631' title='bbox 897 5362 1242 5431; x_wconf 87' lang='lat' dir='ltr'><strong>splendorem</strong></span> <span class='ocrx_word' id='word_1_632' title='bbox 1296 5362 1555 5435; x_wconf 78' lang='lat' dir='ltr'><strong>aﬂ‘ulgere</strong></span> <span class='ocrx_word' id='word_1_633' title='bbox 1593 5365 1830 5421; x_wconf 77' lang='lat' dir='ltr'><strong>dixerit?</strong></span> <span class='ocrx_word' id='word_1_634' title='bbox 1874 5367 1940 5419; x_wconf 88' lang='lat' dir='ltr'><strong>Et</strong></span> <span class='ocrx_word' id='word_1_635' title='bbox 2001 5367 2091 5422; x_wconf 90' lang='lat' dir='ltr'><strong>hic</strong></span> 
     </span>
    </p>
   </div>
   <div class='ocr_carea' id='block_1_88' title="bbox 517 5452 2089 5525">
    <p class='ocr_par' dir='ltr' id='par_1_88' title="bbox 517 5452 2089 5525">
     <span class='ocr_line' id='line_1_88' title="bbox 517 5452 2089 5525; baseline 0.002 -16"><span class='ocrx_word' id='word_1_636' title='bbox 517 5456 772 5524; x_wconf 84' lang='lat' dir='ltr'><strong>splendor</strong></span> <span class='ocrx_word' id='word_1_637' title='bbox 807 5453 935 5523; x_wconf 89' lang='lat' dir='ltr'><strong>quid</strong></span> <span class='ocrx_word' id='word_1_638' title='bbox 973 5454 1097 5509; x_wconf 90' lang='lat' dir='ltr'><strong>est?</strong></span> <span class='ocrx_word' id='word_1_639' title='bbox 1125 5452 1189 5506; x_wconf 89' lang='lat' dir='ltr'><strong>Et</strong></span> <span class='ocrx_word' id='word_1_640' title='bbox 1218 5457 1491 5525; x_wconf 90' lang='lat' dir='ltr'><strong>quomodo</strong></span> <span class='ocrx_word' id='word_1_641' title='bbox 1520 5458 1921 5512; x_wconf 91' lang='lat' dir='ltr'><strong>constituitur?</strong></span> <span class='ocrx_word' id='word_1_642' title='bbox 1970 5456 2089 5512; x_wconf 81' lang='lat' dir='ltr'><strong>Dii-</strong></span> 
     </span>
    </p>
   </div>
   <div class='ocr_carea' id='block_1_89' title="bbox 516 5546 2086 5618">
    <p class='ocr_par' dir='ltr' id='par_1_89' title="bbox 516 5546 2086 5618">
     <span class='ocr_line' id='line_1_89' title="bbox 516 5546 2086 5618; baseline 0.002 -17"><span class='ocrx_word' id='word_1_643' title='bbox 516 5546 759 5601; x_wconf 71' lang='lat' dir='ltr'><strong>ferentia:</strong></span> <span class='ocrx_word' id='word_1_644' title='bbox 786 5553 966 5601; x_wconf 92' lang='lat' dir='ltr'><strong>autem</strong></span> <span class='ocrx_word' id='word_1_645' title='bbox 997 5546 1240 5616; x_wconf 87' lang='lat' dir='ltr'><strong>ipsorum</strong></span> <span class='ocrx_word' id='word_1_646' title='bbox 1286 5547 1588 5603; x_wconf 90' lang='lat' dir='ltr'><strong>secundum</strong></span> <span class='ocrx_word' id='word_1_647' title='bbox 1623 5549 2086 5618; x_wconf 82' lang='lat' dir='ltr'><strong>pulchritudinem</strong></span> 
     </span>
    </p>
   </div>
   <div class='ocr_carea' id='block_1_90' title="bbox 515 5638 2086 5710">
    <p class='ocr_par' dir='ltr' id='par_1_90' title="bbox 515 5638 2086 5710">
     <span class='ocr_line' id='line_1_90' title="bbox 515 5638 2086 5710; baseline 0.002 -17"><span class='ocrx_word' id='word_1_648' title='bbox 515 5647 571 5693; x_wconf 90' lang='lat' dir='ltr'><strong>et</strong></span> <span class='ocrx_word' id='word_1_649' title='bbox 600 5638 1025 5710; x_wconf 85' lang='lat' dir='ltr'><strong>magnitudinem</strong></span> <span class='ocrx_word' id='word_1_650' title='bbox 1063 5655 1313 5710; x_wconf 66' lang='lat' dir='ltr'><strong>quaenam</strong></span> <span class='ocrx_word' id='word_1_651' title='bbox 1358 5640 1541 5696; x_wconf 88' lang='lat' dir='ltr'><strong>ratio?</strong></span> <span class='ocrx_word' id='word_1_652' title='bbox 1579 5639 1873 5697; x_wconf 83' lang='lat' dir='ltr'><strong>Interiores</strong></span> <span class='ocrx_word' id='word_1_653' title='bbox 1906 5652 2086 5697; x_wconf 92' lang='lat' dir='ltr'><strong>autem</strong></span> 
     </span>
    </p>
   </div>
   <div class='ocr_carea' id='block_1_91' title="bbox 518 5731 2087 5807">
    <p class='ocr_par' dir='ltr' id='par_1_91' title="bbox 518 5731 2087 5807">
     <span class='ocr_line' id='line_1_91' title="bbox 518 5731 2087 5807; baseline 0.003 -21"><span class='ocrx_word' id='word_1_654' title='bbox 518 5732 757 5788; x_wconf 84' lang='lat' dir='ltr'><strong>circulos</strong></span> <span class='ocrx_word' id='word_1_655' title='bbox 779 5731 1119 5789; x_wconf 89' lang='lat' dir='ltr'><strong>contrarium</strong></span> <span class='ocrx_word' id='word_1_656' title='bbox 1146 5731 1405 5790; x_wconf 87' lang='lat' dir='ltr'><strong>universo</strong></span> <span class='ocrx_word' id='word_1_657' title='bbox 1426 5742 1631 5790; x_wconf 87' lang='lat' dir='ltr'><strong>motum</strong></span> <span class='ocrx_word' id='word_1_658' title='bbox 1655 5734 2087 5807; x_wconf 88' lang='lat' dir='ltr'><strong>circumagentes</strong></span> 
     </span>
    </p>
   </div>
   <div class='ocr_carea' id='block_1_92' title="bbox 2122 4776 2171 4836">
    <p class='ocr_par' dir='ltr' id='par_1_92' title="bbox 2122 4776 2171 4836">
     <span class='ocr_line' id='line_1_92' title="bbox 2122 4776 2171 4836; baseline 0 0"><span class='ocrx_word' id='word_1_659' title='bbox 2122 4776 2171 4836; x_wconf 90' lang='lat' dir='ltr'><strong>D</strong></span> 
     </span>
    </p>
   </div>
   <div class='ocr_carea' id='block_1_93' title="bbox 2196 3542 3770 3615">
    <p class='ocr_par' dir='ltr' id='par_1_93' title="bbox 2196 3542 3770 3615">
     <span class='ocr_line' id='line_1_93' title="bbox 2196 3542 3770 3615; baseline 0 -19"><span class='ocrx_word' id='word_1_660' title='bbox 2196 3543 2315 3612; x_wconf 88' lang='grc' dir='ltr'>οὐχί</span> <span class='ocrx_word' id='word_1_661' title='bbox 2335 3560 2349 3574; x_wconf 78' lang='grc' dir='ltr'><strong>ο</strong></span> <span class='ocrx_word' id='word_1_662' title='bbox 2381 3543 2535 3596; x_wconf 85' lang='grc' dir='ltr'>κενὸν</span> <span class='ocrx_word' id='word_1_663' title='bbox 2562 3543 2621 3597; x_wconf 83' lang='grc' dir='ltr'><strong>δέ</strong></span> <span class='ocrx_word' id='word_1_664' title='bbox 2650 3561 2703 3595; x_wconf 92' lang='grc' dir='ltr'><strong>τι</strong></span> <span class='ocrx_word' id='word_1_665' title='bbox 2735 3544 2874 3596; x_wconf 87' lang='grc' dir='ltr'>κατὰ</span> <span class='ocrx_word' id='word_1_666' title='bbox 2894 3542 2991 3615; x_wconf 82' lang='grc' dir='ltr'>τὴν</span> <span class='ocrx_word' id='word_1_667' title='bbox 3023 3544 3256 3613; x_wconf 84' lang='grc' dir='ltr'>ματαίαν</span> <span class='ocrx_word' id='word_1_668' title='bbox 3285 3544 3393 3598; x_wconf 86' lang='grc' dir='ltr'><strong>τῶν</strong></span> <span class='ocrx_word' id='word_1_669' title='bbox 3413 3544 3586 3598; x_wconf 88' lang='grc' dir='ltr'>ταῦτα</span> <span class='ocrx_word' id='word_1_670' title='bbox 3609 3561 3770 3615; x_wconf 85' lang='grc' dir='ltr'>πεφι-</span> 
     </span>
    </p>
   </div>
   <div class='ocr_carea' id='block_1_94' title="bbox 2192 3632 3767 3705">
    <p class='ocr_par' dir='ltr' id='par_1_94' title="bbox 2192 3632 3767 3705">
     <span class='ocr_line' id='line_1_94' title="bbox 2192 3632 3767 3705; baseline 0.001 -20"><span class='ocrx_word' id='word_1_671' title='bbox 2192 3632 2566 3703; x_wconf 74' lang='grc' dir='ltr'>λοσοφηκότων</span> <span class='ocrx_word' id='word_1_672' title='bbox 2624 3634 2875 3686; x_wconf 83' lang='grc' dir='ltr'>ὑπόνοιαν</span> <span class='ocrx_word' id='word_1_673' title='bbox 2928 3636 3040 3695; x_wconf 86' lang='grc' dir='ltr'>τοῖς</span> <span class='ocrx_word' id='word_1_674' title='bbox 3094 3634 3362 3704; x_wconf 79' lang='grc' dir='ltr'>οὐρανίοις</span> <span class='ocrx_word' id='word_1_675' title='bbox 3419 3635 3767 3705; x_wconf 82' lang='grc' dir='ltr'>περικέχυται</span> 
     </span>
    </p>
   </div>
   <div class='ocr_carea' id='block_1_95' title="bbox 2193 3724 3769 3795">
    <p class='ocr_par' dir='ltr' id='par_1_95' title="bbox 2193 3724 3769 3795">
     <span class='ocr_line' id='line_1_95' title="bbox 2193 3724 3769 3795; baseline -0.001 -16"><span class='ocrx_word' id='word_1_676' title='bbox 2193 3724 2381 3787; x_wconf 83' lang='grc' dir='ltr'>νώτοις</span> <span class='ocrx_word' id='word_1_677' title='bbox 2402 3741 2414 3755; x_wconf 87' lang='grc'><strong>·</strong></span> <span class='ocrx_word' id='word_1_678' title='bbox 2460 3726 2554 3778; x_wconf 76' lang='grc' dir='ltr'><strong>καὶ</strong></span> <span class='ocrx_word' id='word_1_679' title='bbox 2597 3725 2769 3795; x_wconf 82' lang='grc' dir='ltr'>τούτῳ</span> <span class='ocrx_word' id='word_1_680' title='bbox 2804 3724 3235 3779; x_wconf 83' lang='grc' dir='ltr'>ἐνολισθαίνουσα</span> <span class='ocrx_word' id='word_1_681' title='bbox 3267 3725 3362 3778; x_wconf 83' lang='grc' dir='ltr'><strong>τοῦ</strong></span> <span class='ocrx_word' id='word_1_682' title='bbox 3395 3726 3593 3787; x_wconf 77' lang='grc' dir='ltr'>παντὸς</span> <span class='ocrx_word' id='word_1_683' title='bbox 3627 3727 3659 3795; x_wconf 76' lang='grc' dir='ltr'>ἡ</span> <span class='ocrx_word' id='word_1_684' title='bbox 3690 3726 3769 3778; x_wconf 79' lang='grc' dir='ltr'>δί-</span> 
     </span>
    </p>
   </div>
   <div class='ocr_carea' id='block_1_96' title="bbox 2194 3815 3765 3888">
    <p class='ocr_par' dir='ltr' id='par_1_96' title="bbox 2194 3815 3765 3888">
     <span class='ocr_line' id='line_1_96' title="bbox 2194 3815 3765 3888; baseline -0.001 -18"><span class='ocrx_word' id='word_1_685' title='bbox 2194 3834 2368 3887; x_wconf 89' lang='grc' dir='ltr'>νησις,</span> <span class='ocrx_word' id='word_1_686' title='bbox 2399 3816 2535 3888; x_wconf 76' lang='grc' dir='ltr'>πρὸς</span> <span class='ocrx_word' id='word_1_687' title='bbox 2564 3816 2760 3887; x_wconf 77' lang='grc' dir='ltr'>ἑαυτὴν</span> <span class='ocrx_word' id='word_1_688' title='bbox 2792 3815 3136 3887; x_wconf 84' lang='grc' dir='ltr'>ἀναστρέφει,</span> <span class='ocrx_word' id='word_1_689' title='bbox 3165 3815 3429 3887; x_wconf 84' lang='grc' dir='ltr'>μηδεμίαν</span> <span class='ocrx_word' id='word_1_690' title='bbox 3453 3817 3517 3869; x_wconf 78' lang='grc' dir='ltr'><strong>ἐκ</strong></span> <span class='ocrx_word' id='word_1_691' title='bbox 3550 3815 3765 3886; x_wconf 84' lang='grc' dir='ltr'>στερεοῦ</span> 
     </span>
    </p>
   </div>
   <div class='ocr_carea' id='block_1_97' title="bbox 2194 3906 3765 3979">
    <p class='ocr_par' dir='ltr' id='par_1_97' title="bbox 2194 3906 3765 3979">
     <span class='ocr_line' id='line_1_97' title="bbox 2194 3906 3765 3979; baseline -0.001 -18"><span class='ocrx_word' id='word_1_692' title='bbox 2194 3925 2336 3971; x_wconf 88' lang='grc' dir='ltr'>τινος</span> <span class='ocrx_word' id='word_1_693' title='bbox 2358 3908 2676 3961; x_wconf 84' lang='grc' dir='ltr'>ἀντιτυπίαν</span> <span class='ocrx_word' id='word_1_694' title='bbox 2710 3906 3052 3978; x_wconf 80' lang='grc' dir='ltr'>εύρίσκουσα,</span> <span class='ocrx_word' id='word_1_695' title='bbox 3082 3907 3180 3978; x_wconf 82' lang='grc' dir='ltr'><strong>τὴν</strong></span> <span class='ocrx_word' id='word_1_696' title='bbox 3207 3908 3509 3979; x_wconf 84' lang='grc' dir='ltr'>δυναμένην</span> <span class='ocrx_word' id='word_1_697' title='bbox 3539 3906 3596 3972; x_wconf 77' lang='grc' dir='ltr'><strong>ἐξ</strong></span> <span class='ocrx_word' id='word_1_698' title='bbox 3618 3909 3765 3960; x_wconf 84' lang='grc' dir='ltr'>ἀντι-</span> 
     </span>
    </p>
   </div>
   <div class='ocr_carea' id='block_1_98' title="bbox 2195 3998 3765 4070">
    <p class='ocr_par' dir='ltr' id='par_1_98' title="bbox 2195 3998 3765 4070">
     <span class='ocr_line' id='line_1_98' title="bbox 2195 3998 3765 4070; baseline -0.001 -19"><span class='ocrx_word' id='word_1_699' title='bbox 2195 3999 2404 4062; x_wconf 78' lang='grc' dir='ltr'>ϐάσεως</span> <span class='ocrx_word' id='word_1_700' title='bbox 2453 3999 2667 4070; x_wconf 85' lang='grc' dir='ltr'>στῆσαι,</span> <span class='ocrx_word' id='word_1_701' title='bbox 2716 3999 2808 4051; x_wconf 75' lang='grc' dir='ltr'>καὶ</span> <span class='ocrx_word' id='word_1_702' title='bbox 2851 3998 3117 4068; x_wconf 78' lang='grc' dir='ltr'>ἀνακόψαι</span> <span class='ocrx_word' id='word_1_703' title='bbox 3175 3998 3465 4070; x_wconf 78' lang='grc' dir='ltr'>προϊοῦσαν</span> <span class='ocrx_word' id='word_1_704' title='bbox 3494 4000 3551 4051; x_wconf 83' lang='grc' dir='ltr'><strong>ἐν</strong></span> <span class='ocrx_word' id='word_1_705' title='bbox 3586 3998 3765 4067; x_wconf 82' lang='grc' dir='ltr'>κύκλῳ</span> 
     </span>
    </p>
   </div>
   <div class='ocr_carea' id='block_1_99' title="bbox 2191 4086 3765 4158">
    <p class='ocr_par' dir='ltr' id='par_1_99' title="bbox 2191 4086 3765 4158">
     <span class='ocr_line' id='line_1_99' title="bbox 2191 4086 3765 4158; baseline -0.001 -19"><span class='ocrx_word' id='word_1_706' title='bbox 2191 4086 2292 4158; x_wconf 82' lang='grc' dir='ltr'>τὴν</span> <span class='ocrx_word' id='word_1_707' title='bbox 2319 4086 2550 4157; x_wconf 86' lang='grc' dir='ltr'>κίνησιν.</span> <span class='ocrx_word' id='word_1_708' title='bbox 2579 4087 2643 4138; x_wconf 93' lang='grc' dir='ltr'><strong>Τί</strong></span> <span class='ocrx_word' id='word_1_709' title='bbox 2672 4087 2847 4138; x_wconf 87' lang='grc' dir='ltr'>τοίνυν</span> <span class='ocrx_word' id='word_1_710' title='bbox 2886 4086 3001 4139; x_wconf 77' lang='grc' dir='ltr'>ἐστὶ</span> <span class='ocrx_word' id='word_1_711' title='bbox 3031 4086 3092 4139; x_wconf 84' lang='grc' dir='ltr'>τὸ</span> <span class='ocrx_word' id='word_1_712' title='bbox 3123 4087 3280 4140; x_wconf 85' lang='grc' dir='ltr'>κενὸν</span> <span class='ocrx_word' id='word_1_713' title='bbox 3323 4088 3495 4140; x_wconf 87' lang='grc' dir='ltr'>ἐκεῖνο</span> <span class='ocrx_word' id='word_1_714' title='bbox 3518 4126 3535 4151; x_wconf 94' lang='grc'><strong>,</strong></span> <span class='ocrx_word' id='word_1_715' title='bbox 3566 4086 3595 4139; x_wconf 85' lang='grc' dir='ltr'><strong>ὃ</strong></span> <span class='ocrx_word' id='word_1_716' title='bbox 3631 4090 3765 4157; x_wconf 81' lang='grc' dir='ltr'>μήτε</span> 
     </span>
    </p>
   </div>
   <div class='ocr_carea' id='block_1_100' title="bbox 2194 4177 3765 4250">
    <p class='ocr_par' dir='ltr' id='par_1_100' title="bbox 2194 4177 3765 4250">
     <span class='ocr_line' id='line_1_100' title="bbox 2194 4177 3765 4250; baseline 0.001 -20"><span class='ocrx_word' id='word_1_717' title='bbox 2194 4177 2374 4248; x_wconf 81' lang='grc' dir='ltr'>σῶμα,</span> <span class='ocrx_word' id='word_1_718' title='bbox 2409 4179 2561 4247; x_wconf 76' lang='grc' dir='ltr'>φασὶ,</span> <span class='ocrx_word' id='word_1_719' title='bbox 2594 4179 2729 4249; x_wconf 85' lang='grc' dir='ltr'>μήτε</span> <span class='ocrx_word' id='word_1_720' title='bbox 2761 4178 2973 4248; x_wconf 87' lang='grc' dir='ltr'>νόημα;</span> <span class='ocrx_word' id='word_1_721' title='bbox 3024 4179 3131 4231; x_wconf 76' lang='lat' dir='ltr'><strong>Kal.</strong></span> <span class='ocrx_word' id='word_1_722' title='bbox 3165 4179 3323 4250; x_wconf 89' lang='grc' dir='ltr'>μέχρι</span> <span class='ocrx_word' id='word_1_723' title='bbox 3352 4179 3495 4242; x_wconf 90' lang='grc' dir='ltr'>τίνος</span> <span class='ocrx_word' id='word_1_724' title='bbox 3544 4180 3765 4249; x_wconf 83' lang='grc' dir='ltr'>ἱστάμε-</span> 
     </span>
    </p>
   </div>
   <div class='ocr_carea' id='block_1_101' title="bbox 2192 4269 3766 4341">
    <p class='ocr_par' dir='ltr' id='par_1_101' title="bbox 2192 4269 3766 4341">
     <span class='ocr_line' id='line_1_101' title="bbox 2192 4269 3766 4341; baseline 0.001 -18"><span class='ocrx_word' id='word_1_725' title='bbox 2192 4286 2281 4323; x_wconf 92' lang='grc' dir='ltr'><strong>νον</strong></span> <span class='ocrx_word' id='word_1_726' title='bbox 2306 4288 2321 4335; x_wconf 88' lang='grc'>;</span> <span class='ocrx_word' id='word_1_727' title='bbox 2350 4270 2460 4323; x_wconf 80' lang='grc' dir='ltr'>Καὶ</span> <span class='ocrx_word' id='word_1_728' title='bbox 2491 4269 2544 4322; x_wconf 90' lang='grc' dir='ltr'><strong>τί</strong></span> <span class='ocrx_word' id='word_1_729' title='bbox 2574 4270 2637 4322; x_wconf 81' lang='grc' dir='ltr'><strong>τὸ</strong></span> <span class='ocrx_word' id='word_1_730' title='bbox 2672 4269 3081 4341; x_wconf 87' lang='grc' dir='ltr'>διαδεχόμενον;</span> <span class='ocrx_word' id='word_1_731' title='bbox 3113 4270 3207 4333; x_wconf 91' lang='grc' dir='ltr'><strong>Τίς</strong></span> <span class='ocrx_word' id='word_1_732' title='bbox 3232 4271 3289 4323; x_wconf 80' lang='grc' dir='ltr'>δὲ</span> <span class='ocrx_word' id='word_1_733' title='bbox 3325 4269 3417 4323; x_wconf 87' lang='grc' dir='ltr'><strong>τοῦ</strong></span> <span class='ocrx_word' id='word_1_734' title='bbox 3452 4270 3644 4323; x_wconf 82' lang='grc' dir='ltr'>ναστοῦ</span> <span class='ocrx_word' id='word_1_735' title='bbox 3670 4272 3766 4324; x_wconf 75' lang='grc' dir='ltr'>καὶ</span> 
     </span>
    </p>
   </div>
   <div class='ocr_carea' id='block_1_102' title="bbox 2193 4359 3765 4429">
    <p class='ocr_par' dir='ltr' id='par_1_102' title="bbox 2193 4359 3765 4429">
     <span class='ocr_line' id='line_1_102' title="bbox 2193 4359 3765 4429; baseline 0.001 -18"><span class='ocrx_word' id='word_1_736' title='bbox 2193 4359 2486 4412; x_wconf 88' lang='grc' dir='ltr'>ἀντιτύπου</span> <span class='ocrx_word' id='word_1_737' title='bbox 2536 4362 2570 4429; x_wconf 88' lang='grc' dir='ltr'><strong>ἡ</strong></span> <span class='ocrx_word' id='word_1_738' title='bbox 2605 4360 2740 4429; x_wconf 81' lang='grc' dir='ltr'>πρὸς</span> <span class='ocrx_word' id='word_1_739' title='bbox 2774 4360 2834 4413; x_wconf 82' lang='grc' dir='ltr'><strong>τὸ</strong></span> <span class='ocrx_word' id='word_1_740' title='bbox 2864 4361 3015 4413; x_wconf 81' lang='grc' dir='ltr'>κενὸν</span> <span class='ocrx_word' id='word_1_741' title='bbox 3066 4364 3158 4414; x_wconf 70' lang='grc' dir='ltr'><strong>καὶ</strong></span> <span class='ocrx_word' id='word_1_742' title='bbox 3191 4362 3555 4415; x_wconf 85' lang='grc' dir='ltr'>ἀνυπόστατον</span> <span class='ocrx_word' id='word_1_743' title='bbox 3594 4364 3765 4414; x_wconf 82' lang='grc' dir='ltr'>ἐκεῖνο</span> 
     </span>
    </p>
   </div>
   <div class='ocr_carea' id='block_1_103' title="bbox 2195 4448 3762 4524">
    <p class='ocr_par' dir='ltr' id='par_1_103' title="bbox 2195 4448 3762 4524">
     <span class='ocr_line' id='line_1_103' title="bbox 2195 4448 3762 4524; baseline 0.003 -23"><span class='ocrx_word' id='word_1_744' title='bbox 2195 4448 2517 4517; x_wconf 77' lang='grc' dir='ltr'>συγγένειας</span> <span class='ocrx_word' id='word_1_745' title='bbox 2550 4449 2615 4502; x_wconf 83' lang='grc' dir='ltr'><strong>Τί</strong></span> <span class='ocrx_word' id='word_1_746' title='bbox 2646 4450 2705 4503; x_wconf 85' lang='grc' dir='ltr'><strong>τὸ</strong></span> <span class='ocrx_word' id='word_1_747' title='bbox 2736 4451 3017 4521; x_wconf 87' lang='grc' dir='ltr'>μεσιτεῦον</span> <span class='ocrx_word' id='word_1_748' title='bbox 3052 4454 3166 4516; x_wconf 88' lang='grc' dir='ltr'>τοῖς</span> <span class='ocrx_word' id='word_1_749' title='bbox 3209 4452 3675 4523; x_wconf 80' lang='grc' dir='ltr'>παρηλλαγμένοις</span> <span class='ocrx_word' id='word_1_750' title='bbox 3700 4456 3762 4524; x_wconf 78' lang='grc' dir='ltr'>τῇ</span> 
     </span>
    </p>
   </div>
   <div class='ocr_carea' id='block_1_104' title="bbox 2195 4539 3762 4614">
    <p class='ocr_par' dir='ltr' id='par_1_104' title="bbox 2195 4539 3762 4614">
     <span class='ocr_line' id='line_1_104' title="bbox 2195 4539 3762 4614; baseline 0.003 -23"><span class='ocrx_word' id='word_1_751' title='bbox 2195 4540 2389 4609; x_wconf 83' lang='grc' dir='ltr'>φύσει;</span> <span class='ocrx_word' id='word_1_752' title='bbox 2418 4539 2544 4602; x_wconf 80' lang='grc' dir='ltr'><strong>Πῶς</strong></span> <span class='ocrx_word' id='word_1_753' title='bbox 2587 4543 2643 4595; x_wconf 86' lang='grc' dir='ltr'><strong>δὲ</strong></span> <span class='ocrx_word' id='word_1_754' title='bbox 2684 4543 2772 4596; x_wconf 84' lang='grc' dir='ltr'>διὰ</span> <span class='ocrx_word' id='word_1_755' title='bbox 2819 4542 2926 4595; x_wconf 84' lang='grc' dir='ltr'>τῶν</span> <span class='ocrx_word' id='word_1_756' title='bbox 2975 4542 3300 4614; x_wconf 75' lang='grc' dir='ltr'>ἐτεροερυιῶν</span> <span class='ocrx_word' id='word_1_757' title='bbox 3345 4546 3377 4614; x_wconf 81' lang='grc' dir='ltr'>ἡ</span> <span class='ocrx_word' id='word_1_758' title='bbox 3412 4544 3645 4614; x_wconf 84' lang='grc' dir='ltr'>τοσαύτη</span> <span class='ocrx_word' id='word_1_759' title='bbox 3670 4545 3762 4597; x_wconf 77' lang='grc' dir='ltr'><strong>τοῦ</strong></span> 
     </span>
    </p>
   </div>
   <div class='ocr_carea' id='block_1_105' title="bbox 2195 4632 3765 4704">
    <p class='ocr_par' dir='ltr' id='par_1_105' title="bbox 2195 4632 3765 4704">
     <span class='ocr_line' id='line_1_105' title="bbox 2195 4632 3765 4704; baseline 0.003 -21"><span class='ocrx_word' id='word_1_760' title='bbox 2195 4632 2394 4695; x_wconf 85' lang='grc' dir='ltr'>παντὸς</span> <span class='ocrx_word' id='word_1_761' title='bbox 2440 4632 2775 4704; x_wconf 78' lang='grc' dir='ltr'>εὐαρμοστία</span> <span class='ocrx_word' id='word_1_762' title='bbox 2810 4634 3158 4698; x_wconf 73' lang='grc' dir='ltr'>συνίσταταις</span> <span class='ocrx_word' id='word_1_763' title='bbox 3196 4634 3261 4686; x_wconf 91' lang='grc' dir='ltr'>Τί</span> <span class='ocrx_word' id='word_1_764' title='bbox 3308 4633 3353 4686; x_wconf 85' lang='grc' dir='ltr'>δ’</span> <span class='ocrx_word' id='word_1_765' title='bbox 3390 4635 3455 4688; x_wconf 83' lang='grc' dir='ltr'>ἄν</span> <span class='ocrx_word' id='word_1_766' title='bbox 3497 4653 3580 4699; x_wconf 84' lang='grc' dir='ltr'><strong>τις</strong></span> <span class='ocrx_word' id='word_1_767' title='bbox 3623 4638 3765 4689; x_wconf 72' lang='grc' dir='ltr'>εἴποι</span> 
     </span>
    </p>
   </div>
   <div class='ocr_carea' id='block_1_106' title="bbox 2193 4720 3763 4798">
    <p class='ocr_par' dir='ltr' id='par_1_106' title="bbox 2193 4720 3763 4798">
     <span class='ocr_line' id='line_1_106' title="bbox 2193 4720 3763 4798; baseline 0.003 -23"><span class='ocrx_word' id='word_1_768' title='bbox 2193 4720 2284 4775; x_wconf 84' lang='grc' dir='ltr'><strong>τὸν</strong></span> <span class='ocrx_word' id='word_1_769' title='bbox 2313 4723 2538 4794; x_wconf 81' lang='grc' dir='ltr'>οὐρανὸν</span> <span class='ocrx_word' id='word_1_770' title='bbox 2579 4723 2740 4776; x_wconf 79' lang='grc' dir='ltr'>αὑτὸν</span> <span class='ocrx_word' id='word_1_771' title='bbox 2778 4720 2955 4789; x_wconf 79' lang='grc' dir='ltr'>εἷναι;</span> <span class='ocrx_word' id='word_1_772' title='bbox 3008 4724 3185 4795; x_wconf 88' lang='grc' dir='ltr'>μίγμα</span> <span class='ocrx_word' id='word_1_773' title='bbox 3220 4741 3273 4778; x_wconf 85' lang='grc' dir='ltr'><strong>τι</strong></span> <span class='ocrx_word' id='word_1_774' title='bbox 3310 4725 3417 4779; x_wconf 82' lang='grc' dir='ltr'><strong>τῶν</strong></span> <span class='ocrx_word' id='word_1_775' title='bbox 3447 4728 3763 4798; x_wconf 84' lang='grc' dir='ltr'>περιεχομέ-</span> 
     </span>
    </p>
   </div>
   <div class='ocr_carea' id='block_1_107' title="bbox 2195 4812 3764 4889">
    <p class='ocr_par' dir='ltr' id='par_1_107' title="bbox 2195 4812 3764 4889">
     <span class='ocr_line' id='line_1_107' title="bbox 2195 4812 3764 4889; baseline 0.004 -25"><span class='ocrx_word' id='word_1_776' title='bbox 2195 4828 2301 4864; x_wconf 89' lang='grc' dir='ltr'><strong>νων</strong></span> <span class='ocrx_word' id='word_1_777' title='bbox 2332 4812 2625 4880; x_wconf 85' lang='grc' dir='ltr'>στοιχείων,</span> <span class='ocrx_word' id='word_1_778' title='bbox 2680 4813 2713 4883; x_wconf 84' lang='grc' dir='ltr'>ἢ</span> <span class='ocrx_word' id='word_1_779' title='bbox 2754 4812 2812 4866; x_wconf 83' lang='grc' dir='ltr'>ἓν</span> <span class='ocrx_word' id='word_1_780' title='bbox 2868 4814 2925 4879; x_wconf 79' lang='grc' dir='ltr'>ἐξ</span> <span class='ocrx_word' id='word_1_781' title='bbox 2966 4814 3240 4876; x_wconf 85' lang='grc' dir='ltr'>ἀπάντων,</span> <span class='ocrx_word' id='word_1_782' title='bbox 3282 4816 3315 4887; x_wconf 81' lang='grc' dir='ltr'>ἣ</span> <span class='ocrx_word' id='word_1_783' title='bbox 3368 4817 3494 4871; x_wconf 83' lang='grc' dir='ltr'>ἄλλο</span> <span class='ocrx_word' id='word_1_784' title='bbox 3545 4835 3597 4870; x_wconf 88' lang='grc' dir='ltr'><strong>τι</strong></span> <span class='ocrx_word' id='word_1_785' title='bbox 3639 4819 3764 4889; x_wconf 76' lang='grc' dir='ltr'>περὶ</span> 
     </span>
    </p>
   </div>
   <div class='ocr_carea' id='block_1_108' title="bbox 2192 4902 3763 4977">
    <p class='ocr_par' dir='ltr' id='par_1_108' title="bbox 2192 4902 3763 4977">
     <span class='ocr_line' id='line_1_108' title="bbox 2192 4902 3763 4977; baseline 0.006 -23"><span class='ocrx_word' id='word_1_786' title='bbox 2192 4902 2404 4969; x_wconf 76' lang='grc' dir='ltr'>ταῦτας</span> <span class='ocrx_word' id='word_1_787' title='bbox 2436 4904 2501 4955; x_wconf 88' lang='grc' dir='ltr'><strong>Τί</strong></span> <span class='ocrx_word' id='word_1_788' title='bbox 2528 4904 2582 4956; x_wconf 86' lang='grc' dir='ltr'>δὲ</span> <span class='ocrx_word' id='word_1_789' title='bbox 2612 4906 2737 4968; x_wconf 77' lang='grc' dir='ltr'>τοὺς</span> <span class='ocrx_word' id='word_1_790' title='bbox 2770 4906 3007 4977; x_wconf 77' lang='grc' dir='ltr'>ἀστέρας</span> <span class='ocrx_word' id='word_1_791' title='bbox 3038 4907 3264 4973; x_wconf 81' lang='grc' dir='ltr'>αύτούς;</span> <span class='ocrx_word' id='word_1_792' title='bbox 3295 4908 3463 4962; x_wconf 81' lang='grc' dir='ltr'>Πόθεν</span> <span class='ocrx_word' id='word_1_793' title='bbox 3499 4909 3554 4962; x_wconf 81' lang='grc' dir='ltr'><strong>δὲ</strong></span> <span class='ocrx_word' id='word_1_794' title='bbox 3587 4910 3763 4974; x_wconf 83' lang='grc' dir='ltr'>αὐτοῖς</span> 
     </span>
    </p>
   </div>
   <div class='ocr_carea' id='block_1_109' title="bbox 2192 4993 3773 5064">
    <p class='ocr_par' dir='ltr' id='par_1_109' title="bbox 2192 4993 3773 5064">
     <span class='ocr_line' id='line_1_109' title="bbox 2192 4993 3773 5064; baseline 0.006 -18"><span class='ocrx_word' id='word_1_795' title='bbox 2192 4993 2289 5064; x_wconf 80' lang='grc' dir='ltr'>τὴν</span> <span class='ocrx_word' id='word_1_796' title='bbox 2315 4994 2486 5064; x_wconf 81' lang='grc' dir='ltr'>αὐγὴν</span> <span class='ocrx_word' id='word_1_797' title='bbox 2524 4996 2902 5063; x_wconf 76' lang='grc' dir='ltr'>ἀποστίλϐεινς</span> <span class='ocrx_word' id='word_1_798' title='bbox 2934 4999 2998 5050; x_wconf 92' lang='grc' dir='ltr'><strong>Τί</strong></span> <span class='ocrx_word' id='word_1_799' title='bbox 3024 4995 3204 5063; x_wconf 76' lang='grc' dir='ltr'>οὖσαν,</span> <span class='ocrx_word' id='word_1_800' title='bbox 3234 5002 3326 5053; x_wconf 76' lang='grc' dir='ltr'><strong>καὶ</strong></span> <span class='ocrx_word' id='word_1_801' title='bbox 3347 5001 3494 5064; x_wconf 87' lang='grc' dir='ltr'>ὅπως</span> <span class='ocrx_word' id='word_1_802' title='bbox 3523 5018 3773 5055; x_wconf 87' lang='grc' dir='ltr'>συνιστα-</span> 
     </span>
    </p>
   </div>
   <div class='ocr_carea' id='block_1_110' title="bbox 2196 5084 3761 5159">
    <p class='ocr_par' dir='ltr' id='par_1_110' title="bbox 2196 5084 3761 5159">
     <span class='ocr_line' id='line_1_110' title="bbox 2196 5084 3761 5159; baseline 0.006 -23"><span class='ocrx_word' id='word_1_803' title='bbox 2196 5084 2362 5155; x_wconf 88' lang='grc' dir='ltr'>μένην</span> <span class='ocrx_word' id='word_1_804' title='bbox 2384 5103 2397 5116; x_wconf 91' lang='grc'><strong>·</strong></span> <span class='ocrx_word' id='word_1_805' title='bbox 2421 5085 2520 5155; x_wconf 84' lang='grc' dir='ltr'><strong>τῆς</strong></span> <span class='ocrx_word' id='word_1_806' title='bbox 2545 5086 2601 5139; x_wconf 82' lang='grc' dir='ltr'>δὲ</span> <span class='ocrx_word' id='word_1_807' title='bbox 2627 5086 2887 5159; x_wconf 74' lang='grc' dir='ltr'>διαφορᾶς</span> <span class='ocrx_word' id='word_1_808' title='bbox 2908 5089 3084 5143; x_wconf 81' lang='grc' dir='ltr'>αὐτῶν</span> <span class='ocrx_word' id='word_1_809' title='bbox 3115 5090 3252 5144; x_wconf 88' lang='grc' dir='ltr'><strong>κατά</strong></span> <span class='ocrx_word' id='word_1_810' title='bbox 3277 5108 3335 5143; x_wconf 91' lang='grc' dir='ltr'><strong>τε</strong></span> <span class='ocrx_word' id='word_1_811' title='bbox 3361 5091 3422 5144; x_wconf 87' lang='grc' dir='ltr'><strong>τὸ</strong></span> <span class='ocrx_word' id='word_1_812' title='bbox 3451 5091 3642 5155; x_wconf 85' lang='grc' dir='ltr'>κάλλος</span> <span class='ocrx_word' id='word_1_813' title='bbox 3674 5093 3761 5145; x_wconf 64' lang='grc' dir='ltr'>καὶ</span> 
     </span>
    </p>
   </div>
   <div class='ocr_carea' id='block_1_111' title="bbox 2195 5175 3764 5255">
    <p class='ocr_par' dir='ltr' id='par_1_111' title="bbox 2195 5175 3764 5255">
     <span class='ocr_line' id='line_1_111' title="bbox 2195 5175 3764 5255; baseline 0.006 -27"><span class='ocrx_word' id='word_1_814' title='bbox 2195 5175 2421 5247; x_wconf 84' lang='grc' dir='ltr'>μέγεθος</span> <span class='ocrx_word' id='word_1_815' title='bbox 2457 5179 2611 5247; x_wconf 84' lang='grc' dir='ltr'>λόγος</span> <span class='ocrx_word' id='word_1_816' title='bbox 2632 5184 2711 5244; x_wconf 89' lang='grc' dir='ltr'><strong>τίς</strong></span> <span class='ocrx_word' id='word_1_817' title='bbox 2736 5199 2752 5247; x_wconf 89' lang='grc'>;</span> <span class='ocrx_word' id='word_1_818' title='bbox 2782 5181 2919 5245; x_wconf 79' lang='grc' dir='ltr'>Τοὺς</span> <span class='ocrx_word' id='word_1_819' title='bbox 2946 5181 3001 5235; x_wconf 88' lang='grc' dir='ltr'>δὲ</span> <span class='ocrx_word' id='word_1_820' title='bbox 3046 5182 3195 5245; x_wconf 78' lang='grc' dir='ltr'>ἐντὸς</span> <span class='ocrx_word' id='word_1_821' title='bbox 3236 5184 3375 5237; x_wconf 82' lang='grc' dir='ltr'><strong>ἐπτά</strong></span> <span class='ocrx_word' id='word_1_822' title='bbox 3400 5184 3632 5247; x_wconf 78' lang='grc' dir='ltr'>κύκλους</span> <span class='ocrx_word' id='word_1_823' title='bbox 3670 5184 3764 5255; x_wconf 75' lang='grc' dir='ltr'>τὴν</span> 
     </span>
    </p>
   </div>
   <div class='ocr_carea' id='block_1_112' title="bbox 2200 5268 3763 5345">
    <p class='ocr_par' dir='ltr' id='par_1_112' title="bbox 2200 5268 3763 5345">
     <span class='ocr_line' id='line_1_112' title="bbox 2200 5268 3763 5345; baseline 0.005 -24"><span class='ocrx_word' id='word_1_824' title='bbox 2200 5268 2445 5323; x_wconf 80' lang='grc' dir='ltr'>ἐναντίαν</span> <span class='ocrx_word' id='word_1_825' title='bbox 2475 5270 2554 5341; x_wconf 84' lang='grc' dir='ltr'>τῷ</span> <span class='ocrx_word' id='word_1_826' title='bbox 2586 5272 2746 5325; x_wconf 78' lang='grc' dir='ltr'>παντὶ</span> <span class='ocrx_word' id='word_1_827' title='bbox 2785 5273 2996 5343; x_wconf 85' lang='grc' dir='ltr'>κίνησιν</span> <span class='ocrx_word' id='word_1_828' title='bbox 3029 5275 3476 5345; x_wconf 86' lang='grc' dir='ltr'>περιαγομένους,</span> <span class='ocrx_word' id='word_1_829' title='bbox 3510 5277 3562 5329; x_wconf 89' lang='grc' dir='ltr'><strong>τί</strong></span> <span class='ocrx_word' id='word_1_830' title='bbox 3608 5272 3763 5339; x_wconf 78' lang='grc' dir='ltr'>εἶναι,</span> 
     </span>
    </p>
   </div>
   <div class='ocr_carea' id='block_1_113' title="bbox 2152 5361 3769 5435">
    <p class='ocr_par' dir='ltr' id='par_1_113' title="bbox 2152 5361 3769 5435">
     <span class='ocr_line' id='line_1_113' title="bbox 2152 5361 3769 5435; baseline 0.004 -21"><span class='ocrx_word' id='word_1_831' title='bbox 2152 5424 2155 5429; x_wconf 29' lang='grc' dir='ltr'><strong>η</strong></span> <span class='ocrx_word' id='word_1_832' title='bbox 2197 5361 2229 5431; x_wconf 74' lang='grc' dir='ltr'>ἢ</span> <span class='ocrx_word' id='word_1_833' title='bbox 2297 5361 2403 5416; x_wconf 82' lang='grc' dir='ltr'><strong>ὑπὸ</strong></span> <span class='ocrx_word' id='word_1_834' title='bbox 2454 5364 2613 5429; x_wconf 89' lang='grc' dir='ltr'>ποίας</span> <span class='ocrx_word' id='word_1_835' title='bbox 2665 5365 2909 5435; x_wconf 83' lang='grc' dir='ltr'>ἀνάγκης</span> <span class='ocrx_word' id='word_1_836' title='bbox 2959 5365 3313 5431; x_wconf 83' lang='grc' dir='ltr'>ἐλαύνεσθαι;</span> <span class='ocrx_word' id='word_1_837' title='bbox 3366 5367 3439 5420; x_wconf 87' lang='grc' dir='ltr'><strong>Τὸ</strong></span> <span class='ocrx_word' id='word_1_838' title='bbox 3494 5367 3551 5420; x_wconf 87' lang='grc' dir='ltr'>δὲ</span> <span class='ocrx_word' id='word_1_839' title='bbox 3609 5367 3769 5421; x_wconf 77' lang='grc' dir='ltr'>ἀῦλον</span> 
     </span>
    </p>
   </div>
   <div class='ocr_carea' id='block_1_114' title="bbox 2195 5453 3765 5529">
    <p class='ocr_par' dir='ltr' id='par_1_114' title="bbox 2195 5453 3765 5529">
     <span class='ocr_line' id='line_1_114' title="bbox 2195 5453 3765 5529; baseline 0.004 -24"><span class='ocrx_word' id='word_1_840' title='bbox 2195 5453 2369 5507; x_wconf 83' lang='grc' dir='ltr'>ἐκεῖνο</span> <span class='ocrx_word' id='word_1_841' title='bbox 2419 5457 2510 5509; x_wconf 72' lang='grc' dir='ltr'><strong>καὶ</strong></span> <span class='ocrx_word' id='word_1_842' title='bbox 2557 5456 2793 5529; x_wconf 81' lang='grc' dir='ltr'>αἰθέριον</span> <span class='ocrx_word' id='word_1_843' title='bbox 2816 5458 2948 5529; x_wconf 85' lang='grc' dir='ltr'>πῦρ,</span> <span class='ocrx_word' id='word_1_844' title='bbox 2981 5458 3075 5511; x_wconf 67' lang='grc' dir='ltr'><strong>καὶ</strong></span> <span class='ocrx_word' id='word_1_845' title='bbox 3098 5460 3126 5511; x_wconf 88' lang='grc' dir='ltr'><strong>ό</strong></span> <span class='ocrx_word' id='word_1_846' title='bbox 3155 5459 3518 5528; x_wconf 81' lang='grc' dir='ltr'>ἐγκεχυμένος</span> <span class='ocrx_word' id='word_1_847' title='bbox 3546 5458 3634 5512; x_wconf 75' lang='grc' dir='ltr'>διὰ</span> <span class='ocrx_word' id='word_1_848' title='bbox 3670 5460 3765 5529; x_wconf 83' lang='grc' dir='ltr'>μέ-</span> 
     </span>
    </p>
   </div>
   <div class='ocr_carea' id='block_1_115' title="bbox 2195 5540 3769 5620">
    <p class='ocr_par' dir='ltr' id='par_1_115' title="bbox 2195 5540 3769 5620">
     <span class='ocr_line' id='line_1_115' title="bbox 2195 5540 3769 5620; baseline 0.003 -23"><span class='ocrx_word' id='word_1_849' title='bbox 2195 5562 2288 5598; x_wconf 90' lang='grc' dir='ltr'><strong>σου</strong></span> <span class='ocrx_word' id='word_1_850' title='bbox 2318 5545 2445 5616; x_wconf 84' lang='grc' dir='ltr'>ἀὴρ,</span> <span class='ocrx_word' id='word_1_851' title='bbox 2472 5540 2582 5599; x_wconf 76' lang='grc' dir='ltr'>οἷόν</span> <span class='ocrx_word' id='word_1_852' title='bbox 2608 5564 2657 5599; x_wconf 90' lang='grc' dir='ltr'><strong>τι</strong></span> <span class='ocrx_word' id='word_1_853' title='bbox 2686 5549 3024 5620; x_wconf 86' lang='grc' dir='ltr'>διατείχισμα</span> <span class='ocrx_word' id='word_1_854' title='bbox 3048 5549 3335 5619; x_wconf 85' lang='grc' dir='ltr'>γενόμενος</span> <span class='ocrx_word' id='word_1_855' title='bbox 3360 5549 3457 5619; x_wconf 86' lang='grc' dir='ltr'>τῆς</span> <span class='ocrx_word' id='word_1_856' title='bbox 3481 5548 3769 5620; x_wconf 78' lang='grc' dir='ltr'>Θερμαντι-</span> 
     </span>
    </p>
   </div>
   <div class='ocr_carea' id='block_1_116' title="bbox 2191 5639 3767 5714">
    <p class='ocr_par' dir='ltr' id='par_1_116' title="bbox 2191 5639 3767 5714">
     <span class='ocr_line' id='line_1_116' title="bbox 2191 5639 3767 5714; baseline 0.003 -24"><span class='ocrx_word' id='word_1_857' title='bbox 2191 5639 2293 5708; x_wconf 83' lang='grc' dir='ltr'>κῆς</span> <span class='ocrx_word' id='word_1_858' title='bbox 2317 5655 2375 5690; x_wconf 86' lang='grc' dir='ltr'><strong>τε</strong></span> <span class='ocrx_word' id='word_1_859' title='bbox 2403 5640 2496 5692; x_wconf 72' lang='grc' dir='ltr'><strong>καὶ</strong></span> <span class='ocrx_word' id='word_1_860' title='bbox 2525 5641 2862 5713; x_wconf 56' lang='grc' dir='ltr'>ἀναλωτικῖπ</span> <span class='ocrx_word' id='word_1_861' title='bbox 2889 5643 3120 5711; x_wconf 82' lang='grc' dir='ltr'>φύσεως,</span> <span class='ocrx_word' id='word_1_862' title='bbox 3165 5643 3303 5714; x_wconf 77' lang='grc' dir='ltr'>πρὸς</span> <span class='ocrx_word' id='word_1_863' title='bbox 3340 5643 3438 5713; x_wconf 78' lang='grc' dir='ltr'><strong>τὴν</strong></span> <span class='ocrx_word' id='word_1_864' title='bbox 3471 5642 3641 5714; x_wconf 79' lang='grc' dir='ltr'>ὑγρὰν</span> <span class='ocrx_word' id='word_1_865' title='bbox 3675 5643 3767 5695; x_wconf 79' lang='grc' dir='ltr'>καὶ</span> 
     </span>
    </p>
   </div>
   <div class='ocr_carea' id='block_1_117' title="bbox 2189 5729 3767 5807">
    <p class='ocr_par' dir='ltr' id='par_1_117' title="bbox 2189 5729 3767 5807">
     <span class='ocr_line' id='line_1_117' title="bbox 2189 5729 3767 5807; baseline 0.02 -25"><span class='ocrx_word' id='word_1_866' title='bbox 2189 5729 2563 5798; x_wconf 77' lang='grc' dir='ltr'>εὐανάλωτον;</span> <span class='ocrx_word' id='word_1_867' title='bbox 2607 5734 2717 5787; x_wconf 76' lang='grc' dir='ltr'>Καὶ</span> <span class='ocrx_word' id='word_1_868' title='bbox 2765 5734 2911 5799; x_wconf 83' lang='grc' dir='ltr'>ὅπως</span> <span class='ocrx_word' id='word_1_869' title='bbox 2948 5733 3087 5788; x_wconf 86' lang='grc' dir='ltr'><strong>κατά</strong></span> <span class='ocrx_word' id='word_1_870' title='bbox 3124 5732 3185 5788; x_wconf 78' lang='grc' dir='ltr'>τὸ</span> <span class='ocrx_word' id='word_1_871' title='bbox 3234 5734 3457 5806; x_wconf 76' lang='grc' dir='ltr'>ἔσχατον</span> <span class='ocrx_word' id='word_1_872' title='bbox 3496 5735 3529 5805; x_wconf 73' lang='grc' dir='ltr'><strong>ἢ</strong></span> <span class='ocrx_word' id='word_1_873' title='bbox 3576 5734 3647 5807; x_wconf 57' lang='lat' dir='ltr'><strong>Ti</strong></span> <span class='ocrx_word' id='word_1_874' title='bbox 3685 5732 3767 5805; x_wconf 65' lang='grc' dir='ltr'><strong>τῷ</strong></span> 
     </span>
    </p>
   </div>
  </div>
