  <div class='ocr_page' id='page_1' title='image "/cluster/home/n/w/nwhite01/storage/ocr_20150623/45/nnc1.0046978445/480.png"; bbox 0 0 4142 6374; ppageno 0'>
   <div class='ocr_carea' id='block_1_1' title="bbox 357 375 462 432">
    <p class='ocr_par' dir='ltr' id='par_1_1' title="bbox 357 375 462 432">
     <span class='ocr_line' id='line_1_1' title="bbox 357 375 462 432; baseline 0 0"><span class='ocrx_word' id='word_1_1' title='bbox 357 375 462 432; x_wconf 61' lang='grc' dir='ltr'><strong>τοι</strong></span> 
     </span>
    </p>
   </div>
   <div class='ocr_carea' id='block_1_2' title="bbox 1484 387 2499 457">
    <p class='ocr_par' dir='ltr' id='par_1_2' title="bbox 1484 387 2499 457">
     <span class='ocr_line' id='line_1_2' title="bbox 1484 387 2499 457; baseline 0.008 -16"><span class='ocrx_word' id='word_1_2' title='bbox 1484 387 1761 443; x_wconf 64' lang='lat' dir='ltr'><strong>CONTRA</strong></span> <span class='ocrx_word' id='word_1_3' title='bbox 1793 389 2186 457; x_wconf 74' lang='lat' dir='ltr'><strong>EUNOMIUM,</strong></span> <span class='ocrx_word' id='word_1_4' title='bbox 2228 390 2356 446; x_wconf 85' lang='lat' dir='ltr'><strong>LIB.</strong></span> <span class='ocrx_word' id='word_1_5' title='bbox 2381 391 2499 449; x_wconf 83' lang='lat' dir='ltr'><strong>XII.</strong></span> 
     </span>
    </p>
   </div>
   <div class='ocr_carea' id='block_1_3' title="bbox 3523 389 3628 447">
    <p class='ocr_par' dir='ltr' id='par_1_3' title="bbox 3523 389 3628 447">
     <span class='ocr_line' id='line_1_3' title="bbox 3523 389 3628 447; baseline 0.019 -2"><span class='ocrx_word' id='word_1_6' title='bbox 3523 389 3628 447; x_wconf 79' lang='lat'><strong>938</strong></span> 
     </span>
    </p>
   </div>
   <div class='ocr_carea' id='block_1_4' title="bbox 360 495 1979 579">
    <p class='ocr_par' dir='ltr' id='par_1_4' title="bbox 360 495 1979 579">
     <span class='ocr_line' id='line_1_4' title="bbox 360 495 1979 579; baseline 0.007 -30"><span class='ocrx_word' id='word_1_7' title='bbox 360 495 525 549; x_wconf 78' lang='grc' dir='ltr'>παντὶ</span> <span class='ocrx_word' id='word_1_8' title='bbox 572 496 956 571; x_wconf 75' lang='grc' dir='ltr'>ὑποϐέϐληται,</span> <span class='ocrx_word' id='word_1_9' title='bbox 1003 500 1054 553; x_wconf 88' lang='grc' dir='ltr'><strong>τί</strong></span> <span class='ocrx_word' id='word_1_10' title='bbox 1104 501 1161 553; x_wconf 73' lang='grc' dir='ltr'>τὸ</span> <span class='ocrx_word' id='word_1_11' title='bbox 1199 502 1472 571; x_wconf 83' lang='grc' dir='ltr'>φυλάσσον</span> <span class='ocrx_word' id='word_1_12' title='bbox 1519 506 1577 558; x_wconf 82' lang='grc' dir='ltr'>ὲν</span> <span class='ocrx_word' id='word_1_13' title='bbox 1616 506 1693 576; x_wconf 84' lang='grc' dir='ltr'>τῷ</span> <span class='ocrx_word' id='word_1_14' title='bbox 1744 506 1979 579; x_wconf 79' lang='grc' dir='ltr'>βεϐαίῳ,</span> 
     </span>
    </p>
   </div>
   <div class='ocr_carea' id='block_1_5' title="bbox 2079 495 3630 579">
    <p class='ocr_par' dir='ltr' id='par_1_5' title="bbox 2079 506 3630 578">
     <span class='ocr_line' id='line_1_5' title="bbox 2079 506 3630 578; baseline 0 -15"><span class='ocrx_word' id='word_1_15' title='bbox 2079 508 2184 578; x_wconf 74' lang='lat' dir='ltr'><strong>[uid</strong></span> <span class='ocrx_word' id='word_1_16' title='bbox 2217 523 2363 573; x_wconf 87' lang='lat' dir='ltr'><strong>esse,</strong></span> <span class='ocrx_word' id='word_1_17' title='bbox 2390 508 2475 563; x_wconf 90' lang='lat' dir='ltr'><strong>vel</strong></span> <span class='ocrx_word' id='word_1_18' title='bbox 2506 506 2611 563; x_wconf 88' lang='lat' dir='ltr'><strong>sub</strong></span> <span class='ocrx_word' id='word_1_19' title='bbox 2654 522 2819 578; x_wconf 89' lang='lat' dir='ltr'><strong>quam</strong></span> <span class='ocrx_word' id='word_1_20' title='bbox 2855 509 3243 564; x_wconf 68' lang='lat' dir='ltr'><strong>necessitatem</strong></span> <span class='ocrx_word' id='word_1_21' title='bbox 3293 506 3482 578; x_wconf 81' lang='lat' dir='ltr'><strong>adigi?</strong></span> <span class='ocrx_word' id='word_1_22' title='bbox 3532 506 3630 563; x_wconf 87' lang='lat' dir='ltr'><strong>llle</strong></span> 
     </span>
    </p>
   </div>
   <div class='ocr_carea' id='block_1_6' title="bbox 360 585 1942 665">
    <p class='ocr_par' dir='ltr' id='par_1_6' title="bbox 360 585 1942 665">
     <span class='ocr_line' id='line_1_6' title="bbox 360 585 1942 665; baseline 0.009 -28"><span class='ocrx_word' id='word_1_23' title='bbox 360 586 461 655; x_wconf 72' lang='grc' dir='ltr'><strong>τὴν</strong></span> <span class='ocrx_word' id='word_1_24' title='bbox 493 585 712 652; x_wconf 87' lang='grc' dir='ltr'>στάσιν;</span> <span class='ocrx_word' id='word_1_25' title='bbox 743 588 807 641; x_wconf 89' lang='grc' dir='ltr'>Τί</span> <span class='ocrx_word' id='word_1_26' title='bbox 842 590 903 642; x_wconf 77' lang='grc' dir='ltr'>τὸ</span> <span class='ocrx_word' id='word_1_27' title='bbox 935 591 1213 661; x_wconf 82' lang='grc' dir='ltr'>ὑπερεῖδον</span> <span class='ocrx_word' id='word_1_28' title='bbox 1236 592 1403 663; x_wconf 78' lang='grc' dir='ltr'>αὐτῆς</span> <span class='ocrx_word' id='word_1_29' title='bbox 1431 595 1529 665; x_wconf 78' lang='grc' dir='ltr'>τὴν</span> <span class='ocrx_word' id='word_1_30' title='bbox 1563 596 1655 648; x_wconf 72' lang='grc' dir='ltr'>ἐπὶ</span> <span class='ocrx_word' id='word_1_31' title='bbox 1692 597 1754 649; x_wconf 82' lang='grc' dir='ltr'>τὸ</span> <span class='ocrx_word' id='word_1_32' title='bbox 1788 598 1942 652; x_wconf 83' lang='grc' dir='ltr'>κάτω</span> 
     </span>
    </p>
   </div>
   <div class='ocr_carea' id='block_1_7' title="bbox 366 676 1943 756">
    <p class='ocr_par' dir='ltr' id='par_1_7' title="bbox 366 676 1943 756">
     <span class='ocr_line' id='line_1_7' title="bbox 366 676 1943 756; baseline 0.011 -30"><span class='ocrx_word' id='word_1_33' title='bbox 366 676 570 747; x_wconf 58' lang='lat' dir='ltr'><strong>(populi);</strong></span> <span class='ocrx_word' id='word_1_34' title='bbox 600 678 662 731; x_wconf 85' lang='grc' dir='ltr'><strong>Εἰ</strong></span> <span class='ocrx_word' id='word_1_35' title='bbox 687 679 856 733; x_wconf 86' lang='grc' dir='ltr'>ταῦτα</span> <span class='ocrx_word' id='word_1_36' title='bbox 881 682 971 734; x_wconf 76' lang='grc' dir='ltr'>καὶ</span> <span class='ocrx_word' id='word_1_37' title='bbox 996 682 1062 735; x_wconf 74' lang='grc' dir='ltr'><strong>τὰ</strong></span> <span class='ocrx_word' id='word_1_38' title='bbox 1087 681 1316 737; x_wconf 83' lang='grc' dir='ltr'>τοιαῦτά</span> <span class='ocrx_word' id='word_1_39' title='bbox 1356 702 1438 748; x_wconf 91' lang='grc' dir='ltr'><strong>τις</strong></span> <span class='ocrx_word' id='word_1_40' title='bbox 1469 687 1618 756; x_wconf 80' lang='grc' dir='ltr'>ἡμᾶς</span> <span class='ocrx_word' id='word_1_41' title='bbox 1651 687 1943 753; x_wconf 82' lang='grc' dir='ltr'>κατεξετά-</span> 
     </span>
    </p>
   </div>
   <div class='ocr_carea' id='block_1_8' title="bbox 368 764 1950 849">
    <p class='ocr_par' dir='ltr' id='par_1_8' title="bbox 368 764 1950 849">
     <span class='ocr_line' id='line_1_8' title="bbox 368 764 1950 849; baseline 0.011 -32"><span class='ocrx_word' id='word_1_42' title='bbox 368 764 473 830; x_wconf 68' lang='lat' dir='ltr'><strong>Cm,</strong></span> <span class='ocrx_word' id='word_1_43' title='bbox 504 768 611 839; x_wconf 81' lang='grc' dir='ltr'>ἄρα</span> <span class='ocrx_word' id='word_1_44' title='bbox 644 769 725 833; x_wconf 85' lang='grc' dir='ltr'><strong>τίς</strong></span> <span class='ocrx_word' id='word_1_45' title='bbox 744 772 895 825; x_wconf 78' lang='grc' dir='ltr'>ἔσται</span> <span class='ocrx_word' id='word_1_46' title='bbox 918 773 1167 828; x_wconf 86' lang='grc' dir='ltr'>τοσοῦτον</span> <span class='ocrx_word' id='word_1_47' title='bbox 1187 776 1520 849; x_wconf 80' lang='grc' dir='ltr'><strong>ἀνεστηκὼς,</strong></span> <span class='ocrx_word' id='word_1_48' title='bbox 1555 777 1694 831; x_wconf 85' lang='grc' dir='ltr'>ὥστε</span> <span class='ocrx_word' id='word_1_49' title='bbox 1717 780 1950 834; x_wconf 85' lang='grc' dir='ltr'>καθυπο-</span> 
     </span>
    </p>
   </div>
   <div class='ocr_carea' id='block_1_9' title="bbox 371 859 1951 941">
    <p class='ocr_par' dir='ltr' id='par_1_9' title="bbox 371 859 1951 941">
     <span class='ocr_line' id='line_1_9' title="bbox 371 859 1951 941; baseline 0.008 -31"><span class='ocrx_word' id='word_1_50' title='bbox 371 859 593 928; x_wconf 80' lang='grc' dir='ltr'>σχέσθαι</span> <span class='ocrx_word' id='word_1_51' title='bbox 616 860 722 913; x_wconf 83' lang='grc' dir='ltr'><strong>τῶν</strong></span> <span class='ocrx_word' id='word_1_52' title='bbox 747 862 1001 916; x_wconf 84' lang='grc' dir='ltr'><strong>τοιούτων</strong></span> <span class='ocrx_word' id='word_1_53' title='bbox 1019 865 1117 936; x_wconf 80' lang='grc' dir='ltr'>τὴν</span> <span class='ocrx_word' id='word_1_54' title='bbox 1140 867 1339 934; x_wconf 81' lang='grc' dir='ltr'>γνῶσιν</span> <span class='ocrx_word' id='word_1_55' title='bbox 1362 884 1376 932; x_wconf 89' lang='grc'><strong>;</strong></span> <span class='ocrx_word' id='word_1_56' title='bbox 1405 869 1568 921; x_wconf 78' lang='grc' dir='ltr'>Ούδὲν</span> <span class='ocrx_word' id='word_1_57' title='bbox 1592 868 1701 941; x_wconf 75' lang='grc' dir='ltr'>γὰρ</span> <span class='ocrx_word' id='word_1_58' title='bbox 1725 870 1805 933; x_wconf 86' lang='grc' dir='ltr'>εἰς</span> <span class='ocrx_word' id='word_1_59' title='bbox 1825 872 1951 923; x_wconf 68' lang='grc' dir='ltr'>ἁπόν</span> 
     </span>
    </p>
   </div>
   <div class='ocr_carea' id='block_1_10' title="bbox 372 954 1953 1028">
    <p class='ocr_par' dir='ltr' id='par_1_10' title="bbox 372 954 1953 1028">
     <span class='ocr_line' id='line_1_10' title="bbox 372 954 1953 1028; baseline 0.009 -27"><span class='ocrx_word' id='word_1_60' title='bbox 372 967 552 1021; x_wconf 78' lang='grc' dir='ltr'>γρισιν</span> <span class='ocrx_word' id='word_1_61' title='bbox 595 956 705 1015; x_wconf 82' lang='grc' dir='ltr'>τοῖς</span> <span class='ocrx_word' id='word_1_62' title='bbox 750 954 1088 1026; x_wconf 83' lang='grc' dir='ltr'>εύγνώμοσιν</span> <span class='ocrx_word' id='word_1_63' title='bbox 1135 958 1167 1028; x_wconf 84' lang='grc' dir='ltr'>ἣ</span> <span class='ocrx_word' id='word_1_64' title='bbox 1216 959 1378 1012; x_wconf 86' lang='grc' dir='ltr'>τοῦτο</span> <span class='ocrx_word' id='word_1_65' title='bbox 1428 960 1689 1026; x_wconf 86' lang='grc' dir='ltr'>λείπεται,</span> <span class='ocrx_word' id='word_1_66' title='bbox 1714 964 1794 1015; x_wconf 80' lang='grc' dir='ltr'><strong>ὅτι</strong></span> <span class='ocrx_word' id='word_1_67' title='bbox 1824 965 1851 1016; x_wconf 99' lang='lat'><strong>6</strong></span> <span class='ocrx_word' id='word_1_68' title='bbox 1883 964 1953 1016; x_wconf 74' lang='grc' dir='ltr'>τὰ</span> 
     </span>
    </p>
   </div>
   <div class='ocr_carea' id='block_1_11' title="bbox 370 1042 1952 1121">
    <p class='ocr_par' dir='ltr' id='par_1_11' title="bbox 370 1042 1952 1121">
     <span class='ocr_line' id='line_1_11' title="bbox 370 1042 1952 1121; baseline 0.009 -31"><span class='ocrx_word' id='word_1_69' title='bbox 370 1042 545 1093; x_wconf 74' lang='grc' dir='ltr'>πάντα</span> <span class='ocrx_word' id='word_1_70' title='bbox 591 1043 647 1093; x_wconf 77' lang='grc' dir='ltr'><strong>ἐν</strong></span> <span class='ocrx_word' id='word_1_71' title='bbox 694 1044 853 1115; x_wconf 70' lang='grc' dir='ltr'>σοφίᾳ</span> <span class='ocrx_word' id='word_1_72' title='bbox 895 1047 1145 1117; x_wconf 79' lang='grc' dir='ltr'>ποιήσας,</span> <span class='ocrx_word' id='word_1_73' title='bbox 1183 1048 1341 1117; x_wconf 89' lang='grc' dir='ltr'>μόνος</span> <span class='ocrx_word' id='word_1_74' title='bbox 1383 1049 1489 1102; x_wconf 85' lang='grc' dir='ltr'>οἶδε</span> <span class='ocrx_word' id='word_1_75' title='bbox 1541 1049 1633 1103; x_wconf 80' lang='grc' dir='ltr'><strong>τὸν</strong></span> <span class='ocrx_word' id='word_1_76' title='bbox 1670 1050 1824 1118; x_wconf 81' lang='grc' dir='ltr'>λόγον</span> <span class='ocrx_word' id='word_1_77' title='bbox 1854 1052 1952 1121; x_wconf 86' lang='grc' dir='ltr'><strong>τῆς</strong></span> 
     </span>
    </p>
   </div>
   <div class='ocr_carea' id='block_1_12' title="bbox 370 1128 1952 1213">
    <p class='ocr_par' dir='ltr' id='par_1_12' title="bbox 370 1128 1952 1213">
     <span class='ocr_line' id='line_1_12' title="bbox 370 1128 1952 1213; baseline 0.01 -33"><span class='ocrx_word' id='word_1_78' title='bbox 370 1128 616 1194; x_wconf 89' lang='grc' dir='ltr'>κτίσεως.</span> <span class='ocrx_word' id='word_1_79' title='bbox 657 1132 843 1203; x_wconf 82' lang='grc' dir='ltr'><strong>Ἡμεῖς</strong></span> <span class='ocrx_word' id='word_1_80' title='bbox 873 1135 929 1188; x_wconf 88' lang='grc' dir='ltr'>δὲ</span> <span class='ocrx_word' id='word_1_81' title='bbox 959 1136 1134 1190; x_wconf 77' lang='grc' dir='ltr'>πίστει</span> <span class='ocrx_word' id='word_1_82' title='bbox 1174 1138 1399 1210; x_wconf 80' lang='grc' dir='ltr'>νοοῦμεν</span> <span class='ocrx_word' id='word_1_83' title='bbox 1434 1141 1794 1213; x_wconf 73' lang='grc' dir='ltr'><strong>κατηρτίσθαι</strong></span> <span class='ocrx_word' id='word_1_84' title='bbox 1828 1145 1952 1206; x_wconf 83' lang='grc' dir='ltr'>τοὺς</span> 
     </span>
    </p>
   </div>
   <div class='ocr_carea' id='block_1_13' title="bbox 370 1218 1950 1301">
    <p class='ocr_par' dir='ltr' id='par_1_13' title="bbox 370 1218 1950 1301">
     <span class='ocr_line' id='line_1_13' title="bbox 370 1218 1950 1301; baseline 0.01 -32"><span class='ocrx_word' id='word_1_85' title='bbox 370 1218 572 1282; x_wconf 74' lang='grc' dir='ltr'>αἰῶνας</span> <span class='ocrx_word' id='word_1_86' title='bbox 625 1223 826 1293; x_wconf 78' lang='grc' dir='ltr'>ῥήματι</span> <span class='ocrx_word' id='word_1_87' title='bbox 864 1223 1034 1290; x_wconf 78' lang='grc' dir='ltr'>Θεοῦ,</span> <span class='ocrx_word' id='word_1_88' title='bbox 1081 1226 1261 1291; x_wconf 79' lang='grc' dir='ltr'>καθώς</span> <span class='ocrx_word' id='word_1_89' title='bbox 1310 1247 1474 1301; x_wconf 83' lang='grc' dir='ltr'>φησιν</span> <span class='ocrx_word' id='word_1_90' title='bbox 1528 1231 1558 1282; x_wconf 88' lang='lat'><strong>6</strong></span> <span class='ocrx_word' id='word_1_91' title='bbox 1611 1230 1950 1296; x_wconf 85' lang='grc' dir='ltr'>Ἀπόστολος.</span> 
     </span>
    </p>
   </div>
   <div class='ocr_carea' id='block_1_14' title="bbox 2045 596 3633 669">
    <p class='ocr_par' dir='ltr' id='par_1_14' title="bbox 2045 596 3633 669">
     <span class='ocr_line' id='line_1_14' title="bbox 2045 596 3633 669; baseline 0.001 -17"><span class='ocrx_word' id='word_1_92' title='bbox 2045 608 2229 654; x_wconf 91' lang='lat' dir='ltr'><strong>autem</strong></span> <span class='ocrx_word' id='word_1_93' title='bbox 2268 596 2651 653; x_wconf 89' lang='lat' dir='ltr'><strong>immaterialis</strong></span> <span class='ocrx_word' id='word_1_94' title='bbox 2692 607 2748 653; x_wconf 92' lang='lat' dir='ltr'><strong>et</strong></span> <span class='ocrx_word' id='word_1_95' title='bbox 2797 598 3060 654; x_wconf 64' lang='lat' dir='ltr'><strong>aetherius</strong></span> <span class='ocrx_word' id='word_1_96' title='bbox 3097 599 3264 669; x_wconf 85' lang='lat' dir='ltr'><strong>ignis,</strong></span> <span class='ocrx_word' id='word_1_97' title='bbox 3307 605 3472 668; x_wconf 90' lang='lat' dir='ltr'><strong>atque</strong></span> <span class='ocrx_word' id='word_1_98' title='bbox 3542 598 3633 654; x_wconf 87' lang='lat' dir='ltr'><strong>hic</strong></span> 
     </span>
    </p>
   </div>
   <div class='ocr_carea' id='block_1_15' title="bbox 2045 690 3634 763">
    <p class='ocr_par' dir='ltr' id='par_1_15' title="bbox 2045 690 3634 763">
     <span class='ocr_line' id='line_1_15' title="bbox 2045 690 3634 763; baseline -0.001 -17"><span class='ocrx_word' id='word_1_99' title='bbox 2045 690 2268 748; x_wconf 81' lang='lat' dir='ltr'><strong>infusus</strong></span> <span class='ocrx_word' id='word_1_100' title='bbox 2317 706 2414 761; x_wconf 91' lang='lat' dir='ltr'><strong>per</strong></span> <span class='ocrx_word' id='word_1_101' title='bbox 2476 690 2739 755; x_wconf 89' lang='lat' dir='ltr'><strong>medium,</strong></span> <span class='ocrx_word' id='word_1_102' title='bbox 2790 706 2903 757; x_wconf 86' lang='lat' dir='ltr'><strong>aer,</strong></span> <span class='ocrx_word' id='word_1_103' title='bbox 2953 691 3048 763; x_wconf 86' lang='lat' dir='ltr'><strong>qui</strong></span> <span class='ocrx_word' id='word_1_104' title='bbox 3103 692 3253 747; x_wconf 88' lang='lat' dir='ltr'><strong>velut</strong></span> <span class='ocrx_word' id='word_1_105' title='bbox 3299 704 3491 746; x_wconf 87' lang='lat' dir='ltr'><strong>murus</strong></span> <span class='ocrx_word' id='word_1_106' title='bbox 3546 699 3634 745; x_wconf 90' lang='lat' dir='ltr'><strong>est</strong></span> 
     </span>
    </p>
   </div>
   <div class='ocr_carea' id='block_1_16' title="bbox 2050 782 3633 854">
    <p class='ocr_par' dir='ltr' id='par_1_16' title="bbox 2050 782 3633 854">
     <span class='ocr_line' id='line_1_16' title="bbox 2050 782 3633 854; baseline -0.002 -15"><span class='ocrx_word' id='word_1_107' title='bbox 2050 784 2274 854; x_wconf 87' lang='lat' dir='ltr'><strong>quidam</strong></span> <span class='ocrx_word' id='word_1_108' title='bbox 2307 782 2669 852; x_wconf 87' lang='lat' dir='ltr'><strong>intersepiens</strong></span> <span class='ocrx_word' id='word_1_109' title='bbox 2699 790 2951 838; x_wconf 86' lang='lat' dir='ltr'><strong>naturam</strong></span> <span class='ocrx_word' id='word_1_110' title='bbox 2981 783 3389 840; x_wconf 78' lang='lat' dir='ltr'><strong>calefacientem</strong></span> <span class='ocrx_word' id='word_1_111' title='bbox 3418 792 3471 837; x_wconf 89' lang='lat' dir='ltr'><strong>et</strong></span> <span class='ocrx_word' id='word_1_112' title='bbox 3497 798 3633 837; x_wconf 86' lang='lat' dir='ltr'><strong>eon-</strong></span> 
     </span>
    </p>
   </div>
   <div class='ocr_carea' id='block_1_17' title="bbox 2057 872 3635 942">
    <p class='ocr_par' dir='ltr' id='par_1_17' title="bbox 2057 872 3635 942">
     <span class='ocr_line' id='line_1_17' title="bbox 2057 872 3635 942; baseline -0.003 -14"><span class='ocrx_word' id='word_1_113' title='bbox 2057 884 2362 928; x_wconf 87' lang='lat' dir='ltr'><strong>snmentem</strong></span> <span class='ocrx_word' id='word_1_114' title='bbox 2412 873 2482 927; x_wconf 86' lang='lat' dir='ltr'><strong>ab</strong></span> <span class='ocrx_word' id='word_1_115' title='bbox 2530 872 2753 926; x_wconf 87' lang='lat' dir='ltr'><strong>humida</strong></span> <span class='ocrx_word' id='word_1_116' title='bbox 2806 880 3002 928; x_wconf 92' lang='lat' dir='ltr'><strong>natura</strong></span> <span class='ocrx_word' id='word_1_117' title='bbox 3055 881 3113 930; x_wconf 90' lang='lat' dir='ltr'><strong>et</strong></span> <span class='ocrx_word' id='word_1_118' title='bbox 3164 882 3499 942; x_wconf 91' lang='lat' dir='ltr'><strong>consumptu</strong></span> <span class='ocrx_word' id='word_1_119' title='bbox 3554 872 3635 924; x_wconf 82' lang='lat' dir='ltr'><strong>la-</strong></span> 
     </span>
    </p>
   </div>
   <div class='ocr_carea' id='block_1_18' title="bbox 2058 959 3633 1033">
    <p class='ocr_par' dir='ltr' id='par_1_18' title="bbox 2058 959 3633 1033">
     <span class='ocr_line' id='line_1_18' title="bbox 2058 959 3633 1033; baseline -0.004 -15"><span class='ocrx_word' id='word_1_120' title='bbox 2058 964 2187 1019; x_wconf 82' lang='lat' dir='ltr'><strong>cili?</strong></span> <span class='ocrx_word' id='word_1_121' title='bbox 2228 962 2408 1033; x_wconf 93' lang='lat' dir='ltr'><strong>Atque</strong></span> <span class='ocrx_word' id='word_1_122' title='bbox 2454 963 2731 1033; x_wconf 88' lang='lat' dir='ltr'><strong>quomodo</strong></span> <span class='ocrx_word' id='word_1_123' title='bbox 2792 970 2939 1023; x_wconf 81' lang='lat' dir='ltr'><strong>terra</strong></span> <span class='ocrx_word' id='word_1_124' title='bbox 2985 964 3043 1017; x_wconf 89' lang='lat' dir='ltr'><strong>in</strong></span> <span class='ocrx_word' id='word_1_125' title='bbox 3077 972 3228 1033; x_wconf 90' lang='lat' dir='ltr'><strong>parte</strong></span> <span class='ocrx_word' id='word_1_126' title='bbox 3259 962 3366 1016; x_wconf 87' lang='lat' dir='ltr'><strong>ima</strong></span> <span class='ocrx_word' id='word_1_127' title='bbox 3410 962 3465 1014; x_wconf 91' lang='lat' dir='ltr'><strong>in</strong></span> <span class='ocrx_word' id='word_1_128' title='bbox 3508 959 3633 1015; x_wconf 86' lang='lat' dir='ltr'><strong>uni-</strong></span> 
     </span>
    </p>
   </div>
   <div class='ocr_carea' id='block_1_19' title="bbox 2058 1048 3634 1123">
    <p class='ocr_par' dir='ltr' id='par_1_19' title="bbox 2058 1048 3634 1123">
     <span class='ocr_line' id='line_1_19' title="bbox 2058 1048 3634 1123; baseline -0.003 -16"><span class='ocrx_word' id='word_1_129' title='bbox 2058 1068 2219 1109; x_wconf 88' lang='lat' dir='ltr'><strong>verso</strong></span> <span class='ocrx_word' id='word_1_130' title='bbox 2254 1054 2471 1108; x_wconf 84' lang='lat' dir='ltr'><strong>lirmata</strong></span> <span class='ocrx_word' id='word_1_131' title='bbox 2518 1061 2574 1108; x_wconf 83' lang='lat' dir='ltr'><strong>et</strong></span> <span class='ocrx_word' id='word_1_132' title='bbox 2628 1052 2912 1123; x_wconf 76' lang='lat' dir='ltr'><strong>subjecta?</strong></span> <span class='ocrx_word' id='word_1_133' title='bbox 2943 1051 3208 1123; x_wconf 85' lang='lat' dir='ltr'><strong>quidnam</strong></span> <span class='ocrx_word' id='word_1_134' title='bbox 3250 1058 3336 1107; x_wconf 89' lang='lat' dir='ltr'><strong>est</strong></span> <span class='ocrx_word' id='word_1_135' title='bbox 3381 1048 3529 1121; x_wconf 87' lang='lat' dir='ltr'><strong>quod</strong></span> <span class='ocrx_word' id='word_1_136' title='bbox 3578 1049 3634 1104; x_wconf 86' lang='lat' dir='ltr'><strong>in</strong></span> 
     </span>
    </p>
   </div>
   <div class='ocr_carea' id='block_1_20' title="bbox 2059 1142 3637 1218">
    <p class='ocr_par' dir='ltr' id='par_1_20' title="bbox 2059 1142 3637 1218">
     <span class='ocr_line' id='line_1_20' title="bbox 2059 1142 3637 1218; baseline -0.004 -18"><span class='ocrx_word' id='word_1_137' title='bbox 2059 1146 2218 1202; x_wconf 79' lang='lat' dir='ltr'><strong>ﬁrmo</strong></span> <span class='ocrx_word' id='word_1_138' title='bbox 2244 1155 2452 1203; x_wconf 80' lang='lat' dir='ltr'><strong>statum</strong></span> <span class='ocrx_word' id='word_1_139' title='bbox 2476 1148 2794 1205; x_wconf 83' lang='lat' dir='ltr'><strong>custodiat?</strong></span> <span class='ocrx_word' id='word_1_140' title='bbox 2821 1146 3083 1218; x_wconf 88' lang='lat' dir='ltr'><strong>quidnam</strong></span> <span class='ocrx_word' id='word_1_141' title='bbox 3115 1146 3317 1208; x_wconf 78' lang='lat' dir='ltr'><strong>ﬁrmat,</strong></span> <span class='ocrx_word' id='word_1_142' title='bbox 3340 1152 3395 1201; x_wconf 91' lang='lat' dir='ltr'><strong>et</strong></span> <span class='ocrx_word' id='word_1_143' title='bbox 3428 1142 3637 1200; x_wconf 88' lang='lat' dir='ltr'><strong>stabilit</strong></span> 
     </span>
    </p>
   </div>
   <div class='ocr_carea' id='block_1_21' title="bbox 2059 1235 3636 1306">
    <p class='ocr_par' dir='ltr' id='par_1_21' title="bbox 2059 1235 3636 1306">
     <span class='ocr_line' id='line_1_21' title="bbox 2059 1235 3636 1306; baseline -0.002 -15"><span class='ocrx_word' id='word_1_144' title='bbox 2059 1236 2183 1306; x_wconf 87' lang='lat' dir='ltr'><strong>ejus</strong></span> <span class='ocrx_word' id='word_1_145' title='bbox 2217 1236 2287 1291; x_wconf 88' lang='lat' dir='ltr'><strong>ad</strong></span> <span class='ocrx_word' id='word_1_146' title='bbox 2319 1237 2489 1293; x_wconf 90' lang='lat' dir='ltr'><strong>imum</strong></span> <span class='ocrx_word' id='word_1_147' title='bbox 2521 1238 2826 1294; x_wconf 84' lang='lat' dir='ltr'><strong>lationem?</strong></span> <span class='ocrx_word' id='word_1_148' title='bbox 2859 1237 2916 1292; x_wconf 92' lang='lat' dir='ltr'><strong>Si</strong></span> <span class='ocrx_word' id='word_1_149' title='bbox 2966 1237 3081 1292; x_wconf 68' lang='lat' dir='ltr'><strong>haec</strong></span> <span class='ocrx_word' id='word_1_150' title='bbox 3124 1245 3181 1293; x_wconf 91' lang='lat' dir='ltr'><strong>et</strong></span> <span class='ocrx_word' id='word_1_151' title='bbox 3209 1235 3338 1289; x_wconf 87' lang='lat' dir='ltr'><strong>talia</strong></span> <span class='ocrx_word' id='word_1_152' title='bbox 3375 1236 3500 1305; x_wconf 89' lang='lat' dir='ltr'><strong>quis</strong></span> <span class='ocrx_word' id='word_1_153' title='bbox 3532 1248 3636 1288; x_wconf 84' lang='lat' dir='ltr'><strong>nos</strong></span> 
     </span>
    </p>
   </div>
   <div class='ocr_carea' id='block_1_22' title="bbox 363 1311 3638 1397">
    <p class='ocr_par' dir='ltr' id='par_1_22' title="bbox 363 1311 3638 1397">
     <span class='ocr_line' id='line_1_22' title="bbox 363 1311 3638 1397; baseline 0.005 -34"><span class='ocrx_word' id='word_1_154' title='bbox 363 1311 706 1379; x_wconf 57' lang='lat' dir='ltr'><strong>esi&#39;luirendo</strong></span> <span class='ocrx_word' id='word_1_155' title='bbox 749 1312 1063 1387; x_wconf 78' lang='lat' dir='ltr'><strong>interroget,</strong></span> <span class='ocrx_word' id='word_1_156' title='bbox 1117 1332 1186 1371; x_wconf 84' lang='lat' dir='ltr'><strong>an</strong></span> <span class='ocrx_word' id='word_1_157' title='bbox 1217 1318 1343 1389; x_wconf 85' lang='lat' dir='ltr'><strong>quis</strong></span> <span class='ocrx_word' id='word_1_158' title='bbox 1389 1322 1492 1375; x_wconf 86' lang='lat' dir='ltr'><strong>erit</strong></span> <span class='ocrx_word' id='word_1_159' title='bbox 1552 1320 1687 1375; x_wconf 87' lang='lat' dir='ltr'><strong>adeo</strong></span> <span class='ocrx_word' id='word_1_160' title='bbox 1727 1322 1924 1378; x_wconf 77' lang='lat' dir='ltr'><strong>mentis</strong></span> <span class='ocrx_word' id='word_1_161' title='bbox 1965 1325 2142 1385; x_wconf 85' lang='lat' dir='ltr'><strong>impos</strong></span> <span class='ocrx_word' id='word_1_162' title='bbox 2171 1336 2226 1383; x_wconf 90' lang='lat' dir='ltr'><strong>et</strong></span> <span class='ocrx_word' id='word_1_163' title='bbox 2255 1340 2413 1383; x_wconf 78' lang='lat' dir='ltr'><strong>extra</strong></span> <span class='ocrx_word' id='word_1_164' title='bbox 2447 1344 2507 1386; x_wconf 90' lang='lat' dir='ltr'><strong>se</strong></span> <span class='ocrx_word' id='word_1_165' title='bbox 2534 1329 2805 1397; x_wconf 71' lang='lat' dir='ltr'><strong>deiectus,</strong></span> <span class='ocrx_word' id='word_1_166' title='bbox 2861 1336 2920 1383; x_wconf 88' lang='lat' dir='ltr'><strong>ut</strong></span> <span class='ocrx_word' id='word_1_167' title='bbox 2955 1328 3146 1382; x_wconf 89' lang='lat' dir='ltr'><strong>talium</strong></span> <span class='ocrx_word' id='word_1_168' title='bbox 3221 1325 3467 1397; x_wconf 85' lang='lat' dir='ltr'><strong>polliceri</strong></span> <span class='ocrx_word' id='word_1_169' title='bbox 3535 1339 3638 1379; x_wconf 82' lang='lat' dir='ltr'><strong>au-</strong></span> 
     </span>
    </p>
   </div>
   <div class='ocr_carea' id='block_1_23' title="bbox 373 1401 3636 1492">
    <p class='ocr_par' dir='ltr' id='par_1_23' title="bbox 373 1401 3636 1492">
     <span class='ocr_line' id='line_1_23' title="bbox 373 1401 3636 1492; baseline 0.005 -39"><span class='ocrx_word' id='word_1_170' title='bbox 373 1401 499 1456; x_wconf 89' lang='lat' dir='ltr'><strong>deat</strong></span> <span class='ocrx_word' id='word_1_171' title='bbox 545 1403 952 1473; x_wconf 82' lang='lat' dir='ltr'><strong>cognitionem?</strong></span> <span class='ocrx_word' id='word_1_172' title='bbox 995 1406 1142 1463; x_wconf 82' lang='lat' dir='ltr'><strong>N-ihil</strong></span> <span class='ocrx_word' id='word_1_173' title='bbox 1200 1412 1371 1481; x_wconf 56' lang='lat' dir='ltr'><strong>aequis</strong></span> <span class='ocrx_word' id='word_1_174' title='bbox 1421 1422 1475 1466; x_wconf 88' lang='lat' dir='ltr'><strong>et</strong></span> <span class='ocrx_word' id='word_1_175' title='bbox 1522 1413 1771 1468; x_wconf 76' lang='lat' dir='ltr'><strong>candidis</strong></span> <span class='ocrx_word' id='word_1_176' title='bbox 1804 1417 1937 1472; x_wconf 89' lang='lat' dir='ltr'><strong>viris</strong></span> <span class='ocrx_word' id='word_1_177' title='bbox 1976 1419 2045 1471; x_wconf 90' lang='lat' dir='ltr'><strong>ad</strong></span> <span class='ocrx_word' id='word_1_178' title='bbox 2122 1435 2451 1491; x_wconf 87' lang='lat' dir='ltr'><strong>responsum</strong></span> <span class='ocrx_word' id='word_1_179' title='bbox 2533 1420 2901 1492; x_wconf 88' lang='lat' dir='ltr'><strong>relinquitur,</strong></span> <span class='ocrx_word' id='word_1_180' title='bbox 2959 1435 3124 1491; x_wconf 89' lang='lat' dir='ltr'><strong>quam</strong></span> <span class='ocrx_word' id='word_1_181' title='bbox 3177 1418 3325 1490; x_wconf 87' lang='lat' dir='ltr'><strong>quod</strong></span> <span class='ocrx_word' id='word_1_182' title='bbox 3388 1417 3482 1471; x_wconf 83' lang='lat' dir='ltr'><strong>ille</strong></span> <span class='ocrx_word' id='word_1_183' title='bbox 3538 1416 3636 1487; x_wconf 86' lang='lat' dir='ltr'><strong>qui</strong></span> 
     </span>
    </p>
   </div>
   <div class='ocr_carea' id='block_1_24' title="bbox 364 1494 2247 1568">
    <p class='ocr_par' dir='ltr' id='par_1_24' title="bbox 364 1494 2247 1568">
     <span class='ocr_line' id='line_1_24' title="bbox 364 1494 2247 1568; baseline 0.012 -23"><span class='ocrx_word' id='word_1_184' title='bbox 364 1494 559 1548; x_wconf 68' lang='lat' dir='ltr'><strong>omnia</strong></span> <span class='ocrx_word' id='word_1_185' title='bbox 587 1495 642 1548; x_wconf 90' lang='lat' dir='ltr'><strong>in</strong></span> <span class='ocrx_word' id='word_1_186' title='bbox 680 1497 951 1567; x_wconf 83' lang='lat' dir='ltr'><strong>sapientia</strong></span> <span class='ocrx_word' id='word_1_187' title='bbox 983 1498 1115 1555; x_wconf 84' lang='lat' dir='ltr'><strong>fecit</strong></span> <span class='ocrx_word' id='word_1_188' title='bbox 1140 1502 1183 1566; x_wconf 87' lang='grc'>⁷,</span> <span class='ocrx_word' id='word_1_189' title='bbox 1242 1504 1397 1559; x_wconf 84' lang='lat' dir='ltr'><strong>solus</strong></span> <span class='ocrx_word' id='word_1_190' title='bbox 1438 1508 1585 1561; x_wconf 83' lang='lat' dir='ltr'><strong>novit</strong></span> <span class='ocrx_word' id='word_1_191' title='bbox 1628 1518 1895 1564; x_wconf 72' lang='lat' dir='ltr'><strong>creatum</strong></span> <span class='ocrx_word' id='word_1_192' title='bbox 1957 1512 2247 1568; x_wconf 79' lang='lat' dir='ltr'><strong>rationem.</strong></span> 
     </span>
    </p>
   </div>
   <div class='ocr_carea' id='block_1_25' title="bbox 368 1590 1636 1665">
    <p class='ocr_par' dir='ltr' id='par_1_25' title="bbox 368 1590 1636 1665">
     <span class='ocr_line' id='line_1_25' title="bbox 368 1590 1636 1665; baseline 0.014 -29"><span class='ocrx_word' id='word_1_193' title='bbox 368 1593 558 1655; x_wconf 79' lang='lat' dir='ltr'><strong>aptata</strong></span> <span class='ocrx_word' id='word_1_194' title='bbox 583 1602 704 1643; x_wconf 87' lang='lat' dir='ltr'><strong>esse</strong></span> <span class='ocrx_word' id='word_1_195' title='bbox 729 1590 951 1654; x_wconf 67' lang='lat' dir='ltr'><strong>saecula,</strong></span> <span class='ocrx_word' id='word_1_196' title='bbox 986 1594 1130 1648; x_wconf 90' lang='lat' dir='ltr'><strong>sicut</strong></span> <span class='ocrx_word' id='word_1_197' title='bbox 1167 1596 1244 1649; x_wconf 89' lang='lat' dir='ltr'><strong>ait</strong></span> <span class='ocrx_word' id='word_1_198' title='bbox 1270 1597 1568 1665; x_wconf 88' lang='lat' dir='ltr'><strong>Apostolus</strong></span> <span class='ocrx_word' id='word_1_199' title='bbox 1594 1601 1636 1654; x_wconf 77' lang='lat'><strong>&quot;.</strong></span> 
     </span>
    </p>
   </div>
   <div class='ocr_carea' id='block_1_26' title="bbox 447 1677 1955 1764">
    <p class='ocr_par' dir='ltr' id='par_1_26' title="bbox 447 1677 1955 1764">
     <span class='ocr_line' id='line_1_26' title="bbox 447 1677 1955 1764; baseline 0.014 -33"><span class='ocrx_word' id='word_1_200' title='bbox 447 1681 509 1732; x_wconf 73' lang='grc' dir='ltr'><strong>Εἰ</strong></span> <span class='ocrx_word' id='word_1_201' title='bbox 549 1677 641 1735; x_wconf 79' lang='grc' dir='ltr'><strong>οὖν</strong></span> <span class='ocrx_word' id='word_1_202' title='bbox 690 1683 840 1737; x_wconf 87' lang='grc' dir='ltr'>κάτω</span> <span class='ocrx_word' id='word_1_203' title='bbox 891 1688 1065 1751; x_wconf 82' lang='grc' dir='ltr'>κτίσις</span> <span class='ocrx_word' id='word_1_204' title='bbox 1106 1691 1139 1760; x_wconf 81' lang='grc' dir='ltr'>ὴ</span> <span class='ocrx_word' id='word_1_205' title='bbox 1172 1692 1335 1763; x_wconf 80' lang='grc' dir='ltr'>μέχρι</span> <span class='ocrx_word' id='word_1_206' title='bbox 1375 1694 1482 1746; x_wconf 82' lang='grc' dir='ltr'><strong>τῶν</strong></span> <span class='ocrx_word' id='word_1_207' title='bbox 1512 1694 1814 1764; x_wconf 76' lang='grc' dir='ltr'>αἰσθήσεων</span> <span class='ocrx_word' id='word_1_208' title='bbox 1846 1698 1955 1751; x_wconf 84' lang='grc' dir='ltr'><strong>τῶν</strong></span> 
     </span>
    </p>
   </div>
   <div class='ocr_carea' id='block_1_27' title="bbox 378 1772 1958 1865">
    <p class='ocr_par' dir='ltr' id='par_1_27' title="bbox 378 1772 1958 1865">
     <span class='ocr_line' id='line_1_27' title="bbox 378 1772 1958 1865; baseline 0.016 -44"><span class='ocrx_word' id='word_1_209' title='bbox 378 1772 664 1865; x_wconf 63' lang='grc' dir='ltr'>ημετέρων</span> <span class='ocrx_word' id='word_1_210' title='bbox 694 1774 989 1843; x_wconf 80' lang='grc' dir='ltr'>φθάνουσα,</span> <span class='ocrx_word' id='word_1_211' title='bbox 1019 1780 1158 1852; x_wconf 84' lang='grc' dir='ltr'>ὑπὲρ</span> <span class='ocrx_word' id='word_1_212' title='bbox 1182 1785 1249 1836; x_wconf 75' lang='grc' dir='ltr'>τὰ</span> <span class='ocrx_word' id='word_1_213' title='bbox 1280 1785 1453 1857; x_wconf 77' lang='grc' dir='ltr'>μέτρα</span> <span class='ocrx_word' id='word_1_214' title='bbox 1480 1790 1577 1859; x_wconf 79' lang='grc' dir='ltr'>τῆς</span> <span class='ocrx_word' id='word_1_215' title='bbox 1610 1790 1958 1865; x_wconf 79' lang='grc' dir='ltr'><strong>ἀνθρωπίνης</strong></span> 
     </span>
    </p>
   </div>
   <div class='ocr_carea' id='block_1_28' title="bbox 2340 1508 3639 1584">
    <p class='ocr_par' dir='ltr' id='par_1_28' title="bbox 2340 1508 3639 1584">
     <span class='ocr_line' id='line_1_28' title="bbox 2340 1508 3639 1584; baseline -0.002 -16"><span class='ocrx_word' id='word_1_216' title='bbox 2340 1515 2450 1570; x_wconf 75' lang='lat' dir='ltr'><strong>Nos</strong></span> <span class='ocrx_word' id='word_1_217' title='bbox 2524 1525 2704 1569; x_wconf 87' lang='lat' dir='ltr'><strong>autem</strong></span> <span class='ocrx_word' id='word_1_218' title='bbox 2757 1515 2860 1568; x_wconf 83' lang='lat' dir='ltr'><strong>ﬁde</strong></span> <span class='ocrx_word' id='word_1_219' title='bbox 2910 1513 3285 1584; x_wconf 85' lang='lat' dir='ltr'><strong>intelligimus,</strong></span> <span class='ocrx_word' id='word_1_220' title='bbox 3333 1511 3497 1566; x_wconf 85' lang='lat' dir='ltr'><strong>verbo</strong></span> <span class='ocrx_word' id='word_1_221' title='bbox 3546 1508 3639 1566; x_wconf 85' lang='lat' dir='ltr'><strong>Dei</strong></span> 
     </span>
    </p>
   </div>
   <div class='ocr_carea' id='block_1_29' title="bbox 2135 1692 3641 1765">
    <p class='ocr_par' dir='ltr' id='par_1_29' title="bbox 2135 1692 3641 1765">
     <span class='ocr_line' id='line_1_29' title="bbox 2135 1692 3641 1765; baseline -0.001 -16"><span class='ocrx_word' id='word_1_222' title='bbox 2135 1694 2192 1749; x_wconf 90' lang='lat' dir='ltr'><strong>Si</strong></span> <span class='ocrx_word' id='word_1_223' title='bbox 2240 1695 2427 1765; x_wconf 87' lang='lat' dir='ltr'><strong>itaque</strong></span> <span class='ocrx_word' id='word_1_224' title='bbox 2460 1696 2567 1749; x_wconf 88' lang='lat' dir='ltr'><strong>ima</strong></span> <span class='ocrx_word' id='word_1_225' title='bbox 2617 1702 2891 1757; x_wconf 79' lang='lat' dir='ltr'><strong>creatura,</strong></span> <span class='ocrx_word' id='word_1_226' title='bbox 2927 1708 3050 1763; x_wconf 61' lang='lat' dir='ltr'><strong>qua:</strong></span> <span class='ocrx_word' id='word_1_227' title='bbox 3100 1700 3325 1749; x_wconf 87' lang='lat' dir='ltr'><strong>nostros</strong></span> <span class='ocrx_word' id='word_1_228' title='bbox 3360 1707 3534 1761; x_wconf 88' lang='lat' dir='ltr'><strong>usque</strong></span> <span class='ocrx_word' id='word_1_229' title='bbox 3572 1692 3641 1748; x_wconf 80' lang='lat' dir='ltr'><strong>ad</strong></span> 
     </span>
    </p>
   </div>
   <div class='ocr_carea' id='block_1_30' title="bbox 2066 1785 3642 1858">
    <p class='ocr_par' dir='ltr' id='par_1_30' title="bbox 2066 1785 3642 1858">
     <span class='ocr_line' id='line_1_30' title="bbox 2066 1785 3642 1858; baseline -0.002 -16"><span class='ocrx_word' id='word_1_230' title='bbox 2066 1804 2262 1855; x_wconf 71' lang='lat' dir='ltr'><strong>sensus</strong></span> <span class='ocrx_word' id='word_1_231' title='bbox 2302 1787 2581 1858; x_wconf 85' lang='lat' dir='ltr'><strong>pertingit,</strong></span> <span class='ocrx_word' id='word_1_232' title='bbox 2617 1787 2839 1841; x_wconf 86' lang='lat' dir='ltr'><strong>modum</strong></span> <span class='ocrx_word' id='word_1_233' title='bbox 2870 1787 3121 1840; x_wconf 67' lang='lat' dir='ltr'><strong>humanae</strong></span> <span class='ocrx_word' id='word_1_234' title='bbox 3176 1785 3508 1856; x_wconf 72' lang='lat' dir='ltr'><strong>cognitionis</strong></span> <span class='ocrx_word' id='word_1_235' title='bbox 3544 1800 3642 1840; x_wconf 85' lang='lat' dir='ltr'><strong>su-</strong></span> 
     </span>
    </p>
   </div>
   <div class='ocr_carea' id='block_1_31' title="bbox 374 1863 1979 1956">
    <p class='ocr_par' dir='ltr' id='par_1_31' title="bbox 374 1863 1966 1956">
     <span class='ocr_line' id='line_1_31' title="bbox 374 1863 1966 1956; baseline 0.018 -44"><span class='ocrx_word' id='word_1_236' title='bbox 374 1863 495 1956; x_wconf 75' lang='grc' dir='ltr'>ἒστὶ</span> <span class='ocrx_word' id='word_1_237' title='bbox 528 1864 799 1930; x_wconf 80' lang='grc' dir='ltr'>γνώσεως,</span> <span class='ocrx_word' id='word_1_238' title='bbox 832 1868 949 1933; x_wconf 85' lang='grc' dir='ltr'><strong>πῶς</strong></span> <span class='ocrx_word' id='word_1_239' title='bbox 982 1872 1010 1924; x_wconf 89' lang='grc' dir='ltr'>ὁ</span> <span class='ocrx_word' id='word_1_240' title='bbox 1053 1873 1197 1943; x_wconf 81' lang='grc' dir='ltr'>μόνῳ</span> <span class='ocrx_word' id='word_1_241' title='bbox 1233 1874 1496 1947; x_wconf 74' lang='grc' dir='ltr'>θελήματι</span> <span class='ocrx_word' id='word_1_242' title='bbox 1526 1880 1586 1933; x_wconf 81' lang='grc' dir='ltr'><strong>τὸ</strong></span> <span class='ocrx_word' id='word_1_243' title='bbox 1623 1884 1729 1936; x_wconf 75' lang='grc' dir='ltr'>πᾶν</span> <span class='ocrx_word' id='word_1_244' title='bbox 1767 1863 1966 1956; x_wconf 84' lang='grc' dir='ltr'>συστη-</span> 
     </span>
    </p>
   </div>
   <div class='ocr_carea' id='block_1_32' title="bbox 2079 1863 3637 1956">
    <p class='ocr_par' dir='ltr' id='par_1_32' title="bbox 2079 1874 3637 1949">
     <span class='ocr_line' id='line_1_32' title="bbox 2079 1874 3637 1949; baseline -0.004 -15"><span class='ocrx_word' id='word_1_245' title='bbox 2079 1889 2239 1949; x_wconf 74' lang='lat' dir='ltr'><strong>perat,</strong></span> <span class='ocrx_word' id='word_1_246' title='bbox 2296 1877 2571 1949; x_wconf 87' lang='lat' dir='ltr'><strong>quomodo</strong></span> <span class='ocrx_word' id='word_1_247' title='bbox 2623 1876 2670 1930; x_wconf 90' lang='lat' dir='ltr'><strong>is</strong></span> <span class='ocrx_word' id='word_1_248' title='bbox 2706 1876 2799 1946; x_wconf 91' lang='lat' dir='ltr'><strong>qui</strong></span> <span class='ocrx_word' id='word_1_249' title='bbox 2839 1874 2954 1930; x_wconf 84' lang='lat' dir='ltr'><strong>sola</strong></span> <span class='ocrx_word' id='word_1_250' title='bbox 3007 1874 3283 1929; x_wconf 82' lang='lat' dir='ltr'><strong>voluntate</strong></span> <span class='ocrx_word' id='word_1_251' title='bbox 3318 1874 3637 1928; x_wconf 87' lang='lat' dir='ltr'><strong>universum</strong></span> 
     </span>
    </p>
   </div>
   <div class='ocr_carea' id='block_1_33' title="bbox 385 1954 1963 2046">
    <p class='ocr_par' dir='ltr' id='par_1_33' title="bbox 385 1954 1963 2046">
     <span class='ocr_line' id='line_1_33' title="bbox 385 1954 1963 2046; baseline 0.016 -42"><span class='ocrx_word' id='word_1_252' title='bbox 385 1954 651 2046; x_wconf 81' lang='grc' dir='ltr'>σὰμενος,</span> <span class='ocrx_word' id='word_1_253' title='bbox 701 1958 850 2023; x_wconf 78' lang='grc' dir='ltr'>ἐντὸς</span> <span class='ocrx_word' id='word_1_254' title='bbox 894 1961 994 2033; x_wconf 83' lang='grc' dir='ltr'>τῆς</span> <span class='ocrx_word' id='word_1_255' title='bbox 1062 1966 1336 2037; x_wconf 84' lang='grc' dir='ltr'>ἡμετέρας</span> <span class='ocrx_word' id='word_1_256' title='bbox 1387 1970 1503 2023; x_wconf 78' lang='grc' dir='ltr'>ἐστὶ</span> <span class='ocrx_word' id='word_1_257' title='bbox 1571 1954 1931 2046; x_wconf 66' lang='grc' dir='ltr'>καταλήψεως</span> <span class='ocrx_word' id='word_1_258' title='bbox 1945 1992 1963 2041; x_wconf 86' lang='lat'><strong>;</strong></span> 
     </span>
    </p>
   </div>
   <div class='ocr_carea' id='block_1_34' title="bbox 383 2045 1968 2136">
    <p class='ocr_par' dir='ltr' id='par_1_34' title="bbox 383 2045 1968 2136">
     <span class='ocr_line' id='line_1_34' title="bbox 383 2045 1968 2136; baseline 0.016 -40"><span class='ocrx_word' id='word_1_259' title='bbox 383 2045 699 2136; x_wconf 43' lang='grc' dir='ltr'>ἓίαταιότης</span> <span class='ocrx_word' id='word_1_260' title='bbox 727 2050 896 2105; x_wconf 84' lang='grc' dir='ltr'>ταῦτα</span> <span class='ocrx_word' id='word_1_261' title='bbox 943 2055 1034 2108; x_wconf 78' lang='grc' dir='ltr'><strong>καὶ</strong></span> <span class='ocrx_word' id='word_1_262' title='bbox 1065 2058 1231 2125; x_wconf 83' lang='grc' dir='ltr'>μανία</span> <span class='ocrx_word' id='word_1_263' title='bbox 1269 2060 1486 2131; x_wconf 75' lang='grc' dir='ltr'>ψευδὴς,</span> <span class='ocrx_word' id='word_1_264' title='bbox 1523 2064 1705 2128; x_wconf 82' lang='grc' dir='ltr'>καθώς</span> <span class='ocrx_word' id='word_1_265' title='bbox 1734 2045 1897 2136; x_wconf 67' lang='grc' dir='ltr'>φησιν</span> <span class='ocrx_word' id='word_1_266' title='bbox 1938 2071 1968 2122; x_wconf 88' lang='lat'><strong>6</strong></span> 
     </span>
    </p>
   </div>
   <div class='ocr_carea' id='block_1_35' title="bbox 380 2134 2028 2245">
    <p class='ocr_par' dir='ltr' id='par_1_35' title="bbox 380 2134 2028 2245">
     <span class='ocr_line' id='line_1_35' title="bbox 380 2134 2028 2245; baseline 0.015 -59"><span class='ocrx_word' id='word_1_267' title='bbox 380 2134 702 2206; x_wconf 76' lang='grc' dir='ltr'>Προφήτης,</span> <span class='ocrx_word' id='word_1_268' title='bbox 734 2139 793 2191; x_wconf 84' lang='grc' dir='ltr'><strong>τὸ</strong></span> <span class='ocrx_word' id='word_1_269' title='bbox 819 2140 1026 2195; x_wconf 80' lang='grc' dir='ltr'>οἴεσθαι</span> <span class='ocrx_word' id='word_1_270' title='bbox 1046 2144 1273 2217; x_wconf 77' lang='grc' dir='ltr'>δυνατὴν</span> <span class='ocrx_word' id='word_1_271' title='bbox 1294 2144 1431 2201; x_wconf 81' lang='grc' dir='ltr'>εἷναί</span> <span class='ocrx_word' id='word_1_272' title='bbox 1456 2166 1558 2203; x_wconf 90' lang='grc' dir='ltr'>τινι</span> <span class='ocrx_word' id='word_1_273' title='bbox 1586 2152 1683 2223; x_wconf 83' lang='grc' dir='ltr'>τὴν</span> <span class='ocrx_word' id='word_1_274' title='bbox 1710 2134 1819 2208; x_wconf 75' lang='grc' dir='ltr'><strong>τῶν</strong></span> <span class='ocrx_word' id='word_1_275' title='bbox 1845 2155 1968 2225; x_wconf 84' lang='grc' dir='ltr'><strong>ἀλή·</strong></span> <span class='ocrx_word' id='word_1_276' title='bbox 2008 2217 2028 2245; x_wconf 41' lang='grc'>1</span> 
     </span>
    </p>
   </div>
   <div class='ocr_carea' id='block_1_36' title="bbox 384 2231 1969 2315">
    <p class='ocr_par' dir='ltr' id='par_1_36' title="bbox 384 2231 1969 2315">
     <span class='ocr_line' id='line_1_36' title="bbox 384 2231 1969 2315; baseline 0.015 -37"><span class='ocrx_word' id='word_1_277' title='bbox 384 2244 538 2279; x_wconf 85' lang='grc' dir='ltr'>πτων</span> <span class='ocrx_word' id='word_1_278' title='bbox 570 2231 867 2301; x_wconf 76' lang='grc' dir='ltr'>περίνοιαν.</span> <span class='ocrx_word' id='word_1_279' title='bbox 908 2233 1095 2298; x_wconf 82' lang='grc' dir='ltr'>Οῦτως</span> <span class='ocrx_word' id='word_1_280' title='bbox 1139 2236 1288 2291; x_wconf 80' lang='grc' dir='ltr'>ἔστιν</span> <span class='ocrx_word' id='word_1_281' title='bbox 1330 2240 1458 2293; x_wconf 76' lang='grc' dir='ltr'>ἰδεῖν</span> <span class='ocrx_word' id='word_1_282' title='bbox 1492 2242 1664 2315; x_wconf 77' lang='grc' dir='ltr'>μικρὰ</span> <span class='ocrx_word' id='word_1_283' title='bbox 1690 2249 1857 2315; x_wconf 83' lang='grc' dir='ltr'>νήπια</span> <span class='ocrx_word' id='word_1_284' title='bbox 1882 2246 1969 2302; x_wconf 70' lang='grc' dir='ltr'><strong>διὰ</strong></span> 
     </span>
    </p>
   </div>
   <div class='ocr_carea' id='block_1_37' title="bbox 385 2318 1970 2405">
    <p class='ocr_par' dir='ltr' id='par_1_37' title="bbox 385 2318 1970 2405">
     <span class='ocr_line' id='line_1_37' title="bbox 385 2318 1970 2405; baseline 0.013 -37"><span class='ocrx_word' id='word_1_285' title='bbox 385 2318 483 2389; x_wconf 84' lang='grc' dir='ltr'>τὴν</span> <span class='ocrx_word' id='word_1_286' title='bbox 531 2320 594 2371; x_wconf 81' lang='grc' dir='ltr'>ἐκ</span> <span class='ocrx_word' id='word_1_287' title='bbox 644 2321 742 2391; x_wconf 82' lang='grc' dir='ltr'>τῆς</span> <span class='ocrx_word' id='word_1_288' title='bbox 792 2323 1004 2392; x_wconf 78' lang='grc' dir='ltr'>ἡλικίας</span> <span class='ocrx_word' id='word_1_289' title='bbox 1047 2325 1268 2395; x_wconf 83' lang='grc' dir='ltr'>ἄγνοιαν</span> <span class='ocrx_word' id='word_1_290' title='bbox 1303 2330 1561 2394; x_wconf 79' lang='grc' dir='ltr'>παίζοντά</span> <span class='ocrx_word' id='word_1_291' title='bbox 1596 2351 1655 2386; x_wconf 90' lang='grc' dir='ltr'><strong>τε</strong></span> <span class='ocrx_word' id='word_1_292' title='bbox 1692 2335 1828 2405; x_wconf 82' lang='grc' dir='ltr'>ὁμοῦ</span> <span class='ocrx_word' id='word_1_293' title='bbox 1873 2337 1970 2391; x_wconf 78' lang='grc' dir='ltr'><strong>καὶ</strong></span> 
     </span>
    </p>
   </div>
   <div class='ocr_carea' id='block_1_38' title="bbox 390 2410 1969 2492">
    <p class='ocr_par' dir='ltr' id='par_1_38' title="bbox 390 2410 1969 2492">
     <span class='ocr_line' id='line_1_38' title="bbox 390 2410 1969 2492; baseline 0.013 -32"><span class='ocrx_word' id='word_1_294' title='bbox 390 2410 775 2474; x_wconf 76' lang='grc' dir='ltr'>σπουδάζοντα.</span> <span class='ocrx_word' id='word_1_295' title='bbox 815 2414 1079 2479; x_wconf 79' lang='grc' dir='ltr'>Πολλάκις</span> <span class='ocrx_word' id='word_1_296' title='bbox 1105 2417 1213 2488; x_wconf 77' lang='grc' dir='ltr'><strong>γὰρ</strong></span> <span class='ocrx_word' id='word_1_297' title='bbox 1241 2418 1456 2484; x_wconf 81' lang='grc' dir='ltr'>ἀκτῖνος</span> <span class='ocrx_word' id='word_1_298' title='bbox 1498 2423 1733 2492; x_wconf 77' lang='grc' dir='ltr'>ἡλιακῆς</span> <span class='ocrx_word' id='word_1_299' title='bbox 1758 2425 1845 2479; x_wconf 79' lang='grc' dir='ltr'>διὰ</span> <span class='ocrx_word' id='word_1_300' title='bbox 1875 2426 1969 2479; x_wconf 78' lang='grc' dir='ltr'>θυ-</span> 
     </span>
    </p>
   </div>
   <div class='ocr_carea' id='block_1_39' title="bbox 386 2501 1971 2590">
    <p class='ocr_par' dir='ltr' id='par_1_39' title="bbox 386 2501 1971 2590">
     <span class='ocr_line' id='line_1_39' title="bbox 386 2501 1971 2590; baseline 0.013 -38"><span class='ocrx_word' id='word_1_301' title='bbox 386 2501 534 2572; x_wconf 74' lang='grc' dir='ltr'>ρίδος</span> <span class='ocrx_word' id='word_1_302' title='bbox 564 2503 744 2569; x_wconf 82' lang='grc' dir='ltr'>αὐτοῖς</span> <span class='ocrx_word' id='word_1_303' title='bbox 766 2507 1094 2579; x_wconf 81' lang='grc' dir='ltr'>είσρυείσης,</span> <span class='ocrx_word' id='word_1_304' title='bbox 1127 2511 1489 2582; x_wconf 83' lang='grc' dir='ltr'>περιχαρὲντα</span> <span class='ocrx_word' id='word_1_305' title='bbox 1515 2514 1591 2584; x_wconf 82' lang='grc' dir='ltr'><strong>τῷ</strong></span> <span class='ocrx_word' id='word_1_306' title='bbox 1622 2516 1807 2569; x_wconf 83' lang='grc' dir='ltr'>κάλλει</span> <span class='ocrx_word' id='word_1_307' title='bbox 1836 2519 1971 2590; x_wconf 81' lang='grc' dir='ltr'>πρὸς</span> 
     </span>
    </p>
   </div>
   <div class='ocr_carea' id='block_1_40' title="bbox 389 2594 1971 2680">
    <p class='ocr_par' dir='ltr' id='par_1_40' title="bbox 389 2594 1971 2680">
     <span class='ocr_line' id='line_1_40' title="bbox 389 2594 1971 2680; baseline 0.01 -34"><span class='ocrx_word' id='word_1_308' title='bbox 389 2594 450 2646; x_wconf 56' lang='lat' dir='ltr'><strong>ab</strong></span> <span class='ocrx_word' id='word_1_309' title='bbox 474 2594 793 2665; x_wconf 75' lang='grc' dir='ltr'>φαινόμενον</span> <span class='ocrx_word' id='word_1_310' title='bbox 824 2598 983 2665; x_wconf 72' lang='grc' dir='ltr'>ἵεται,</span> <span class='ocrx_word' id='word_1_311' title='bbox 1015 2601 1109 2653; x_wconf 70' lang='grc' dir='ltr'>καὶ</span> <span class='ocrx_word' id='word_1_312' title='bbox 1152 2602 1337 2673; x_wconf 81' lang='grc' dir='ltr'>φέρειν</span> <span class='ocrx_word' id='word_1_313' title='bbox 1368 2603 1661 2671; x_wconf 84' lang='grc' dir='ltr'>φιλονεικεῖ</span> <span class='ocrx_word' id='word_1_314' title='bbox 1686 2607 1772 2660; x_wconf 83' lang='grc' dir='ltr'>διὰ</span> <span class='ocrx_word' id='word_1_315' title='bbox 1793 2609 1971 2680; x_wconf 77' lang='grc' dir='ltr'>χειρὸς</span> 
     </span>
    </p>
   </div>
   <div class='ocr_carea' id='block_1_41' title="bbox 388 2682 1971 2766">
    <p class='ocr_par' dir='ltr' id='par_1_41' title="bbox 388 2682 1971 2766">
     <span class='ocr_line' id='line_1_41' title="bbox 388 2682 1971 2766; baseline 0.009 -32"><span class='ocrx_word' id='word_1_316' title='bbox 388 2682 490 2754; x_wconf 80' lang='grc' dir='ltr'><strong>τὴν</strong></span> <span class='ocrx_word' id='word_1_317' title='bbox 522 2684 735 2746; x_wconf 87' lang='grc' dir='ltr'>ἀκτῖνα,</span> <span class='ocrx_word' id='word_1_318' title='bbox 766 2687 859 2738; x_wconf 82' lang='grc' dir='ltr'><strong>καὶ</strong></span> <span class='ocrx_word' id='word_1_319' title='bbox 892 2687 1212 2758; x_wconf 83' lang='grc' dir='ltr'>διαμάχεται</span> <span class='ocrx_word' id='word_1_320' title='bbox 1247 2690 1382 2761; x_wconf 75' lang='grc' dir='ltr'>πρὸς</span> <span class='ocrx_word' id='word_1_321' title='bbox 1424 2691 1649 2762; x_wconf 78' lang='grc' dir='ltr'>ἄλληλα,</span> <span class='ocrx_word' id='word_1_322' title='bbox 1683 2695 1776 2747; x_wconf 78' lang='grc' dir='ltr'><strong>καὶ</strong></span> <span class='ocrx_word' id='word_1_323' title='bbox 1815 2712 1971 2766; x_wconf 86' lang='grc' dir='ltr'>περι-</span> 
     </span>
    </p>
   </div>
   <div class='ocr_carea' id='block_1_42' title="bbox 390 2773 1973 2853">
    <p class='ocr_par' dir='ltr' id='par_1_42' title="bbox 390 2773 1973 2853">
     <span class='ocr_line' id='line_1_42' title="bbox 390 2773 1973 2853; baseline 0.009 -28"><span class='ocrx_word' id='word_1_324' title='bbox 390 2773 685 2843; x_wconf 79' lang='grc' dir='ltr'>δράσσεται</span> <span class='ocrx_word' id='word_1_325' title='bbox 714 2775 806 2829; x_wconf 89' lang='grc' dir='ltr'><strong>τοῦ</strong></span> <span class='ocrx_word' id='word_1_326' title='bbox 839 2779 1012 2846; x_wconf 80' lang='grc' dir='ltr'>φωτὸς</span> <span class='ocrx_word' id='word_1_327' title='bbox 1038 2782 1105 2851; x_wconf 81' lang='grc' dir='ltr'>τῇ</span> <span class='ocrx_word' id='word_1_328' title='bbox 1140 2781 1397 2853; x_wconf 86' lang='grc' dir='ltr'>περιϐολῇ</span> <span class='ocrx_word' id='word_1_329' title='bbox 1432 2782 1540 2835; x_wconf 85' lang='grc' dir='ltr'><strong>τῶν</strong></span> <span class='ocrx_word' id='word_1_330' title='bbox 1571 2784 1869 2849; x_wconf 77' lang='grc' dir='ltr'>δακτύλων,</span> <span class='ocrx_word' id='word_1_331' title='bbox 1897 2787 1973 2851; x_wconf 84' lang='grc' dir='ltr'>ὡς</span> 
     </span>
    </p>
   </div>
   <div class='ocr_carea' id='block_1_43' title="bbox 383 2867 1972 2949">
    <p class='ocr_par' dir='ltr' id='par_1_43' title="bbox 383 2867 1972 2949">
     <span class='ocr_line' id='line_1_43' title="bbox 383 2867 1972 2949; baseline 0.008 -30"><span class='ocrx_word' id='word_1_332' title='bbox 383 2868 600 2930; x_wconf 78' lang='grc' dir='ltr'>οἴεται,</span> <span class='ocrx_word' id='word_1_333' title='bbox 645 2867 745 2940; x_wconf 83' lang='grc' dir='ltr'>τὴν</span> <span class='ocrx_word' id='word_1_334' title='bbox 791 2871 967 2941; x_wconf 69' lang='grc' dir='ltr'>αὐγὴν</span> <span class='ocrx_word' id='word_1_335' title='bbox 1022 2873 1394 2945; x_wconf 80' lang='grc' dir='ltr'>ὲνδησάμενα·</span> <span class='ocrx_word' id='word_1_336' title='bbox 1443 2875 1578 2929; x_wconf 73' lang='grc' dir='ltr'>ἀλλὰ</span> <span class='ocrx_word' id='word_1_337' title='bbox 1633 2877 1972 2949; x_wconf 75' lang='grc' dir='ltr'>διαλυθείσης</span> 
     </span>
    </p>
   </div>
   <div class='ocr_carea' id='block_1_44' title="bbox 391 2959 1976 3042">
    <p class='ocr_par' dir='ltr' id='par_1_44' title="bbox 391 2959 1976 3042">
     <span class='ocr_line' id='line_1_44' title="bbox 391 2959 1976 3042; baseline 0.009 -31"><span class='ocrx_word' id='word_1_338' title='bbox 391 2959 500 3012; x_wconf 57' lang='lat' dir='ltr'><strong>«Iw</strong></span> <span class='ocrx_word' id='word_1_339' title='bbox 528 2960 804 3016; x_wconf 82' lang='grc' dir='ltr'>δακτύλων</span> <span class='ocrx_word' id='word_1_340' title='bbox 851 2966 948 3034; x_wconf 83' lang='grc' dir='ltr'>τῆς</span> <span class='ocrx_word' id='word_1_341' title='bbox 989 2966 1289 3037; x_wconf 83' lang='grc' dir='ltr'>ἐμπλοκῆς,</span> <span class='ocrx_word' id='word_1_342' title='bbox 1320 2967 1532 3037; x_wconf 80' lang='grc' dir='ltr'>γέλωτα</span> <span class='ocrx_word' id='word_1_343' title='bbox 1564 2974 1709 3024; x_wconf 85' lang='grc' dir='ltr'>ποιεῖ</span> <span class='ocrx_word' id='word_1_344' title='bbox 1740 2974 1850 3035; x_wconf 58' lang='grc' dir='ltr'>τῶς</span> <span class='ocrx_word' id='word_1_345' title='bbox 1882 2989 1976 3042; x_wconf 87' lang='grc' dir='ltr'>νη-</span> 
     </span>
    </p>
   </div>
   <div class='ocr_carea' id='block_1_45' title="bbox 396 3053 1973 3133">
    <p class='ocr_par' dir='ltr' id='par_1_45' title="bbox 396 3053 1973 3133">
     <span class='ocr_line' id='line_1_45' title="bbox 396 3053 1973 3133; baseline 0.008 -29"><span class='ocrx_word' id='word_1_346' title='bbox 396 3053 540 3116; x_wconf 81' lang='grc' dir='ltr'>πίοις</span> <span class='ocrx_word' id='word_1_347' title='bbox 573 3056 663 3107; x_wconf 79' lang='grc' dir='ltr'>καὶ</span> <span class='ocrx_word' id='word_1_348' title='bbox 694 3056 888 3124; x_wconf 79' lang='grc' dir='ltr'>κρότον</span> <span class='ocrx_word' id='word_1_349' title='bbox 908 3056 1228 3129; x_wconf 73' lang='grc' dir='ltr'>διαρρυεῖσα</span> <span class='ocrx_word' id='word_1_350' title='bbox 1254 3060 1361 3113; x_wconf 84' lang='grc' dir='ltr'><strong>τῶν</strong></span> <span class='ocrx_word' id='word_1_351' title='bbox 1388 3061 1587 3133; x_wconf 84' lang='grc' dir='ltr'>χειρῶν</span> <span class='ocrx_word' id='word_1_352' title='bbox 1622 3065 1654 3133; x_wconf 84' lang='grc' dir='ltr'>ἡ</span> <span class='ocrx_word' id='word_1_353' title='bbox 1686 3063 1787 3133; x_wconf 82' lang='grc' dir='ltr'><strong>τῆς</strong></span> <span class='ocrx_word' id='word_1_354' title='bbox 1817 3065 1973 3117; x_wconf 83' lang='grc' dir='ltr'>ἀκτῖ-</span> 
     </span>
    </p>
   </div>
   <div class='ocr_carea' id='block_1_46' title="bbox 395 3144 1972 3223">
    <p class='ocr_par' dir='ltr' id='par_1_46' title="bbox 395 3144 1972 3223">
     <span class='ocr_line' id='line_1_46' title="bbox 395 3144 1972 3223; baseline 0.01 -28"><span class='ocrx_word' id='word_1_355' title='bbox 395 3161 483 3207; x_wconf 86' lang='grc' dir='ltr'><strong>νος</strong></span> <span class='ocrx_word' id='word_1_356' title='bbox 520 3144 679 3215; x_wconf 82' lang='grc' dir='ltr'>λαϐή.</span> <span class='ocrx_word' id='word_1_357' title='bbox 720 3146 875 3200; x_wconf 82' lang='grc' dir='ltr'>Οῦτω</span> <span class='ocrx_word' id='word_1_358' title='bbox 898 3147 992 3201; x_wconf 78' lang='grc' dir='ltr'><strong>καὶ</strong></span> <span class='ocrx_word' id='word_1_359' title='bbox 1026 3148 1093 3202; x_wconf 81' lang='grc' dir='ltr'>τὰ</span> <span class='ocrx_word' id='word_1_360' title='bbox 1118 3150 1216 3219; x_wconf 82' lang='grc' dir='ltr'><strong>τῆς</strong></span> <span class='ocrx_word' id='word_1_361' title='bbox 1247 3153 1518 3223; x_wconf 80' lang='grc' dir='ltr'>ἡμετέρας</span> <span class='ocrx_word' id='word_1_362' title='bbox 1544 3156 1738 3222; x_wconf 83' lang='grc' dir='ltr'>γενεᾶς</span> <span class='ocrx_word' id='word_1_363' title='bbox 1768 3156 1972 3223; x_wconf 80' lang='grc' dir='ltr'>παιδία,</span> 
     </span>
    </p>
   </div>
   <div class='ocr_carea' id='block_1_47' title="bbox 394 3211 2046 3320">
    <p class='ocr_par' dir='ltr' id='par_1_47' title="bbox 394 3211 2046 3320">
     <span class='ocr_line' id='line_1_47' title="bbox 394 3211 2046 3320; baseline 0.01 -34"><span class='ocrx_word' id='word_1_364' title='bbox 394 3234 578 3298; x_wconf 82' lang='grc' dir='ltr'>καθώς</span> <span class='ocrx_word' id='word_1_365' title='bbox 612 3211 832 3309; x_wconf 40' lang='grc' dir='ltr'>φ-ησινή</span> <span class='ocrx_word' id='word_1_366' title='bbox 866 3211 1321 3313; x_wconf 42' lang='grc' dir='ltr'>παραϐολὴ,-</span> <span class='ocrx_word' id='word_1_367' title='bbox 1365 3211 1592 3315; x_wconf 63' lang='grc' dir='ltr'>ἀγοραῖς</span> <span class='ocrx_word' id='word_1_368' title='bbox 1629 3211 1978 3320; x_wconf 63' lang='grc' dir='ltr'>ἐγκαθήμενά</span> <span class='ocrx_word' id='word_1_369' title='bbox 2002 3211 2046 3268; x_wconf 73' lang='lat' dir='ltr'><strong><em>C</em></strong></span> 
     </span>
    </p>
   </div>
   <div class='ocr_carea' id='block_1_48' title="bbox 398 3323 1979 3409">
    <p class='ocr_par' dir='ltr' id='par_1_48' title="bbox 398 3323 1979 3409">
     <span class='ocr_line' id='line_1_48' title="bbox 398 3323 1979 3409; baseline 0.009 -32"><span class='ocrx_word' id='word_1_370' title='bbox 398 3323 601 3387; x_wconf 78' lang='grc' dir='ltr'>παίζει.</span> <span class='ocrx_word' id='word_1_371' title='bbox 645 3327 707 3378; x_wconf 82' lang='grc' dir='ltr'><strong>Οἱ</strong></span> <span class='ocrx_word' id='word_1_372' title='bbox 742 3327 838 3397; x_wconf 76' lang='grc' dir='ltr'><strong>τὴν</strong></span> <span class='ocrx_word' id='word_1_373' title='bbox 874 3328 1022 3384; x_wconf 88' lang='grc' dir='ltr'>θείαν</span> <span class='ocrx_word' id='word_1_374' title='bbox 1058 3331 1286 3403; x_wconf 84' lang='grc' dir='ltr'>δύναμιν</span> <span class='ocrx_word' id='word_1_375' title='bbox 1325 3332 1415 3388; x_wconf 81' lang='grc' dir='ltr'><strong>διὰ</strong></span> <span class='ocrx_word' id='word_1_376' title='bbox 1458 3335 1566 3389; x_wconf 82' lang='grc' dir='ltr'><strong>τῶν</strong></span> <span class='ocrx_word' id='word_1_377' title='bbox 1590 3337 1687 3407; x_wconf 81' lang='grc' dir='ltr'><strong>τῆς</strong></span> <span class='ocrx_word' id='word_1_378' title='bbox 1716 3338 1979 3409; x_wconf 88' lang='grc' dir='ltr'>Προνοίας</span> 
     </span>
    </p>
   </div>
   <div class='ocr_carea' id='block_1_49' title="bbox 396 3414 1979 3498">
    <p class='ocr_par' dir='ltr' id='par_1_49' title="bbox 396 3414 1979 3498">
     <span class='ocr_line' id='line_1_49' title="bbox 396 3414 1979 3498; baseline 0.01 -32"><span class='ocrx_word' id='word_1_379' title='bbox 396 3414 571 3482; x_wconf 84' lang='grc' dir='ltr'>λόγων</span> <span class='ocrx_word' id='word_1_380' title='bbox 606 3419 699 3470; x_wconf 73' lang='grc' dir='ltr'><strong>καὶ</strong></span> <span class='ocrx_word' id='word_1_381' title='bbox 736 3417 844 3471; x_wconf 84' lang='grc' dir='ltr'>τῶν</span> <span class='ocrx_word' id='word_1_382' title='bbox 897 3418 1191 3491; x_wconf 85' lang='grc' dir='ltr'>θαυμάτων</span> <span class='ocrx_word' id='word_1_383' title='bbox 1219 3426 1340 3488; x_wconf 82' lang='grc' dir='ltr'>ταῖς</span> <span class='ocrx_word' id='word_1_384' title='bbox 1364 3424 1563 3496; x_wconf 73' lang='grc' dir='ltr'>ψυχαῖς</span> <span class='ocrx_word' id='word_1_385' title='bbox 1600 3427 1979 3498; x_wconf 84' lang='grc' dir='ltr'>ἐλλάμπουσαν</span> 
     </span>
    </p>
   </div>
   <div class='ocr_carea' id='block_1_50' title="bbox 398 3505 1983 3592">
    <p class='ocr_par' dir='ltr' id='par_1_50' title="bbox 398 3505 1983 3592">
     <span class='ocr_line' id='line_1_50' title="bbox 398 3505 1983 3592; baseline 0.011 -36"><span class='ocrx_word' id='word_1_386' title='bbox 398 3506 709 3576; x_wconf 78' lang='grc' dir='ltr'>βλέποντες,</span> <span class='ocrx_word' id='word_1_387' title='bbox 740 3505 851 3564; x_wconf 78' lang='grc' dir='ltr'>οἷον</span> <span class='ocrx_word' id='word_1_388' title='bbox 882 3512 1077 3565; x_wconf 86' lang='grc' dir='ltr'>ἁκτῖνά</span> <span class='ocrx_word' id='word_1_389' title='bbox 1107 3531 1227 3567; x_wconf 89' lang='grc' dir='ltr'>τινα</span> <span class='ocrx_word' id='word_1_390' title='bbox 1252 3514 1345 3569; x_wconf 73' lang='grc' dir='ltr'>καὶ</span> <span class='ocrx_word' id='word_1_391' title='bbox 1376 3517 1686 3589; x_wconf 86' lang='grc' dir='ltr'>θερμότητα</span> <span class='ocrx_word' id='word_1_392' title='bbox 1720 3520 1815 3590; x_wconf 77' lang='grc' dir='ltr'>τῆς</span> <span class='ocrx_word' id='word_1_393' title='bbox 1838 3521 1983 3592; x_wconf 76' lang='grc' dir='ltr'>ἡλια-</span> 
     </span>
    </p>
   </div>
   <div class='ocr_carea' id='block_1_51' title="bbox 398 3600 1982 3684">
    <p class='ocr_par' dir='ltr' id='par_1_51' title="bbox 398 3600 1982 3684">
     <span class='ocr_line' id='line_1_51' title="bbox 398 3600 1982 3684; baseline 0.01 -33"><span class='ocrx_word' id='word_1_394' title='bbox 398 3600 503 3669; x_wconf 82' lang='grc' dir='ltr'>κῆς</span> <span class='ocrx_word' id='word_1_395' title='bbox 531 3601 905 3673; x_wconf 74' lang='grc' dir='ltr'>ἀπορρέουσαν</span> <span class='ocrx_word' id='word_1_396' title='bbox 934 3604 1167 3672; x_wconf 73' lang='grc' dir='ltr'>φύσεως,</span> <span class='ocrx_word' id='word_1_397' title='bbox 1193 3608 1314 3677; x_wconf 76' lang='grc' dir='ltr'>οὐχὶ</span> <span class='ocrx_word' id='word_1_398' title='bbox 1344 3609 1680 3680; x_wconf 79' lang='grc' dir='ltr'>θαυμάζουσι</span> <span class='ocrx_word' id='word_1_399' title='bbox 1700 3611 1797 3682; x_wconf 74' lang='grc' dir='ltr'>τὴν</span> <span class='ocrx_word' id='word_1_400' title='bbox 1821 3614 1982 3684; x_wconf 86' lang='grc' dir='ltr'>χάριν</span> 
     </span>
    </p>
   </div>
   <div class='ocr_carea' id='block_1_52' title="bbox 402 3694 1981 3774">
    <p class='ocr_par' dir='ltr' id='par_1_52' title="bbox 402 3694 1981 3774">
     <span class='ocr_line' id='line_1_52' title="bbox 402 3694 1981 3774; baseline 0.009 -29"><span class='ocrx_word' id='word_1_401' title='bbox 402 3694 496 3746; x_wconf 74' lang='grc' dir='ltr'><strong>καὶ</strong></span> <span class='ocrx_word' id='word_1_402' title='bbox 518 3695 880 3764; x_wconf 78' lang='grc' dir='ltr'>προσκυνοῦσι</span> <span class='ocrx_word' id='word_1_403' title='bbox 940 3698 1030 3751; x_wconf 81' lang='grc' dir='ltr'><strong>τὸν</strong></span> <span class='ocrx_word' id='word_1_404' title='bbox 1086 3699 1173 3752; x_wconf 76' lang='grc' dir='ltr'><strong>διὰ</strong></span> <span class='ocrx_word' id='word_1_405' title='bbox 1227 3704 1431 3755; x_wconf 79' lang='grc' dir='ltr'>τούτων</span> <span class='ocrx_word' id='word_1_406' title='bbox 1486 3704 1770 3774; x_wconf 88' lang='grc' dir='ltr'>νοούμενον</span> <span class='ocrx_word' id='word_1_407' title='bbox 1798 3722 1811 3734; x_wconf 86' lang='grc'><em>’</em></span> <span class='ocrx_word' id='word_1_408' title='bbox 1866 3707 1981 3760; x_wconf 80' lang='grc' dir='ltr'>ἀλλ’</span> 
     </span>
    </p>
   </div>
   <div class='ocr_carea' id='block_1_53' title="bbox 403 3786 1984 3869">
    <p class='ocr_par' dir='ltr' id='par_1_53' title="bbox 403 3786 1984 3869">
     <span class='ocr_line' id='line_1_53' title="bbox 403 3786 1984 3869; baseline 0.01 -33"><span class='ocrx_word' id='word_1_409' title='bbox 403 3786 740 3856; x_wconf 78' lang='grc' dir='ltr'>ὑπερϐάντες</span> <span class='ocrx_word' id='word_1_410' title='bbox 781 3787 842 3840; x_wconf 83' lang='grc' dir='ltr'>τὸ</span> <span class='ocrx_word' id='word_1_411' title='bbox 864 3792 1109 3861; x_wconf 81' lang='grc' dir='ltr'>χωρητὸν</span> <span class='ocrx_word' id='word_1_412' title='bbox 1140 3795 1204 3863; x_wconf 79' lang='grc' dir='ltr'>τῇ</span> <span class='ocrx_word' id='word_1_413' title='bbox 1238 3792 1403 3864; x_wconf 81' lang='grc' dir='ltr'>ψυχῇ,</span> <span class='ocrx_word' id='word_1_414' title='bbox 1431 3798 1550 3858; x_wconf 86' lang='grc' dir='ltr'>ταῖς</span> <span class='ocrx_word' id='word_1_415' title='bbox 1578 3797 1686 3849; x_wconf 88' lang='grc' dir='ltr'><strong>τῶν</strong></span> <span class='ocrx_word' id='word_1_416' title='bbox 1717 3798 1984 3869; x_wconf 82' lang='grc' dir='ltr'>σοφισμά-</span> 
     </span>
    </p>
   </div>
   <div class='ocr_carea' id='block_1_54' title="bbox 402 3875 1984 3959">
    <p class='ocr_par' dir='ltr' id='par_1_54' title="bbox 402 3875 1984 3959">
     <span class='ocr_line' id='line_1_54' title="bbox 402 3875 1984 3959; baseline 0.011 -34"><span class='ocrx_word' id='word_1_417' title='bbox 402 3892 511 3926; x_wconf 85' lang='grc' dir='ltr'><strong>των</strong></span> <span class='ocrx_word' id='word_1_418' title='bbox 545 3875 737 3941; x_wconf 86' lang='grc' dir='ltr'>λαϐαῖς</span> <span class='ocrx_word' id='word_1_419' title='bbox 757 3878 853 3931; x_wconf 87' lang='grc' dir='ltr'><strong>τοῦ</strong></span> <span class='ocrx_word' id='word_1_420' title='bbox 883 3881 1121 3950; x_wconf 76' lang='grc' dir='ltr'>ἀναφοῦς</span> <span class='ocrx_word' id='word_1_421' title='bbox 1152 3884 1622 3955; x_wconf 85' lang='grc' dir='ltr'>περιδράσσονται,</span> <span class='ocrx_word' id='word_1_422' title='bbox 1652 3888 1746 3941; x_wconf 79' lang='grc' dir='ltr'><strong>καὶ</strong></span> <span class='ocrx_word' id='word_1_423' title='bbox 1762 3892 1984 3959; x_wconf 83' lang='grc' dir='ltr'>κρατεῖν</span> 
     </span>
    </p>
   </div>
   <div class='ocr_carea' id='block_1_55' title="bbox 403 3967 1988 4052">
    <p class='ocr_par' dir='ltr' id='par_1_55' title="bbox 403 3967 1988 4052">
     <span class='ocr_line' id='line_1_55' title="bbox 403 3967 1988 4052; baseline 0.011 -33"><span class='ocrx_word' id='word_1_424' title='bbox 403 3967 609 4020; x_wconf 79' lang='grc' dir='ltr'>οἴονται</span> <span class='ocrx_word' id='word_1_425' title='bbox 647 3968 736 4023; x_wconf 72' lang='grc' dir='ltr'>διὰ</span> <span class='ocrx_word' id='word_1_426' title='bbox 759 3970 865 4023; x_wconf 86' lang='grc' dir='ltr'><strong>τῶν</strong></span> <span class='ocrx_word' id='word_1_427' title='bbox 898 3973 1272 4046; x_wconf 87' lang='grc' dir='ltr'>συλλογισμῶν</span> <span class='ocrx_word' id='word_1_428' title='bbox 1302 3976 1444 4047; x_wconf 78' lang='grc' dir='ltr'>άπερ</span> <span class='ocrx_word' id='word_1_429' title='bbox 1470 3977 1673 4031; x_wconf 77' lang='grc' dir='ltr'>οἴονται</span> <span class='ocrx_word' id='word_1_430' title='bbox 1692 3996 1706 4010; x_wconf 74' lang='grc' dir='ltr'><strong>ο</strong></span> <span class='ocrx_word' id='word_1_431' title='bbox 1746 3979 1988 4052; x_wconf 72' lang='grc' dir='ltr'>διασχόνο</span> 
     </span>
    </p>
   </div>
   <div class='ocr_carea' id='block_1_56' title="bbox 404 4056 1988 4140">
    <p class='ocr_par' dir='ltr' id='par_1_56' title="bbox 404 4056 1988 4140">
     <span class='ocr_line' id='line_1_56' title="bbox 404 4056 1988 4140; baseline 0.01 -32"><span class='ocrx_word' id='word_1_432' title='bbox 404 4073 496 4121; x_wconf 83' lang='grc' dir='ltr'><strong>τος</strong></span> <span class='ocrx_word' id='word_1_433' title='bbox 522 4057 577 4110; x_wconf 72' lang='grc' dir='ltr'>δὲ</span> <span class='ocrx_word' id='word_1_434' title='bbox 604 4056 698 4109; x_wconf 88' lang='grc' dir='ltr'><strong>τοῦ</strong></span> <span class='ocrx_word' id='word_1_435' title='bbox 724 4058 884 4128; x_wconf 81' lang='grc' dir='ltr'>λόγου</span> <span class='ocrx_word' id='word_1_436' title='bbox 923 4063 1015 4115; x_wconf 71' lang='grc' dir='ltr'><strong>καὶ</strong></span> <span class='ocrx_word' id='word_1_437' title='bbox 1047 4063 1436 4129; x_wconf 84' lang='grc' dir='ltr'>διαπτύξαντος</span> <span class='ocrx_word' id='word_1_438' title='bbox 1456 4068 1555 4135; x_wconf 84' lang='grc' dir='ltr'><strong>τὴν</strong></span> <span class='ocrx_word' id='word_1_439' title='bbox 1584 4067 1694 4120; x_wconf 87' lang='grc' dir='ltr'>τῶν</span> <span class='ocrx_word' id='word_1_440' title='bbox 1721 4071 1988 4140; x_wconf 86' lang='grc' dir='ltr'>σοφισμά-</span> 
     </span>
    </p>
   </div>
   <div class='ocr_carea' id='block_1_57' title="bbox 404 4143 1991 4230">
    <p class='ocr_par' dir='ltr' id='par_1_57' title="bbox 404 4143 1991 4230">
     <span class='ocr_line' id='line_1_57' title="bbox 404 4143 1991 4230; baseline 0.011 -35"><span class='ocrx_word' id='word_1_441' title='bbox 404 4160 513 4196; x_wconf 82' lang='grc' dir='ltr'><strong>των</strong></span> <span class='ocrx_word' id='word_1_442' title='bbox 556 4143 772 4216; x_wconf 82' lang='grc' dir='ltr'>πλοκὴν,</span> <span class='ocrx_word' id='word_1_443' title='bbox 811 4149 1122 4219; x_wconf 80' lang='grc' dir='ltr'>εὑρίσκεται</span> <span class='ocrx_word' id='word_1_444' title='bbox 1146 4155 1254 4215; x_wconf 86' lang='grc' dir='ltr'>τοῖς</span> <span class='ocrx_word' id='word_1_445' title='bbox 1287 4153 1410 4206; x_wconf 88' lang='grc' dir='ltr'>νοῦν</span> <span class='ocrx_word' id='word_1_446' title='bbox 1438 4154 1619 4225; x_wconf 77' lang='grc' dir='ltr'>ἔχουσι</span> <span class='ocrx_word' id='word_1_447' title='bbox 1648 4157 1709 4210; x_wconf 85' lang='grc' dir='ltr'><strong>τὸ</strong></span> <span class='ocrx_word' id='word_1_448' title='bbox 1729 4159 1991 4230; x_wconf 85' lang='grc' dir='ltr'>ἀπειλημ-</span> 
     </span>
    </p>
   </div>
   <div class='ocr_carea' id='block_1_58' title="bbox 410 4236 1987 4319">
    <p class='ocr_par' dir='ltr' id='par_1_58' title="bbox 410 4236 1987 4319">
     <span class='ocr_line' id='line_1_58' title="bbox 410 4236 1987 4319; baseline 0.013 -34"><span class='ocrx_word' id='word_1_449' title='bbox 410 4236 569 4304; x_wconf 77' lang='grc' dir='ltr'>μένον</span> <span class='ocrx_word' id='word_1_450' title='bbox 631 4237 813 4290; x_wconf 74' lang='grc' dir='ltr'>οὐδέν’</span> <span class='ocrx_word' id='word_1_451' title='bbox 868 4238 1010 4295; x_wconf 71' lang='grc' dir='ltr'>οὕτω</span> <span class='ocrx_word' id='word_1_452' title='bbox 1044 4247 1439 4317; x_wconf 81' lang='grc' dir='ltr'>μικροπρεπῶς</span> <span class='ocrx_word' id='word_1_453' title='bbox 1472 4265 1529 4299; x_wconf 92' lang='grc' dir='ltr'><strong>τε</strong></span> <span class='ocrx_word' id='word_1_454' title='bbox 1575 4250 1668 4302; x_wconf 77' lang='grc' dir='ltr'><strong>καὶ</strong></span> <span class='ocrx_word' id='word_1_455' title='bbox 1713 4249 1987 4319; x_wconf 80' lang='grc' dir='ltr'>βρεφικῶς</span> 
     </span>
    </p>
   </div>
   <div class='ocr_carea' id='block_1_59' title="bbox 408 4329 1991 4415">
    <p class='ocr_par' dir='ltr' id='par_1_59' title="bbox 408 4329 1991 4415">
     <span class='ocr_line' id='line_1_59' title="bbox 408 4329 1991 4415; baseline 0.013 -38"><span class='ocrx_word' id='word_1_456' title='bbox 408 4330 519 4390; x_wconf 84' lang='grc' dir='ltr'>τοῖς</span> <span class='ocrx_word' id='word_1_457' title='bbox 563 4329 863 4400; x_wconf 83' lang='grc' dir='ltr'>ἀμηχάνοις</span> <span class='ocrx_word' id='word_1_458' title='bbox 916 4333 1402 4404; x_wconf 78' lang='grc' dir='ltr'>ὲμματαιάζοντες,</span> <span class='ocrx_word' id='word_1_459' title='bbox 1451 4334 1563 4392; x_wconf 78' lang='grc' dir='ltr'>οἷόν</span> <span class='ocrx_word' id='word_1_460' title='bbox 1601 4357 1708 4395; x_wconf 83' lang='grc' dir='ltr'>τινι</span> <span class='ocrx_word' id='word_1_461' title='bbox 1763 4342 1991 4415; x_wconf 79' lang='grc' dir='ltr'>παλάμῃ</span> 
     </span>
    </p>
   </div>
   <div class='ocr_carea' id='block_1_60' title="bbox 410 4419 1989 4503">
    <p class='ocr_par' dir='ltr' id='par_1_60' title="bbox 410 4419 1989 4503">
     <span class='ocr_line' id='line_1_60' title="bbox 410 4419 1989 4503; baseline 0.011 -33"><span class='ocrx_word' id='word_1_462' title='bbox 410 4419 633 4491; x_wconf 74' lang='grc' dir='ltr'>παιδικῇ</span> <span class='ocrx_word' id='word_1_463' title='bbox 667 4422 764 4493; x_wconf 85' lang='grc' dir='ltr'><strong>τὴν</strong></span> <span class='ocrx_word' id='word_1_464' title='bbox 795 4424 1150 4497; x_wconf 86' lang='grc' dir='ltr'>ἁπερινόητον</span> <span class='ocrx_word' id='word_1_465' title='bbox 1172 4427 1265 4481; x_wconf 87' lang='grc' dir='ltr'><strong>τοῦ</strong></span> <span class='ocrx_word' id='word_1_466' title='bbox 1291 4428 1425 4483; x_wconf 82' lang='grc' dir='ltr'>Θεοῦ</span> <span class='ocrx_word' id='word_1_467' title='bbox 1454 4430 1614 4500; x_wconf 84' lang='grc' dir='ltr'>φύσιν</span> <span class='ocrx_word' id='word_1_468' title='bbox 1636 4434 1754 4496; x_wconf 85' lang='grc' dir='ltr'>ταῖς</span> <span class='ocrx_word' id='word_1_469' title='bbox 1780 4434 1989 4503; x_wconf 84' lang='grc' dir='ltr'>ὀλίγαις</span> 
     </span>
    </p>
   </div>
   <div class='ocr_carea' id='block_1_61' title="bbox 413 4513 1987 4595">
    <p class='ocr_par' dir='ltr' id='par_1_61' title="bbox 413 4513 1987 4595">
     <span class='ocr_line' id='line_1_61' title="bbox 413 4513 1987 4595; baseline 0.01 -31"><span class='ocrx_word' id='word_1_470' title='bbox 413 4513 700 4578; x_wconf 86' lang='grc' dir='ltr'>συλλαϐαῖς</span> <span class='ocrx_word' id='word_1_471' title='bbox 722 4516 822 4586; x_wconf 82' lang='grc' dir='ltr'>τῆς</span> <span class='ocrx_word' id='word_1_472' title='bbox 856 4517 1054 4590; x_wconf 80' lang='grc' dir='ltr'>ἀγεννη</span> <span class='ocrx_word' id='word_1_473' title='bbox 1064 4521 1181 4583; x_wconf 83' lang='grc' dir='ltr'>σίας</span> <span class='ocrx_word' id='word_1_474' title='bbox 1200 4523 1626 4588; x_wconf 81' lang='grc' dir='ltr'>ἐναποκλείουσι,</span> <span class='ocrx_word' id='word_1_475' title='bbox 1646 4527 1739 4579; x_wconf 71' lang='grc' dir='ltr'><strong>καὶ</strong></span> <span class='ocrx_word' id='word_1_476' title='bbox 1758 4544 1987 4595; x_wconf 86' lang='grc' dir='ltr'>συναγο-</span> 
     </span>
    </p>
   </div>
   <div class='ocr_carea' id='block_1_62' title="bbox 2066 1964 3647 2035">
    <p class='ocr_par' dir='ltr' id='par_1_62' title="bbox 2066 1964 3647 2035">
     <span class='ocr_line' id='line_1_62' title="bbox 2066 1964 3647 2035; baseline -0.005 -9"><span class='ocrx_word' id='word_1_477' title='bbox 2066 1969 2379 2033; x_wconf 86' lang='lat' dir='ltr'><strong>constituit,</strong></span> <span class='ocrx_word' id='word_1_478' title='bbox 2414 1969 2468 2022; x_wconf 91' lang='lat' dir='ltr'><strong>in</strong></span> <span class='ocrx_word' id='word_1_479' title='bbox 2500 1975 2689 2029; x_wconf 77' lang='lat' dir='ltr'><strong>nostra</strong></span> <span class='ocrx_word' id='word_1_480' title='bbox 2722 1964 3210 2035; x_wconf 83' lang='lat' dir='ltr'><strong>comprehensione</strong></span> <span class='ocrx_word' id='word_1_481' title='bbox 3234 1964 3647 2025; x_wconf 72' lang='lat' dir='ltr'><strong>contineretur?</strong></span> 
     </span>
    </p>
   </div>
   <div class='ocr_carea' id='block_1_63' title="bbox 2067 2054 3639 2127">
    <p class='ocr_par' dir='ltr' id='par_1_63' title="bbox 2067 2054 3639 2127">
     <span class='ocr_line' id='line_1_63' title="bbox 2067 2054 3639 2127; baseline -0.003 -11"><span class='ocrx_word' id='word_1_482' title='bbox 2067 2062 2298 2116; x_wconf 82' lang='lat' dir='ltr'><strong>Vanitas</strong></span> <span class='ocrx_word' id='word_1_483' title='bbox 2342 2061 2456 2114; x_wconf 64' lang='lat' dir='ltr'><strong>haec</strong></span> <span class='ocrx_word' id='word_1_484' title='bbox 2486 2067 2541 2114; x_wconf 84' lang='lat' dir='ltr'><strong>et</strong></span> <span class='ocrx_word' id='word_1_485' title='bbox 2571 2058 2726 2113; x_wconf 82' lang='lat' dir='ltr'><strong>furor</strong></span> <span class='ocrx_word' id='word_1_486' title='bbox 2762 2055 2937 2111; x_wconf 80' lang='lat' dir='ltr'><strong>falsus</strong></span> <span class='ocrx_word' id='word_1_487' title='bbox 2974 2097 2990 2121; x_wconf 96' lang='lat'><strong>,</strong></span> <span class='ocrx_word' id='word_1_488' title='bbox 3019 2055 3163 2111; x_wconf 89' lang='lat' dir='ltr'><strong>sicut</strong></span> <span class='ocrx_word' id='word_1_489' title='bbox 3209 2055 3287 2110; x_wconf 85' lang='lat' dir='ltr'><strong>ait</strong></span> <span class='ocrx_word' id='word_1_490' title='bbox 3336 2054 3639 2127; x_wconf 84' lang='lat' dir='ltr'><strong>Propheta.</strong></span> 
     </span>
    </p>
   </div>
   <div class='ocr_carea' id='block_1_64' title="bbox 2070 2146 3647 2223">
    <p class='ocr_par' dir='ltr' id='par_1_64' title="bbox 2070 2146 3647 2223">
     <span class='ocr_line' id='line_1_64' title="bbox 2070 2146 3647 2223; baseline -0.003 -17"><span class='ocrx_word' id='word_1_491' title='bbox 2070 2162 2262 2223; x_wconf 87' lang='lat' dir='ltr'><strong>putare</strong></span> <span class='ocrx_word' id='word_1_492' title='bbox 2286 2147 2924 2221; x_wconf 78' lang='lat' dir='ltr'><strong>incompreliensibilium</strong></span> <span class='ocrx_word' id='word_1_493' title='bbox 2942 2146 3309 2217; x_wconf 80' lang='lat' dir='ltr'><strong>cognitionem</strong></span> <span class='ocrx_word' id='word_1_494' title='bbox 3332 2148 3497 2202; x_wconf 86' lang='lat' dir='ltr'><strong>alicui</strong></span> <span class='ocrx_word' id='word_1_495' title='bbox 3521 2162 3647 2203; x_wconf 90' lang='lat' dir='ltr'><strong>con-</strong></span> 
     </span>
    </p>
   </div>
   <div class='ocr_carea' id='block_1_65' title="bbox 2069 2234 3647 2307">
    <p class='ocr_par' dir='ltr' id='par_1_65' title="bbox 2069 2234 3647 2307">
     <span class='ocr_line' id='line_1_65' title="bbox 2069 2234 3647 2307; baseline -0.003 -14"><span class='ocrx_word' id='word_1_496' title='bbox 2069 2254 2282 2294; x_wconf 78' lang='lat' dir='ltr'><strong>cessam</strong></span> <span class='ocrx_word' id='word_1_497' title='bbox 2347 2252 2493 2292; x_wconf 90' lang='lat' dir='ltr'><strong>esse.</strong></span> <span class='ocrx_word' id='word_1_498' title='bbox 2553 2236 2645 2291; x_wconf 90' lang='lat' dir='ltr'><strong>Sic</strong></span> <span class='ocrx_word' id='word_1_499' title='bbox 2700 2235 2887 2290; x_wconf 87' lang='lat' dir='ltr'><strong>videre</strong></span> <span class='ocrx_word' id='word_1_500' title='bbox 2940 2234 3067 2289; x_wconf 90' lang='lat' dir='ltr'><strong>licet</strong></span> <span class='ocrx_word' id='word_1_501' title='bbox 3130 2236 3389 2305; x_wconf 86' lang='lat' dir='ltr'><strong>parvulos</strong></span> <span class='ocrx_word' id='word_1_502' title='bbox 3423 2244 3647 2307; x_wconf 86' lang='lat' dir='ltr'><strong>pr0pter</strong></span> 
     </span>
    </p>
   </div>
   <div class='ocr_carea' id='block_1_66' title="bbox 2069 2324 3645 2400">
    <p class='ocr_par' dir='ltr' id='par_1_66' title="bbox 2069 2324 3645 2400">
     <span class='ocr_line' id='line_1_66' title="bbox 2069 2324 3645 2400; baseline -0.003 -17"><span class='ocrx_word' id='word_1_503' title='bbox 2069 2329 2248 2385; x_wconf 73' lang='lat' dir='ltr'><strong>aetatis</strong></span> <span class='ocrx_word' id='word_1_504' title='bbox 2266 2328 2500 2400; x_wconf 84' lang='lat' dir='ltr'><strong>puerilis</strong></span> <span class='ocrx_word' id='word_1_505' title='bbox 2520 2325 2888 2395; x_wconf 81' lang='lat' dir='ltr'><strong>ignorantiam</strong></span> <span class='ocrx_word' id='word_1_506' title='bbox 2908 2324 3096 2380; x_wconf 88' lang='lat' dir='ltr'><strong>ludere</strong></span> <span class='ocrx_word' id='word_1_507' title='bbox 3115 2325 3282 2383; x_wconf 85' lang='lat' dir='ltr'><strong>simul</strong></span> <span class='ocrx_word' id='word_1_508' title='bbox 3304 2334 3358 2380; x_wconf 91' lang='lat' dir='ltr'><strong>et</strong></span> <span class='ocrx_word' id='word_1_509' title='bbox 3381 2326 3603 2381; x_wconf 82' lang='lat' dir='ltr'><strong>studere</strong></span> <span class='ocrx_word' id='word_1_510' title='bbox 3628 2341 3645 2379; x_wconf 89' lang='lat'><strong><em>:</em></strong></span> 
     </span>
    </p>
   </div>
   <div class='ocr_carea' id='block_1_67' title="bbox 2071 2414 3648 2492">
    <p class='ocr_par' dir='ltr' id='par_1_67' title="bbox 2071 2414 3648 2492">
     <span class='ocr_line' id='line_1_67' title="bbox 2071 2414 3648 2492; baseline -0.004 -16"><span class='ocrx_word' id='word_1_511' title='bbox 2071 2436 2215 2492; x_wconf 65' lang='lat' dir='ltr'><strong>saepe</strong></span> <span class='ocrx_word' id='word_1_512' title='bbox 2266 2420 2415 2476; x_wconf 92' lang='lat' dir='ltr'><strong>enim</strong></span> <span class='ocrx_word' id='word_1_513' title='bbox 2447 2418 2602 2473; x_wconf 86' lang='lat' dir='ltr'><strong>radio</strong></span> <span class='ocrx_word' id='word_1_514' title='bbox 2633 2416 2799 2473; x_wconf 91' lang='lat' dir='ltr'><strong>solari</strong></span> <span class='ocrx_word' id='word_1_515' title='bbox 2836 2432 2929 2486; x_wconf 89' lang='lat' dir='ltr'><strong>per</strong></span> <span class='ocrx_word' id='word_1_516' title='bbox 2959 2414 3256 2471; x_wconf 81' lang='lat' dir='ltr'><strong>fenestram</strong></span> <span class='ocrx_word' id='word_1_517' title='bbox 3289 2417 3359 2471; x_wconf 88' lang='lat' dir='ltr'><strong>ad</strong></span> <span class='ocrx_word' id='word_1_518' title='bbox 3396 2416 3523 2471; x_wconf 88' lang='lat' dir='ltr'><strong>illos</strong></span> <span class='ocrx_word' id='word_1_519' title='bbox 3556 2415 3648 2470; x_wconf 79' lang='lat' dir='ltr'><strong>in—</strong></span> 
     </span>
    </p>
   </div>
   <div class='ocr_carea' id='block_1_68' title="bbox 2071 2506 3650 2579">
    <p class='ocr_par' dir='ltr' id='par_1_68' title="bbox 2071 2506 3650 2579">
     <span class='ocr_line' id='line_1_68' title="bbox 2071 2506 3650 2579; baseline -0.004 -13"><span class='ocrx_word' id='word_1_520' title='bbox 2071 2512 2292 2574; x_wconf 79' lang='lat' dir='ltr'><strong>ﬂuente,</strong></span> <span class='ocrx_word' id='word_1_521' title='bbox 2345 2509 2599 2565; x_wconf 84' lang='lat' dir='ltr'><strong>delectati</strong></span> <span class='ocrx_word' id='word_1_522' title='bbox 2648 2507 3076 2579; x_wconf 86' lang='lat' dir='ltr'><strong>pulchritudine,</strong></span> <span class='ocrx_word' id='word_1_523' title='bbox 3129 2507 3197 2562; x_wconf 90' lang='lat' dir='ltr'><strong>ad</strong></span> <span class='ocrx_word' id='word_1_524' title='bbox 3245 2507 3299 2562; x_wconf 89' lang='lat' dir='ltr'><strong>id</strong></span> <span class='ocrx_word' id='word_1_525' title='bbox 3348 2506 3496 2578; x_wconf 84' lang='lat' dir='ltr'><strong>quod</strong></span> <span class='ocrx_word' id='word_1_526' title='bbox 3550 2522 3650 2577; x_wconf 86' lang='lat' dir='ltr'><strong>ap-</strong></span> 
     </span>
    </p>
   </div>
   <div class='ocr_carea' id='block_1_69' title="bbox 2074 2596 3648 2677">
    <p class='ocr_par' dir='ltr' id='par_1_69' title="bbox 2074 2596 3648 2677">
     <span class='ocr_line' id='line_1_69' title="bbox 2074 2596 3648 2677; baseline -0.006 -18"><span class='ocrx_word' id='word_1_527' title='bbox 2074 2611 2229 2677; x_wconf 75' lang='lat' dir='ltr'><strong>paret</strong></span> <span class='ocrx_word' id='word_1_528' title='bbox 2262 2609 2416 2668; x_wconf 83' lang='lat' dir='ltr'><strong>eunt,</strong></span> <span class='ocrx_word' id='word_1_529' title='bbox 2461 2611 2516 2657; x_wconf 91' lang='lat' dir='ltr'><strong>et</strong></span> <span class='ocrx_word' id='word_1_530' title='bbox 2544 2615 2709 2654; x_wconf 87' lang='lat' dir='ltr'><strong>manu</strong></span> <span class='ocrx_word' id='word_1_531' title='bbox 2769 2597 2981 2653; x_wconf 88' lang='lat' dir='ltr'><strong>radium</strong></span> <span class='ocrx_word' id='word_1_532' title='bbox 3010 2596 3156 2653; x_wconf 76' lang='lat' dir='ltr'><strong>ferre</strong></span> <span class='ocrx_word' id='word_1_533' title='bbox 3201 2598 3563 2661; x_wconf 90' lang='lat' dir='ltr'><strong>contendunt,</strong></span> <span class='ocrx_word' id='word_1_534' title='bbox 3591 2607 3648 2653; x_wconf 88' lang='lat' dir='ltr'><strong>et</strong></span> 
     </span>
    </p>
   </div>
   <div class='ocr_carea' id='block_1_70' title="bbox 2073 2689 3652 2763">
    <p class='ocr_par' dir='ltr' id='par_1_70' title="bbox 2073 2689 3652 2763">
     <span class='ocr_line' id='line_1_70' title="bbox 2073 2689 3652 2763; baseline -0.003 -13"><span class='ocrx_word' id='word_1_535' title='bbox 2073 2698 2217 2751; x_wconf 88' lang='lat' dir='ltr'><strong>inter</strong></span> <span class='ocrx_word' id='word_1_536' title='bbox 2290 2709 2351 2749; x_wconf 89' lang='lat' dir='ltr'><strong>se</strong></span> <span class='ocrx_word' id='word_1_537' title='bbox 2415 2703 2678 2763; x_wconf 75' lang='lat' dir='ltr'><strong>pugnant,</strong></span> <span class='ocrx_word' id='word_1_538' title='bbox 2727 2698 2890 2760; x_wconf 83' lang='lat' dir='ltr'><strong>atque</strong></span> <span class='ocrx_word' id='word_1_539' title='bbox 2938 2689 3233 2760; x_wconf 81' lang='lat' dir='ltr'><strong>digitorum</strong></span> <span class='ocrx_word' id='word_1_540' title='bbox 3290 2705 3457 2753; x_wconf 76' lang='lat' dir='ltr'><strong>nexu,</strong></span> <span class='ocrx_word' id='word_1_541' title='bbox 3506 2690 3652 2746; x_wconf 88' lang='lat' dir='ltr'><strong>sicut</strong></span> 
     </span>
    </p>
   </div>
   <div class='ocr_carea' id='block_1_71' title="bbox 2074 2780 3650 2859">
    <p class='ocr_par' dir='ltr' id='par_1_71' title="bbox 2074 2780 3650 2859">
     <span class='ocr_line' id='line_1_71' title="bbox 2074 2780 3650 2859; baseline -0.004 -16"><span class='ocrx_word' id='word_1_542' title='bbox 2074 2796 2289 2859; x_wconf 87' lang='lat' dir='ltr'><strong>putant,</strong></span> <span class='ocrx_word' id='word_1_543' title='bbox 2349 2786 2489 2841; x_wconf 90' lang='lat' dir='ltr'><strong>lucis</strong></span> <span class='ocrx_word' id='word_1_544' title='bbox 2522 2783 2787 2854; x_wconf 80' lang='lat' dir='ltr'><strong>fulgorem</strong></span> <span class='ocrx_word' id='word_1_545' title='bbox 2843 2783 3109 2853; x_wconf 84' lang='lat' dir='ltr'><strong>illigatum</strong></span> <span class='ocrx_word' id='word_1_546' title='bbox 3151 2780 3399 2852; x_wconf 83' lang='lat' dir='ltr'><strong>undique</strong></span> <span class='ocrx_word' id='word_1_547' title='bbox 3455 2797 3650 2853; x_wconf 89' lang='lat' dir='ltr'><strong>appre-</strong></span> 
     </span>
    </p>
   </div>
   <div class='ocr_carea' id='block_1_72' title="bbox 2076 2873 3650 2944">
    <p class='ocr_par' dir='ltr' id='par_1_72' title="bbox 2076 2873 3650 2944">
     <span class='ocr_line' id='line_1_72' title="bbox 2076 2873 3650 2944; baseline -0.003 -12"><span class='ocrx_word' id='word_1_548' title='bbox 2076 2879 2344 2941; x_wconf 78' lang='lat' dir='ltr'><strong>liendunt,</strong></span> <span class='ocrx_word' id='word_1_549' title='bbox 2380 2875 2475 2931; x_wconf 88' lang='lat' dir='ltr'><strong>sed</strong></span> <span class='ocrx_word' id='word_1_550' title='bbox 2502 2874 2803 2944; x_wconf 80' lang='lat' dir='ltr'><strong>digitorum</strong></span> <span class='ocrx_word' id='word_1_551' title='bbox 2829 2873 3101 2928; x_wconf 89' lang='lat' dir='ltr'><strong>dissoluto</strong></span> <span class='ocrx_word' id='word_1_552' title='bbox 3124 2875 3438 2943; x_wconf 81' lang='lat' dir='ltr'><strong>complexu,</strong></span> <span class='ocrx_word' id='word_1_553' title='bbox 3477 2876 3650 2928; x_wconf 89' lang='lat' dir='ltr'><strong>risum</strong></span> 
     </span>
    </p>
   </div>
   <div class='ocr_carea' id='block_1_73' title="bbox 2074 2964 3652 3039">
    <p class='ocr_par' dir='ltr' id='par_1_73' title="bbox 2074 2964 3652 3039">
     <span class='ocr_line' id='line_1_73' title="bbox 2074 2964 3652 3039; baseline -0.004 -14"><span class='ocrx_word' id='word_1_554' title='bbox 2074 2981 2130 3025; x_wconf 87' lang='lat' dir='ltr'><strong>et</strong></span> <span class='ocrx_word' id='word_1_555' title='bbox 2172 2970 2425 3039; x_wconf 85' lang='lat' dir='ltr'><strong>plausum</strong></span> <span class='ocrx_word' id='word_1_556' title='bbox 2462 2965 2707 3038; x_wconf 86' lang='lat' dir='ltr'><strong>parvulis</strong></span> <span class='ocrx_word' id='word_1_557' title='bbox 2738 2966 2922 3020; x_wconf 80' lang='lat' dir='ltr'><strong>facere</strong></span> <span class='ocrx_word' id='word_1_558' title='bbox 2951 2964 3169 3020; x_wconf 89' lang='lat' dir='ltr'><strong>videtur</strong></span> <span class='ocrx_word' id='word_1_559' title='bbox 3195 2980 3227 3020; x_wconf 92' lang='lat' dir='ltr'><strong>e</strong></span> <span class='ocrx_word' id='word_1_560' title='bbox 3259 2966 3515 3021; x_wconf 88' lang='lat' dir='ltr'><strong>manibus</strong></span> <span class='ocrx_word' id='word_1_561' title='bbox 3542 2965 3652 3020; x_wconf 80' lang='lat' dir='ltr'><strong>dif-</strong></span> 
     </span>
    </p>
   </div>
   <div class='ocr_carea' id='block_1_74' title="bbox 2076 3055 3643 3129">
    <p class='ocr_par' dir='ltr' id='par_1_74' title="bbox 2076 3055 3643 3129">
     <span class='ocr_line' id='line_1_74' title="bbox 2076 3055 3643 3129; baseline -0.004 -13"><span class='ocrx_word' id='word_1_562' title='bbox 2076 3062 2251 3118; x_wconf 81' lang='lat' dir='ltr'><strong>ﬂuens</strong></span> <span class='ocrx_word' id='word_1_563' title='bbox 2277 3059 2418 3114; x_wconf 86' lang='lat' dir='ltr'><strong>radii</strong></span> <span class='ocrx_word' id='word_1_564' title='bbox 2440 3058 2638 3129; x_wconf 86' lang='lat' dir='ltr'><strong>captio.</strong></span> <span class='ocrx_word' id='word_1_565' title='bbox 2674 3055 2767 3112; x_wconf 89' lang='lat' dir='ltr'><strong>Sic</strong></span> <span class='ocrx_word' id='word_1_566' title='bbox 2785 3066 2988 3113; x_wconf 61' lang='lat' dir='ltr'><strong>nostra;</strong></span> <span class='ocrx_word' id='word_1_567' title='bbox 3004 3056 3376 3129; x_wconf 84' lang='lat' dir='ltr'><strong>generationis</strong></span> <span class='ocrx_word' id='word_1_568' title='bbox 3406 3056 3643 3125; x_wconf 85' lang='lat' dir='ltr'><strong>parvuli,</strong></span> 
     </span>
    </p>
   </div>
   <div class='ocr_carea' id='block_1_75' title="bbox 2078 3147 3647 3222">
    <p class='ocr_par' dir='ltr' id='par_1_75' title="bbox 2078 3147 3647 3222">
     <span class='ocr_line' id='line_1_75' title="bbox 2078 3147 3647 3222; baseline -0.005 -13"><span class='ocrx_word' id='word_1_569' title='bbox 2078 3156 2222 3209; x_wconf 83' lang='lat' dir='ltr'><strong>sicut</strong></span> <span class='ocrx_word' id='word_1_570' title='bbox 2247 3151 2425 3222; x_wconf 90' lang='lat' dir='ltr'><strong>inquit</strong></span> <span class='ocrx_word' id='word_1_571' title='bbox 2460 3149 2742 3220; x_wconf 87' lang='lat' dir='ltr'><strong>parabola,</strong></span> <span class='ocrx_word' id='word_1_572' title='bbox 2781 3150 2836 3203; x_wconf 89' lang='lat' dir='ltr'><strong>in</strong></span> <span class='ocrx_word' id='word_1_573' title='bbox 2866 3148 3001 3204; x_wconf 81' lang='lat' dir='ltr'><strong>foris</strong></span> <span class='ocrx_word' id='word_1_574' title='bbox 3032 3147 3380 3203; x_wconf 88' lang='lat' dir='ltr'><strong>considentes</strong></span> <span class='ocrx_word' id='word_1_575' title='bbox 3415 3147 3647 3202; x_wconf 85' lang='lat' dir='ltr'><strong>ludunt:</strong></span> 
     </span>
    </p>
   </div>
   <div class='ocr_carea' id='block_1_76' title="bbox 2080 3238 3657 3315">
    <p class='ocr_par' dir='ltr' id='par_1_76' title="bbox 2080 3238 3657 3315">
     <span class='ocr_line' id='line_1_76' title="bbox 2080 3238 3657 3315; baseline -0.003 -16"><span class='ocrx_word' id='word_1_576' title='bbox 2080 3245 2177 3315; x_wconf 85' lang='lat' dir='ltr'><strong>qui</strong></span> <span class='ocrx_word' id='word_1_577' title='bbox 2224 3243 2467 3298; x_wconf 88' lang='lat' dir='ltr'><strong>divinam</strong></span> <span class='ocrx_word' id='word_1_578' title='bbox 2514 3241 2814 3311; x_wconf 88' lang='lat' dir='ltr'><strong>potentiam</strong></span> <span class='ocrx_word' id='word_1_579' title='bbox 2863 3255 2963 3311; x_wconf 90' lang='lat' dir='ltr'><strong>per</strong></span> <span class='ocrx_word' id='word_1_580' title='bbox 2997 3238 3365 3295; x_wconf 69' lang='lat' dir='ltr'><strong>Providentia:</strong></span> <span class='ocrx_word' id='word_1_581' title='bbox 3415 3240 3657 3294; x_wconf 85' lang='lat' dir='ltr'><strong>rationes</strong></span> 
     </span>
    </p>
   </div>
   <div class='ocr_carea' id='block_1_77' title="bbox 2082 3327 3655 3393">
    <p class='ocr_par' dir='ltr' id='par_1_77' title="bbox 2082 3327 3655 3393">
     <span class='ocr_line' id='line_1_77' title="bbox 2082 3327 3655 3393; baseline -0.006 -3"><span class='ocrx_word' id='word_1_582' title='bbox 2082 3342 2137 3390; x_wconf 88' lang='lat' dir='ltr'><strong>et</strong></span> <span class='ocrx_word' id='word_1_583' title='bbox 2192 3332 2456 3387; x_wconf 88' lang='lat' dir='ltr'><strong>miracula</strong></span> <span class='ocrx_word' id='word_1_584' title='bbox 2515 3331 2828 3385; x_wconf 86' lang='lat' dir='ltr'><strong>illucentem</strong></span> <span class='ocrx_word' id='word_1_585' title='bbox 2885 3327 3149 3393; x_wconf 88' lang='lat' dir='ltr'><strong>videntes,</strong></span> <span class='ocrx_word' id='word_1_586' title='bbox 3209 3329 3356 3382; x_wconf 85' lang='lat' dir='ltr'><strong>velut</strong></span> <span class='ocrx_word' id='word_1_587' title='bbox 3440 3327 3655 3382; x_wconf 86' lang='lat' dir='ltr'><strong>radium</strong></span> 
     </span>
    </p>
   </div>
   <div class='ocr_carea' id='block_1_78' title="bbox 2036 3419 3654 3495">
    <p class='ocr_par' dir='ltr' id='par_1_78' title="bbox 2036 3419 3654 3495">
     <span class='ocr_line' id='line_1_78' title="bbox 2036 3419 3654 3495; baseline -0.005 -14"><span class='ocrx_word' id='word_1_588' title='bbox 2036 3456 2051 3465; x_wconf 64' lang='grc' dir='ltr'><strong>τ</strong></span> <span class='ocrx_word' id='word_1_589' title='bbox 2081 3425 2371 3495; x_wconf 84' lang='lat' dir='ltr'><strong>quemdam</strong></span> <span class='ocrx_word' id='word_1_590' title='bbox 2398 3430 2454 3478; x_wconf 91' lang='lat' dir='ltr'><strong>et</strong></span> <span class='ocrx_word' id='word_1_591' title='bbox 2484 3422 2723 3477; x_wconf 89' lang='lat' dir='ltr'><strong>calorem</strong></span> <span class='ocrx_word' id='word_1_592' title='bbox 2763 3437 2793 3476; x_wconf 92' lang='lat' dir='ltr'><strong>e</strong></span> <span class='ocrx_word' id='word_1_593' title='bbox 2844 3421 3010 3476; x_wconf 85' lang='lat' dir='ltr'><strong>solari</strong></span> <span class='ocrx_word' id='word_1_594' title='bbox 3054 3426 3249 3474; x_wconf 88' lang='lat' dir='ltr'><strong>natura</strong></span> <span class='ocrx_word' id='word_1_595' title='bbox 3293 3419 3654 3482; x_wconf 83' lang='lat' dir='ltr'><strong>deﬂuentem,</strong></span> 
     </span>
    </p>
   </div>
   <div class='ocr_carea' id='block_1_79' title="bbox 2082 3510 3660 3585">
    <p class='ocr_par' dir='ltr' id='par_1_79' title="bbox 2082 3510 3660 3585">
     <span class='ocr_line' id='line_1_79' title="bbox 2082 3510 3660 3585; baseline -0.004 -13"><span class='ocrx_word' id='word_1_596' title='bbox 2082 3532 2185 3572; x_wconf 91' lang='lat' dir='ltr'><strong>nec</strong></span> <span class='ocrx_word' id='word_1_597' title='bbox 2200 3515 2542 3571; x_wconf 88' lang='lat' dir='ltr'><strong>admirantur</strong></span> <span class='ocrx_word' id='word_1_598' title='bbox 2556 3515 2911 3585; x_wconf 86' lang='lat' dir='ltr'><strong>gratiam,nec</strong></span> <span class='ocrx_word' id='word_1_599' title='bbox 2927 3513 3157 3567; x_wconf 89' lang='lat' dir='ltr'><strong>adorant</strong></span> <span class='ocrx_word' id='word_1_600' title='bbox 3172 3528 3294 3565; x_wconf 88' lang='lat' dir='ltr'><strong>eum</strong></span> <span class='ocrx_word' id='word_1_601' title='bbox 3317 3511 3410 3580; x_wconf 91' lang='lat' dir='ltr'><strong>qui</strong></span> <span class='ocrx_word' id='word_1_602' title='bbox 3431 3526 3524 3581; x_wconf 90' lang='lat' dir='ltr'><strong>per</strong></span> <span class='ocrx_word' id='word_1_603' title='bbox 3542 3510 3660 3565; x_wconf 70' lang='lat' dir='ltr'><strong>lucc</strong></span> 
     </span>
    </p>
   </div>
   <div class='ocr_carea' id='block_1_80' title="bbox 2084 3605 3647 3678">
    <p class='ocr_par' dir='ltr' id='par_1_80' title="bbox 2084 3605 3647 3678">
     <span class='ocr_line' id='line_1_80' title="bbox 2084 3605 3647 3678; baseline -0.004 -15"><span class='ocrx_word' id='word_1_604' title='bbox 2084 3607 2443 3678; x_wconf 81' lang='lat' dir='ltr'><strong>intelligitur;</strong></span> <span class='ocrx_word' id='word_1_605' title='bbox 2498 3606 2595 3661; x_wconf 90' lang='lat' dir='ltr'><strong>sed</strong></span> <span class='ocrx_word' id='word_1_606' title='bbox 2633 3605 2803 3660; x_wconf 88' lang='lat' dir='ltr'><strong>animi</strong></span> <span class='ocrx_word' id='word_1_607' title='bbox 2853 3614 3077 3675; x_wconf 87' lang='lat' dir='ltr'><strong>captum</strong></span> <span class='ocrx_word' id='word_1_608' title='bbox 3131 3606 3497 3674; x_wconf 81' lang='lat' dir='ltr'><strong>supergressi,</strong></span> <span class='ocrx_word' id='word_1_609' title='bbox 3560 3618 3647 3657; x_wconf 86' lang='lat' dir='ltr'><strong>ar-</strong></span> 
     </span>
    </p>
   </div>
   <div class='ocr_carea' id='block_1_81' title="bbox 2083 3692 3660 3770">
    <p class='ocr_par' dir='ltr' id='par_1_81' title="bbox 2083 3692 3660 3770">
     <span class='ocr_line' id='line_1_81' title="bbox 2083 3692 3660 3770; baseline -0.004 -17"><span class='ocrx_word' id='word_1_610' title='bbox 2083 3699 2358 3770; x_wconf 85' lang='lat' dir='ltr'><strong>gutiarum</strong></span> <span class='ocrx_word' id='word_1_611' title='bbox 2403 3697 2861 3768; x_wconf 86' lang='lat' dir='ltr'><strong>prehensionilms</strong></span> <span class='ocrx_word' id='word_1_612' title='bbox 2912 3712 3037 3751; x_wconf 88' lang='lat' dir='ltr'><strong>eum</strong></span> <span class='ocrx_word' id='word_1_613' title='bbox 3079 3697 3170 3766; x_wconf 88' lang='lat' dir='ltr'><strong>qui</strong></span> <span class='ocrx_word' id='word_1_614' title='bbox 3227 3704 3435 3749; x_wconf 91' lang='lat' dir='ltr'><strong>tactum</strong></span> <span class='ocrx_word' id='word_1_615' title='bbox 3471 3692 3660 3765; x_wconf 73' lang='lat' dir='ltr'><strong>ell&#39;uglt</strong></span> 
     </span>
    </p>
   </div>
   <div class='ocr_carea' id='block_1_82' title="bbox 2084 3788 3656 3859">
    <p class='ocr_par' dir='ltr' id='par_1_82' title="bbox 2084 3788 3656 3859">
     <span class='ocr_line' id='line_1_82' title="bbox 2084 3788 3656 3859; baseline -0.004 -13"><span class='ocrx_word' id='word_1_616' title='bbox 2084 3806 2304 3846; x_wconf 89' lang='lat' dir='ltr'><strong>omnem</strong></span> <span class='ocrx_word' id='word_1_617' title='bbox 2341 3790 2803 3859; x_wconf 87' lang='lat' dir='ltr'><strong>complectuntur,</strong></span> <span class='ocrx_word' id='word_1_618' title='bbox 2830 3797 2995 3859; x_wconf 88' lang='lat' dir='ltr'><strong>atque</strong></span> <span class='ocrx_word' id='word_1_619' title='bbox 3026 3804 3085 3844; x_wconf 91' lang='lat' dir='ltr'><strong>se</strong></span> <span class='ocrx_word' id='word_1_620' title='bbox 3102 3795 3294 3858; x_wconf 89' lang='lat' dir='ltr'><strong>putant</strong></span> <span class='ocrx_word' id='word_1_621' title='bbox 3323 3795 3510 3842; x_wconf 90' lang='lat' dir='ltr'><strong>tenere</strong></span> <span class='ocrx_word' id='word_1_622' title='bbox 3536 3788 3656 3842; x_wconf 89' lang='lat' dir='ltr'><strong>suis</strong></span> 
     </span>
    </p>
   </div>
   <div class='ocr_carea' id='block_1_83' title="bbox 2087 3876 3661 3954">
    <p class='ocr_par' dir='ltr' id='par_1_83' title="bbox 2087 3876 3661 3954">
     <span class='ocr_line' id='line_1_83' title="bbox 2087 3876 3661 3954; baseline -0.004 -17"><span class='ocrx_word' id='word_1_623' title='bbox 2087 3881 2656 3954; x_wconf 82' lang='lat' dir='ltr'><strong>argumentationibus</strong></span> <span class='ocrx_word' id='word_1_624' title='bbox 2700 3895 2765 3936; x_wconf 91' lang='lat' dir='ltr'><strong>ea</strong></span> <span class='ocrx_word' id='word_1_625' title='bbox 2792 3895 2915 3950; x_wconf 74' lang='lat' dir='ltr'><strong>quae</strong></span> <span class='ocrx_word' id='word_1_626' title='bbox 2944 3880 3263 3950; x_wconf 83' lang='lat' dir='ltr'><strong>Opinantnr.</strong></span> <span class='ocrx_word' id='word_1_627' title='bbox 3300 3876 3439 3932; x_wconf 83' lang='lat' dir='ltr'><strong>Cum</strong></span> <span class='ocrx_word' id='word_1_628' title='bbox 3473 3885 3661 3933; x_wconf 88' lang='lat' dir='ltr'><strong>autem</strong></span> 
     </span>
    </p>
   </div>
   <div class='ocr_carea' id='block_1_84' title="bbox 2088 3969 3663 4045">
    <p class='ocr_par' dir='ltr' id='par_1_84' title="bbox 2088 3969 3663 4045">
     <span class='ocr_line' id='line_1_84' title="bbox 2088 3969 3663 4045; baseline -0.004 -16"><span class='ocrx_word' id='word_1_629' title='bbox 2088 3976 2227 4030; x_wconf 87' lang='lat' dir='ltr'><strong>ratio</strong></span> <span class='ocrx_word' id='word_1_630' title='bbox 2270 3972 2656 4045; x_wconf 88' lang='lat' dir='ltr'><strong>penetraverit,</strong></span> <span class='ocrx_word' id='word_1_631' title='bbox 2709 3979 2765 4026; x_wconf 89' lang='lat' dir='ltr'><strong>et</strong></span> <span class='ocrx_word' id='word_1_632' title='bbox 2819 3970 3175 4041; x_wconf 78' lang='lat' dir='ltr'><strong>explicaverit</strong></span> <span class='ocrx_word' id='word_1_633' title='bbox 3204 3969 3547 4040; x_wconf 83' lang='lat' dir='ltr'><strong>argutiarum</strong></span> <span class='ocrx_word' id='word_1_634' title='bbox 3604 3974 3663 4023; x_wconf 85' lang='lat' dir='ltr'><strong>ct</strong></span> 
     </span>
    </p>
   </div>
   <div class='ocr_carea' id='block_1_85' title="bbox 2088 4063 3659 4138">
    <p class='ocr_par' dir='ltr' id='par_1_85' title="bbox 2088 4063 3659 4138">
     <span class='ocr_line' id='line_1_85' title="bbox 2088 4063 3659 4138; baseline -0.003 -16"><span class='ocrx_word' id='word_1_635' title='bbox 2088 4068 2402 4138; x_wconf 86' lang='lat' dir='ltr'><strong>captionum</strong></span> <span class='ocrx_word' id='word_1_636' title='bbox 2434 4066 2674 4136; x_wconf 81' lang='lat' dir='ltr'><strong>plexum,</strong></span> <span class='ocrx_word' id='word_1_637' title='bbox 2699 4066 2753 4121; x_wconf 87' lang='lat' dir='ltr'><strong>hi</strong></span> <span class='ocrx_word' id='word_1_638' title='bbox 2782 4066 2879 4136; x_wconf 89' lang='lat' dir='ltr'><strong>qui</strong></span> <span class='ocrx_word' id='word_1_639' title='bbox 2911 4073 3091 4120; x_wconf 84' lang='lat' dir='ltr'><strong>mente</strong></span> <span class='ocrx_word' id='word_1_640' title='bbox 3116 4075 3169 4120; x_wconf 92' lang='lat' dir='ltr'><strong>et</strong></span> <span class='ocrx_word' id='word_1_641' title='bbox 3191 4065 3423 4119; x_wconf 89' lang='lat' dir='ltr'><strong>rationis</strong></span> <span class='ocrx_word' id='word_1_642' title='bbox 3443 4063 3659 4133; x_wconf 84' lang='lat' dir='ltr'><strong>judicio</strong></span> 
     </span>
    </p>
   </div>
   <div class='ocr_carea' id='block_1_86' title="bbox 2090 4153 3663 4226">
    <p class='ocr_par' dir='ltr' id='par_1_86' title="bbox 2090 4153 3663 4226">
     <span class='ocr_line' id='line_1_86' title="bbox 2090 4153 3663 4226; baseline -0.001 -13"><span class='ocrx_word' id='word_1_643' title='bbox 2090 4161 2291 4221; x_wconf 85' lang='lat' dir='ltr'><strong>valent,</strong></span> <span class='ocrx_word' id='word_1_644' title='bbox 2327 4157 2461 4212; x_wconf 91' lang='lat' dir='ltr'><strong>nihil</strong></span> <span class='ocrx_word' id='word_1_645' title='bbox 2481 4157 2939 4226; x_wconf 89' lang='lat' dir='ltr'><strong>comprehensum</strong></span> <span class='ocrx_word' id='word_1_646' title='bbox 2978 4171 3103 4211; x_wconf 91' lang='lat' dir='ltr'><strong>esse</strong></span> <span class='ocrx_word' id='word_1_647' title='bbox 3150 4156 3518 4225; x_wconf 88' lang='lat' dir='ltr'><strong>comperiunt.</strong></span> <span class='ocrx_word' id='word_1_648' title='bbox 3569 4153 3663 4211; x_wconf 90' lang='lat' dir='ltr'><strong>Sic</strong></span> 
     </span>
    </p>
   </div>
   <div class='ocr_carea' id='block_1_87' title="bbox 2090 4249 3653 4323">
    <p class='ocr_par' dir='ltr' id='par_1_87' title="bbox 2090 4249 3653 4323">
     <span class='ocr_line' id='line_1_87' title="bbox 2090 4249 3653 4323; baseline -0.003 -16"><span class='ocrx_word' id='word_1_649' title='bbox 2090 4253 2290 4323; x_wconf 90' lang='lat' dir='ltr'><strong>pusillo</strong></span> <span class='ocrx_word' id='word_1_650' title='bbox 2337 4253 2521 4305; x_wconf 87' lang='lat' dir='ltr'><strong>animo</strong></span> <span class='ocrx_word' id='word_1_651' title='bbox 2571 4259 2625 4306; x_wconf 90' lang='lat' dir='ltr'><strong>et</strong></span> <span class='ocrx_word' id='word_1_652' title='bbox 2668 4249 2930 4313; x_wconf 81' lang='lat' dir='ltr'><strong>infantili,</strong></span> <span class='ocrx_word' id='word_1_653' title='bbox 2983 4250 3131 4303; x_wconf 88' lang='lat' dir='ltr'><strong>circa</strong></span> <span class='ocrx_word' id='word_1_654' title='bbox 3182 4249 3544 4318; x_wconf 77' lang='lat' dir='ltr'><strong>impossibilia</strong></span> <span class='ocrx_word' id='word_1_655' title='bbox 3596 4249 3653 4303; x_wconf 91' lang='lat' dir='ltr'><strong>in</strong></span> 
     </span>
    </p>
   </div>
   <div class='ocr_carea' id='block_1_88' title="bbox 2090 4342 3660 4412">
    <p class='ocr_par' dir='ltr' id='par_1_88' title="bbox 2090 4342 3660 4412">
     <span class='ocr_line' id='line_1_88' title="bbox 2090 4342 3660 4412; baseline -0.003 -13"><span class='ocrx_word' id='word_1_656' title='bbox 2090 4360 2289 4399; x_wconf 88' lang='lat' dir='ltr'><strong>vanum</strong></span> <span class='ocrx_word' id='word_1_657' title='bbox 2340 4344 2673 4407; x_wconf 84' lang='lat' dir='ltr'><strong>laborantes,</strong></span> <span class='ocrx_word' id='word_1_658' title='bbox 2734 4343 2902 4397; x_wconf 92' lang='lat' dir='ltr'><strong>veluti</strong></span> <span class='ocrx_word' id='word_1_659' title='bbox 2947 4342 3184 4412; x_wconf 88' lang='lat' dir='ltr'><strong>quadam</strong></span> <span class='ocrx_word' id='word_1_660' title='bbox 3234 4342 3415 4412; x_wconf 88' lang='lat' dir='ltr'><strong>palma</strong></span> <span class='ocrx_word' id='word_1_661' title='bbox 3463 4342 3660 4412; x_wconf 84' lang='lat' dir='ltr'><strong>puerili</strong></span> 
     </span>
    </p>
   </div>
   <div class='ocr_carea' id='block_1_89' title="bbox 2093 4433 3656 4507">
    <p class='ocr_par' dir='ltr' id='par_1_89' title="bbox 2093 4433 3656 4507">
     <span class='ocr_line' id='line_1_89' title="bbox 2093 4433 3656 4507; baseline -0.001 -17"><span class='ocrx_word' id='word_1_662' title='bbox 2093 4436 2575 4507; x_wconf 87' lang='lat' dir='ltr'><strong>imperceptibilem</strong></span> <span class='ocrx_word' id='word_1_663' title='bbox 2605 4434 2701 4489; x_wconf 83' lang='lat' dir='ltr'><strong>Dei</strong></span> <span class='ocrx_word' id='word_1_664' title='bbox 2730 4444 2979 4489; x_wconf 84' lang='lat' dir='ltr'><strong>naturam</strong></span> <span class='ocrx_word' id='word_1_665' title='bbox 3013 4434 3204 4504; x_wconf 88' lang='lat' dir='ltr'><strong>paucis</strong></span> <span class='ocrx_word' id='word_1_666' title='bbox 3230 4433 3457 4505; x_wconf 87' lang='lat' dir='ltr'><strong>syllabis</strong></span> <span class='ocrx_word' id='word_1_667' title='bbox 3487 4434 3656 4504; x_wconf 88' lang='lat' dir='ltr'><strong>hujus</strong></span> 
     </span>
    </p>
   </div>
   <div class='ocr_carea' id='block_1_90' title="bbox 2100 4524 3665 4600">
    <p class='ocr_par' dir='ltr' id='par_1_90' title="bbox 2100 4524 3665 4600">
     <span class='ocr_line' id='line_1_90' title="bbox 2100 4524 3665 4600; baseline -0.003 -15"><span class='ocrx_word' id='word_1_668' title='bbox 2100 4529 2340 4585; x_wconf 88' lang='lat' dir='ltr'><strong>nominis</strong></span> <span class='ocrx_word' id='word_1_669' title='bbox 2387 4528 2714 4600; x_wconf 87' lang='grc' dir='ltr'>ἀγεννησίαν</span> <span class='ocrx_word' id='word_1_670' title='bbox 2768 4527 3077 4589; x_wconf 90' lang='lat' dir='ltr'><strong>includunt,</strong></span> <span class='ocrx_word' id='word_1_671' title='bbox 3122 4532 3176 4580; x_wconf 85' lang='lat' dir='ltr'><strong>et</strong></span> <span class='ocrx_word' id='word_1_672' title='bbox 3228 4540 3343 4581; x_wconf 70' lang='lat' dir='ltr'><strong>sua:</strong></span> <span class='ocrx_word' id='word_1_673' title='bbox 3373 4524 3665 4580; x_wconf 76' lang='lat' dir='ltr'><strong>dementia:</strong></span> 
     </span>
    </p>
   </div>
   <div class='ocr_carea' id='block_1_91' title="bbox 414 4604 1979 4688">
    <p class='ocr_par' dir='ltr' id='par_1_91' title="bbox 414 4604 1979 4680">
     <span class='ocr_line' id='line_1_91' title="bbox 414 4604 1979 4680; baseline 0.01 -24"><span class='ocrx_word' id='word_1_674' title='bbox 414 4604 628 4676; x_wconf 86' lang='grc' dir='ltr'>ρεύουσι</span> <span class='ocrx_word' id='word_1_675' title='bbox 646 4610 708 4677; x_wconf 79' lang='grc' dir='ltr'>τῇ</span> <span class='ocrx_word' id='word_1_676' title='bbox 735 4610 1022 4680; x_wconf 71' lang='grc' dir='ltr'>παρανοίᾳ,</span> <span class='ocrx_word' id='word_1_677' title='bbox 1045 4612 1138 4665; x_wconf 74' lang='grc' dir='ltr'><strong>καὶ</strong></span> <span class='ocrx_word' id='word_1_678' title='bbox 1150 4612 1347 4667; x_wconf 75' lang='grc' dir='ltr'>οἴονται</span> <span class='ocrx_word' id='word_1_679' title='bbox 1370 4615 1621 4669; x_wconf 80' lang='grc' dir='ltr'>τοσοῦτον</span> <span class='ocrx_word' id='word_1_680' title='bbox 1643 4618 1738 4671; x_wconf 83' lang='grc' dir='ltr'><strong>καὶ</strong></span> <span class='ocrx_word' id='word_1_681' title='bbox 1750 4617 1979 4672; x_wconf 54' lang='grc' dir='ltr'>τοιοῦτον</span> 
     </span>
    </p>
   </div>
   <div class='ocr_carea' id='block_1_92' title="bbox 2079 4604 3663 4688">
    <p class='ocr_par' dir='ltr' id='par_1_92' title="bbox 2097 4614 3663 4688">
     <span class='ocr_line' id='line_1_92' title="bbox 2097 4614 3663 4688; baseline -0.003 -17"><span class='ocrx_word' id='word_1_682' title='bbox 2097 4618 2530 4688; x_wconf 87' lang='lat' dir='ltr'><strong>patrocinantur,</strong></span> <span class='ocrx_word' id='word_1_683' title='bbox 2581 4625 2747 4687; x_wconf 90' lang='lat' dir='ltr'><strong>atque</strong></span> <span class='ocrx_word' id='word_1_684' title='bbox 2796 4616 3092 4687; x_wconf 86' lang='lat' dir='ltr'><strong>opinantur</strong></span> <span class='ocrx_word' id='word_1_685' title='bbox 3120 4622 3331 4668; x_wconf 89' lang='lat' dir='ltr'><strong>tantum</strong></span> <span class='ocrx_word' id='word_1_686' title='bbox 3388 4623 3445 4669; x_wconf 89' lang='lat' dir='ltr'><strong>et</strong></span> <span class='ocrx_word' id='word_1_687' title='bbox 3500 4614 3663 4669; x_wconf 89' lang='lat' dir='ltr'><strong>talem</strong></span> 
     </span>
    </p>
   </div>
   <div class='ocr_carea' id='block_1_93' title="bbox 412 4696 1991 4779">
    <p class='ocr_par' dir='ltr' id='par_1_93' title="bbox 412 4696 1991 4779">
     <span class='ocr_line' id='line_1_93' title="bbox 412 4696 1991 4779; baseline 0.009 -29"><span class='ocrx_word' id='word_1_688' title='bbox 412 4696 547 4751; x_wconf 80' lang='grc' dir='ltr'>εἶναι</span> <span class='ocrx_word' id='word_1_689' title='bbox 593 4699 654 4751; x_wconf 75' lang='grc' dir='ltr'>τὸ</span> <span class='ocrx_word' id='word_1_690' title='bbox 689 4700 860 4764; x_wconf 83' lang='grc' dir='ltr'>Θεῖον,</span> <span class='ocrx_word' id='word_1_691' title='bbox 901 4702 975 4765; x_wconf 89' lang='grc' dir='ltr'>ὼς</span> <span class='ocrx_word' id='word_1_692' title='bbox 996 4703 1326 4778; x_wconf 81' lang='grc' dir='ltr'>ἁνθρωπικῷ</span> <span class='ocrx_word' id='word_1_693' title='bbox 1343 4706 1586 4779; x_wconf 83' lang='grc' dir='ltr'>λογισμῷ</span> <span class='ocrx_word' id='word_1_694' title='bbox 1604 4708 1864 4763; x_wconf 82' lang='grc' dir='ltr'>δύνασθαι</span> <span class='ocrx_word' id='word_1_695' title='bbox 1901 4711 1991 4765; x_wconf 82' lang='grc' dir='ltr'><strong>διὰ</strong></span> 
     </span>
    </p>
   </div>
   <div class='ocr_carea' id='block_1_94' title="bbox 416 4793 1992 4871">
    <p class='ocr_par' dir='ltr' id='par_1_94' title="bbox 416 4793 1992 4871">
     <span class='ocr_line' id='line_1_94' title="bbox 416 4793 1992 4871; baseline 0.008 -29"><span class='ocrx_word' id='word_1_696' title='bbox 416 4793 546 4860; x_wconf 79' lang='grc' dir='ltr'>μιᾶς</span> <span class='ocrx_word' id='word_1_697' title='bbox 572 4793 941 4864; x_wconf 87' lang='grc' dir='ltr'>προσηγορίας</span> <span class='ocrx_word' id='word_1_698' title='bbox 961 4796 1463 4868; x_wconf 86' lang='grc' dir='ltr'>ὲμπεριείργεσθαι,</span> <span class='ocrx_word' id='word_1_699' title='bbox 1501 4800 1597 4853; x_wconf 79' lang='grc' dir='ltr'><strong>καὶ</strong></span> <span class='ocrx_word' id='word_1_700' title='bbox 1627 4803 1745 4865; x_wconf 89' lang='grc' dir='ltr'>ταῖς</span> <span class='ocrx_word' id='word_1_701' title='bbox 1765 4802 1862 4871; x_wconf 84' lang='grc' dir='ltr'>μὲν</span> <span class='ocrx_word' id='word_1_702' title='bbox 1882 4801 1992 4855; x_wconf 86' lang='grc' dir='ltr'>τῶν</span> 
     </span>
    </p>
   </div>
   <div class='ocr_carea' id='block_1_95' title="bbox 413 4884 1995 4961">
    <p class='ocr_par' dir='ltr' id='par_1_95' title="bbox 413 4884 1995 4961">
     <span class='ocr_line' id='line_1_95' title="bbox 413 4884 1995 4961; baseline 0.005 -24"><span class='ocrx_word' id='word_1_703' title='bbox 413 4884 582 4952; x_wconf 84' lang='grc' dir='ltr'>ἁγίων</span> <span class='ocrx_word' id='word_1_704' title='bbox 596 4889 797 4954; x_wconf 78' lang='grc' dir='ltr'>φωναῖς</span> <span class='ocrx_word' id='word_1_705' title='bbox 812 4887 1120 4942; x_wconf 81' lang='grc' dir='ltr'>ἀκολουθεῖν</span> <span class='ocrx_word' id='word_1_706' title='bbox 1139 4891 1580 4961; x_wconf 74' lang='grc' dir='ltr'>σχηματίζονται·</span> <span class='ocrx_word' id='word_1_707' title='bbox 1596 4892 1777 4946; x_wconf 78' lang='grc' dir='ltr'>αὐτῶν</span> <span class='ocrx_word' id='word_1_708' title='bbox 1788 4892 1845 4945; x_wconf 86' lang='grc' dir='ltr'>δὲ</span> <span class='ocrx_word' id='word_1_709' title='bbox 1860 4895 1995 4947; x_wconf 80' lang='grc' dir='ltr'>ὲκεί-</span> 
     </span>
    </p>
   </div>
   <div class='ocr_carea' id='block_1_96' title="bbox 415 4982 1995 5060">
    <p class='ocr_par' dir='ltr' id='par_1_96' title="bbox 415 4982 1995 5060">
     <span class='ocr_line' id='line_1_96' title="bbox 415 4982 1995 5060; baseline 0.006 -28"><span class='ocrx_word' id='word_1_710' title='bbox 415 4998 522 5034; x_wconf 87' lang='grc' dir='ltr'><strong>νων</strong></span> <span class='ocrx_word' id='word_1_711' title='bbox 546 4982 939 5053; x_wconf 83' lang='grc' dir='ltr'>ύπεραίροντες</span> <span class='ocrx_word' id='word_1_712' title='bbox 966 4985 1165 5049; x_wconf 79' lang='grc' dir='ltr'>αὐτοὺς</span> <span class='ocrx_word' id='word_1_713' title='bbox 1190 4986 1249 5039; x_wconf 87' lang='grc' dir='ltr'><strong>οὐ</strong></span> <span class='ocrx_word' id='word_1_714' title='bbox 1284 4986 1598 5041; x_wconf 85' lang='grc' dir='ltr'>δεδοίκασιν.</span> <span class='ocrx_word' id='word_1_715' title='bbox 1615 4989 1683 5040; x_wconf 79' lang='grc' dir='ltr'><strong>Ἀ</strong></span> <span class='ocrx_word' id='word_1_716' title='bbox 1697 4986 1808 5060; x_wconf 84' lang='grc' dir='ltr'>γὰρ</span> <span class='ocrx_word' id='word_1_717' title='bbox 1823 4988 1995 5053; x_wconf 78' lang='grc' dir='ltr'>οὐδεὶς</span> 
     </span>
    </p>
   </div>
   <div class='ocr_carea' id='block_1_97' title="bbox 416 5073 1990 5149">
    <p class='ocr_par' dir='ltr' id='par_1_97' title="bbox 416 5073 1990 5149">
     <span class='ocr_line' id='line_1_97' title="bbox 416 5073 1990 5149; baseline 0.006 -24"><span class='ocrx_word' id='word_1_718' title='bbox 416 5073 523 5126; x_wconf 87' lang='grc' dir='ltr'><strong>τῶν</strong></span> <span class='ocrx_word' id='word_1_719' title='bbox 551 5075 833 5147; x_wconf 87' lang='grc' dir='ltr'>μακαρίων</span> <span class='ocrx_word' id='word_1_720' title='bbox 874 5077 1084 5147; x_wconf 81' lang='grc' dir='ltr'>ἀνδρῶν</span> <span class='ocrx_word' id='word_1_721' title='bbox 1121 5079 1358 5149; x_wconf 71' lang='grc' dir='ltr'>εἰρηκὼς</span> <span class='ocrx_word' id='word_1_722' title='bbox 1394 5079 1779 5145; x_wconf 75' lang='grc' dir='ltr'>ἐπιδείκνυται,</span> <span class='ocrx_word' id='word_1_723' title='bbox 1806 5074 1881 5134; x_wconf 78' lang='grc' dir='ltr'>ὧν</span> <span class='ocrx_word' id='word_1_724' title='bbox 1906 5098 1990 5144; x_wconf 87' lang='grc' dir='ltr'><strong>τις</strong></span> 
     </span>
    </p>
   </div>
   <div class='ocr_carea' id='block_1_98' title="bbox 419 5166 1991 5244">
    <p class='ocr_par' dir='ltr' id='par_1_98' title="bbox 419 5166 1991 5244">
     <span class='ocr_line' id='line_1_98' title="bbox 419 5166 1991 5244; baseline 0.004 -25"><span class='ocrx_word' id='word_1_725' title='bbox 419 5166 514 5219; x_wconf 70' lang='grc' dir='ltr'>καὶ</span> <span class='ocrx_word' id='word_1_726' title='bbox 531 5167 684 5237; x_wconf 88' lang='grc' dir='ltr'>λόγος</span> <span class='ocrx_word' id='word_1_727' title='bbox 712 5170 770 5222; x_wconf 78' lang='grc' dir='ltr'>ὲν</span> <span class='ocrx_word' id='word_1_728' title='bbox 798 5172 916 5233; x_wconf 85' lang='grc' dir='ltr'>ταῖς</span> <span class='ocrx_word' id='word_1_729' title='bbox 944 5169 1116 5234; x_wconf 85' lang='grc' dir='ltr'>θείαις</span> <span class='ocrx_word' id='word_1_730' title='bbox 1150 5171 1350 5240; x_wconf 88' lang='grc' dir='ltr'>βίϐλοις</span> <span class='ocrx_word' id='word_1_731' title='bbox 1371 5172 1718 5244; x_wconf 78' lang='grc' dir='ltr'>ἀνάγραπτος</span> <span class='ocrx_word' id='word_1_732' title='bbox 1745 5171 1991 5243; x_wconf 80' lang='grc' dir='ltr'>φέρεται,</span> 
     </span>
    </p>
   </div>
   <div class='ocr_carea' id='block_1_99' title="bbox 419 5255 1995 5334">
    <p class='ocr_par' dir='ltr' id='par_1_99' title="bbox 419 5255 1995 5334">
     <span class='ocr_line' id='line_1_99' title="bbox 419 5255 1995 5334; baseline 0.006 -25"><span class='ocrx_word' id='word_1_733' title='bbox 419 5257 591 5311; x_wconf 83' lang='grc' dir='ltr'>ταῦτα</span> <span class='ocrx_word' id='word_1_734' title='bbox 609 5255 772 5323; x_wconf 74' lang='grc' dir='ltr'>οὗτοι,</span> <span class='ocrx_word' id='word_1_735' title='bbox 805 5262 987 5325; x_wconf 80' lang='grc' dir='ltr'>καθώς</span> <span class='ocrx_word' id='word_1_736' title='bbox 1010 5280 1171 5334; x_wconf 82' lang='grc' dir='ltr'>φησιν</span> <span class='ocrx_word' id='word_1_737' title='bbox 1194 5266 1222 5316; x_wconf 93' lang='lat'><strong>6</strong></span> <span class='ocrx_word' id='word_1_738' title='bbox 1259 5264 1314 5316; x_wconf 81' lang='grc' dir='ltr'>Ἀ</span> <span class='ocrx_word' id='word_1_739' title='bbox 1326 5264 1596 5330; x_wconf 75' lang='grc' dir='ltr'>πόστολος,</span> <span class='ocrx_word' id='word_1_740' title='bbox 1618 5264 1716 5333; x_wconf 80' lang='grc' dir='ltr'><strong>Μὴ</strong></span> <span class='ocrx_word' id='word_1_741' title='bbox 1750 5264 1995 5331; x_wconf 80' lang='grc' dir='ltr'>εἰδότες,</span> 
     </span>
    </p>
   </div>
   <div class='ocr_carea' id='block_1_100' title="bbox 419 5351 1999 5426">
    <p class='ocr_par' dir='ltr' id='par_1_100' title="bbox 419 5351 1999 5426">
     <span class='ocr_line' id='line_1_100' title="bbox 419 5351 1999 5426; baseline 0.002 -21"><span class='ocrx_word' id='word_1_742' title='bbox 419 5351 570 5421; x_wconf 79' lang='grc' dir='ltr'>μήτε</span> <span class='ocrx_word' id='word_1_743' title='bbox 602 5352 641 5406; x_wconf 76' lang='grc' dir='ltr'><em>ἃ</em></span> <span class='ocrx_word' id='word_1_744' title='bbox 688 5352 935 5423; x_wconf 69' lang='grc' dir='ltr'>λέγουσι</span> <span class='ocrx_word' id='word_1_745' title='bbox 982 5356 1081 5409; x_wconf 79' lang='grc' dir='ltr'>καὶ</span> <span class='ocrx_word' id='word_1_746' title='bbox 1119 5356 1250 5426; x_wconf 76' lang='grc' dir='ltr'>περὶ</span> <span class='ocrx_word' id='word_1_747' title='bbox 1282 5352 1370 5411; x_wconf 85' lang='grc' dir='ltr'><strong>ὧν</strong></span> <span class='ocrx_word' id='word_1_748' title='bbox 1406 5356 1819 5421; x_wconf 80' lang='grc' dir='ltr'>διατείνονται,</span> <span class='ocrx_word' id='word_1_749' title='bbox 1853 5358 1999 5426; x_wconf 85' lang='grc' dir='ltr'>ὅμως</span> 
     </span>
    </p>
   </div>
   <div class='ocr_carea' id='block_1_101' title="bbox 426 5443 2002 5517">
    <p class='ocr_par' dir='ltr' id='par_1_101' title="bbox 426 5443 2002 5517">
     <span class='ocr_line' id='line_1_101' title="bbox 426 5443 2002 5517; baseline 0.001 -19"><span class='ocrx_word' id='word_1_750' title='bbox 426 5443 579 5498; x_wconf 84' lang='grc' dir='ltr'>αὐτοί</span> <span class='ocrx_word' id='word_1_751' title='bbox 624 5462 684 5498; x_wconf 85' lang='grc' dir='ltr'><strong>τε</strong></span> <span class='ocrx_word' id='word_1_752' title='bbox 726 5446 922 5500; x_wconf 79' lang='grc' dir='ltr'>εἰδέναι</span> <span class='ocrx_word' id='word_1_753' title='bbox 953 5448 1103 5516; x_wconf 75' lang='grc' dir='ltr'>φασὶ,</span> <span class='ocrx_word' id='word_1_754' title='bbox 1158 5450 1389 5511; x_wconf 77' lang='grc' dir='ltr'>καὶτοῖς</span> <span class='ocrx_word' id='word_1_755' title='bbox 1430 5448 1609 5512; x_wconf 78' lang='grc' dir='ltr'>ἄλλοις</span> <span class='ocrx_word' id='word_1_756' title='bbox 1644 5447 2002 5517; x_wconf 81' lang='grc' dir='ltr'>καθηγεῖσθαι</span> 
     </span>
    </p>
   </div>
   <div class='ocr_carea' id='block_1_102' title="bbox 430 5536 2005 5609">
    <p class='ocr_par' dir='ltr' id='par_1_102' title="bbox 430 5536 2005 5609">
     <span class='ocr_line' id='line_1_102' title="bbox 430 5536 2005 5609; baseline 0.002 -21"><span class='ocrx_word' id='word_1_757' title='bbox 430 5536 530 5606; x_wconf 78' lang='grc' dir='ltr'>τῆς</span> <span class='ocrx_word' id='word_1_758' title='bbox 558 5537 812 5606; x_wconf 83' lang='grc' dir='ltr'>είδήσεως</span> <span class='ocrx_word' id='word_1_759' title='bbox 846 5538 1268 5609; x_wconf 84' lang='grc' dir='ltr'>μεγαλαυχοῦσι.</span> <span class='ocrx_word' id='word_1_760' title='bbox 1307 5538 1409 5592; x_wconf 79' lang='grc' dir='ltr'>Καὶ</span> <span class='ocrx_word' id='word_1_761' title='bbox 1431 5539 1517 5594; x_wconf 82' lang='grc' dir='ltr'>διὰ</span> <span class='ocrx_word' id='word_1_762' title='bbox 1534 5537 1691 5592; x_wconf 82' lang='grc' dir='ltr'>τοῦτο</span> <span class='ocrx_word' id='word_1_763' title='bbox 1714 5539 1807 5592; x_wconf 82' lang='grc' dir='ltr'><strong>τὸν</strong></span> <span class='ocrx_word' id='word_1_764' title='bbox 1839 5537 2005 5591; x_wconf 80' lang='grc' dir='ltr'>Μονο-</span> 
     </span>
    </p>
   </div>
   <div class='ocr_carea' id='block_1_103' title="bbox 430 5629 2008 5704">
    <p class='ocr_par' dir='ltr' id='par_1_103' title="bbox 430 5629 2008 5704">
     <span class='ocr_line' id='line_1_103' title="bbox 430 5629 2008 5704; baseline 0.001 -23"><span class='ocrx_word' id='word_1_765' title='bbox 430 5630 563 5699; x_wconf 82' lang='grc' dir='ltr'>γενῆ</span> <span class='ocrx_word' id='word_1_766' title='bbox 595 5629 726 5683; x_wconf 80' lang='grc' dir='ltr'>Θεὸν</span> <span class='ocrx_word' id='word_1_767' title='bbox 782 5632 857 5703; x_wconf 78' lang='grc' dir='ltr'>μὴ</span> <span class='ocrx_word' id='word_1_768' title='bbox 905 5632 1119 5704; x_wconf 81' lang='grc' dir='ltr'>ἀληθῶς</span> <span class='ocrx_word' id='word_1_769' title='bbox 1152 5630 1288 5685; x_wconf 81' lang='grc' dir='ltr'>εἶναι</span> <span class='ocrx_word' id='word_1_770' title='bbox 1322 5633 1350 5685; x_wconf 83' lang='grc' dir='ltr'><strong>ὂ</strong></span> <span class='ocrx_word' id='word_1_771' title='bbox 1380 5632 1596 5701; x_wconf 83' lang='grc' dir='ltr'>λέγεται</span> <span class='ocrx_word' id='word_1_772' title='bbox 1626 5632 2008 5701; x_wconf 76' lang='grc' dir='ltr'>κατειληφέναι</span> 
     </span>
    </p>
   </div>
   <div class='ocr_carea' id='block_1_104' title="bbox 503 5805 1437 5872">
    <p class='ocr_par' dir='ltr' id='par_1_104' title="bbox 503 5805 1437 5872">
     <span class='ocr_line' id='line_1_104' title="bbox 503 5805 1437 5872; baseline 0 -11"><span class='ocrx_word' id='word_1_773' title='bbox 503 5808 526 5841; x_wconf 86' lang='lat'>&#39;</span> <span class='ocrx_word' id='word_1_774' title='bbox 565 5805 709 5863; x_wconf 87' lang='lat' dir='ltr'><strong>Psal.</strong></span> <span class='ocrx_word' id='word_1_775' title='bbox 741 5821 860 5870; x_wconf 84' lang='lat' dir='ltr'><strong>cm,</strong></span> <span class='ocrx_word' id='word_1_776' title='bbox 896 5808 985 5863; x_wconf 61' lang='lat'><strong>9.4.</strong></span> <span class='ocrx_word' id='word_1_777' title='bbox 1065 5808 1086 5837; x_wconf 79' lang='grc'>⁸</span> <span class='ocrx_word' id='word_1_778' title='bbox 1122 5806 1285 5861; x_wconf 68' lang='grc' dir='ltr'>ιιιτιηο.</span> <span class='ocrx_word' id='word_1_779' title='bbox 1314 5823 1351 5872; x_wconf 85' lang='grc' dir='ltr'><strong>ι,</strong></span> <span class='ocrx_word' id='word_1_780' title='bbox 1383 5806 1437 5861; x_wconf 73' lang='grc'>9..</span> 
     </span>
    </p>
   </div>
   <div class='ocr_carea' id='block_1_105' title="bbox 710 5904 1360 5968">
    <p class='ocr_par' dir='ltr' id='par_1_105' title="bbox 710 5904 1360 5968">
     <span class='ocr_line' id='line_1_105' title="bbox 710 5904 1360 5968; baseline 0 -1"><span class='ocrx_word' id='word_1_781' title='bbox 710 5906 979 5968; x_wconf 66' lang='lat' dir='ltr'><strong>Pauca.</strong></span> <span class='ocrx_word' id='word_1_782' title='bbox 1025 5906 1141 5966; x_wconf 77' lang='lat' dir='ltr'><strong>Gn.</strong></span> <span class='ocrx_word' id='word_1_783' title='bbox 1171 5904 1360 5967; x_wconf 76' lang='lat' dir='ltr'><strong>XLV.</strong></span> 
     </span>
    </p>
   </div>
   <div class='ocr_carea' id='block_1_106' title="bbox 1513 5803 1921 5871">
    <p class='ocr_par' dir='ltr' id='par_1_106' title="bbox 1513 5803 1921 5871">
     <span class='ocr_line' id='line_1_106' title="bbox 1513 5803 1921 5871; baseline -0.002 -10"><span class='ocrx_word' id='word_1_784' title='bbox 1513 5808 1535 5839; x_wconf 89' lang='grc'><strong><em>⁹</em></strong></span> <span class='ocrx_word' id='word_1_785' title='bbox 1563 5807 1582 5861; x_wconf 89' lang='lat' dir='ltr'><strong>l</strong></span> <span class='ocrx_word' id='word_1_786' title='bbox 1616 5805 1755 5859; x_wconf 87' lang='lat' dir='ltr'><strong>Tim.</strong></span> <span class='ocrx_word' id='word_1_787' title='bbox 1796 5818 1835 5871; x_wconf 89' lang='lat' dir='ltr'><strong>t,</strong></span> <span class='ocrx_word' id='word_1_788' title='bbox 1868 5803 1921 5860; x_wconf 89' lang='lat'><strong>7.</strong></span> 
     </span>
    </p>
   </div>
   <div class='ocr_carea' id='block_1_107' title="bbox 2093 4707 3669 4776">
    <p class='ocr_par' dir='ltr' id='par_1_107' title="bbox 2093 4707 3669 4776">
     <span class='ocr_line' id='line_1_107' title="bbox 2093 4707 3669 4776; baseline -0.001 -15"><span class='ocrx_word' id='word_1_789' title='bbox 2093 4725 2217 4765; x_wconf 82' lang='lat' dir='ltr'><strong>esse</strong></span> <span class='ocrx_word' id='word_1_790' title='bbox 2257 4709 2447 4776; x_wconf 89' lang='lat' dir='ltr'><strong>Deum,</strong></span> <span class='ocrx_word' id='word_1_791' title='bbox 2506 4718 2563 4764; x_wconf 88' lang='lat' dir='ltr'><strong>ut</strong></span> <span class='ocrx_word' id='word_1_792' title='bbox 2601 4709 2842 4762; x_wconf 88' lang='lat' dir='ltr'><strong>humana</strong></span> <span class='ocrx_word' id='word_1_793' title='bbox 2882 4708 3096 4761; x_wconf 81' lang='lat' dir='ltr'><strong>ratione</strong></span> <span class='ocrx_word' id='word_1_794' title='bbox 3130 4721 3225 4775; x_wconf 90' lang='lat' dir='ltr'><strong>per</strong></span> <span class='ocrx_word' id='word_1_795' title='bbox 3276 4720 3441 4759; x_wconf 91' lang='lat' dir='ltr'><strong>unam</strong></span> <span class='ocrx_word' id='word_1_796' title='bbox 3479 4707 3669 4775; x_wconf 88' lang='lat' dir='ltr'><strong>appel-</strong></span> 
     </span>
    </p>
   </div>
   <div class='ocr_carea' id='block_1_108' title="bbox 2098 4796 3667 4873">
    <p class='ocr_par' dir='ltr' id='par_1_108' title="bbox 2098 4796 3667 4873">
     <span class='ocr_line' id='line_1_108' title="bbox 2098 4796 3667 4873; baseline -0.003 -19"><span class='ocrx_word' id='word_1_797' title='bbox 2098 4803 2353 4857; x_wconf 84' lang='lat' dir='ltr'><strong>lationem</strong></span> <span class='ocrx_word' id='word_1_798' title='bbox 2388 4801 2564 4873; x_wconf 89' lang='lat' dir='ltr'><strong>possit</strong></span> <span class='ocrx_word' id='word_1_799' title='bbox 2596 4801 2860 4855; x_wconf 89' lang='lat' dir='ltr'><strong>coerceri.</strong></span> <span class='ocrx_word' id='word_1_800' title='bbox 2895 4800 2974 4852; x_wconf 80' lang='lat' dir='ltr'><strong>Ac</strong></span> <span class='ocrx_word' id='word_1_801' title='bbox 3005 4812 3065 4853; x_wconf 91' lang='lat' dir='ltr'><strong>se</strong></span> <span class='ocrx_word' id='word_1_802' title='bbox 3087 4796 3307 4867; x_wconf 86' lang='lat' dir='ltr'><strong>quidem</strong></span> <span class='ocrx_word' id='word_1_803' title='bbox 3345 4804 3667 4851; x_wconf 87' lang='lat' dir='ltr'><strong>sanctorum</strong></span> 
     </span>
    </p>
   </div>
   <div class='ocr_carea' id='block_1_109' title="bbox 2096 4886 3670 4963">
    <p class='ocr_par' dir='ltr' id='par_1_109' title="bbox 2096 4886 3670 4963">
     <span class='ocr_line' id='line_1_109' title="bbox 2096 4886 3670 4963; baseline -0.003 -16"><span class='ocrx_word' id='word_1_804' title='bbox 2096 4909 2258 4949; x_wconf 78' lang='lat' dir='ltr'><strong>voees</strong></span> <span class='ocrx_word' id='word_1_805' title='bbox 2312 4893 2467 4963; x_wconf 88' lang='lat' dir='ltr'><strong>sequi</strong></span> <span class='ocrx_word' id='word_1_806' title='bbox 2512 4891 2813 4947; x_wconf 89' lang='lat' dir='ltr'><strong>simulant:</strong></span> <span class='ocrx_word' id='word_1_807' title='bbox 2865 4890 2959 4946; x_wconf 89' lang='lat' dir='ltr'><strong>sed</strong></span> <span class='ocrx_word' id='word_1_808' title='bbox 3004 4904 3065 4945; x_wconf 91' lang='lat' dir='ltr'><strong>se</strong></span> <span class='ocrx_word' id='word_1_809' title='bbox 3115 4902 3280 4957; x_wconf 84' lang='lat' dir='ltr'><strong>supra</strong></span> <span class='ocrx_word' id='word_1_810' title='bbox 3329 4886 3456 4941; x_wconf 89' lang='lat' dir='ltr'><strong>illos</strong></span> <span class='ocrx_word' id='word_1_811' title='bbox 3516 4887 3670 4957; x_wconf 89' lang='lat' dir='ltr'><strong>ipsos</strong></span> 
     </span>
    </p>
   </div>
   <div class='ocr_carea' id='block_1_110' title="bbox 2097 4978 3675 5051">
    <p class='ocr_par' dir='ltr' id='par_1_110' title="bbox 2097 4978 3675 5051">
     <span class='ocr_line' id='line_1_110' title="bbox 2097 4978 3675 5051; baseline -0.003 -12"><span class='ocrx_word' id='word_1_812' title='bbox 2097 4986 2441 5051; x_wconf 74' lang='lat' dir='ltr'><strong>extollentes,</strong></span> <span class='ocrx_word' id='word_1_813' title='bbox 2483 4999 2579 5040; x_wconf 91' lang='lat' dir='ltr'><strong>eos</strong></span> <span class='ocrx_word' id='word_1_814' title='bbox 2632 4998 2742 5038; x_wconf 92' lang='lat' dir='ltr'><strong>non</strong></span> <span class='ocrx_word' id='word_1_815' title='bbox 2792 4989 3066 5037; x_wconf 91' lang='lat' dir='ltr'><strong>verentur.</strong></span> <span class='ocrx_word' id='word_1_816' title='bbox 3115 4980 3248 5046; x_wconf 71' lang='lat' dir='ltr'><strong>Quae</strong></span> <span class='ocrx_word' id='word_1_817' title='bbox 3290 4978 3437 5034; x_wconf 89' lang='lat' dir='ltr'><strong>enim</strong></span> <span class='ocrx_word' id='word_1_818' title='bbox 3486 4979 3675 5034; x_wconf 87' lang='lat' dir='ltr'><strong>nullus</strong></span> 
     </span>
    </p>
   </div>
   <div class='ocr_carea' id='block_1_111' title="bbox 2102 5072 3671 5139">
    <p class='ocr_par' dir='ltr' id='par_1_111' title="bbox 2102 5072 3671 5139">
     <span class='ocr_line' id='line_1_111' title="bbox 2102 5072 3671 5139; baseline -0.006 -8"><span class='ocrx_word' id='word_1_819' title='bbox 2102 5079 2379 5131; x_wconf 76' lang='lat' dir='ltr'><strong>beatorum</strong></span> <span class='ocrx_word' id='word_1_820' title='bbox 2413 5076 2654 5130; x_wconf 87' lang='lat' dir='ltr'><strong>virorum</strong></span> <span class='ocrx_word' id='word_1_821' title='bbox 2703 5074 2907 5130; x_wconf 82' lang='lat' dir='ltr'><strong>dixisse</strong></span> <span class='ocrx_word' id='word_1_822' title='bbox 2950 5072 3383 5135; x_wconf 84' lang='lat' dir='ltr'><strong>demonstratur,</strong></span> <span class='ocrx_word' id='word_1_823' title='bbox 3437 5085 3671 5139; x_wconf 88' lang='lat' dir='ltr'><strong>quorum</strong></span> 
     </span>
    </p>
   </div>
   <div class='ocr_carea' id='block_1_112' title="bbox 2101 5160 3672 5242">
    <p class='ocr_par' dir='ltr' id='par_1_112' title="bbox 2101 5160 3672 5242">
     <span class='ocr_line' id='line_1_112' title="bbox 2101 5160 3672 5242; baseline -0.006 -18"><span class='ocrx_word' id='word_1_824' title='bbox 2101 5171 2283 5242; x_wconf 87' lang='lat' dir='ltr'><strong>aliqua</strong></span> <span class='ocrx_word' id='word_1_825' title='bbox 2338 5170 2394 5223; x_wconf 93' lang='lat' dir='ltr'><strong>in</strong></span> <span class='ocrx_word' id='word_1_826' title='bbox 2440 5168 2641 5223; x_wconf 86' lang='lat' dir='ltr'><strong>divinis</strong></span> <span class='ocrx_word' id='word_1_827' title='bbox 2704 5167 2863 5221; x_wconf 87' lang='lat' dir='ltr'><strong>libris</strong></span> <span class='ocrx_word' id='word_1_828' title='bbox 2916 5165 3125 5234; x_wconf 86' lang='lat' dir='ltr'><strong>scripta</strong></span> <span class='ocrx_word' id='word_1_829' title='bbox 3176 5164 3317 5218; x_wconf 89' lang='lat' dir='ltr'><strong>ratio</strong></span> <span class='ocrx_word' id='word_1_830' title='bbox 3370 5160 3672 5233; x_wconf 83' lang='lat' dir='ltr'><strong>profertur,</strong></span> 
     </span>
    </p>
   </div>
   <div class='ocr_carea' id='block_1_113' title="bbox 2106 5255 3672 5328">
    <p class='ocr_par' dir='ltr' id='par_1_113' title="bbox 2106 5255 3672 5328">
     <span class='ocr_line' id='line_1_113' title="bbox 2106 5255 3672 5328; baseline -0.007 -12"><span class='ocrx_word' id='word_1_831' title='bbox 2106 5263 2219 5317; x_wconf 74' lang='lat' dir='ltr'><strong>lucc</strong></span> <span class='ocrx_word' id='word_1_832' title='bbox 2266 5260 2377 5325; x_wconf 91' lang='lat' dir='ltr'><strong>isti,</strong></span> <span class='ocrx_word' id='word_1_833' title='bbox 2420 5259 2565 5315; x_wconf 90' lang='lat' dir='ltr'><strong>sicut</strong></span> <span class='ocrx_word' id='word_1_834' title='bbox 2617 5259 2855 5328; x_wconf 87' lang='lat' dir='ltr'><strong>loquitur</strong></span> <span class='ocrx_word' id='word_1_835' title='bbox 2908 5255 3224 5326; x_wconf 82' lang='lat' dir='ltr'><strong>Apostolus,</strong></span> <span class='ocrx_word' id='word_1_836' title='bbox 3276 5269 3381 5307; x_wconf 76' lang='lat' dir='ltr'><strong>non</strong></span> <span class='ocrx_word' id='word_1_837' title='bbox 3426 5255 3672 5315; x_wconf 74' lang='lat' dir='ltr'><strong>scientes.</strong></span> 
     </span>
    </p>
   </div>
   <div class='ocr_carea' id='block_1_114' title="bbox 2109 5344 3676 5421">
    <p class='ocr_par' dir='ltr' id='par_1_114' title="bbox 2109 5344 3676 5421">
     <span class='ocr_line' id='line_1_114' title="bbox 2109 5344 3676 5421; baseline -0.006 -16"><span class='ocrx_word' id='word_1_838' title='bbox 2109 5368 2270 5421; x_wconf 81' lang='lat' dir='ltr'><strong>neque</strong></span> <span class='ocrx_word' id='word_1_839' title='bbox 2283 5367 2397 5421; x_wconf 73' lang='lat' dir='ltr'><strong>qua:</strong></span> <span class='ocrx_word' id='word_1_840' title='bbox 2412 5349 2613 5414; x_wconf 81' lang='lat' dir='ltr'><strong>dicunt,</strong></span> <span class='ocrx_word' id='word_1_841' title='bbox 2635 5364 2796 5419; x_wconf 78' lang='lat' dir='ltr'><strong>neque</strong></span> <span class='ocrx_word' id='word_1_842' title='bbox 2812 5348 2875 5402; x_wconf 77' lang='lat' dir='ltr'><strong>de</strong></span> <span class='ocrx_word' id='word_1_843' title='bbox 2893 5345 3077 5418; x_wconf 80' lang='lat' dir='ltr'><strong>quibus</strong></span> <span class='ocrx_word' id='word_1_844' title='bbox 3098 5346 3371 5417; x_wconf 80' lang='lat' dir='ltr'><strong>afﬁrmant</strong></span> <span class='ocrx_word' id='word_1_845' title='bbox 3394 5344 3438 5407; x_wconf 78' lang='lat'><strong>’,</strong></span> <span class='ocrx_word' id='word_1_846' title='bbox 3458 5358 3676 5398; x_wconf 85' lang='lat' dir='ltr'><strong>verum-</strong></span> 
     </span>
    </p>
   </div>
   <div class='ocr_carea' id='block_1_115' title="bbox 2103 5435 3679 5514">
    <p class='ocr_par' dir='ltr' id='par_1_115' title="bbox 2103 5435 3679 5514">
     <span class='ocr_line' id='line_1_115' title="bbox 2103 5435 3679 5514; baseline -0.004 -17"><span class='ocrx_word' id='word_1_847' title='bbox 2103 5453 2285 5499; x_wconf 87' lang='lat' dir='ltr'><strong>tamen</strong></span> <span class='ocrx_word' id='word_1_848' title='bbox 2316 5443 2419 5514; x_wconf 88' lang='lat' dir='ltr'><strong>ipsi</strong></span> <span class='ocrx_word' id='word_1_849' title='bbox 2445 5457 2506 5498; x_wconf 89' lang='lat' dir='ltr'><strong>se</strong></span> <span class='ocrx_word' id='word_1_850' title='bbox 2534 5442 2677 5497; x_wconf 87' lang='lat' dir='ltr'><strong>scire</strong></span> <span class='ocrx_word' id='word_1_851' title='bbox 2716 5439 3062 5510; x_wconf 79' lang='lat' dir='ltr'><strong>proﬁtentur,</strong></span> <span class='ocrx_word' id='word_1_852' title='bbox 3093 5446 3149 5492; x_wconf 91' lang='lat' dir='ltr'><strong>et</strong></span> <span class='ocrx_word' id='word_1_853' title='bbox 3176 5437 3301 5491; x_wconf 88' lang='lat' dir='ltr'><strong>aliis</strong></span> <span class='ocrx_word' id='word_1_854' title='bbox 3338 5435 3509 5489; x_wconf 89' lang='lat' dir='ltr'><strong>duces</strong></span> <span class='ocrx_word' id='word_1_855' title='bbox 3552 5452 3679 5492; x_wconf 87' lang='lat' dir='ltr'><strong>esse</strong></span> 
     </span>
    </p>
   </div>
   <div class='ocr_carea' id='block_1_116' title="bbox 2108 5520 3674 5603">
    <p class='ocr_par' dir='ltr' id='par_1_116' title="bbox 2108 5520 3674 5603">
     <span class='ocr_line' id='line_1_116' title="bbox 2108 5520 3674 5603; baseline -0.01 -15"><span class='ocrx_word' id='word_1_856' title='bbox 2108 5533 2350 5589; x_wconf 66' lang='lat' dir='ltr'><strong>scientiae</strong></span> <span class='ocrx_word' id='word_1_857' title='bbox 2385 5531 2710 5603; x_wconf 86' lang='lat' dir='ltr'><strong>gloriantur.</strong></span> <span class='ocrx_word' id='word_1_858' title='bbox 2744 5530 2821 5582; x_wconf 86' lang='lat' dir='ltr'><strong>Ac</strong></span> <span class='ocrx_word' id='word_1_859' title='bbox 2848 5543 2943 5598; x_wconf 87' lang='lat' dir='ltr'><strong>per</strong></span> <span class='ocrx_word' id='word_1_860' title='bbox 2971 5528 3075 5583; x_wconf 81' lang='lat' dir='ltr'><strong>hoc</strong></span> <span class='ocrx_word' id='word_1_861' title='bbox 3111 5524 3465 5597; x_wconf 88' lang='lat' dir='ltr'><strong>Unigenitum</strong></span> <span class='ocrx_word' id='word_1_862' title='bbox 3501 5520 3674 5575; x_wconf 87' lang='lat' dir='ltr'><strong>Deum</strong></span> 
     </span>
    </p>
   </div>
   <div class='ocr_carea' id='block_1_117' title="bbox 2112 5616 3679 5703">
    <p class='ocr_par' dir='ltr' id='par_1_117' title="bbox 2112 5616 3679 5703">
     <span class='ocr_line' id='line_1_117' title="bbox 2112 5616 3679 5703; baseline -0.01 -22"><span class='ocrx_word' id='word_1_863' title='bbox 2112 5644 2220 5681; x_wconf 92' lang='lat' dir='ltr'><strong>non</strong></span> <span class='ocrx_word' id='word_1_864' title='bbox 2249 5642 2374 5682; x_wconf 86' lang='lat' dir='ltr'><strong>vere</strong></span> <span class='ocrx_word' id='word_1_865' title='bbox 2401 5640 2521 5681; x_wconf 77' lang='lat' dir='ltr'><strong>esse</strong></span> <span class='ocrx_word' id='word_1_866' title='bbox 2554 5621 2700 5693; x_wconf 85' lang='lat' dir='ltr'><strong>quod</strong></span> <span class='ocrx_word' id='word_1_867' title='bbox 2730 5621 2931 5677; x_wconf 86' lang='lat' dir='ltr'><strong>dicitur</strong></span> <span class='ocrx_word' id='word_1_868' title='bbox 2980 5616 3469 5703; x_wconf 80' lang='lat' dir='ltr'><strong>comprehendisse</strong></span> <span class='ocrx_word' id='word_1_869' title='bbox 3528 5625 3679 5669; x_wconf 84' lang='lat' dir='ltr'><strong>asse-</strong></span> 
     </span>
    </p>
   </div>
   <div class='ocr_carea' id='block_1_118' title="bbox 3254 5887 3333 5950">
    <p class='ocr_par' dir='ltr' id='par_1_118' title="bbox 3254 5887 3333 5950">
     <span class='ocr_line' id='line_1_118' title="bbox 3254 5887 3333 5950; baseline 0.025 -2"><span class='ocrx_word' id='word_1_870' title='bbox 3254 5887 3333 5950; x_wconf 82' lang='lat'><strong>30</strong></span> 
     </span>
    </p>
   </div>
  </div>
