4142 6374
528 371 641 428 939
1803 378 1859 434 S.
1901 378 2227 435 GREGORII
2256 380 2549 440 NYSSENI
3690 381 3803 437 940

536 500 766 562 verant,
809 491 1106 549 necessitas
1161 495 1306 553 enim
1351 495 1831 550 ratiocinationum
1875 498 1983 551 hoc
2020 497 2108 567 ju-
2136 500 2172 557 Α

2162 503 2182 555 ι
2208 501 2646 572 διισχυρίζονται.
2676 502 2741 555 Ἡ
2764 500 2874 573 γὰρ
2890 500 2998 554 τῶν
3021 497 3392 569 συλλογισμῶν
3407 497 3623 568 ἀνάγκη
3638 498 3798 551 τοῦτο

538 586 648 639 bet.

2216 595 2445 647 κελεύει.

607 680 783 745 Quam
837 683 1023 737 miseri
1073 692 1128 738 et
1153 684 1376 738 solertia
1400 683 1681 739 destituti!
1724 683 1896 749 Quam
1926 683 2109 737 infelix

2295 687 2383 750 Ὠς
2428 686 2650 740 δείλαιοι
2693 685 2795 756 τῆς
2833 684 3146 756 ἀγχινοίας·
3182 684 3258 747 ώς
3304 680 3570 750 δυστυχὴς
3610 680 3797 741 αὐτοῖς

539 773 676 842 ipsis
701 783 755 829 et
789 776 1028 832 exitialis
1058 777 1404 831 considerata
1437 777 1813 846 philosophia!
1851 775 1985 843 Quis
2036 777 2112 831 ita

2213 777 2307 831 καὶ
2327 777 2571 848 ὀλέθριος
2614 777 2648 847 ή
2701 775 3119 846 κατεσκεμμένη
3170 770 3475 845 φιλοσοφίαί
3512 771 3609 834 Τίς
3652 769 3800 822 οὕτω

537 864 665 917 data
696 879 861 935 opera
896 876 1091 936 sponte
1130 883 1228 923 sua
1257 868 1369 922 ruit
1395 869 1448 922 in
1478 869 1823 934 barathrum,
1848 868 1992 922 sicut
2021 868 2111 922 isti

2213 868 2355 922 κατὰ
2380 868 2615 939 σπουδὴν
2642 868 2930 937 αὐτομολεῖ
2964 866 3100 937 πρὸς
3129 866 3189 919 τὸ
3218 866 3509 937 βάραθρον,
3540 864 3616 928 ώς
3648 855 3797 916 οὗτοι

538 956 725 1011 labore
763 968 816 1012 et
855 960 1035 1014 studio
1067 960 1243 1013 lacum
1296 960 1644 1030 blasphemiae
1673 961 1779 1015 sibi
1846 961 1982 1031 ipsis
2030 959 2113 1014 fo-

2214 961 2360 1030 πόνῳ
2392 960 2484 1013 καὶ
2518 960 2720 1030 σπουδῇ
2747 960 2837 1012 τὸν
2857 959 3059 1013 λάκκον
3088 960 3300 1022 ἑαυτοῖς
3321 962 3420 1029 τῆς
3449 955 3798 1028 βλασφημίας

536 1049 778 1104 derunt?
801 1060 1006 1121 quanta
1043 1066 1303 1106 mensura
1336 1068 1365 1105 a
1398 1066 1494 1123 spe
1524 1052 1968 1107 Christianorum
2007 1050 2115 1107 fru-

2211 1052 2490 1123 ώρύξαντο
2515 1070 2528 1119 ;
2559 1054 2668 1124 ὅσῳ
2703 1052 2780 1123 τῷ
2815 1054 2999 1125 μέτρῳ
3025 1056 3124 1123 τῆς
3159 1053 3374 1115 ἐλπίδος
3399 1052 3507 1104 τῶν
3529 1052 3792 1120 Χριστια-

538 1142 694 1196 strati
748 1154 874 1197 sunt
901 1152 955 1197 et
990 1143 1188 1198 excisi!
1242 1142 1401 1209 Quali
1444 1145 1594 1197 hiatu
1648 1144 1715 1198 ad
1759 1146 2111 1199 servatrieem

2212 1146 2317 1198 νῶν
2351 1145 2741 1215 ἀφωρίσθησαν
2767 1162 2780 1175 ·
2808 1145 2903 1215 οἴῳ
2936 1146 3176 1215 χάσματι
3210 1145 3345 1214 πρὸς
3390 1143 3488 1213 τὴν
3516 1142 3794 1206 σώζουσαν

538 1232 700 1287 ﬁdem
748 1234 1031 1304 intersepti
1087 1236 1244 1289 sunt!
1280 1234 1494 1301 Quanto
1529 1235 1653 1290 sinu
1700 1250 1731 1288 a
1786 1234 1892 1290 ﬁde
1936 1236 2114 1304 patris

2212 1236 2395 1289 πίστιν
2432 1233 2885 1304 διετειχίσθησαψ
2926 1236 3047 1287 ὅσον
3076 1235 3166 1289 τὸν
3195 1234 3392 1291 κόλπον
3425 1233 3524 1300 τῆς
3556 1231 3795 1292 πίστεως

536 1326 769 1382 Abrahae
806 1328 1211 1397 demigrarunt!
1240 1328 1334 1383 llle
1358 1329 1427 1397 (si
1457 1336 1672 1398 oportet
1703 1330 2004 1385 secundum
2032 1331 2113 1383 in-

2211 1327 2303 1380 τοῦ
2332 1328 2543 1398 Πατρὸς
2586 1326 2839 1397 Ἀϐραὰμ
2887 1325 3296 1397 ἀπῳκίσθησανί
3334 1326 3571 1387 Ἐκεῖνος
3615 1324 3683 1392 (εἰ
3712 1323 3795 1375 δεῖ

537 1418 682 1487 genii
714 1419 1105 1475 sublimitatem
1145 1421 1388 1489 Apostoli
1448 1432 1655 1475 mutata
1711 1438 1845 1476 voce
1909 1423 2111 1490 allego-

2213 1419 2354 1472 κατὰ
2393 1418 2489 1489 τὴν
2531 1417 2624 1470 τοῦ
2690 1416 3012 1471 Ἀποστόλου
3072 1416 3439 1487 μεγαλοφυῖαν
3490 1413 3796 1478 ἀλλάξαντα

533 1512 647 1566 rice
690 1517 925 1563 mentem
978 1518 1033 1564 et
1067 1526 1289 1565 sensum
1329 1512 1573 1566 historiae
1616 1514 1938 1582 intelligere,
1998 1528 2110 1567 ma-

2210 1509 2307 1578 τὴν
2335 1510 2517 1579 φωνὴν
2549 1507 2922 1579 ἁλληγορικῶ;
2947 1508 3037 1561 τὸν
3069 1507 3191 1561 νοῦν
3221 1508 3322 1576 τῆς
3364 1507 3599 1576 ἱστορίας
3627 1522 3794 1558 κατα-

534 1607 699 1653 neute
724 1601 984 1654 nimirum
1017 1602 1279 1656 historica
1300 1604 1571 1671 veritate),
1604 1604 1714 1670 ille,
1751 1606 1996 1673 inquam,
2030 1605 2114 1657 di-

2211 1603 2421 1673 νοῆσαι,
2458 1601 2723 1672 μενούσης
2740 1600 2940 1671 δηλαδὴ
2969 1600 3061 1653 καὶ
3086 1599 3186 1668 τῆς
3217 1600 3492 1669 ἱστορικῆς
3514 1594 3797 1665 ἀληθείαςδ

530 1687 660 1743 vino
698 1692 956 1747 mandato
1004 1694 1157 1748 exsul
1188 1710 1217 1748 e
1250 1703 1395 1748 terra
1439 1696 1659 1764 propria
1705 1707 1757 1750 et
1788 1697 2114 1766 cognatione

2211 1694 2401 1764 ἐξῆλθε
2463 1694 2550 1747 διὰ
2605 1693 2749 1746 θείου
2792 1694 3211 1763 προστάγματος
3243 1690 3343 1759 τῆς
3381 1689 3515 1749 ιδίας
3538 1689 3661 1757 γῆς,
3696 1688 3795 1738 καὶ¹

536 1796 635 1835 sua
656 1783 1027 1852 egressionem
1052 1786 1180 1839 fecit
1202 1788 1318 1840 viro
1339 1787 1613 1856 prophetae
1629 1787 1902 1853 decoram,
1923 1789 1989 1842 ad
2012 1788 2103 1843 Dei
2140 1846 2172 1858 _

2160 1847 2178 1858 ‘
2211 1788 2312 1858 τῆς
2365 1787 2485 1840 καθ’
2540 1786 2732 1840 ἑαυτὸν
2778 1785 3113 1854 συγγενείας,
3147 1782 3323 1847 ἔξοδον
3357 1781 3510 1850 ἀνδρὶ
3542 1779 3796 1849 προφήτῃ

533 1875 902 1943 cognitionem
940 1878 1175 1945 urgenti.
1213 1876 1328 1932 Non
1362 1881 1505 1932 enim
1543 1881 1674 1933 mihi
1707 1882 1919 1935 videtur
1951 1896 2099 1950 qua)-
2140 1846 2169 1906 Ε

2157 1847 2180 1904 3
2366 1877 2499 1931 Θεοῦ
2517 1877 2841 1948 κατανόησιν
2858 1846 3199 1944 ἐπειγομένῳ
3219 1846 3551 1944 πρέπουσαν.

532 1966 658 2019 dam
688 1966 880 2022 localis
924 1968 1247 2039 demigratio
1290 1987 1481 2025 eorum
1529 1988 1651 2042 quae
1686 1973 2107 2042 intelligibiliter

2210 1988 2301 2041 μοι
2328 1971 2474 2023 δοκεῖ
2491 1987 2574 2033 τις
2597 1969 2792 2040 τοπικὴ
2842 1967 3234 2037 μετανάστασις
3272 1963 3382 2016 τῶν
3408 1960 3613 2031 νοητῶς
3648 1961 3794 2030 εὑρι-

530 2057 908 2122 inveniuntur,
933 2062 1230 2115 conciliare
1261 2063 1833 2132 compreliensimiem,
1858 2064 1953 2118 sed
1991 2065 2107 2134 ipse

2209 2065 2484 2132 σκομένων
2506 2061 2782 2132 προξενεῖν
2802 2061 2898 2131 τὴν
2926 2058 3251 2128 κατάληψιν.
3304 2056 3441 2109 Ἀλλ’
3471 2055 3630 2117 αὐτὸς
3657 2056 3792 2107 ἑαυ-

527 2163 595 2201 ex
630 2148 811 2216 seipse
841 2158 897 2203 et
943 2150 1163 2218 propria
1217 2158 1385 2214 terra,
1436 2167 1632 2219 nempe
1690 2167 1755 2206 ex
1790 2161 2008 2207 terreno
2052 2160 2107 2207 et

2204 2152 2299 2205 τοῦ
2357 2152 2450 2205 καὶ
2498 2155 2598 2223 τῆς
2658 2151 2792 2214 ἰδίας
2817 2151 2940 2220 γῆς,
2972 2149 3066 2203 τοῦ
3099 2150 3286 2218 γηῖνου
3318 2164 3377 2198 τε
3409 2148 3498 2199 καὶ
3535 2142 3790 2197 ταπεινοῦ

528 2238 716 2293 humili
743 2241 939 2309 spiritu
973 2256 1251 2310 egressus,
1275 2244 1528 2312 utquoad
1552 2244 1665 2298 ﬁeri
1702 2252 1903 2312 potest,
1940 2259 2105 2312 supra

2205 2244 2351 2311 λέγω
2387 2244 2730 2314 φρονήματος
2782 2241 2888 2307 ἔξω
2924 2240 3233 2309 γενόμενος,
3270 2240 3364 2290 καὶ
3395 2236 3677 2308 ὑπεράρας
3715 2236 3794 2297 ὡς

528 2333 838 2386 communis
890 2340 1101 2387 naturae
1155 2336 1419 2387 terminos
1468 2349 1623 2388 suam
1673 2334 1847 2403 ipsius
1903 2334 2103 2388 intelli-

2204 2331 2315 2388 οἷόν
2341 2353 2401 2387 τε
2431 2331 2498 2405 ἦν
2525 2334 2631 2387 τῶν
2655 2333 2847 2387 κοινῶν
2890 2332 2990 2400 τῆς
3026 2331 3245 2400 φύσεως
3298 2330 3439 2398 ὅρων
3468 2325 3660 2380 ἐαυτοῦ
3691 2326 3798 2395 τὴν

526 2420 765 2488 gentiam
799 2420 1044 2484 extollat,
1093 2423 1371 2491 animique
1418 2437 1544 2475 cum
1595 2423 1849 2477 sensibus
1897 2438 2101 2493 cogna-

2205 2425 2464 2491 διάνοιαν,
2519 2426 2611 2477 καὶ
2677 2420 2998 2477 καταλιπὼν
3047 2421 3146 2490 τῆς
3197 2420 3377 2489 ψυχῆς
3405 2419 3502 2487 τὴν
3534 2417 3666 2488 πρὸς
3691 2416 3791 2479 τὰς

527 2512 729 2564 tionem
782 2513 1057 2582 relinquat
1094 2532 1107 2567 :
1150 2521 1207 2566 ut
1238 2513 1388 2567 nullo
1418 2528 1607 2567 eorum
1639 2528 1761 2583 quae
1805 2515 1988 2568 sensui
2017 2528 2107 2582 ap-

2204 2516 2482 2586 αἰσθήσεις
2507 2515 2821 2583 συγγένειαν
2848 2531 2860 2544 ’
2896 2513 2971 2575 ὼς
3014 2511 3205 2582 μηδενὶ
3244 2510 3352 2563 τῶν
3386 2511 3503 2562 κατ’
3538 2507 3794 2579 αῐσθησιν

527 2610 720 2672 parent
784 2605 1133 2674 praepeditus,
1173 2605 1239 2658 ad
1292 2605 1669 2674 cognitionem
1717 2617 1931 2667 eorum,
1984 2619 2107 2672 qua:

2205 2607 2651 2679 προφαινομένων
2708 2605 3106 2675 διοχλούμενος,
3155 2603 3291 2673 πρὸς
3323 2602 3421 2672 τὴν
3466 2602 3793 2668 κατανόησιν

524 2711 748 2750 sensum
800 2699 1085 2751 oculorum
1107 2697 1397 2767 ell‘ugiunt,
1443 2698 1776 2752 obscuretur
1797 2705 1851 2750 et
1874 2696 2103 2764 caliget;

2202 2702 2311 2756 τῶν
2338 2701 2582 2771 ἀοράτων
2607 2700 2755 2770 ἀμαυ
2766 2698 3025 2768 ρωθῆναι,
3045 2698 3179 2767 μήτε
3204 2695 3373 2765 ἀκοῆς
3397 2712 3463 2745 πε
3474 2692 3789 2764 ριηχοὺσης.

521 2802 700 2853 neque
752 2788 938 2842 auditu
1002 2788 1464 2854 circumsonante,
1522 2804 1700 2860 neque
1757 2789 1879 2844 visu
1914 2788 1970 2842 in
2019 2788 2103 2839 his

2208 2795 2342 2863 μήτε
2377 2793 2551 2861 ὅψεως
2578 2793 2635 2843 ἐν
2663 2793 2774 2852 τοῖς
2805 2790 3151 2860 φαινομένοις
3183 2787 3280 2858 τὴν
3312 2786 3549 2839 διάνοιαν
3574 2784 3794 2836 διαπλα-

520 2894 643 2948 qua:
689 2886 955 2948 apparent
1004 2878 1417 2951 intelligentiam
1470 2880 1787 2943 seducente,
1841 2879 2105 2949 quemad-

2205 2886 2402 2954 νώσης,
2428 2882 2607 2945 καθώς
2636 2898 2799 2952 φησιν
2828 2883 2856 2934 ὁ
2892 2880 3233 2941 Ἀπόστολος,
3261 2878 3347 2931 διὰ
3375 2878 3610 2939 πίστεως
3640 2894 3793 2946 περι-

522 2970 746 3024 modum
788 2971 862 3023 ait
897 2969 1230 3038 Apostolus;
1283 2987 1379 3042 per
1416 2972 1576 3027 tidem
1622 2975 1931 3035 ambulans,
1994 2990 2101 3027 non

2204 2977 2411 3039 πατῶν,
2444 2975 2503 3027 οὐ
2542 2974 2629 3027 διὰ
2657 2974 2850 3037 εἴδους,
2884 2975 2964 3034 εἰς
3000 2970 3251 3025 τοσοῦτον
3286 2968 3499 3039 ἐπήρθη
3524 2971 3591 3039 τῇ
3623 2964 3795 3039 μεγαι-

523 3061 762 3131 speciem
794 3061 859 3125 ¹⁰,
897 3061 953 3115 in
996 3069 1209 3116 tantum
1266 3062 1562 3119 subvectus
1623 3063 1725 3118 fuit
1774 3066 2102 3134 cognitionis

2203 3068 2394 3139 λοιρυῒᾳ
2420 3068 2517 3137 τῆς
2543 3065 2794 3134 γνώσεως
2814 3105 2829 3128 ,
2866 3064 3004 3117 ὥστε
3059 3066 3179 3134 ὅρος
3214 3062 3537 3133 νομισθῆναι
3567 3062 3663 3131 τῆς
3698 3062 3793 3114 ἁν-

523 3149 900 3220 magnitudine
949 3161 1003 3205 et
1055 3152 1412 3217 excellentia,
1468 3154 1542 3207 ita
1574 3162 1633 3208 ut
1681 3154 1935 3209 humanae
1975 3171 2101 3223 per-
2129 3183 2159 3241 ε

2159 3186 2171 3239 ζ
2206 3159 2482 3230 θρωπίνης
2509 3154 2839 3217 τελειώσεως
2859 3170 2871 3181 ·
2893 3154 3144 3208 τοσοῦτον
3172 3156 3335 3221 γνοὺς
3367 3152 3458 3205 τὸν
3490 3151 3641 3215 Θεὸν,
3672 3152 3795 3204 ὅσον

523 3243 776 3297 lectionis
831 3245 1099 3299 terminus
1163 3244 1556 3298 existimetur:
1609 3246 1664 3300 in
1725 3256 1943 3302 tantum
2001 3247 2095 3304 Dei

2203 3249 2271 3324 ἦν
2290 3251 2514 3305 δυνατὸν
2539 3251 2638 3321 τὴν
2670 3248 2926 3321 βραχεῖαν
2962 3248 3054 3301 καὶ¹
3098 3248 3360 3318 ἐπίκηρον
3396 3245 3599 3316 ταύτην
3630 3244 3792 3297 δύνα-

521 3334 887 3402 cOgnitiouem
948 3333 1198 3403 adeptus,
1231 3345 1494 3403 quantum
1548 3336 1630 3391 l'as
1663 3345 1746 3390 est
1786 3336 2007 3393 brevem
2050 3348 2105 3392 et

2207 3362 2299 3416 μιν
2326 3341 2721 3414 ὑπερταθεῖσαν
2747 3339 3014 3410 χωρῆσαι.
3048 3337 3350 3409 Τοιγαροῦν
3383 3340 3475 3391 καὶ
3510 3340 3562 3389 '0
3586 3337 3791 3402 πάσης

522 3425 805 3480 mortalem
843 3425 982 3477 hanc
1014 3425 1314 3493 potentiam
1339 3432 1619 3481 extentam
1651 3441 1867 3498 capere.
1901 3428 2105 3495 Quam-

2204 3435 2453 3499 κτίσεως
2490 3433 2722 3500 Κύριος,
2768 3429 2957 3500 ὥσπερ
2995 3447 3049 3483 τι
3086 3428 3305 3500 εὕρημα
3331 3428 3425 3481 τοῦ
3451 3429 3791 3498 πατριάρχου

520 3518 707 3571 obrem
743 3516 913 3570 omnis
944 3526 1203 3570 creatura:
1233 3516 1530 3583 Dominus,
1570 3534 1635 3573 ac
1665 3520 1713 3575 si
1749 3522 1969 3590 aliquod
2021 3523 2104 3576 in-

2204 3526 2515 3595 γενόμενος,
2583 3522 2727 3585 ἰδίως
2802 3520 2947 3584 Θεὸς
2987 3520 3095 3573 τοῦ
3140 3520 3394 3588 Ἀϐραὰμ
3442 3517 3787 3587 ὀνομάζεται.

525 3619 747 3664 ventum
810 3610 1008 3664 luisset
1065 3611 1395 3680 patriarchae
1432 3611 1630 3676 factus,
1691 3615 1911 3684 proprie
1964 3614 2102 3669 Deus

2217 3618 2353 3670 Ἀλλ’
2386 3619 2532 3685 ὅμως
2566 3614 2617 3667 τί
2654 3631 2785 3684 φησι
2829 3614 2957 3683 περὶ
3003 3612 3211 3665 ἐκείνου
3238 3614 3266 3664 ὁ
3297 3611 3451 3678 λόγος
3479 3627 3493 3673 ;
3542 3610 3666 3662 Ὅτι
3698 3608 3791 3672 ἐξ·

523 3701 796 3757 ΑὑναΙιαηι
845 3704 1198 3758 nominatur:
1263 3712 1639 3760 verumtamen
1695 3705 1827 3775 quid
1895 3707 1963 3761 de
2011 3707 2104 3761 illo

2204 3709 2384 3779 ἦλθεν,
2420 3708 2518 3759 οὐκ
2548 3705 2909 3775 ἐπιστάμενος
2950 3703 3053 3756 ποῦ
3088 3703 3408 3773 ἀπέρχεταιο
3436 3701 3550 3754 ἀλλ’
3576 3699 3695 3752 οὐδὲ
3727 3700 3792 3751 τὸ

519 3808 702 3848 sermo
734 3794 909 3848 dicit?
941 3796 1085 3865 quod
1123 3794 1293 3849 exivit
1331 3797 1584 3852 nesciens
1615 3811 1725 3866 quo
1757 3797 1861 3851 iret
1895 3798 1961 3851 “.
1990 3796 2100 3851 Sed

2203 3802 2375 3870 ὄνομα
2395 3798 2488 3852 τοῦ
2539 3796 2908 3866 ἀγαπωμένου
2961 3794 3150 3866 μαθεῖν
3199 3795 3474 3864 χωρήσας,
3522 3791 3645 3844 οὔτε
3680 3792 3793 3861 μὴν

520 3901 696 3955 neque
749 3886 826 3939 illi
874 3902 1072 3942 nomen
1110 3886 1231 3957 ejus
1281 3902 1444 3956 quem
1478 3888 1761 3959 diligebat,
1791 3888 2005 3943 discere
2037 3888 2102 3941 li-

2204 3896 2269 3963 τῇ
2300 3892 2490 3960 ἀγνοίᾳ.
2515 3889 2688 3962 ταύτῃ
2717 3887 3131 3957 δυσανασχετῶν
3158 3903 3216 3939 τε
3252 3885 3346 3937 καὶ
3372 3884 3785 3953 αἰσχυνόμενος.

520 3981 672 4045 cuit;
709 3994 887 4048 neque
913 3988 1091 4035 tamen
1122 3982 1192 4035 ob
1224 3981 1368 4036 hanc
1399 3981 1761 4052 ignorantiam
1802 3996 1947 4050 aegre
1976 3982 2102 4034 tulit

2205 3983 2374 4037 Τοῦτο
2402 3983 2499 4053 μὲν
2533 3978 2625 4035 οὖν
2653 3980 2800 4049 αὐτῷ
2839 3980 2933 4033 καὶ
2953 3981 2986 4049 ἡ
3015 3976 3261 4049 ἀσφαλὴς
3288 3972 3356 4046 ἦν
3372 3975 3433 4028 τδ
3457 3973 3792 4044 ζητούμενον

520 4079 614 4125 aut
640 4070 878 4126 erubuit.
915 4071 1030 4127 Hoc
1057 4072 1225 4143 igitur
1254 4074 1358 4142 ipsi
1385 4082 1503 4129 erat
1538 4089 1732 4130 secura
1764 4086 1819 4129 et
1843 4082 1984 4137 tuta,
2034 4074 2099 4129 ad

2203 4076 2413 4146 ὁδηγία,
2460 4074 2520 4127 τὸ
2552 4073 2738 4146 μηδενὶ
2765 4072 2872 4125 τῶν
2920 4069 3224 4141 προχείρων
3258 4071 3336 4131 εἰς
3378 4066 3701 4136 κατανόησιν
3726 4066 3788 4116 ἐν

519 4163 577 4217 id
610 4164 757 4232 quod
790 4164 1155 4234 quaerebatur,
1210 4165 1490 4229 deductio,
1548 4166 1694 4235 quod
1734 4167 1884 4220 nulla
1913 4183 2102 4222 eorum

2202 4169 2321 4229 ταῖς
2344 4163 2590 4235 περὶτοῦ
2626 4162 2761 4215 Θεοῦ
2811 4161 3071 4223 διανοίαις
3114 4157 3601 4231 χειραγωγεῖσθαν
3651 4156 3786 4227 μηδὲ

521 4271 646 4325 qua:
673 4263 924 4326 prompta
964 4265 1094 4312 sunt
1132 4257 1197 4312 ad
1224 4257 1595 4328 cognitionem
1645 4258 1700 4312 in
1755 4258 1840 4313 his
1892 4262 2103 4315 notitiis

2202 4278 2307 4312 τινι
2356 4257 2492 4319 ὅλως
2531 4254 2636 4307 τῶν
2682 4252 3250 4322 καταλαμϐανομένων
3282 4249 3602 4302 ἐνσείσασαν
3636 4248 3788 4317 αὐτῷ

519 4363 644 4418 quae
672 4346 740 4403 de
767 4346 880 4401 Deo
915 4356 1075 4412 sunt,
1109 4349 1262 4418 quasi
1308 4366 1472 4404 manu
1498 4350 1812 4416 duceretur,
1849 4353 2106 4422 quodque

2205 4368 2337 4405 ποτε
2369 4350 2468 4419 τὴν
2493 4346 2729 4399 διάνοιαν
2765 4344 2952 4414 στῆναι
2981 4343 3077 4413 τῆς
3102 4343 3178 4405 είς
3209 4342 3269 4394 τὺ
3298 4341 3551 4393 ἐπέκεινα
3571 4339 3676 4392 τῶν
3696 4355 3788 4407 γι-

521 4439 675 4495 nullo
734 4440 957 4508 penitus
1011 4454 1201 4495 eorum
1250 4454 1371 4508 qua:
1408 4441 1797 4511 comprehendi
1848 4453 2100 4511 possunt,

1250 4454 1371 4508 qua:
1408 4441 1797 4511 comprehendi
1848 4453 2100 4511 possunt,
2207 4439 2571 4510 νωσκομένων
2600 4436 2846 4507 πορείας.

520 4541 792 4587 commota
827 4533 1002 4603 ipsius
1041 4534 1395 4604 intelligentia
1436 4548 1785 4604 progressum
1819 4538 1938 4607 ejus
1971 4540 2211 4605 sisteret,
2244 4538 2310 4590 ad
2332 4533 2384 4587 id
2416 4532 2560 4601 quod
2591 4530 2775 4583 omnia
2809 4542 2929 4598 qua:
2957 4533 3365 4596 cognoscuntur
3400 4533 3639 4595 superat.

730 4626 1192 4695 quemadmodum
1230 4625 1545 4695 indigenam
1583 4628 1705 4696 ejus
1745 4631 2092 4700 sapientiam,
2128 4661 2173 4715 Β

2160 4665 2173 4707 ι
2282 4624 2422 4680 Ἀλλ’
2456 4623 2645 4693 ὥσπερ
2675 4622 2774 4691 τὴν
2805 4618 3068 4691 ἐγχώριον
3098 4617 3262 4672 αὐτοῦ
3296 4617 3506 4685 σοφίαν,
3535 4617 3630 4686 τὴν
3652 4615 3796 4668 Χαλ-

518 4714 868 4773 Chaldaicam
905 4717 1029 4772 dico
1071 4717 1494 4787 philOSOphiam,
1549 4734 1724 4789 usque
1757 4721 1824 4774 ad
1871 4737 1937 4777 ea
1978 4740 2098 4793 quae
2130 4709 2153 4715 -

2148 4709 2153 4713 ’
2200 4721 2393 4792 δαῖκὴν
2416 4719 2558 4787 λέγω
2582 4714 2918 4787 φιλοσοφίαν,
2947 4713 3106 4784 μέχρι
3126 4712 3233 4764 τῶν
3255 4711 3592 4782 φαινομένων
3614 4709 3784 4762 ἐστῶ-

520 4815 787 4879 apparent
828 4810 1219 4864 consistentem
1270 4810 1691 4866 ratiocinatione
1729 4828 1853 4866 eum
1899 4816 2099 4871 transi-

2205 4833 2303 4869 σαν
2314 4812 2389 4883 τῷ
2405 4809 2648 4881 λογισμῷ
2659 4807 2868 4872 διαϐὰς,
2886 4808 2981 4860 κα)⁴
2997 4804 3324 4876 ὑψηλότερος
3341 4804 3447 4856 τῶν
3463 4803 3551 4856 διά
3576 4802 3675 4872 τῆς
3695 4804 3785 4856 αἰ-

520 4900 719 4961 liisset,
756 4907 920 4969 atque
947 4900 1033 4955 his
1058 4917 1178 4970 quas
1200 4917 1367 4956 sensu
1392 4912 1805 4972 cognoscuntur
1827 4907 2100 4962 excelsior

2204 4906 2446 4977 σθήσεως
2464 4901 2880 4972 γινωσκομένων
2900 4900 3211 4968 γενόμενος,
3228 4900 3294 4950 ἐκ
3315 4895 3411 4953 τοῦ
3428 4895 3654 4958 κάλλους
3673 4894 3787 4949 τῶν

520 4988 722 5052 factus,
786 5003 853 5043 ex
898 4988 1307 5058 pulchritudine
1354 5005 1544 5045 eorum
1594 5006 1717 5061 quae
1758 4994 2100 5063 contempla-

2203 4994 2613 5068 θεωρουμένων,
2641 4992 2736 5046 καὶ
2765 4994 2828 5045 ἐκ
2872 4992 2971 5062 τῆς
3002 4989 3366 5062 εὐαρμοστίας
3384 4988 3493 5041 τῶν
3516 4987 3782 5058 οὐρανίων

520 5078 671 5133 tione
716 5078 1116 5148 percipiuntur,
1167 5087 1331 5149 atque
1388 5096 1455 5135 ex
1507 5082 1810 5137 caelestium
1858 5084 2099 5139 miracu-

2202 5088 2517 5159 θαυμάτων,
2570 5085 2632 5139 τὸ
2669 5083 2953 5138 ἀτύπωτον
3002 5082 3197 5146 κάλλος
3242 5082 3368 5135 ἰδεῖν
3394 5076 3784 5149 ’ἐπεθύμησεν-

519 5171 701 5226 lorum
757 5170 1150 5235 concinnitate,
1203 5171 1396 5227 formis
1444 5188 1553 5228 non
1606 5173 1839 5230 edictam
1869 5190 1972 5230 nec
1997 5192 2096 5232 ex-

2208 5176 2352 5234 οὖτω
2410 5178 2503 5231 καὶ
2542 5176 2611 5231 τὰ
2660 5176 2794 5230 ἄλλα
2835 5176 3011 5229 πάντα
3045 5177 3143 5229 ὅσα
3178 5172 3381 5244 προῖὼν
3419 5171 3497 5241 τῷ
3538 5169 3782 5239 λογισμῷ

520 5276 769 5332 pressam
803 5262 1270 5332 pulchritudinem
1294 5263 1777 5333 videreexpetivit:
1814 5264 1964 5322 sicel
1987 5266 2093 5320 alia

2202 5268 2626 5337 κατελάμϐανεν,
2675 5266 2783 5318 εἴτε
2808 5264 3058 5335 δύναμιν,
3088 5264 3197 5317 εἴτε
3232 5263 3556 5332 ἀγαθότητα,
3588 5262 3696 5314 εἴτε
3723 5261 3782 5313 τὸ

519 5353 705 5409 omnia
732 5368 854 5424 qua:
880 5354 1303 5409 ratiocinatione
1340 5355 1641 5424 procedens
1671 5357 2094 5426 comprehende-

2200 5362 2450 5431 άνάρχως
2476 5355 2634 5421 εἶναι,
2659 5357 2769 5410 εἴτε
2800 5357 2860 5410 τὸ
2891 5357 3026 5427 πρὸς
3062 5356 3212 5410 οὐδὲν
3263 5356 3435 5424 πέρας
3480 5351 3778 5424 ὁρίζεσθαι,

518 5445 631 5510 bat,
679 5445 795 5501 sive
831 5446 1153 5515 potentiam.
1197 5446 1313 5502 sive
1338 5447 1657 5513 bonitatem,
1694 5447 1811 5502 sive
1838 5447 1984 5517 quod
2011 5459 2096 5504 est

2201 5452 2310 5504 εἴτε
2363 5469 2415 5503 τι
2440 5450 2675 5504 τοιοῦτον
2708 5451 2893 5520 ἕτερον
2922 5450 3101 5520 νόημα
3139 5450 3266 5520 περὶ
3310 5448 3407 5519 τὴν
3441 5447 3591 5500 θείαν
3621 5446 3781 5515 φύσιν

518 5551 641 5592 esse
687 5538 896 5607 absque
934 5538 1147 5607 origine
1184 5547 1239 5593 et
1280 5538 1568 5610 principio,
1614 5539 1734 5594 sive
1767 5538 1913 5610 quod
1943 5540 2096 5594 nullo

2203 5542 2534 5614 εὑρίσκεται,
2568 5543 2743 5597 πάντα
2765 5541 2952 5611 ἐφόδια
2986 5540 3122 5615 πρὸς
3148 5542 3244 5612 τὴν
3270 5540 3380 5594 ἄνω
3414 5539 3657 5612 πορείαν,
3687 5538 3780 5592 καὶ

521 5628 779 5684 delinitur
828 5631 1084 5698 termino,
1136 5631 1258 5687 sive
1288 5631 1423 5702 quid
1465 5631 1611 5686 aliud
1659 5632 1766 5688 tale
1798 5632 2096 5704 cogitatum

2204 5634 2517 5707 ὑποϐάθρας
2570 5633 2910 5707 ποιούμενος,
2968 5636 3062 5691 καὶ
3104 5633 3192 5689 ἀεὶ
3232 5636 3345 5699 τοῖς
3372 5631 3778 5707 εὑρισκομένοις

629 5806 676 5839 ⁸⁸
713 5806 757 5861 ll
783 5808 910 5865 Cor.
953 5826 1007 5876 ν,
1042 5810 1095 5866 7.
1204 5811 1249 5881 7“
1286 5809 1449 5867 llebr.
1485 5826 1560 5879 χι,
1593 5811 1645 5866 8.
