4142 6374
385 413 483 469 τις

1510 418 1793 476 CONTRA
1833 422 2225 492 EUNOMIUM,
2256 426 2386 482 LIB.
2436 425 2545 481 XII.

3549 426 3648 478 υἱὲ

387 533 797 603 ἐπερειδόμενος
828 536 923 588 καὶ
943 538 1053 598 τοῖς
1073 536 1378 608 ἔμπροσθεν
1403 541 1849 613 ἐπεκτεινόμενος
1869 544 1968 607 τάς

2084 554 2127 599 at
2167 548 2352 601 anilno
2390 554 2711 617 perceptum
2750 545 2819 601 de
2864 544 3051 601 divina
3102 553 3299 600 natura
3344 546 3638 609 invenitur,

389 625 561 688 καλάς
590 625 803 685 ὲκείνας
845 625 1157 689 άναὸάσεις.
1180 626 1362 692 καθώς
1403 646 1565 699 φησιν
1590 633 1619 683 ὁ
1650 634 1966 704 Προφήτης,

388 718 447 771 ἐν
473 720 540 789 τῇ
570 719 767 790 καρδίᾳ.
794 719 1186 790 διατιθέμενος.
1223 722 1317 774 καὶ
1336 724 1444 776 πᾶν
1467 722 1529 777 τὸ
1552 724 1969 796 καταλαμϐανό-

393 826 551 877 μενον
585 809 689 862 ὑπὸ
728 809 830 878 τῆς
880 809 1015 874 ιδίας
1049 810 1352 880 δυνάμεως,
1383 813 1460 875 ὼς
1502 813 1595 867 τοῦ
1638 813 1969 885 ζητουμένου

394 899 720 971 μικρότερον
762 900 1105 971 ὑπερϐαίνων
1133 918 1150 933 ’
1203 900 1327 955 ἐπεὶ
1376 906 1555 958 πᾶσαν
1595 908 1654 959 ἐν
1692 910 1812 971 ταῖς
1844 910 1972 979 περὶ

391 991 485 1043 τοῦ
520 991 654 1044 Θεοῦ
708 991 1007 1062 ὑπολήψεσι
1036 992 1134 1065 τὴν
1161 993 1220 1058 ἐξ
1248 995 1515 1066 ὀνόματος
1548 1000 1839 1070 γινομένην
1867 1002 1973 1071 τῆς

394 1082 611 1151 φύσεως
629 1084 878 1137 εἰκασίαν
890 1084 1256 1157 παρέδραμεν,
1277 1088 1590 1159 ὲκκαθήρας
1610 1090 1701 1144 τὸν
1716 1091 1973 1162 λογισμὸν

393 1176 505 1229 τῶν
524 1177 784 1230 τοιούτων
804 1177 1088 1241 ὑπονοιῶν,
1120 1180 1294 1252 ἀμιγῆ
1313 1199 1372 1234 τε
1405 1184 1497 1237 καὶ
1523 1183 1769 1255 καθαρὰν
1795 1185 1974 1256 πάσης

397 1266 605 1328 ἐννοίας
656 1267 758 1336 τὴν
793 1267 975 1321 πίστιν
1003 1269 1307 1334 ἀναλαϐὼν,
1338 1272 1496 1326 τοῦτο
1528 1275 1752 1345 σημεῖον
1787 1276 1974 1346 ἐποιή-

400 1374 530 1409 σατο
550 1358 649 1428 τῆς
674 1359 766 1411 τοῦ
795 1358 928 1412 Θεοῦ
960 1360 1307 1428 ἐπιγνώσεως
1342 1362 1580 1428 ἀπλανὲς
1603 1382 1659 1417 τε
1690 1364 1976 1437 καὶ¹ἕκδη-

399 1448 510 1512 λον,
541 1449 603 1501 τὸ
632 1450 865 1520 κρείττω
887 1453 983 1504 καὶ
1020 1452 1347 1524 ὑψηλότερον
1382 1455 1583 1519 παντὸς
1613 1457 1974 1525 γνωριστικοῦ

400 1540 631 1611 σημείου
661 1541 752 1594 τὸν
770 1542 900 1595 Θεὸν
924 1538 1062 1595 εἶναι
1084 1542 1388 1598 πιστεῦσαι.
1423 1546 1520 1599 Διά
1548 1563 1629 1599 τοι
1662 1546 1819 1599 τοῦτο
1841 1547 1978 1617 μετά

399 1631 500 1702 τὴν
545 1632 913 1687 ἐπιπεσοῦσάν
949 1634 1165 1706 ἐκείνην
1194 1635 1449 1690 ἔκστασιν
1513 1641 1577 1692 ἐκ
1606 1639 1715 1692 τῶν
1760 1639 1976 1710 ὑψηλῶν

400 1724 708 1795 θεαμάτων,
736 1727 896 1782 πάλιν
918 1729 975 1790 ἐς
998 1730 1096 1800 τὴν
1118 1728 1462 1801 ἀνθρωπίνην
1485 1731 1799 1803 κατακύψας
1819 1731 1980 1785 ἀσθὲο

398 1833 547 1871 νειαν
572 1835 586 1848 ⁸
628 1818 773 1887 Ἐγὼ
804 1819 872 1874 δέ
897 1822 1034 1890 εἰμι,
1065 1822 1219 1892 φησι,
1255 1820 1332 1891 γῆ
1362 1823 1460 1877 καί
1509 1825 1746 1891 σποδός
1769 1837 1783 1852 ·
1820 1840 1977 1877 τουτ-

2071 641 2253 692 omnia
2278 638 2474 692 viatica
2504 638 2570 692 ad
2606 652 2970 708 supernorum
2998 636 3386 708 perfectionem
3420 637 3650 699 faciens,

2071 733 2125 780 et
2171 724 2330 794 quasi
2383 725 2645 790 fulcrum,
2699 734 2755 782 et
2797 728 3240 782 sustentaculum
3306 728 3651 798 prrejaeiens,

2073 833 2399 889 semperque
2447 820 2683 876 inventis
2715 820 2939 875 innixus
2988 829 3041 875 et
3071 823 3435 891 praesentibus
3471 824 3652 876 inten-

2073 921 2183 975 tus,
2210 911 2473 980 pulchras
2497 910 2622 967 illas
2647 913 3021 977 ascensiones,
3048 915 3191 968 sicut
3212 914 3287 967 ait
3305 913 3571 985 Propheta
3588 916 3650 976 ",

2074 1002 2129 1056 in
2172 1004 2343 1058 corde
2392 1002 2716 1074 disponens,
2748 1015 2804 1059 et
2850 1020 3012 1058 omne
3057 1006 3200 1075 quod
3237 1006 3656 1076 comprehendi-

2074 1106 2164 1151 tur
2213 1110 2244 1150 a
2285 1098 2507 1167 propria
2541 1096 2820 1161 facultate,
2859 1106 2918 1151 ut
2954 1113 3020 1153 eo
3045 1098 3191 1169 quod
3244 1098 3509 1168 qumritnr
3547 1092 3652 1147 mi-

2074 1202 2201 1247 nus,
2241 1185 2752 1256 superascendens;
2800 1196 3091 1258 postquam
3149 1203 3365 1242 omnem
3420 1204 3541 1258 qum
3587 1204 3651 1243 ex

2075 1277 2395 1333 nominibus
2432 1286 2613 1348 potest
2649 1279 2959 1351 ingenerari
3010 1289 3220 1335 naturis
3258 1280 3651 1349 conjecturam,

2075 1366 2225 1421 circa
2271 1368 2561 1437 opiniones
2604 1384 2728 1439 quae
2778 1368 2845 1425 de
2900 1368 3011 1424 Deo
3062 1378 3212 1431 sunt,
3264 1369 3653 1440 praztercurrit,

2077 1460 2281 1516 talibus
2305 1461 2716 1530 suspicionibus
2748 1463 3014 1518 rationem
3041 1469 3395 1531 cxpurgatam
3427 1462 3654 1523 habens,

2078 1552 2582 1622 impermistamque
2616 1562 2672 1607 et
2714 1568 2910 1623 puram
2963 1552 3034 1607 ab
3068 1553 3221 1607 omni
3274 1552 3464 1605 notitia
3498 1550 3653 1605 ﬁdem

2078 1644 2333 1714 adeptus,
2359 1645 2463 1699 hoc
2487 1644 2707 1714 signum
2732 1644 2939 1699 erroris
2961 1644 3209 1699 nescium
3229 1651 3282 1697 et
3305 1641 3654 1696 manifestum

2076 1736 2145 1790 de
2181 1735 2273 1790 Dei
2328 1736 2648 1807 cognitione
2705 1736 2857 1802 fecit,
2911 1735 3059 1807 quod
3098 1736 3451 1807 pra:stantius
3480 1742 3562 1789 est
3604 1742 3659 1788 et

2078 1828 2353 1882 excelsius
2382 1828 2532 1881 omni
2573 1828 2730 1898 signo
2756 1828 2825 1883 ad
2872 1827 3242 1898 cognitionem
3278 1827 3428 1889 dato,
3462 1840 3660 1894 nempe

398 1909 565 1972 ἐστιν,
601 1910 815 1980 ἄφωνός
847 1928 906 1964 τε
953 1912 1047 1965 καί
1076 1912 1452 1984 ἀνενὲργητος,
1493 1914 1569 1978 ὡς
1596 1916 1735 1986 πρὸς
1758 1915 1857 1985 τὴν
1879 1916 1973 1969 τοῦ

2084 1920 2327 1984 credere,
2380 1921 2508 1990 quia
2544 1919 2691 1977 Deus
2715 1930 2818 1976 est.
2850 1920 3147 1992 Propterea
3172 1928 3294 1989 post
3322 1920 3468 1973 illam
3500 1933 3657 1972 men-

394 1999 683 2068 νοηθέντος
734 2000 942 2071 ἀγαθοῦ
977 2002 1293 2071 ἑρμηνείαν.
1343 2002 1411 2055 Ἦ
1456 2003 1565 2074 γάρ
1592 2005 1661 2075 γῆ
1700 1998 1850 2058 δοκεί
1885 2022 1973 2074 μοι

398 2094 495 2147 καὶ
525 2095 559 2163 ἡ
586 2094 762 2167 τέφρα
789 2094 849 2146 τὸ
869 2093 1071 2164 ἄψυχον
1102 2094 1196 2148 καὶ
1225 2095 1287 2148 τὸ
1314 2094 1505 2164 ἄγονον
1534 2096 1650 2165 ἅμα
1686 2096 1975 2167 διασημαί-

393 2204 532 2249 νειν,
568 2187 660 2239 καὶ
680 2186 820 2242 οὕτω
840 2187 1003 2257 νόμος
1033 2186 1266 2251 πίστεως
1296 2187 1503 2257 γίνεται
1530 2188 1607 2259 τῷ
1638 2189 1775 2259 μετά
1804 2188 1977 2243 ταῦτα

400 2277 502 2347 βίῳ
526 2293 540 2307 ·
596 2275 862 2330 διδάσκων
894 2280 961 2348 τῇ
1009 2279 1131 2332 κατ’
1164 2279 1325 2334 αὑτὸν
1355 2280 1566 2350 ἱστορίᾳ
1601 2281 1727 2343 τοὺς
1755 2280 1831 2350 τῷ
1861 2280 1978 2351 Θεῷ

398 2368 741 2438 προσιόντας,
797 2369 880 2422 ὅτι
901 2368 1001 2423 οὑκ
1053 2369 1200 2424 ἐστιν
1230 2371 1404 2435 ἄλλως
1437 2372 1793 2443 προσεγγίσαι
1823 2372 1976 2441 Θεῷ,

403 2459 479 2530 μὴ
507 2460 738 2522 πίστεως
776 2459 1163 2532 μεσιτευούσης
1199 2462 1293 2516 καὶ
1327 2463 1707 2533 συναπτούσης
1753 2463 1820 2516 δι’
1859 2465 1981 2517 tau-

395 2553 499 2622 τῆς
543 2553 635 2605 τὸν
686 2551 1045 2623 ἐπιζητοῦντα
1095 2554 1220 2610 νοῦν
1261 2555 1399 2626 πρὸς
1445 2554 1542 2627 τὴν
1598 2556 1979 2625 ἀκατάληπτον

405 2641 592 2711 φύσιν.
626 2642 956 2697 Καταλιπὼν
983 2645 1094 2717 γὰρ
1122 2647 1223 2716 τὴν
1262 2648 1329 2699 ἐκ
1380 2646 1481 2717 τῆς
1531 2647 1785 2716 γνώσεως
1822 2649 1982 2701 πολυσ

402 2736 796 2806 πραγμοσύνην
824 2775 839 2799 ,
910 2737 1299 2802 Ἔπίστευσε,
1345 2738 1544 2809 φησὶν,
1606 2738 1851 2808 Ἀϐραὰμ
1904 2737 1984 2804 τῷ

404 2825 548 2891 Θεῷ,
602 2827 698 2880 καὶ
745 2827 1028 2896 ἐλογίσθη
1061 2826 1223 2893 αὐτῷ
1268 2826 1355 2891 εὶς
1399 2828 1814 2897 δικαιοσύνην.
1869 2832 1984 2883 υὺκ

404 2918 619 2989 ἐγράφη
649 2918 704 2972 δὲ
753 2919 819 2973 δι’
854 2920 1080 2984 ἐκεῖνον,
1114 2921 1143 2974 ὁ
1184 2920 1504 2984 Ἀπόστολος
1539 2921 1708 2989 λέγει,
1744 2921 1881 2975 ἀλλά
1916 2922 1982 2974 δι’

404 3012 571 3081 ἡμᾶς.
595 3011 677 3064 ὅτι
711 3012 810 3082 τὴν
856 3011 1056 3075 πίστιν,
1071 3012 1190 3083 οὑχὶ
1219 3012 1319 3083 τὴν
1350 3012 1554 3081 γνῶσιν
1579 3016 1608 3067 ὁ
1637 3013 1769 3077 Θεὸς
1801 3015 1881 3077 εἰς
1908 3014 1987 3067 δι-

404 3100 697 3172 καιοσύνην
726 3101 997 3169 λογίζεται
1014 3105 1125 3165 τοῖς
1145 3102 1470 3174 ἀνθρώποις.
1501 3104 1565 3156 Ἠ
1588 3104 1689 3173 μὲν
1714 3103 1824 3175 γάρ
1844 3103 1987 3172 γνῶν

406 3208 492 3255 σις
532 3191 608 3256 ὼς
666 3195 972 3265 ἐμπορικήν
1003 3211 1133 3249 τινα.
1155 3194 1255 3264 τὴν
1281 3195 1522 3251 διάθεσιν
1561 3195 1698 3267 ἔχει,
1733 3196 1877 3267 μόνῳ
1908 3195 1986 3265 τῷ

404 3286 792 3357 γινωσκομένφ
842 3286 1241 3360 συντιθεμένη*
1290 3289 1325 3359 ἠ
1373 3288 1430 3341 δὲ
1490 3288 1600 3341 τῶν
1643 3287 1984 3360 Χριστιανῶν

405 3374 611 3441 πίστις,
634 3376 737 3447 οὑχ
770 3376 960 3441 οὑτως.
990 3379 1064 3431 Οὑ
1086 3378 1194 3450 γάρ
1224 3379 1334 3433 τῶν
1370 3381 1789 3451 γινωσκομένων
1807 3421 1823 3444 ,
1852 3381 1988 3435 ἀλλά

405 3469 514 3521 τῶν
546 3467 913 3539 ἐλπιζομένων
939 3471 1086 3524 ἐστὶν
1119 3470 1415 3536 ὑπόστασις
1441 3489 1457 3502 ο
1489 3473 1549 3526 τὸ
1576 3474 1633 3527 δέ
1663 3474 1986 3545 διακρατοῦ-

409 3579 567 3630 μενον
594 3563 694 3615 οὐκ
715 3561 1013 3626 ἐλπίζεται.
1051 3565 1113 3615 Ὅ
1154 3564 1265 3634 γὰρ
1306 3564 1431 3635 ἔχει
1460 3583 1574 3632 τις,
1619 3567 1778 3635 φησὶ,
1808 3566 1867 3619 τί
1889 3566 1987 3620 καὶ

403 3652 627 3713 ἐλπίζει
647 3669 668 3717 ;
688 3654 761 3707 Τὸ
787 3653 844 3707 δὲ
868 3654 1159 3723 διαφεῦγον
1187 3654 1283 3725 τὴν
1300 3657 1628 3727 κατανόησιν
1654 3657 1832 3728 ἡμῶν,
1859 3658 1990 3728 ἠμέ-

407 3761 560 3815 τερον
587 3747 621 3815 ἡ
668 3744 849 3808 πίστις
880 3748 1043 3809 ποιεῖ,
1062 3745 1151 3799 διὰ
1179 3747 1278 3817 τῆς
1329 3746 1463 3811 ἰδίας
1503 3747 1850 3819 βεϐαιότητος
1896 3750 1983 3816 ἐγ·

408 3837 661 3908 γυωμένη
696 3837 757 3890 τὸ
785 3836 860 3907 μὴ
889 3837 1235 3908 φαινόμενον.
1270 3837 1425 3892 Οὕτω
1451 3840 1560 3910 γάρ
1588 3858 1720 3911 φησι
1742 3843 1870 3913 περὶ
1894 3842 1985 3896 τοῦ

410 3928 601 3982 πιστοῦ
657 3932 687 3982 ὁ
730 3929 1069 3994 Ἀπόστολος,
1122 3933 1206 3984 ὅτι
1252 3931 1369 3985 Τὸν
1408 3932 1677 4001 ἀόρατον,
1698 3934 1781 4001 ὡς
1835 3934 1990 4003 ὀρῶν

407 4018 792 4088 ἐκαρτέρησε.
820 4020 1063 4085 Μάταιος
1107 4017 1201 4075 οὖν
1223 4023 1252 4075 ὁ
1283 4021 1375 4075 διὰ
1396 4021 1651 4091 γνώσεως
1678 4024 1776 4093 τῆς
1812 4025 1989 4095 μάτην

412 4114 712 4185 φυσιούσης
739 4114 1039 4183 ἐπιγνῶναι
1069 4114 1167 4185 τὴν
1195 4115 1346 4169 θείαν
1374 4116 1565 4170 οὐσίαν
1591 4117 1816 4170 δυνατὸν
1851 4113 1990 4170 εἶναι

408 4209 604 4277 λέγων.
629 4208 768 4263 Οὑτε
796 4209 905 4281 γὰρ
933 4209 1220 4282 ἄνθρωπος
1248 4208 1390 4263 οὕτω
1419 4208 1614 4280 μέγας,
1633 4209 1771 4263 ὥστε
1795 4210 1988 4275 ἐξισῶ-

413 4318 503 4355 σαι
558 4299 636 4371 τῷ
692 4300 876 4372 Κυρίῳ
922 4301 1022 4373 τὴν
1058 4300 1475 4373 καταληπτικὴν
1508 4300 1704 4356 ἑαυτοῦ
1737 4301 1985 4372 δύναμιν.

417 4394 514 4459 Τίς
539 4392 648 4465 γὰρ
677 4394 748 4448 ἐν
775 4393 1433 4463 νεφέλαιςίσωθήσεται
1461 4393 1542 4459 τῷ
1570 4395 1801 4462 Κυρίφ;
1825 4398 1990 4467 φησιν

411 4486 441 4536 δ
466 4483 650 4538 Δαδίδ·
683 4483 811 4538 οῦτε
838 4482 983 4537 οὑτω
1022 4483 1219 4556 μικρὸν
1238 4484 1298 4536 τὸ
1331 4483 1683 4554 ζητούμενον,
1712 4484 1853 4538 ὥστε
1885 4485 1991 4539 ὑπὸ

2010 3255 2056 3315 C

2078 2013 2149 2068 tis
2170 2013 2591 2068 commotionem
2615 2028 2737 2083 quae
2758 2029 2822 2067 ex
2849 2013 2958 2069 illis
2982 2013 3215 2069 excelsis
3234 2009 3659 2080 speculamentis

2079 2105 2367 2168 inciderat,
2424 2120 2620 2161 rursus
2664 2105 2733 2159 ad
2789 2105 3086 2160 humanam
3148 2103 3519 2158 inﬁrmitatem
3567 2116 3658 2154 re-

2078 2198 2318 2260 volutus,
2357 2196 2470 2266 Ego
2496 2213 2611 2251 vero
2638 2236 2653 2260 ,
2691 2197 2873 2267 inquit
2898 2237 2912 2261 ,
2944 2212 3061 2249 sum
3113 2195 3286 2263 pulvis
3315 2203 3365 2247 et
3395 2193 3531 2247 cinis
3552 2232 3567 2257 ,
3606 2192 3658 2243 id

2077 2298 2163 2345 est
2184 2298 2393 2353 mutus,
2423 2290 2572 2345 iners
2605 2297 2662 2346 et
2693 2289 2941 2345 ineﬂicax
2975 2288 3043 2342 ad
3070 2286 3496 2357 explicationem
3530 2282 3660 2337 boni

2078 2379 2227 2450 quod
2276 2389 2459 2437 mente
2496 2388 2850 2452 conceperat.
2882 2378 3053 2436 Terra
3086 2378 3231 2434 enim
3277 2376 3409 2431 mihi
3439 2374 3661 2465 ‘videtur

2080 2482 2136 2528 et
2167 2473 2334 2537 cinis,
2361 2474 2513 2544 quod
2549 2472 2745 2528 animm
2794 2488 2993 2543 expers
3028 2478 3084 2526 et
3115 2470 3302 2527 sterile
3353 2468 3539 2531 simul,
3580 2467 3658 2521 si-

2080 2565 2361 2634 gniﬁcare.
2408 2563 2474 2619 Et
2500 2564 2587 2619 sic
2632 2563 2718 2620 lex
2750 2562 2877 2618 ﬁdei
2911 2562 2973 2617 ﬁt
2996 2564 3123 2617 vita
3155 2568 3410 2631 posterae,
3453 2558 3660 2612 docens

2083 2656 2185 2709 hac
2226 2655 2455 2711 historia
2494 2669 2591 2709 eos
2621 2654 2714 2724 qui
2745 2652 2814 2707 ad
2846 2653 3014 2708 Deum
3048 2651 3336 2716 accedunt,
3372 2649 3519 2720 quod
3552 2666 3660 2703 non

2084 2749 2245 2803 aliter
2293 2748 2423 2804 iicet
2468 2746 2580 2803 Deo
2620 2746 3083 2818 appropinquare,
3137 2744 3245 2800 nisi
3289 2744 3392 2798 ﬁde
3420 2744 3661 2797 interve-

2084 2840 2289 2904 niente,
2328 2848 2385 2895 et
2412 2855 2512 2909 per
2543 2854 2601 2894 se
2628 2838 2923 2909 copulante
2952 2836 3292 2892 intellectum
3315 2836 3407 2903 qui
3439 2832 3665 2903 inquirit

2084 2945 2211 2985 cum
2273 2938 2473 2985 natura
2520 2926 3083 2999 incomprehensibili.
3138 2925 3346 2981 Relicta
3404 2926 3547 2979 enim
3596 2938 3665 2978 ex
3714 2995 3723 3005 '

2084 3021 2397 3092 cognitione
2431 3019 2775 3080 curiositate,
2827 3016 3085 3080 Credidit,
3148 3014 3345 3082 inquit,
3393 3014 3665 3067 Abraham

2086 3109 2219 3174 Deo,
2284 3120 2334 3166 et
2382 3119 2684 3179 reputatum
2735 3117 2815 3162 est
2873 3108 2921 3161 ei
2972 3106 3041 3160 ad
3086 3106 3363 3176 justitiam
3411 3106 3476 3158 “.
3544 3102 3662 3157 Non

2090 3203 2355 3273 scriptum
2417 3211 2507 3257 est
2550 3209 2774 3271 pr0pter
2835 3200 3014 3266 illum,
3067 3198 3144 3251 ait
3204 3196 3523 3266 Apostolus,
3571 3196 3667 3249 sed

2090 3305 2315 3367 propter
2360 3311 2484 3362 nos,
2536 3294 2687 3366 quod
2719 3294 2908 3360 ﬁdem,
2956 3307 3068 3347 non
3113 3290 3482 3361 cognitionem
3525 3288 3669 3343 Deus

2088 3387 2156 3443 ad
2195 3389 2467 3459 justitiam
2511 3386 2833 3441 hominibus
2863 3391 3108 3456 reputat.
3138 3380 3273 3435 Nam
3296 3380 3541 3451 cognitio
3570 3394 3665 3432 ve—

2089 3481 2171 3534 lut
2217 3479 2635 3549 negotiatoriam
2683 3478 2978 3548 quamdam
3026 3474 3445 3545 dispositionem
3483 3471 3668 3532 habet,

2089 3572 2193 3627 soli
2239 3571 2460 3641 cognito
2499 3570 2832 3636 assentiens,
2878 3568 2974 3624 sed
3042 3566 3485 3622 Christianorum
3535 3563 3671 3618 fides

2088 3678 2199 3717 non
2238 3663 2356 3729 sic;
2409 3678 2515 3716 non
2550 3662 2696 3716 enim
2734 3676 2923 3715 eorum
2963 3674 3085 3730 qua:
3113 3665 3544 3729 cognoscuntur,
3576 3654 3671 3708 sed

2087 3768 2212 3824 quae
2256 3761 2551 3823 sperantur
2593 3761 2680 3807 est
2724 3751 3140 3806 fundamentum
3190 3749 3307 3804 sive
3341 3745 3667 3801 substantia.

2089 3845 2248 3912 Quod
2296 3859 2425 3899 vero
2484 3851 2704 3899 tenetur
2755 3843 2987 3896 ﬁrmiter
3035 3856 3145 3896 non
3196 3847 3473 3909 Speratur.
3518 3836 3673 3901 Quod

2087 3938 2227 3991 enim
2253 3937 2369 4006 quis
2398 3934 2571 3998 habet,
2605 3936 2680 3989 ait
2707 3935 3021 4005 Apostolus,
3044 3930 3168 4003 quid
3204 3932 3365 3986 etiam
3394 3928 3674 4000 sperat“?

2088 4028 2246 4094 Quod
2296 4038 2477 4084 autem
2527 4010 2773 4082 nostram
2808 4026 3178 4096 cognitionem
3215 4023 3377 4094 fugit,
3415 4030 3668 4076 nostrum

2092 4125 2229 4179 ﬁdes
2270 4121 2425 4187 iacit,
2466 4121 2749 4192 spondens
2795 4120 3016 4191 propria
3074 4118 3331 4172 ﬁrmitate
3361 4114 3509 4185 quod
3559 4129 3669 4167 non

2090 4223 2339 4287 apparet.
2387 4214 2479 4269 Sic
2518 4214 2665 4269 enim
2705 4212 2783 4267 ait
2830 4212 2898 4265 de
2947 4210 3091 4267 ﬁdeli
3147 4209 3465 4281 Apostolus,
3516 4205 3671 4272 Quod

2089 4308 2405 4362 inuisibilem
2445 4315 2702 4374 tanquam
2732 4304 2910 4358 videns
2938 4303 3147 4371 fortiter
3174 4300 3427 4355 sustinuit
3457 4298 3522 4351 ι’.
3559 4294 3669 4347 νμ-

2091 4415 2195 4454 nus
2229 4398 2397 4468 igitur
2436 4396 2533 4467 qui
2565 4410 2662 4466 per
2700 4394 3067 4464 cognitionem
3115 4392 3323 4446 frustra
3366 4389 3667 4445 inllantem.

2090 4492 2332 4545 divinam
2385 4489 2684 4545 essentiam
2729 4502 2891 4557 posse
2936 4485 3185 4557 dignosci
3222 4489 3490 4538 autumat.
3550 4478 3669 4533 Non

411 4574 687 4645 λογισμῶν
751 4574 1101 4647 ἀνθρωπίνης
1172 4575 1510 4647 βραχύτητος
1567 4577 1982 4648 περιληφθῆναι.

2095 4579 2239 4633 enim
2276 4578 2440 4632 homo
2486 4576 2557 4631 ita
2591 4590 2843 4646 magnus.
2877 4585 2937 4629 ut
2969 4573 3475 4645 comprehen'sivam
3510 4587 3666 4625 suam

414 4668 615 4720 ’Δκουε
642 4665 736 4720 τοῦ
771 4664 1199 4737 Ἐκκλησιαστοῦ
1240 4665 1717 4735 συμϐουλεύοντος,
1756 4665 1853 4732 Μὴ
1891 4665 1976 4729 ἑξ-

410 4758 679 4829 ενεγκεῖν
698 4757 864 4829 ῥῆμα
891 4758 1006 4828 πρὸ
1056 4758 1381 4829 προσώπου
1413 4758 1583 4820 Θεοῦ,
1623 4758 1713 4812 ὅτι
1761 4760 1794 4811 ὀ
1822 4758 1985 4823 Θεὸς,

414 4852 598 4922 φησὶν,
655 4852 727 4905 ἐν
785 4852 867 4917 τῷ
915 4852 1147 4920 οὐρανῷ
1196 4851 1339 4916 ἅνω,
1366 4850 1569 4904 καὶσὺ
1598 4849 1698 4904 ἐπὶ
1736 4848 1848 4917 τῆς
1883 4847 1993 4919 τῆς

412 4943 588 4998 κάτω.
613 4944 860 4995 Δείκνυσι
886 4944 964 5007 δὲ,
998 4940 1173 5013 οἶμαι,
1197 4944 1287 4996 διά
1310 4943 1407 5012 τῆς
1433 4941 1539 4995 τῶν
1568 4942 1851 5011 στοιχείων
1873 4940 1994 4993 τού-

412 5054 521 5091 των
544 5036 680 5107 πρὸς
701 5036 906 5105 ἄλληλα
936 5035 1285 5099 οἱκειώσεως,
1325 5035 1522 5106 μᾶλλον
1552 5034 1608 5086 δὲ
1638 5034 1992 5097 διαστάσεως,

412 5130 535 5181 ὅσον
593 5116 898 5198 ὑψηλοτέρα
934 5129 967 5197 ἠ
997 5128 1117 5180 θεία
1156 5125 1317 5196 φύσις
1369 5127 1469 5195 τῆς
1492 5124 1601 5177 τῶν
1640 5124 1996 5196 ἀνθρωπίνων

413 5218 690 5289 λογισμῶν
748 5218 1047 5289 περινοίας.
1082 5220 1247 5271 Ὅσον
1294 5217 1403 5287 γάρ
1431 5216 1676 5287 ἀνώτερα
1717 5215 1785 5268 τά
1818 5214 1992 5285 ἄστρα

414 5311 515 5379 τῆς
541 5312 649 5365 τῶν
673 5311 948 5365 δακτύλων
978 5310 1141 5379 ἁφῆς,
1176 5307 1454 5369 τοσοῦτον,
1487 5306 1685 5377 μᾶλλον
1713 5304 1770 5357 δὲ
1796 5304 1993 5359 πολλα-

416 5402 640 5458 πλάσιον
667 5406 805 5475 καὶὴ
825 5403 1003 5456 πάντα
1028 5399 1152 5455 νοῦν
1178 5400 1516 5471 ὑπερέχουσα
1543 5397 1703 5467 φύσις
1724 5397 1832 5450 τῶν
1849 5396 1994 5465 λογι-

418 5492 572 5563 σμῶν
596 5492 704 5545 τῶν
732 5492 935 5563 γηΐνων
972 5488 1429 5561 ὑπερανέστηκεν.

2095 4667 2407 4722 facultatem
2438 4667 2667 4720 Domino
2699 4681 2918 4736 aequare
2945 4666 3161 4719 audeat.
3206 4664 3337 4729 Quis
3383 4663 3556 4722 enim,
3590 4662 3672 4714 in-

2095 4760 2213 4829 quit
2251 4758 2441 4820 David,
2477 4759 2531 4812 in
2557 4756 2778 4812 nubibus
2801 4756 3101 4827 wquabitur
3123 4756 3349 4809 Domino
3373 4754 3453 4806 "‘1
3493 4768 3671 4820 neque

2090 4852 2233 4906 enim
2266 4850 2413 4921 quod
2463 4850 2731 4919 quaeritur
2782 4849 2857 4903 ita
2908 4862 3133 4917 parvum
3178 4856 3349 4901 estet
3398 4846 3557 4902 exile.
3614 4853 3672 4895 ut

2093 4941 2404 4996 rationibus
2434 4942 2688 4995 humanae
2720 4939 3003 4995 brevitatis
3037 4939 3211 5008 possit
3256 4935 3664 5005 comprehemli.

2092 5033 2232 5088 Audi
2268 5031 2655 5088 Ecclesiastem
2700 5032 2780 5087 sic
2813 5030 3218 5085 consulentem:
3262 5026 3391 5083 Noli
3436 5028 3671 5095 proferre

2093 5122 2304 5178 verbum
2355 5134 2477 5177 ante
2526 5122 2722 5189 faciem
2773 5120 2890 5175 Dei.
2947 5120 3091 5187 Quia
3140 5118 3305 5181 Deus,
3364 5119 3561 5188 inquit,
3615 5118 3669 5167 in

2098 5217 2228 5271 εοείο
2258 5231 2492 5280 sursum,
2527 5224 2578 5268 et
2621 5227 2675 5266 tu
2702 5214 2919 5266 interra
2959 5212 3201 5264 deorsum
3227 5212 3288 5263 ".
3326 5209 3673 5262 Demonstrat

2100 5316 2283 5361 autem
2323 5322 2418 5377 per
2469 5306 2663 5360 horum
2717 5305 3111 5358 elementorum
3155 5312 3396 5356 mutuam
3434 5300 3665 5368 conjun-

2099 5398 2356 5463 ctionem,
2384 5397 2494 5450 imo
2520 5409 2651 5449 vero
2671 5394 3012 5459 distantiam,
3038 5400 3243 5462 quanto
3263 5392 3447 5445 divina
3480 5399 3672 5442 natura

2103 5486 2462 5543 humanarum
2510 5485 2988 5543 ratiocinationum
3021 5483 3421 5554 excogitatione
3453 5490 3538 5536 est
3580 5496 3672 5535 su-

416 5587 656 5643 blimior.
706 5586 920 5653 Quanto
951 5587 1095 5642 enim
1124 5585 1306 5642 sidera
1337 5585 1629 5655 digitorum
1673 5593 1817 5639 tactu
1862 5595 1991 5640 sunt
2028 5585 2242 5649 altiora,
2264 5594 2439 5649 tanto,
2465 5585 2576 5639 imo
2600 5598 2729 5638 vero
2746 5582 2934 5637 multis
2988 5581 3254 5651 partibus,
3276 5594 3396 5651 qure
3456 5592 3672 5632 omnem

416 5679 751 5737 intellectum
781 5689 1002 5750 superat
1026 5688 1243 5742 natura,
1274 5680 1505 5736 terrenis
1542 5679 1962 5750 cogitationibus
1996 5686 2052 5734 et
2088 5679 2391 5734 rationibus
2426 5677 2675 5747 superior
2717 5683 2913 5731 exstat.

520 5794 563 5824 ¹²
597 5791 744 5848 Psal.
777 5810 977 5856 Lnxv,
1010 5793 1064 5847 6.

417 5878 685 5929 Lxxxvm,
712 5864 761 5919 7.
845 5866 883 5896 ¹⁷
919 5862 1100 5920 Eccle.
1130 5882 1183 5932 γ,
1214 5865 1264 5919 1.

1186 5795 1230 5826 ¹³
1262 5794 1398 5851 Gen.
1434 5809 1524 5859 xv,
1569 5791 1633 5859 6;
1684 5791 1839 5849 Rom.
1899 5810 1972 5859 v1,
2007 5794 2060 5848 ὅ.

2194 5793 2236 5825 ⁸⁸
2268 5792 2425 5847 Rom.
2461 5808 2581 5857 vm,
2611 5791 2700 5843 ‘24.
2830 5791 2868 5821 ’³
2907 5787 3069 5843 ilebr.
3115 5802 3191 5852 χι,
3224 5785 3313 5841 27.
3446 5782 3487 5813 ⁸⁸
3518 5773 3659 5831 Psal.
