4142 6374
449 416 552 471 963

1655 414 1712 469 S.
1768 415 2090 471 GllEGORll
2132 419 2419 476 NYSSENI

3606 414 3707 466 91’.

521 529 661 601 Ergo
683 546 806 585 cum
838 530 1193 586 didicerimus
1213 538 1474 601 quantum
1501 540 1710 587 natura:
1733 534 2027 590 discrimen

2201 539 2409 593 Οὐκοῦν
2446 539 2709 608 μαθόντες
2740 540 2863 593 ὅσον
2896 537 2994 608 τῆς
3040 537 3253 605 φύσεως
3303 537 3364 589 τὸ
3402 534 3711 589 διαλλάττ‹.ν

447 629 551 688 est,
591 624 644 677 in
702 624 940 695 pr0priis
981 623 1229 678 terminis
1265 624 1447 693 quiete
1489 631 1541 677 et
1589 626 1877 695 tranquille
1912 641 2027 680 ma-

450 729 698 769 neamus.
723 716 919 769 Tutius
940 715 1083 769 enim
1106 713 1269 769 simul
1290 721 1344 768 et
1364 714 1695 785 religiosius,
1720 717 1841 786 plus
1865 732 2028 785 quam

447 807 592 874 quod
640 806 987 876 intelligitur,
1038 804 1133 860 Dei
1182 804 1520 875 majestatem
1570 814 1624 861 et
1673 808 2028 877 magnificen-

448 901 581 953 tiam
622 914 746 954 esse
802 900 1046 962 credere,
1094 913 1259 969 quam
1302 899 1629 968 quibusdam
1680 900 2029 969 Opinionibus

450 990 678 1057 gloriam
716 986 889 1058 ipsius
927 988 1448 1043 circumscribentes
1471 1028 1485 1049 .
1515 987 1651 1041 nihil
1685 1003 1846 1057 supra
1882 988 2029 1043 illam

452 1088 671 1148 putare;
710 1080 1011 1149 praesertim
1035 1094 1211 1148 neque
1238 1078 1284 1134 si
1309 1080 1433 1148 quis
1456 1087 1630 1132 tutum
1655 1096 1776 1134 esse
1806 1080 2026 1145 dixerit,

442 1170 689 1223 divinam
716 1170 1011 1224 essentiam
1041 1184 1149 1223 non
1176 1168 1396 1224 curiose
1430 1177 1483 1224 et
1516 1170 1750 1224 sollicite
1774 1186 2030 1241 perscru-

452 1261 692 1323 tandum,
741 1268 801 1315 ut
862 1261 1280 1316 inenarraliilem
1326 1269 1382 1315 et
1446 1261 1698 1317 hmnanis
1747 1262 2028 1332 cogitatio-

450 1350 613 1405 nibus
657 1351 1284 1420 incomprehensibilem,
1337 1360 1391 1406 et
1434 1351 1857 1407 intractabilem.
1893 1350 2027 1405 Nam

451 1443 686 1497 obscura
741 1444 879 1498 velle
928 1445 1245 1513 conjectura
1295 1446 1635 1514 pertingere,
1688 1452 1741 1499 et
1793 1444 2027 1514 aliquam

442 1538 792 1591 occultorum
842 1538 1207 1608 cognitionem
1243 1556 1309 1594 ex
1357 1540 1718 1593 humanarum
1757 1540 2029 1594 rationum

452 1626 913 1682 commentatione
944 1629 1204 1691 scrutari,
1241 1629 1392 1685 falsis
1418 1630 1770 1699 opinionibus
1806 1639 1862 1684 et
1889 1645 2032 1683 com-

447 1716 717 1771 mentitiis
761 1717 968 1770 aditum
1025 1724 1079 1772 et
1134 1720 1580 1788 consequentiam
1628 1719 1852 1789 praebet,
1903 1718 2030 1787 quia

453 1808 545 1875 qui
582 1823 643 1862 ea
675 1824 793 1878 quae
840 1811 1162 1879 ignorantur
1205 1810 1557 1881 conjectavit,
1594 1826 1704 1864 non
1734 1810 1909 1864 solum
1936 1826 2031 1865 ve-

454 1916 597 1962 rum,
655 1903 748 1956 sed
782 1911 836 1956 et
883 1904 1059 1973 ipsum
1110 1904 1455 1959 mendacium
1506 1920 1679 1974 sape,
1728 1913 1785 1958 ut
1844 1921 2029 1959 verum
2064 1889 2105 1943 Β

455 1992 785 2062 opinabitur.
820 1993 1234 2066 Evangeliorum
1261 2007 1441 2051 autem
1470 2004 1523 2050 et
1545 1996 1843 2065 prophetiae
1864 1995 2032 2052 disci-

455 2084 636 2152 pulus,
668 2084 811 2154 quod
844 2086 1062 2155 quidem
1097 2096 1182 2141 est
1206 2087 1296 2141 ille
1317 2088 1411 2157 qui
1436 2096 1541 2152 est,
1579 2097 1688 2140 tam
1719 2103 1783 2141 ex
1825 2088 2031 2142 sanctis

456 2174 753 2245 Scripturis
798 2192 936 2247 quas
975 2178 1204 2246 audivit,
1246 2194 1409 2248 quam
1441 2194 1507 2233 ex
1550 2193 1737 2233 eorum
1772 2194 1892 2249 qua:
1933 2194 2032 2251 ap-

455 2276 647 2337 parent
686 2277 809 2338 apta
848 2271 1239 2337 concinnitate,
1262 2279 1316 2326 et
1344 2286 1439 2340 per
1475 2270 1837 2326 Providentiae
1868 2287 2033 2343 opera

456 2360 645 2414 rredit.
669 2360 807 2426 Quid
834 2370 1014 2416 autem
1040 2372 1093 2416 et
1117 2362 1394 2432 quomodo
1432 2369 1538 2424 est,
1572 2368 1631 2415 ut
1657 2362 1846 2417 inutile
1870 2364 2033 2418 simul

453 2463 507 2506 et
557 2454 796 2524 ineptum
838 2469 946 2508 non
978 2455 1249 2523 exquiret,
1291 2469 1469 2523 neque
1502 2453 1673 2506 ullum
1709 2453 1857 2509 dabit
1881 2471 2032 2509 men-

457 2545 616 2599 dacio
652 2553 843 2599 contra
886 2545 1169 2600 veritatem
1219 2546 1537 2613 introitum;
1588 2561 1715 2602 nam
1765 2547 1819 2600 in
1870 2546 2034 2600 nimis

458 2638 619 2691 anxie
652 2646 703 2691 et
743 2637 961 2692 curiose
1006 2637 1336 2707 inquirendo
1378 2654 1639 2708 perversa
1674 2646 1728 2694 et
1760 2637 1923 2692 fallax
1953 2652 2037 2690 ra-

460 2730 741 2783 tLocinatio
811 2729 988 2783 locum
1053 2730 1293 2796 invenit,
1356 2731 1451 2785 sed
1515 2730 1663 2786 omni
1715 2730 2036 2785 curiositate

459 2832 707 2876 cessante
742 2836 973 2891 prorsus
1020 2824 1198 2877 omnis
1234 2823 1521 2878 aberrandi
1570 2823 1870 2879 necessitas
1903 2822 2035 2877 abs-

458 2913 733 2967 conditur.
793 2912 858 2965 Et
908 2913 1054 2981 quod
1105 2929 1230 2968 vera
1286 2916 1425 2969 ratio
1466 2915 1641 2979 adest,
1675 2929 1741 2970 ex
1776 2914 1879 2968 hoc
1925 2914 2037 2968 dis-

460 3006 638 3070 cendi,
672 3006 947 3075 quomodo
986 3004 1353 3060 Ecclesiarum
1402 3007 1638 3062 haereses
1680 3007 1735 3061 in
1770 3006 1951 3061 varias
1983 3014 2037 3060 et

462 3099 834 3169 discrepantes
885 3098 955 3153 de
1006 3098 1117 3152 Deo
1163 3099 1449 3168 opiniones
1496 3114 1623 3154 cum
1660 3115 1847 3155 errore
1879 3097 2039 3153 defle-

464 3191 661 3250 xerint.
691 3206 813 3244 cum
848 3190 991 3244 alius
1032 3190 1333 3245 secundum
1366 3192 1603 3261 aliquam
1635 3192 1796 3246 aliam
1836 3192 2036 3246 mentis
2065 3231 2105 3286 Ε

463 3281 756 3334 motionem
812 3280 1051 3349 seipsum
1089 3280 1381 3349 deceperit.
1420 3280 1489 3334 Ut
1530 3281 1694 3335 etiam
1742 3280 1796 3334 hi
1828 3281 1928 3350 ipsi
1971 3280 2039 3334 de

465 3374 665 3443 quibus
711 3379 796 3426 est
857 3386 1060 3436 sermo,
1109 3372 1162 3425 in
1218 3372 1319 3425 hoc
1380 3371 1675 3442 impietatis
1726 3373 2038 3427 barathrum

468 3464 675 3517 lubrice
717 3471 1064 3517 corruerunt.
1114 3462 1309 3516 Annon
1363 3463 1620 3518 omnibus
1671 3470 1818 3518 esset
1867 3464 2040 3519 tutius

467 3554 769 3610 secundum
853 3554 1105 3623 apientiae
1157 3555 1447 3609 consilium
1480 3570 1587 3611 non
1628 3571 1875 3626 quaerere
1911 3572 2039 3625 pro-

469 3648 754 3707 luudiora.
813 3645 910 3701 sed
948 3663 1003 3702 ιιι
1056 3649 1240 3717 quiete
1294 3649 1527 3718 simplex
1565 3647 1686 3703 ﬁdei
1733 3647 2040 3716 depositum

469 3740 776 3794 inviolabile
828 3748 884 3794 et
940 3739 1201 3794 intactum
1256 3740 1359 3794 sibi
1396 3740 1530 3809 ipsis
1558 3738 1880 3795 custodire?
1934 3736 2042 3792 Sed

466 3838 751 3898 postquam
783 3830 998 3899 penitus
1027 3828 1190 3898 cmpit
1217 3800 1494 3882 hominum
1514 3828 1693 3882 vilitas
1722 3836 1775 3881 et
1804 3828 2038 3891 vanitas,

465 3932 667 3975 temere
711 3936 804 3990 per
844 3936 908 3976 ea
967 3937 1088 3991 qua:
1133 3925 1311 3974 mente
1356 3917 1741 3988 comprehendi
1773 3933 1881 3972 non
1915 3932 2041 3986 pos-

466 4021 613 4077 sunt,
663 4012 933 4077 incedere,
962 4028 1027 4067 ac
1064 4011 1301 4066 decretis
1336 4010 1551 4064 firmare
1582 4024 1737 4063 vanae
1764 4008 2041 4078 opinionis

466 4121 579 4157 sua:
617 4113 921 4157 commenta
965 4122 978 4157 :
1015 4104 1140 4159 inde
1170 4104 1367 4172 longus
1402 4102 1690 4173 catalogus
1728 4115 1917 4155 eorum
1948 4100 2040 4170 qui

465 4196 679 4249 veritati
732 4194 929 4248 bellum
978 4195 1236 4259 inferunt,
1289 4196 1429 4248 inter
1467 4208 1607 4262 quos
1643 4192 1697 4246 lii
1742 4192 1902 4245 etiam
1937 4192 2042 4261 ipsi

465 4286 532 4337 ale
577 4286 775 4344 quibus
814 4300 992 4339 sermo
1040 4294 1142 4350 est,
1207 4285 1300 4354 qui
1343 4286 1549 4338 erroris
1601 4291 1656 4336 et
1696 4281 1904 4337 fraudis
1942 4286 2043 4336 do-

468 4376 738 4444 gmatista:
766 4382 1155 4444 apparuerunt,
1194 4376 1285 4444 qui
1316 4375 1459 4444 quod
1498 4376 1639 4429 Deus
1669 4384 1773 4437 est,
1801 4375 2042 4428 circum-

468 4467 767 4535 scriptione
830 4467 1066 4536 quadam
1129 4466 1596 4536 complectentcs,
1647 4467 2039 4537 propemodum

2132 633 2268 697 ἐστὶ,
2293 634 2404 695 τοῖς
2446 632 2595 695 ἰδίοις
2623 633 2768 701 ὅροις
2798 630 2866 683 δι’
2899 631 3131 701 ἡσυχίας
3155 629 3498 699 ἐμμένωμεν.
3518 628 3711 696 Ἀσφα-

2131 726 2381 797 λέστερον
2405 724 2512 795 γὰρ
2540 725 2658 794 ἅμα
2701 727 2794 778 καὶ
2832 724 3214 794 εὐσεϐέστερον
3252 722 3412 775 πλέον
3440 720 3535 774 τοῦ
3560 738 3704 773 νοου-

2134 815 2295 883 μένου
2347 815 2408 867 τὸ
2458 812 2875 884 μεγαλοπρεπὲς
2909 808 3046 865 εἶναι
3090 810 3186 864 τοῦ
3226 808 3363 863 Θεοῦ
3409 808 3705 872 πιστεύειν,

2131 908 2164 977 ἡ
2197 924 2337 959 τισιν
2377 906 2650 970 ὑπονοίαις
2705 906 2803 977 τὴν
2842 905 2999 969 δόξαν
3030 903 3194 958 αὑτοῦ
3243 902 3703 974 περιγράψαντας,

2136 994 2300 1063 μηδὲν
2365 995 2504 1064 ὑπὲρ
2554 996 2730 1047 ἐκεῖνο
2766 994 2993 1048 οἴεσθαι.
3024 993 3132 1047 Kal
3180 992 3355 1055 ἄλλως
3398 992 3505 1043 οὐδ’
3540 991 3603 1045 ἀν
3626 1010 3706 1055 τις

2132 1084 2373 1154 ἀσφαλὲς
2418 1079 2557 1137 εἶναι
2581 1085 2826 1156 φήσειεν,
2875 1082 3437 1154 ἀπολυπραγμόνητον
3483 1083 3577 1153 ὲᾷν
3612 1082 3708 1152 τὴν

2133 1176 2284 1230 θείαν
2318 1175 2506 1230 οὐσίαν
2552 1176 2626 1239 ὡς
2664 1176 2974 1248 ἀπόρρητον
3000 1175 3092 1227 καὶ
3122 1175 3403 1243 ἀνέπαφον
3436 1173 3710 1243 ἀνθρωπί-

2130 1288 2243 1332 νοις
2269 1272 2565 1340 λογισμοῖς.
2617 1269 2691 1323 Τὸ
2721 1269 2817 1339 μὲν
2842 1270 2950 1340 γὰρ
2984 1268 3091 1323 τῶν
3123 1268 3332 1339 ἀδήλων
3373 1268 3708 1336 καταστοχά-

2133 1363 2340 1429 ζεσθαι,
2370 1362 2463 1417 καί
2482 1379 2603 1416 τινα
2630 1362 2737 1415 τῶν
2776 1362 3110 1433 ἀποκρύφων
3136 1361 3338 1430 γνῶσιν
3371 1361 3429 1427 ἐξ
3469 1360 3708 1424 ἐπινοίας

2132 1456 2487 1526 ἀνθρωπίνων
2513 1456 2790 1525 λογισμῶν
2838 1454 3183 1526 ἐρευνᾶσθαι,
3207 1454 3443 1523 πάροδον
3472 1455 3563 1506 καὶ
3585 1453 3709 1507 ἀκό-

2131 1547 2318 1600 λουθον
2352 1547 2444 1601 καὶ
2473 1549 2591 1608 ταῖς
2618 1545 3030 1616 διεψευσμέναις
3072 1546 3181 1598 τῶν
3204 1545 3525 1615 ὑπολήψεων
3556 1545 3708 1598 δίδω-

2134 1657 2235 1694 σιν.
2260 1641 2402 1693 Διότι
2423 1639 2532 1692 τῶν
2569 1640 2946 1710 ἀγνοουμένων
2972 1641 3000 1691 6
3024 1639 3439 1709 ἐστοχασμένος,
3465 1639 3523 1690 οὑ
3553 1638 3709 1707 μόνον

2131 1733 2193 1786 τὸ
2233 1732 2451 1804 ἀληθὲς,
2492 1732 2629 1785 ἀλλά
2670 1732 2762 1785 καὶ
2802 1730 2940 1785 αὐτὸ
2984 1731 3245 1793 πολλάκις
3285 1731 3345 1783 τὸ
3379 1730 3591 1800 ψεῦδος,
3633 1728 3708 1794 ὡς

2132 1828 2331 1900 ἀληθὲς
2372 1827 2721 1898 ὑπολήψεται.
2771 1828 2829 1879 Ὁ
2861 1826 2916 1879 δὲ
2949 1826 3059 1879 τῶν
3093 1826 3446 1894 Εὑαγγελίων
3478 1826 3572 1879 καὶ
3612 1824 3709 1893 τῆς

2134 1921 2467 1992 προφητείας
2516 1917 2794 1989 μαθητὴς,
2844 1918 2926 1971 ὅτι
2976 1916 3072 1987 μὲν
3118 1916 3262 1969 ἔστιν
3308 1918 3337 1969 6
3379 1914 3485 1979 ὢν,
3528 1914 3587 1979 ἐξ
3634 1908 3710 1968 ὧν

2133 2016 2339 2089 ἀκήκοέ
2383 2033 2442 2069 τε
2472 2014 2577 2066 τῶν
2607 2013 2798 2080 ἁγίων,
2834 2009 2928 2062 καὶ
2972 2008 3059 2061 διὰ
3096 2011 3194 2078 τῆς
3238 2006 3343 2060 τῶν
3374 2005 3711 2075 φαινομένων

2132 2108 2529 2178 εὑαρμοστίας,
2561 2105 2654 2157 καὶ
2685 2103 2793 2155 τῶν
2824 2102 2924 2170 τῆς
2957 2099 3217 2171 Προνοίας
3244 2097 3418 2169 ἔργων
3444 2094 3707 2149 πιστεύει.

2134 2202 2198 2255 Τί
2226 2202 2282 2254 δὲ
2316 2200 2411 2253 καὶ
2457 2199 2606 2259 ὅπως
2651 2195 2818 2257 ἐστὶν,
2852 2194 2927 2256 ὡς
2954 2191 3227 2259 ἀνωφελὲς
3256 2191 3373 2259 ἅμα
3404 2188 3494 2241 καὶ
3521 2190 3712 2257 ἀνόνη-

2132 2310 2222 2347 τον
2245 2292 2346 2345 οὐκ
2371 2288 2656 2355 ἐξετάζων,
2683 2285 2937 2355 οὐδεμίαν
2960 2282 3118 2335 δώσει
3146 2281 3222 2353 τῷ
3243 2281 3426 2350 ψεύδει
3451 2279 3593 2333 κατά
3610 2279 3715 2349 τῆς

2133 2381 2389 2452 ἀληθείας
2416 2380 2514 2451 τὴν
2543 2377 2765 2431 εἴσοδον.
2809 2375 2897 2427 Ἐν
2936 2372 3032 2443 μὲν
3059 2371 3167 2442 γὰρ
3202 2370 3280 2441 τῷ
3312 2370 3708 2439 πολυπραγμο-

2134 2477 2245 2528 νεῖν
2294 2473 2389 2526 καὶ
2435 2467 2843 2541 παραλογισμδς
2887 2464 3068 2535 χώραν
3113 2462 3387 2532 εὑρίσκει·
3439 2462 3619 2532 πάσης
3655 2461 3712 2513 δὲ

2134 2559 2659 2634 πολυπραγμοσύνης
2710 2555 2983 2628 ἀργούσης
3007 2594 3021 2617 ,
3056 2552 3528 2606 συναποκόπτεται
3573 2552 3709 2606 πάνυ

2133 2672 2241 2717 τως
2268 2654 2363 2707 καὶ
2390 2654 2423 2723 ἠ
2451 2650 2545 2703 τοῦ
2570 2650 2890 2720 διαμαρτεῖν
2928 2646 3160 2715 ἀνάγκη.
3194 2645 3305 2697 Καὶ
3339 2644 3421 2696 ὅτι
3452 2641 3653 2713 ἀληθὴς
3683 2643 3713 2694 ὁ

2132 2746 2287 2814 λόγος
2318 2745 2578 2812 πάρεστιν
2608 2743 2672 2793 ὲκ
2727 2738 2916 2792 τούτου
2947 2737 3155 2806 μαθεῖν,
3186 2736 3304 2799 πῶς
3342 2735 3399 2787 αἱ
3441 2734 3549 2787 τῶν
3590 2734 3714 2786 Ἐκ-

2136 2835 2374 2907 κλησιῶν
2416 2833 2655 2904 αἱρέσεις
2707 2832 2787 2893 εἰς
2843 2827 3092 2890 ποικίλας
3138 2827 3232 2879 καὶ
3276 2825 3568 2894 διαφόρους
3614 2825 3714 2885 τὰς

2136 2925 2373 2997 περὶτοῦ
2399 2923 2533 2977 Θεοῦ
2566 2920 2861 2991 ὑπολήψεις
2893 2914 3374 2989 ἀπεπλανήθησαν,
3397 2916 3557 2970 ἄλλου
3589 2915 3715 2967 κατ’

2136 3016 2300 3087 ἄλλην
2325 3014 2445 3067 τινὰ
2465 3015 2562 3083 τῆς
2589 3011 2827 3073 διανοίας
2858 3009 3070 3079 κίνησιν
3092 3007 3281 3060 ἑαυτὸν
3307 3006 3709 3074 ἀπατήσαντος.

2139 3107 2261 3170 Πῶς
2300 3106 2452 3159 αὐτοὶ
2475 3097 2622 3157 οὗτοι
2659 3102 2786 3173 περὶ
2818 3094 2894 3154 ὧν
2920 3102 2948 3153 6
2986 3100 3143 3167 λόγος
3187 3098 3314 3169 περὶ
3344 3098 3406 3150 τὸ
3443 3095 3714 3167 βάραθρον

2138 3196 2295 3250 τοῦτο
2350 3195 2449 3265 τῆς
2505 3191 2757 3254 ἀσεϐείας
2804 3187 3155 3244 κατὼλισθον.
3199 3183 3325 3257 'Ap’
3372 3186 3493 3255 οὐχὶ
3548 3186 3716 3237 πᾶσιν

2141 3286 2541 3358 ἀσφαλέστερον
2570 3280 2637 3355 ἦν
2669 3281 2808 3335 κατά
2834 3280 2932 3349 τὴν
2961 3277 3268 3348 συμϐουλὴν
3298 3277 3397 3348 τῆς
3411 3277 3607 3347 Σοφίας
3638 3273 3715 3345 μὴ

2141 3380 2320 3449 ζητεῖν
2346 3378 2414 3429 τὰ
2437 3375 2739 3445 βαθύτερα;
2778 3372 2937 3424 Ἀλλά
2955 3371 3018 3423 δι’
3035 3368 3265 3441 ἡσυχίας
3292 3366 3389 3436 τὴν
3418 3365 3596 3435 ἁπλῆν
3615 3364 3715 3433 τῆς

2142 3473 2374 3532 πίστεως
2408 3466 2880 3539 παρακαταθήκην
2927 3461 3121 3516 ἄσυλον
3168 3462 3380 3521 ἑαυτοῖς
3425 3457 3717 3527 ἀσφαλίζε-

2143 3562 2266 3617 σθαι
2287 3580 2302 3628 ;
2342 3560 2479 3615 Ἀλλ’
2503 3559 2626 3612 ἐπεὶ
2650 3557 2785 3618 ὅλως
2809 3553 2983 3625 ἀρχὴν
3004 3551 3193 3604 ἔλαϐεν
3219 3553 3252 3620 ἡ
3278 3550 3385 3602 τῶν
3412 3547 3715 3619 ἀνθρώπων

2140 3655 2413 3719 οὐδένεια,
2464 3653 2576 3715 τοῖς
2621 3647 2998 3719 ἀπερινοήτοις
3044 3642 3366 3714 ἐμϐατεύειν
3422 3642 3581 3712 εἰκῆ,
3624 3639 3715 3692 καὶ

2141 3746 2373 3816 δόγμασι
2405 3740 2693 3815 κρατύνειν
2738 3738 2809 3792 τὰ
2858 3740 2960 3809 τῆς
2996 3736 3231 3807 ματαίας
3263 3735 3492 3804 οἰήσεως
3539 3731 3717 3785 αὑτῶν

2142 3836 2573 3907 παρευρήματα·
2622 3828 2869 3884 ἐντεῦθεν
2893 3830 2922 3882 6
2954 3827 3121 3891 πολὺς
3165 3824 3461 3891 κατάλογος
3494 3822 3602 3876 τῶν
3649 3824 3712 3891 τῇ

2142 3929 2368 3999 ἀληθείᾳ
2410 3922 2954 3997 προσπολεμούντων,
3002 3920 3096 3973 καὶ
3128 3917 3282 3971 αὐτοὶ
3313 3910 3457 3969 οὗτοι
3489 3915 3617 3984 περὶ
3640 3907 3716 3966 ὧν

2141 4023 2170 4074 6
2202 4022 2358 4090 λόγος
2386 4019 2552 4083 ἐστὶν,
2582 4016 2631 4069 οἳ
2661 4011 3018 4085 δογματισταῖ¹
3056 4011 3155 4081 τῆς
3186 4009 3403 4078 ἀπάτης
3435 4007 3717 4076 ἀναπεφήο

2141 4131 2317 4177 νασιν,
2338 4114 2385 4164 οἱ
2412 4111 2490 4173 εἰς
2523 4108 2871 4179 περιγραφήν
2901 4119 3021 4156 τινα
3057 4101 3119 4153 τὸ
3143 4100 3297 4153 Θεῖον
3333 4099 3579 4167 ἄγοντες,
3620 4114 3715 4166 μο-

2141 4206 2356 4277 νονουχλ⁸
2404 4201 2653 4273 φανερῶς
2695 4197 3161 4256 εἰδωλοποιοῦντες
3202 4191 3411 4246 ἑαυτῶν
3443 4190 3539 4260 τὴν
3583 4188 3716 4242 ὑπόι

2143 4314 2309 4362 νοιαν,
2350 4297 2406 4347 ἐν
2436 4293 2512 4364 τῷ
2541 4292 2641 4363 τὴν
2672 4288 3079 4360 ἐμφαινομένην
3114 4287 3181 4355 τῇ
3247 4281 3577 4352 ἀγεννησίᾳ
3603 4279 3717 4331 διά-

2142 4407 2289 4443 νοιαν
2330 4385 2533 4456 ταύτην
2582 4382 2867 4447 θεοποιεῖν,
2911 4379 2986 4442 ὡς
3034 4377 3153 4446 οὐχὶ
3204 4373 3347 4429 κατά
3392 4390 3518 4425 τινα
3562 4372 3715 4436 λόγον

2143 4476 2618 4549 ὲπιθεωρουμένην
2661 4476 2730 4544 τῇ
2779 4471 2898 4541 θεία
2950 4468 3137 4539 φύσει,
3183 4466 3297 4519 ἀλλ’
3343 4465 3514 4535 αὑτὴν
3551 4458 3715 4516 οὖσαν

466 4571 647 4624 aperte
687 4572 839 4611 suam
871 4557 1181 4626 opinionem
1219 4559 1362 4612 velut
1398 4558 1600 4612 idolum
1639 4559 1869 4627 lingunt,
1908 4558 2033 4611 dum

2141 4570 2292 4629 Θεὸν,
2320 4569 2353 4639 ἢ
2380 4568 2566 4621 οὐσίαν
2610 4562 2768 4617 Θεοῦ.
2800 4561 2991 4615 Καίτοι
3018 4576 3081 4628 γε
3112 4560 3240 4621 ἴσως
3273 4558 3437 4628 ἐχρῆν
3464 4555 3596 4627 πρὸς
3625 4553 3716 4605 τὸν

466 4648 607 4701 hanc
648 4649 1060 4719 intelligentiam
1111 4664 1231 4717 quae
1278 4658 1362 4703 est
1401 4650 1453 4702 in
1510 4665 1699 4704 eorum
1746 4650 2041 4719 ἀγεννησίᾳ

466 4742 741 4803 dcificaut.
796 4752 855 4795 ut
892 4759 1013 4809 qua:
1060 4742 1215 4801 nulla
1265 4743 1477 4795 ratione
1528 4743 1583 4797 in
1633 4742 1816 4796 divina
1846 4754 2040 4796 natura

464 4845 740 4897 cernatur,
775 4834 872 4888 sed
903 4836 1017 4902 ipsa
1056 4835 1128 4889 sit
1160 4833 1323 4897 Deus,
1352 4836 1435 4889 vel
1471 4832 1562 4887 Dei
1586 4835 1844 4889 essentia.
1876 4832 2039 4901 Atqui

469 4928 706 4980 fortasse
730 4925 1017 4996 oportebat
1047 4941 1142 4980 eos
1181 4925 1245 4979 ad
1277 4938 1587 4979 sanctorum
1616 4927 1844 4979 chorum
1882 4926 2041 4994 inspi-

465 5019 695 5083 cicnlcs,
737 5018 1033 5088 prophetas
1082 5018 1324 5084 intelligo
1356 5025 1411 5071 et
1445 5018 1805 5087 patriarchas,
1840 5018 2042 5086 quibus

466 5108 820 5162 multifariam
875 5108 1175 5178 multisque
1226 5108 1406 5162 modis
1436 5109 1681 5163 veritatis
1738 5123 1919 5163 sermo
1959 5108 2042 5162 in-

466 5202 685 5268 sonuit;
726 5208 779 5256 et
825 5209 1014 5270 postea
1074 5201 1225 5271 ipsos
1282 5201 1445 5254 etiam
1482 5202 1821 5270 inspectores
1849 5206 1902 5254 et
1938 5201 2041 5254 mi-

467 5294 674 5348 nistros
721 5291 897 5347 factos
947 5292 1123 5351 verbi.
1172 5308 1298 5346 cum
1347 5294 1593 5346 venerari
1644 5292 1765 5346 ﬁdei
1821 5293 2039 5363 dignam

465 5384 818 5440 autoritatem
875 5398 1088 5445 eorum,
1127 5398 1249 5453 quae
1299 5380 1367 5436 ab
1418 5382 1538 5451 ipso
1591 5381 1795 5452 Spiritu
1846 5390 2041 5437 testata

466 5487 594 5531 sunt
626 5484 678 5529 et
709 5476 1050 5534 conﬁrmata,
1091 5483 1205 5528 tum
1233 5475 1449 5528 illorum
1484 5474 1749 5528 doctrinae
1773 5482 1828 5529 et
1857 5474 2041 5544 cogni-

466 5568 632 5621 tionis
677 5568 927 5622 terminis
971 5566 1247 5631 insistere,
1277 5581 1453 5637 neque
1485 5566 1688 5621 audere
1728 5567 1780 5620 in
1811 5567 1897 5620 his
1922 5582 2041 5636 quae

465 5666 780 5712 sanctorum
808 5657 1224 5728 comprehensio
1253 5673 1364 5713 non
1414 5656 1716 5713 afﬁrmavit.
1759 5656 1836 5711 lIli
1871 5659 2037 5720 enim,

466 5759 595 5802 tunc
629 5749 882 5803 humana:
912 5750 1035 5803 vitm
1058 5750 1393 5819 incognitum
1429 5748 1618 5808 Deum,
1656 5758 1877 5819 propter
1906 5765 2043 5819 prm-

463 5838 730 5892 valentetn
776 5840 927 5895 circa
956 5842 1096 5896 idola
1122 5858 1361 5897 errorem
1391 5842 1734 5911 perspicuum
1764 5849 1818 5897 et
1852 5850 2037 5896 notum

2141 4661 2249 4715 τῶν
2268 4660 2439 4728 ἀγίων
2462 4658 2620 4729 χορὸν
2648 4654 3072 4715 ἀποϐλέποντας,
3109 4653 3235 4713 τοὺς
3258 4651 3543 4721 προφήτας
3575 4648 3717 4714 λέγω

2143 4754 2237 4806 καὶ
2270 4750 2617 4821 πατριάρχας
2646 4791 2659 4814 ,
2702 4745 2784 4809 οἷς
2811 4742 3134 4814 πολυμερῶς
3169 4742 3261 4796 καὶ
3308 4740 3658 4811 πολυτρόπως
3688 4741 3717 4791 6

2141 4846 2241 4914 τῆς
2292 4841 2550 4911 ἀληθείας
2588 4836 2945 4905 ὲνεφθέγξατο
2981 4834 3171 4903 λόγος·
3224 4835 3317 4887 καὶ
3367 4832 3507 4903 μετά
3544 4829 3716 4883 ταῦτα

2141 4934 2268 4995 τοὺς
2301 4932 2575 4992 αὐτόπτας
2604 4945 2663 4981 τε
2697 4927 2791 4979 καὶ
2822 4925 3101 4995 ὑπηρέτας
3134 4924 3461 4993 γενομένους
3492 4922 3588 4974 τοῦ
3624 4920 3721 4974 λό-

2142 5038 2238 5089 γου
2261 5060 2274 5080 ,
2303 5020 2397 5073 καὶ
2422 5015 2810 5085 δυσωπηθῖψαι
2843 5015 2943 5084 μὲν
2981 5013 3077 5082 τὴν
3111 5012 3454 5077 ἀξιοπιστίαν
3487 5012 3595 5065 τῶν
3625 5010 3717 5062 ὑπ’

2143 5110 2308 5164 αὑτοῦ
2348 5107 2805 5180 μαρτυρηθέντων
2836 5104 2929 5159 τοῦ
2968 5105 3319 5175 Πνεύματος,
3370 5103 3625 5173 ἐμμένειν
3658 5101 3718 5154 δὲ

2141 5203 2255 5265 τοῖς
2282 5202 2427 5272 ὅροις
2452 5199 2549 5268 τῆς
2571 5196 2792 5250 ἐκείνων
2818 5193 3163 5257 διδασκαλίας
3184 5194 3277 5246 καὶ
3300 5192 3583 5261 γνώσεως,
3625 5191 3719 5243 καὶ

2147 5294 2221 5365 μὴ
2268 5289 2566 5359 ὲπιτολμᾷν
2604 5285 2816 5350 τούτοις
2848 5280 2923 5339 ὧν
2970 5289 3003 5357 ἡ
3050 5285 3157 5339 τῶν
3204 5285 3373 5350 ἀγίων
3414 5281 3717 5350 κατάληψις

2142 5382 2241 5433 οὑκ
2271 5380 2525 5448 ὲφήσατο.
2572 5378 2796 5429 Ἐκεῖνοι
2833 5374 2942 5445 γὰρ
2967 5374 3329 5443 ἀγνοούμενον
3358 5372 3495 5435 τὲως
3521 5374 3586 5443 τῇ
3620 5372 3717 5424 ἁν-

2143 5470 2388 5542 θρωπίνῃ
2435 5467 2546 5538 ζωῇ
2586 5468 2676 5520 τὸν
2720 5468 2850 5520 Θεὸν
2884 5466 2972 5519 διὰ
3003 5466 3101 5537 τὴν
3139 5463 3544 5537 ἐπικρατοῦσαν
3586 5463 3707 5516 τότε

2145 5563 2273 5632 περὶ
2311 5562 2381 5614 τὰ
2417 5559 2610 5613 εἴδωλα
2655 5559 2862 5627 πλάνην
2908 5558 3124 5629 ἐμφανῆ
3165 5558 3259 5611 καὶ
3296 5555 3718 5625 γνώριμονττοῖς

2144 5656 2450 5727 ἀνθρώποις
2474 5654 2755 5717 ποιοῦντες
2780 5654 2842 5708 ἐκ
2861 5672 2920 5708 τε
2949 5653 3058 5707 τῶν
3081 5652 3377 5723 θαυμάτων
3395 5650 3432 5705 ὃ.
3458 5652 3572 5713 τοῖς
3589 5649 3717 5717 παρ’

2145 5747 2307 5802 αὑτοῦ
2342 5748 2734 5817 γεγενημένοις
2793 5746 3139 5817 ἐμφαίνεται,
3168 5744 3262 5797 καὶ
3305 5746 3368 5796 ὲκ
3397 5742 3504 5796 τῶν
3525 5740 3720 5809 ὀναμά-

2143 5858 2251 5895 των
2283 5840 2349 5895 δι’
2374 5840 2450 5895 ῶν
2480 5840 2539 5893 τὸ
2571 5841 2811 5894 ποικίλον
2836 5839 2935 5909 τῆς
2957 5839 3104 5903 θείας
3129 5838 3411 5908 δυνάμεως
3442 5833 3720 5889 κατανοεῖ·
