  <div class='ocr_page' id='page_1' title='image "/cluster/home/n/w/nwhite01/storage/ocr_20150623/45/nnc1.0046978445/484.png"; bbox 0 0 4142 6374; ppageno 0'>
   <div class='ocr_carea' id='block_1_1' title="bbox 424 404 531 458">
    <p class='ocr_par' dir='ltr' id='par_1_1' title="bbox 424 404 531 458">
     <span class='ocr_line' id='line_1_1' title="bbox 424 404 531 458; baseline 0.009 -1"><span class='ocrx_word' id='word_1_1' title='bbox 424 404 531 458; x_wconf 72' lang='grc' dir='ltr'>9ίῦ</span> 
     </span>
    </p>
   </div>
   <div class='ocr_carea' id='block_1_2' title="bbox 1520 393 2523 453">
    <p class='ocr_par' dir='ltr' id='par_1_2' title="bbox 1520 393 2523 453">
     <span class='ocr_line' id='line_1_2' title="bbox 1520 393 2523 453; baseline -0.005 -2"><span class='ocrx_word' id='word_1_2' title='bbox 1520 396 1797 453; x_wconf 71' lang='lat' dir='ltr'><strong>CONTRA</strong></span> <span class='ocrx_word' id='word_1_3' title='bbox 1834 393 2201 450; x_wconf 59' lang='lat' dir='ltr'><strong>EUNONIIUM</strong></span> <span class='ocrx_word' id='word_1_4' title='bbox 2242 393 2523 448; x_wconf 46' lang='lat' dir='ltr'><strong>LlB.&#39;Xll.</strong></span> 
     </span>
    </p>
   </div>
   <div class='ocr_carea' id='block_1_3' title="bbox 3586 396 3689 449">
    <p class='ocr_par' dir='ltr' id='par_1_3' title="bbox 3586 396 3689 449">
     <span class='ocr_line' id='line_1_3' title="bbox 3586 396 3689 449; baseline 0.01 -1"><span class='ocrx_word' id='word_1_5' title='bbox 3586 396 3689 449; x_wconf 63' lang='grc' dir='ltr'>θέε)</span> 
     </span>
    </p>
   </div>
   <div class='ocr_carea' id='block_1_4' title="bbox 423 515 2017 591">
    <p class='ocr_par' dir='ltr' id='par_1_4' title="bbox 423 518 1997 591">
     <span class='ocr_line' id='line_1_4' title="bbox 423 518 1997 591; baseline -0.002 -18"><span class='ocrx_word' id='word_1_6' title='bbox 423 539 515 573; x_wconf 83' lang='grc' dir='ltr'><strong>ται</strong></span> <span class='ocrx_word' id='word_1_7' title='bbox 540 560 553 579; x_wconf 88' lang='grc'><strong>.</strong></span> <span class='ocrx_word' id='word_1_8' title='bbox 589 518 724 591; x_wconf 74' lang='grc' dir='ltr'>πρδς</span> <span class='ocrx_word' id='word_1_9' title='bbox 763 518 863 590; x_wconf 79' lang='grc' dir='ltr'>τὴν</span> <span class='ocrx_word' id='word_1_10' title='bbox 901 518 1113 572; x_wconf 74' lang='grc' dir='ltr'>σύνεσιν</span> <span class='ocrx_word' id='word_1_11' title='bbox 1150 519 1249 589; x_wconf 78' lang='grc' dir='ltr'>τῆς</span> <span class='ocrx_word' id='word_1_12' title='bbox 1281 518 1430 582; x_wconf 79' lang='grc' dir='ltr'>θείας</span> <span class='ocrx_word' id='word_1_13' title='bbox 1472 520 1687 589; x_wconf 81' lang='grc' dir='ltr'>φύσεως</span> <span class='ocrx_word' id='word_1_14' title='bbox 1726 535 1997 589; x_wconf 82' lang='grc' dir='ltr'>χειραγω-</span> 
     </span>
    </p>
   </div>
   <div class='ocr_carea' id='block_1_5' title="bbox 2124 515 3690 591">
    <p class='ocr_par' dir='ltr' id='par_1_5' title="bbox 2124 515 3690 586">
     <span class='ocr_line' id='line_1_5' title="bbox 2124 515 3690 586; baseline 0 -17"><span class='ocrx_word' id='word_1_15' title='bbox 2124 517 2421 574; x_wconf 69' lang='lat' dir='ltr'><strong>nominibus</strong></span> <span class='ocrx_word' id='word_1_16' title='bbox 2472 517 2762 578; x_wconf 76' lang='lat' dir='ltr'><strong>facientes.</strong></span> <span class='ocrx_word' id='word_1_17' title='bbox 2822 527 2935 572; x_wconf 91' lang='lat' dir='ltr'><strong>tum</strong></span> <span class='ocrx_word' id='word_1_18' title='bbox 2997 535 3064 573; x_wconf 79' lang='lat' dir='ltr'><strong>ex</strong></span> <span class='ocrx_word' id='word_1_19' title='bbox 3121 515 3405 572; x_wconf 84' lang='lat' dir='ltr'><strong>miraculis</strong></span> <span class='ocrx_word' id='word_1_20' title='bbox 3460 532 3582 586; x_wconf 69' lang='lat' dir='ltr'><strong>quae</strong></span> <span class='ocrx_word' id='word_1_21' title='bbox 3636 516 3690 569; x_wconf 91' lang='lat' dir='ltr'><strong>in</strong></span> 
     </span>
    </p>
   </div>
   <div class='ocr_carea' id='block_1_6' title="bbox 426 610 2005 682">
    <p class='ocr_par' dir='ltr' id='par_1_6' title="bbox 426 610 2005 682">
     <span class='ocr_line' id='line_1_6' title="bbox 426 610 2005 682; baseline -0.001 -18"><span class='ocrx_word' id='word_1_22' title='bbox 426 610 601 679; x_wconf 78' lang='grc' dir='ltr'>γοῦσι,</span> <span class='ocrx_word' id='word_1_23' title='bbox 633 611 729 681; x_wconf 84' lang='grc' dir='ltr'>τὴν</span> <span class='ocrx_word' id='word_1_24' title='bbox 765 611 1234 681; x_wconf 78' lang='grc' dir='ltr'>μεγαλοπρέπειαν</span> <span class='ocrx_word' id='word_1_25' title='bbox 1265 610 1433 681; x_wconf 80' lang='grc' dir='ltr'>μόνην</span> <span class='ocrx_word' id='word_1_26' title='bbox 1455 611 1565 665; x_wconf 89' lang='grc' dir='ltr'><strong>τῶν</strong></span> <span class='ocrx_word' id='word_1_27' title='bbox 1591 611 1718 682; x_wconf 68' lang='grc' dir='ltr'>περὶ</span> <span class='ocrx_word' id='word_1_28' title='bbox 1751 610 1844 664; x_wconf 80' lang='grc' dir='ltr'>τὸν</span> <span class='ocrx_word' id='word_1_29' title='bbox 1870 610 2005 663; x_wconf 82' lang='grc' dir='ltr'>Θεὸν</span> 
     </span>
    </p>
   </div>
   <div class='ocr_carea' id='block_1_7' title="bbox 428 700 2005 773">
    <p class='ocr_par' dir='ltr' id='par_1_7' title="bbox 428 700 2005 773">
     <span class='ocr_line' id='line_1_7' title="bbox 428 700 2005 773; baseline -0.001 -18"><span class='ocrx_word' id='word_1_30' title='bbox 428 702 816 772; x_wconf 79' lang='grc' dir='ltr'>θεωρουμένων</span> <span class='ocrx_word' id='word_1_31' title='bbox 835 704 949 765; x_wconf 82' lang='grc' dir='ltr'>τοῖς</span> <span class='ocrx_word' id='word_1_32' title='bbox 977 700 1284 773; x_wconf 83' lang='grc' dir='ltr'>ἀνθρώποις</span> <span class='ocrx_word' id='word_1_33' title='bbox 1309 701 1687 773; x_wconf 78' lang='grc' dir='ltr'><strong>γνωρίζοντες·</strong></span> <span class='ocrx_word' id='word_1_34' title='bbox 1714 703 1803 756; x_wconf 80' lang='grc' dir='ltr'><strong>τὸν</strong></span> <span class='ocrx_word' id='word_1_35' title='bbox 1829 702 1885 755; x_wconf 83' lang='grc' dir='ltr'>δὲ</span> <span class='ocrx_word' id='word_1_36' title='bbox 1907 703 2005 772; x_wconf 76' lang='grc' dir='ltr'>τῆς</span> 
     </span>
    </p>
   </div>
   <div class='ocr_carea' id='block_1_8' title="bbox 429 792 2006 867">
    <p class='ocr_par' dir='ltr' id='par_1_8' title="bbox 429 792 2006 867">
     <span class='ocr_line' id='line_1_8' title="bbox 429 792 2006 867; baseline -0.001 -18"><span class='ocrx_word' id='word_1_37' title='bbox 429 796 617 858; x_wconf 72' lang='grc' dir='ltr'>οὓσίας</span> <span class='ocrx_word' id='word_1_38' title='bbox 658 795 833 863; x_wconf 87' lang='grc' dir='ltr'>λόγον,</span> <span class='ocrx_word' id='word_1_39' title='bbox 868 795 944 858; x_wconf 82' lang='grc' dir='ltr'><strong>ὡς</strong></span> <span class='ocrx_word' id='word_1_40' title='bbox 980 793 1103 848; x_wconf 75' lang='grc' dir='ltr'>οὔτε</span> <span class='ocrx_word' id='word_1_41' title='bbox 1152 794 1374 848; x_wconf 76' lang='grc' dir='ltr'>δυνατὸν</span> <span class='ocrx_word' id='word_1_42' title='bbox 1404 794 1744 867; x_wconf 82' lang='grc' dir='ltr'>χωρηθῆναι,</span> <span class='ocrx_word' id='word_1_43' title='bbox 1782 792 1906 847; x_wconf 76' lang='grc' dir='ltr'>οὕτε</span> <span class='ocrx_word' id='word_1_44' title='bbox 1953 812 2006 847; x_wconf 91' lang='grc' dir='ltr'><strong>τι</strong></span> 
     </span>
    </p>
   </div>
   <div class='ocr_carea' id='block_1_9' title="bbox 430 884 2008 959">
    <p class='ocr_par' dir='ltr' id='par_1_9' title="bbox 430 884 2008 959">
     <span class='ocr_line' id='line_1_9' title="bbox 430 884 2008 959; baseline -0.001 -18"><span class='ocrx_word' id='word_1_45' title='bbox 430 884 662 959; x_wconf 83' lang='grc' dir='ltr'>φέροντα</span> <span class='ocrx_word' id='word_1_46' title='bbox 691 889 802 951; x_wconf 87' lang='grc' dir='ltr'>τοῖς</span> <span class='ocrx_word' id='word_1_47' title='bbox 852 887 1364 959; x_wconf 80' lang='grc' dir='ltr'><strong>πολυπραγμονοῦσι</strong></span> <span class='ocrx_word' id='word_1_48' title='bbox 1401 888 1462 940; x_wconf 82' lang='grc' dir='ltr'>τὸ</span> <span class='ocrx_word' id='word_1_49' title='bbox 1502 887 1728 958; x_wconf 84' lang='grc' dir='ltr'>κέρδος,</span> <span class='ocrx_word' id='word_1_50' title='bbox 1771 885 2008 958; x_wconf 71' lang='grc' dir='ltr'>ἄρρητον</span> 
     </span>
    </p>
   </div>
   <div class='ocr_carea' id='block_1_10' title="bbox 429 979 2009 1051">
    <p class='ocr_par' dir='ltr' id='par_1_10' title="bbox 429 979 2009 1051">
     <span class='ocr_line' id='line_1_10' title="bbox 429 979 2009 1051; baseline -0.001 -17"><span class='ocrx_word' id='word_1_51' title='bbox 429 980 648 1051; x_wconf 80' lang='grc' dir='ltr'><strong>ἀφῆκαν</strong></span> <span class='ocrx_word' id='word_1_52' title='bbox 676 981 770 1033; x_wconf 74' lang='grc' dir='ltr'><strong>καὶ</strong></span> <span class='ocrx_word' id='word_1_53' title='bbox 802 979 1178 1044; x_wconf 82' lang='grc' dir='ltr'>ἀνεξέταστον.</span> <span class='ocrx_word' id='word_1_54' title='bbox 1224 981 1333 1034; x_wconf 76' lang='grc' dir='ltr'>Καὶ</span> <span class='ocrx_word' id='word_1_55' title='bbox 1367 980 1477 1050; x_wconf 76' lang='grc' dir='ltr'>γὰρ</span> <span class='ocrx_word' id='word_1_56' title='bbox 1506 981 1602 1033; x_wconf 70' lang='grc' dir='ltr'><strong>καὶ</strong></span> <span class='ocrx_word' id='word_1_57' title='bbox 1629 979 1798 1035; x_wconf 81' lang='grc' dir='ltr'>τᾶλλα</span> <span class='ocrx_word' id='word_1_58' title='bbox 1832 980 2009 1033; x_wconf 84' lang='grc' dir='ltr'>πάντα</span> 
     </span>
    </p>
   </div>
   <div class='ocr_carea' id='block_1_11' title="bbox 429 1072 2005 1145">
    <p class='ocr_par' dir='ltr' id='par_1_11' title="bbox 429 1072 2005 1145">
     <span class='ocr_line' id='line_1_11' title="bbox 429 1072 2005 1145; baseline 0.001 -20"><span class='ocrx_word' id='word_1_59' title='bbox 429 1074 510 1126; x_wconf 84' lang='grc' dir='ltr'>ὃτι</span> <span class='ocrx_word' id='word_1_60' title='bbox 541 1074 639 1144; x_wconf 81' lang='grc' dir='ltr'><strong>μὲν</strong></span> <span class='ocrx_word' id='word_1_61' title='bbox 669 1072 859 1141; x_wconf 84' lang='grc' dir='ltr'>γέγονε</span> <span class='ocrx_word' id='word_1_62' title='bbox 880 1073 1210 1145; x_wconf 82' lang='grc' dir='ltr'><strong>διηγήσαντο</strong></span> <span class='ocrx_word' id='word_1_63' title='bbox 1236 1114 1250 1135; x_wconf 93' lang='grc'><strong>,</strong></span> <span class='ocrx_word' id='word_1_64' title='bbox 1278 1074 1524 1145; x_wconf 79' lang='grc' dir='ltr'>οὐρανὸν,</span> <span class='ocrx_word' id='word_1_65' title='bbox 1555 1074 1682 1144; x_wconf 82' lang='grc' dir='ltr'>γῆν,</span> <span class='ocrx_word' id='word_1_66' title='bbox 1707 1074 2005 1137; x_wconf 82' lang='grc' dir='ltr'>Θάλασσαν,</span> 
     </span>
    </p>
   </div>
   <div class='ocr_carea' id='block_1_12' title="bbox 430 1165 2058 1237">
    <p class='ocr_par' dir='ltr' id='par_1_12' title="bbox 430 1165 2058 1237">
     <span class='ocr_line' id='line_1_12' title="bbox 430 1165 2058 1237; baseline 0 -19"><span class='ocrx_word' id='word_1_67' title='bbox 430 1165 676 1235; x_wconf 79' lang='grc' dir='ltr'>χρόνους,</span> <span class='ocrx_word' id='word_1_68' title='bbox 720 1165 922 1230; x_wconf 83' lang='grc' dir='ltr'>αἰῶνας</span> <span class='ocrx_word' id='word_1_69' title='bbox 951 1166 1045 1220; x_wconf 73' lang='grc' dir='ltr'>καὶ</span> <span class='ocrx_word' id='word_1_70' title='bbox 1086 1167 1183 1236; x_wconf 81' lang='grc' dir='ltr'><strong>τὴν</strong></span> <span class='ocrx_word' id='word_1_71' title='bbox 1218 1169 1274 1219; x_wconf 79' lang='grc' dir='ltr'><strong>ἐν</strong></span> <span class='ocrx_word' id='word_1_72' title='bbox 1318 1167 1528 1229; x_wconf 79' lang='grc' dir='ltr'>τούτοις</span> <span class='ocrx_word' id='word_1_73' title='bbox 1565 1167 1776 1221; x_wconf 76' lang='grc' dir='ltr'>κτίσινο</span> <span class='ocrx_word' id='word_1_74' title='bbox 1824 1166 1907 1220; x_wconf 88' lang='grc' dir='ltr'>ὃτι</span> <span class='ocrx_word' id='word_1_75' title='bbox 1953 1165 2009 1219; x_wconf 79' lang='grc' dir='ltr'><strong>δὲ</strong></span> <span class='ocrx_word' id='word_1_76' title='bbox 2049 1227 2058 1237; x_wconf 40' lang='grc' dir='ltr'><strong>Ι</strong></span> 
     </span>
    </p>
   </div>
   <div class='ocr_carea' id='block_1_13' title="bbox 431 1258 2004 1329">
    <p class='ocr_par' dir='ltr' id='par_1_13' title="bbox 431 1258 2004 1329">
     <span class='ocr_line' id='line_1_13' title="bbox 431 1258 2004 1329; baseline 0.001 -19"><span class='ocrx_word' id='word_1_77' title='bbox 431 1258 634 1313; x_wconf 83' lang='grc' dir='ltr'>τούτων</span> <span class='ocrx_word' id='word_1_78' title='bbox 666 1259 917 1323; x_wconf 82' lang='grc' dir='ltr'>ἕκαστον,</span> <span class='ocrx_word' id='word_1_79' title='bbox 950 1260 1043 1313; x_wconf 72' lang='grc' dir='ltr'>καὶ</span> <span class='ocrx_word' id='word_1_80' title='bbox 1069 1260 1239 1324; x_wconf 84' lang='grc' dir='ltr'>ὅπως,</span> <span class='ocrx_word' id='word_1_81' title='bbox 1276 1261 1370 1313; x_wconf 75' lang='grc' dir='ltr'><strong>καὶ</strong></span> <span class='ocrx_word' id='word_1_82' title='bbox 1399 1260 1540 1324; x_wconf 84' lang='grc' dir='ltr'>ὅθεν,</span> <span class='ocrx_word' id='word_1_83' title='bbox 1575 1259 1969 1329; x_wconf 84' lang='grc' dir='ltr'>ἁπεσιὼπησαν</span> <span class='ocrx_word' id='word_1_84' title='bbox 1991 1278 2004 1292; x_wconf 91' lang='grc'><strong>·</strong></span> 
     </span>
    </p>
   </div>
   <div class='ocr_carea' id='block_1_14' title="bbox 433 1349 2001 1424">
    <p class='ocr_par' dir='ltr' id='par_1_14' title="bbox 433 1349 2001 1424">
     <span class='ocr_line' id='line_1_14' title="bbox 433 1349 2001 1424; baseline 0 -19"><span class='ocrx_word' id='word_1_85' title='bbox 433 1349 575 1405; x_wconf 74' lang='grc' dir='ltr'>οὕτω</span> <span class='ocrx_word' id='word_1_86' title='bbox 602 1353 698 1405; x_wconf 70' lang='grc' dir='ltr'><strong>καὶ</strong></span> <span class='ocrx_word' id='word_1_87' title='bbox 725 1352 852 1424; x_wconf 78' lang='grc' dir='ltr'>περὶ</span> <span class='ocrx_word' id='word_1_88' title='bbox 883 1352 1040 1410; x_wconf 76' lang='grc' dir='ltr'>Θεοῦ.</span> <span class='ocrx_word' id='word_1_89' title='bbox 1072 1352 1153 1405; x_wconf 85' lang='grc' dir='ltr'><strong>ὅτι</strong></span> <span class='ocrx_word' id='word_1_90' title='bbox 1180 1354 1276 1422; x_wconf 84' lang='grc' dir='ltr'>μὲν</span> <span class='ocrx_word' id='word_1_91' title='bbox 1300 1352 1415 1405; x_wconf 78' lang='grc' dir='ltr'>ἐστι</span> <span class='ocrx_word' id='word_1_92' title='bbox 1443 1395 1457 1418; x_wconf 91' lang='grc'><strong>,</strong></span> <span class='ocrx_word' id='word_1_93' title='bbox 1488 1352 1583 1405; x_wconf 75' lang='grc' dir='ltr'><strong>καὶ</strong></span> <span class='ocrx_word' id='word_1_94' title='bbox 1610 1355 1723 1416; x_wconf 88' lang='grc' dir='ltr'>τοῖς</span> <span class='ocrx_word' id='word_1_95' title='bbox 1751 1351 2001 1422; x_wconf 77' lang='grc' dir='ltr'>ἐκζητοῦο</span> 
     </span>
    </p>
   </div>
   <div class='ocr_carea' id='block_1_15' title="bbox 435 1442 2010 1514">
    <p class='ocr_par' dir='ltr' id='par_1_15' title="bbox 435 1442 2010 1514">
     <span class='ocr_line' id='line_1_15' title="bbox 435 1442 2010 1514; baseline 0 -18"><span class='ocrx_word' id='word_1_96' title='bbox 435 1458 518 1496; x_wconf 88' lang='grc' dir='ltr'><strong>σιν</strong></span> <span class='ocrx_word' id='word_1_97' title='bbox 545 1442 710 1497; x_wconf 85' lang='grc' dir='ltr'>αὑτὸν</span> <span class='ocrx_word' id='word_1_98' title='bbox 742 1443 1139 1513; x_wconf 80' lang='grc' dir='ltr'>μισθαποδότης</span> <span class='ocrx_word' id='word_1_99' title='bbox 1166 1443 1396 1512; x_wconf 90' lang='grc' dir='ltr'>γίνεται,</span> <span class='ocrx_word' id='word_1_100' title='bbox 1433 1443 1861 1514; x_wconf 79' lang='grc' dir='ltr'>συμϐουλεύουσι</span> <span class='ocrx_word' id='word_1_101' title='bbox 1894 1443 2010 1497; x_wconf 85' lang='grc' dir='ltr'>πεί-</span> 
     </span>
    </p>
   </div>
   <div class='ocr_carea' id='block_1_16' title="bbox 434 1533 2007 1608">
    <p class='ocr_par' dir='ltr' id='par_1_16' title="bbox 434 1533 2007 1608">
     <span class='ocr_line' id='line_1_16' title="bbox 434 1533 2007 1608; baseline 0.003 -20"><span class='ocrx_word' id='word_1_102' title='bbox 434 1536 643 1590; x_wconf 87' lang='grc' dir='ltr'>θεσθαι·</span> <span class='ocrx_word' id='word_1_103' title='bbox 671 1537 770 1607; x_wconf 75' lang='grc' dir='ltr'><strong>τὴν</strong></span> <span class='ocrx_word' id='word_1_104' title='bbox 789 1536 844 1590; x_wconf 81' lang='grc' dir='ltr'>δὲ</span> <span class='ocrx_word' id='word_1_105' title='bbox 865 1537 1025 1605; x_wconf 86' lang='grc' dir='ltr'>φύσιν</span> <span class='ocrx_word' id='word_1_106' title='bbox 1046 1538 1215 1607; x_wconf 83' lang='grc' dir='ltr'>αὐτὴν</span> <span class='ocrx_word' id='word_1_107' title='bbox 1235 1537 1311 1601; x_wconf 80' lang='grc' dir='ltr'><strong>ὡς</strong></span> <span class='ocrx_word' id='word_1_108' title='bbox 1331 1537 1470 1608; x_wconf 80' lang='grc' dir='ltr'>ὑπὲρ</span> <span class='ocrx_word' id='word_1_109' title='bbox 1494 1538 1603 1590; x_wconf 81' lang='grc' dir='ltr'>πᾶν</span> <span class='ocrx_word' id='word_1_110' title='bbox 1620 1533 1785 1592; x_wconf 78' lang='grc' dir='ltr'>οὖσαν</span> <span class='ocrx_word' id='word_1_111' title='bbox 1804 1538 1977 1608; x_wconf 75' lang='grc' dir='ltr'>ὄνομα</span> <span class='ocrx_word' id='word_1_112' title='bbox 1992 1580 2007 1605; x_wconf 90' lang='grc'><strong>,</strong></span> 
     </span>
    </p>
   </div>
   <div class='ocr_carea' id='block_1_17' title="bbox 431 1628 2011 1703">
    <p class='ocr_par' dir='ltr' id='par_1_17' title="bbox 431 1628 2011 1703">
     <span class='ocr_line' id='line_1_17' title="bbox 431 1628 2011 1703; baseline 0.001 -20"><span class='ocrx_word' id='word_1_113' title='bbox 431 1628 555 1683; x_wconf 76' lang='grc' dir='ltr'>οὔτε</span> <span class='ocrx_word' id='word_1_114' title='bbox 587 1630 878 1700; x_wconf 84' lang='grc' dir='ltr'>ὠνόμασαν</span> <span class='ocrx_word' id='word_1_115' title='bbox 899 1671 913 1695; x_wconf 87' lang='grc'><strong>,</strong></span> <span class='ocrx_word' id='word_1_116' title='bbox 953 1628 1074 1683; x_wconf 73' lang='grc' dir='ltr'>οὔτε</span> <span class='ocrx_word' id='word_1_117' title='bbox 1108 1630 1401 1700; x_wconf 86' lang='grc' dir='ltr'>ἐμέλησαν.</span> <span class='ocrx_word' id='word_1_118' title='bbox 1437 1631 1501 1684; x_wconf 84' lang='grc' dir='ltr'><strong>Εἰ</strong></span> <span class='ocrx_word' id='word_1_119' title='bbox 1540 1631 1649 1703; x_wconf 90' lang='grc' dir='ltr'><strong>γάρ</strong></span> <span class='ocrx_word' id='word_1_120' title='bbox 1679 1648 1732 1684; x_wconf 88' lang='grc' dir='ltr'><strong>τι</strong></span> <span class='ocrx_word' id='word_1_121' title='bbox 1760 1630 1896 1701; x_wconf 78' lang='grc' dir='ltr'>πρὸς</span> <span class='ocrx_word' id='word_1_122' title='bbox 1920 1632 2011 1702; x_wconf 85' lang='grc' dir='ltr'><strong>δή·</strong></span> 
     </span>
    </p>
   </div>
   <div class='ocr_carea' id='block_1_18' title="bbox 430 1721 2009 1795">
    <p class='ocr_par' dir='ltr' id='par_1_18' title="bbox 430 1721 2009 1795">
     <span class='ocr_line' id='line_1_18' title="bbox 430 1721 2009 1795; baseline 0.003 -21"><span class='ocrx_word' id='word_1_123' title='bbox 430 1722 596 1775; x_wconf 85' lang='grc' dir='ltr'>λωσιν</span> <span class='ocrx_word' id='word_1_124' title='bbox 626 1722 725 1792; x_wconf 80' lang='grc' dir='ltr'>τῆς</span> <span class='ocrx_word' id='word_1_125' title='bbox 755 1721 906 1786; x_wconf 83' lang='grc' dir='ltr'>Θείας</span> <span class='ocrx_word' id='word_1_126' title='bbox 940 1726 1319 1791; x_wconf 83' lang='grc' dir='ltr'>κατανοήσεως</span> <span class='ocrx_word' id='word_1_127' title='bbox 1369 1723 1770 1795; x_wconf 84' lang='grc' dir='ltr'>μεμαθήκαμεν</span> <span class='ocrx_word' id='word_1_128' title='bbox 1806 1724 2009 1795; x_wconf 79' lang='grc' dir='ltr'>ὄνομα,</span> 
     </span>
    </p>
   </div>
   <div class='ocr_carea' id='block_1_19' title="bbox 433 1812 2007 1891">
    <p class='ocr_par' dir='ltr' id='par_1_19' title="bbox 433 1812 2007 1891">
     <span class='ocr_line' id='line_1_19' title="bbox 433 1812 2007 1891; baseline 0.004 -24"><span class='ocrx_word' id='word_1_129' title='bbox 433 1814 608 1869; x_wconf 87' lang='grc' dir='ltr'>πάντα</span> <span class='ocrx_word' id='word_1_130' title='bbox 640 1812 814 1869; x_wconf 82' lang='grc' dir='ltr'>ταῦτα</span> <span class='ocrx_word' id='word_1_131' title='bbox 842 1816 1126 1870; x_wconf 80' lang='grc' dir='ltr'>κοινωνίαν</span> <span class='ocrx_word' id='word_1_132' title='bbox 1154 1815 1264 1886; x_wconf 79' lang='grc' dir='ltr'>ἔχει</span> <span class='ocrx_word' id='word_1_133' title='bbox 1304 1818 1397 1870; x_wconf 75' lang='grc' dir='ltr'>καὶ</span> <span class='ocrx_word' id='word_1_134' title='bbox 1442 1818 1735 1885; x_wconf 72' lang='grc' dir='ltr'>ἀναλογίαν</span> <span class='ocrx_word' id='word_1_135' title='bbox 1761 1820 1899 1891; x_wconf 76' lang='grc' dir='ltr'>πρὸς</span> <span class='ocrx_word' id='word_1_136' title='bbox 1939 1818 2007 1873; x_wconf 91' lang='grc' dir='ltr'><strong>τά</strong></span> 
     </span>
    </p>
   </div>
   <div class='ocr_carea' id='block_1_20' title="bbox 433 1906 2011 1985">
    <p class='ocr_par' dir='ltr' id='par_1_20' title="bbox 433 1906 2011 1985">
     <span class='ocr_line' id='line_1_20' title="bbox 433 1906 2011 1985; baseline 0.004 -25"><span class='ocrx_word' id='word_1_137' title='bbox 433 1906 657 1961; x_wconf 80' lang='grc' dir='ltr'>τοιαῦτα</span> <span class='ocrx_word' id='word_1_138' title='bbox 694 1908 803 1961; x_wconf 90' lang='grc' dir='ltr'><strong>τῶν</strong></span> <span class='ocrx_word' id='word_1_139' title='bbox 848 1909 1146 1980; x_wconf 83' lang='grc' dir='ltr'><strong>ὀνομάτων,</strong></span> <span class='ocrx_word' id='word_1_140' title='bbox 1195 1908 1232 1964; x_wconf 77' lang='grc' dir='ltr'><strong>ἃ.</strong></span> <span class='ocrx_word' id='word_1_141' title='bbox 1258 1910 1351 1963; x_wconf 83' lang='grc' dir='ltr'>τοῦ</span> <span class='ocrx_word' id='word_1_142' title='bbox 1396 1927 1541 1973; x_wconf 89' lang='grc' dir='ltr'>τινος</span> <span class='ocrx_word' id='word_1_143' title='bbox 1576 1912 1864 1983; x_wconf 84' lang='grc' dir='ltr'>ἀνθρώπου</span> <span class='ocrx_word' id='word_1_144' title='bbox 1911 1913 2011 1985; x_wconf 79' lang='grc' dir='ltr'><strong>τὴν</strong></span> 
     </span>
    </p>
   </div>
   <div class='ocr_carea' id='block_1_21' title="bbox 438 1998 2013 2073">
    <p class='ocr_par' dir='ltr' id='par_1_21' title="bbox 438 1998 2013 2073">
     <span class='ocr_line' id='line_1_21' title="bbox 438 1998 2013 2073; baseline 0.007 -23"><span class='ocrx_word' id='word_1_145' title='bbox 438 1998 673 2070; x_wconf 77' lang='grc' dir='ltr'>ἰδιότητα</span> <span class='ocrx_word' id='word_1_146' title='bbox 709 1998 998 2054; x_wconf 84' lang='grc' dir='ltr'>δείκνυσιν.</span> <span class='ocrx_word' id='word_1_147' title='bbox 1043 2001 1130 2065; x_wconf 82' lang='grc' dir='ltr'>Ὠς</span> <span class='ocrx_word' id='word_1_148' title='bbox 1162 2002 1271 2072; x_wconf 91' lang='grc' dir='ltr'><strong>γάρ</strong></span> <span class='ocrx_word' id='word_1_149' title='bbox 1309 2003 1359 2055; x_wconf 80' lang='grc' dir='ltr'>οἱ</span> <span class='ocrx_word' id='word_1_150' title='bbox 1397 2002 1489 2055; x_wconf 83' lang='grc' dir='ltr'><strong>τὸν</strong></span> <span class='ocrx_word' id='word_1_151' title='bbox 1526 2003 1891 2073; x_wconf 75' lang='grc' dir='ltr'>ἀγνοούμενον</span> <span class='ocrx_word' id='word_1_152' title='bbox 1924 2006 2013 2061; x_wconf 86' lang='grc' dir='ltr'><strong>διά</strong></span> 
     </span>
    </p>
   </div>
   <div class='ocr_carea' id='block_1_22' title="bbox 433 2092 2013 2165">
    <p class='ocr_par' dir='ltr' id='par_1_22' title="bbox 433 2092 2013 2165">
     <span class='ocr_line' id='line_1_22' title="bbox 433 2092 2013 2165; baseline 0.003 -19"><span class='ocrx_word' id='word_1_153' title='bbox 433 2108 594 2146; x_wconf 86' lang='grc' dir='ltr'>τινων</span> <span class='ocrx_word' id='word_1_154' title='bbox 624 2092 1019 2161; x_wconf 82' lang='grc' dir='ltr'>γνωρισμάτων</span> <span class='ocrx_word' id='word_1_155' title='bbox 1060 2093 1368 2163; x_wconf 81' lang='grc' dir='ltr'>δηλοῦντες,</span> <span class='ocrx_word' id='word_1_156' title='bbox 1398 2094 1701 2165; x_wconf 85' lang='grc' dir='ltr'>εὐπατρίδα</span> <span class='ocrx_word' id='word_1_157' title='bbox 1729 2096 1915 2161; x_wconf 83' lang='grc' dir='ltr'>αὐτὸν,</span> <span class='ocrx_word' id='word_1_158' title='bbox 1946 2096 2013 2151; x_wconf 85' lang='grc' dir='ltr'>ἂν</span> 
     </span>
    </p>
   </div>
   <div class='ocr_carea' id='block_1_23' title="bbox 434 2181 2014 2256">
    <p class='ocr_par' dir='ltr' id='par_1_23' title="bbox 434 2181 2014 2256">
     <span class='ocr_line' id='line_1_23' title="bbox 434 2181 2014 2256; baseline 0.006 -22"><span class='ocrx_word' id='word_1_159' title='bbox 434 2183 578 2238; x_wconf 74' lang='grc' dir='ltr'>οὕτω</span> <span class='ocrx_word' id='word_1_160' title='bbox 610 2181 746 2255; x_wconf 83' lang='grc' dir='ltr'>τύχῃ</span> <span class='ocrx_word' id='word_1_161' title='bbox 766 2225 780 2247; x_wconf 92' lang='grc'><strong>,</strong></span> <span class='ocrx_word' id='word_1_162' title='bbox 813 2184 904 2237; x_wconf 75' lang='grc' dir='ltr'><strong>καὶ</strong></span> <span class='ocrx_word' id='word_1_163' title='bbox 929 2185 1039 2238; x_wconf 90' lang='grc' dir='ltr'><strong>τῶν</strong></span> <span class='ocrx_word' id='word_1_164' title='bbox 1054 2181 1112 2239; x_wconf 76' lang='grc' dir='ltr'>εὖ</span> <span class='ocrx_word' id='word_1_165' title='bbox 1126 2187 1425 2253; x_wconf 87' lang='grc' dir='ltr'>γεγονότων</span> <span class='ocrx_word' id='word_1_166' title='bbox 1450 2187 1699 2256; x_wconf 87' lang='grc' dir='ltr'>λέγουσιν</span> <span class='ocrx_word' id='word_1_167' title='bbox 1728 2185 1889 2253; x_wconf 76' lang='grc' dir='ltr'>εἶναι,</span> <span class='ocrx_word' id='word_1_168' title='bbox 1920 2190 2014 2244; x_wconf 72' lang='grc' dir='ltr'>καὶ</span> 
     </span>
    </p>
   </div>
   <div class='ocr_carea' id='block_1_24' title="bbox 435 2276 2015 2351">
    <p class='ocr_par' dir='ltr' id='par_1_24' title="bbox 435 2276 2015 2351">
     <span class='ocr_line' id='line_1_24' title="bbox 435 2276 2015 2351; baseline 0.004 -22"><span class='ocrx_word' id='word_1_169' title='bbox 435 2276 686 2348; x_wconf 76' lang='grc' dir='ltr'>λαμπρὸν</span> <span class='ocrx_word' id='word_1_170' title='bbox 706 2278 763 2329; x_wconf 86' lang='grc' dir='ltr'><strong>ἐν</strong></span> <span class='ocrx_word' id='word_1_171' title='bbox 784 2276 997 2347; x_wconf 88' lang='grc' dir='ltr'>πλούτῳ</span> <span class='ocrx_word' id='word_1_172' title='bbox 1010 2276 1105 2330; x_wconf 75' lang='grc' dir='ltr'><strong>καὶ</strong></span> <span class='ocrx_word' id='word_1_173' title='bbox 1124 2278 1183 2331; x_wconf 89' lang='grc' dir='ltr'><strong>ἐν</strong></span> <span class='ocrx_word' id='word_1_174' title='bbox 1202 2277 1331 2349; x_wconf 75' lang='grc' dir='ltr'>ἀξίᾳ</span> <span class='ocrx_word' id='word_1_175' title='bbox 1350 2296 1415 2331; x_wconf 92' lang='grc' dir='ltr'><strong>πε</strong></span> <span class='ocrx_word' id='word_1_176' title='bbox 1424 2279 1727 2351; x_wconf 80' lang='grc' dir='ltr'>ρίϐλεπτον.</span> <span class='ocrx_word' id='word_1_177' title='bbox 1749 2281 2015 2336; x_wconf 81' lang='grc' dir='ltr'>ἀνθοῦντά</span> 
     </span>
    </p>
   </div>
   <div class='ocr_carea' id='block_1_25' title="bbox 433 2369 2015 2446">
    <p class='ocr_par' dir='ltr' id='par_1_25' title="bbox 433 2369 2015 2446">
     <span class='ocr_line' id='line_1_25' title="bbox 433 2369 2015 2446; baseline 0.005 -23"><span class='ocrx_word' id='word_1_178' title='bbox 433 2387 495 2424; x_wconf 85' lang='grc' dir='ltr'><strong>τε</strong></span> <span class='ocrx_word' id='word_1_179' title='bbox 524 2373 588 2441; x_wconf 77' lang='grc' dir='ltr'>τῇ</span> <span class='ocrx_word' id='word_1_180' title='bbox 612 2369 759 2441; x_wconf 84' lang='grc' dir='ltr'>ῶρᾳ,</span> <span class='ocrx_word' id='word_1_181' title='bbox 782 2371 875 2424; x_wconf 76' lang='grc' dir='ltr'><strong>καὶ</strong></span> <span class='ocrx_word' id='word_1_182' title='bbox 897 2371 992 2425; x_wconf 70' lang='grc' dir='ltr'>ἐπὶ</span> <span class='ocrx_word' id='word_1_183' title='bbox 1022 2371 1179 2425; x_wconf 84' lang='grc' dir='ltr'>τόσον</span> <span class='ocrx_word' id='word_1_184' title='bbox 1198 2372 1532 2428; x_wconf 88' lang='grc' dir='ltr'>διανεστῶτα</span> <span class='ocrx_word' id='word_1_185' title='bbox 1552 2374 1629 2445; x_wconf 85' lang='grc' dir='ltr'>τῷ</span> <span class='ocrx_word' id='word_1_186' title='bbox 1651 2374 1886 2446; x_wconf 86' lang='grc' dir='ltr'>σώματι,</span> <span class='ocrx_word' id='word_1_187' title='bbox 1920 2378 2015 2431; x_wconf 74' lang='grc' dir='ltr'><strong>καὶ</strong></span> 
     </span>
    </p>
   </div>
   <div class='ocr_carea' id='block_1_26' title="bbox 434 2464 2013 2539">
    <p class='ocr_par' dir='ltr' id='par_1_26' title="bbox 434 2464 2013 2539">
     <span class='ocr_line' id='line_1_26' title="bbox 434 2464 2013 2539; baseline 0.003 -21"><span class='ocrx_word' id='word_1_188' title='bbox 434 2466 502 2519; x_wconf 68' lang='grc' dir='ltr'>τὰ</span> <span class='ocrx_word' id='word_1_189' title='bbox 534 2464 759 2520; x_wconf 80' lang='grc' dir='ltr'>τοιαῦτα</span> <span class='ocrx_word' id='word_1_190' title='bbox 788 2464 1068 2532; x_wconf 85' lang='grc' dir='ltr'>λέγοντες,</span> <span class='ocrx_word' id='word_1_191' title='bbox 1098 2464 1159 2518; x_wconf 84' lang='grc' dir='ltr'><strong>οὐ</strong></span> <span class='ocrx_word' id='word_1_192' title='bbox 1182 2464 1279 2537; x_wconf 80' lang='grc' dir='ltr'>τήν</span> <span class='ocrx_word' id='word_1_193' title='bbox 1320 2465 1481 2535; x_wconf 83' lang='grc' dir='ltr'>φύσιν</span> <span class='ocrx_word' id='word_1_194' title='bbox 1510 2467 1603 2521; x_wconf 82' lang='grc' dir='ltr'>τοῦ</span> <span class='ocrx_word' id='word_1_195' title='bbox 1643 2468 1974 2539; x_wconf 81' lang='grc' dir='ltr'>δηλουμένου</span> <span class='ocrx_word' id='word_1_196' title='bbox 1998 2511 2013 2534; x_wconf 92' lang='grc'><strong>,</strong></span> 
     </span>
    </p>
   </div>
   <div class='ocr_carea' id='block_1_27' title="bbox 435 2557 2016 2632">
    <p class='ocr_par' dir='ltr' id='par_1_27' title="bbox 435 2557 2016 2632">
     <span class='ocr_line' id='line_1_27' title="bbox 435 2557 2016 2632; baseline 0.003 -20"><span class='ocrx_word' id='word_1_197' title='bbox 435 2558 569 2613; x_wconf 80' lang='grc' dir='ltr'>ἀλλά</span> <span class='ocrx_word' id='word_1_198' title='bbox 596 2575 715 2611; x_wconf 88' lang='grc' dir='ltr'>τινα</span> <span class='ocrx_word' id='word_1_199' title='bbox 741 2557 1095 2629; x_wconf 78' lang='grc' dir='ltr'>γνωρίσματα</span> <span class='ocrx_word' id='word_1_200' title='bbox 1124 2558 1233 2611; x_wconf 90' lang='grc' dir='ltr'><strong>τῶν</strong></span> <span class='ocrx_word' id='word_1_201' title='bbox 1261 2558 1386 2628; x_wconf 76' lang='grc' dir='ltr'>περὶ</span> <span class='ocrx_word' id='word_1_202' title='bbox 1405 2558 1567 2612; x_wconf 76' lang='grc' dir='ltr'>αὑτὸν</span> <span class='ocrx_word' id='word_1_203' title='bbox 1601 2563 2016 2632; x_wconf 81' lang='grc' dir='ltr'>γινωσκομένων</span> 
     </span>
    </p>
   </div>
   <div class='ocr_carea' id='block_1_28' title="bbox 436 2649 2018 2726">
    <p class='ocr_par' dir='ltr' id='par_1_28' title="bbox 436 2649 2018 2726">
     <span class='ocr_line' id='line_1_28' title="bbox 436 2649 2018 2726; baseline 0.005 -23"><span class='ocrx_word' id='word_1_204' title='bbox 436 2652 730 2720; x_wconf 79' lang='grc' dir='ltr'>ἐδήλωσαν.</span> <span class='ocrx_word' id='word_1_205' title='bbox 764 2649 901 2704; x_wconf 76' lang='grc' dir='ltr'>Οὔτε</span> <span class='ocrx_word' id='word_1_206' title='bbox 927 2651 1035 2722; x_wconf 86' lang='grc' dir='ltr'><strong>γὰρ</strong></span> <span class='ocrx_word' id='word_1_207' title='bbox 1067 2650 1128 2704; x_wconf 81' lang='grc' dir='ltr'><strong>τὸ</strong></span> <span class='ocrx_word' id='word_1_208' title='bbox 1160 2652 1399 2720; x_wconf 79' lang='grc' dir='ltr'>εὐγενὲς,</span> <span class='ocrx_word' id='word_1_209' title='bbox 1428 2651 1552 2706; x_wconf 72' lang='grc' dir='ltr'>οὔτε</span> <span class='ocrx_word' id='word_1_210' title='bbox 1576 2655 1638 2707; x_wconf 75' lang='grc' dir='ltr'>τὸ</span> <span class='ocrx_word' id='word_1_211' title='bbox 1662 2655 2018 2726; x_wconf 81' lang='grc' dir='ltr'>πολυχρήμα-</span> 
     </span>
    </p>
   </div>
   <div class='ocr_carea' id='block_1_29' title="bbox 437 2742 2017 2821">
    <p class='ocr_par' dir='ltr' id='par_1_29' title="bbox 437 2742 2017 2821">
     <span class='ocr_line' id='line_1_29' title="bbox 437 2742 2017 2821; baseline 0.004 -24"><span class='ocrx_word' id='word_1_212' title='bbox 437 2761 548 2807; x_wconf 89' lang='grc' dir='ltr'>τον,</span> <span class='ocrx_word' id='word_1_213' title='bbox 566 2742 687 2797; x_wconf 75' lang='grc' dir='ltr'>οΰτε</span> <span class='ocrx_word' id='word_1_214' title='bbox 708 2743 769 2796; x_wconf 81' lang='grc' dir='ltr'>τὸ</span> <span class='ocrx_word' id='word_1_215' title='bbox 788 2761 853 2796; x_wconf 84' lang='grc' dir='ltr'><strong>πε</strong></span> <span class='ocrx_word' id='word_1_216' title='bbox 862 2744 1085 2815; x_wconf 82' lang='grc' dir='ltr'>ριφανὲς</span> <span class='ocrx_word' id='word_1_217' title='bbox 1099 2744 1193 2797; x_wconf 84' lang='grc' dir='ltr'><strong>τοῦ</strong></span> <span class='ocrx_word' id='word_1_218' title='bbox 1206 2743 1532 2816; x_wconf 82' lang='grc' dir='ltr'>ἀξιώματος,</span> <span class='ocrx_word' id='word_1_219' title='bbox 1552 2746 1673 2801; x_wconf 79' lang='grc' dir='ltr'>οὔτε</span> <span class='ocrx_word' id='word_1_220' title='bbox 1689 2748 1747 2801; x_wconf 83' lang='grc' dir='ltr'><strong>τὸ</strong></span> <span class='ocrx_word' id='word_1_221' title='bbox 1768 2750 1906 2804; x_wconf 88' lang='grc' dir='ltr'><strong>κατά</strong></span> <span class='ocrx_word' id='word_1_222' title='bbox 1920 2751 2017 2821; x_wconf 83' lang='grc' dir='ltr'><strong>τὴν</strong></span> 
     </span>
    </p>
   </div>
   <div class='ocr_carea' id='block_1_30' title="bbox 438 2834 2017 2906">
    <p class='ocr_par' dir='ltr' id='par_1_30' title="bbox 438 2834 2017 2906">
     <span class='ocr_line' id='line_1_30' title="bbox 438 2834 2017 2906; baseline 0.006 -19"><span class='ocrx_word' id='word_1_223' title='bbox 438 2834 957 2906; x_wconf 34' lang='grc' dir='ltr'>ῶρανλπερίόλεπτον</span> <span class='ocrx_word' id='word_1_224' title='bbox 973 2834 1001 2887; x_wconf 87' lang='grc' dir='ltr'>ὁ</span> <span class='ocrx_word' id='word_1_225' title='bbox 1017 2834 1113 2888; x_wconf 82' lang='grc' dir='ltr'>ἄνθ</span> <span class='ocrx_word' id='word_1_226' title='bbox 1121 2837 1300 2906; x_wconf 76' lang='grc' dir='ltr'>ρωπος</span> <span class='ocrx_word' id='word_1_227' title='bbox 1321 2838 1489 2899; x_wconf 82' lang='grc' dir='ltr'>ἐστιν,</span> <span class='ocrx_word' id='word_1_228' title='bbox 1506 2838 1621 2892; x_wconf 84' lang='grc' dir='ltr'>ἀλλ’</span> <span class='ocrx_word' id='word_1_229' title='bbox 1644 2840 1871 2894; x_wconf 75' lang='grc' dir='ltr'>ἕκαστον</span> <span class='ocrx_word' id='word_1_230' title='bbox 1891 2842 2017 2896; x_wconf 86' lang='grc' dir='ltr'>τού-</span> 
     </span>
    </p>
   </div>
   <div class='ocr_carea' id='block_1_31' title="bbox 438 2927 2020 3002">
    <p class='ocr_par' dir='ltr' id='par_1_31' title="bbox 438 2927 2020 3002">
     <span class='ocr_line' id='line_1_31' title="bbox 438 2927 2020 3002; baseline 0.006 -22"><span class='ocrx_word' id='word_1_231' title='bbox 438 2946 545 2981; x_wconf 87' lang='grc' dir='ltr'><strong>των</strong></span> <span class='ocrx_word' id='word_1_232' title='bbox 573 2928 699 2998; x_wconf 77' lang='grc' dir='ltr'>περὶ</span> <span class='ocrx_word' id='word_1_233' title='bbox 726 2927 818 2981; x_wconf 86' lang='grc' dir='ltr'>τόν</span> <span class='ocrx_word' id='word_1_234' title='bbox 845 2945 966 2981; x_wconf 87' lang='grc' dir='ltr'>τινα</span> <span class='ocrx_word' id='word_1_235' title='bbox 1000 2927 1305 2999; x_wconf 76' lang='grc' dir='ltr'>θεωρεῖταιο</span> <span class='ocrx_word' id='word_1_236' title='bbox 1336 2928 1511 2994; x_wconf 75' lang='grc' dir='ltr'>οὕτως</span> <span class='ocrx_word' id='word_1_237' title='bbox 1531 2933 1625 2985; x_wconf 75' lang='grc' dir='ltr'><strong>καὶ</strong></span> <span class='ocrx_word' id='word_1_238' title='bbox 1652 2933 1823 2986; x_wconf 81' lang='grc' dir='ltr'>πᾶσαι</span> <span class='ocrx_word' id='word_1_239' title='bbox 1845 2934 2020 3002; x_wconf 75' lang='grc' dir='ltr'>φωναὶ</span> 
     </span>
    </p>
   </div>
   <div class='ocr_carea' id='block_1_32' title="bbox 438 3018 2015 3095">
    <p class='ocr_par' dir='ltr' id='par_1_32' title="bbox 438 3018 2015 3095">
     <span class='ocr_line' id='line_1_32' title="bbox 438 3018 2015 3095; baseline 0.005 -23"><span class='ocrx_word' id='word_1_240' title='bbox 438 3021 537 3087; x_wconf 83' lang='grc' dir='ltr'>τῆς</span> <span class='ocrx_word' id='word_1_241' title='bbox 566 3020 725 3087; x_wconf 85' lang='grc' dir='ltr'>ἁγίας</span> <span class='ocrx_word' id='word_1_242' title='bbox 758 3019 979 3089; x_wconf 84' lang='grc' dir='ltr'>Γραφῆς</span> <span class='ocrx_word' id='word_1_243' title='bbox 1016 3022 1093 3083; x_wconf 86' lang='grc' dir='ltr'><strong>είς</strong></span> <span class='ocrx_word' id='word_1_244' title='bbox 1123 3018 1428 3088; x_wconf 80' lang='grc' dir='ltr'>δοξολογίαν</span> <span class='ocrx_word' id='word_1_245' title='bbox 1454 3022 1606 3077; x_wconf 87' lang='grc' dir='ltr'>θείαν</span> <span class='ocrx_word' id='word_1_246' title='bbox 1636 3022 1828 3095; x_wconf 82' lang='grc' dir='ltr'>ἐξευρη</span> <span class='ocrx_word' id='word_1_247' title='bbox 1840 3027 2015 3095; x_wconf 86' lang='grc' dir='ltr'>μέναι,</span> 
     </span>
    </p>
   </div>
   <div class='ocr_carea' id='block_1_33' title="bbox 440 3108 2015 3185">
    <p class='ocr_par' dir='ltr' id='par_1_33' title="bbox 440 3108 2015 3185">
     <span class='ocr_line' id='line_1_33' title="bbox 440 3108 2015 3185; baseline 0.004 -22"><span class='ocrx_word' id='word_1_248' title='bbox 440 3112 549 3163; x_wconf 88' lang='grc' dir='ltr'><strong>τῶν</strong></span> <span class='ocrx_word' id='word_1_249' title='bbox 586 3110 710 3179; x_wconf 72' lang='grc' dir='ltr'>περὶ</span> <span class='ocrx_word' id='word_1_250' title='bbox 742 3109 833 3162; x_wconf 82' lang='grc' dir='ltr'><strong>τὸν</strong></span> <span class='ocrx_word' id='word_1_251' title='bbox 873 3108 1005 3162; x_wconf 81' lang='grc' dir='ltr'>Θεόν</span> <span class='ocrx_word' id='word_1_252' title='bbox 1037 3127 1091 3162; x_wconf 92' lang='grc' dir='ltr'><strong>τι</strong></span> <span class='ocrx_word' id='word_1_253' title='bbox 1138 3109 1483 3180; x_wconf 78' lang='grc' dir='ltr'>δηλουμένων</span> <span class='ocrx_word' id='word_1_254' title='bbox 1527 3112 2015 3185; x_wconf 81' lang='grc' dir='ltr'>ἆποσημαίνουσιν,</span> 
     </span>
    </p>
   </div>
   <div class='ocr_carea' id='block_1_34' title="bbox 2115 605 3692 679">
    <p class='ocr_par' dir='ltr' id='par_1_34' title="bbox 2115 605 3692 679">
     <span class='ocr_line' id='line_1_34' title="bbox 2115 605 3692 679; baseline -0.001 -17"><span class='ocrx_word' id='word_1_255' title='bbox 2115 609 2289 678; x_wconf 84' lang='lat' dir='ltr'><strong>ipsius</strong></span> <span class='ocrx_word' id='word_1_256' title='bbox 2318 609 2578 679; x_wconf 84' lang='lat' dir='ltr'><strong>operibus</strong></span> <span class='ocrx_word' id='word_1_257' title='bbox 2600 610 2837 674; x_wconf 83' lang='lat' dir='ltr'><strong>elucent.</strong></span> <span class='ocrx_word' id='word_1_258' title='bbox 2863 625 2987 664; x_wconf 91' lang='lat' dir='ltr'><strong>cum</strong></span> <span class='ocrx_word' id='word_1_259' title='bbox 3028 626 3093 664; x_wconf 84' lang='lat' dir='ltr'><strong>ex</strong></span> <span class='ocrx_word' id='word_1_260' title='bbox 3122 609 3460 669; x_wconf 88' lang='lat' dir='ltr'><strong>nominibus.</strong></span> <span class='ocrx_word' id='word_1_261' title='bbox 3495 605 3692 675; x_wconf 86' lang='lat' dir='ltr'><strong>quibus</strong></span> 
     </span>
    </p>
   </div>
   <div class='ocr_carea' id='block_1_35' title="bbox 2113 700 3695 773">
    <p class='ocr_par' dir='ltr' id='par_1_35' title="bbox 2113 700 3695 773">
     <span class='ocr_line' id='line_1_35' title="bbox 2113 700 3695 773; baseline -0.001 -20"><span class='ocrx_word' id='word_1_262' title='bbox 2113 700 2350 757; x_wconf 76' lang='lat' dir='ltr'><strong>varietas</strong></span> <span class='ocrx_word' id='word_1_263' title='bbox 2384 700 2584 757; x_wconf 73' lang='lat' dir='ltr'><strong>divina:</strong></span> <span class='ocrx_word' id='word_1_264' title='bbox 2618 703 2834 758; x_wconf 90' lang='lat' dir='ltr'><strong>virtutis</strong></span> <span class='ocrx_word' id='word_1_265' title='bbox 2877 703 3221 773; x_wconf 76' lang='lat' dir='ltr'><strong>intelligitur,</strong></span> <span class='ocrx_word' id='word_1_266' title='bbox 3268 700 3335 755; x_wconf 89' lang='lat' dir='ltr'><strong>ad</strong></span> <span class='ocrx_word' id='word_1_267' title='bbox 3369 700 3567 760; x_wconf 74' lang='lat' dir='ltr'><strong>divina:</strong></span> <span class='ocrx_word' id='word_1_268' title='bbox 3595 714 3695 751; x_wconf 83' lang='lat' dir='ltr'><strong>na-</strong></span> 
     </span>
    </p>
   </div>
   <div class='ocr_carea' id='block_1_36' title="bbox 2115 791 3696 866">
    <p class='ocr_par' dir='ltr' id='par_1_36' title="bbox 2115 791 3696 866">
     <span class='ocr_line' id='line_1_36' title="bbox 2115 791 3696 866; baseline -0.002 -21"><span class='ocrx_word' id='word_1_269' title='bbox 2115 800 2253 848; x_wconf 62' lang='lat' dir='ltr'><strong>turae</strong></span> <span class='ocrx_word' id='word_1_270' title='bbox 2293 794 2705 863; x_wconf 83' lang='lat' dir='ltr'><strong>intelligentiam</strong></span> <span class='ocrx_word' id='word_1_271' title='bbox 2738 804 2998 866; x_wconf 87' lang='lat' dir='ltr'><strong>tanquam</strong></span> <span class='ocrx_word' id='word_1_272' title='bbox 3030 809 3195 849; x_wconf 89' lang='lat' dir='ltr'><strong>manu</strong></span> <span class='ocrx_word' id='word_1_273' title='bbox 3228 794 3457 854; x_wconf 91' lang='lat' dir='ltr'><strong>ducunt.</strong></span> <span class='ocrx_word' id='word_1_274' title='bbox 3487 791 3696 859; x_wconf 86' lang='lat' dir='ltr'><strong>magni-</strong></span> 
     </span>
    </p>
   </div>
   <div class='ocr_carea' id='block_1_37' title="bbox 2118 886 3690 957">
    <p class='ocr_par' dir='ltr' id='par_1_37' title="bbox 2118 886 3690 957">
     <span class='ocr_line' id='line_1_37' title="bbox 2118 886 3690 957; baseline -0.004 -15"><span class='ocrx_word' id='word_1_275' title='bbox 2118 886 2389 942; x_wconf 74' lang='lat' dir='ltr'><strong>ficentiam</strong></span> <span class='ocrx_word' id='word_1_276' title='bbox 2429 887 2602 942; x_wconf 86' lang='lat' dir='ltr'><strong>solam</strong></span> <span class='ocrx_word' id='word_1_277' title='bbox 2633 903 2823 943; x_wconf 92' lang='lat' dir='ltr'><strong>eorum</strong></span> <span class='ocrx_word' id='word_1_278' title='bbox 2855 904 2976 957; x_wconf 70' lang='lat' dir='ltr'><strong>qua:</strong></span> <span class='ocrx_word' id='word_1_279' title='bbox 3010 888 3078 941; x_wconf 90' lang='lat' dir='ltr'><strong>de</strong></span> <span class='ocrx_word' id='word_1_280' title='bbox 3108 887 3219 942; x_wconf 86' lang='lat' dir='ltr'><strong>Deo</strong></span> <span class='ocrx_word' id='word_1_281' title='bbox 3251 886 3690 947; x_wconf 89' lang='lat' dir='ltr'><strong>considerantur,</strong></span> 
     </span>
    </p>
   </div>
   <div class='ocr_carea' id='block_1_38' title="bbox 2117 976 3695 1043">
    <p class='ocr_par' dir='ltr' id='par_1_38' title="bbox 2117 976 3695 1043">
     <span class='ocr_line' id='line_1_38' title="bbox 2117 976 3695 1043; baseline -0.002 -13"><span class='ocrx_word' id='word_1_282' title='bbox 2117 977 2437 1032; x_wconf 86' lang='lat' dir='ltr'><strong>hominibus</strong></span> <span class='ocrx_word' id='word_1_283' title='bbox 2464 987 2651 1033; x_wconf 89' lang='lat' dir='ltr'><strong>notam</strong></span> <span class='ocrx_word' id='word_1_284' title='bbox 2684 979 2976 1043; x_wconf 81' lang='lat' dir='ltr'><strong>facientes;</strong></span> <span class='ocrx_word' id='word_1_285' title='bbox 3017 978 3271 1034; x_wconf 85' lang='lat' dir='ltr'><strong>essentiae</strong></span> <span class='ocrx_word' id='word_1_286' title='bbox 3309 986 3488 1031; x_wconf 87' lang='lat' dir='ltr'><strong>autem</strong></span> <span class='ocrx_word' id='word_1_287' title='bbox 3525 976 3695 1029; x_wconf 86' lang='lat' dir='ltr'><strong>ratio-</strong></span> 
     </span>
    </p>
   </div>
   <div class='ocr_carea' id='block_1_39' title="bbox 2117 1067 3693 1141">
    <p class='ocr_par' dir='ltr' id='par_1_39' title="bbox 2117 1067 3693 1141">
     <span class='ocr_line' id='line_1_39' title="bbox 2117 1067 3693 1141; baseline -0.003 -18"><span class='ocrx_word' id='word_1_288' title='bbox 2117 1085 2266 1133; x_wconf 84' lang='lat' dir='ltr'><strong>nem,</strong></span> <span class='ocrx_word' id='word_1_289' title='bbox 2316 1078 2376 1123; x_wconf 91' lang='lat' dir='ltr'><strong>ut</strong></span> <span class='ocrx_word' id='word_1_290' title='bbox 2413 1085 2538 1139; x_wconf 71' lang='lat' dir='ltr'><strong>qua:</strong></span> <span class='ocrx_word' id='word_1_291' title='bbox 2582 1071 2702 1141; x_wconf 90' lang='lat' dir='ltr'><strong>capi</strong></span> <span class='ocrx_word' id='word_1_292' title='bbox 2738 1072 2890 1125; x_wconf 90' lang='lat' dir='ltr'><strong>nullo</strong></span> <span class='ocrx_word' id='word_1_293' title='bbox 2930 1072 3093 1124; x_wconf 89' lang='lat' dir='ltr'><strong>modo</strong></span> <span class='ocrx_word' id='word_1_294' title='bbox 3136 1070 3331 1141; x_wconf 80' lang='lat' dir='ltr'><strong>possit,</strong></span> <span class='ocrx_word' id='word_1_295' title='bbox 3360 1084 3539 1137; x_wconf 89' lang='lat' dir='ltr'><strong>neque</strong></span> <span class='ocrx_word' id='word_1_296' title='bbox 3564 1067 3693 1136; x_wconf 83' lang='lat' dir='ltr'><strong>quid</strong></span> 
     </span>
    </p>
   </div>
   <div class='ocr_carea' id='block_1_40' title="bbox 2118 1160 3697 1233">
    <p class='ocr_par' dir='ltr' id='par_1_40' title="bbox 2118 1160 3697 1233">
     <span class='ocr_line' id='line_1_40' title="bbox 2118 1160 3697 1233; baseline -0.001 -19"><span class='ocrx_word' id='word_1_297' title='bbox 2118 1160 2307 1216; x_wconf 82' lang='lat' dir='ltr'><strong>alTerat</strong></span> <span class='ocrx_word' id='word_1_298' title='bbox 2353 1163 2490 1218; x_wconf 90' lang='lat' dir='ltr'><strong>lucri</strong></span> <span class='ocrx_word' id='word_1_299' title='bbox 2549 1170 2602 1219; x_wconf 88' lang='lat' dir='ltr'><strong>et</strong></span> <span class='ocrx_word' id='word_1_300' title='bbox 2652 1163 2924 1218; x_wconf 88' lang='lat' dir='ltr'><strong>commodi</strong></span> <span class='ocrx_word' id='word_1_301' title='bbox 2958 1163 3041 1219; x_wconf 89' lang='lat' dir='ltr'><strong>his</strong></span> <span class='ocrx_word' id='word_1_302' title='bbox 3078 1165 3171 1233; x_wconf 85' lang='lat' dir='ltr'><strong>qui</strong></span> <span class='ocrx_word' id='word_1_303' title='bbox 3226 1162 3390 1217; x_wconf 88' lang='lat' dir='ltr'><strong>nimis</strong></span> <span class='ocrx_word' id='word_1_304' title='bbox 3442 1160 3602 1215; x_wconf 75' lang='lat' dir='ltr'><strong>anxie</strong></span> <span class='ocrx_word' id='word_1_305' title='bbox 3645 1171 3697 1214; x_wconf 87' lang='lat' dir='ltr'><strong>et</strong></span> 
     </span>
    </p>
   </div>
   <div class='ocr_carea' id='block_1_41' title="bbox 2118 1253 3698 1326">
    <p class='ocr_par' dir='ltr' id='par_1_41' title="bbox 2118 1253 3698 1326">
     <span class='ocr_line' id='line_1_41' title="bbox 2118 1253 3698 1326; baseline -0.003 -17"><span class='ocrx_word' id='word_1_306' title='bbox 2118 1258 2336 1312; x_wconf 83' lang='lat' dir='ltr'><strong>curiose</strong></span> <span class='ocrx_word' id='word_1_307' title='bbox 2381 1260 2723 1326; x_wconf 90' lang='lat' dir='ltr'><strong>perquirunt,</strong></span> <span class='ocrx_word' id='word_1_308' title='bbox 2760 1257 3085 1312; x_wconf 81' lang='lat' dir='ltr'><strong>inell‘abilem</strong></span> <span class='ocrx_word' id='word_1_309' title='bbox 3118 1264 3172 1311; x_wconf 89' lang='lat' dir='ltr'><strong>et</strong></span> <span class='ocrx_word' id='word_1_310' title='bbox 3209 1271 3322 1309; x_wconf 87' lang='lat' dir='ltr'><strong>non</strong></span> <span class='ocrx_word' id='word_1_311' title='bbox 3359 1253 3698 1325; x_wconf 83' lang='lat' dir='ltr'><strong>pervestiga-</strong></span> 
     </span>
    </p>
   </div>
   <div class='ocr_carea' id='block_1_42' title="bbox 2118 1346 3698 1404">
    <p class='ocr_par' dir='ltr' id='par_1_42' title="bbox 2118 1346 3698 1404">
     <span class='ocr_line' id='line_1_42' title="bbox 2118 1346 3698 1404; baseline -0.004 -1"><span class='ocrx_word' id='word_1_312' title='bbox 2118 1348 2280 1404; x_wconf 89' lang='lat' dir='ltr'><strong>bilem</strong></span> <span class='ocrx_word' id='word_1_313' title='bbox 2324 1349 2675 1404; x_wconf 88' lang='lat' dir='ltr'><strong>dimiserunt.</strong></span> <span class='ocrx_word' id='word_1_314' title='bbox 2722 1348 2936 1403; x_wconf 75' lang='lat' dir='ltr'><strong>Etenim</strong></span> <span class='ocrx_word' id='word_1_315' title='bbox 2968 1350 3131 1404; x_wconf 86' lang='lat' dir='ltr'><strong>etiam</strong></span> <span class='ocrx_word' id='word_1_316' title='bbox 3175 1348 3281 1401; x_wconf 85' lang='lat' dir='ltr'><strong>alia</strong></span> <span class='ocrx_word' id='word_1_317' title='bbox 3322 1346 3504 1401; x_wconf 80' lang='lat' dir='ltr'><strong>omnia</strong></span> <span class='ocrx_word' id='word_1_318' title='bbox 3552 1352 3698 1398; x_wconf 85' lang='lat' dir='ltr'><strong>certe</strong></span> 
     </span>
    </p>
   </div>
   <div class='ocr_carea' id='block_1_43' title="bbox 2119 1442 3700 1508">
    <p class='ocr_par' dir='ltr' id='par_1_43' title="bbox 2119 1442 3700 1508">
     <span class='ocr_line' id='line_1_43' title="bbox 2119 1442 3700 1508; baseline -0.004 -12"><span class='ocrx_word' id='word_1_319' title='bbox 2119 1442 2259 1497; x_wconf 84' lang='lat' dir='ltr'><strong>facta</strong></span> <span class='ocrx_word' id='word_1_320' title='bbox 2290 1458 2412 1499; x_wconf 86' lang='lat' dir='ltr'><strong>esse</strong></span> <span class='ocrx_word' id='word_1_321' title='bbox 2437 1452 2821 1508; x_wconf 83' lang='lat' dir='ltr'><strong>narraverunt,</strong></span> <span class='ocrx_word' id='word_1_322' title='bbox 2850 1443 3073 1504; x_wconf 66' lang='lat' dir='ltr'><strong>malum.</strong></span> <span class='ocrx_word' id='word_1_323' title='bbox 3101 1451 3324 1506; x_wconf 92' lang='lat' dir='ltr'><strong>terram,</strong></span> <span class='ocrx_word' id='word_1_324' title='bbox 3359 1453 3528 1499; x_wconf 86' lang='lat' dir='ltr'><strong>mare,</strong></span> <span class='ocrx_word' id='word_1_325' title='bbox 3561 1446 3700 1491; x_wconf 89' lang='lat' dir='ltr'><strong>tem-</strong></span> 
     </span>
    </p>
   </div>
   <div class='ocr_carea' id='block_1_44' title="bbox 2119 1520 3697 1604">
    <p class='ocr_par' dir='ltr' id='par_1_44' title="bbox 2119 1520 3697 1604">
     <span class='ocr_line' id='line_1_44' title="bbox 2119 1520 3697 1604; baseline -0.011 -3"><span class='ocrx_word' id='word_1_326' title='bbox 2119 1549 2273 1604; x_wconf 66' lang='grc' dir='ltr'>Ροτθν</span> <span class='ocrx_word' id='word_1_327' title='bbox 2337 1536 2569 1601; x_wconf 59' lang='lat' dir='ltr'><strong>saecula,</strong></span> <span class='ocrx_word' id='word_1_328' title='bbox 2591 1544 2645 1591; x_wconf 80' lang='lat' dir='ltr'><strong>et</strong></span> <span class='ocrx_word' id='word_1_329' title='bbox 2667 1551 2788 1604; x_wconf 64' lang='lat' dir='ltr'><strong>qua:</strong></span> <span class='ocrx_word' id='word_1_330' title='bbox 2820 1535 2876 1590; x_wconf 92' lang='lat' dir='ltr'><strong>in</strong></span> <span class='ocrx_word' id='word_1_331' title='bbox 2913 1536 2995 1591; x_wconf 86' lang='lat' dir='ltr'><strong>eis</strong></span> <span class='ocrx_word' id='word_1_332' title='bbox 3026 1544 3177 1598; x_wconf 85' lang='lat' dir='ltr'><strong>sunt,</strong></span> <span class='ocrx_word' id='word_1_333' title='bbox 3214 1540 3517 1588; x_wconf 87' lang='lat' dir='ltr'><strong>creaturas.</strong></span> <span class='ocrx_word' id='word_1_334' title='bbox 3555 1520 3697 1597; x_wconf 77' lang='lat' dir='ltr'><strong>Quid</strong></span> 
     </span>
    </p>
   </div>
   <div class='ocr_carea' id='block_1_45' title="bbox 2119 1622 3697 1699">
    <p class='ocr_par' dir='ltr' id='par_1_45' title="bbox 2119 1622 3697 1699">
     <span class='ocr_line' id='line_1_45' title="bbox 2119 1622 3697 1699; baseline -0.003 -17"><span class='ocrx_word' id='word_1_335' title='bbox 2119 1639 2298 1683; x_wconf 87' lang='lat' dir='ltr'><strong>autem</strong></span> <span class='ocrx_word' id='word_1_336' title='bbox 2326 1629 2522 1683; x_wconf 90' lang='lat' dir='ltr'><strong>horum</strong></span> <span class='ocrx_word' id='word_1_337' title='bbox 2559 1629 3014 1699; x_wconf 88' lang='lat' dir='ltr'><strong>unumquodque,</strong></span> <span class='ocrx_word' id='word_1_338' title='bbox 3037 1640 3089 1684; x_wconf 88' lang='lat' dir='ltr'><strong>et</strong></span> <span class='ocrx_word' id='word_1_339' title='bbox 3118 1626 3416 1698; x_wconf 91' lang='lat' dir='ltr'><strong>quomodo.</strong></span> <span class='ocrx_word' id='word_1_340' title='bbox 3450 1636 3506 1680; x_wconf 91' lang='lat' dir='ltr'><strong>et</strong></span> <span class='ocrx_word' id='word_1_341' title='bbox 3537 1622 3697 1689; x_wconf 86' lang='lat' dir='ltr'><strong>unde,</strong></span> 
     </span>
    </p>
   </div>
   <div class='ocr_carea' id='block_1_46' title="bbox 2120 1718 3700 1792">
    <p class='ocr_par' dir='ltr' id='par_1_46' title="bbox 2120 1718 3700 1792">
     <span class='ocr_line' id='line_1_46' title="bbox 2120 1718 3700 1792; baseline -0.004 -18"><span class='ocrx_word' id='word_1_342' title='bbox 2120 1721 2269 1776; x_wconf 86' lang='lat' dir='ltr'><strong>taciti</strong></span> <span class='ocrx_word' id='word_1_343' title='bbox 2313 1722 2698 1792; x_wconf 68' lang='lat' dir='ltr'><strong>praeterierunt</strong></span> <span class='ocrx_word' id='word_1_344' title='bbox 2730 1741 2743 1776; x_wconf 90' lang='lat'><strong>:</strong></span> <span class='ocrx_word' id='word_1_345' title='bbox 2789 1722 2871 1777; x_wconf 94' lang='lat' dir='ltr'><strong>sic</strong></span> <span class='ocrx_word' id='word_1_346' title='bbox 2901 1722 3065 1775; x_wconf 89' lang='lat' dir='ltr'><strong>etiam</strong></span> <span class='ocrx_word' id='word_1_347' title='bbox 3099 1722 3166 1775; x_wconf 92' lang='lat' dir='ltr'><strong>de</strong></span> <span class='ocrx_word' id='word_1_348' title='bbox 3202 1718 3315 1773; x_wconf 84' lang='lat' dir='ltr'><strong>Deo</strong></span> <span class='ocrx_word' id='word_1_349' title='bbox 3344 1718 3471 1789; x_wconf 86' lang='lat' dir='ltr'><strong>quia</strong></span> <span class='ocrx_word' id='word_1_350' title='bbox 3499 1724 3605 1779; x_wconf 82' lang='lat' dir='ltr'><strong>est,</strong></span> <span class='ocrx_word' id='word_1_351' title='bbox 3646 1723 3700 1769; x_wconf 84' lang='lat' dir='ltr'><strong>et</strong></span> 
     </span>
    </p>
   </div>
   <div class='ocr_carea' id='block_1_47' title="bbox 2121 1811 3699 1882">
    <p class='ocr_par' dir='ltr' id='par_1_47' title="bbox 2121 1811 3699 1882">
     <span class='ocr_line' id='line_1_47' title="bbox 2121 1811 3699 1882; baseline -0.003 -16"><span class='ocrx_word' id='word_1_352' title='bbox 2121 1815 2497 1882; x_wconf 65' lang='lat' dir='ltr'><strong>quaerentibus</strong></span> <span class='ocrx_word' id='word_1_353' title='bbox 2544 1830 2605 1870; x_wconf 88' lang='lat' dir='ltr'><strong>se</strong></span> <span class='ocrx_word' id='word_1_354' title='bbox 2651 1813 2710 1867; x_wconf 84' lang='lat' dir='ltr'><strong>ﬁt</strong></span> <span class='ocrx_word' id='word_1_355' title='bbox 2743 1823 3125 1868; x_wconf 89' lang='lat' dir='ltr'><strong>remunerator</strong></span> <span class='ocrx_word' id='word_1_356' title='bbox 3156 1812 3221 1876; x_wconf 78' lang='grc'>’⁸,</span> <span class='ocrx_word' id='word_1_357' title='bbox 3251 1811 3543 1866; x_wconf 87' lang='lat' dir='ltr'><strong>consulunt</strong></span> <span class='ocrx_word' id='word_1_358' title='bbox 3577 1824 3699 1862; x_wconf 83' lang='lat' dir='ltr'><strong>cre-</strong></span> 
     </span>
    </p>
   </div>
   <div class='ocr_carea' id='block_1_48' title="bbox 2120 1906 3703 1976">
    <p class='ocr_par' dir='ltr' id='par_1_48' title="bbox 2120 1906 3703 1976">
     <span class='ocr_line' id='line_1_48' title="bbox 2120 1906 3703 1976; baseline -0.005 -13"><span class='ocrx_word' id='word_1_359' title='bbox 2120 1907 2292 1963; x_wconf 89' lang='lat' dir='ltr'><strong>dere:</strong></span> <span class='ocrx_word' id='word_1_360' title='bbox 2325 1914 2578 1961; x_wconf 86' lang='lat' dir='ltr'><strong>naturam</strong></span> <span class='ocrx_word' id='word_1_361' title='bbox 2620 1914 2802 1961; x_wconf 89' lang='lat' dir='ltr'><strong>autem</strong></span> <span class='ocrx_word' id='word_1_362' title='bbox 2850 1906 3026 1976; x_wconf 90' lang='lat' dir='ltr'><strong>ipsam</strong></span> <span class='ocrx_word' id='word_1_363' title='bbox 3063 1920 3184 1974; x_wconf 70' lang='lat' dir='ltr'><strong>quae</strong></span> <span class='ocrx_word' id='word_1_364' title='bbox 3231 1917 3398 1974; x_wconf 88' lang='lat' dir='ltr'><strong>supra</strong></span> <span class='ocrx_word' id='word_1_365' title='bbox 3436 1913 3521 1959; x_wconf 91' lang='lat' dir='ltr'><strong>est</strong></span> <span class='ocrx_word' id='word_1_366' title='bbox 3540 1918 3703 1958; x_wconf 87' lang='lat' dir='ltr'><strong>omne</strong></span> 
     </span>
    </p>
   </div>
   <div class='ocr_carea' id='block_1_49' title="bbox 2120 1996 3700 2073">
    <p class='ocr_par' dir='ltr' id='par_1_49' title="bbox 2120 1996 3700 2073">
     <span class='ocr_line' id='line_1_49' title="bbox 2120 1996 3700 2073; baseline -0.005 -14"><span class='ocrx_word' id='word_1_367' title='bbox 2120 2019 2345 2064; x_wconf 89' lang='lat' dir='ltr'><strong>nomen,</strong></span> <span class='ocrx_word' id='word_1_368' title='bbox 2394 2018 2573 2073; x_wconf 88' lang='lat' dir='ltr'><strong>neque</strong></span> <span class='ocrx_word' id='word_1_369' title='bbox 2636 2001 3017 2061; x_wconf 82' lang='lat' dir='ltr'><strong>nominarunt.</strong></span> <span class='ocrx_word' id='word_1_370' title='bbox 3072 2015 3250 2070; x_wconf 91' lang='lat' dir='ltr'><strong>neque</strong></span> <span class='ocrx_word' id='word_1_371' title='bbox 3301 2008 3587 2055; x_wconf 90' lang='lat' dir='ltr'><strong>curarunt.</strong></span> <span class='ocrx_word' id='word_1_372' title='bbox 3643 1996 3700 2051; x_wconf 88' lang='lat' dir='ltr'><strong>Si</strong></span> 
     </span>
    </p>
   </div>
   <div class='ocr_carea' id='block_1_50' title="bbox 2119 2093 3705 2166">
    <p class='ocr_par' dir='ltr' id='par_1_50' title="bbox 2119 2093 3705 2166">
     <span class='ocr_line' id='line_1_50' title="bbox 2119 2093 3705 2166; baseline -0.004 -13"><span class='ocrx_word' id='word_1_373' title='bbox 2119 2097 2265 2153; x_wconf 88' lang='lat' dir='ltr'><strong>enim</strong></span> <span class='ocrx_word' id='word_1_374' title='bbox 2290 2111 2489 2152; x_wconf 86' lang='lat' dir='ltr'><strong>nomen</strong></span> <span class='ocrx_word' id='word_1_375' title='bbox 2535 2094 2757 2166; x_wconf 91' lang='lat' dir='ltr'><strong>aliquod</strong></span> <span class='ocrx_word' id='word_1_376' title='bbox 2799 2095 2865 2150; x_wconf 90' lang='lat' dir='ltr'><strong>ad</strong></span> <span class='ocrx_word' id='word_1_377' title='bbox 2889 2094 3314 2150; x_wconf 89' lang='lat' dir='ltr'><strong>declarationem</strong></span> <span class='ocrx_word' id='word_1_378' title='bbox 3368 2093 3565 2148; x_wconf 82' lang='lat' dir='ltr'><strong>divinae</strong></span> <span class='ocrx_word' id='word_1_379' title='bbox 3610 2109 3705 2147; x_wconf 82' lang='lat' dir='ltr'><strong>co-</strong></span> 
     </span>
    </p>
   </div>
   <div class='ocr_carea' id='block_1_51' title="bbox 2122 2187 3702 2258">
    <p class='ocr_par' dir='ltr' id='par_1_51' title="bbox 2122 2187 3702 2258">
     <span class='ocr_line' id='line_1_51' title="bbox 2122 2187 3702 2258; baseline -0.004 -13"><span class='ocrx_word' id='word_1_380' title='bbox 2122 2190 2385 2258; x_wconf 82' lang='lat' dir='ltr'><strong>gnitionis</strong></span> <span class='ocrx_word' id='word_1_381' title='bbox 2441 2188 2762 2254; x_wconf 85' lang='lat' dir='ltr'><strong>didicimus,</strong></span> <span class='ocrx_word' id='word_1_382' title='bbox 2826 2187 2942 2242; x_wconf 64' lang='lat' dir='ltr'><strong>haec</strong></span> <span class='ocrx_word' id='word_1_383' title='bbox 3013 2187 3195 2241; x_wconf 86' lang='lat' dir='ltr'><strong>omnia</strong></span> <span class='ocrx_word' id='word_1_384' title='bbox 3258 2187 3702 2243; x_wconf 88' lang='lat' dir='ltr'><strong>communionem</strong></span> 
     </span>
    </p>
   </div>
   <div class='ocr_carea' id='block_1_52' title="bbox 2125 2279 3705 2351">
    <p class='ocr_par' dir='ltr' id='par_1_52' title="bbox 2125 2279 3705 2351">
     <span class='ocr_line' id='line_1_52' title="bbox 2125 2279 3705 2351; baseline -0.003 -16"><span class='ocrx_word' id='word_1_385' title='bbox 2125 2282 2346 2342; x_wconf 85' lang='lat' dir='ltr'><strong>habent.</strong></span> <span class='ocrx_word' id='word_1_386' title='bbox 2379 2288 2433 2335; x_wconf 91' lang='lat' dir='ltr'><strong>et</strong></span> <span class='ocrx_word' id='word_1_387' title='bbox 2467 2279 2885 2351; x_wconf 88' lang='lat' dir='ltr'><strong>preportionem</strong></span> <span class='ocrx_word' id='word_1_388' title='bbox 2928 2294 3053 2334; x_wconf 91' lang='lat' dir='ltr'><strong>cum</strong></span> <span class='ocrx_word' id='word_1_389' title='bbox 3086 2279 3361 2347; x_wconf 79' lang='lat' dir='ltr'><strong>ejusmodi</strong></span> <span class='ocrx_word' id='word_1_390' title='bbox 3387 2279 3705 2333; x_wconf 85' lang='lat' dir='ltr'><strong>nominibus</strong></span> 
     </span>
    </p>
   </div>
   <div class='ocr_carea' id='block_1_53' title="bbox 2123 2371 3702 2442">
    <p class='ocr_par' dir='ltr' id='par_1_53' title="bbox 2123 2371 3702 2442">
     <span class='ocr_line' id='line_1_53' title="bbox 2123 2371 3702 2442; baseline -0.001 -15"><span class='ocrx_word' id='word_1_391' title='bbox 2123 2388 2245 2442; x_wconf 70' lang='lat' dir='ltr'><strong>qua:</strong></span> <span class='ocrx_word' id='word_1_392' title='bbox 2293 2371 2527 2441; x_wconf 90' lang='lat' dir='ltr'><strong>alicujus</strong></span> <span class='ocrx_word' id='word_1_393' title='bbox 2571 2371 2812 2426; x_wconf 88' lang='lat' dir='ltr'><strong>hominis</strong></span> <span class='ocrx_word' id='word_1_394' title='bbox 2863 2372 3253 2442; x_wconf 89' lang='lat' dir='ltr'><strong>preprietatem</strong></span> <span class='ocrx_word' id='word_1_395' title='bbox 3300 2371 3702 2431; x_wconf 88' lang='lat' dir='ltr'><strong>demonstrant.</strong></span> 
     </span>
    </p>
   </div>
   <div class='ocr_carea' id='block_1_54' title="bbox 2124 2463 3708 2537">
    <p class='ocr_par' dir='ltr' id='par_1_54' title="bbox 2124 2463 3708 2537">
     <span class='ocr_line' id='line_1_54' title="bbox 2124 2463 3708 2537; baseline -0.001 -18"><span class='ocrx_word' id='word_1_396' title='bbox 2124 2465 2595 2533; x_wconf 87' lang='lat' dir='ltr'><strong>Quemadmodum</strong></span> <span class='ocrx_word' id='word_1_397' title='bbox 2649 2463 2795 2521; x_wconf 89' lang='lat' dir='ltr'><strong>enim</strong></span> <span class='ocrx_word' id='word_1_398' title='bbox 2851 2464 2903 2517; x_wconf 90' lang='lat' dir='ltr'><strong>hi</strong></span> <span class='ocrx_word' id='word_1_399' title='bbox 2951 2464 3046 2535; x_wconf 87' lang='lat' dir='ltr'><strong>qui</strong></span> <span class='ocrx_word' id='word_1_400' title='bbox 3099 2464 3410 2537; x_wconf 86' lang='lat' dir='ltr'><strong>quempiam</strong></span> <span class='ocrx_word' id='word_1_401' title='bbox 3463 2463 3568 2519; x_wconf 92' lang='lat' dir='ltr'><strong>sibi</strong></span> <span class='ocrx_word' id='word_1_402' title='bbox 3623 2480 3708 2518; x_wconf 80' lang='lat' dir='ltr'><strong>tn-</strong></span> 
     </span>
    </p>
   </div>
   <div class='ocr_carea' id='block_1_55' title="bbox 2125 2556 3704 2629">
    <p class='ocr_par' dir='ltr' id='par_1_55' title="bbox 2125 2556 3704 2629">
     <span class='ocr_line' id='line_1_55' title="bbox 2125 2556 3704 2629; baseline -0.002 -15"><span class='ocrx_word' id='word_1_403' title='bbox 2125 2559 2423 2629; x_wconf 80' lang='lat' dir='ltr'><strong>cognitum,</strong></span> <span class='ocrx_word' id='word_1_404' title='bbox 2480 2573 2577 2627; x_wconf 89' lang='lat' dir='ltr'><strong>per</strong></span> <span class='ocrx_word' id='word_1_405' title='bbox 2634 2558 2817 2627; x_wconf 90' lang='lat' dir='ltr'><strong>aliqua</strong></span> <span class='ocrx_word' id='word_1_406' title='bbox 2874 2557 3079 2611; x_wconf 88' lang='lat' dir='ltr'><strong>indicia</strong></span> <span class='ocrx_word' id='word_1_407' title='bbox 3114 2565 3185 2613; x_wconf 85' lang='lat' dir='ltr'><strong>et-</strong></span> <span class='ocrx_word' id='word_1_408' title='bbox 3212 2557 3365 2625; x_wconf 87' lang='lat' dir='ltr'><strong>signa</strong></span> <span class='ocrx_word' id='word_1_409' title='bbox 3403 2556 3704 2619; x_wconf 81' lang='lat' dir='ltr'><strong>declarant.</strong></span> 
     </span>
    </p>
   </div>
   <div class='ocr_carea' id='block_1_56' title="bbox 2124 2652 3709 2727">
    <p class='ocr_par' dir='ltr' id='par_1_56' title="bbox 2124 2652 3709 2727">
     <span class='ocr_line' id='line_1_56' title="bbox 2124 2652 3709 2727; baseline -0.004 -16"><span class='ocrx_word' id='word_1_410' title='bbox 2124 2657 2305 2727; x_wconf 87' lang='lat' dir='ltr'><strong>ipsum</strong></span> <span class='ocrx_word' id='word_1_411' title='bbox 2349 2672 2414 2712; x_wconf 84' lang='lat' dir='ltr'><strong>ex</strong></span> <span class='ocrx_word' id='word_1_412' title='bbox 2462 2655 2607 2709; x_wconf 87' lang='lat' dir='ltr'><strong>bono</strong></span> <span class='ocrx_word' id='word_1_413' title='bbox 2660 2660 2814 2724; x_wconf 89' lang='lat' dir='ltr'><strong>patre</strong></span> <span class='ocrx_word' id='word_1_414' title='bbox 2856 2660 3037 2706; x_wconf 88' lang='lat' dir='ltr'><strong>ortum</strong></span> <span class='ocrx_word' id='word_1_415' title='bbox 3088 2660 3141 2707; x_wconf 92' lang='lat' dir='ltr'><strong>et</strong></span> <span class='ocrx_word' id='word_1_416' title='bbox 3182 2652 3499 2723; x_wconf 87' lang='lat' dir='ltr'><strong>ingenuum,</strong></span> <span class='ocrx_word' id='word_1_417' title='bbox 3546 2652 3591 2707; x_wconf 90' lang='lat' dir='ltr'><strong>si</strong></span> <span class='ocrx_word' id='word_1_418' title='bbox 3627 2654 3709 2708; x_wconf 89' lang='lat' dir='ltr'><strong>sic</strong></span> 
     </span>
    </p>
   </div>
   <div class='ocr_carea' id='block_1_57' title="bbox 2126 2742 3710 2812">
    <p class='ocr_par' dir='ltr' id='par_1_57' title="bbox 2126 2742 3710 2812">
     <span class='ocr_line' id='line_1_57' title="bbox 2126 2742 3710 2812; baseline -0.004 -9"><span class='ocrx_word' id='word_1_419' title='bbox 2126 2762 2249 2803; x_wconf 88' lang='lat' dir='ltr'><strong>sors</strong></span> <span class='ocrx_word' id='word_1_420' title='bbox 2291 2746 2501 2809; x_wconf 90' lang='lat' dir='ltr'><strong>tulerit,</strong></span> <span class='ocrx_word' id='word_1_421' title='bbox 2557 2754 2617 2800; x_wconf 88' lang='lat' dir='ltr'><strong>et</strong></span> <span class='ocrx_word' id='word_1_422' title='bbox 2662 2760 2727 2799; x_wconf 82' lang='lat' dir='ltr'><strong>ex</strong></span> <span class='ocrx_word' id='word_1_423' title='bbox 2775 2742 3056 2798; x_wconf 89' lang='lat' dir='ltr'><strong>nobilibus</strong></span> <span class='ocrx_word' id='word_1_424' title='bbox 3110 2742 3301 2797; x_wconf 89' lang='lat' dir='ltr'><strong>dicunt</strong></span> <span class='ocrx_word' id='word_1_425' title='bbox 3345 2758 3487 2807; x_wconf 89' lang='lat' dir='ltr'><strong>esse,</strong></span> <span class='ocrx_word' id='word_1_426' title='bbox 3547 2752 3710 2812; x_wconf 86' lang='lat' dir='ltr'><strong>atque</strong></span> 
     </span>
    </p>
   </div>
   <div class='ocr_carea' id='block_1_58' title="bbox 2126 2834 3711 2905">
    <p class='ocr_par' dir='ltr' id='par_1_58' title="bbox 2126 2834 3711 2905">
     <span class='ocr_line' id='line_1_58' title="bbox 2126 2834 3711 2905; baseline -0.004 -12"><span class='ocrx_word' id='word_1_427' title='bbox 2126 2837 2332 2893; x_wconf 80' lang='lat' dir='ltr'><strong>divitiis</strong></span> <span class='ocrx_word' id='word_1_428' title='bbox 2366 2838 2576 2892; x_wconf 91' lang='lat' dir='ltr'><strong>clarum</strong></span> <span class='ocrx_word' id='word_1_429' title='bbox 2611 2844 2667 2890; x_wconf 87' lang='lat' dir='ltr'><strong>et</strong></span> <span class='ocrx_word' id='word_1_430' title='bbox 2710 2834 2978 2905; x_wconf 81' lang='lat' dir='ltr'><strong>dignitate</strong></span> <span class='ocrx_word' id='word_1_431' title='bbox 3010 2835 3393 2904; x_wconf 90' lang='lat' dir='ltr'><strong>conspicuum,</strong></span> <span class='ocrx_word' id='word_1_432' title='bbox 3432 2842 3588 2889; x_wconf 50' lang='lat' dir='ltr'><strong>aetate</strong></span> <span class='ocrx_word' id='word_1_433' title='bbox 3613 2834 3711 2888; x_wconf 75' lang='grc' dir='ltr'>πο-</span> 
     </span>
    </p>
   </div>
   <div class='ocr_carea' id='block_1_59' title="bbox 2129 2927 3711 2997">
    <p class='ocr_par' dir='ltr' id='par_1_59' title="bbox 2129 2927 3711 2997">
     <span class='ocr_line' id='line_1_59' title="bbox 2129 2927 3711 2997; baseline -0.003 -12"><span class='ocrx_word' id='word_1_434' title='bbox 2129 2940 2357 2995; x_wconf 89' lang='lat' dir='ltr'><strong>rentem,</strong></span> <span class='ocrx_word' id='word_1_435' title='bbox 2396 2939 2450 2985; x_wconf 91' lang='lat' dir='ltr'><strong>et</strong></span> <span class='ocrx_word' id='word_1_436' title='bbox 2499 2930 2554 2984; x_wconf 92' lang='lat' dir='ltr'><strong>in</strong></span> <span class='ocrx_word' id='word_1_437' title='bbox 2606 2936 2819 2982; x_wconf 87' lang='lat' dir='ltr'><strong>tantum</strong></span> <span class='ocrx_word' id='word_1_438' title='bbox 2857 2941 3088 2996; x_wconf 88' lang='lat' dir='ltr'><strong>corpore</strong></span> <span class='ocrx_word' id='word_1_439' title='bbox 3126 2927 3478 2991; x_wconf 90' lang='lat' dir='ltr'><strong>eminentem,</strong></span> <span class='ocrx_word' id='word_1_440' title='bbox 3509 2934 3561 2981; x_wconf 88' lang='lat' dir='ltr'><strong>et</strong></span> <span class='ocrx_word' id='word_1_441' title='bbox 3591 2944 3711 2997; x_wconf 65' lang='lat' dir='ltr'><strong>quae</strong></span> 
     </span>
    </p>
   </div>
   <div class='ocr_carea' id='block_1_60' title="bbox 2129 3020 3707 3091">
    <p class='ocr_par' dir='ltr' id='par_1_60' title="bbox 2129 3020 3707 3091">
     <span class='ocr_line' id='line_1_60' title="bbox 2129 3020 3707 3091; baseline -0.006 -10"><span class='ocrx_word' id='word_1_442' title='bbox 2129 3032 2259 3081; x_wconf 88' lang='lat' dir='ltr'><strong>sunt</strong></span> <span class='ocrx_word' id='word_1_443' title='bbox 2289 3023 2559 3091; x_wconf 83' lang='lat' dir='ltr'><strong>ejusmodi</strong></span> <span class='ocrx_word' id='word_1_444' title='bbox 2599 3022 2727 3076; x_wconf 91' lang='lat' dir='ltr'><strong>dum</strong></span> <span class='ocrx_word' id='word_1_445' title='bbox 2774 3021 2985 3081; x_wconf 89' lang='lat' dir='ltr'><strong>dicunt,</strong></span> <span class='ocrx_word' id='word_1_446' title='bbox 3034 3036 3141 3075; x_wconf 91' lang='lat' dir='ltr'><strong>non</strong></span> <span class='ocrx_word' id='word_1_447' title='bbox 3174 3029 3427 3073; x_wconf 88' lang='lat' dir='ltr'><strong>naturam</strong></span> <span class='ocrx_word' id='word_1_448' title='bbox 3465 3021 3585 3087; x_wconf 82' lang='lat' dir='ltr'><strong>ejus</strong></span> <span class='ocrx_word' id='word_1_449' title='bbox 3614 3020 3707 3087; x_wconf 92' lang='lat' dir='ltr'><strong>qni</strong></span> 
     </span>
    </p>
   </div>
   <div class='ocr_carea' id='block_1_61' title="bbox 2128 3111 3712 3180">
    <p class='ocr_par' dir='ltr' id='par_1_61' title="bbox 2128 3111 3712 3180">
     <span class='ocr_line' id='line_1_61' title="bbox 2128 3111 3712 3180; baseline -0.005 -8"><span class='ocrx_word' id='word_1_450' title='bbox 2128 3116 2465 3178; x_wconf 89' lang='lat' dir='ltr'><strong>declaratur,</strong></span> <span class='ocrx_word' id='word_1_451' title='bbox 2495 3111 2591 3168; x_wconf 90' lang='lat' dir='ltr'><strong>sed</strong></span> <span class='ocrx_word' id='word_1_452' title='bbox 2624 3111 2871 3180; x_wconf 71' lang='lat' dir='ltr'><strong>qnmdam</strong></span> <span class='ocrx_word' id='word_1_453' title='bbox 2905 3111 3061 3179; x_wconf 89' lang='lat' dir='ltr'><strong>signa</strong></span> <span class='ocrx_word' id='word_1_454' title='bbox 3094 3119 3147 3164; x_wconf 88' lang='lat' dir='ltr'><strong>et</strong></span> <span class='ocrx_word' id='word_1_455' title='bbox 3174 3118 3332 3165; x_wconf 84' lang='lat' dir='ltr'><strong>notas</strong></span> <span class='ocrx_word' id='word_1_456' title='bbox 3365 3124 3555 3165; x_wconf 90' lang='lat' dir='ltr'><strong>eorum</strong></span> <span class='ocrx_word' id='word_1_457' title='bbox 3591 3126 3712 3180; x_wconf 66' lang='lat' dir='ltr'><strong>quae</strong></span> 
     </span>
    </p>
   </div>
   <div class='ocr_carea' id='block_1_62' title="bbox 445 3198 2017 3291">
    <p class='ocr_par' dir='ltr' id='par_1_62' title="bbox 445 3198 2017 3277">
     <span class='ocr_line' id='line_1_62' title="bbox 445 3198 2017 3277; baseline 0.004 -21"><span class='ocrx_word' id='word_1_458' title='bbox 445 3204 579 3257; x_wconf 78' lang='grc' dir='ltr'>ίδίαν</span> <span class='ocrx_word' id='word_1_459' title='bbox 612 3202 849 3272; x_wconf 75' lang='grc' dir='ltr'>ἔμφασιν</span> <span class='ocrx_word' id='word_1_460' title='bbox 875 3202 1078 3272; x_wconf 81' lang='grc' dir='ltr'>ἑκάστη</span> <span class='ocrx_word' id='word_1_461' title='bbox 1115 3203 1459 3274; x_wconf 82' lang='grc' dir='ltr'>παρεχομένη</span> <span class='ocrx_word' id='word_1_462' title='bbox 1494 3204 1561 3257; x_wconf 86' lang='grc' dir='ltr'>δι’</span> <span class='ocrx_word' id='word_1_463' title='bbox 1585 3198 1660 3259; x_wconf 84' lang='grc' dir='ltr'>ὧν</span> <span class='ocrx_word' id='word_1_464' title='bbox 1688 3205 1721 3277; x_wconf 83' lang='grc' dir='ltr'>ἢ</span> <span class='ocrx_word' id='word_1_465' title='bbox 1764 3208 1825 3260; x_wconf 79' lang='grc' dir='ltr'>τὸ</span> <span class='ocrx_word' id='word_1_466' title='bbox 1856 3208 2017 3263; x_wconf 84' lang='grc' dir='ltr'>δυνα-</span> 
     </span>
    </p>
   </div>
   <div class='ocr_carea' id='block_1_63' title="bbox 2124 3198 3710 3291">
    <p class='ocr_par' dir='ltr' id='par_1_63' title="bbox 2127 3200 3710 3278">
     <span class='ocr_line' id='line_1_63' title="bbox 2127 3200 3710 3278; baseline -0.005 -15"><span class='ocrx_word' id='word_1_467' title='bbox 2127 3208 2182 3263; x_wconf 85' lang='grc' dir='ltr'>ἰη</span> <span class='ocrx_word' id='word_1_468' title='bbox 2206 3208 2329 3278; x_wconf 90' lang='lat' dir='ltr'><strong>ipso</strong></span> <span class='ocrx_word' id='word_1_469' title='bbox 2353 3211 2786 3276; x_wconf 85' lang='lat' dir='ltr'><strong>cognoscuntur,</strong></span> <span class='ocrx_word' id='word_1_470' title='bbox 2820 3202 3157 3257; x_wconf 84' lang='lat' dir='ltr'><strong>indicarunt.</strong></span> <span class='ocrx_word' id='word_1_471' title='bbox 3184 3200 3371 3271; x_wconf 83' lang='lat' dir='ltr'><strong>Neque</strong></span> <span class='ocrx_word' id='word_1_472' title='bbox 3398 3203 3541 3257; x_wconf 87' lang='lat' dir='ltr'><strong>enim</strong></span> <span class='ocrx_word' id='word_1_473' title='bbox 3567 3204 3710 3273; x_wconf 88' lang='lat' dir='ltr'><strong>quod</strong></span> 
     </span>
    </p>
   </div>
   <div class='ocr_carea' id='block_1_64' title="bbox 441 3294 2025 3371">
    <p class='ocr_par' dir='ltr' id='par_1_64' title="bbox 441 3294 2025 3371">
     <span class='ocr_line' id='line_1_64' title="bbox 441 3294 2025 3371; baseline -0.003 -24"><span class='ocrx_word' id='word_1_474' title='bbox 441 3295 552 3358; x_wconf 75' lang='grc' dir='ltr'>τὸν,</span> <span class='ocrx_word' id='word_1_475' title='bbox 604 3294 636 3365; x_wconf 84' lang='grc' dir='ltr'>ἢ</span> <span class='ocrx_word' id='word_1_476' title='bbox 669 3294 729 3347; x_wconf 80' lang='grc' dir='ltr'><strong>τὸ</strong></span> <span class='ocrx_word' id='word_1_477' title='bbox 753 3294 847 3348; x_wconf 76' lang='grc' dir='ltr'>τοῦ</span> <span class='ocrx_word' id='word_1_478' title='bbox 897 3294 1141 3365; x_wconf 77' lang='grc' dir='ltr'>χείρονος</span> <span class='ocrx_word' id='word_1_479' title='bbox 1182 3295 1554 3363; x_wconf 83' lang='grc' dir='ltr'>ἀνεπίδεκτον,</span> <span class='ocrx_word' id='word_1_480' title='bbox 1596 3297 1628 3365; x_wconf 84' lang='grc' dir='ltr'><strong>ἢ</strong></span> <span class='ocrx_word' id='word_1_481' title='bbox 1658 3298 1718 3351; x_wconf 84' lang='grc' dir='ltr'><strong>τὸ</strong></span> <span class='ocrx_word' id='word_1_482' title='bbox 1750 3298 1823 3371; x_wconf 81' lang='grc' dir='ltr'>μὴ</span> <span class='ocrx_word' id='word_1_483' title='bbox 1853 3300 1913 3365; x_wconf 81' lang='grc' dir='ltr'><strong>ἐξ</strong></span> <span class='ocrx_word' id='word_1_484' title='bbox 1942 3302 2025 3355; x_wconf 79' lang='grc' dir='ltr'>αι-</span> 
     </span>
    </p>
   </div>
   <div class='ocr_carea' id='block_1_65' title="bbox 441 3380 2019 3463">
    <p class='ocr_par' dir='ltr' id='par_1_65' title="bbox 441 3380 2019 3463">
     <span class='ocr_line' id='line_1_65' title="bbox 441 3380 2019 3463; baseline 0.004 -23"><span class='ocrx_word' id='word_1_485' title='bbox 441 3387 561 3448; x_wconf 84' lang='grc' dir='ltr'>τίας</span> <span class='ocrx_word' id='word_1_486' title='bbox 589 3380 749 3451; x_wconf 77' lang='grc' dir='ltr'>εἶναι,</span> <span class='ocrx_word' id='word_1_487' title='bbox 793 3386 825 3457; x_wconf 85' lang='grc' dir='ltr'>ἢ</span> <span class='ocrx_word' id='word_1_488' title='bbox 855 3386 916 3439; x_wconf 81' lang='grc' dir='ltr'><strong>τὸ</strong></span> <span class='ocrx_word' id='word_1_489' title='bbox 948 3386 1020 3457; x_wconf 82' lang='grc' dir='ltr'>μὴ</span> <span class='ocrx_word' id='word_1_490' title='bbox 1052 3388 1132 3452; x_wconf 82' lang='grc' dir='ltr'><strong>είς</strong></span> <span class='ocrx_word' id='word_1_491' title='bbox 1158 3389 1504 3459; x_wconf 80' lang='grc' dir='ltr'>περιγραφὴν</span> <span class='ocrx_word' id='word_1_492' title='bbox 1532 3389 1721 3454; x_wconf 83' lang='grc' dir='ltr'>τέλους</span> <span class='ocrx_word' id='word_1_493' title='bbox 1742 3391 2019 3463; x_wconf 79' lang='grc' dir='ltr'>ἔρχεσθαι,</span> 
     </span>
    </p>
   </div>
   <div class='ocr_carea' id='block_1_66' title="bbox 443 3476 2024 3550">
    <p class='ocr_par' dir='ltr' id='par_1_66' title="bbox 443 3476 2024 3550">
     <span class='ocr_line' id='line_1_66' title="bbox 443 3476 2024 3550; baseline 0.005 -21"><span class='ocrx_word' id='word_1_494' title='bbox 443 3477 474 3545; x_wconf 83' lang='grc' dir='ltr'><strong>ἦ</strong></span> <span class='ocrx_word' id='word_1_495' title='bbox 508 3477 569 3530; x_wconf 72' lang='grc' dir='ltr'>τὸ</span> <span class='ocrx_word' id='word_1_496' title='bbox 606 3477 750 3530; x_wconf 84' lang='grc' dir='ltr'>κατὰ</span> <span class='ocrx_word' id='word_1_497' title='bbox 791 3478 1010 3532; x_wconf 88' lang='grc' dir='ltr'>πάντων</span> <span class='ocrx_word' id='word_1_498' title='bbox 1066 3476 1209 3547; x_wconf 76' lang='grc' dir='ltr'>ἔχειν</span> <span class='ocrx_word' id='word_1_499' title='bbox 1240 3478 1301 3531; x_wconf 84' lang='grc' dir='ltr'><strong>τὸ</strong></span> <span class='ocrx_word' id='word_1_500' title='bbox 1342 3479 1565 3547; x_wconf 86' lang='grc' dir='ltr'>κράτος.</span> <span class='ocrx_word' id='word_1_501' title='bbox 1601 3478 1633 3550; x_wconf 81' lang='grc' dir='ltr'>ἢ</span> <span class='ocrx_word' id='word_1_502' title='bbox 1666 3480 1803 3545; x_wconf 84' lang='grc' dir='ltr'>ὅλως</span> <span class='ocrx_word' id='word_1_503' title='bbox 1835 3500 1886 3535; x_wconf 89' lang='grc' dir='ltr'><strong>τι</strong></span> <span class='ocrx_word' id='word_1_504' title='bbox 1915 3483 2024 3537; x_wconf 87' lang='grc' dir='ltr'><strong>τῶν</strong></span> 
     </span>
    </p>
   </div>
   <div class='ocr_carea' id='block_1_67' title="bbox 444 3568 2024 3641">
    <p class='ocr_par' dir='ltr' id='par_1_67' title="bbox 444 3568 2024 3641">
     <span class='ocr_line' id='line_1_67' title="bbox 444 3568 2024 3641; baseline 0.005 -20"><span class='ocrx_word' id='word_1_505' title='bbox 444 3571 574 3641; x_wconf 72' lang='grc' dir='ltr'>περὶ</span> <span class='ocrx_word' id='word_1_506' title='bbox 624 3570 819 3629; x_wconf 78' lang='grc' dir='ltr'>αὑτὸν,</span> <span class='ocrx_word' id='word_1_507' title='bbox 860 3568 1258 3638; x_wconf 80' lang='grc' dir='ltr'>διδασκόμεθα·</span> <span class='ocrx_word' id='word_1_508' title='bbox 1295 3569 1467 3641; x_wconf 85' lang='grc' dir='ltr'>αὐτὴν</span> <span class='ocrx_word' id='word_1_509' title='bbox 1496 3572 1552 3624; x_wconf 82' lang='grc' dir='ltr'><strong>δὲ</strong></span> <span class='ocrx_word' id='word_1_510' title='bbox 1584 3572 1683 3641; x_wconf 79' lang='grc' dir='ltr'><strong>τὴν</strong></span> <span class='ocrx_word' id='word_1_511' title='bbox 1723 3573 1910 3628; x_wconf 85' lang='grc' dir='ltr'>οὐσίαν</span> <span class='ocrx_word' id='word_1_512' title='bbox 1948 3575 2024 3640; x_wconf 84' lang='grc' dir='ltr'>ὡς</span> 
     </span>
    </p>
   </div>
   <div class='ocr_carea' id='block_1_68' title="bbox 442 3660 2022 3736">
    <p class='ocr_par' dir='ltr' id='par_1_68' title="bbox 442 3660 2022 3736">
     <span class='ocr_line' id='line_1_68' title="bbox 442 3660 2022 3736; baseline 0.005 -23"><span class='ocrx_word' id='word_1_513' title='bbox 442 3661 565 3714; x_wconf 71' lang='grc' dir='ltr'>οὗτε</span> <span class='ocrx_word' id='word_1_514' title='bbox 586 3662 791 3732; x_wconf 63' lang='grc' dir='ltr'>διανοίᾳ</span> <span class='ocrx_word' id='word_1_515' title='bbox 811 3662 917 3714; x_wconf 70' lang='grc' dir='ltr'>τινὶ</span> <span class='ocrx_word' id='word_1_516' title='bbox 935 3662 1208 3733; x_wconf 82' lang='grc' dir='ltr'>χωρητὴν.</span> <span class='ocrx_word' id='word_1_517' title='bbox 1233 3660 1353 3715; x_wconf 76' lang='grc' dir='ltr'>οὔτε</span> <span class='ocrx_word' id='word_1_518' title='bbox 1376 3662 1517 3731; x_wconf 78' lang='grc' dir='ltr'>λόγῳ</span> <span class='ocrx_word' id='word_1_519' title='bbox 1537 3665 1803 3736; x_wconf 82' lang='grc' dir='ltr'>φραστὴν,</span> <span class='ocrx_word' id='word_1_520' title='bbox 1830 3666 2022 3721; x_wconf 82' lang='grc' dir='ltr'>ἀπολυ-</span> 
     </span>
    </p>
   </div>
   <div class='ocr_carea' id='block_1_69' title="bbox 444 3754 2017 3827">
    <p class='ocr_par' dir='ltr' id='par_1_69' title="bbox 444 3754 2017 3827">
     <span class='ocr_line' id='line_1_69' title="bbox 444 3754 2017 3827; baseline 0.005 -23"><span class='ocrx_word' id='word_1_521' title='bbox 444 3754 827 3823; x_wconf 81' lang='grc' dir='ltr'>πραγμόνητον</span> <span class='ocrx_word' id='word_1_522' title='bbox 856 3754 1034 3817; x_wconf 77' lang='grc' dir='ltr'>εἴασε,</span> <span class='ocrx_word' id='word_1_523' title='bbox 1068 3756 1247 3824; x_wconf 85' lang='grc' dir='ltr'>σιωπῇ</span> <span class='ocrx_word' id='word_1_524' title='bbox 1290 3754 1551 3823; x_wconf 83' lang='grc' dir='ltr'>τιμᾶσθαι</span> <span class='ocrx_word' id='word_1_525' title='bbox 1591 3754 2017 3827; x_wconf 88' lang='grc' dir='ltr'>νομοθετήσασα,</span> 
     </span>
    </p>
   </div>
   <div class='ocr_carea' id='block_1_70' title="bbox 444 3843 2022 3921">
    <p class='ocr_par' dir='ltr' id='par_1_70' title="bbox 444 3843 2022 3921">
     <span class='ocr_line' id='line_1_70' title="bbox 444 3843 2022 3921; baseline 0.004 -25"><span class='ocrx_word' id='word_1_526' title='bbox 444 3845 500 3896; x_wconf 84' lang='grc' dir='ltr'><strong>ἐν</strong></span> <span class='ocrx_word' id='word_1_527' title='bbox 519 3843 595 3915; x_wconf 81' lang='grc' dir='ltr'>τῷ</span> <span class='ocrx_word' id='word_1_528' title='bbox 620 3846 847 3900; x_wconf 79' lang='grc' dir='ltr'>κωλύειν</span> <span class='ocrx_word' id='word_1_529' title='bbox 865 3845 973 3898; x_wconf 91' lang='grc' dir='ltr'><strong>τῶν</strong></span> <span class='ocrx_word' id='word_1_530' title='bbox 1003 3844 1312 3915; x_wconf 81' lang='grc' dir='ltr'>βαθυτέρων</span> <span class='ocrx_word' id='word_1_531' title='bbox 1337 3845 1434 3915; x_wconf 84' lang='grc' dir='ltr'><strong>τὴν</strong></span> <span class='ocrx_word' id='word_1_532' title='bbox 1459 3846 1709 3917; x_wconf 74' lang='grc' dir='ltr'>ζήτησιν,</span> <span class='ocrx_word' id='word_1_533' title='bbox 1736 3849 1831 3902; x_wconf 75' lang='grc' dir='ltr'>καὶ</span> <span class='ocrx_word' id='word_1_534' title='bbox 1854 3851 1914 3902; x_wconf 84' lang='grc' dir='ltr'><strong>ἐν</strong></span> <span class='ocrx_word' id='word_1_535' title='bbox 1943 3850 2022 3921; x_wconf 82' lang='grc' dir='ltr'>τῷ</span> 
     </span>
    </p>
   </div>
   <div class='ocr_carea' id='block_1_71' title="bbox 443 3936 2019 4011">
    <p class='ocr_par' dir='ltr' id='par_1_71' title="bbox 443 3936 2019 4011">
     <span class='ocr_line' id='line_1_71' title="bbox 443 3936 2019 4011; baseline 0.006 -22"><span class='ocrx_word' id='word_1_536' title='bbox 443 3936 620 4006; x_wconf 80' lang='grc' dir='ltr'>λέγειν</span> <span class='ocrx_word' id='word_1_537' title='bbox 649 3937 722 4009; x_wconf 83' lang='grc' dir='ltr'><strong>μὴ</strong></span> <span class='ocrx_word' id='word_1_538' title='bbox 750 3939 859 3992; x_wconf 82' lang='grc' dir='ltr'>δεῖν</span> <span class='ocrx_word' id='word_1_539' title='bbox 897 3938 1200 4006; x_wconf 79' lang='grc' dir='ltr'>ἐξενεγκεῖν</span> <span class='ocrx_word' id='word_1_540' title='bbox 1230 3938 1379 4008; x_wconf 79' lang='grc' dir='ltr'>ῥῆμα</span> <span class='ocrx_word' id='word_1_541' title='bbox 1401 3937 1508 4009; x_wconf 75' lang='grc' dir='ltr'>πρὸ</span> <span class='ocrx_word' id='word_1_542' title='bbox 1537 3938 1830 4011; x_wconf 84' lang='grc' dir='ltr'>προσώπου</span> <span class='ocrx_word' id='word_1_543' title='bbox 1864 3943 2019 3999; x_wconf 85' lang='grc' dir='ltr'>Θεοῦ.</span> 
     </span>
    </p>
   </div>
   <div class='ocr_carea' id='block_1_72' title="bbox 2128 3295 3712 3372">
    <p class='ocr_par' dir='ltr' id='par_1_72' title="bbox 2128 3295 3712 3372">
     <span class='ocr_line' id='line_1_72' title="bbox 2128 3295 3712 3372; baseline -0.004 -17"><span class='ocrx_word' id='word_1_544' title='bbox 2128 3314 2457 3372; x_wconf 83' lang='lat' dir='ltr'><strong>generosum</strong></span> <span class='ocrx_word' id='word_1_545' title='bbox 2513 3306 2568 3352; x_wconf 89' lang='lat' dir='ltr'><strong>et</strong></span> <span class='ocrx_word' id='word_1_546' title='bbox 2616 3295 2822 3358; x_wconf 90' lang='lat' dir='ltr'><strong>nobile,</strong></span> <span class='ocrx_word' id='word_1_547' title='bbox 2880 3310 3060 3364; x_wconf 88' lang='lat' dir='ltr'><strong>neque</strong></span> <span class='ocrx_word' id='word_1_548' title='bbox 3103 3295 3482 3365; x_wconf 84' lang='lat' dir='ltr'><strong>pecuniosum,</strong></span> <span class='ocrx_word' id='word_1_549' title='bbox 3535 3313 3712 3366; x_wconf 84' lang='lat' dir='ltr'><strong>neque</strong></span> 
     </span>
    </p>
   </div>
   <div class='ocr_carea' id='block_1_73' title="bbox 2130 3386 3714 3462">
    <p class='ocr_par' dir='ltr' id='par_1_73' title="bbox 2130 3386 3714 3462">
     <span class='ocr_line' id='line_1_73' title="bbox 2130 3386 3714 3462; baseline -0.003 -14"><span class='ocrx_word' id='word_1_550' title='bbox 2130 3393 2343 3448; x_wconf 90' lang='lat' dir='ltr'><strong>illustre</strong></span> <span class='ocrx_word' id='word_1_551' title='bbox 2369 3390 2655 3462; x_wconf 83' lang='lat' dir='ltr'><strong>dignitate,</strong></span> <span class='ocrx_word' id='word_1_552' title='bbox 2690 3403 2870 3458; x_wconf 90' lang='lat' dir='ltr'><strong>neque</strong></span> <span class='ocrx_word' id='word_1_553' title='bbox 2904 3387 3051 3458; x_wconf 91' lang='lat' dir='ltr'><strong>quod</strong></span> <span class='ocrx_word' id='word_1_554' title='bbox 3083 3395 3243 3442; x_wconf 55' lang='lat' dir='ltr'><strong>atate</strong></span> <span class='ocrx_word' id='word_1_555' title='bbox 3271 3386 3448 3450; x_wconf 84' lang='lat' dir='ltr'><strong>ﬂoret,</strong></span> <span class='ocrx_word' id='word_1_556' title='bbox 3484 3396 3540 3443; x_wconf 91' lang='lat' dir='ltr'><strong>et</strong></span> <span class='ocrx_word' id='word_1_557' title='bbox 3589 3404 3714 3458; x_wconf 83' lang='lat' dir='ltr'><strong>spe-</strong></span> 
     </span>
    </p>
   </div>
   <div class='ocr_carea' id='block_1_74' title="bbox 2130 3478 3712 3552">
    <p class='ocr_par' dir='ltr' id='par_1_74' title="bbox 2130 3478 3712 3552">
     <span class='ocr_line' id='line_1_74' title="bbox 2130 3478 3712 3552; baseline -0.003 -12"><span class='ocrx_word' id='word_1_558' title='bbox 2130 3484 2333 3540; x_wconf 87' lang='lat' dir='ltr'><strong>clabile</strong></span> <span class='ocrx_word' id='word_1_559' title='bbox 2360 3490 2467 3545; x_wconf 89' lang='lat' dir='ltr'><strong>est.</strong></span> <span class='ocrx_word' id='word_1_560' title='bbox 2506 3483 2625 3552; x_wconf 89' lang='lat' dir='ltr'><strong>ipse</strong></span> <span class='ocrx_word' id='word_1_561' title='bbox 2658 3481 2823 3535; x_wconf 85' lang='lat' dir='ltr'><strong>homo</strong></span> <span class='ocrx_word' id='word_1_562' title='bbox 2850 3488 2955 3540; x_wconf 86' lang='lat' dir='ltr'><strong>est,</strong></span> <span class='ocrx_word' id='word_1_563' title='bbox 2989 3478 3083 3533; x_wconf 90' lang='lat' dir='ltr'><strong>sed</strong></span> <span class='ocrx_word' id='word_1_564' title='bbox 3118 3479 3314 3533; x_wconf 89' lang='lat' dir='ltr'><strong>horum</strong></span> <span class='ocrx_word' id='word_1_565' title='bbox 3365 3481 3712 3549; x_wconf 81' lang='lat' dir='ltr'><strong>unumquod-</strong></span> 
     </span>
    </p>
   </div>
   <div class='ocr_carea' id='block_1_75' title="bbox 2128 3573 3710 3648">
    <p class='ocr_par' dir='ltr' id='par_1_75' title="bbox 2128 3573 3710 3648">
     <span class='ocr_line' id='line_1_75' title="bbox 2128 3573 3710 3648; baseline -0.003 -16"><span class='ocrx_word' id='word_1_566' title='bbox 2128 3593 2235 3648; x_wconf 89' lang='lat' dir='ltr'><strong>que</strong></span> <span class='ocrx_word' id='word_1_567' title='bbox 2275 3576 2328 3630; x_wconf 93' lang='lat' dir='ltr'><strong>in</strong></span> <span class='ocrx_word' id='word_1_568' title='bbox 2375 3576 2560 3644; x_wconf 88' lang='lat' dir='ltr'><strong>aliquo</strong></span> <span class='ocrx_word' id='word_1_569' title='bbox 2611 3582 2916 3643; x_wconf 90' lang='lat' dir='ltr'><strong>spectatur.</strong></span> <span class='ocrx_word' id='word_1_570' title='bbox 2975 3573 3067 3627; x_wconf 91' lang='lat' dir='ltr'><strong>Sic</strong></span> <span class='ocrx_word' id='word_1_571' title='bbox 3110 3573 3276 3628; x_wconf 88' lang='lat' dir='ltr'><strong>etiam</strong></span> <span class='ocrx_word' id='word_1_572' title='bbox 3315 3588 3508 3628; x_wconf 84' lang='lat' dir='ltr'><strong>omnes</strong></span> <span class='ocrx_word' id='word_1_573' title='bbox 3549 3590 3710 3629; x_wconf 79' lang='lat' dir='ltr'><strong>voces</strong></span> 
     </span>
    </p>
   </div>
   <div class='ocr_carea' id='block_1_76' title="bbox 2130 3663 3712 3737">
    <p class='ocr_par' dir='ltr' id='par_1_76' title="bbox 2130 3663 3712 3737">
     <span class='ocr_line' id='line_1_76' title="bbox 2130 3663 3712 3737; baseline -0.003 -13"><span class='ocrx_word' id='word_1_574' title='bbox 2130 3677 2335 3725; x_wconf 69' lang='lat' dir='ltr'><strong>sancta:</strong></span> <span class='ocrx_word' id='word_1_575' title='bbox 2374 3666 2675 3737; x_wconf 73' lang='lat' dir='ltr'><strong>Scriptum</strong></span> <span class='ocrx_word' id='word_1_576' title='bbox 2720 3665 2788 3720; x_wconf 87' lang='lat' dir='ltr'><strong>ad</strong></span> <span class='ocrx_word' id='word_1_577' title='bbox 2834 3663 3285 3735; x_wconf 85' lang='lat' dir='ltr'><strong>glorilicationem</strong></span> <span class='ocrx_word' id='word_1_578' title='bbox 3334 3664 3576 3719; x_wconf 87' lang='lat' dir='ltr'><strong>divinam</strong></span> <span class='ocrx_word' id='word_1_579' title='bbox 3626 3666 3712 3720; x_wconf 85' lang='lat' dir='ltr'><strong>in-</strong></span> 
     </span>
    </p>
   </div>
   <div class='ocr_carea' id='block_1_77' title="bbox 2129 3757 3713 3829">
    <p class='ocr_par' dir='ltr' id='par_1_77' title="bbox 2129 3757 3713 3829">
     <span class='ocr_line' id='line_1_77' title="bbox 2129 3757 3713 3829; baseline -0.001 -15"><span class='ocrx_word' id='word_1_580' title='bbox 2129 3774 2323 3824; x_wconf 75' lang='lat' dir='ltr'><strong>venue.</strong></span> <span class='ocrx_word' id='word_1_581' title='bbox 2360 3775 2550 3814; x_wconf 90' lang='lat' dir='ltr'><strong>eorum</strong></span> <span class='ocrx_word' id='word_1_582' title='bbox 2597 3758 2802 3829; x_wconf 86' lang='lat' dir='ltr'><strong>aliquid</strong></span> <span class='ocrx_word' id='word_1_583' title='bbox 2847 3774 2969 3827; x_wconf 63' lang='lat' dir='ltr'><strong>qum</strong></span> <span class='ocrx_word' id='word_1_584' title='bbox 2998 3758 3051 3811; x_wconf 91' lang='lat' dir='ltr'><strong>in</strong></span> <span class='ocrx_word' id='word_1_585' title='bbox 3093 3757 3202 3812; x_wconf 89' lang='lat' dir='ltr'><strong>Deo</strong></span> <span class='ocrx_word' id='word_1_586' title='bbox 3228 3758 3597 3821; x_wconf 88' lang='lat' dir='ltr'><strong>declarantur,</strong></span> <span class='ocrx_word' id='word_1_587' title='bbox 3638 3759 3713 3814; x_wconf 88' lang='lat' dir='ltr'><strong>si-</strong></span> 
     </span>
    </p>
   </div>
   <div class='ocr_carea' id='block_1_78' title="bbox 2129 3850 3713 3925">
    <p class='ocr_par' dir='ltr' id='par_1_78' title="bbox 2129 3850 3713 3925">
     <span class='ocr_line' id='line_1_78' title="bbox 2129 3850 3713 3925; baseline -0.002 -17"><span class='ocrx_word' id='word_1_588' title='bbox 2129 3854 2406 3925; x_wconf 84' lang='lat' dir='ltr'><strong>gniﬁcant,</strong></span> <span class='ocrx_word' id='word_1_589' title='bbox 2468 3852 2743 3923; x_wconf 88' lang='lat' dir='ltr'><strong>propriam</strong></span> <span class='ocrx_word' id='word_1_590' title='bbox 2788 3850 3241 3920; x_wconf 85' lang='lat' dir='ltr'><strong>signiﬁcationem</strong></span> <span class='ocrx_word' id='word_1_591' title='bbox 3301 3851 3529 3921; x_wconf 69' lang='lat' dir='ltr'><strong>singula:</strong></span> <span class='ocrx_word' id='word_1_592' title='bbox 3579 3868 3713 3922; x_wconf 74' lang='lat' dir='ltr'><strong>prm-</strong></span> 
     </span>
    </p>
   </div>
   <div class='ocr_carea' id='block_1_79' title="bbox 2130 3944 3711 4017">
    <p class='ocr_par' dir='ltr' id='par_1_79' title="bbox 2130 3944 3711 4017">
     <span class='ocr_line' id='line_1_79' title="bbox 2130 3944 3711 4017; baseline 0 -17"><span class='ocrx_word' id='word_1_593' title='bbox 2130 3948 2341 4009; x_wconf 86' lang='lat' dir='ltr'><strong>bentes,</strong></span> <span class='ocrx_word' id='word_1_594' title='bbox 2382 3961 2482 4017; x_wconf 89' lang='lat' dir='ltr'><strong>per</strong></span> <span class='ocrx_word' id='word_1_595' title='bbox 2538 3960 2698 4015; x_wconf 91' lang='lat' dir='ltr'><strong>quas,</strong></span> <span class='ocrx_word' id='word_1_596' title='bbox 2731 3944 2815 3998; x_wconf 86' lang='lat' dir='ltr'><strong>vel</strong></span> <span class='ocrx_word' id='word_1_597' title='bbox 2862 3946 3007 4013; x_wconf 89' lang='lat' dir='ltr'><strong>quod</strong></span> <span class='ocrx_word' id='word_1_598' title='bbox 3044 3952 3238 4012; x_wconf 87' lang='lat' dir='ltr'><strong>potens</strong></span> <span class='ocrx_word' id='word_1_599' title='bbox 3291 3951 3395 4011; x_wconf 91' lang='lat' dir='ltr'><strong>est,</strong></span> <span class='ocrx_word' id='word_1_600' title='bbox 3438 3945 3520 4000; x_wconf 86' lang='lat' dir='ltr'><strong>vel</strong></span> <span class='ocrx_word' id='word_1_601' title='bbox 3566 3947 3711 4014; x_wconf 82' lang='lat' dir='ltr'><strong>quod</strong></span> 
     </span>
    </p>
   </div>
   <div class='ocr_carea' id='block_1_80' title="bbox 442 4029 3711 4109">
    <p class='ocr_par' dir='ltr' id='par_1_80' title="bbox 442 4029 3711 4109">
     <span class='ocr_line' id='line_1_80' title="bbox 442 4029 3711 4109; baseline 0.004 -31"><span class='ocrx_word' id='word_1_602' title='bbox 442 4029 729 4084; x_wconf 72' lang='lat' dir='ltr'><strong>deterioris</strong></span> <span class='ocrx_word' id='word_1_603' title='bbox 790 4046 898 4084; x_wconf 93' lang='lat' dir='ltr'><strong>non</strong></span> <span class='ocrx_word' id='word_1_604' title='bbox 946 4039 1033 4085; x_wconf 90' lang='lat' dir='ltr'><strong>est</strong></span> <span class='ocrx_word' id='word_1_605' title='bbox 1072 4045 1264 4100; x_wconf 83' lang='lat' dir='ltr'><strong>capax,</strong></span> <span class='ocrx_word' id='word_1_606' title='bbox 1314 4032 1395 4084; x_wconf 89' lang='lat' dir='ltr'><strong>vel</strong></span> <span class='ocrx_word' id='word_1_607' title='bbox 1434 4033 1578 4101; x_wconf 92' lang='lat' dir='ltr'><strong>quod</strong></span> <span class='ocrx_word' id='word_1_608' title='bbox 1636 4048 1747 4089; x_wconf 91' lang='lat' dir='ltr'><strong>non</strong></span> <span class='ocrx_word' id='word_1_609' title='bbox 1797 4045 1883 4091; x_wconf 85' lang='lat' dir='ltr'><strong>est</strong></span> <span class='ocrx_word' id='word_1_610' title='bbox 1931 4054 1996 4093; x_wconf 82' lang='lat' dir='ltr'><strong>ex</strong></span> <span class='ocrx_word' id='word_1_611' title='bbox 2038 4055 2227 4103; x_wconf 88' lang='lat' dir='ltr'><strong>causa.</strong></span> <span class='ocrx_word' id='word_1_612' title='bbox 2259 4042 2345 4095; x_wconf 88' lang='lat' dir='ltr'><strong>vel</strong></span> <span class='ocrx_word' id='word_1_613' title='bbox 2391 4040 2537 4109; x_wconf 89' lang='lat' dir='ltr'><strong>quod</strong></span> <span class='ocrx_word' id='word_1_614' title='bbox 2602 4038 2981 4092; x_wconf 90' lang='lat' dir='ltr'><strong>circumscribi</strong></span> <span class='ocrx_word' id='word_1_615' title='bbox 3008 4054 3115 4092; x_wconf 91' lang='lat' dir='ltr'><strong>non</strong></span> <span class='ocrx_word' id='word_1_616' title='bbox 3149 4045 3347 4109; x_wconf 88' lang='lat' dir='ltr'><strong>potest,</strong></span> <span class='ocrx_word' id='word_1_617' title='bbox 3421 4039 3503 4093; x_wconf 89' lang='lat' dir='ltr'><strong>vel</strong></span> <span class='ocrx_word' id='word_1_618' title='bbox 3568 4040 3711 4107; x_wconf 86' lang='lat' dir='ltr'><strong>quod</strong></span> 
     </span>
    </p>
   </div>
   <div class='ocr_carea' id='block_1_81' title="bbox 446 4118 3711 4202">
    <p class='ocr_par' dir='ltr' id='par_1_81' title="bbox 446 4118 3711 4202">
     <span class='ocr_line' id='line_1_81' title="bbox 446 4118 3711 4202; baseline 0.004 -29"><span class='ocrx_word' id='word_1_619' title='bbox 446 4118 499 4173; x_wconf 91' lang='lat' dir='ltr'><strong>in</strong></span> <span class='ocrx_word' id='word_1_620' title='bbox 550 4122 731 4175; x_wconf 91' lang='lat' dir='ltr'><strong>omnia</strong></span> <span class='ocrx_word' id='word_1_621' title='bbox 761 4120 925 4176; x_wconf 87' lang='lat' dir='ltr'><strong>habet</strong></span> <span class='ocrx_word' id='word_1_622' title='bbox 964 4122 1277 4192; x_wconf 85' lang='lat' dir='ltr'><strong>imperium,</strong></span> <span class='ocrx_word' id='word_1_623' title='bbox 1311 4123 1395 4176; x_wconf 90' lang='lat' dir='ltr'><strong>vel</strong></span> <span class='ocrx_word' id='word_1_624' title='bbox 1442 4124 1667 4180; x_wconf 85' lang='lat' dir='ltr'><strong>omnino</strong></span> <span class='ocrx_word' id='word_1_625' title='bbox 1728 4126 1860 4191; x_wconf 91' lang='lat' dir='ltr'><strong>quid</strong></span> <span class='ocrx_word' id='word_1_626' title='bbox 1902 4144 2090 4185; x_wconf 90' lang='lat' dir='ltr'><strong>eorum</strong></span> <span class='ocrx_word' id='word_1_627' title='bbox 2131 4148 2253 4197; x_wconf 69' lang='lat' dir='ltr'><strong>qua:</strong></span> <span class='ocrx_word' id='word_1_628' title='bbox 2295 4131 2351 4186; x_wconf 90' lang='lat' dir='ltr'><strong>in</strong></span> <span class='ocrx_word' id='word_1_629' title='bbox 2403 4131 2523 4202; x_wconf 81' lang='lat' dir='ltr'><strong>ipso</strong></span> <span class='ocrx_word' id='word_1_630' title='bbox 2560 4130 3004 4193; x_wconf 87' lang='lat' dir='ltr'><strong>considerantur,</strong></span> <span class='ocrx_word' id='word_1_631' title='bbox 3057 4129 3362 4184; x_wconf 89' lang='lat' dir='ltr'><strong>docemur:</strong></span> <span class='ocrx_word' id='word_1_632' title='bbox 3418 4131 3711 4185; x_wconf 85' lang='lat' dir='ltr'><strong>essentiam</strong></span> 
     </span>
    </p>
   </div>
   <div class='ocr_carea' id='block_1_82' title="bbox 444 4213 3710 4293">
    <p class='ocr_par' dir='ltr' id='par_1_82' title="bbox 444 4213 3710 4293">
     <span class='ocr_line' id='line_1_82' title="bbox 444 4213 3710 4293; baseline 0.003 -31"><span class='ocrx_word' id='word_1_633' title='bbox 444 4218 622 4265; x_wconf 87' lang='lat' dir='ltr'><strong>autem</strong></span> <span class='ocrx_word' id='word_1_634' title='bbox 672 4213 866 4281; x_wconf 76' lang='lat' dir='ltr'><strong>ipsam.</strong></span> <span class='ocrx_word' id='word_1_635' title='bbox 902 4222 962 4265; x_wconf 91' lang='lat' dir='ltr'><strong>ut</strong></span> <span class='ocrx_word' id='word_1_636' title='bbox 1005 4229 1181 4283; x_wconf 90' lang='lat' dir='ltr'><strong>neque</strong></span> <span class='ocrx_word' id='word_1_637' title='bbox 1232 4213 1586 4284; x_wconf 85' lang='lat' dir='ltr'><strong>intelligentia</strong></span> <span class='ocrx_word' id='word_1_638' title='bbox 1640 4220 2080 4288; x_wconf 77' lang='lat' dir='ltr'><strong>perceptibilem&#39;,</strong></span> <span class='ocrx_word' id='word_1_639' title='bbox 2122 4239 2299 4293; x_wconf 88' lang='lat' dir='ltr'><strong>neque</strong></span> <span class='ocrx_word' id='word_1_640' title='bbox 2350 4222 2601 4277; x_wconf 88' lang='lat' dir='ltr'><strong>oratione</strong></span> <span class='ocrx_word' id='word_1_641' title='bbox 2645 4219 2947 4281; x_wconf 82' lang='lat' dir='ltr'><strong>ell&#39;abilem,</strong></span> <span class='ocrx_word' id='word_1_642' title='bbox 2993 4235 3101 4273; x_wconf 90' lang='lat' dir='ltr'><strong>non</strong></span> <span class='ocrx_word' id='word_1_643' title='bbox 3158 4221 3376 4275; x_wconf 88' lang='lat' dir='ltr'><strong>curiose</strong></span> <span class='ocrx_word' id='word_1_644' title='bbox 3432 4221 3710 4291; x_wconf 69' lang='lat' dir='ltr'><strong>inquiren-</strong></span> 
     </span>
    </p>
   </div>
   <div class='ocr_carea' id='block_1_83' title="bbox 444 4301 3712 4384">
    <p class='ocr_par' dir='ltr' id='par_1_83' title="bbox 444 4301 3712 4384">
     <span class='ocr_line' id='line_1_83' title="bbox 444 4301 3712 4384; baseline 0.004 -31"><span class='ocrx_word' id='word_1_645' title='bbox 444 4301 565 4354; x_wconf 84' lang='lat' dir='ltr'><strong>dam</strong></span> <span class='ocrx_word' id='word_1_646' title='bbox 602 4302 824 4361; x_wconf 87' lang='lat' dir='ltr'><strong>dimisit.</strong></span> <span class='ocrx_word' id='word_1_647' title='bbox 862 4303 1077 4358; x_wconf 87' lang='lat' dir='ltr'><strong>silentio</strong></span> <span class='ocrx_word' id='word_1_648' title='bbox 1106 4304 1388 4359; x_wconf 87' lang='lat' dir='ltr'><strong>colendam</strong></span> <span class='ocrx_word' id='word_1_649' title='bbox 1423 4321 1549 4359; x_wconf 85' lang='lat' dir='ltr'><strong>esse</strong></span> <span class='ocrx_word' id='word_1_650' title='bbox 1573 4308 1851 4368; x_wconf 87' lang='lat' dir='ltr'><strong>sanciens.</strong></span> <span class='ocrx_word' id='word_1_651' title='bbox 1890 4311 2019 4365; x_wconf 93' lang='lat' dir='ltr'><strong>dum</strong></span> <span class='ocrx_word' id='word_1_652' title='bbox 2062 4314 2234 4368; x_wconf 88' lang='lat' dir='ltr'><strong>vetuit</strong></span> <span class='ocrx_word' id='word_1_653' title='bbox 2286 4312 2682 4384; x_wconf 75' lang='lat' dir='ltr'><strong>profundorum</strong></span> <span class='ocrx_word' id='word_1_654' title='bbox 2726 4311 3161 4382; x_wconf 86' lang='lat' dir='ltr'><strong>inquisitionem,</strong></span> <span class='ocrx_word' id='word_1_655' title='bbox 3214 4321 3268 4367; x_wconf 86' lang='lat' dir='ltr'><strong>et</strong></span> <span class='ocrx_word' id='word_1_656' title='bbox 3340 4312 3469 4366; x_wconf 91' lang='lat' dir='ltr'><strong>dum</strong></span> <span class='ocrx_word' id='word_1_657' title='bbox 3544 4313 3712 4369; x_wconf 82' lang='lat' dir='ltr'><strong>edixit</strong></span> 
     </span>
    </p>
   </div>
   <div class='ocr_carea' id='block_1_84' title="bbox 448 4391 1926 4462">
    <p class='ocr_par' dir='ltr' id='par_1_84' title="bbox 448 4391 1926 4462">
     <span class='ocr_line' id='line_1_84' title="bbox 448 4391 1926 4462; baseline 0.009 -19"><span class='ocrx_word' id='word_1_658' title='bbox 448 4404 556 4443; x_wconf 90' lang='lat' dir='ltr'><strong>non</strong></span> <span class='ocrx_word' id='word_1_659' title='bbox 597 4401 849 4462; x_wconf 88' lang='lat' dir='ltr'><strong>oportere</strong></span> <span class='ocrx_word' id='word_1_660' title='bbox 881 4391 1073 4447; x_wconf 80' lang='lat' dir='ltr'><strong>efferre</strong></span> <span class='ocrx_word' id='word_1_661' title='bbox 1109 4395 1337 4449; x_wconf 86' lang='lat' dir='ltr'><strong>verbum</strong></span> <span class='ocrx_word' id='word_1_662' title='bbox 1386 4402 1513 4450; x_wconf 88' lang='lat' dir='ltr'><strong>ante</strong></span> <span class='ocrx_word' id='word_1_663' title='bbox 1569 4396 1762 4453; x_wconf 79' lang='lat' dir='ltr'><strong>faciem</strong></span> <span class='ocrx_word' id='word_1_664' title='bbox 1814 4399 1926 4456; x_wconf 90' lang='lat' dir='ltr'><strong>Dei.</strong></span> 
     </span>
    </p>
   </div>
   <div class='ocr_carea' id='block_1_85' title="bbox 514 4484 2017 4564">
    <p class='ocr_par' dir='ltr' id='par_1_85' title="bbox 514 4484 2017 4562">
     <span class='ocr_line' id='line_1_85' title="bbox 514 4484 2017 4562; baseline 0.006 -24"><span class='ocrx_word' id='word_1_665' title='bbox 514 4485 611 4539; x_wconf 87' lang='grc' dir='ltr'>Διά</span> <span class='ocrx_word' id='word_1_666' title='bbox 643 4484 800 4538; x_wconf 75' lang='grc' dir='ltr'>τοῦτο</span> <span class='ocrx_word' id='word_1_667' title='bbox 836 4486 1016 4538; x_wconf 76' lang='grc' dir='ltr'>πᾶσάν</span> <span class='ocrx_word' id='word_1_668' title='bbox 1045 4502 1130 4549; x_wconf 87' lang='grc' dir='ltr'><strong>τις</strong></span> <span class='ocrx_word' id='word_1_669' title='bbox 1159 4485 1516 4540; x_wconf 84' lang='grc' dir='ltr'>θεόπνευστον</span> <span class='ocrx_word' id='word_1_670' title='bbox 1555 4490 1741 4560; x_wconf 78' lang='grc' dir='ltr'>φωνὴν</span> <span class='ocrx_word' id='word_1_671' title='bbox 1784 4493 2017 4562; x_wconf 86' lang='grc' dir='ltr'>ἐρευνώ-</span> 
     </span>
    </p>
   </div>
   <div class='ocr_carea' id='block_1_86' title="bbox 2124 4484 3711 4564">
    <p class='ocr_par' dir='ltr' id='par_1_86' title="bbox 2195 4491 3711 4564">
     <span class='ocr_line' id='line_1_86' title="bbox 2195 4491 3711 4564; baseline 0.001 -17"><span class='ocrx_word' id='word_1_672' title='bbox 2195 4491 2277 4548; x_wconf 93' lang='lat' dir='ltr'><strong>Ob</strong></span> <span class='ocrx_word' id='word_1_673' title='bbox 2310 4508 2429 4548; x_wconf 85' lang='lat' dir='ltr'><strong>eam</strong></span> <span class='ocrx_word' id='word_1_674' title='bbox 2462 4506 2685 4547; x_wconf 90' lang='lat' dir='ltr'><strong>causam</strong></span> <span class='ocrx_word' id='word_1_675' title='bbox 2722 4491 2815 4561; x_wconf 89' lang='lat' dir='ltr'><strong>qui</strong></span> <span class='ocrx_word' id='word_1_676' title='bbox 2842 4506 3059 4547; x_wconf 88' lang='lat' dir='ltr'><strong>omnem</strong></span> <span class='ocrx_word' id='word_1_677' title='bbox 3093 4491 3359 4548; x_wconf 88' lang='lat' dir='ltr'><strong>divinitus</strong></span> <span class='ocrx_word' id='word_1_678' title='bbox 3392 4494 3711 4564; x_wconf 87' lang='lat' dir='ltr'><strong>inspiratam</strong></span> 
     </span>
    </p>
   </div>
   <div class='ocr_carea' id='block_1_87' title="bbox 449 4575 2017 4653">
    <p class='ocr_par' dir='ltr' id='par_1_87' title="bbox 449 4575 2017 4653">
     <span class='ocr_line' id='line_1_87' title="bbox 449 4575 2017 4653; baseline -0.003 -24"><span class='ocrx_word' id='word_1_679' title='bbox 449 4595 607 4648; x_wconf 86' lang='grc' dir='ltr'>μενος</span> <span class='ocrx_word' id='word_1_680' title='bbox 626 4617 641 4641; x_wconf 91' lang='grc'><strong>,</strong></span> <span class='ocrx_word' id='word_1_681' title='bbox 668 4578 770 4630; x_wconf 83' lang='grc' dir='ltr'><strong>οὐκ</strong></span> <span class='ocrx_word' id='word_1_682' title='bbox 797 4575 862 4630; x_wconf 82' lang='grc' dir='ltr'><strong>ἂν</strong></span> <span class='ocrx_word' id='word_1_683' title='bbox 903 4576 1051 4646; x_wconf 75' lang='grc' dir='ltr'>εὖροι</span> <span class='ocrx_word' id='word_1_684' title='bbox 1082 4577 1183 4647; x_wconf 81' lang='grc' dir='ltr'>τῆς</span> <span class='ocrx_word' id='word_1_685' title='bbox 1209 4577 1360 4641; x_wconf 89' lang='grc' dir='ltr'>θείας</span> <span class='ocrx_word' id='word_1_686' title='bbox 1392 4578 1607 4647; x_wconf 76' lang='grc' dir='ltr'>φύσεως</span> <span class='ocrx_word' id='word_1_687' title='bbox 1640 4584 1739 4653; x_wconf 83' lang='grc' dir='ltr'><strong>τὴν</strong></span> <span class='ocrx_word' id='word_1_688' title='bbox 1770 4583 2017 4639; x_wconf 86' lang='grc' dir='ltr'>διδασκα.</span> 
     </span>
    </p>
   </div>
   <div class='ocr_carea' id='block_1_88' title="bbox 2124 4575 3714 4653">
    <p class='ocr_par' dir='ltr' id='par_1_88' title="bbox 2124 4582 3714 4653">
     <span class='ocr_line' id='line_1_88' title="bbox 2124 4582 3714 4653; baseline 0.003 -16"><span class='ocrx_word' id='word_1_689' title='bbox 2124 4598 2311 4639; x_wconf 87' lang='lat' dir='ltr'><strong>vocem</strong></span> <span class='ocrx_word' id='word_1_690' title='bbox 2366 4583 2699 4653; x_wconf 86' lang='lat' dir='ltr'><strong>perscrutari</strong></span> <span class='ocrx_word' id='word_1_691' title='bbox 2748 4582 3001 4647; x_wconf 87' lang='lat' dir='ltr'><strong>voluerit,</strong></span> <span class='ocrx_word' id='word_1_692' title='bbox 3061 4599 3167 4638; x_wconf 91' lang='lat' dir='ltr'><strong>non</strong></span> <span class='ocrx_word' id='word_1_693' title='bbox 3227 4585 3469 4640; x_wconf 88' lang='lat' dir='ltr'><strong>inveniet</strong></span> <span class='ocrx_word' id='word_1_694' title='bbox 3515 4586 3714 4642; x_wconf 76' lang='lat' dir='ltr'><strong>divina:</strong></span> 
     </span>
    </p>
   </div>
   <div class='ocr_carea' id='block_1_89' title="bbox 446 4668 2025 4749">
    <p class='ocr_par' dir='ltr' id='par_1_89' title="bbox 446 4668 2025 4749">
     <span class='ocr_line' id='line_1_89' title="bbox 446 4668 2025 4749; baseline 0.005 -26"><span class='ocrx_word' id='word_1_695' title='bbox 446 4671 586 4731; x_wconf 87' lang='grc' dir='ltr'>λίαν,</span> <span class='ocrx_word' id='word_1_696' title='bbox 621 4669 742 4722; x_wconf 80' lang='grc' dir='ltr'>οὐδὲ</span> <span class='ocrx_word' id='word_1_697' title='bbox 771 4668 874 4738; x_wconf 80' lang='grc' dir='ltr'><strong>μὴν</strong></span> <span class='ocrx_word' id='word_1_698' title='bbox 903 4669 1061 4722; x_wconf 83' lang='grc' dir='ltr'>ἄλλου</span> <span class='ocrx_word' id='word_1_699' title='bbox 1102 4670 1245 4734; x_wconf 72' lang='grc' dir='ltr'>τινὸς</span> <span class='ocrx_word' id='word_1_700' title='bbox 1269 4670 1376 4724; x_wconf 88' lang='grc' dir='ltr'><strong>τῶν</strong></span> <span class='ocrx_word' id='word_1_701' title='bbox 1409 4675 1533 4725; x_wconf 89' lang='grc' dir='ltr'>κατ’</span> <span class='ocrx_word' id='word_1_702' title='bbox 1560 4674 1747 4727; x_wconf 81' lang='grc' dir='ltr'>οὐσίαν</span> <span class='ocrx_word' id='word_1_703' title='bbox 1786 4677 2025 4749; x_wconf 73' lang='grc' dir='ltr'>ὑφεστη-</span> 
     </span>
    </p>
   </div>
   <div class='ocr_carea' id='block_1_90' title="bbox 444 4759 2028 4837">
    <p class='ocr_par' dir='ltr' id='par_1_90' title="bbox 444 4759 2028 4837">
     <span class='ocr_line' id='line_1_90' title="bbox 444 4759 2028 4837; baseline 0.005 -24"><span class='ocrx_word' id='word_1_704' title='bbox 444 4761 635 4813; x_wconf 66' lang='grc' dir='ltr'>κότων.</span> <span class='ocrx_word' id='word_1_705' title='bbox 684 4759 845 4813; x_wconf 85' lang='grc' dir='ltr'>Ὅθεν</span> <span class='ocrx_word' id='word_1_706' title='bbox 888 4761 946 4812; x_wconf 87' lang='grc' dir='ltr'><strong>ἐν</strong></span> <span class='ocrx_word' id='word_1_707' title='bbox 985 4760 1179 4831; x_wconf 81' lang='grc' dir='ltr'>ἀγνοίᾳ</span> <span class='ocrx_word' id='word_1_708' title='bbox 1218 4763 1439 4816; x_wconf 82' lang='grc' dir='ltr'>πάντων</span> <span class='ocrx_word' id='word_1_709' title='bbox 1479 4764 1762 4835; x_wconf 88' lang='grc' dir='ltr'>διάγομεν,</span> <span class='ocrx_word' id='word_1_710' title='bbox 1812 4768 2028 4837; x_wconf 85' lang='grc' dir='ltr'>πρῶτον</span> 
     </span>
    </p>
   </div>
   <div class='ocr_carea' id='block_1_91' title="bbox 445 4849 2027 4923">
    <p class='ocr_par' dir='ltr' id='par_1_91' title="bbox 445 4849 2027 4923">
     <span class='ocr_line' id='line_1_91' title="bbox 445 4849 2027 4923; baseline 0.008 -22"><span class='ocrx_word' id='word_1_711' title='bbox 445 4851 675 4914; x_wconf 76' lang='grc' dir='ltr'>ἑαυτοὺς</span> <span class='ocrx_word' id='word_1_712' title='bbox 707 4849 1027 4918; x_wconf 80' lang='grc' dir='ltr'>ἀγνοοῦντες</span> <span class='ocrx_word' id='word_1_713' title='bbox 1056 4852 1104 4905; x_wconf 76' lang='lat' dir='ltr'><strong>oi</strong></span> <span class='ocrx_word' id='word_1_714' title='bbox 1150 4852 1459 4923; x_wconf 82' lang='grc' dir='ltr'>ἄνθρωποι,</span> <span class='ocrx_word' id='word_1_715' title='bbox 1497 4855 1690 4910; x_wconf 78' lang='grc' dir='ltr'>ἔπειτα</span> <span class='ocrx_word' id='word_1_716' title='bbox 1725 4858 1783 4910; x_wconf 80' lang='grc' dir='ltr'><strong>δὲ</strong></span> <span class='ocrx_word' id='word_1_717' title='bbox 1831 4861 1925 4912; x_wconf 77' lang='grc' dir='ltr'><strong>καὶ</strong></span> <span class='ocrx_word' id='word_1_718' title='bbox 1958 4860 2027 4914; x_wconf 88' lang='grc' dir='ltr'><strong>τά</strong></span> 
     </span>
    </p>
   </div>
   <div class='ocr_carea' id='block_1_92' title="bbox 446 4939 2031 5019">
    <p class='ocr_par' dir='ltr' id='par_1_92' title="bbox 446 4939 2031 5019">
     <span class='ocr_line' id='line_1_92' title="bbox 446 4939 2031 5019; baseline 0.006 -26"><span class='ocrx_word' id='word_1_719' title='bbox 446 4941 580 4993; x_wconf 78' lang='grc' dir='ltr'>ἄλλα</span> <span class='ocrx_word' id='word_1_720' title='bbox 612 4939 811 4993; x_wconf 80' lang='grc' dir='ltr'>πάντα.</span> <span class='ocrx_word' id='word_1_721' title='bbox 847 4940 944 5002; x_wconf 86' lang='grc' dir='ltr'>Τίς</span> <span class='ocrx_word' id='word_1_722' title='bbox 977 4942 1087 5013; x_wconf 88' lang='grc' dir='ltr'><strong>γάρ</strong></span> <span class='ocrx_word' id='word_1_723' title='bbox 1118 4945 1265 4996; x_wconf 87' lang='grc' dir='ltr'>ἐστιν</span> <span class='ocrx_word' id='word_1_724' title='bbox 1297 4943 1356 5007; x_wconf 84' lang='grc' dir='ltr'>ὃς</span> <span class='ocrx_word' id='word_1_725' title='bbox 1388 4944 1486 5013; x_wconf 81' lang='grc' dir='ltr'><strong>τῆς</strong></span> <span class='ocrx_word' id='word_1_726' title='bbox 1523 4946 1660 5010; x_wconf 88' lang='grc' dir='ltr'>ἰδίας</span> <span class='ocrx_word' id='word_1_727' title='bbox 1700 4948 1896 5002; x_wconf 78' lang='grc' dir='ltr'>ἐαυτοῦ</span> <span class='ocrx_word' id='word_1_728' title='bbox 1927 4950 2031 5019; x_wconf 79' lang='grc' dir='ltr'><strong>ψυ-</strong></span> 
     </span>
    </p>
   </div>
   <div class='ocr_carea' id='block_1_93' title="bbox 446 5031 2031 5110">
    <p class='ocr_par' dir='ltr' id='par_1_93' title="bbox 446 5031 2031 5110">
     <span class='ocr_line' id='line_1_93' title="bbox 446 5031 2031 5110; baseline 0.001 -17"><span class='ocrx_word' id='word_1_729' title='bbox 446 5031 546 5100; x_wconf 71' lang='grc' dir='ltr'><strong>χῆς</strong></span> <span class='ocrx_word' id='word_1_730' title='bbox 584 5031 645 5083; x_wconf 76' lang='grc' dir='ltr'><strong>ἐν</strong></span> <span class='ocrx_word' id='word_1_731' title='bbox 676 5032 980 5101; x_wconf 62' lang='grc' dir='ltr'>καταλήψει</span> <span class='ocrx_word' id='word_1_732' title='bbox 1025 5034 1351 5104; x_wconf 82' lang='grc' dir='ltr'>γεγένηται;</span> <span class='ocrx_word' id='word_1_733' title='bbox 1395 5037 1492 5099; x_wconf 87' lang='grc' dir='ltr'>Τίς</span> <span class='ocrx_word' id='word_1_734' title='bbox 1518 5039 1546 5090; x_wconf 84' lang='grc' dir='ltr'><strong>ὁ</strong></span> <span class='ocrx_word' id='word_1_735' title='bbox 1574 5039 1831 5107; x_wconf 70' lang='grc' dir='ltr'>ἐπιγνοὺς</span> <span class='ocrx_word' id='word_1_736' title='bbox 1860 5042 2031 5110; x_wconf 82' lang='grc' dir='ltr'>αὐτῆς</span> 
     </span>
    </p>
   </div>
   <div class='ocr_carea' id='block_1_94' title="bbox 445 5123 2032 5202">
    <p class='ocr_par' dir='ltr' id='par_1_94' title="bbox 445 5123 2032 5202">
     <span class='ocr_line' id='line_1_94' title="bbox 445 5123 2032 5202; baseline 0.005 -27"><span class='ocrx_word' id='word_1_737' title='bbox 445 5127 545 5198; x_wconf 75' lang='grc' dir='ltr'>τὴν</span> <span class='ocrx_word' id='word_1_738' title='bbox 582 5123 803 5184; x_wconf 84' lang='grc' dir='ltr'>ούσίαν;</span> <span class='ocrx_word' id='word_1_739' title='bbox 856 5125 1046 5193; x_wconf 84' lang='grc' dir='ltr'>’Υλική</span> <span class='ocrx_word' id='word_1_740' title='bbox 1092 5126 1175 5189; x_wconf 89' lang='grc' dir='ltr'><strong>τίς</strong></span> <span class='ocrx_word' id='word_1_741' title='bbox 1217 5128 1395 5189; x_wconf 88' lang='grc' dir='ltr'>ἐστιν,</span> <span class='ocrx_word' id='word_1_742' title='bbox 1452 5128 1483 5198; x_wconf 85' lang='grc' dir='ltr'><strong>ἢ</strong></span> <span class='ocrx_word' id='word_1_743' title='bbox 1536 5130 1727 5193; x_wconf 70' lang='grc' dir='ltr'>ἄῦλοςς</span> <span class='ocrx_word' id='word_1_744' title='bbox 1775 5132 2032 5202; x_wconf 82' lang='grc' dir='ltr'>καθαρῶς</span> 
     </span>
    </p>
   </div>
   <div class='ocr_carea' id='block_1_95' title="bbox 448 5217 2032 5291">
    <p class='ocr_par' dir='ltr' id='par_1_95' title="bbox 448 5217 2032 5291">
     <span class='ocr_line' id='line_1_95' title="bbox 448 5217 2032 5291; baseline 0.005 -21"><span class='ocrx_word' id='word_1_745' title='bbox 448 5217 767 5286; x_wconf 82' lang='grc' dir='ltr'>ἀσώματος,</span> <span class='ocrx_word' id='word_1_746' title='bbox 800 5218 833 5288; x_wconf 81' lang='grc' dir='ltr'>ἦ</span> <span class='ocrx_word' id='word_1_747' title='bbox 870 5235 921 5269; x_wconf 88' lang='grc' dir='ltr'><strong>τι</strong></span> <span class='ocrx_word' id='word_1_748' title='bbox 960 5218 1055 5270; x_wconf 74' lang='grc' dir='ltr'>καὶ</span> <span class='ocrx_word' id='word_1_749' title='bbox 1100 5221 1463 5288; x_wconf 79' lang='grc' dir='ltr'>σωματοειδὲς</span> <span class='ocrx_word' id='word_1_750' title='bbox 1493 5222 1623 5291; x_wconf 73' lang='grc' dir='ltr'>περὶ</span> <span class='ocrx_word' id='word_1_751' title='bbox 1653 5222 1864 5291; x_wconf 81' lang='grc' dir='ltr'>αύτήν;</span> <span class='ocrx_word' id='word_1_752' title='bbox 1907 5225 2032 5289; x_wconf 86' lang='grc' dir='ltr'>Πῶς</span> 
     </span>
    </p>
   </div>
   <div class='ocr_carea' id='block_1_96' title="bbox 449 5310 2032 5386">
    <p class='ocr_par' dir='ltr' id='par_1_96' title="bbox 449 5310 2032 5386">
     <span class='ocr_line' id='line_1_96' title="bbox 449 5310 2032 5386; baseline 0.006 -26"><span class='ocrx_word' id='word_1_753' title='bbox 449 5310 689 5375; x_wconf 80' lang='grc' dir='ltr'>γίνεται;</span> <span class='ocrx_word' id='word_1_754' title='bbox 741 5310 866 5374; x_wconf 85' lang='grc' dir='ltr'>Πῶς</span> <span class='ocrx_word' id='word_1_755' title='bbox 924 5312 1206 5382; x_wconf 75' lang='grc' dir='ltr'>κιρνᾶταις</span> <span class='ocrx_word' id='word_1_756' title='bbox 1270 5312 1436 5366; x_wconf 86' lang='grc' dir='ltr'>πόθεν</span> <span class='ocrx_word' id='word_1_757' title='bbox 1489 5315 1856 5386; x_wconf 73' lang='grc' dir='ltr'>είσιιρίνεται;</span> <span class='ocrx_word' id='word_1_758' title='bbox 1912 5319 2032 5380; x_wconf 80' lang='grc' dir='ltr'><strong>πῶς</strong></span> 
     </span>
    </p>
   </div>
   <div class='ocr_carea' id='block_1_97' title="bbox 449 5401 2023 5480">
    <p class='ocr_par' dir='ltr' id='par_1_97' title="bbox 449 5401 2023 5480">
     <span class='ocr_line' id='line_1_97' title="bbox 449 5401 2023 5480; baseline 0.006 -26"><span class='ocrx_word' id='word_1_759' title='bbox 449 5401 768 5468; x_wconf 70' lang='grc' dir='ltr'>ἀφίσταταις</span> <span class='ocrx_word' id='word_1_760' title='bbox 793 5402 857 5455; x_wconf 89' lang='grc' dir='ltr'><strong>Τί</strong></span> <span class='ocrx_word' id='word_1_761' title='bbox 882 5402 943 5455; x_wconf 75' lang='grc' dir='ltr'>τὸ</span> <span class='ocrx_word' id='word_1_762' title='bbox 972 5402 1301 5473; x_wconf 62' lang='grc' dir='ltr'>συιιδεσμοῦν</span> <span class='ocrx_word' id='word_1_763' title='bbox 1319 5405 1410 5457; x_wconf 77' lang='grc' dir='ltr'><strong>καὶ</strong></span> <span class='ocrx_word' id='word_1_764' title='bbox 1439 5405 1720 5475; x_wconf 80' lang='grc' dir='ltr'>μεσιτεῦον</span> <span class='ocrx_word' id='word_1_765' title='bbox 1743 5407 1856 5478; x_wconf 83' lang='grc' dir='ltr'>ἔχει</span> <span class='ocrx_word' id='word_1_766' title='bbox 1888 5410 2023 5480; x_wconf 84' lang='grc' dir='ltr'>πρὸς</span> 
     </span>
    </p>
   </div>
   <div class='ocr_carea' id='block_1_98' title="bbox 448 5491 2024 5570">
    <p class='ocr_par' dir='ltr' id='par_1_98' title="bbox 448 5491 2024 5570">
     <span class='ocr_line' id='line_1_98' title="bbox 448 5491 2024 5570; baseline 0.007 -27"><span class='ocrx_word' id='word_1_767' title='bbox 448 5491 545 5560; x_wconf 77' lang='grc' dir='ltr'>τὴν</span> <span class='ocrx_word' id='word_1_768' title='bbox 572 5491 666 5544; x_wconf 78' lang='grc' dir='ltr'>τοῦ</span> <span class='ocrx_word' id='word_1_769' title='bbox 698 5493 947 5563; x_wconf 81' lang='grc' dir='ltr'>σώματος</span> <span class='ocrx_word' id='word_1_770' title='bbox 968 5495 1161 5562; x_wconf 80' lang='grc' dir='ltr'>φύσινς</span> <span class='ocrx_word' id='word_1_771' title='bbox 1194 5494 1317 5559; x_wconf 88' lang='grc' dir='ltr'>Πῶς</span> <span class='ocrx_word' id='word_1_772' title='bbox 1344 5498 1375 5565; x_wconf 83' lang='grc' dir='ltr'>ή</span> <span class='ocrx_word' id='word_1_773' title='bbox 1400 5498 1613 5568; x_wconf 79' lang='grc' dir='ltr'>ἀναφής</span> <span class='ocrx_word' id='word_1_774' title='bbox 1640 5517 1699 5551; x_wconf 85' lang='grc' dir='ltr'><strong>τε</strong></span> <span class='ocrx_word' id='word_1_775' title='bbox 1731 5502 1827 5554; x_wconf 73' lang='grc' dir='ltr'>καὶ</span> <span class='ocrx_word' id='word_1_776' title='bbox 1853 5501 2024 5570; x_wconf 85' lang='grc' dir='ltr'>ἀσχη-</span> 
     </span>
    </p>
   </div>
   <div class='ocr_carea' id='block_1_99' title="bbox 453 5580 2025 5661">
    <p class='ocr_par' dir='ltr' id='par_1_99' title="bbox 453 5580 2025 5661">
     <span class='ocr_line' id='line_1_99' title="bbox 453 5580 2025 5661; baseline 0.008 -28"><span class='ocrx_word' id='word_1_777' title='bbox 453 5580 739 5651; x_wconf 74' lang='grc' dir='ltr'>μάτιστος,</span> <span class='ocrx_word' id='word_1_778' title='bbox 791 5585 896 5657; x_wconf 76' lang='grc' dir='ltr'>ἰδίᾳ</span> <span class='ocrx_word' id='word_1_779' title='bbox 945 5587 1053 5638; x_wconf 61' lang='grc' dir='ltr'><strong>τιν)¹</strong></span> <span class='ocrx_word' id='word_1_780' title='bbox 1095 5591 1408 5659; x_wconf 81' lang='grc' dir='ltr'>περιγραφῇ</span> <span class='ocrx_word' id='word_1_781' title='bbox 1455 5591 1874 5661; x_wconf 87' lang='grc' dir='ltr'>περιείληπται;</span> <span class='ocrx_word' id='word_1_782' title='bbox 1928 5593 2025 5657; x_wconf 86' lang='grc' dir='ltr'>Τίς</span> 
     </span>
    </p>
   </div>
   <div class='ocr_carea' id='block_1_100' title="bbox 451 5673 2021 5756">
    <p class='ocr_par' dir='ltr' id='par_1_100' title="bbox 451 5673 2021 5756">
     <span class='ocr_line' id='line_1_100' title="bbox 451 5673 2021 5756; baseline 0.01 -32"><span class='ocrx_word' id='word_1_783' title='bbox 451 5673 589 5725; x_wconf 80' lang='grc' dir='ltr'><strong>κατά</strong></span> <span class='ocrx_word' id='word_1_784' title='bbox 622 5676 718 5738; x_wconf 78' lang='grc' dir='ltr'>τὰς</span> <span class='ocrx_word' id='word_1_785' title='bbox 762 5676 1039 5746; x_wconf 74' lang='grc' dir='ltr'>ἐνεργείας</span> <span class='ocrx_word' id='word_1_786' title='bbox 1079 5678 1349 5749; x_wconf 77' lang='grc' dir='ltr'>διαφοράς</span> <span class='ocrx_word' id='word_1_787' title='bbox 1382 5680 1561 5752; x_wconf 87' lang='grc' dir='ltr'>Πῶςή</span> <span class='ocrx_word' id='word_1_788' title='bbox 1592 5683 1731 5756; x_wconf 81' lang='grc' dir='ltr'>αὑτὴ</span> <span class='ocrx_word' id='word_1_789' title='bbox 1760 5685 1853 5738; x_wconf 74' lang='grc' dir='ltr'><strong>καὶ</strong></span> <span class='ocrx_word' id='word_1_790' title='bbox 1878 5684 2021 5752; x_wconf 79' lang='grc' dir='ltr'>ὑπὲρ</span> 
     </span>
    </p>
   </div>
   <div class='ocr_carea' id='block_1_101' title="bbox 525 5857 987 5928">
    <p class='ocr_par' dir='ltr' id='par_1_101' title="bbox 525 5857 987 5928">
     <span class='ocr_line' id='line_1_101' title="bbox 525 5857 987 5928; baseline 0.011 -16"><span class='ocrx_word' id='word_1_791' title='bbox 525 5859 568 5891; x_wconf 87' lang='grc'><strong>¹⁸</strong></span> <span class='ocrx_word' id='word_1_792' title='bbox 611 5857 771 5917; x_wconf 78' lang='lat' dir='ltr'><strong>Hebr.</strong></span> <span class='ocrx_word' id='word_1_793' title='bbox 803 5876 897 5928; x_wconf 78' lang='lat' dir='ltr'><strong>xv,</strong></span> <span class='ocrx_word' id='word_1_794' title='bbox 934 5860 987 5917; x_wconf 81' lang='lat'><strong>6.</strong></span> 
     </span>
    </p>
   </div>
   <div class='ocr_carea' id='block_1_102' title="bbox 2127 4674 3714 4748">
    <p class='ocr_par' dir='ltr' id='par_1_102' title="bbox 2127 4674 3714 4748">
     <span class='ocr_line' id='line_1_102' title="bbox 2127 4674 3714 4748; baseline 0.001 -17"><span class='ocrx_word' id='word_1_795' title='bbox 2127 4687 2340 4731; x_wconf 65' lang='lat' dir='ltr'><strong>natura:</strong></span> <span class='ocrx_word' id='word_1_796' title='bbox 2366 4674 2696 4737; x_wconf 82' lang='lat' dir='ltr'><strong>doctrinam,</strong></span> <span class='ocrx_word' id='word_1_797' title='bbox 2722 4689 2825 4730; x_wconf 87' lang='lat' dir='ltr'><strong>nec</strong></span> <span class='ocrx_word' id='word_1_798' title='bbox 2850 4675 3018 4730; x_wconf 90' lang='lat' dir='ltr'><strong>ullius</strong></span> <span class='ocrx_word' id='word_1_799' title='bbox 3042 4690 3232 4729; x_wconf 87' lang='lat' dir='ltr'><strong>eorum</strong></span> <span class='ocrx_word' id='word_1_800' title='bbox 3251 4693 3374 4746; x_wconf 78' lang='lat' dir='ltr'><strong>quae</strong></span> <span class='ocrx_word' id='word_1_801' title='bbox 3398 4694 3495 4748; x_wconf 91' lang='lat' dir='ltr'><strong>per</strong></span> <span class='ocrx_word' id='word_1_802' title='bbox 3524 4694 3714 4734; x_wconf 87' lang='lat' dir='ltr'><strong>essen-</strong></span> 
     </span>
    </p>
   </div>
   <div class='ocr_carea' id='block_1_103' title="bbox 2129 4766 3713 4840">
    <p class='ocr_par' dir='ltr' id='par_1_103' title="bbox 2129 4766 3713 4840">
     <span class='ocr_line' id='line_1_103' title="bbox 2129 4766 3713 4840; baseline 0.005 -21"><span class='ocrx_word' id='word_1_803' title='bbox 2129 4768 2259 4820; x_wconf 89' lang='lat' dir='ltr'><strong>tiam</strong></span> <span class='ocrx_word' id='word_1_804' title='bbox 2294 4766 2609 4821; x_wconf 90' lang='lat' dir='ltr'><strong>subsistunt</strong></span> <span class='ocrx_word' id='word_1_805' title='bbox 2644 4784 2656 4821; x_wconf 90' lang='lat'><strong>:</strong></span> <span class='ocrx_word' id='word_1_806' title='bbox 2688 4768 2834 4822; x_wconf 89' lang='lat' dir='ltr'><strong>unde</strong></span> <span class='ocrx_word' id='word_1_807' title='bbox 2874 4767 2930 4821; x_wconf 87' lang='lat' dir='ltr'><strong>in</strong></span> <span class='ocrx_word' id='word_1_808' title='bbox 2967 4783 3151 4822; x_wconf 89' lang='lat' dir='ltr'><strong>rerum</strong></span> <span class='ocrx_word' id='word_1_809' title='bbox 3180 4770 3425 4823; x_wconf 90' lang='lat' dir='ltr'><strong>omnium</strong></span> <span class='ocrx_word' id='word_1_810' title='bbox 3457 4770 3713 4840; x_wconf 87' lang='lat' dir='ltr'><strong>ignoran-</strong></span> 
     </span>
    </p>
   </div>
   <div class='ocr_carea' id='block_1_104' title="bbox 2130 4857 3714 4934">
    <p class='ocr_par' dir='ltr' id='par_1_104' title="bbox 2130 4857 3714 4934">
     <span class='ocr_line' id='line_1_104' title="bbox 2130 4857 3714 4934; baseline 0.006 -24"><span class='ocrx_word' id='word_1_811' title='bbox 2130 4859 2203 4912; x_wconf 89' lang='lat' dir='ltr'><strong>tia</strong></span> <span class='ocrx_word' id='word_1_812' title='bbox 2236 4866 2291 4911; x_wconf 90' lang='lat' dir='ltr'><strong>et</strong></span> <span class='ocrx_word' id='word_1_813' title='bbox 2333 4858 2571 4928; x_wconf 81' lang='lat' dir='ltr'><strong>caligine</strong></span> <span class='ocrx_word' id='word_1_814' title='bbox 2618 4857 2892 4929; x_wconf 85' lang='lat' dir='ltr'><strong>degimus,</strong></span> <span class='ocrx_word' id='word_1_815' title='bbox 2928 4860 3167 4929; x_wconf 89' lang='lat' dir='ltr'><strong>primum</strong></span> <span class='ocrx_word' id='word_1_816' title='bbox 3209 4877 3311 4917; x_wconf 92' lang='lat' dir='ltr'><strong>nos</strong></span> <span class='ocrx_word' id='word_1_817' title='bbox 3358 4862 3506 4932; x_wconf 87' lang='lat' dir='ltr'><strong>ipsos</strong></span> <span class='ocrx_word' id='word_1_818' title='bbox 3558 4865 3714 4934; x_wconf 89' lang='lat' dir='ltr'><strong>igno-</strong></span> 
     </span>
    </p>
   </div>
   <div class='ocr_carea' id='block_1_105' title="bbox 2130 4950 3712 5023">
    <p class='ocr_par' dir='ltr' id='par_1_105' title="bbox 2130 4950 3712 5023">
     <span class='ocr_line' id='line_1_105' title="bbox 2130 4950 3712 5023; baseline 0.005 -18"><span class='ocrx_word' id='word_1_819' title='bbox 2130 4958 2320 5005; x_wconf 87' lang='lat' dir='ltr'><strong>rantes</strong></span> <span class='ocrx_word' id='word_1_820' title='bbox 2351 4950 2623 5016; x_wconf 88' lang='lat' dir='ltr'><strong>homines,</strong></span> <span class='ocrx_word' id='word_1_821' title='bbox 2656 4950 2853 5006; x_wconf 90' lang='lat' dir='ltr'><strong>deinde</strong></span> <span class='ocrx_word' id='word_1_822' title='bbox 2893 4951 3060 5005; x_wconf 87' lang='lat' dir='ltr'><strong>etiam</strong></span> <span class='ocrx_word' id='word_1_823' title='bbox 3100 4960 3296 5007; x_wconf 65' lang='lat' dir='ltr'><strong>cattera</strong></span> <span class='ocrx_word' id='word_1_824' title='bbox 3331 4956 3534 5011; x_wconf 91' lang='lat' dir='ltr'><strong>omnia.</strong></span> <span class='ocrx_word' id='word_1_825' title='bbox 3577 4956 3712 5023; x_wconf 88' lang='lat' dir='ltr'><strong>Quis</strong></span> 
     </span>
    </p>
   </div>
   <div class='ocr_carea' id='block_1_106' title="bbox 2129 5043 3714 5118">
    <p class='ocr_par' dir='ltr' id='par_1_106' title="bbox 2129 5043 3714 5118">
     <span class='ocr_line' id='line_1_106' title="bbox 2129 5043 3714 5118; baseline 0.003 -19"><span class='ocrx_word' id='word_1_826' title='bbox 2129 5044 2275 5099; x_wconf 89' lang='lat' dir='ltr'><strong>enim</strong></span> <span class='ocrx_word' id='word_1_827' title='bbox 2305 5052 2389 5098; x_wconf 92' lang='lat' dir='ltr'><strong>est</strong></span> <span class='ocrx_word' id='word_1_828' title='bbox 2419 5043 2511 5113; x_wconf 88' lang='lat' dir='ltr'><strong>qui</strong></span> <span class='ocrx_word' id='word_1_829' title='bbox 2548 5058 2662 5098; x_wconf 72' lang='lat' dir='ltr'><strong>sua:</strong></span> <span class='ocrx_word' id='word_1_830' title='bbox 2691 5044 2925 5114; x_wconf 70' lang='lat' dir='ltr'><strong>propria:</strong></span> <span class='ocrx_word' id='word_1_831' title='bbox 2961 5044 3157 5099; x_wconf 68' lang='lat' dir='ltr'><strong>animae</strong></span> <span class='ocrx_word' id='word_1_832' title='bbox 3188 5046 3555 5116; x_wconf 81' lang='lat' dir='ltr'><strong>cognitionem</strong></span> <span class='ocrx_word' id='word_1_833' title='bbox 3591 5066 3714 5118; x_wconf 88' lang='lat' dir='ltr'><strong>per-</strong></span> 
     </span>
    </p>
   </div>
   <div class='ocr_carea' id='block_1_107' title="bbox 2131 5135 3709 5208">
    <p class='ocr_par' dir='ltr' id='par_1_107' title="bbox 2131 5135 3709 5208">
     <span class='ocr_line' id='line_1_107' title="bbox 2131 5135 3709 5208; baseline 0.004 -18"><span class='ocrx_word' id='word_1_834' title='bbox 2131 5146 2343 5206; x_wconf 90' lang='lat' dir='ltr'><strong>ceptam</strong></span> <span class='ocrx_word' id='word_1_835' title='bbox 2384 5136 2614 5192; x_wconf 87' lang='lat' dir='ltr'><strong>habuit?</strong></span> <span class='ocrx_word' id='word_1_836' title='bbox 2660 5135 2795 5202; x_wconf 88' lang='lat' dir='ltr'><strong>Quis</strong></span> <span class='ocrx_word' id='word_1_837' title='bbox 2836 5136 2988 5191; x_wconf 91' lang='lat' dir='ltr'><strong>novit</strong></span> <span class='ocrx_word' id='word_1_838' title='bbox 3034 5137 3211 5208; x_wconf 89' lang='lat' dir='ltr'><strong>ipsius</strong></span> <span class='ocrx_word' id='word_1_839' title='bbox 3252 5142 3590 5196; x_wconf 85' lang='lat' dir='ltr'><strong>essentiam?</strong></span> <span class='ocrx_word' id='word_1_840' title='bbox 3630 5144 3709 5196; x_wconf 87' lang='lat' dir='ltr'><strong>An</strong></span> 
     </span>
    </p>
   </div>
   <div class='ocr_carea' id='block_1_108' title="bbox 2132 5229 3710 5305">
    <p class='ocr_par' dir='ltr' id='par_1_108' title="bbox 2132 5229 3710 5305">
     <span class='ocr_line' id='line_1_108' title="bbox 2132 5229 3710 5305; baseline 0.006 -25"><span class='ocrx_word' id='word_1_841' title='bbox 2132 5229 2437 5284; x_wconf 87' lang='lat' dir='ltr'><strong>materialis</strong></span> <span class='ocrx_word' id='word_1_842' title='bbox 2475 5236 2581 5291; x_wconf 86' lang='lat' dir='ltr'><strong>est,</strong></span> <span class='ocrx_word' id='word_1_843' title='bbox 2631 5244 2699 5283; x_wconf 89' lang='lat' dir='ltr'><strong>an</strong></span> <span class='ocrx_word' id='word_1_844' title='bbox 2738 5230 3147 5287; x_wconf 89' lang='lat' dir='ltr'><strong>immaterialis?</strong></span> <span class='ocrx_word' id='word_1_845' title='bbox 3177 5248 3313 5303; x_wconf 91' lang='lat' dir='ltr'><strong>pure</strong></span> <span class='ocrx_word' id='word_1_846' title='bbox 3364 5234 3710 5305; x_wconf 86' lang='lat' dir='ltr'><strong>incorporea,</strong></span> 
     </span>
    </p>
   </div>
   <div class='ocr_carea' id='block_1_109' title="bbox 2132 5320 3711 5397">
    <p class='ocr_par' dir='ltr' id='par_1_109' title="bbox 2132 5320 3711 5397">
     <span class='ocr_line' id='line_1_109' title="bbox 2132 5320 3711 5397; baseline 0.004 -24"><span class='ocrx_word' id='word_1_847' title='bbox 2132 5336 2200 5374; x_wconf 88' lang='lat' dir='ltr'><strong>an</strong></span> <span class='ocrx_word' id='word_1_848' title='bbox 2232 5320 2365 5389; x_wconf 90' lang='lat' dir='ltr'><strong>quid</strong></span> <span class='ocrx_word' id='word_1_849' title='bbox 2392 5321 2443 5374; x_wconf 93' lang='lat' dir='ltr'><strong>in</strong></span> <span class='ocrx_word' id='word_1_850' title='bbox 2468 5336 2531 5376; x_wconf 88' lang='lat' dir='ltr'><strong>ea</strong></span> <span class='ocrx_word' id='word_1_851' title='bbox 2563 5323 2928 5391; x_wconf 86' lang='lat' dir='ltr'><strong>corporeum?</strong></span> <span class='ocrx_word' id='word_1_852' title='bbox 2955 5322 3243 5389; x_wconf 90' lang='lat' dir='ltr'><strong>Quomodo</strong></span> <span class='ocrx_word' id='word_1_853' title='bbox 3270 5327 3536 5389; x_wconf 87' lang='lat' dir='ltr'><strong>nascitur.</strong></span> <span class='ocrx_word' id='word_1_854' title='bbox 3570 5344 3711 5397; x_wconf 87' lang='lat' dir='ltr'><strong>quo-</strong></span> 
     </span>
    </p>
   </div>
   <div class='ocr_carea' id='block_1_110' title="bbox 2131 5412 3712 5488">
    <p class='ocr_par' dir='ltr' id='par_1_110' title="bbox 2131 5412 3712 5488">
     <span class='ocr_line' id='line_1_110' title="bbox 2131 5412 3712 5488; baseline 0.006 -22"><span class='ocrx_word' id='word_1_855' title='bbox 2131 5412 2295 5467; x_wconf 86' lang='lat' dir='ltr'><strong>modo</strong></span> <span class='ocrx_word' id='word_1_856' title='bbox 2355 5415 2733 5484; x_wconf 87' lang='lat' dir='ltr'><strong>temperatur?</strong></span> <span class='ocrx_word' id='word_1_857' title='bbox 2774 5415 2919 5471; x_wconf 89' lang='lat' dir='ltr'><strong>unde</strong></span> <span class='ocrx_word' id='word_1_858' title='bbox 2984 5417 3039 5471; x_wconf 92' lang='lat' dir='ltr'><strong>in</strong></span> <span class='ocrx_word' id='word_1_859' title='bbox 3093 5431 3296 5488; x_wconf 89' lang='lat' dir='ltr'><strong>corpus</strong></span> <span class='ocrx_word' id='word_1_860' title='bbox 3358 5417 3712 5475; x_wconf 86' lang='lat' dir='ltr'><strong>insinuatur?</strong></span> 
     </span>
    </p>
   </div>
   <div class='ocr_carea' id='block_1_111' title="bbox 2132 5505 3709 5583">
    <p class='ocr_par' dir='ltr' id='par_1_111' title="bbox 2132 5505 3709 5583">
     <span class='ocr_line' id='line_1_111' title="bbox 2132 5505 3709 5583; baseline 0.005 -24"><span class='ocrx_word' id='word_1_861' title='bbox 2132 5505 2408 5575; x_wconf 88' lang='lat' dir='ltr'><strong>quomodo</strong></span> <span class='ocrx_word' id='word_1_862' title='bbox 2460 5507 2750 5562; x_wconf 86' lang='lat' dir='ltr'><strong>abscedit?</strong></span> <span class='ocrx_word' id='word_1_863' title='bbox 2801 5506 2941 5574; x_wconf 90' lang='lat' dir='ltr'><strong>Quid</strong></span> <span class='ocrx_word' id='word_1_864' title='bbox 2994 5508 3159 5564; x_wconf 88' lang='lat' dir='ltr'><strong>habet</strong></span> <span class='ocrx_word' id='word_1_865' title='bbox 3206 5511 3351 5579; x_wconf 90' lang='lat' dir='ltr'><strong>quod</strong></span> <span class='ocrx_word' id='word_1_866' title='bbox 3393 5511 3615 5583; x_wconf 81' lang='lat' dir='ltr'><strong>colliget</strong></span> <span class='ocrx_word' id='word_1_867' title='bbox 3655 5521 3709 5569; x_wconf 84' lang='lat' dir='ltr'><strong>ct</strong></span> 
     </span>
    </p>
   </div>
   <div class='ocr_carea' id='block_1_112' title="bbox 2132 5597 3704 5671">
    <p class='ocr_par' dir='ltr' id='par_1_112' title="bbox 2132 5597 3704 5671">
     <span class='ocr_line' id='line_1_112' title="bbox 2132 5597 3704 5671; baseline 0.003 -19"><span class='ocrx_word' id='word_1_868' title='bbox 2132 5597 2520 5652; x_wconf 83' lang='lat' dir='ltr'><strong>intermedium</strong></span> <span class='ocrx_word' id='word_1_869' title='bbox 2557 5598 2741 5653; x_wconf 86' lang='lat' dir='ltr'><strong>veniat</strong></span> <span class='ocrx_word' id='word_1_870' title='bbox 2796 5599 2863 5654; x_wconf 88' lang='lat' dir='ltr'><strong>ad</strong></span> <span class='ocrx_word' id='word_1_871' title='bbox 2914 5608 3169 5655; x_wconf 88' lang='lat' dir='ltr'><strong>naturam</strong></span> <span class='ocrx_word' id='word_1_872' title='bbox 3222 5602 3517 5671; x_wconf 82' lang='lat' dir='ltr'><strong>corporis?</strong></span> <span class='ocrx_word' id='word_1_873' title='bbox 3564 5602 3704 5669; x_wconf 86' lang='lat' dir='ltr'><strong>Quo-</strong></span> 
     </span>
    </p>
   </div>
   <div class='ocr_carea' id='block_1_113' title="bbox 2133 5689 3707 5764">
    <p class='ocr_par' dir='ltr' id='par_1_113' title="bbox 2133 5689 3707 5764">
     <span class='ocr_line' id='line_1_113' title="bbox 2133 5689 3707 5764; baseline 0.003 -20"><span class='ocrx_word' id='word_1_874' title='bbox 2133 5690 2297 5744; x_wconf 83' lang='lat' dir='ltr'><strong>modo</strong></span> <span class='ocrx_word' id='word_1_875' title='bbox 2329 5698 2535 5743; x_wconf 80' lang='lat' dir='ltr'><strong>tactum</strong></span> <span class='ocrx_word' id='word_1_876' title='bbox 2591 5689 2726 5760; x_wconf 81' lang='lat' dir='ltr'><strong>fugit</strong></span> <span class='ocrx_word' id='word_1_877' title='bbox 2774 5699 2824 5746; x_wconf 87' lang='lat' dir='ltr'><strong>et</strong></span> <span class='ocrx_word' id='word_1_878' title='bbox 2871 5690 3054 5761; x_wconf 55' lang='grc' dir='ltr'>ἥκοι-αξ</span> <span class='ocrx_word' id='word_1_879' title='bbox 3096 5692 3276 5748; x_wconf 91' lang='lat' dir='ltr'><strong>omnis</strong></span> <span class='ocrx_word' id='word_1_880' title='bbox 3316 5708 3531 5764; x_wconf 80' lang='lat' dir='ltr'><strong>expers,</strong></span> <span class='ocrx_word' id='word_1_881' title='bbox 3577 5711 3707 5764; x_wconf 84' lang='lat' dir='ltr'><strong>pro-</strong></span> 
     </span>
    </p>
   </div>
  </div>
