4142 6374
470 405 564 464 9&7

1732 397 1792 454 5'.
1833 390 2158 450 GREGOIHI
2199 387 2502 445 NYSSENI

3628 382 3737 436 958

472 526 591 597 pria
646 523 881 594 quadam
945 517 1457 588 circumscriptione
1517 514 2083 586 comprehenditur?

2184 512 2242 565 ὸν
2286 510 2510 581 οὐρανὸν
2549 507 2929 570 ἀνατείνεται,
2975 506 3042 575 τῇ
3084 498 3584 575 πολυπραγμοσύνῃ
3624 497 3735 550 τῶν

472 616 730 683 Quantam
786 612 1087 670 secundum
1137 612 1491 681 operationes
1536 608 1657 678 ejus
1704 604 2050 661 dill‘erentia‘?

470 706 758 774 Quomodo
809 706 1000 761 eadem
1046 704 1211 759 etiam
1255 717 1421 772 supra
1464 701 1666 755 cmlum
1711 697 2045 760 extenditur,

474 805 605 854 dum
647 801 869 853 curiosa
904 797 1253 868 indagationc
1288 810 1407 863 qua:
1449 800 1583 848 sunt
1629 790 1928 846 invisibilia
1964 790 2050 843 in-

476 893 733 962 vestigat,
771 903 934 960 atque
982 889 1147 945 etiam
1190 888 1256 941 ad
1299 885 1612 940 materiales
1644 882 1874 938 affectus
1908 882 2055 935 dela-

478 985 628 1038 bitur
648 982 893 1053 pondere
914 980 1165 1051 corporis
1193 986 1455 1042 attracta,
1484 976 1729 1045 iramque
1749 981 1803 1030 et
1828 983 2053 1033 metum,

478 1075 723 1130 dolorem
747 1082 802 1129 et
834 1073 1190 1142 voluptatem,
1218 1068 1656 1123 misericordiam
1689 1075 1743 1121 et
1766 1063 2053 1126 smvitiam,

481 1182 632 1236 spem
669 1174 723 1220 et
754 1165 1097 1227 memoriam,
1141 1161 1411 1232 ignaviam
1458 1166 1511 1213 et
1540 1156 1847 1219 audaciam,
1872 1153 2058 1209 amici-

482 1257 611 1309 tiam
643 1263 697 1310 et
726 1256 938 1317 odium,
983 1263 1038 1309 et
1076 1252 1259 1307 omnia
1293 1265 1414 1320 quas
1443 1264 1506 1302 ex
1565 1247 1847 1301 contrario
1890 1244 2057 1298 animi

485 1348 842 1403 facultatibus
875 1345 1225 1401 eﬂiciuntur:
1259 1356 1382 1412 qua:
1433 1341 1557 1409 quis
1591 1336 2058 1395 animadvertens,

484 1456 593 1495 non
646 1439 969 1510 cogitaverit
1021 1436 1313 1507 quemdam
1362 1432 1624 1504 populum
1673 1430 1971 1484 animatum
2005 1428 2060 1479 in

485 1532 667 1600 seipso
698 1531 935 1583 coitione
975 1527 1211 1597 quadam
1243 1531 1648 1580 coarctatarum
1681 1528 1736 1576 et
1767 1532 2063 1589 compara-

487 1632 665 1675 tarum
700 1622 924 1684 habere,
975 1636 1099 1674 cum
1134 1633 1323 1673 eorum
1375 1630 1495 1687 quae
1526 1614 1672 1669 dicta
1706 1619 1835 1667 sunt
1866 1624 2063 1663 unum-

488 1714 745 1784 quodque
797 1713 1128 1783 permultum
1186 1725 1223 1764 a'
1269 1706 1487 1764 caeteris
1547 1703 1798 1761 diﬂ‘erat?
1847 1710 1902 1757 et
1956 1717 2063 1771 qua

489 1814 645 1877 parte
674 1804 985 1875 praévaleat,
1047 1812 1103 1857 et.
1150 1801 1204 1856 in
1245 1800 1453 1869 reliqua
1517 1794 1804 1866 imperium
1843 1792 2061 1851 habeat,

491 1907 551 1952 ut
588 1898 751 1953 etiam
784 1895 867 1950 vis
920 1896 1021 1948 illa
1079 1890 1464 1947 ratiocinatrix
1509 1888 1701 1941 talium
1760 1884 2067 1939 motionmn

491 1987 958 2043 dominationibus
996 1992 1050 2039 et
1079 1984 1323 2054 imperiis
1360 1978 1687 2035 succumbat
1725 1982 1779 2031 et
1809 1973 2071 2042 subjicia-

491 2093 604 2142 tur,
637 2088 803 2150 atque
831 2095 899 2133 ex
933 2079 1114 2148 seipsa
1165 2089 1320 2131 suam
1350 2073 1514 2128 etiam
1567 2082 1789 2139 operam
1833 2064 1900 2119 ad
1934 2063 2073 2118 tales

496 2174 751 2241 impetus,
798 2169 962 2225 veluti
1025 2167 1252 2222 domino
1311 2163 1531 2218 cuidam
1590 2157 1879 2231 tyrannico
1939 2169 2073 2209 con-

494 2264 699 2320 ducat?
734 2262 886 2316 llanc
925 2260 1093 2331 igitur
1141 2258 1248 2312 vim
1286 2254 1646 2325 multiplicem
1696 2258 1751 2305 et
1805 2245 2077 2301 multifor-

497 2371 641 2412 mem
671 2369 858 2409 eorum
894 2367 1016 2422 quae
1068 2351 1123 2405 in
1169 2349 1353 2402 animo
1394 2344 1799 2414 intelliguntur,
1847 2337 1973 2409 quis
2011 2351 2077 2391 ex

502 2446 788 2517 Scriptura
838 2442 1106 2497 divinitus
1147 2438 1414 2507 inspirata
1465 2449 1570 2490 nos
1619 2430 1846 2488 docuit?
1882 2428 2077 2483 Utrum

497 2554 666 2592 unum
704 2535 965 2606 quiddam
1016 2540 1108 2587 est
1152 2546 1217 2585 ex
1273 2527 1534 2583 omnibus
1572 2526 2077 2590 contemperatum,

501 2640 555 2684 et
591 2645 713 2699 quae
742 2626 1142 2682 contrariorum
1186 2624 1331 2677 inter
1366 2636 1425 2676 se
1460 2614 1791 2687 temperatio
1831 2621 1887 2665 et
1948 2625 2082 2664 con-

514 2719 763 2791 spiratio,
800 2729 859 2774 ut
892 2716 1039 2790 quod
1070 2732 1237 2771 unum
1268 2721 1375 2776 est,
1399 2712 1565 2766 multa
1607 2706 1725 2763 sit?
1752 2704 1860 2760 Sed
1886 2702 2082 2756 borum

502 2816 744 2885 quidque
776 2813 1070 2882 separatim
1103 2810 1465 2870 intellectum,
1492 2805 1640 2860 velut
1668 2802 1725 2856 in
1753 2798 1937 2870 amplo
1955 2812 2086 2851 vase

504 2906 712 2973 aliquo.
765 2917 963 2973 nempe
998 2902 1181 2954 anima
1224 2899 1495 2953 inclusum
1534 2894 1658 2949 est?
1690 2891 1759 2946 Et
1805 2886 2086 2961 quomodo

504 2994 751 3046 omnium
787 2991 869 3046 sic
915 2988 1352 3045 incumbentium
1388 2999 1613 3044 sensum
1650 2998 1762 3037 non
1792 2979 2085 3039 habemus,

505 3081 844 3139 ennlidentes
884 3078 1049 3135 simul
1088 3085 1141 3131 et
1169 3075 1551 3137 formidantes,
1588 3070 1715 3126 odio
1747 3068 2011 3123 habentes
2036 3074 2089 3120 et

2150 605 2397 677 ἀοράτων
2428 603 2521 655 καὶ
2563 600 2696 672 πρὸς
2726 598 2792 652 τὰ
2822 597 2983 651 ύλικά
3023 595 3171 666 πάοη
3214 592 3610 647 κατολισοαίνει
3652 588 3736 657 τῷ

2154 695 2311 767 βάρει
2335 693 2426 747 τοῦ
2460 691 2709 764 σώματος
2730 688 3131 759 καθελκομένη,
3156 685 3325 756 θυμόν
3347 701 3408 737 τε
3430 682 3524 737 καὶ
3546 679 3741 751 φόϐον,

2152 784 2328 854 λύπην
2353 800 2413 836 τε
2434 782 2527 835 καὶ
2546 778 2759 851 ἡδονὴν,
2786 778 2935 831 ἔλεον
2966 776 3061 830 καὶ
3094 776 3383 846 ἀπήνειαν,
3410 771 3597 825 ἐλπίδα
3638 769 3733 821 καὶ

2158 878 2397 947 μνήμην,
2429 873 2630 928 δειλίαν
2674 871 2767 925 καὶ
2799 870 3030 942 Θράσος,
3061 869 3244 937 φιλίαν
3287 866 3383 920 καὶ
3415 867 3568 936 μῖσος
3592 906 3606 929 ,
3640 860 3743 916 καὶ

2157 969 2334 1021 πάντα
2363 967 2432 1020 τὰ
2466 965 2607 1019 κατὰ
2636 965 2696 1018 τὸ
2723 963 2964 1017 ἐναντίον
2993 963 3116 1024 ταῖς
3136 960 3399 1029 δυνάμεσι
3429 956 3530 1027 τῆς
3558 955 3740 1025 ψυχῆς

2157 1059 2551 1129 ἐνεργούμενα;
2577 1058 2672 1119 Τίς
2716 1058 2825 1127 ἄρα
2850 1055 3191 1123 κατανοήσας
3225 1053 3331 1105 οὐκ
3351 1049 3632 1117 ἐλογίσατο
3663 1049 3739 1119 μή

2157 1169 2280 1204 τινα
2308 1151 2480 1221 δῆμον
2507 1148 2693 1219 ψυχῶν
2736 1151 2793 1201 ἐν
2837 1146 3015 1216 ἐαυτῴ
3043 1143 3567 1215 συγκεκροτημένων
3591 1140 3700 1209 ἔχοι
3719 1180 3735 1205 ,

2161 1243 2418 1312 πάμπολυ
2465 1240 2575 1294 τῶν
2635 1242 2937 1312 εἰρημένων
2994 1238 3225 1291 ἑκάστου
3278 1236 3413 1307 πρὸς
3462 1234 3533 1287 τὰ
3575 1232 3745 1286 λοιπὰ.

2159 1336 2535 1406 διαφέροντος;
2565 1334 2676 1388 Καὶ
2708 1332 2844 1387 καθὸ
2888 1331 2955 1385 ἂν
2999 1326 3267 1400 ἐπικρατῇ
3297 1327 3397 1398 τὴν
3433 1327 3574 1381 κατὰ
3604 1326 3741 1379 πάνυ

2162 1446 2271 1482 των
2310 1428 2524 1497 ἔχοντος
2557 1426 2896 1487 δυναστείαν,
2945 1424 3019 1486 ὠς
3050 1424 3142 1475 καὶ
3171 1421 3303 1475 αὐτὸ
3339 1421 3400 1474 τὸ
3436 1419 3743 1487 λογιστικδν

2162 1522 2282 1581 ταῖς
2312 1518 2703 1589 ὲπικρατήσεσι
2735 1515 2842 1568 τῶν
2893 1514 3151 1568 τοιούτων
3194 1511 3511 1583 κινημάτων
3551 1507 3747 1563 ὑποπὲ-

2165 1627 2319 1664 πτειν
2351 1610 2445 1662 καὶ
2470 1606 2870 1662 ὑποτάσσεσθαι
2894 1623 2908 1637 ⁸
2939 1607 3032 1660 καὶ
3049 1606 3148 1676 τὴν
3178 1605 3306 1675 παρ’
3337 1602 3528 1657 ἐαυτοῦ
3558 1619 3749 1670 συνερ-

2166 1704 2290 1771 γίαν
2326 1701 2463 1772 πρὸς
2485 1698 2584 1763 τὰς
2611 1698 2864 1761 τοιαύτας
2899 1697 3077 1769 ὁρμὰς
3126 1690 3236 1750 οἷον
3267 1695 3504 1765 δεσπότῃ
3532 1695 3635 1747 τινὶ
3664 1710 3752 1745 τυ-

2172 1792 2437 1866 ραννικῶς
2469 1789 2876 1860 συνεισφέρεινς
2916 1789 2990 1843 Τὸ
3030 1784 3122 1842 οὖν
3168 1785 3486 1857 πολυμερὲς
3520 1786 3613 1839 καὶ
3652 1801 3752 1836 πο-

2124 1878 2142 1911 ³
2177 1885 2383 1949 λυειδὲς
2419 1884 2578 1937 τοῦτο
2608 1884 2716 1937 τῶν
2752 1882 2895 1937 κατά
2927 1881 3106 1953 ψυχὴν
3136 1882 3462 1951 νοουμένων,
3495 1879 3578 1942 τίς
3614 1878 3644 1929 ὁ
3673 1878 3751 1929 δι-

2176 1976 2339 2040 δάξας
2386 1976 2534 2046 ἡμᾶς
2593 1976 2657 2028 ἐκ
2705 1974 2806 2043 τῆς
2868 1971 3230 2027 Θεοπνεύστου
3287 1970 3510 2043 Γραφῆς
3553 1968 3747 2037 λόγοςς

2179 2069 2414 2139 Πότερον
2442 2066 2500 2119 ἐν
2524 2066 2577 2119 τί
2607 2066 2756 2119 ἐστιν
2778 2064 2836 2132 ἐξ
2859 2065 3116 2118 ἁπάντων
3137 2062 3589 2135 συγκεκραμένον
3606 2078 3625 2126 ;'
3642 2061 3755 2115 Καὶ

2177 2160 2262 2221 τίς
2282 2160 2315 2229 ἡ
2337 2157 2446 2211 τῶν
2470 2156 2728 2210 ἐναντίων
2749 2155 2887 2226 πρὸς
2905 2154 3110 2225 ἄλληλα
3132 2154 3325 2226 κρᾶσις
3341 2154 3437 2207 καὶ
3460 2152 3754 2223 σύμπνοια,

2178 2251 2253 2314 ὡς
2304 2250 2361 2303 ἓν
2402 2250 2632 2321 πρᾶγμα
2676 2248 2746 2301 τὰ
2789 2247 2958 2301 πολλά
3000 2246 3296 2315 γενέσθαι;
3356 2244 3506 2298 Ἀλλν
3528 2245 3756 2299 ἕκαστον

2179 2341 2384 2395 τούτων
2422 2333 2539 2394 κατ⁴
2574 2340 2710 2393 ἰδίαν
2738 2340 3027 2410 νοούμενον
3059 2333 3174 2392 οἷον
3212 2339 3272 2391 ἐν
3315 2334 3618 2408 πολυχώρῳ
3651 2335 3762 2389 τινὶ

2182 2432 2389 2502 ἀγγείῳ
2433 2434 2499 2501 τῇ
2536 2431 2681 2501 ψυχῇ
2721 2428 3217 2493 κατακέκλεισται;
3254 2430 3363 2482 Καὶ
3394 2428 3510 2491 πῶς
3537 2428 3636 2480 οὐκ
3668 2427 3756 2479 ἀεὶ

2184 2523 2399 2575 πάντων
2442 2521 2517 2583 ὡς
2566 2520 2901 2591 ἐγκειμένων
2938 2520 3037 2591 τὴν
3079 2519 3333 2590 αἴσθησιν
3371 2519 3585 2590 ἔχομεν,
3631 2517 3761 2587 Θαρο

2186 2613 2405 2684 ροὖντες
2450 2612 2567 2682 ἅμα
2602 2613 2695 2665 καὶ
2735 2610 3147 2683 δειλαινόμενοι,
3197 2609 3481 2682 μισοῦντές
3524 2626 3585 2661 τε
3630 2607 3753 2661 κατ’

2185 2706 2348 2759 αὐτὸν
2383 2706 2477 2759 καὶ
2524 2706 2795 2776 ἡδόμενοι,
2832 2707 2926 2759 καὶ
2961 2704 3069 2759 τῶν
3115 2704 3289 2759 ἄλλων
3320 2704 3537 2757 πάντων
3567 2717 3761 2769 συγκε-

2187 2798 2426 2868 χυμένην
2456 2798 2551 2849 καὶ
2577 2795 3032 2867 ἀναμεμιγμένην
3064 2794 3208 2849 ἔνδον
3240 2794 3341 2865 τὴν
3367 2795 3580 2864 κίνησιν
3615 2792 3762 2861 ἕχον-

2186 2907 2278 2951 τες
2304 2902 2317 2916 ⁶
2353 2888 2466 2942 ἀλλ’
2505 2888 2609 2942 ἀνὰ
2663 2887 2827 2959 μέρος
2876 2886 3055 2942 αὐτῶν
3092 2887 3189 2957 τὴν
3222 2885 3541 2939 δυναστείαν
3580 2887 3759 2951 ἐπιγο-

2189 2980 2491 3051 νώσκομεν,
2522 2982 2649 3035 ὅταν
2683 2981 3031 3051 ἐπικρατήσῃ
3074 2996 3126 3032 τι
3150 2978 3353 3031 τούτων
3384 2976 3765 3049 ἡσυχαζόντων

2188 3074 2296 3127 τῶν
2317 3073 2517 3143 ἄλλων;
2565 3072 2657 3137 Τίς
2689 3072 2746 3125 δὲ
2776 3072 2911 3136 ὅλως
2941 3074 3036 3126 καὶ
3067 3073 3106 3143 ἡ
3136 3070 3381 3134 σύνθεσις
3411 3071 3502 3123 καὶ
3528 3071 3560 3140 ἡ
3585 3067 3765 3122 διάθε-

511 3172 823 3244 diligcntes,
871 3169 1121 3224 dolentes
1149 3176 1205 3223 et
1247 3165 1572 3237 gaudentes,
1605 3168 1660 3216 et
1695 3158 1930 3213 aliorum
1971 3170 2083 3209 om-

2193 3183 2277 3228 σις
2304 3164 2440 3236 αὕτη
2463 3204 2478 3227 ,
2522 3165 2614 3217 καὶ
2658 3163 2953 3228 πολύκενος
2980 3165 3039 3217 ἐν
3067 3164 3202 3234 ἡμῖν
3244 3161 3551 3235 εὐρυχωρία
3578 3200 3593 3222 ,
3628 3160 3769 3213 ὥστε

509 3266 661 3323 nium
692 3262 983 3318 confusum
1021 3268 1075 3314 et
1105 3261 1425 3328 permistum
1456 3255 1605 3309 intus
1637 3258 1845 3305 motum
1877 3246 2091 3301 haben-

512 3369 616 3417 tes.
649 3357 742 3413 sed
779 3353 1150 3426 particulatim
1186 3351 1431 3421 ipsorum
1470 3344 1767 3418 potentiam
1800 3340 2093 3410 cognosci-

520 3467 661 3512 mus,
691 3466 817 3505 cum
855 3445 1060 3516 aliquid
1091 3445 1307 3506 borum,
1339 3439 1464 3494 aliis
1485 3433 1922 3509 quiescentibus,
1954 3446 2095 3502 prae-

512 3543 652 3600 valet
703 3549 758 3597 et
806 3537 1129 3607 exsuperat?
1179 3532 1440 3600 Quaenam
1499 3530 1720 3602 penitus
1765 3525 2097 3596 compositio

517 3634 633 3689 [nec
669 3638 724 3686 et
758 3627 1071 3699 dispositio,
1116 3632 1281 3694 atque
1329 3622 1559 3678 multum
1609 3617 1792 3674 inanis
1835 3617 1891 3671 in
1936 3616 2095 3670 nobis

517 3724 759 3793 spatiosa
786 3718 1084 3791 capacitas,
1118 3716 1191 3771 ita
1224 3722 1284 3769 ut
1313 3714 1510 3784 cuique
1541 3711 1799 3783 proprius
1832 3709 1985 3763 locus
2024 3707 2098 3761 sit

519 3816 859 3885 assignatus,
892 3812 1042 3867 velut
1074 3805 1404 3881 quibusdam
1445 3804 1643 3859 mediis
1685 3810 1741 3858 et
1787 3799 2098 3870 interiectis

519 3904 839 3976 sepimeutis
879 3901 1160 3974 prohibito
1206 3897 1338 3953 ferri
1374 3894 1443 3948 ad
1485 3892 1651 3947 vicini
1702 3889 2097 3946 commercium

517 4009 577 4060 et
603 3994 1084 4057 commistionem?
1113 3991 1229 4047 Hoc
1274 3989 1439 4046 etiam
1476 3987 1656 4057 ipsum
1701 3983 1747 4040 si
1780 3998 1879 4054 per
1908 3996 2098 4037 essen-

519 4093 653 4146 tiam
690 4091 771 4144 ira
802 4085 1077 4152 subsistit,
1112 4083 1199 4139 vel
1227 4088 1430 4145 metus,
1451 4077 1535 4132 vel
1566 4076 1774 4145 reliqua
1801 4088 1923 4144 quae
1952 4071 2100 4126 dicta

521 4178 683 4250 sunt,
708 4182 792 4236 vel
814 4192 1063 4251 quamam
1090 4175 1366 4232 motiones
1391 4186 1498 4226 non
1526 4168 1893 4224 subsistentes
1923 4165 2100 4221 exsis-

521 4285 665 4341 tunt,
706 4275 832 4344 quis
887 4285 1068 4329 sermo
1116 4261 1527 4337 explanaverit?
1581 4258 1637 4313 Si
1690 4257 1837 4312 enim
1888 4270 1984 4325 per
2040 4269 2101 4309 se

523 4369 856 4428 subsistunt,
893 4379 1002 4418 non
1031 4376 1142 4415 una
1173 4365 1259 4413 est
1314 4354 1518 4416 anima,
1553 4351 1698 4406 sicut
1739 4348 1946 4403 dictum
1994 4355 2102 4411 est,

524 4462 619 4521 scd
662 4458 909 4527 quadam
961 4452 1270 4508 animarum
1326 4446 1384 4500 in
1420 4444 1581 4499 nobis
1632 4440 1803 4496 coitio
1849 4453 2100 4508 compre-

2192 3257 2406 3327 ἑκάστῳ
2436 3257 2534 3327 τὴν
2563 3257 2699 3310 ἰδίαν
2728 3254 2918 3327 χώραν
2944 3254 3339 3325 ἀποταχθῆναι,
3371 3251 3481 3306 οἷον
3520 3267 3629 3304 τισι
3668 3250 3769 3320 μὲ-

2199 3365 2308 3412 σοις
2332 3349 2425 3402 καὶ
2452 3347 2856 3418 διατειχίσμασι
2878 3345 3205 3419 κωλυομένῳ
3230 3344 3365 3416 πρὸς
3380 3342 3477 3414 τὴν
3492 3340 3774 3411 ἐπιμιξίαν

2193 3439 2288 3492 τού
2319 3439 2559 3510 γείτονος
2585 3457 2599 3503 ;
2629 3438 2853 3494 Αὐτὸ,δέ
2884 3438 3062 3501 τοῦτο,
3091 3438 3141 3490 εἰ
3174 3437 3291 3490 κατ’
3326 3435 3517 3489 οὐσίαν
3538 3434 3774 3502 ὑφέστη-

2196 3547 2290 3584 κεν
2314 3531 2345 3583 ὁ
2385 3530 2585 3601 θυμὸς,
2614 3530 2646 3600 ἢ
2672 3531 2700 3581 ὁ
2724 3529 2905 3599 φόϐος,
2933 3530 2967 3600 ἢ
3008 3529 3103 3583 καὶ
3134 3529 3199 3583 τὰ
3224 3526 3387 3582 λοιπὰ
3417 3527 3527 3581 τῶν
3556 3524 3780 3597 εἰρημέ-

2196 3639 2321 3687 νων,
2356 3622 2389 3693 ﬁ
2419 3638 2563 3684 τινες
2600 3620 2964 3674 ἀνυπόστατοι
2988 3621 3227 3691 κινήσεις
3250 3618 3573 3691 τυγχάνουσι
3592 3660 3607 3684 ,
3637 3616 3721 3680 τίς
3744 3615 3779 3671 ὁ

2196 3713 2589 3785 διερμηνεύσας
2634 3712 2824 3779 λόγος;
2861 3712 2924 3764 Εἰ
2969 3712 3068 3782 μὲν
3105 3712 3213 3782 γὰρ
3264 3711 3658 3781 ύφεστήκασιν,
3711 3706 3783 3761 οὔ

2201 3798 2298 3867 μία
2355 3798 2535 3869 ψυχὴ,
2588 3798 2771 3862 καθὼς
2833 3798 3047 3869 εἴρηται
3067 3838 3090 3860 ι,
3134 3798 3271 3851 ἀλλά
3317 3814 3370 3850 τι
3420 3797 3776 3866 συγκρότημα

2198 3889 2382 3961 ψυχῶν
2418 3893 2475 3943 ὲν
2518 3892 2648 3961 ἡμῖν
2694 3889 3117 3963 περιείληπται,
3165 3886 3397 3941 ἑκάστου
3445 3886 3651 3939 τούτων
3696 3887 3778 3947 είς

2202 3981 2504 4045 ἰδιάζουσαν
2542 3983 2636 4035 καὶ
2667 3980 3186 4052 περιγεγραμμένην
3212 3978 3389 4050 ψυχὴν
3418 3976 3782 4046 ἀποκεκριμέέ

2200 4090 2312 4128 νου.
2365 4072 2430 4126 Et
2481 4073 2541 4127 δέ.
2578 4091 2700 4126 τινα
2753 4074 2972 4144 κίνησιν
3001 4072 3369 4126 ἀνυπόστατον
3417 4068 3624 4124 δίεσθαι
3670 4068 3780 4140 χρὴ

2200 4165 2373 4218 ταῦτα
2394 4159 2555 4230 εἶναι,
2587 4164 2702 4227 πῶς
2724 4166 3059 4236 κατακρατεῖ
3081 4164 3174 4218 καὶ
3191 4162 3507 4216 δυναστεύει
3536 4160 3693 4233 ἡμῶν
3718 4163 3782 4214 τὸ

2202 4257 2567 4330 ἀνύπαρκτον,
2608 4257 2864 4329 καθάπερ
2898 4257 2961 4311 ἐκ
3003 4257 3312 4328 τυραννίδος
3341 4257 3489 4326 ἡμᾶς
3515 4254 3783 4309 δουλωσά-

2206 4365 2387 4418 μενον,
2434 4349 2627 4418 ὅτιπερ
2656 4347 2721 4401 ἂν
2766 4347 2970 4401 τούτων
3008 4346 3434 4417 κατακρατῆσαν
3460 4342 3632 4416 τύχῃ;
3666 4341 3777 4396 Καὶ

2204 4440 2251 4491 εἰ
2272 4438 2457 4509 νοητόν
2482 4437 2531 4490 τί
2549 4439 2693 4489 ἐστιν
2722 4439 2754 4506 ἡ
2780 4436 2947 4506 ψυχὴ,
2976 4437 3093 4499 πῶς
3120 4438 3177 4489 ἐν
3203 4436 3279 4505 τῷ
3301 4435 3475 4506 νοητῷ
3501 4434 3782 4504 θεωρεῖται

522 4557 693 4609 hensa
734 4558 842 4612 est,
887 4561 1012 4603 cum
1048 4545 1247 4600 borum
1297 4538 1539 4611 quidque
1569 4535 1621 4590 in
1663 4532 2015 4605 peculiarem,
2047 4545 2077 4584 e

2209 4528 2269 4581 τὸ
2303 4527 2607 4599 πλυμερές
2648 4544 2703 4580 τε
2746 4528 2840 4581 καὶ
2882 4527 3153 4591 σύνθετον,
3198 4528 3344 4591 ἰδίως
3380 4527 3480 4597 τῆς
3518 4529 3778 4597 τοιαύτης

523 4639 997 4706 circumscriptam
1050 4635 1288 4694 animam
1328 4635 1599 4684 secretum
1648 4626 1723 4681 sit
1776 4639 1840 4677 ac
1870 4622 2109 4674 distinc-

526 4743 663 4791 tum,
706 4729 862 4800 Quod
895 4729 941 4783 si
984 4723 1279 4796 quamdam
1319 4719 1617 4775 motionem
1647 4730 1768 4786 quae
1808 4712 2112 4769 subsistere

529 4832 789 4895 nequeat,
832 4822 949 4877 haec
997 4833 1099 4873 nos
1134 4824 1326 4886 putare
1360 4819 1613 4881 oportet;
1644 4805 1919 4878 quomodo
1966 4804 2111 4875 quod

531 4932 639 4971 non
675 4910 1047 4970 essentialiter
1080 4906 1333 4969 exsistit,
1364 4903 1531 4957 nobis
1560 4900 1871 4955 dominatur
1914 4907 1971 4951 ct
2007 4898 2111 4951 im-

533 5016 708 5079 perat,
750 5015 1009 5074 tanquam
1056 5016 1121 5057 ex
1176 4995 1465 5069 tyrannide
1516 5008 1620 5048 nos
1668 4993 1729 5051 in,
1782 4990 2103 5046 servitutem

464 5088 467 5091 ’
533 5100 779 5162 trahens,
830 5094 1200 5166 quodcunque
1259 5088 1455 5142 borum
1508 5082 1890 5155 praevaluerit?
1940 5080 2006 5134 Et
2059 5081 2108 5136 si

535 5192 716 5246 anima
746 5186 879 5257 quid
921 5192 1007 5241 est
1047 5180 1194 5253 quod
1230 5187 1412 5233 mente
1444 5175 1799 5245 percipiatur,
1831 5171 2108 5245 quomodo

537 5284 591 5335 in
625 5277 991 5349 intelligibili,‘
1017 5272 1162 5344 quod
1192 5269 1383 5328 multis
1412 5264 1707 5321 conﬂatum
1744 5273 1827 5320 est
1858 5263 2108 5332 partibus

537 5379 592 5425 et
612 5368 1007 5439 compositum,
1029 5368 1211 5432 potest
1243 5355 1610 5419 considerari,
1641 5369 1766 5408 cum
1797 5353 1922 5413 talis
1954 5353 2108 5407 notio

2206 4618 2410 4681 ἐννοίας
2443 4619 2594 4688 παρὰ
2641 4616 2738 4682 τὰς
2771 4617 3086 4688 σωματικὰς
3117 4616 3319 4681 ταύτας
3342 4618 3628 4688 ποιότητας
3656 4619 3786 4671 θεω-

2216 4710 2523 4782 ρουμένης;
2564 4711 2629 4763 Ἡ
2660 4710 2717 4764 δὲ
2748 4709 3014 4782 αὐξητικὴ
3043 4710 3270 4779 δύναμις
3296 4711 3395 4781 τῆς
3417 4710 3615 4782 ψυχῆς,
3651 4711 3687 4780 ἤ
3719 4726 3783 4762 τε

2207 4802 2499 4875 όρεκτικὴ,
2555 4802 2648 4855 καὶ
2698 4800 2990 4873 θρεπτικὴ,
3028 4804 3123 4855 καὶ
3172 4802 3539 4873 ἀλλοιωτικὴ,
3589 4803 3682 4855 καὶ
3720 4803 3785 4855 τὸ

2211 4894 2387 4947 πάντα
2410 4894 2507 4964 μὲν
2531 4894 2600 4946 τὰ
2622 4893 2715 4947 τοῦ
2736 4893 2985 4964 σώματος
3010 4894 3323 4966 τρέφεσθαι,
3352 4894 3427 4964 μὴ
3456 4892 3543 4947 διὰ
3568 4893 3784 4946 πάντων

2210 4984 2268 5036 δὲ
2296 4984 2504 5056 διήκειν
2550 4984 2646 5055 τὴν
2694 4986 2975 5056 αἴσθησινο
3011 4986 3125 5040 ἀλλ’
3168 4985 3365 5056 ἐπίσης
3407 4986 3523 5047 τοῖς
3556 4983 3785 5053 ἀψύχοις

2212 5076 2331 5131 ἔνια
2362 5078 2471 5130 τῶν
2514 5078 2573 5129 ἐν
2616 5078 2751 5148 ἡμῖν
2774 5077 3023 5148 ἀμοιρεῖν
3068 5077 3170 5148 τῆς
3197 5077 3499 5147 αἰσθήσεως
3529 5115 3543 5135 ,
3583 5076 3788 5128 ὀστέων

2214 5172 2306 5225 καὶ
2335 5171 2593 5242 χόνδρων,
2627 5170 2834 5241 ὀνύχων
2867 5189 2927 5225 τε
2957 5172 3052 5226 καὶ
3076 5171 3300 5243 τριχῶν,
3324 5170 3417 5225 καὶ
3439 5169 3788 5241 τρεφομένων

2212 5263 2306 5315 καί⁹
2341 5263 2440 5315 οὐκ
2472 5261 2891 5333 αἰσθανομένων.

543 5465 753 5533 absque
784 5456 1065 5531 corporeis
1112 5454 1201 5509 his
1268 5449 1626 5522 qualitatibus
1665 5446 1883 5516 proprie
1927 5446 2167 5515 spectari
2205 5448 2442 5504 debeat?
2488 5448 2555 5503 Et
2586 5450 2794 5505 auctrix
2836 5447 3033 5502 anime
3072 5445 3335 5517 potentia,
3384 5452 3439 5501 et
3470 5442 3783 5514 appetitrin,

541 5567 597 5612 ct
626 5556 811 5620 altrix,
868 5560 923 5606 et
965 5547 1330 5609 immutati-ix,
1376 5550 1431 5598 et
1464 5541 1607 5613 quod
1659 5539 1841 5593 omnia
1893 5538 2113 5609 quidem
2153 5545 2402 5613 corporis
2432 5545 2674 5600 membra
2708 5542 3049 5605 nutriuntur,
3076 5555 3183 5593 non
3208 5550 3388 5593 tamen
3447 5551 3541 5606 per
3604 5534 3789 5589 omnia

545 5667 745 5715 sensus
782 5651 1066 5725 penetrat,
1099 5640 1192 5697 sed
1232 5655 1388 5715 aeque
1430 5652 1493 5691 ac
1539 5648 1661 5705 quae
1727 5640 1856 5691 sunt
1898 5632 2163 5697 inanima,
2218 5638 2481 5692 nonnulla
2526 5638 2582 5692 in
2624 5637 2786 5692 nobis
2824 5651 2990 5692 sensu
3040 5640 3252 5698 carent,
3299 5627 3607 5699 cuiusmodi
3660 5632 3795 5681 sum.

546 5761 696 5807 ossa,
726 5740 1094 5811 eartilagines,
1131 5751 1366 5808 ungues,
1395 5744 1448 5788 et
1476 5732 1591 5802 pili,
1622 5744 1742 5800 qua:
1769 5729 1991 5781 aluntur
2015 5742 2118 5783 nec
2151 5731 2413 5786 sentiunt.

618 5834 1066 5912 bentipcrlcctam
1119 5833 1287 5909 igitur
1336 5829 1531 5890 anima:
1563 5824 1968 5903 Operationem,
1996 5822 2120 5897 quis

2297 5832 2405 5906 Τὴν
2429 5832 2520 5890 οὖν
2540 5829 2767 5905 ἡμιτελῆ
2796 5828 2896 5901 τῆς
2923 5826 3101 5899 ψυχῆς
3128 5823 3220 5877 ἐπὶ
3248 5818 3447 5875 τούτων
3511 5816 3803 5889 ἐνέργειαν,
