4142 6374
410 369 521 425 949

1542 364 1818 421 CONTRA
1859 359 2249 433 EUNOMIUM,
2291 366 2422 422 LIB.
2465 367 2579 423 XII.

3577 370 3683 431 νει»

416 480 504 543 1ιιίς
537 482 566 534 6
596 483 964 553 κατανοήσας,
992 481 1111 536 εἰπέ
1142 499 1265 553 μοι;
1293 482 1404 537 Καὶ
1441 482 1493 534 τί
1527 483 1655 551 περὶ
1684 481 1781 550 τῆς
1824 481 1998 551 ψυχῆς

2108 490 2193 536 est
2225 481 2317 536 ille
2346 482 2440 551 qui
2484 485 2654 551 novit,
2688 483 2776 538 dic
2818 484 2989 539 mihi?
3017 483 3080 537 Et
3112 483 3243 553 quid
3274 483 3342 539 de
3372 482 3555 538 anima
3604 490 3683 543 lo-

419 570 563 640 λέγω
578 590 592 638 ;
625 574 763 627 Ἀλλ’
786 575 903 628 οὐδὲ
917 578 1016 647 τῆς
1032 576 1229 646 σαρκὸς
1242 575 1411 644 αὐτῆς
1430 576 1529 637 τὰς
1547 572 1863 644 σωματικὰς
1879 574 2002 627 ἀνα-

417 662 531 716 δεδε
540 683 592 734 ιγ
599 667 759 735 μένον
775 668 1061 738 ποιότητας
1074 670 1293 739 ὲναργεῖ
1305 685 1408 721 τινι
1420 667 1718 737 καταλήψει
1735 666 1895 737 μέχρι
1906 664 2000 719 τοῦ

420 754 582 827 δεῦρο
614 758 741 830 τεθή
750 777 930 831 ραται.
971 760 1095 813 Ἐὰν
1111 760 1219 831 γάρ
1246 778 1330 824 τις
1344 760 1423 830 τῷ
1439 760 1582 829 λόγῳ
1596 759 1657 811 τὸ
1680 758 2001 829 φαινόμενον

420 849 502 911 είς
520 848 587 901 τά
604 848 661 915 ἐξ
677 842 751 903 ὧν
770 851 1053 919 σύγκειται
1069 851 1318 923 διαλύσῃ,
1342 854 1438 905 καὶ
1451 851 1693 921 ψιλώσας
1719 852 1825 903 τῶν
1849 867 2023 921 ποιο-⁸

420 943 596 1011 τήτων
613 944 697 1012 ἐφ’
714 942 908 998 ἑαυτοῦ
925 945 1261 1015 κατανοῆσαι
1278 944 1629 1019 φιλονεικήσῃ
1638 946 1698 998 τὸ
1715 944 2002 1013 ὑποκείμε-

421 1050 530 1091 νον,
549 1033 599 1085 τί
616 1034 1089 1106 καταληφθήσεται
1102 1039 1166 1107 τῇ
1186 1036 1389 1108 θεωρίᾳ
1403 1037 1463 1089 οὐ
1478 1036 1879 1106 συνορῶ.”οταν
1892 1035 2000 1105 γὰρ

416 1123 596 1196 ἀφέλῃ
630 1124 721 1177 τοῦ
744 1125 992 1196 σώματος
1016 1127 1075 1180 τὸ
1099 1128 1320 1198 χρῶμα,
1338 1128 1398 1181 τὸ
1425 1129 1632 1199 σχῆμα,
1658 1128 1757 1198 τὴν
1780 1128 2000 1181 ἀντιτυ-

419 1214 570 1280 πίαν,
605 1216 666 1268 τὸ
690 1216 874 1288 βάρος.
900 1220 998 1290 τὴν
1024 1219 1377 1291 πηλικότητά¹
1408 1219 1505 1290 τὴν
1524 1222 1617 1274 ἐπὶ
1635 1220 1800 1273 τόπου
1828 1218 1997 1286 θέσιν,

417 1308 518 1377 τὴν
534 1306 875 1382 κίνησιν,τὴν
892 1311 1202 1382 παθητικήν
1212 1329 1271 1364 τε
1291 1313 1383 1365 καὶ
1394 1310 1773 1382 ὲνεργητικὴν.
1792 1310 2004 1381 τὸπρός

418 1400 471 1452 τί
524 1418 640 1463 πως
685 1401 861 1472 ἔχειν’
896 1396 971 1457 ὧν
1008 1404 1236 1457 ἕκαστον
1281 1404 1434 1458 οὐδὲν
1486 1406 1572 1471 ἐφ’
1604 1402 1796 1456 ἑαυτοῦ
1839 1402 2000 1472 σῶμά

421 1492 559 1557 ἐστι,
604 1493 733 1562 περὶ
766 1494 904 1547 δὲτὸ
938 1495 1099 1565 σῶμα
1143 1496 1209 1548 τὰ
1250 1495 1448 1559 πάντα,
1481 1495 1533 1547 τί
1578 1494 1763 1547 λοιπὸν
1790 1494 1940 1548 ἔσται
1969 1494 1999 1546 ὃ

420 1578 510 1630 τὸν
549 1578 642 1631 τοῦ
692 1579 942 1650 σώματος
990 1582 1204 1653 δέχεται
1236 1584 1438 1651 λόγον;
1480 1584 1618 1637 Οὔτε
1664 1585 1734 1637 δι’
1782 1584 1997 1637 ἑαυτῶν

420 1669 653 1724 συνιδεῖν
709 1658 943 1741 ἔχομεν,
1010 1672 1133 1727 οὕτε
1182 1675 1333 1745 παρὰ
1392 1677 1491 1745 τῆς
1542 1676 1767 1745 Γραφῆς
1820 1692 1999 1745 μεμα-

420 1762 687 1832 θήκαμεν.
736 1764 794 1816 '0
832 1764 875 1816 δ’
900 1765 1090 1817 ἑαυτὸν
1120 1765 1352 1832 ἀγνοῶν,
1388 1765 1505 1828 πῶς
1538 1764 1602 1818 ἄν
1625 1783 1677 1817 τι
1716 1765 1823 1819 τῶν
1858 1766 1997 1837 ὑπὲρ

2103 574 2280 643 quor?
2308 572 2414 627 Sed
2448 590 2627 643 neque
2650 576 2837 629 carnis
2855 575 3033 645 ipsius
3057 590 3359 646 corporeas
3385 577 3684 645 qualitates

2102 666 2511 721 demonstralas
2545 666 2786 721 evidenti
2815 668 2998 738 aliqua
3037 676 3092 723 et
3121 668 3271 722 clara
3317 670 3683 738 comprehen-

2102 759 2259 813 sione
2297 768 2529 814 venatus
2555 768 2661 815 est.
2696 760 2752 815 Si
2800 762 2945 815 enim
2977 761 3102 832 quis
3134 762 3369 825 ratione,
3409 761 3556 831 quod
3586 778 3685 826 ap-

2103 858 2260 920 paret
2309 849 2363 903 in
2396 864 2456 904 ea
2484 865 2554 905 ex
2590 851 2792 919 quibus
2838 852 3210 922 componitur,
3253 851 3588 915 dissolverit,
3627 859 3683 906 et

2101 942 2409 1011 subjectum
2428 943 2785 1012 qualitatibus
2813 944 3148 998 denudatum
3186 945 3240 998 in
3263 945 3446 1015 seipso
3481 960 3683 1015 cogno-

2099 1050 2263 1089 scere
2320 1034 2687 1100 contenderit,
2736 1035 2866 1105 quid
2900 1036 3000 1090 hac
3029 1037 3401 1106 speculatione
3429 1051 3681 1106 compre-

2101 1123 2360 1178 henderit
2391 1140 2501 1178 non
2547 1124 2723 1179 video.
2756 1125 2891 1179 Cum
2924 1127 3068 1179 enim
3104 1142 3132 1179 a
3165 1141 3398 1196 corpore
3432 1126 3678 1181 colorem

2103 1226 2159 1271 et
2206 1217 2435 1287 ﬁguram
2485 1217 2841 1282 abstraxerit,
2894 1219 3238 1287 gravitatem,
3290 1217 3678 1288 quantitatem,

2099 1310 2266 1365 situm
2308 1310 2362 1362 in
2398 1309 2539 1371 loco,
2580 1318 2787 1364 motum
2827 1310 3105 1379 passivum
3148 1320 3202 1365 et
3232 1311 3494 1374 activum,
3533 1310 3679 1363 rela—

2096 1403 2301 1455 tionem
2350 1401 2415 1455 ad
2475 1402 2704 1471 aliquid,
2751 1418 2987 1473 quorum
3037 1402 3471 1472 unumquodque
3520 1418 3584 1458 ex
3619 1418 3681 1458 se

2095 1506 2299 1562 corpus
2330 1507 2435 1545 non
2466 1502 2570 1555 est,
2610 1493 2722 1547 haec
2745 1502 2927 1548 tamen
2954 1494 3137 1547 omnia
3174 1493 3227 1546 in
3264 1508 3495 1562 corpore
3519 1508 3678 1563 spec-

2096 1588 2304 1644 tantur,
2336 1580 2468 1651 quid
2502 1582 2772 1651 reliquum
2804 1584 2929 1647 erit,
2963 1581 3107 1651 quod
3133 1583 3380 1653 corporis
3412 1582 3676 1636 rationem

2098 1672 2351 1741 suscipit,
2384 1688 2559 1742 neque
2584 1688 2680 1741 per
2708 1689 2808 1727 nos
2839 1672 2991 1743 ipsos
3024 1673 3325 1743 intelligere
3358 1688 3677 1743 possumus,

2099 1779 2275 1832 neque
2301 1779 2368 1817 ex
2404 1764 2690 1833 Scriptura
2714 1764 3029 1819 didicimus.
3070 1764 3176 1832 Qui
3214 1771 3396 1818 autem
3434 1764 3675 1831 seipsum

420 1850 581 1903 αὑτὸν
610 1854 857 1924 ὲπιγνοίη
880 1870 894 1919 ;
927 1856 1038 1907 Kal.
1064 1857 1091 1909 6
1120 1858 1186 1926 τῇ
1212 1856 1339 1926 περὶ
1365 1856 1533 1910 αὐτοῦ
1567 1857 1761 1928 ἀγνοίᾳ
1785 1835 1998 1928 προσει-

2103 1856 2340 1926 ignorat,
2399 1857 2675 1926 quomodo
2727 1857 3027 1927 quidquam
3090 1872 3280 1911 eorum
3345 1872 3465 1924 qua:
3512 1872 3676 1924 supra

419 1942 673 2013 θισμένος
694 1984 709 2007 ,
740 1941 849 2014 ἆρα
902 1947 1023 2017 οὐχὶ
1066 1949 1315 2019 φανερῶς
1349 1949 1417 2002 δι’
1446 1950 1610 2004 αὐτοῦ
1636 1952 1826 2003 τούτου
1856 1950 2001 2003 διδά-

420 2051 611 2088 σκεται
631 2037 764 2107 πρὸς
798 2038 962 2107 μηδὲν
984 2040 1091 2093 τῶν
1121 2040 1316 2105 ἔξωθεν
1342 2044 1844 2114 ἁποκεκρυμμένων
1861 2042 2000 2110 ξενί-

418 2129 608 2193 ζεσθαι
632 2147 645 2193 ;
668 2130 765 2183 Διὰ
790 2131 949 2184 τοῦτο
972 2134 1067 2185 καὶ
1094 2134 1162 2185 τὰ
1182 2133 1275 2186 τοῦ
1300 2134 1505 2204 κόσμου
1530 2138 1784 2206 στοιχεῖα,
1809 2138 1874 2206 τῇ
1902 2136 1999 2206 μὲν

417 2221 667 2291 αἰσθήσει
706 2221 958 2276 τοσοῦτον
994 2226 1356 2295 γινώσκομεν,
1388 2226 1512 2278 ὅσον
1542 2226 1602 2278 τὸ
1643 2226 1734 2295 ἀφ’
1759 2226 1998 2279 ἑκάστου

419 2314 692 2381 χρήσιμον
726 2312 863 2381 πρὸς
900 2310 998 2382 τὴν
1028 2313 1171 2383 ζωὴν
1196 2313 1351 2384 ήμῶν
1382 2314 1651 2383 δέχεσθαι.
1684 2314 1787 2366 Τὸν
1812 2313 1867 2366 δὲ
1901 2314 2001 2384 τῆς

416 2401 603 2464 οὐσίας
637 2402 815 2455 αὐτῶν
848 2403 1036 2471 λόγον,
1068 2403 1191 2455 οὔτε
1231 2404 1528 2474 ἐμάθομεν,
1560 2403 1682 2457 οὔτε
1708 2404 1768 2456 τὸ
1804 2404 1878 2475 μὴ
1918 2406 1997 2457 εί-

414 2491 564 2545 δέναι
590 2493 793 2562 ζημίαν
824 2494 1143 2565 ποιούμεθα.
1176 2496 1241 2548 Τί
1269 2496 1379 2566 γάρ
1410 2514 1498 2566 μοι
1526 2496 1999 2567 πολυπραγμονεῖν

417 2586 513 2640 τοῦ
542 2588 711 2657 πυρὸς
727 2588 825 2658 τὴν
850 2587 1032 2656 φύσιν,
1058 2588 1173 2651 πῶς
1195 2589 1525 2658 ἐκτρίϐεται,
1548 2588 1665 2652 πῶς
1685 2590 1996 2656 ἐξάπτεται,

418 2676 538 2743 πῶς
574 2682 674 2749 τῆς
718 2679 1127 2751 παρακειμένης
1164 2680 1531 2751 δρασσόμενον
1559 2680 1725 2745 ὕλης,
1756 2681 1816 2733 οὐ
1865 2682 1998 2752 πρό-

419 2787 577 2843 τερον
613 2773 921 2841 ἀποχωρεῖ,
952 2772 1080 2842 πρὶν
1112 2773 1397 2841 διαφαγεῖν
1435 2773 1530 2826 καὶ
1570 2772 1908 2837 ἐξαναλῶσαι
1937 2773 1998 2826 τὸ

418 2863 818 2933 ὑποκείμενονς
851 2863 969 2926 πῶς
996 2863 1246 2917 λανθάνει
1292 2866 1320 2916 6
1356 2864 1588 2934 σπινθὴρ
1630 2864 1706 2935 τῷ
1748 2864 1879 2935 λίθῳ
1908 2867 1999 2934 ἐγ-

419 2953 667 3025 κείμενος
691 2972 705 3013 ;
736 2954 860 3018 Πῶς
883 2955 1088 3026 ψυχρὸς
1104 2956 1179 3007 ὢν
1206 2958 1316 3018 τοῖς
1346 2956 1670 3027 ἁπτομένοις
1694 2959 1721 3009 6
1759 2956 1994 3027 σίδηρος,

418 3044 689 3115 ἁπογεννᾷ
726 3045 823 3115 τὴν
856 3046 1061 3115 φλόγας
1092 3046 1215 3109 [Ιῶς
1246 3047 1539 3118 τριϐόμενα
1563 3048 1697 3118 πρὸς
1736 3049 1904 3101 ἑαυτά
1930 3050 1997 3103 τὰ

2102 1956 2231 2001 sunt
2288 1947 2465 2017 ipsum
2519 1948 2851 2018 cognoscat?
2898 1947 2998 2013 Qui
3056 1963 3187 2002 vero
3235 1948 3558 2017 ignorantia:
3592 1948 3679 2003 sui

2101 2037 2278 2107 ipsius
2310 2048 2394 2094 est
2427 2040 2793 2101 assuefactus,
2827 2054 3007 2092 annon
3054 2055 3150 2108 per
3185 2039 3289 2093 hoc
3312 2041 3491 2108 ipsum
3515 2038 3681 2091 doce-

2102 2141 2212 2196 tur,
2245 2146 2305 2186 se
2356 2130 2423 2184 ad
2466 2130 2600 2183 nihil
2653 2146 2842 2185 eorum
2892 2146 3013 2199 quae
3047 2130 3389 2184 extrinsecus
3434 2136 3562 2184 sunt
3587 2145 3682 2184 oc-

2099 2224 2248 2279 culta
2297 2234 2352 2277 et
2394 2222 2581 2276 abdita
2626 2222 2897 2277 diversari
2939 2230 2993 2277 et
3030 2222 3336 2293 hospitari?
3384 2220 3679 2291 Propterea

2100 2324 2156 2369 et
2208 2313 2399 2367 mundi
2449 2314 2723 2369 elementa
2779 2329 2945 2368 sensu
2997 2314 3385 2383 cognoscimus
3441 2321 3676 2375 tantum,

2099 2414 2367 2476 quantum
2414 2422 2480 2462 ex
2517 2420 2849 2475 unoquoque
2901 2406 3329 2462 emolumentum
3381 2404 3448 2459 ad
3512 2404 3677 2459 vitam

2097 2508 2346 2551 nostram
2370 2498 2499 2552 licet
2529 2498 2829 2567 percipere.
2872 2496 3138 2553 Essentiae
3167 2513 3298 2552 vero
3321 2496 3566 2567 ipsorum
3598 2512 3680 2549 ra-

2101 2590 2326 2649 tionem,
2362 2604 2538 2658 neque
2569 2588 2883 2653 didicimus,
2930 2606 3106 2659 neque
3151 2590 3370 2644 nescire
3416 2588 3676 2643 damnum

2100 2681 2361 2736 facimus.
2392 2680 2533 2746 Quid
2561 2682 2707 2735 enim
2743 2681 2877 2735 mihi
2920 2682 3143 2751 prodest
3174 2681 3392 2735 curiose
3431 2691 3485 2733 et
3516 2679 3680 2733 anxie

2099 2774 2423 2845 perquirere
2486 2775 2628 2843 ignis
2683 2780 2957 2839 naturam,
3025 2772 3303 2843 quomodo
3343 2772 3677 2835 extenditur,

2098 2864 2373 2933 quomodo
2410 2863 2754 2927 accenditur,
2795 2863 3075 2933 quomodo
3117 2863 3355 2917 oblatam
3390 2861 3677 2916 materiam

2098 2953 2256 3007 avide
2285 2953 2524 3021 rapiens,
2554 2968 2662 3006 non
2694 2954 2847 3022 prius
2876 2953 3145 3019 abscedit,
3177 2968 3338 3022 quam
3369 2950 3516 3021 quod
3546 2952 3679 3006 sub-

2093 3045 2303 3113 jectum
2347 3054 2455 3111 est,
2506 3045 2823 3101 exhauserit
2869 3054 2924 3100 et
2957 3044 3363 3116 absumpserit?
3394 3043 3681 3109 Quomodo

417 3132 549 3197 ξύλα
589 3133 698 3204 πῦρ
744 3134 1106 3200 άνάπτουσιν;
1140 3135 1263 3197 Πῶς
1308 3135 1629 3203 ἀπαυγάζον
1665 3137 1724 3189 ἐν
1772 3137 1906 3209 ἡλίῳ
1936 3138 1996 3190 τὸ

2100 3137 2231 3191 latet
2266 3135 2321 3190 in
2366 3137 2519 3191 venis
2553 3137 2726 3191 silicis
2768 3130 3023 3191 abstrusa
3081 3136 3345 3200 scintilla,
3402 3132 3680 3204 quomodo

419 3227 563 3295 ὕδωρ
588 3226 761 3294 φλόγα
790 3228 932 3279 ποιεῖ
955 3242 969 3291 ;
998 3224 1109 3296 Τῆς
1136 3243 1195 3279 τε
1221 3227 1315 3278 ἐπὶ
1342 3225 1403 3278 τὸ
1431 3226 1543 3280 ἄνω
1573 3230 1743 3298 φορᾶς
1779 3227 1877 3299 τὴν
1910 3231 1995 3282 αἱ·

415 3317 558 3375 τίαν,
618 3316 709 3369 καὶ
752 3316 853 3388 τὴν
898 3316 1207 3386 ἀεικίνητον
1247 3316 1505 3388 δύναμιν,
1556 3318 1649 3371 κα)⁸
1702 3319 1882 3372 πάντα
1924 3318 1995 3373 τὰ

416 3410 641 3463 τοιαῦτα
688 3410 949 3480 παρέντες
980 3410 1453 3480 πολυπραγμονεῖν
1478 3428 1538 3463 τε
1571 3411 1665 3463 καὶ
1699 3411 1992 3475 ἐξετάζειν,

422 3499 579 3568 μόνον
609 3499 668 3552 τὸ
683 3502 775 3552 ἀπ’
795 3498 959 3553 αὐτοῦ
981 3500 1250 3570 χρήσιμον
1270 3501 1350 3562 εἰς
1378 3499 1467 3552 τὸν
1501 3499 1614 3569 βίον
1636 3501 1816 3552 αὐτῶν
1839 3501 1995 3572 ἐνοή-

418 3606 620 3661 σαμενο
647 3591 847 3653 εἰδότες
872 3592 953 3643 ὅτι
983 3591 1134 3644 οὐδὲν
1157 3590 1375 3644 ἔλαττον
1399 3590 1509 3661 ἕχει
1530 3591 1625 3645 τοῦ
1672 3588 1992 3663 πολυπραγ-

422 3683 744 3753 μονοῦντος,
776 3684 805 3734 6
836 3682 1207 3754 ἀπραγμόνως
1238 3683 1338 3753 τὴν
1378 3682 1646 3753 ὠφέλειαν
1687 3684 1992 3753 δεχόμενος.

2098 3225 2303 3281 ferrum
2343 3242 2467 3279 cum
2528 3227 2599 3279 sit
2653 3227 3002 3296 tangentibus
3058 3224 3344 3296 frigidum,
3403 3224 3677 3277 flairimant

2096 3316 2248 3371 elicit
2290 3325 2344 3371 et
2370 3318 2633 3387 generat?
2675 3316 2969 3383 Quomodo
3000 3316 3145 3385 ligna
3198 3315 3342 3369 inter
3383 3328 3443 3368 se
3492 3311 3677 3365 attrita

2097 3409 2279 3480 ignem
2311 3411 2657 3464 accendunt?
2702 3409 2987 3475 Quomodo
3019 3411 3074 3462 in
3114 3408 3229 3463 sole
3265 3422 3405 3477 aqua
3434 3405 3682 3475 resplen-

2095 3502 2232 3556 deus
2266 3502 2447 3571 ignem
2484 3501 2661 3556 facit?
2690 3511 2745 3556 et
2781 3502 3004 3557 lationis
3036 3515 3257 3557 sursum
3304 3515 3426 3569 quae
3456 3498 3514 3551 fit
3548 3512 3682 3552 cau-

2097 3608 2215 3647 sam
2252 3600 2307 3647 et
2336 3593 2445 3646 vim
2492 3608 2711 3663 semper
2747 3592 3030 3657 mobilem,
3072 3600 3129 3647 et
3174 3591 3359 3645 omnia
3410 3588 3681 3659 ejusmodi

2103 3686 2321 3740 curiose
2349 3685 2634 3755 indagare,
2666 3694 2720 3741 et
2759 3686 2920 3739 anxie
2949 3686 3231 3755 inquirere
3263 3684 3683 3753 praetermitten-

412 3785 525 3837 tes,
557 3784 767 3829 tantum
804 3777 951 3845 quod
980 3792 1047 3829 ex
1082 3776 1203 3846 ipso
1251 3776 1682 3830 emolumentum
1727 3778 1847 3846 capi
1894 3786 2095 3847 potest,
2135 3778 2201 3831 ad
2229 3778 2397 3831 vitam
2462 3787 2707 3833 nostram
2780 3778 3158 3849 cognovimus,
3231 3778 3469 3830 scientes
3538 3772 3685 3841 quod

416 3872 554 3925 nihil
584 3872 765 3926 minus
784 3872 1013 3926 curioso
1042 3871 1371 3941 inquisitore
1392 3872 1556 3926 habet
1586 3872 1699 3934 ille,
1729 3873 1824 3943 qui
1856 3874 2066 3943 absque
2104 3873 2196 3927 tali
2228 3888 2359 3927 cura
2392 3882 2445 3927 et
2471 3873 2747 3927 anxietate
2779 3873 3068 3926 utilitatem
3098 3871 3265 3939 capit.

488 3967 586 4021 Διὰ
619 3967 778 4020 τοῦτο
824 3968 1013 4039 ὥσπερ
1058 3969 1309 4039 περιττόν
1357 3986 1410 4021 τι
1458 3968 1554 4022 καὶ
1607 3969 1884 4038 ἀνωφελὲς
1938 3971 2000 4024 τὸ

418 4060 549 4130 περὶ
576 4062 676 4131 τῆς
715 4059 903 4123 οὐσίας
931 4060 1038 4112 τῶν
1068 4060 1365 4127 γεγονότων
1399 4061 1704 4131 ἀδολεσχεῖν
1738 4062 1770 4132 ή
1808 4062 1997 4133 Γραφὴ

419 4150 657 4222 παρῆκε.
691 4151 798 4204 Καί
830 4168 918 4220 μοι
950 4151 1097 4203 δοκεῖ
1124 4152 1201 4204 ὅτι
1237 4154 1265 4205 6
1291 4152 1389 4223 τῆς
1420 4152 1647 4225 βροντῆς
1669 4153 1785 4216 υίὸς
1820 4154 1999 4207 Ἰωάν-

420 4257 517 4311 νης
552 4243 580 4293 6
627 4244 693 4312 τῇ
748 4241 1131 4310 μεγαλοφωνίᾳ
1177 4242 1286 4297 τῶν
1339 4245 1457 4296 κατ’
1511 4244 1671 4297 αὑτὸν
1712 4244 1999 4315 δογμάτων

421 4332 773 4403 ὑπερηχήσας
802 4334 869 4387 τὰ
904 4335 1246 4404 προλαϐόντα
1293 4335 1647 4407 κηρύγματα,
1678 4337 1835 4390 τοῦτο
1877 4339 2001 4409 νοή-

419 4440 519 4486 σας
549 4425 641 4477 ἐπὶ
680 4424 822 4476 τέλει
857 4426 953 4494 τῆς
993 4427 1353 4497 εὐαγγελικῆς
1388 4429 1651 4500 ἱστορίας,
1695 4424 1847 4482 εἶπεν
1870 4448 1885 4460 ·
1920 4431 2001 4483 ὅτι

2175 3969 2542 4036 Quamobrem
2580 3977 2639 4023 ut
2672 3968 3011 4038 superfluum
3043 3974 3096 4021 et
3125 3964 3316 4018 inutile
3348 3962 3414 4017 de
3443 3957 3682 4016 essentia

2102 4080 2293 4119 eorum
2337 4079 2456 4133 quae
2487 4062 2631 4117 facta
2684 4068 2815 4115 sunt
2868 4058 3058 4129 nugari
3120 4055 3406 4123 Scriptura
3458 4062 3683 4123 prseter-

2105 4154 2271 4209 misit.
2299 4156 2377 4209 Ac
2408 4154 2540 4207 mihi
2579 4152 2798 4223 quidem
2842 4149 3059 4203 videtur
3101 4147 3245 4216 quod
3284 4144 3507 4198 tonitrui
3539 4143 3684 4198 [ilius

2101 4244 2360 4308 Joannes,
2391 4260 2515 4299 cum
2549 4258 2742 4313 magna
2770 4257 2903 4295 voce
2938 4256 3161 4296 suorum
3203 4238 3515 4308 dogmatum
3547 4250 3684 4305 prae-

2105 4334 2353 4389 cedentia
2386 4334 2662 4404 praeconia
2697 4332 3049 4392 intonuisset,
3098 4329 3201 4381 hoc
3231 4326 3393 4381 etiam
3443 4325 3681 4386 novisse,

2106 4427 2235 4480 dum
2281 4427 2335 4479 in
2390 4426 2496 4480 fine
2550 4423 2877 4493 evangelicae
2924 4418 3165 4474 historiae
3217 4418 3355 4473 dixit
3409 4418 3490 4482 ¹⁹,
3535 4415 3681 4486 quod

416 4512 625 4566 Πολλά
654 4513 787 4566 ἐστι
830 4514 899 4568 τὰ
950 4515 1065 4568 ὐπὸ
1120 4515 1227 4569 τοῦ
1270 4518 1490 4585 Kvplov
1536 4519 1918 4587 γεγενημένα,
1942 4522 1998 4578 ἅ-

2107 4520 2277 4575 multa
2310 4520 2415 4573 sint
2447 4518 2558 4570 alia
2590 4533 2705 4585 qua:
2740 4533 2771 4567 a
2800 4514 3025 4566 Domino
3070 4520 3191 4564 sunt
3228 4510 3391 4578 facta,
3424 4525 3562 4577 quia,
3596 4508 3682 4560 in-

417 4620 572 4665 τινα,
622 4607 810 4675 φησιν,
848 4605 957 4659 ἐὰν
995 4608 1285 4677 ’γράφηται
1322 4610 1452 4665 καθ’
1489 4610 1578 4675 ἐν,
1637 4612 1780 4665 οὐδὲ
1817 4614 1998 4666 αὐτὸν

2100 4614 2239 4683 quit,
2266 4610 2476 4680 singula
2514 4610 2557 4662 si
2589 4606 2966 4668 scriberentur,
2998 4620 3059 4656 ne
3086 4604 3259 4669 ipsum
3293 4600 3501 4669 quidem
3532 4615 3685 4652 mun-

415 4700 576 4765 οίμαι
604 4699 713 4751 τόν
747 4700 980 4767 κόσμον
1010 4699 1274 4768 χωρῆσαι
1303 4702 1375 4755 τὰ
1402 4704 1739 4773 γραφόμενα
1773 4703 2000 4767 βιϐλία.

416 4789 490 4841 Οὐ
527 4789 704 4843 πάντα
746 4790 921 4842 ταῦτα
968 4790 1143 4858 λέγων
1191 4793 1331 4846 κατὰ
1378 4794 1474 4855 τὰς
1520 4795 1689 4857 ἰάσεις
1732 4794 2000 4863 θαύματα,

414 4879 619 4931 τούτων
649 4880 757 4948 γὰρ
800 4881 952 4933 οὐδὲν
982 4881 1193 4951 ἀφῆκεν
1239 4884 1647 4953 ἀμνημόνευτον
1690 4887 1723 4956 ἡ
1760 4886 2000 4955 ἱστορία*

416 4972 464 5023 εί
497 4972 590 5024 καὶ
641 4972 715 5043 μὴ
758 4973 847 5023 ἐπ’
877 4973 1141 5042 ὀνόματος
1182 4975 1401 5027 πάντων
1433 4976 1540 5029 τῶν
1595 4977 2000 5047 τεθεραπευμέ-

417 5079 521 5113 νων
542 5063 642 5132 τὴν
676 5064 895 5133 μνήμην
926 5065 1237 5133 πεποίηται.
1273 5067 1436 5118 Ὅταν
1459 5066 1567 5138 γὰρ
1593 5066 1739 5134 λέγει
1773 5066 2000 5138 νεκροὺς

418 5154 744 5226 ἐγείρεσθαι,
790 5157 1021 5224 τυφλοὺς
1070 5157 1430 5224 ἀναϐλέπειν,
1487 5159 1704 5228 κωφοὺς
1759 5158 1997 5224 ἀκούειν,

418 5246 623 5315 χωλοὺς
653 5250 995 5317 περιπατεῖν,
1026 5249 1121 5300 καὶ
1150 5249 1311 5301 πάλιν
1356 5250 1605 5303 ἰάσασθαι
1640 5251 1818 5302 πᾶσαν
1846 5249 1999 5302 νόσον

419 5337 513 5388 καὶ
546 5337 725 5389 πᾶσαν
760 5337 1051 5407 μαλακίαν,
1091 5339 1242 5391 οὐδὲν
1268 5340 1359 5392 διὰ
1405 5340 1610 5393 τούτων
1650 5340 2000 5410 ἀνιστόρητον

2099 4704 2228 4756 dum
2277 4702 2368 4771 qui
2410 4699 2763 4754 scriberentur
2801 4697 2960 4749 libros
3005 4710 3158 4763 posse
3205 4708 3389 4759 capere
3428 4690 3679 4743 arbitror.

2101 4796 2226 4849 llzec
2250 4795 2431 4847 omnia
2458 4806 2582 4845 cum
2613 4789 2771 4853 dixit,
2800 4804 2907 4840 non
2932 4785 3184 4854 intelligit
3217 4798 3485 4854 aegrorum
3522 4797 3683 4835 sana-

2100 4889 2310 4940 tionum
2347 4884 2635 4944 miracula,
2664 4881 2863 4934 horum
2895 4879 3038 4934 enim
3077 4877 3285 4930 nullum
3318 4889 3425 4928 non
3451 4888 3685 4926 comme—

2108 4985 2377 5031 moratum
2406 4972 2755 5043 pratermisit
2786 4970 3034 5034 historia,
3066 4969 3168 5024 etsi
3208 4983 3316 5021 non
3359 4963 3681 5019 nominatim

2108 5066 2352 5120 omnium
2396 5075 2713 5118 sanatorum
2760 5062 3091 5115 mentionem
3143 5058 3289 5112 fecit.
3354 5056 3489 5109 Cum
3535 5058 3679 5108 enim

2107 5160 2242 5214 dicit
2270 5166 2516 5211 mortuos
2543 5155 2894 5216 exsuscitari.
2930 5168 3107 5207 caecos
3130 5151 3335 5215 videre,
3369 5148 3567 5203 surdos
3587 5161 3683 5200 au-

2106 5253 2247 5317 dire,
2277 5250 2503 5305 claudos
2534 5248 2835 5308 ambulare,
2867 5254 2920 5299 et
2955 5259 3149 5299 rursus
3174 5256 3388 5295 omnem
3431 5238 3681 5292 morbum

2108 5350 2161 5397 et
2191 5343 2504 5411 languorem
2538 5354 2787 5402 sanasse,
2828 5338 3037 5391 nullum
3076 5350 3172 5405 per
3213 5333 3326 5386 haec
3355 5330 3681 5384 miraculum

416 5429 525 5482 τῶν
571 5429 863 5498 θαυμάτων
917 5431 1182 5497 ἀπέλιπε,
1230 5435 1349 5497 ταῖς
1398 5432 1715 5495 καθολικαῖς
1770 5432 1998 5495 ἐννοίαις

2100 5435 2338 5504 reliquit,
2374 5433 2535 5501 cujus
2561 5446 2671 5485 non
2707 5430 2778 5485 sit
2815 5427 2959 5482 facta
2996 5428 3052 5481 in
3084 5423 3317 5480 historia
3352 5435 3683 5476 commemo-

417 5521 804 5591 ἐμπεριλαϐὼν
837 5523 907 5576 τὰ
938 5523 1057 5576 καθ’
1087 5525 1336 5578 ἕκαστον.
1383 5524 1519 5579 Ἀλλ’
1560 5527 1733 5579 ὲκείνο
1759 5525 1895 5595 τάχα
1928 5525 1998 5597 τῷ

2100 5524 2259 5585 ratio,
2294 5522 2698 5578 universalibus
2760 5518 2971 5574 notitiis
3004 5513 3303 5586 singularia
3342 5510 3679 5581 complexus.

412 5611 571 5683 βάθει
600 5613 696 5681 τῆς
723 5613 977 5681 γνώσεως
1012 5617 1039 5668 6
1068 5616 1457 5689 εὐαγγελιστὴς
1487 5618 1656 5688 λέγει,
1691 5620 1773 5673 ὅτι
1801 5618 1861 5673 τὸ
1895 5635 1994 5689 με·

490 5786 537 5819 ιδ’
567 5787 730 5844 Joan.
772 5808 880 5856 ut,
916 5792 1006 5846 '25.

2107 5617 2215 5674 Sed
2244 5615 2379 5672 illud
2439 5615 2671 5671 fortasse
2700 5628 2763 5668 ex
2797 5608 3065 5683 profunda
3097 5606 3406 5678 cognitione
3447 5617 3684 5673 evange-
