4142 6374
449 322 549 380 951

1678 323 1735 376 S.
1770 317 2097 377 GREGORII
2138 317 2439 374 NYSSENI

3606 318 3711 375 οδε

453 442 575 495 lista
604 438 758 503 dicit,
794 438 939 510 quod
978 439 1236 508 majestas
1266 437 1383 493 Filii
1423 437 1516 495 Dei
1549 456 1656 495 non
1684 455 1751 495 ex
1783 442 2018 495 miracu-

2148 437 2333 491 ἀλείον
2365 437 2459 491 τοῦ
2495 436 2625 490 Υίοῦ
2657 437 2752 491 τοῦ
2785 436 2945 504 Θεοῦ;
2980 438 3081 491 οὐκ
3122 439 3187 491 ἐκ
3230 436 3345 493 τῶν
3370 437 3457 492 διὰ
3504 439 3707 510 σαρκὸς

454 530 586 584 Iosis
610 544 706 599 per
742 542 963 582 carnem
1007 528 1264 598 operibus
1296 527 1471 584 solum
1510 530 1886 599 cognoscenda
1922 538 2033 607 est;

466 622 579 675 haec
608 621 750 674 enim
781 634 944 689 parva
974 630 1124 686 sunt,
1148 619 1195 675 si
1222 634 1347 674 cum
1394 620 1600 689 reliqua
1645 635 1869 690 operum
1916 636 2033 674 ma-

455 711 769 781 gnificentia
804 711 1073 780 exquisite
1101 720 1508 781 comparentur.
1547 709 1624 765 Tu
1659 726 1790 766 vero
1820 711 2032 780 respice

458 804 511 856 in
545 804 766 865 malum,
792 801 915 857 vide
940 804 995 856 in
1026 816 1099 857 eo
1118 801 1576 871 pulchritudines,
1614 800 1856 857 transfer
1881 810 2030 856 tuam

460 893 852 963 cogitationem
890 908 986 963 per
1024 901 1179 947 terrae
1216 893 1576 958 latitudinem,
1608 893 1677 947 ad
1708 908 1864 963 aquae
1900 909 2031 963 pro-

458 982 775 1049 funditates,
826 985 1088 1038 mundum
1138 992 1318 1039 mente
1364 984 1700 1053 complexus,
1760 991 1814 1039 et
1851 993 2033 1040 trans-

456 1075 792 1129 mundanatn
834 1086 1085 1129 naturam
1122 1075 1332 1130 ratione
1371 1090 1494 1129 Clllll
1530 1075 1886 1141 intellexeris,
1919 1075 2033 1129 haec

456 1181 630 1223 nosce
656 1182 782 1221 vera
809 1167 929 1237 ejus
952 1167 1047 1237 qui
1072 1174 1252 1223 tecum
1290 1166 1343 1221 in
1371 1181 1537 1222 carne
1571 1174 1933 1223 conversatus
1951 1176 2035 1223 est

458 1274 648 1330 Opera.
689 1258 842 1326 Qum,
884 1259 1082 1329 inquit,
1115 1259 1163 1313 si
1204 1259 1419 1330 singula
1461 1259 1856 1324 set'iberentur,
1902 1260 2034 1329 quid

464 1359 520 1407 et
548 1350 846 1422 quomodo,
902 1358 957 1405 et
1010 1350 1175 1412 unde,
1208 1357 1266 1405 et
1301 1357 1589 1420 quantum,
1632 1365 1796 1420 supra
1846 1350 2033 1405 mundi

460 1442 816 1513 capacitatem
844 1442 1108 1496 doctrinae
1128 1441 1196 1497 de
1215 1443 1333 1511 ipso
1363 1442 1569 1497 mundo
1592 1440 1698 1497 erit
1719 1442 1998 1512 plenitudo
2017 1463 2036 1498 ι

461 1535 721 1604 quoniam
748 1534 894 1590 enim
924 1534 1106 1588 omnia
1147 1532 1290 1587 Deus
1328 1534 1382 1586 in
1419 1533 1689 1602 sapientia
1730 1532 1893 1600 fecit,
1926 1541 2037 1588 ter—

464 1627 671 1681 minum
709 1634 889 1681 antem
922 1625 1015 1680 Dei
1052 1625 1321 1695 sapientia
1353 1639 1461 1678 non
1495 1624 1657 1679 habet
1690 1643 1703 1679 :
1734 1622 2038 1695 Intelligen-

464 1719 551 1772 tiw
571 1718 707 1785 ejus,
733 1717 926 1787 inquit,
958 1733 1060 1770 non
1098 1726 1175 1770 est
1207 1732 1455 1770 numerus
1487 1716 1568 1782 ’°;
1602 1715 1769 1783 igitur
1800 1718 2037 1785 propriis

464 1809 739 1863 mensuris
762 1809 1092 1864 terminatus
1128 1808 1367 1863 mundus
1396 1809 1450 1862 in
1492 1809 1673 1879 seipso
1699 1808 1925 1865 inﬁnitae
1955 1826 2039 1864 sa-

466 1900 680 1967 pientiae
702 1900 968 1954 rationem
997 1915 1103 1954 non
1126 1898 1323 1969 capiet.
1354 1901 1411 1954 Si
1439 1901 1604 1972 igitur
1624 1902 1863 1957 mundus
1889 1911 2037 1959 totus

464 1990 645 2044 minor
671 1999 776 2053 est,
798 2005 962 2061 quam
992 1999 1052 2044 ut
1082 1989 1296 2045 Domini
1323 2006 1551 2062 operum
1576 1993 1884 2050 doctrinam
1914 2013 2038 2067 pos-

466 2082 538 2136 sit
564 2097 783 2152 capere,
804 2092 938 2152 quot
962 2083 1152 2137 mundi
1176 2084 1242 2138 de
1268 2084 1377 2138 Deo
1403 2085 1786 2142 universorum
1811 2104 2038 2145 enarra-

466 2175 668 2228 tionem
698 2174 951 2244 capient?
974 2173 1231 2232 Fortasse
1254 2192 1432 2241 neque
1459 2177 1773 2248 blasphema
1794 2188 1849 2235 et
1876 2182 2039 2252 impia

466 2267 651 2336 lingua
683 2267 901 2337 negabit
935 2266 1163 2322 inﬁnitis
1194 2268 1442 2337 partibus
1481 2269 1747 2339 majorem
1773 2286 1896 2328 esse
1927 2271 2041 2325 fae—

466 2365 638 2410 torem
670 2366 723 2411 et
753 2366 1032 2412 auctorem
1064 2358 1331 2421 ciuilium,
1354 2374 1477 2429 quae
1500 2363 1617 2416 sola
1645 2362 1822 2432 ipsius
1846 2365 2041 2419 volun-

466 2457 577 2503 tate
601 2450 653 2502 in
690 2464 873 2502 rerum
907 2458 1102 2503 natura
1134 2451 1399 2520 producta
1431 2460 1580 2507 sunt.
1630 2453 1690 2507 Si
1728 2456 1894 2525 igitur
1919 2472 2041 2511 om-

468 2541 552 2593 nis
572 2549 823 2594 creatura
852 2542 1121 2596 sermonis
1148 2541 1216 2596 de
1235 2542 1412 2612 seipsa
1438 2543 1563 2598 facti
1592 2561 1700 2600 non
1730 2555 1814 2601 est
1843 2562 2040 2618 capax;

467 2631 571 2685 hoc
598 2632 743 2685 enim
790 2648 1018 2703 magnus
1061 2631 1301 2689 Joannes
1352 2643 1585 2690 testatur
1637 2637 1935 2692 sectmdum
1987 2640 2041 2693 id

467 2720 617 2790 quod
639 2722 904 2788 diximus,
938 2723 1214 2792 quomodo
1238 2724 1473 2779 humana
1502 2726 1743 2783 brevitas
1775 2737 1948 2783 totum
1975 2729 2043 2786 de

468 2810 695 2865 domino
722 2820 988 2866 creaturae
1021 2826 1331 2868 sermonem
1361 2815 1581 2884 capiet?
1610 2814 1805 2871 Dieant
1836 2819 2045 2889 magni-

470 2903 616 2973 loqui
660 2902 770 2969 isti,
806 2903 937 2972 qttid
987 2912 1073 2958 est
1119 2905 1282 2958 homo
1331 2906 1574 2963 universi
1609 2912 2041 2978 comparatione,

470 2996 598 3050 dum
635 2995 1053 3051 consideratur?
1101 2996 1272 3062 Quale
1317 3000 1707 3068 geometricum
1758 3012 2042 3072 punctum,

2132 527 2427 597 θαυμάτων
2472 527 2804 596 ποιηθέντων
2837 527 2998 598 μόνον
3034 528 3323 597 γινώσκειν
3354 530 3495 599 χρή·
3539 536 3711 597 μικρά

2132 619 2240 688 γὰρ
2278 618 2454 671 ταῦτα
2480 617 2555 681 ὼς
2581 618 2716 689 πρὸς
2738 618 2838 689 τὴν
2867 619 3060 691 λοιπὴν
3089 617 3487 691 μεγαλουργίαν
3522 619 3708 685 ἐξετα-

2134 710 2354 781 ζόμενα.
2385 710 2457 762 Σὺ
2494 709 2551 762 δὲ
2594 708 2895 774 ἀνάϐλεψον
2924 711 3003 773 εἰς
3034 710 3125 763 τὸν
3157 711 3404 781 οὐρανὸν,
3446 710 3523 763 ῐδε
3551 710 3619 763 τά
3646 712 3709 761 ἐν

2133 801 2280 873 αὐτῷ
2329 801 2524 871 κάλλη,
2570 801 2858 872 μετένεγκε
2888 803 2987 874 τὴν
3011 803 3249 857 διάνοιαν
3284 805 3378 856 ἐπὶ
3422 802 3483 856 τὸ
3508 803 3707 866 πλάτος

2132 895 2232 963 τῆς
2264 894 2388 964 γῆς,
2416 896 2510 948 ἐπὶ
2533 895 2602 948 τὰ
2631 893 2769 966 βάθη
2799 894 2892 948 τοῦ
2924 895 3134 959 ὓδατος,
3172 897 3348 949 πάντα
3376 894 3468 949 τὸν
3504 896 3713 965 κόσμον

2133 987 2200 1055 τῇ
2225 984 2432 1054 διανοίᾳ
2454 982 2652 1048 λαϐὼν,
2680 984 2774 1037 καὶ
2808 984 2908 1055 τὴν
2938 985 3303 1055 ὑπερκόσμιον
3330 985 3490 1053 φύσιν
3516 983 3593 1053 τῷ
3620 984 3709 1037 λο-

2133 1076 2318 1147 γισμῷ
2344 1078 2704 1147 κατανοήσας,
2730 1076 2902 1131 ταῦτα
2945 1076 3111 1146 γνῶθι
3137 1077 3205 1130 τά
3229 1076 3456 1147 ἀληθινὰ
3506 1077 3597 1130 τοῦ
3624 1094 3713 1130 σοι

2134 1168 2224 1223 διά
2245 1168 2446 1240 σαρκὸς
2486 1169 2920 1240 ἐπιδημήσαντος
2953 1170 3110 1240 ἔργα.
3145 1170 3359 1234 ’Δτινα,
3390 1170 3573 1239 φησὶν,
3612 1171 3718 1222 ἐὰν

2135 1260 2257 1314 καθ’
2301 1261 2530 1313 ἕκαστον
2574 1260 2874 1331 γράφηται,
2902 1261 2965 1314 τὸ
3006 1261 3061 1314 τί
3100 1263 3194 1316 καὶ
3221 1263 3388 1325 ὅπως,
3436 1263 3530 1315 καὶ
3563 1262 3711 1323 ὅθεν,

2135 1352 2232 1404 καὶ
2268 1350 2453 1412 πόσον,
2504 1350 2647 1421 ὑπὲρ
2677 1349 2738 1403 τὸ
2780 1349 3015 1422 χώρημα
3055 1349 3149 1404 τοῦ
3198 1350 3404 1421 κόσμου
3443 1351 3543 1419 τῆς
3580 1353 3713 1422 περὶ

2136 1442 2300 1496 αὐτοῦ
2356 1441 2453 1495 τοῦ
2509 1442 2717 1512 κόσμου
2768 1441 3116 1505 διδασκαλίας
3166 1442 3316 1495 ἔσται
3367 1442 3428 1495 τὸ
3484 1443 3705 1512 στῆθος.

2149 1536 2301 1589 Ἐπεὶ
2330 1535 2439 1605 γάρ
2468 1533 2537 1588 τά
2570 1535 2749 1589 πάντα
2780 1535 2809 1586 ὁ
2841 1534 2972 1597 Θεὸς
3002 1535 3059 1587 ὲν
3089 1535 3249 1605 σοφία
3278 1534 3530 1606 ἐποίησεν
3548 1576 3561 1599 ,
3586 1537 3715 1607 ὅρον

2136 1627 2193 1681 δὲ
2229 1629 2262 1699 ἡ
2301 1625 2395 1680 τοῦ
2423 1625 2559 1680 Θεοῦ
2605 1625 2767 1695 σοφία
2786 1626 2892 1679 »οὐκ
2927 1625 3061 1696 ἔχει,
3095 1625 3208 1695 Τῆς
3251 1629 3361 1696 γὰρ
3402 1625 3715 1692 συνέσεως

2136 1718 2345 1782 αὑτοῦ,
2370 1717 2559 1789 φησὶν,
2588 1720 2702 1772 οὐκ
2729 1716 2904 1771 ἔστιν
2933 1718 3179 1787 ἀριθμός
3197 1737 3209 1748 ’
3241 1721 3269 1772 ὀ
3295 1721 3407 1781 τοῖς
3434 1719 3583 1782 ίδίοις
3612 1721 3711 1789 μέ-

2138 1825 2285 1879 τροις
2308 1809 2721 1882 πεπερασμένος
2744 1810 2947 1879 κόσμος
2965 1810 3024 1862 ού
3053 1811 3201 1880 χωρή
3213 1827 3289 1863 σει
3322 1812 3381 1863 ἐν
3419 1810 3595 1880 ἑαυτῷ
3613 1810 3715 1879 τῆς

2138 1902 2394 1969 ἀορίστου
2446 1902 2638 1972 σοφίας
2687 1901 2779 1954 τὸν
2827 1901 3003 1970 λόγον.
3046 1902 3107 1954 El
3144 1897 3236 1955 οὖν
3276 1902 3306 1953 ὁ
3344 1901 3548 1971 κόσμος
3593 1900 3716 1964 ὅλος

2140 1993 2357 2047 ἔλαττόν
2406 1993 2574 2057 ἐστιν,
2609 1992 2642 2063 ἢ
2686 1990 2827 2045 ὥστε
2870 1992 2970 2062 τὴν
3015 1991 3359 2045 διδασκαλίαν
3399 1993 3504 2045 τῶν
3540 1992 3715 2063 ἔργων

2138 2083 2234 2139 τοῦ
2270 2085 2475 2153 Κυρίου
2524 2084 2792 2154 χωρῆσαι,
2835 2082 2992 2136 πόσοι
3034 2083 3228 2154 κόσμοι
3272 2086 3579 2155 χωρήσουσι
3614 2085 3723 2153 τὴν

2142 2178 2270 2247 περὶ
2302 2176 2397 2229 τοῦ
2422 2175 2557 2229 Θεοῦ
2584 2175 2693 2228 τῶν
2732 2174 2868 2227 ὅλων
2892 2175 3172 2245 διήγησιν;
3214 2175 3367 2246 Τάχα
3395 2175 3504 2247 γὰρ
3531 2176 3649 2229 οὐδὲ
3680 2178 3714 2247 ἡ

2143 2266 2462 2338 βλάσφημος
2510 2266 2807 2337 ἀρνήσεται
2857 2263 3099 2332 γλῶσσα,
3151 2265 3213 2317 τὸ
3260 2266 3721 2336 άπειροπλασίονα

2139 2356 2280 2413 εἶναι
2313 2360 2403 2414 τὸν
2449 2357 2678 2429 ποιητὴν
2706 2356 2816 2409 τῶν
2856 2356 3092 2420 πάντων,
3120 2356 3228 2409 τῶν
3264 2358 3412 2428 μόνῳ
3450 2358 3715 2428 θελήματι

2141 2449 2533 2522 παραχθέντων
2565 2450 2646 2511 εἰς
2689 2448 2920 2516 γένεσιν.
2952 2448 3013 2500 Εἰ
3039 2443 3132 2500 οῦν
3174 2448 3206 2518 ἡ
3242 2448 3417 2512 κτίσις
3454 2451 3601 2502 πᾶσα
3620 2450 3725 2503 τοῦ

2142 2543 2270 2613 περὶ
2290 2542 2458 2613 αὐτῆς
2487 2541 2642 2609 λόγου
2670 2541 2819 2593 ἐστὶν
2840 2538 3123 2609 ἀχώρητος
3140 2559 3153 2570 ο
3177 2539 3335 2593 τοῦτο
3362 2541 3471 2611 γὰρ
3496 2543 3525 2594 ὁ
3548 2541 3723 2610 μέγας

2155 2635 2405 2706 Ἰωάννης
2441 2632 2774 2704 μαρτύρεται
2814 2631 2957 2685 κατά
2993 2648 3056 2700 γε
3098 2632 3189 2684 τὸν
3223 2632 3492 2704 ἡμέτερον
3530 2634 3718 2701 λόγον·

2145 2725 2263 2788 πῶς
2292 2725 2358 2778 ἂν
2401 2724 2712 2796 ἀνθρωπίνη
2743 2722 3019 2796 βραχύτης
3068 2723 3186 2776 ὅλον
3217 2724 3308 2777 τὸν
3351 2725 3479 2796 περῖ⁵
3504 2725 3596 2778 τοῦ
3625 2728 3723 2777 Δε-

2147 2817 2344 2869 σπότου
2392 2816 2491 2886 τῆς
2526 2815 2756 2878 κτίσεως
2802 2816 3043 2885 χωρήσει
3085 2813 3273 2882 λόγον;
3317 2815 3640 2869 Είπάτωσαν
3672 2817 3724 2869 οἱ

2144 2910 2212 2961 τὰ
2249 2907 2460 2978 μεγάλα
2484 2906 2863 2975 φθεγγόμενοι,
2891 2905 2942 2957 τί
2972 2906 3117 2957 ἐστιν
3158 2904 3463 2975 ἄνθρωπος,
3494 2908 3724 2977 συγκρί-

2149 3015 2231 3052 σει
2254 2999 2347 3052 τοῦ
2380 2997 2577 3060 παντὸς
2611 2996 3015 3067 θεωρούμενος;
3052 2997 3208 3049 Ποῖον
3227 2998 3596 3069 γεωμετρικὸν
3621 3016 3724 3068 ση-

472 3086 546 3142 ita
586 3086 964 3141 individuum?
1009 3088 1149 3154 Quid
1191 3087 1413 3159 Epicuri
1463 3086 1917 3161 corpusculorum
1963 3096 2045 3152 sic

2156 3093 2304 3157 μεῖον
2337 3088 2507 3151 οὕτως
2545 3087 2786 3159 ἁμερές;
2820 3086 2885 3140 Τί
2929 3086 3035 3139 τῶν
3078 3087 3466 3157 Ἐπικουρείων
3504 3089 3726 3158 ἀτόμων

471 3179 710 3233 vanitate
733 3194 922 3233 eorum
948 3182 1042 3249 qui
1073 3179 1187 3234 haec
1214 3183 1651 3251 contemplantur
1693 3193 2041 3252 extenuatur,

472 3277 527 3325 et
570 3285 741 3340 prope
785 3270 837 3324 id
874 3270 1019 3341 quod
1050 3287 1159 3325 non
1191 3280 1275 3327 est
1307 3272 1384 3338 ﬁt,
1440 3281 1500 3328 ut
1533 3275 1771 3330 humana
1802 3278 2045 3336 brevitas

474 3377 598 3415 cum
652 3361 910 3417 universo
959 3370 1275 3431 comparata
1325 3372 1409 3417 est
1456 3362 1628 3417 nihil?
1684 3365 1840 3420 Sicut
1881 3368 2045 3422 etiam

475 3468 703 3523 magnus
732 3452 896 3507 David
929 3452 1025 3515 ait,
1052 3454 1311 3521 praeclare
1339 3455 1650 3509 mortalium
1678 3456 2046 3513 inﬁrmitatem

476 3543 791 3607 meditatus,
828 3542 1091 3608 Quoniam
1131 3542 1433 3597 substantia
1470 3560 1586 3598 mea
1620 3553 1873 3614 tanquam
1906 3547 2048 3600 nilei-

478 3639 586 3689 lum
624 3644 745 3689 ante
782 3633 898 3688 te"
929 3651 941 3687 :
979 3648 1086 3688 non
1125 3634 1373 3689 absolute
1410 3636 1641 3691 nihilum
1679 3652 1802 3692 esse
1836 3637 2047 3705 dicens,

477 3728 572 3782 sed
610 3727 782 3781 nihilo
812 3712 1068 3787 similem,
1104 3725 1247 3795 quod
1291 3740 1457 3796 supra
1507 3727 1727 3782 modum
1758 3736 1844 3784 est
1886 3730 2052 3786 breve

476 3835 601 3873 cum
635 3834 702 3873 eo
733 3816 877 3889 quod
903 3833 1011 3871 non
1036 3818 1250 3872 exsistit
1273 3816 1420 3872 facta
1446 3822 1856 3890 comparatione
1884 3825 2053 3894 signi-

478 3912 668 3967 “cans.

554 4001 938 4057 Verumtamen
984 4016 1015 4055 a
1051 4002 1143 4056 tali
1190 4010 1391 4057 natura
1440 4005 1739 4068 concitati,
1789 4006 2053 4065 adversus

478 4095 807 4151 inetl‘abilem
838 4094 1136 4165 potentiam
1173 4110 1272 4151 sua
1306 4095 1541 4151 dilatant
1572 4114 1667 4152 ora
1688 4137 1704 4162 ,
1735 4108 1789 4156 et
1818 4102 2057 4171 appella-

481 4189 627 4242 tione
653 4201 761 4241 una
790 4187 1116 4242 ineﬂ'abilem
1146 4197 1396 4241 naturam
1428 4189 1748 4254 metiuntur,
1774 4191 1874 4262 τῆς
1898 4193 2059 4262 ἀγεν-

480 4282 671 4350 νησίας
710 4281 929 4334 nomine
976 4278 1067 4333 Dei
1112 4280 1410 4335 essentiam
1466 4283 1943 4353 constringentes,
2002 4292 2060 4337 ut

482 4371 747 4426 adversus
790 4369 1142 4438 Unigenitum
1181 4370 1285 4426 sibi
1330 4370 1466 4440 ipsis
1514 4386 1609 4440 per
1647 4372 1763 4425 hate
1803 4373 2057 4442 blasphe-

2148 3180 2293 3234 οῦτω
2334 3184 2400 3251 τῇ
2446 3179 2765 3251 ματαιότητι
2811 3177 2919 3231 τῶν
2978 3175 3151 3230 ταῦτα
3202 3177 3545 3249 θεωρούντων
3590 3180 3725 3231 ἀποο

2147 3271 2486 3339 λεπτύνεται,
2518 3272 2613 3325 καὶ⁵
2649 3270 2816 3340 ἐγγὺς
2848 3268 2941 3323 τοῦ
2988 3269 3062 3341 μὴ
3096 3269 3245 3332 ὄντος
3273 3268 3501 3337 γίνεται,
3529 3269 3604 3334 ὡς
3632 3272 3727 3323 άν-

2150 3365 2392 3436 θρωπίνη
2435 3361 2709 3435 βραχύτης
2756 3363 2870 3415 ἀντ’
2917 3360 3129 3425 οὐδενός
3182 3363 3298 3414 ἐστι
3344 3361 3479 3432 πρὸς
3517 3362 3577 3414 τὸ
3617 3365 3727 3415 πᾶν

2150 3456 2473 3531 κρινομένη,
2514 3454 2694 3518 καθώς
2743 3470 2875 3524 φησι
2916 3453 3010 3506 καὶ
3041 3455 3069 3505 ὁ
3108 3453 3281 3521 μέγας
3321 3452 3503 3515 Δαὸὶδ,
3545 3451 3725 3514 καλῶς

2152 3546 2555 3618 ἐπεσκεμμένος
2602 3544 2709 3599 τῶν
2767 3542 2974 3614 βροτῶν
3026 3542 3123 3611 τὴν
3176 3540 3476 3605 ἀσθένειαν,
3534 3541 3614 3594 ὅτι
3658 3542 3728 3596 Ἠ

2152 3638 2491 3702 ὑπόστασις
2515 3654 2629 3702 μου
2660 3634 2804 3689 ὡσεὶ
2826 3633 3005 3688 οὐθὲν
3033 3632 3288 3685 ἐνώπιόν
3315 3647 3453 3685 σου.
3487 3629 3562 3682 Ού
3591 3648 3727 3683 παν-

2152 3732 2321 3792 τελῶς
2364 3725 2505 3783 εἶναι
2533 3728 2707 3796 λέγων
2740 3726 2910 3788 οὐδὲν,
2946 3724 3061 3777 ἀλλ’
3105 3724 3289 3793 ὅμοιον
3326 3722 3403 3792 τῷ
3440 3720 3631 3793 μηδὲν,
3662 3722 3727 3775 τὸ

2154 3822 2274 3876 καθ’
2303 3819 2603 3890 ὑπερϐολὴν
2641 3819 2820 3872 πᾶσαν
2850 3815 3027 3887 βραχὺ
3046 3817 3111 3887 τῇ
3139 3813 3271 3885 πρὸς
3292 3813 3353 3866 τὸ
3382 3811 3733 3882 ἀνύπαρκτον

2155 3914 2442 3985 συγκρίσει
2472 3910 2861 3980 διασημαίνων.

2227 4007 2417 4075 Ὅμως
2449 4001 2557 4055 ἀπὸ
2598 3998 2850 4068 τοιαύτης
2886 3996 3206 4069 ὡρμημένοι
3247 3995 3481 4065 φύσεως,
3524 3995 3730 4049 πλατύ-

2156 4113 2303 4150 νουσι
2328 4094 2470 4149 κατά
2493 4094 2591 4163 τῆς
2626 4092 2903 4161 ἁφράστου
2935 4088 3212 4159 δυνάμεως
3238 4087 3306 4141 τὰ
3330 4088 3437 4141 ἴδια
3465 4089 3730 4158 στόματα,

2160 4189 2255 4244 καί
2303 4185 2639 4257 προσηγορίᾳ
2685 4184 2783 4254 μιᾷ
2833 4182 2931 4253 τὴν
2976 4181 3225 4251 ἀόριστον
3286 4180 3446 4250 φύσιν
3502 4197 3730 4251 περιμε-

2156 4278 2364 4349 τροῦσι,
2398 4275 2477 4347 τῷ
2511 4276 2733 4346 ὀνόματι
2780 4276 2879 4345 τῆς
2907 4273 3234 4344 ἀγεννησίας
3273 4272 3372 4343 τὴν
3404 4272 3589 4325 οὐσίαν
3636 4270 3732 4324 τοῦ

2156 4370 2293 4425 Θεοῦ
2328 4367 2801 4439 περισφίγγοντες,
2864 4363 2952 4418 ἵνα
2973 4364 3071 4435 τὴν
3107 4364 3247 4418 κατὰ
3275 4364 3369 4417 τοῦ
3399 4364 3734 4432 Μονογενοῦς

484 4465 605 4517 mia:
633 4464 775 4515 viam
808 4470 1080 4517 sternant.
1130 4461 1265 4515 Cum
1314 4470 1493 4516 autem
1540 4477 1768 4533 magnus
1818 4462 2045 4518 Basilius

2159 4463 2369 4525 ἑαυτοῖς
2403 4457 2750 4530 βλασφημίαν
2778 4456 2869 4509 διὰ
2899 4456 3105 4509 τούτων
3137 4455 3512 4527 ὀδοποιήσωσι.
3542 4455 3646 4507 Τοῦ
3673 4454 3733 4507 δὲ

481 4550 827 4610 emendasset
852 4553 1134 4622 deceptam
1162 4560 1215 4608 et
1245 4552 1437 4606 falsam
1465 4553 1777 4622 opinionem
1797 4593 1812 4617 ,
1834 4562 1890 4608 et
1916 4571 2055 4624 qua:-

483 4646 607 4701 datn
642 4645 711 4699 de
746 4645 1059 4699 nominibus
1092 4644 1475 4713 exposuisset,
1508 4654 1568 4698 ut
1602 4659 1731 4713 quae
1755 4660 1820 4699 ex
1864 4655 2061 4699 natura

483 4755 593 4793 non
626 4745 789 4801 sunt,
836 4737 930 4793 sed
975 4753 1040 4791 ex
1081 4736 1364 4791 hominum
1408 4735 1726 4791 inventione
1768 4752 1866 4791 seu
1909 4753 2060 4792 com-

484 4838 675 4885 mento
701 4829 873 4884 rebus
900 4826 1035 4898 ipsis
1067 4827 1240 4881 indita
1276 4827 1421 4891 sint,
1464 4833 1679 4881 tantum
1725 4827 1966 4891 absunt,
2003 4836 2064 4883 ut

485 4922 551 4975 ad
581 4921 866 4975 veritatem
897 4926 1264 4981 revertantur,
1299 4918 1433 4989 quin
1472 4920 1658 4988 potius
1699 4919 1866 4973 veluti
1901 4920 2060 4976 visco

485 5013 704 5070 cuidam
733 5013 1117 5066 adhtcrescunt
1148 5011 1234 5065 his
1263 5026 1385 5080 quae
1416 5012 1483 5065 ab
1532 5010 1668 5081 ipsis
1714 5010 1861 5065 dicta
1895 5020 2056 5077 sunt,

488 5118 673 5174 neque
695 5102 955 5157 desinunt
987 5118 1019 5156 a
1045 5102 1290 5172 captiosa
1321 5110 1376 5156 et
1412 5100 1593 5156 fallaci
1626 5104 2059 5172 argumentatio-

487 5212 590 5259 ne.
628 5211 807 5265 neque
840 5210 905 5250 ex
939 5194 1405 5250 commentatione
1439 5195 1637 5249 mentis
1670 5195 1778 5250 dici
1810 5196 1871 5248 τὸ
1902 5196 2062 5265 ἀγέν-

486 5306 648 5361 νητον
671 5328 687 5353 ,
718 5288 817 5344 sed
847 5295 1061 5342 natura:
1081 5302 1205 5343 esse
1237 5287 1742 5356 repraesentativum
1771 5288 2059 5346 deﬁniunt.

489 5381 718 5437 Omnem
753 5379 918 5451 igitur
948 5394 1258 5436 sermonem
1289 5379 1540 5449 persequi
1570 5386 1624 5433 et
1657 5395 1942 5434 recensere
1962 5420 1977 5445 ,
2007 5388 2063 5435 et

489 5475 659 5529 delira
689 5472 1013 5543 prolixaque
1062 5470 1130 5525 ad
1183 5472 1410 5527 verbum
1463 5470 1713 5541 apposita
1767 5472 2063 5540 nugatione

492 5566 640 5621 hanc
669 5573 915 5622 evertere
946 5565 1166 5629 conari,
1199 5563 1347 5633 longi
1380 5571 1529 5618 esset
1569 5563 1665 5618 otii
1698 5570 1754 5618 et
1795 5565 2061 5636 temporis

571 5753 621 5784 ’°
647 5750 992 5814 Psal.0xt.v|,
1020 5750 1072 5803 5.
1151 5749 1189 5781 “
1221 5746 1373 5802 Psal.
1403 5760 1636 5811 xxxvm,
1664 5745 1720 5801 6.

2160 4553 2397 4625 μεγάλου
2443 4550 2723 4604 Βασιλείου
2760 4548 3195 4620 διορθωσαμένου
3242 4549 3339 4619 τὴν
3376 4548 3734 4620 ὴπατημένην

2158 4646 2433 4711 ὑπόνοιαν,
2464 4643 2555 4696 καί
2588 4658 2708 4695 τινα
2750 4642 2880 4711 περὶ
2910 4641 3018 4693 τῶν
3050 4640 3329 4710 ὀνομάτων
3356 4640 3734 4704 διεξελθόντος,

2159 4738 2234 4801 ὡς
2262 4738 2362 4790 οὐκ
2391 4738 2455 4787 ἐκ
2480 4734 2692 4802 φύσεως
2726 4732 2916 4796 ὄντων,
2948 4730 3081 4783 ἁλλά
3119 4730 3236 4784 κατ’
3263 4732 3503 4783 ἐπίνοιαν
3535 4731 3737 4781 ἐπικειο
3767 4729 3774 4736 ’

2161 4828 2335 4900 μένων
2371 4828 2482 4890 τοῖς
2517 4826 2840 4897 πράγμασι·
2889 4824 3139 4878 τοσοῦτον
3181 4823 3444 4893 ἀπέχουσι
3490 4820 3583 4873 τοῦ
3609 4820 3738 4872 ἁνα-

2157 4921 2316 4974 λύσαι
2352 4919 2486 4990 πρὸς
2511 4918 2608 4988 τὴν
2635 4916 2912 4987 ἀλήθειαν,
2938 4918 3018 4970 ὅτι
3044 4915 3295 4984 καθάπερ
3319 4912 3413 4982 ἰξῷ
3442 4930 3547 4965 τινι
3574 4927 3739 4981 προσ-

2166 5012 2486 5082 κατέχονται
2518 5012 2626 5072 τοῖς
2652 5007 2799 5072 ἅπαξ
2825 5008 2954 5079 παρ’
2982 5006 3158 5061 αὐτῶν
3192 5005 3521 5075 εἰρημένοις,
3560 5003 3651 5055 καὶ
3675 5001 3739 5053 οὐ

2171 5101 2443 5172 μεθίενται
2474 5098 2569 5152 τοῦ
2607 5098 2960 5169 σοφίσματος,
2991 5096 3110 5149 οὐδὲ
3154 5095 3272 5149 κατ’
3312 5094 3553 5146 ἐπίνοιαν
3583 5091 3741 5158 λέγε-

2169 5195 2291 5249 σθαι
2319 5193 2378 5247 τὸ
2407 5193 2721 5262 ἀγέννητον,
2752 5191 2885 5245 ἁλλά
2916 5193 3015 5260 τῆς
3046 5189 3258 5258 φύσεως
3288 5183 3427 5240 εἶναι
3460 5201 3741 5257 παραστα-

2166 5286 2318 5338 τικὸν
2362 5284 2704 5356 διορίζονται.
2736 5282 2809 5336 Τὸ
2855 5283 2953 5352 μὲν
2993 5278 3085 5335 οὖν
3138 5282 3315 5334 πάντα
3354 5278 3608 5346 διεξιέναι
3651 5276 3745 5329 τὸν

2167 5376 2343 5445 λόγον,
2378 5377 2471 5427 καὶ
2495 5374 2594 5445 τὴν
2621 5370 2837 5444 ληρώδη
2878 5372 2971 5424 καὶ
3002 5369 3217 5442 μακρὰν
3253 5367 3469 5439 ἐκείνην
3498 5361 3743 5435 παραθέ-

2172 5486 2332 5539 μενον
2387 5466 2649 5538 φλυαρίαν
2688 5465 2780 5517 ὲπὶ
2817 5462 3011 5529 λέξεως
3054 5460 3379 5534 ἀνατρέπειν
3428 5455 3744 5528 πειρᾶσθαι,

2176 5562 2393 5633 μακρᾶς
2430 5559 2495 5613 ἂν
2520 5559 2605 5620 εἰή
2643 5556 2836 5629 σχολῆς
2861 5556 2955 5609 καὶ
2988 5555 3179 5629 χρόνου
3206 5551 3405 5608 πολλοῦ
3430 5549 3531 5606 καὶ
3548 5544 3755 5615 πολλῆς
