4142 6374
330 367 440 426 953

1472 368 1754 425 CONTRA
1788 365 2188 435 EUNOHIUM,
2232 367 2360 425 LIB.
2397 368 2513 425 XII.

3512 370 3619 427 954

331 486 606 558 ἀπραξίας
650 486 925 559 δεόμενον.
957 488 1226 560 Καθάπερ
1270 487 1455 543 ἀκούω
1496 489 1592 545 καί⁵
1638 488 1730 545 τὸν
1761 489 1932 544 Εὐνό-

2045 491 2216 557 multi,
2236 492 2496 564 quodque
2512 506 2709 564 magna
2728 506 2762 547 a
2778 493 3014 565 negotiis
3040 493 3315 551 vacuitate
3333 502 3387 549 et
3401 509 3433 549 a
3452 494 3617 551 rebus

336 597 458 650 μιον
484 578 626 651 ὑπὲρ
654 580 744 633 τὸν
783 581 1012 635 Ἰλιακὸν
1046 581 1283 652 πόλεμον
1314 584 1383 654 τῇ
1414 581 1673 654 πολυετίᾳ
1706 583 1931 653 φιλοπό-

329 688 441 736 νως
490 673 585 725 καὶ
621 673 743 727 καθ’
779 674 1015 744 ἡσυχίαν
1062 673 1264 744 πολλὴν
1319 673 1819 746 προσεδρεύσαντα,
1870 676 1932 726 ἐν

335 762 517 833 πολλῷ
564 763 643 835 τῷ
684 764 838 835 ὕπνῳ
885 764 978 817 τὸν
1026 764 1237 837 μακρὸν
1273 763 1463 818 τοῦτον
1505 764 1715 836 ὄνειρον
1752 762 1933 836 ἐαυτῷ

335 858 677 929 συμπλάσαι,
704 856 972 929 ζητοῦντα
996 857 1321 927 φιλοπόνως,
1344 858 1601 929 οὐχὸπως
1619 858 1933 931 ἐρμηνεύσῃ

330 966 388 1002 τι
418 950 528 1004 τῶν
560 950 884 1022 νοηθέντων,
919 951 1035 1005 ἀλλ’
1059 952 1209 1015 ὅπως
1253 950 1396 1006 κατά
1426 950 1534 1005 τῶν
1578 950 1781 1017 λέξεων
1810 951 1933 1005 ἐπι-

340 1043 573 1114 σύρηται
621 1044 1119 1115 κατηναγκασμένα
1165 1044 1438 1115 νοήματα,
1474 1043 1569 1098 καὶ
1611 1041 1934 1114 περισυλλέ-

337 1152 503 1204 γοντα
527 1136 626 1199 τὰς
660 1136 996 1208 εὑηχοτέρας
1040 1136 1227 1206 φωνάς
1260 1139 1327 1191 ἐκ
1369 1136 1823 1209 συγγραμμάτων
1848 1152 1934 1188 τι-

336 1225 464 1279 νῶν,
494 1227 604 1279 Καὶ
644 1226 834 1297 ὥσπερ
862 1229 912 1280 οί
940 1228 1149 1298 πτωχοὶ
1189 1228 1276 1281 διὰ
1310 1228 1544 1301 ἀπορίαν
1586 1227 1840 1297 ἐσθῆτος,
1868 1227 1935 1279 ἐκ

338 1318 683 1389 ρακωμάτων
713 1318 875 1373 τινῶν
896 1319 1022 1383 τοὺς
1055 1319 1290 1391 χιτῶνας
1314 1321 1524 1384 ἑαυτοῖς
1550 1317 1935 1391 περικεντοῦν-

335 1425 428 1471 τες
474 1410 879 1479 συρῥάπτουσιν
898 1426 913 1441 ·
956 1410 1099 1465 οὕτω
1140 1413 1235 1465 καὶ
1263 1411 1451 1465 τοῦτον
1484 1411 1650 1482 ἀλλην
1677 1410 1934 1481 ἀλλαχόθι

334 1496 483 1564 λέξιν
548 1499 1029 1571 περιὸοσκόμενον,
1073 1500 1161 1554 διὰ
1200 1501 1406 1555 τούτων
1450 1500 1710 1572 ἐξυφῆναι
1755 1498 1935 1571 ἐαυτῷ

335 1589 431 1642 τοῦ
461 1589 618 1658 λόγου
663 1590 757 1644 τὸν
805 1592 1106 1663 κέντρωνα,
1152 1593 1253 1645 οὐκ
1281 1590 1682 1663 ἀταλαιπώρως
1719 1590 1936 1644 διακολ-

335 1674 513 1730 λῶντα
536 1676 634 1749 τὴν
663 1678 940 1751 συμϐολὴν
960 1680 1071 1734 τῶν
1100 1682 1365 1753 ῥημάτων
1386 1682 1482 1736 καὶ
1504 1680 1931 1754 συναρμόζοντα.

338 1759 413 1820 Οὗ
448 1768 511 1821 τὸ
547 1769 803 1841 γλίσχρον
843 1773 938 1825 καὶ
972 1774 1338 1845 μειρακιῶδες
1380 1775 1479 1845 τῆς
1513 1774 1823 1846 φιλοτιμίας
1854 1776 1935 1838 εἰς

336 1860 574 1931 ἀμιλλαν
598 1863 754 1934 ἀνδρὶ
788 1863 924 1934 πρὸς
951 1864 1212 1936 ἀλήθειαν
1239 1866 1489 1936 βλέποντι
1517 1865 1773 1920 τοσοῦτον
1800 1866 1936 1920 ἀπό-
1970 1852 2009 1907 Β

341 1952 557 2024 ϐλητον,
591 1954 714 2009 ὅσον
747 1954 953 2027 ἀθλητῇ
998 1974 1105 2009 τινι
1134 1957 1245 2010 τῶν
1288 1958 1572 2029 καρτερῶν
1606 1975 1665 2011 τε
1713 1958 1807 2011 καὶ
1852 1957 1937 2024 ἐξ·

340 2042 498 2114 ὡρων
538 2045 599 2099 τὸ
630 2046 718 2100 διὰ
752 2048 1073 2117 περιεργίας
1100 2049 1462 2121 κομμωικῆς
1495 2048 1931 2117 γυναικίζεσθαι.

354 2136 515 2189 Ἀλλά
546 2155 635 2208 μοι
660 2139 808 2192 δοκεῖ
834 2141 925 2193 τὸν
950 2141 1149 2195 σκοπὸν
1179 2141 1274 2195 τοῦ
1306 2141 1507 2206 παντὸς
1524 2142 1757 2213 -ἐγχειρή
1768 2158 1937 2212 ματος

340 2228 407 2281 δι’
448 2229 645 2297 ὀλίγων
687 2232 1079 2304 ἐπιδραμόντα,
1114 2234 1214 2297 τὰς
1257 2235 1475 2308 μακρὰς
1509 2235 1791 2306 περιόδους
1820 2234 1939 2304 χαί-

345 2340 461 2393 ρειν
499 2325 678 2377 ἐᾶσαι.
724 2326 935 2379 Οὐκοῦν
981 2326 1198 2397 εἴρηται
1241 2330 1370 2401 παρ’
1399 2327 1561 2399 ήμῶν
1584 2342 1599 2356 ⁸
1632 2326 1937 2396 οίκειοῦμαι

346 2415 454 2485 γὰρ
482 2415 574 2469 τοῦ
606 2417 928 2471 διδασκάλου
956 2418 1048 2471 τὸν
1079 2418 1233 2488 λόγον
1253 2438 1267 2451 ·
1302 2420 1384 2473 ὅτι
1416 2420 1518 2490 τῆς
1542 2418 1694 2481 θείας
1724 2419 1937 2489 φύσεως

345 2507 596 2578 dum?in
629 2508 726 2578 μὲν
755 2510 848 2561 καὶ
894 2509 1241 2581 βραχυτάτην
1268 2510 1466 2583 ἔχομεν
1510 2510 1601 2564 διὰ
1640 2510 1750 2563 τῶν
1790 2510 1908 2578 λογι

349 2597 503 2668 σμῶν
536 2596 635 2669 τὴν
672 2599 985 2671 ἀντίληψιψ
1020 2601 1349 2672 ἀποχρῶσαν
1373 2602 1419 2655 δ’
1454 2604 1605 2673 ὅμως
1633 2604 1699 2671 τῇ
1736 2600 1939 2674 βραχύ-

347 2708 469 2762 τητι
499 2693 595 2761 τῆς
620 2691 904 2763 δυνάμεως
929 2694 1087 2766 ἡμῶν
1115 2694 1204 2748 διὰ
1226 2695 1335 2748 τῶν
1363 2696 1646 2767 ὀνομάτων
1670 2700 1778 2753 τῶν
1810 2701 1939 2769 περὶ

348 2784 517 2855 αὐτὴν
546 2786 785 2849 εὐσεϐῶς
832 2786 1140 2857 λεγομένων
1170 2786 1267 2859 τὴν
1307 2788 1509 2857 γνῶσιν
1549 2790 1935 2863 ἐρανιζόμεθα.

349 2874 568 2928 Τούτων
594 2876 652 2929 δέ
682 2894 863 2948 φαμεν
892 2877 999 2930 τῶν
1030 2878 1311 2948 ὀνομάτων
1337 2880 1399 2933 οὐ
1439 2882 1684 2954 μονοειδῆ
1721 2884 1938 2937 πάντων

347 2963 612 3039 εἶναιτὴν
642 2970 938 3040 σημασίαν,
964 2970 1098 3025 ἀλλά
1134 2971 1202 3024 τά
1235 2972 1332 3042 μὲν
1373 2972 1483 3025 τῶν
1521 2976 1833 3045 προσόντων
1859 2974 1940 3046 τῷ

347 3061 488 3132 Θεῷ,
530 3062 599 3116 τά
645 3063 702 3116 δὲ
741 3063 851 3116 τῶν
884 3063 1318 3134 ἀποπεφυκότων
1364 3064 1477 3135 ἔχει
1524 3066 1622 3139 τὴν
1666 3067 1936 3140 ἔμφασινο

346 3150 479 3219 οἷον,
516 3155 721 3209 δίκαιον
741 3156 904 3210 αὐτὸν
932 3157 1026 3211 καί
1050 3155 1327 3229 ἄφθαρτον
1348 3158 1602 3230 λέγομεν,
1636 3159 1716 3229 τῷ
1751 3161 1851 3231 μὲν
1868 3162 1941 3215 δι-

349 3248 510 3319 καίῳ,
552 3248 614 3301 τὸ
653 3251 934 3321 προσεῖναι
971 3248 1351 3320 δικαιοσύνην·
1380 3250 1458 3323 τῷ
1494 3251 1550 3303 δὲ
1580 3252 1843 3324 ἀφθάρτῳ
1878 3254 1939 3307 τὸ

352 3341 427 3413 μὴ
458 3344 741 3412 προσεῖναι
776 3341 982 3414 φθορὰν
1023 3342 1440 3414 ἐνδεικνύμενοι.
1488 3344 1703 3410 Ἔξεστι
1747 3344 1804 3397 δὲ
1835 3344 1939 3399 πά-

348 3435 430 3487 λιν
461 3436 555 3488 καὶ
593 3434 976 3501 ὑπαλλάξαντα
1003 3435 1103 3499 τὰς
1136 3434 1408 3506 σημασίας
1445 3436 1584 3488 κατά
1615 3436 1675 3489 τὸ
1706 3436 1940 3507 ἔμπαλιν

349 3526 645 3598 προσφυῶς
674 3527 983 3598 ἐφαρμόσαι
1018 3527 1096 3598 τῷ
1133 3526 1254 3598 Θεῷ
1282 3527 1353 3580 τά
1388 3528 1629 3597 ὀνόματα
1649 3544 1661 3556 ·
1698 3528 1837 3583 ὥστε
1862 3530 1940 3602 τῷ

352 3622 451 3690 μὲν
484 3620 907 3690 ἀπεμφαίνοντι,
956 3620 1017 3673 τὸ
1065 3622 1285 3683 οἰκεῖον,
1338 3619 1418 3690 τῷ
1448 3619 1505 3673 δέ
1557 3621 1835 3691 προσόντι,
1881 3622 1941 3676 τὸ

349 3712 629 3783 ἀλλότριον
674 3713 1151 3785 παραστήσασθαι.
1194 3713 1274 3784 Τῇ
1320 3712 1429 3783 γὰρ
1483 3712 1798 3786 δικαιοσύνῃ
1841 3713 1941 3783 τῆς

350 3806 564 3869 ἀδικίας
612 3805 1049 3875 ἁντινοουμένης,
1090 3808 1155 3877 τῇ
1199 3806 1257 3859 δέ
1300 3806 1476 3878 φθορᾷ
1506 3808 1604 3877 τῆς
1642 3806 1943 3875 ἀῖδιότητος

351 3899 758 3970 ἀντικειμένης,
811 3899 1035 3953 δυνατόν
1088 3900 1204 3951 ἐστι
1264 3899 1566 3972 χρήσασθαι
1618 3900 1943 3971 προσφόρως

351 3994 445 4045 ἐπὶ
482 3992 576 4045 τοῦ
612 3991 746 4045 Θεοῦ
791 3994 904 4056 τοῖς
940 3992 1225 4057 ἐναντίοις,
1262 3994 1357 4046 καὶ
1398 3993 1473 4065 μὴ
1497 3994 1818 4064 διαμαρτεῖν
1848 3992 1941 4047 τοῦ

354 4084 725 4155 προσήκοντος
775 4086 833 4137 ἐν
871 4083 949 4155 τῷ
991 4086 1185 4147 εἰπεῖν,
1235 4085 1321 4138 ἀεί
1359 4102 1419 4138 τε
1468 4086 1629 4139 αὑτὸν
1676 4080 1814 4138 εἶναι
1849 4086 1944 4139 καὶ

352 4177 537 4231 eam
569 4175 643 4247 μὴ
666 4173 805 4230 εἶναι
827 4192 839 4204 ·
872 4178 1009 4249 ὅπερ
1036 4172 1155 4231 ἶσόν
1200 4181 1314 4231 ἐστι
1362 4178 1441 4248 τῷ
1474 4178 1681 4232 δίκαιόν
1709 4196 1767 4232 τε
1804 4173 1944 4231 εἶναι

353 4269 553 4337 λέγειν,
591 4271 688 4323 καὶ
732 4270 937 4339 φθορὰν
981 4269 1056 4341 μὴ
1107 4270 1519 4340 προσδέχεσθαι.
1561 4271 1717 4324 Οὕτω
1754 4270 1847 4324 καὶ
1877 4270 1945 4322 τὰ

354 4362 517 4416 λοιπά
544 4361 652 4416 τῶν
705 4362 985 4433 ὀνομάτων
1012 4365 1079 4433 τῇ
1124 4364 1252 4433 ποιᾷ
1289 4362 1586 4433 μεταλήψει
1633 4363 1733 4432 τῆς
1764 4378 1945 4433 σημα-

357 4453 478 4516 σίας
530 4453 669 4525 πρὸς
706 4454 970 4524 ἑκατέραν
1000 4453 1099 4525 τὴν
1146 4453 1384 4524 ἔμφασιν
1436 4455 1756 4525 ἐπιτηδείως
1802 4454 1943 4525 ἔχειν

356 4548 561 4620 φαμὲν,
598 4542 708 4600 οἷον
749 4547 810 4600 τὸ
844 4547 1043 4616 ἀγαθὸν
1074 4548 1168 4602 καὶ
1200 4548 1484 4615 ἀθάνατον,
1519 4551 1613 4603 καὶ
1666 4551 1846 4605 πάντα
1874 4554 1942 4607 τὰ
1975 4581 2022 4636 ι)

357 4642 501 4696 κατά
549 4642 642 4695 τὸν
689 4642 873 4711 ὅμοιον
926 4642 1269 4711 ἐκφερόμενα
1316 4642 1506 4698 τύπον.
1555 4643 1789 4699 Δύναται
1835 4645 1944 4717 γὰρ

358 4735 589 4788 ἕκαστον
640 4732 820 4786 αὐτῶν
857 4732 1033 4796 ἄλλως
1089 4734 1181 4786 καὶ
1224 4732 1400 4797 ἄλλως
1451 4734 1814 4805 μεταληφθὲν,
1854 4738 1948 4790 καὶ

358 4826 421 4879 τὸ
443 4825 647 4897 προσὸν
677 4825 771 4877 καὶ
798 4825 859 4877 τὸ
886 4824 960 4896 μὴ
982 4824 1183 4896 προσὸν
1207 4826 1299 4878 ἐπὶ¹
1322 4826 1421 4895 τῆς
1444 4825 1593 4890 θείας
1612 4827 1948 4893 ἐνδείξασθαι

362 4918 607 4988 φύσεως·
640 4917 781 4971 ὥστε
838 4916 932 4971 τοῦ
978 4919 1256 4989 σχήματος
1303 4918 1412 4972 τῶν
1459 4919 1737 4989 ὀνομάτων
1777 4922 1949 4976 ὑπαλ-

361 5013 718 5083 λασσομένου,
748 5011 847 5083 τὴν
866 5011 1067 5080 εὐσεεῆ
1091 5011 1217 5081 περὶ
1243 5010 1302 5064 τὸ
1330 5012 1687 5082 ὑποκείμενον
1714 5014 1953 5068 διάνοιαν

368 5103 547 5173 μένειν
599 5102 877 5172 ἀκίνητον.
930 5099 1106 5152 Ταύτὸ
1144 5100 1253 5171 γάρ
1299 5102 1466 5165 ἐστιν,
1514 5102 1861 5156 ἁνεπίδεκτόν
1894 5122 1952 5157 τε

366 5195 633 5266 πονηρίας
662 5194 753 5247 τὸν
783 5194 915 5248 Θεὸν
947 5195 1137 5256 εἰπεῖν,
1170 5194 1264 5247 καὶ
1298 5194 1499 5262 ἀγαθὸν
1527 5196 1792 5265 ὀνομάσαι
1812 5213 1825 5226 ·
1859 5199 1954 5251 καὶ

367 5288 631 5342 ἀθάνατον
677 5286 1031 5357 ὁμολογῆσαι,
1083 5285 1176 5337 καὶ
1220 5286 1305 5338 ἀεὶ
1344 5285 1519 5349 ζῶντα
1549 5289 1741 5340 εἰπεῖν.
1793 5289 1957 5341 Ούδε-

372 5383 501 5452 μίαν
527 5381 635 5451 γὰρ
679 5383 735 5433 ἐν
763 5380 975 5441 τούτοις
1011 5377 1153 5431 κατά
1181 5377 1239 5431 τὸ
1267 5378 1662 5450 σημαινόμενον
1690 5380 1953 5451 διαφορὰν

370 5470 679 5540 ἐννοοῦμεν,
713 5470 829 5522 ἀλλ’
876 5468 933 5521 ἒν
982 5469 1049 5521 δι’
1078 5468 1352 5539 ἑκατέρων
1381 5468 1489 5521 τῶν
1536 5469 1710 5539 λόγων
1746 5473 1951 5542 ἀποσηο

376 5562 670 5631 μαίνομεν·
706 5561 811 5615 κᾶν
846 5561 907 5614 τὸ
944 5561 1043 5630 μὲν
1095 5560 1265 5623 θέσιν,
1294 5560 1353 5614 τὺ
1395 5559 1451 5612 δὲ
1484 5561 1761 5633 ἀναίρεσίν
1810 5582 1953 5628 τινος

372 5653 515 5723 ἔχειν
539 5653 690 5726 δοκῇ.

2034 583 2290 652 gerendis
2307 584 2633 639 avocatione
2655 582 2945 656 indigeret.
2961 583 3435 649 Quemadmodum
3453 585 3622 639 audio

2040 672 2372 729 Eunomium
2403 690 2573 745 super
2600 672 2827 729 Iliacum
2871 675 3077 731 bellum
3113 690 3385 729 annorum
3427 676 3619 730 multi-

2036 767 2229 821 tudine
2253 766 2531 822 laboriose
2552 775 2606 822 et
2631 766 2843 832 sedulo,
2864 774 2921 824 et
2952 768 3007 821 in
3033 768 3426 838 tranquillitate
3447 768 3620 820 multa

2035 859 2477 928 incumbentem,
2513 862 2567 917 in
2596 862 2766 917 multo
2806 876 3002 917 somno
3040 862 3147 916 hoc
3193 863 3469 917 somnium
3512 860 3620 917 sibi

2034 951 2403 1018 conﬁnxisse,
2434 960 2771 1022 quaerentem
2804 952 3100 1024 diligenter
3125 960 3181 1010 et
3211 953 3468 1019 solerter,
3506 968 3621 1008 non

2036 1044 2312 1113 quomodo
2337 1045 2731 1115 interpretetur
2754 1046 2886 1117 quid
2920 1061 3112 1103 eorum
3147 1062 3271 1118 quae
3303 1046 3621 1117 intelligun-

2036 1142 2147 1200 tur,
2173 1137 2269 1192 sed
2305 1137 2581 1208 quomodo
2603 1138 2673 1192 ad
2696 1138 2969 1195 dictiones
2993 1153 3157 1194 sensa
3188 1150 3379 1196 coacta
3407 1147 3595 1211 pertra
3620 1178 3621 1181 η

2039 1228 2162 1293 hat,
2194 1238 2359 1300 atque
2398 1231 2748 1287 sonantiores
2782 1247 2946 1287 voces
2986 1231 3337 1303 colligentem
3383 1247 3451 1289 ex
3496 1232 3623 1303 qui-

2037 1319 2272 1375 busdam
2296 1320 2540 1390 scriptis.
2560 1319 2627 1374 Et
2649 1320 3111 1392 quemadmodum
3139 1320 3376 1377 mendici
3397 1330 3627 1393 propter

2036 1411 2328 1482 penuriam
2376 1413 2547 1468 vestis
2578 1428 2646 1468 ex
2682 1414 2880 1469 laceris
2925 1420 2979 1469 et
3024 1413 3242 1470 detritis
3288 1413 3623 1484 quibusdam

2038 1505 2353 1575 panniculis
2382 1504 2605 1561 tunicas
2636 1520 2737 1561 acu
2768 1515 3077 1578 puugentes
3102 1515 3381 1562 consuunt
3407 1525 3420 1561 :
3456 1506 3541 1563 sic
3567 1513 3624 1561 et

2037 1600 2185 1654 hunc
2218 1600 2380 1654 aliam
2418 1600 2551 1655 alibi
2584 1599 2880 1655 dictionem
2917 1601 3341 1673 decerpentem,
3384 1617 3485 1673 per
3522 1600 3627 1657 bas

2039 1694 2146 1749 sibi
2197 1693 2362 1763 hujus
2415 1694 2684 1749 orationis
2736 1703 3025 1750 centonem
3079 1696 3464 1761 contexuisse,
3510 1710 3621 1749 non

2040 1786 2159 1841 sine
2179 1787 2403 1841 miseria
2423 1786 2715 1841 verborum
2739 1788 3163 1843 commissuram
3188 1787 3622 1858 compingentem

2038 1886 2093 1933 et
2123 1888 2546 1947 componentem
2567 1916 2582 1941 ,
2606 1876 2767 1947 cujus
2795 1877 3005 1933 lubrica
3030 1878 3360 1948 etjuvenilis
3392 1877 3628 1933 ambitio

2036 1969 2105 2025 ad
2138 1980 2420 2025 certamen
2456 1971 2577 2025 viro
2608 1970 2675 2024 ad
2704 1970 2992 2025 veritatem
3030 1971 3297 2040 spectanti
3330 1978 3441 2024 tam
3468 1986 3626 2039 repu-

2036 2062 2237 2118 dianda
2265 2074 2350 2120 est
2373 2103 2389 2129 ,
2420 2079 2583 2134 quam
2612 2064 2827 2119 athleta:
2861 2063 3025 2119 alicui
3061 2063 3188 2118 forti
3218 2071 3273 2118 et
3301 2071 3429 2117 natu
3464 2079 3628 2132 gran-

2036 2157 2213 2223 diori,
2248 2173 2431 2229 neque
2458 2158 2742 2215 amoribus
2778 2159 3016 2229 amplius
3048 2158 3279 2223 idoneo,
3312 2157 3626 2228 superﬂuus

2036 2259 2092 2306 et
2148 2258 2405 2321 comptus
2447 2250 2735 2307 muliebris
2784 2252 2966 2307 cultus
3017 2258 3073 2306 et
3124 2259 3355 2306 ornatus
3403 2258 3487 2306 est
3536 2249 3627 2305 fu-

2037 2342 2292 2415 giendus.
2347 2341 2455 2398 Sed
2504 2343 2673 2399 totius
2727 2343 3227 2415 argumentationis
3279 2350 3334 2397 et
3390 2351 3626 2398 conatus

2038 2449 2207 2504 scopo
2242 2434 2481 2489 breviter
2514 2448 2784 2503 percurso
2808 2474 2822 2498 ,
2869 2433 3061 2505 longas
3099 2433 3394 2488 verborum
3436 2432 3628 2487 amba-

2036 2536 2132 2592 ges
2158 2528 2213 2576 et
2242 2521 2507 2578 circuitus
2532 2522 2731 2591 jubere
2760 2524 2943 2579 valere
2970 2540 3190 2579 censeo.
3223 2524 3393 2596 Igitur
3417 2523 3624 2579 dictum

2037 2622 2115 2667 est
2156 2628 2187 2666 a
2229 2613 2393 2670 nobis
2434 2613 2726 2684 (doctoris
2771 2615 2915 2670 enim
2957 2631 3265 2671 sermonem
3313 2615 3447 2669 mihi
3492 2630 3621 2685 pro-

2038 2705 2216 2774 prium
2244 2712 2298 2759 et
2331 2704 2690 2760 domesticum
2726 2704 2907 2773 facio)
2943 2706 3011 2761 de
3038 2704 3225 2759 divina
3276 2714 3473 2760 natura
3522 2722 3630 2761 nos

2041 2798 2391 2868 perexiguam
2424 2804 2479 2852 et
2508 2798 2799 2851 obscuram
2829 2797 2987 2852 valde
3027 2814 3124 2868 per
3169 2798 3626 2855 ratiocinationes

2039 2892 2441 2960 perceptionem
2470 2900 2525 2944 et
2550 2891 3099 2959 comprehensionem
3132 2889 3333 2944 habere
3362 2908 3375 2943 :
3410 2905 3632 2945 verum-

2037 2986 2221 3033 tamen
2254 2987 2458 3034 nostrae
2486 2977 2769 3034 facultatis
2796 2979 3092 3050 exiguitate
3118 2986 3408 3035 contentos
3438 2995 3535 3050 per
3566 2997 3630 3035 ea

2039 3070 2263 3127 nomina
2293 3086 2415 3141 quae
2446 3070 2513 3125 de
2546 3070 2665 3142 ipsa
2703 3071 2791 3141 pie
2821 3071 3105 3138 dicuntur,
3141 3070 3501 3126 suﬁicientem
3539 3087 3632 3127 co-

2042 3164 2341 3234 gnitionem
2391 3179 2493 3219 nos
2537 3164 2836 3235 colligere:
2884 3164 3082 3219 borum
3124 3173 3301 3219 autem
3346 3165 3630 3220 nominum

2048 3259 2288 3315 dicimus
2323 3273 2432 3312 non
2467 3273 2590 3314 esse
2624 3258 2869 3313 omnium
2909 3257 3236 3313 uniformem
3274 3257 3633 3329 signiﬁcatio-

2048 3367 2210 3417 nem,
2262 3351 2358 3406 sed
2410 3350 2656 3421 quaedam
2709 3366 2899 3406 eorum
2954 3366 3075 3421 qua:
3122 3351 3312 3406 insunt
3340 3351 3489 3415 Deo,
3524 3352 3633 3406 alia

2047 3458 2178 3498 vero
2203 3459 2393 3500 eorum
2422 3458 2546 3513 qua:
2573 3443 2643 3497 ab
2672 3458 2737 3498 eo
2761 3442 3002 3507 absunt,
3034 3443 3372 3497 notationem
3402 3443 3632 3505 habere,

2047 3543 2109 3590 ut
2141 3551 2264 3590 cum
2295 3536 2506 3605 justum
2541 3534 2721 3606 ipsum
2754 3544 2811 3590 et
2848 3535 3318 3605 incorruptibilem
3359 3535 3632 3598 dicimus,

2043 3628 2196 3698 justo
2222 3630 2441 3699 quidem
2482 3629 2668 3684 inesse
2705 3629 3012 3699 justitiam,
3050 3630 3461 3700 iucorruptibili
3503 3646 3634 3685 vero

2050 3736 2159 3776 non
2190 3722 2373 3777 inesse
2418 3720 2701 3774 interitum
2749 3722 3213 3776 demonstramus.
3255 3720 3405 3775 Licet
3438 3735 3632 3774 rursus

2050 3810 2215 3865 etiam
2247 3810 2471 3866 mutatis
2503 3809 3004 3881 signiﬁcationibus
3036 3811 3154 3864 vice
3184 3824 3346 3865 versa
3384 3808 3497 3864 Deo
3534 3826 3637 3864 nu-

2052 3902 2200 3956 mina
2235 3902 2578 3958 cohaerenter
2607 3902 3027 3957 accommodare
3047 3943 3061 3968 ,
3089 3902 3160 3956 ita
3194 3910 3255 3955 ut
3280 3901 3386 3956 hoc
3411 3903 3631 3971 quidem

2056 3994 2206 4064 quod
2241 3994 2394 4049 nullo
2437 3993 2601 4049 modo
2645 3995 2937 4060 convenit,
2992 3992 3140 4063 quod
3192 3994 3299 4064 ipsi
3349 3995 3632 4064 prOprium

2052 4094 2173 4150 est,
2207 4102 2272 4141 eo
2302 4102 2437 4141 vero
2466 4086 2610 4156 quod
2642 4085 2832 4150 adest,
2867 4085 3015 4155 quod
3045 4086 3114 4140 ab
3153 4101 3219 4141 eo
3262 4094 3348 4143 est
3394 4088 3634 4141 alienum

2051 4184 2495 4246 repraesentetur.
2528 4176 2664 4229 Nam
2696 4190 2820 4229 cum
2856 4174 3126 4244 injustitia
3155 4175 3386 4246 justitia:
3418 4188 3638 4231 contra-

2052 4271 2135 4325 ria
2184 4270 2541 4340 intelligatur,
2581 4276 2635 4323 et
2678 4268 2923 4323 interitui
2964 4270 3245 4326 aeternitas
3288 4270 3634 4335 adversetur,

2052 4363 2135 4419 fas
2160 4377 2245 4420 est
2277 4364 2669 4419 convenienter
2703 4364 2781 4417 uti
2832 4363 2883 4416 in
2921 4360 3029 4418 Deo
3074 4364 3407 4427 contrariis,
3457 4379 3637 4434 neque

2052 4458 2314 4513 aberrare
2346 4457 2414 4511 ab
2446 4472 2513 4511 eo
2538 4456 2683 4527 quod
2713 4458 3012 4522 convenit,
3045 4456 3278 4513 dicendo
3307 4472 3639 4528 semperque

2054 4549 2233 4617 ipsum
2262 4561 2387 4602 esse
2408 4553 2461 4601 et
2487 4546 2751 4615 injustum
2776 4561 2886 4600 non
2914 4561 3036 4601 csse
3060 4566 3074 4601 :
3100 4545 3247 4616 quod
3276 4546 3404 4601 huic
3427 4527 3639 4616 aequale

2054 4648 2159 4704 est,
2184 4654 2377 4710 nempe
2399 4639 2585 4693 dicere
2606 4638 2816 4707 justum
2838 4653 2960 4693 esse
2977 4646 3031 4693 et
3050 4653 3159 4692 non
3184 4639 3462 4693 interitum
3491 4639 3639 4693 acci-

2054 4749 2219 4805 pere:
2250 4732 2330 4787 sic
2361 4732 2525 4787 etiam
2557 4731 2768 4801 reliqua
2798 4731 3024 4784 nomina
3050 4731 3287 4802 quadam
3321 4739 3635 4786 transsum~

2057 4826 2241 4896 ptionc
2291 4824 2709 4894 signiﬁcationis
2751 4821 2819 4876 ad
2866 4830 3157 4894 utramque
3206 4822 3639 4879 declarationem

2056 4930 2181 4991 apte
2206 4927 2261 4974 et
2291 4925 2657 4988 congruenter
2702 4931 2763 4971 se
2798 4914 3002 4970 habere
3044 4915 3349 4970 asserimus
3372 4955 3386 4979 ,
3431 4923 3492 4970 ut
3537 4917 3638 4970 bo-

2057 5026 2187 5065 num
2217 5017 2272 5063 et
2301 5007 2641 5070 immortale,
2670 5014 2723 5061 et
2749 5007 2934 5060 omnia
2965 5022 3088 5077 qua:
3116 5006 3279 5062 simili
3313 5006 3485 5061 forma
3518 5007 3642 5062 eﬁ‘c-

2058 5111 2254 5157 runtur
2280 5119 2295 5169 ;
2332 5107 2514 5171 potest
2544 5099 2690 5154 enim
2718 5098 3153 5168 unumquodque
3204 5098 3399 5151 horum
3428 5138 3443 5164 ,
3477 5098 3641 5153 aliter

2057 5204 2223 5265 atque
2251 5193 2410 5248 aliter
2446 5197 2886 5259 transsumptum
2910 5230 2925 5253 ,
2958 5199 3013 5245 et
3052 5189 3197 5260 quod
3232 5192 3372 5245 inest
3404 5198 3457 5244 et
3492 5189 3641 5258 quod

2057 5305 2169 5343 non
2206 5288 2349 5343 inest
2381 5286 2435 5341 in
2471 5285 2657 5340 divina
2693 5293 2888 5339 natura
2928 5282 3193 5338 indicare.
3241 5283 3317 5337 lta
3358 5292 3416 5337 ut
3467 5284 3641 5354 ﬁgura

2059 5381 2342 5437 nominum
2372 5387 2613 5443 mutata,
2643 5378 2731 5449 pia
2760 5377 2814 5432 in
2844 5376 3093 5446 subjecto
3120 5376 3479 5446 intelligentia
3519 5393 3637 5429 ma-

2059 5482 2186 5527 neat
2219 5471 2556 5526 immobilis:
2591 5470 2733 5525 idem
2765 5469 2910 5525 enim
2945 5476 3030 5524 est
3068 5467 3236 5523 Deum
3269 5467 3643 5538 improbitatis

2062 5580 2169 5618 non
2203 5577 2459 5633 capacem
2497 5561 2714 5625 dicere,
2749 5568 2802 5616 et
2836 5561 3038 5615 bonum
3075 5560 3398 5628 nominare;
3440 5567 3495 5614 et
3539 5560 3643 5613 im-

2061 5657 2350 5713 mortalem
2401 5654 2692 5719 conﬁteri,
2742 5662 2797 5710 et
2845 5667 3061 5724 semper
3109 5652 3385 5705 viventem
3434 5650 3639 5706 dicere.

374 5744 588 5803 h’ultam
632 5748 779 5804 enim
861 5748 917 5803 in
960 5749 1028 5805 iis
1067 5749 1368 5806 secundum
1414 5748 1781 5820 signiﬁcatqu
1824 5752 2187 5813 diﬁerentiam
2255 5750 2644 5822 intelligimus,
2690 5746 2782 5805 sed
2832 5763 2999 5803 unum
3078 5752 3309 5816 utraque
3388 5743 3648 5800 oratione
