4142 6374
564 374 671 429 955

1821 359 1860 416 S
1873 400 1888 416 .
1930 354 2261 415 GREGOBII
2296 354 2593 413 NYSSEM
3724 354 3841 410 956

561 495 965 567 signiﬁcamus,
1019 489 1275 561 quamvis
1331 487 1438 541 hoc
1490 484 1711 555 quidem
1767 480 2139 553 positionem,
2179 477 2295 534 sive
2326 477 2779 540 atlirmationem,
2818 475 2953 530 illud
3020 489 3150 531 vero
3217 473 3551 531 ablationem
3597 490 3691 531 seu
3732 492 3843 531 ne-

564 588 837 658 gationem
869 581 1107 652 alicujus
1144 581 1345 635 habere
1370 577 1647 633 videatur.

636 682 834 736 Eodem
868 687 1026 748 pacto
1066 677 1312 732 omnium
1359 674 1693 746 principium
1740 670 1911 725 Deum
1953 670 2141 724 dicen-

2335 660 2611 723 Ὡσαύτως
2648 657 2744 712 καὶ
2791 658 3007 712 πάντων
3046 658 3221 728 ἀρχὴν
3263 658 3509 723 λέγοντες
3540 659 3633 715 τὸν
3674 660 3835 724 Θεὸν,

562 784 676 836 tes,
707 782 763 828 et
792 787 986 825 rursus
1017 770 1273 839 ἄναρχον,
1306 766 1359 820 id
1389 774 1513 832 est,
1543 776 1820 819 carentem
1847 760 2142 833 principio,

570 866 946 929 nominantes,
984 861 1118 916 nihil
1149 858 1332 930 quoad
1364 873 1584 914 sensum
1622 870 1959 927 pugnamus,
1993 862 2145 907 utro-

563 972 670 1026 que
700 953 919 1008 nomine
953 950 1252 1021 principem
1285 956 1338 1003 et
1368 955 1650 1001 auctorem
1684 944 1922 998 universi
1963 943 2171 997 decla-.

566 1055 773 1101 rantes.
808 1049 991 1110 Quare
1020 1043 1136 1096 sive
1177 1040 1450 1110 principio
1492 1045 1767 1093 carentem
1810 1034 2141 1100 dixerimus,

566 1142 682 1195 sive
729 1137 969 1191 universi
1024 1142 1338 1196 auctorem,
1388 1132 1490 1185 hoc
1541 1129 1759 1199 quidem
1792 1128 1936 1198 quod
1967 1128 2141 1191 inest,

566 1232 740 1283 altero
790 1241 953 1291 vero,
1004 1224 1148 1294 quod
1204 1238 1311 1277 non
1367 1222 1511 1275 inest
1558 1218 1959 1289 expressimus.
2006 1215 2141 1270 Cum

566 1321 650 1373 fas
676 1319 775 1380 sit,
808 1317 952 1371 sicut
977 1314 1184 1369 dictum
1210 1319 1330 1372 est,
1362 1327 1458 1380 per
1482 1310 1911 1381 signiﬁcatorum
1946 1307 2143 1361 immu-

568 1413 830 1464 tationem
854 1448 868 1470 ,
906 1408 1192 1461 nominum
1226 1404 1657 1474 signiﬁcationes
1706 1402 1760 1455 in
1802 1398 2141 1454 contrarium

564 1508 975 1564 transmutare,
1035 1508 1089 1553 et
1144 1512 1292 1551 nunc
1350 1494 1572 1565 quidem
1630 1493 1986 1548 dissentanea
2042 1505 2145 1545 no-

566 1593 713 1646 mine
757 1606 854 1659 per
894 1589 1185 1659 quamdam
1231 1585 1767 1655 transﬁgurationem
1809 1582 1959 1654 quod
2003 1582 2145 1637 inest

568 1692 755 1737 notum
806 1682 961 1743 ﬁeri,
1005 1688 1060 1735 et
1107 1681 1281 1735 altero
1334 1680 1615 1732 alterum:
1663 1676 1793 1731 licet
1842 1677 1989 1731 enim
2044 1690 2144 1745 pro

565 1790 632 1827 eo
683 1770 829 1841 quod
874 1770 1173 1833 diceretur,
1223 1766 1555 1837 Principium
1604 1766 1723 1835 ipse
1773 1780 1884 1819 non
1938 1764 2140 1832 habet,

565 1864 794 1918 deﬁnire
825 1862 1004 1932 ipsum
1037 1875 1159 1915 esse
1188 1858 1431 1914 universi
1463 1857 1793 1927 principium
1820 1896 1836 1921 ,
1868 1863 1924 1911 et
1953 1867 2144 1910 contra

566 1972 666 2025 pro
722 1955 860 2021 hoc,
918 1954 1097 2024 ipsum
1151 1952 1328 2023 solum
1381 1950 1627 2006 conﬁteri
1688 1951 1852 2005 modo
1903 1950 2145 2020 ingenito

566 2046 681 2101 sive
716 2045 1163 2117 ingenerabiliter
1194 2043 1512 2098 subsistere.
1532 2042 1609 2096 lta
1638 2049 1697 2095 ut
1732 2041 1896 2096 verba
1924 2042 2144 2111 quidem
2179 2032 2222 2086 Β

568 2140 854 2193 videantur
906 2140 1093 2208 ﬁgurae
1150 2132 1530 2189 immutatione
1577 2133 1891 2187 diﬁerenter
1936 2148 1996 2187 se
2052 2133 2147 2185 ha-

566 2230 715 2290 bere.
757 2228 1093 2288 intellectum
1131 2241 1261 2281 vero
1291 2226 1360 2295 jin
1403 2226 1489 2279 his
1513 2240 1634 2295 quae
1664 2224 1943 2285 dicuntur,
1979 2239 2144 2277 unum

564 2320 931 2391 einiidemque
962 2333 1317 2389 permanere;
1369 2317 1473 2372 hoc
1519 2316 1665 2371 enim
1713 2322 1798 2371 est
1835 2314 1984 2385 quod
2030 2323 2147 2369 stu-

564 2416 718 2469 diose
766 2411 1102 2483 perquiritur
1145 2412 1201 2465 in
1253 2410 1338 2465 his
1372 2425 1494 2479 quae
1524 2409 1591 2463 de
1631 2408 1742 2463 Deo
1788 2408 2149 2463 instituuntur

563 2505 933 2567 sermonibus,
968 2510 1029 2555 ut
1068 2516 1177 2555 non
1228 2503 1519 2555 verborum
1571 2515 1790 2556 suavem
1833 2507 1888 2554 et
1934 2500 2145 2553 dulcem

564 2615 783 2663 sonum,
812 2597 1068 2667 quodque
1096 2596 1428 2650 concinnum
1467 2601 1522 2648 et
1573 2593 1931 2658 modulatum,
1975 2602 2150 2647 atten-

562 2691 783 2753 damus,
813 2688 908 2743 sed
940 2697 999 2741 ut
1022 2688 1169 2757 piam
1193 2683 1604 2754 intelligentiam
1628 2685 2019 2753 exeogitemus.
2052 2697 2150 2752 per

561 2796 727 2850 quam
760 2779 1022 2833 decorum
1062 2777 1131 2832 de
1170 2775 1280 2831 Deo
1322 2774 1719 2829 existimationi
1765 2781 2144 2827 conservetur.

564 2870 832 2937 Quoniam
866 2870 1031 2939 igitur
1076 2868 1225 2938 pium
1261 2877 1347 2923 est
1392 2866 1659 2921 rationem
1690 2864 1977 2935 complecti
2028 2865 2151 2919 uni-

564 2964 707 3017 versi
738 2970 1041 3024 auctorem,
1079 2960 1257 3030 ipsum
1297 2973 1521 3014 causam
1563 2973 1675 3014 non
1710 2956 1910 3012 habere
1962 2970 2151 3026 super-

563 3056 801 3123 positam
842 3074 855 3109 :
905 3054 1009 3107 hac
1045 3051 1315 3108 sententia
1351 3051 1511 3106 nobis
1540 3049 1751 3103 ﬁrmata
1788 3056 1842 3102 et
1873 3056 2148 3111 manente,

560 3160 813 3217 quamam
837 3145 1072 3214 amplius
1099 3151 1284 3198 mente
1319 3142 1565 3212 prreditis
1592 3149 1646 3196 et
1678 3148 1826 3196 recte
1850 3140 2151 3209 judicanti-

562 3240 668 3293 bus
704 3237 991 3292 verborum
1032 3234 1414 3290 controversia
1469 3239 1525 3288 et
1566 3247 1748 3303 pugna
1791 3230 2153 3300 relinquimur?

562 3330 699 3383 Cum
732 3344 832 3383 vox
860 3328 1041 3381 omnis
1070 3341 1180 3396 qua
1226 3325 1335 3379 tale
1359 3324 1527 3378 animi
1563 3338 1785 3379 sensum
1835 3323 2154 3377 enuntiatur

2251 754 2345 808 xui.
2377 752 2540 806 πάλιν
2589 750 2824 821 ἄναρχον
2852 748 3230 817 ὀνομάζοντες,
3256 747 3408 801 οὐδὲν
3436 750 3576 803 γατὰ
3618 750 3717 815 τὰς
3747 753 3840 804 ὲν-

2249 847 2397 909 νοίας
2434 843 2738 915 μαχόμεθα,
2764 842 2886 895 καθ’
2912 841 3171 913 ἑκάτερον
3201 840 3312 893 τῶν
3330 841 3634 912 λεγομένων
3656 845 3839 915 ἀρχη-

2249 939 2344 1008 γὸν
2366 937 2460 990 καὶ
2491 935 2664 989 αἴτιον
2704 929 2843 987 εἶναι
2873 934 2967 986 τοῦ
2999 933 3197 996 παντὸς
3224 935 3636 1003 ἀποφαίνοντες.
3667 936 3837 989 Ὥστε

2250 1029 2352 1084 κᾶν
2382 1030 2617 1100 ἄναρχον
2642 1026 2904 1096 εἴπωμεν,
2933 1025 3035 1078 κᾶν
3060 1024 3154 1079 τοῦ
3177 1024 3371 1089 παντὸς
3401 1025 3729 1098 ἀρχηγέτην,
3753 1027 3837 1098 τῷ

2252 1124 2350 1195 μὲν
2377 1123 2439 1175 τὸ
2489 1120 2713 1191 προσὸν,
2746 1119 2826 1190 τῷ
2870 1118 3104 1190 δευτέρῳ
3136 1118 3192 1172 δὲ
3238 1118 3299 1173 τὸ
3335 1119 3409 1190 μὴ
3447 1121 3647 1191 προσὸν
3689 1137 3838 1190 παρ-

2250 1215 2575 1285 εστήσαμεν.
2627 1210 2862 1266 Δυνατοῦ
2899 1210 3070 1273 ὄντος,
3116 1209 3299 1272 καθὼς
3330 1211 3564 1281 εἴρηται,
3599 1210 3687 1263 διὰ
3730 1212 3837 1281 τῆς

2248 1307 2357 1361 τῶν
2399 1305 2813 1377 σημαινομένων
2845 1304 3182 1374 ὑπαλλαγῆς,
3234 1304 3564 1374 μεταλλάξαι
3604 1305 3740 1375 πρὸς
3770 1306 3836 1359 τὸ

2248 1398 2489 1453 ἐναντίον
2534 1396 2634 1461 τὰς
2685 1396 2792 1449 τῶν
2840 1396 3120 1465 ὀνομάτων
3153 1395 3439 1465 ἐμφάσεις,
3490 1397 3582 1449 καὶ
3628 1394 3705 1468 τῷ
3734 1398 3834 1449 νῦν

2248 1490 2644 1559 ἀπεμφαίνοντι
2675 1488 2813 1553 τέως
2840 1488 3065 1557 ὀνόματι
3106 1488 3193 1542 διά
3240 1505 3384 1552 τινος
3423 1506 3835 1560 μετασχηματι-

2251 1581 2389 1652 σμοῦ
2419 1581 2479 1634 τὸ
2505 1579 2707 1651 προσὸν
2738 1579 3104 1650 γνωρισθῆναι
3125 1596 3138 1609 ·
3177 1579 3272 1633 καὶ
3300 1581 3377 1650 τῷ
3407 1580 3580 1652 ἑτέρῳ
3625 1584 3687 1635 τὸ
3716 1584 3835 1635 ἐτε-

2253 1691 2363 1744 ρον.
2403 1674 2618 1739 Ἔξεστι
2652 1673 2761 1744 γὰρ
2797 1671 2922 1725 ἀντὶ
2978 1670 3073 1725 τοῦ
3128 1670 3303 1742 ἀρχὴν
3348 1672 3509 1725 αὐτὸν
3561 1674 3636 1745 μὴ
3683 1674 3831 1744 ἔχειν

2249 1768 2441 1830 εἰπεῖν,
2473 1765 2535 1817 τὸ
2566 1765 2741 1835 ἀρχὴν
2785 1764 2945 1817 αὑτὸν
2976 1762 3070 1817 τοῦ
3121 1765 3319 1829 παντὸς
3348 1761 3488 1819 εἰναι
3524 1766 3830 1836 ὁρίσασθαι,

2249 1860 2343 1911 καὶ
2377 1858 2497 1911 ἀντὶ
2544 1856 2735 1909 τούτου
2782 1856 2963 1918 πάλιν,
2999 1855 3061 1908 τὸ
3114 1856 3275 1926 μόνον
3312 1856 3473 1910 αὐτὸν
3521 1858 3835 1928 ἀγεννήτως

2249 1951 2529 2021 ὁμολογεῖν
2577 1948 2891 2018 ὑφεστάναι.
2931 1949 3089 2001 Ὥστε
3126 1948 3193 2001 τὰ
3240 1948 3339 2018 μὲν
3391 1951 3610 2019 ῥήματα
3656 1951 3833 2004 δοκεῖν

2253 2045 2318 2113 τῇ
2353 2041 2447 2095 τοῦ
2480 2043 2761 2113 σχήματος
2781 2041 3048 2111 ἐξαλλαγῇ
3087 2042 3361 2114 διαφόρως
3397 2046 3541 2114 ἔχειν
3567 2045 3703 2115 πρὸς
3738 2044 3838 2098 ἆλ-

2254 2133 2409 2202 ληλα,
2442 2133 2533 2186 τὸν
2562 2132 2620 2185 δὲ
2640 2131 2765 2185 νοῦν
2789 2133 2848 2185 ἐν
2874 2136 2983 2197 τοίς
3016 2132 3327 2202 λεγομένοις
3366 2135 3462 2188 ἕνα
3498 2136 3591 2188 καὶ
3622 2136 3715 2191 τὸν
3743 2138 3839 2190 αὐ-

2253 2224 2343 2275 τὸν
2384 2223 2680 2292 διαμένειν.
2717 2222 2790 2275 Τὸ
2828 2221 2936 2295 γὰρ
2987 2223 3417 2294 σπουδαζόμενον
3462 2226 3521 2278 ἐν
3557 2228 3670 2289 τοῖς
3706 2228 3837 2297 περὶ

2254 2312 2389 2366 Θεοῦ
2413 2313 2591 2381 λόγοις
2616 2313 2784 2377 ἐστὶν,
2813 2314 2933 2383 οὐχὶ
2962 2315 3223 2387 ῥημάτων
3245 2314 3515 2384 εὐφωνίαν
3540 2315 3837 2386 εῦκρουτόν

2254 2420 2312 2456 τε
2339 2403 2434 2455 καὶ
2475 2401 2792 2474 ἐναρμόνιον
2823 2402 3147 2472 ἐπινοῆσαι·
3203 2404 3317 2456 ἀλλ’
3352 2403 3549 2475 εὐσεϐῆ
3595 2405 3836 2459 διάνοιαν

2255 2493 2493 2561 ἐξευρεῖν
2529 2493 2596 2546 δι’
2619 2487 2687 2565 ἧς
2715 2493 2776 2545 τὸ
2808 2493 3016 2562 πρέπον
3053 2496 3117 2565 τῇ
3154 2495 3417 2565 ὑπολήψει
3448 2499 3512 2567 τῇ
3541 2497 3669 2567 περὶ
3694 2498 3832 2551 Θεοῦ

2258 2582 2678 2654 φυλαχθήσεται.
2719 2584 2938 2655 Ἐπειδὴ
2968 2585 3143 2637 τοίνυν
3164 2586 3384 2651 εὐσεϐὲς
3404 2587 3710 2657 λογίζεσθαι
3737 2592 3831 2644 τὸν

2256 2674 2349 2728 τοῦ
2383 2674 2582 2738 παντὸς
2635 2674 2827 2737 αἴτιον,
2869 2676 3031 2729 αὐτὸν
3079 2677 3258 2732 αἰτίαν
3294 2679 3367 2749 μὴ
3406 2679 3547 2750 ἔχειν
3584 2681 3835 2753 ὑπερκει-

2261 2767 2450 2838 μένην·
2501 2765 2704 2837 ταύτης
2741 2768 2871 2838 ἡμίν
2909 2768 3006 2836 τῆς
3037 2767 3272 2832 διανοίας
3301 2773 3715 2842 ἐρηρεισμένης,
3747 2773 3834 2836 τίς

2258 2859 2338 2910 ἐτι
2376 2858 2506 2930 περὶ
2550 2858 2617 2911 τὰ
2648 2860 2870 2930 ῥήματα
2911 2862 3023 2923 τοῖς
3057 2861 3178 2915 νοῦν
3231 2862 3445 2932 ἔχουσιν
3487 2864 3837 2918 ὑπολείπεται

2261 2948 2444 3019 μάχη;
2477 2950 2663 3021 Πάσης
2707 2950 2913 3020 φωνῆς,
2960 2953 3081 3005 καθ’
3111 2953 3177 3024 ἣν
3206 2954 3265 3007 τὸ
3300 2956 3539 3010 τοιοῦτον
3579 2957 3837 3026 ἐξαγγέλ-

2257 3042 2407 3095 λεται
2434 3042 2632 3113 νόημα,
2666 3042 2726 3095 τὺ
2772 3043 2905 3097 αὑτὸ
2945 3046 3315 3117 παριστώσης.
3348 3049 3474 3101 Εἴτε
3525 3050 3633 3121 γὰρ
3661 3052 3837 3121 ἀρχὴν

2259 3135 2419 3188 αὐτὸν
2439 3136 2532 3188 καὶ
2561 3136 2732 3189 αἴτιον
2766 3134 2859 3189 τοῦ
2894 3138 3092 3201 παντὸς
3126 3132 3265 3192 εἶναι
3297 3140 3498 3208 λέγοις,
3528 3142 3637 3195 εἴτε
3665 3142 3835 3213 ἄναρ-

2260 3245 2353 3297 χον
2385 3228 2545 3281 αὐτὸν
2584 3228 2889 3298 ὀνομάζοις,
2924 3229 3037 3283 εἴτε
3084 3232 3394 3302 ἀγεννήτως
3444 3229 3604 3297 εἶναι,
3635 3234 3744 3288 εἴτε
3774 3234 3837 3299 ἐξ

2259 3320 2430 3373 ἀϊδίου
2466 3320 2785 3389 ὑφεστάναι,
2815 3322 2925 3375 εἴτε
2960 3322 3057 3376 τοῦ
3090 3325 3291 3389 παντὸς
3318 3327 3509 3390 αἴτιον,
3542 3328 3649 3381 εἴτε
3674 3328 3732 3393 ἐξ
3753 3329 3838 3381 οὐ·

564 3421 707 3473 idem
755 3418 1043 3488 exprimat.
1104 3417 1234 3472 Sive
1284 3416 1431 3470 enim
1472 3415 1799 3485 principium
1860 3414 2038 3483 ipsum
2100 3421 2149 3467 et

2254 3412 2403 3477 δενὸς
2431 3413 2603 3467 αἰτίου
2636 3413 2819 3484 μόνον,
2860 3415 3038 3470 πάντα
3071 3416 3138 3470 τὰ
3162 3416 3384 3471 τοιαῦτα
3420 3420 3699 3473 ἰσοστάσιά
3720 3439 3840 3484 πως

564 3526 788 3566 causam
813 3510 1056 3564 universi
1091 3523 1213 3564 esse
1242 3507 1421 3569 dicas,
1456 3506 1573 3561 sive
1622 3504 1894 3574 principio
1949 3519 2146 3558 caren-

564 3612 676 3656 tem
715 3617 837 3658 esse
877 3617 1001 3655 eum
1053 3600 1325 3665 nomines,
1368 3598 1483 3653 sive
1513 3594 1757 3667 ingenito
1811 3595 1972 3649 modo
2008 3609 2150 3658 esse,

565 3696 680 3748 sive
710 3710 775 3748 ex
799 3695 1103 3748 aeternitate
1143 3692 1468 3753 subsistere,
1505 3690 1620 3746 sive
1660 3688 1900 3742 universi
1950 3694 2146 3741 aucto-

564 3798 703 3846 rem,
766 3784 881 3837 sive
905 3798 971 3837 ex
1003 3782 1150 3836 nulla
1190 3797 1357 3837 causa
1387 3780 1586 3840 solum,
1616 3777 1731 3833 haec
1759 3778 1939 3832 omnia
1963 3778 2153 3846 hujus-

564 3873 711 3928 modi
774 3874 1009 3943 aequalia
1054 3881 1183 3928 sunt
1232 3872 1467 3943 quodam
1502 3873 1666 3926 modo
1700 3872 1842 3925 inter
1864 3887 1943 3931 se,
1979 3887 2152 3940 quan-

565 3977 678 4019 tum
729 3966 798 4019 ad
851 3964 1283 4035 signiﬁcatorum
1332 3964 1442 4017 vim
1487 3963 1699 4017 attinet.
1746 3963 1814 4015 Et
1860 3978 2036 4017 vanus
2069 3971 2152 4016 est

563 4056 659 4125 qui
695 4057 1001 4111 reluctatur
1033 4065 1086 4111 et
1118 4054 1401 4109 contendit
1440 4055 1589 4108 circa
1650 4055 1816 4108 talem
1872 4054 2025 4109 vocis
2065 4069 2153 4108 soa

564 4166 720 4211 num,
757 4159 1015 4218 tanquam
1050 4162 1159 4201 non
1195 4148 1249 4200 in
1304 4154 1483 4200 mente
1532 4154 1588 4200 et
1625 4144 1915 4207 sententia,
1943 4146 2037 4200 sed
2098 4145 2151 4199 in

562 4242 790 4311 syllabis
819 4250 873 4296 et
890 4240 1040 4295 sonis
1069 4238 1336 4294 consistat
1358 4238 1552 4307 pietas.
1584 4235 1697 4291 [Iac
1736 4237 1905 4307 igitur
1938 4236 2112 4291 intelli
2138 4268 2147 4276 -

566 4334 748 4401 gentia
780 4347 810 4384 a
844 4331 1071 4385 doctore
1105 4329 1395 4384 articulate
1435 4329 1715 4391 distincta,
1746 4343 1844 4398 per
1877 4343 2038 4397 quam
2066 4327 2151 4381 his

563 4424 657 4493 qui
693 4439 801 4477 non
851 4423 1109 4477 haeretica
1144 4421 1416 4475 velamine
1458 4419 1681 4475 obducti
1714 4426 1843 4474 sunt
1894 4426 1947 4473 et
1976 4418 2150 4489 operti

565 4516 693 4571 licet
740 4516 1070 4583 perspicere,
1125 4512 1269 4582 quod
1312 4528 1513 4567 numen
1567 4511 2059 4582 quomodocunque
2092 4528 2152 4567 se

565 4607 787 4669 habeat,
825 4606 1125 4661 secundum
1164 4614 1420 4658 naturam
1482 4619 1699 4658 omnem
1753 4602 1893 4675 fugit
1947 4613 2152 4660 tactum

2253 3502 2504 3574 ἀλλήλοις
2537 3503 2655 3556 ἐστὶ
2700 3504 2840 3557 κατὰ
2871 3504 2969 3576 τὴν
2997 3504 3225 3576 δύναμιν
3258 3508 3367 3560 τῶν
3398 3510 3836 3580 σημαινομένων,

2254 3597 2348 3648 καὶ
2379 3596 2654 3667 όμοτίμως
2686 3595 2798 3666 ἔχει
2843 3597 2909 3650 τά
2945 3597 3185 3669 ῥήματα.
3216 3600 3324 3653 Kal
3364 3601 3589 3671 μάταιος
3622 3606 3650 3655 ὁ
3678 3603 3840 3671 ζυγο-

2257 3687 2445 3758 μαχῶν
2470 3688 2598 3759 περὶ
2627 3688 2718 3742 τὸν
2755 3690 2956 3743 τοιόνδε
2990 3690 3089 3762 τῆς
3117 3693 3299 3762 φωνῆς
3334 3688 3485 3765 ἦχον,
3518 3694 3593 3757 ὡς
3620 3696 3741 3765 οὐχὶ
3766 3698 3836 3766 τῇ

2253 3777 2482 3849 διανοίᾳ,
2513 3781 2634 3842 ταῖς
2665 3778 2722 3831 δὲ
2774 3780 3068 3844 συλλαϐαῖς
3102 3782 3194 3834 καὶ
3222 3785 3333 3841 τοῖς
3379 3782 3634 3851 φθόγγοις
3661 3786 3842 3853 ἐγκειο

2259 3872 2426 3941 μένης
2454 3870 2555 3941 τῆς
2577 3870 2855 3934 εὐσεϐείας
2870 3897 2882 3908 -
2918 3870 3116 3942 ταύτης
3139 3873 3316 3926 τοίνυν
3334 3874 3433 3943 τῆς
3456 3876 3663 3938 ἐννοίας
3684 3879 3839 3947 παρὰ

2254 3963 2348 4015 τοῦ
2394 3962 2713 4016 διδασκάλου
2758 3962 3190 4034 διηρθρωμένης,
3238 3965 3302 4017 δι’
3333 3962 3401 4036 ἧς
3437 3966 3551 4019 ἐστι
3585 3969 3710 4031 τοὺς
3758 3969 3838 4041 μή

2254 4053 2702 4124 κεκαλυμμένους
2749 4052 2829 4123 τῷ
2874 4053 3134 4123 αἰρετικῴ
3172 4055 3595 4127 προκαλύμματι
3648 4060 3839 4127 σαφῶς

2254 4145 2456 4209 διῖδεῖν,
2493 4145 2661 4198 ὅτιτὸ
2692 4144 2847 4198 Θεῖον
2882 4146 3029 4208 ὅπως
3083 4147 3148 4200 ἂν
3191 4148 3331 4201 κατὰ
3371 4149 3470 4221 τὴν
3509 4150 3668 4220 φύσιν
3712 4153 3835 4225 ἔχῃ,

2253 4239 2530 4309 ἁνέπαφόν
2551 4256 2610 4292 τε
2633 4239 2727 4292 καὶ
2753 4239 3140 4309 άκατανόητον,
3172 4241 3265 4292 καί
3296 4242 3476 4313 πάσης
3500 4244 3840 4314 ἀντιλήψεως

2252 4334 2352 4397 τῆς
2379 4334 2444 4385 ἐκ
2475 4331 2584 4384 τῶν
2627 4330 2904 4401 λογισμῶν
2942 4331 3275 4401 ὑψηλότερον
3296 4350 3310 4363 ·
3351 4335 3382 4403 ή
3433 4334 3490 4386 δὲ
3519 4335 3839 4406 ἀνθρωπίνη

2252 4423 2461 4477 διάνοια
2513 4420 3045 4491 πολυπραγμονοῦσα
3087 4422 3180 4475 καὶ
3230 4422 3627 4497 διερευνωμένη
3662 4428 3729 4481 δι’
3759 4423 3841 4483 ὢν

2254 4515 2320 4568 ἂν
2410 4513 2633 4567 δυνατὸν
2662 4512 2957 4583 λογισμῶν,
2985 4514 3309 4583 ἐπορέγεται
3336 4517 3430 4570 καὶ
3462 4517 3708 4587 θιγγάύει
3734 4521 3842 4589 τῆς

2252 4604 2705 4676 ἀπροσπελάστου
2739 4603 2833 4656 καὶ
2882 4603 3094 4673 ὑψηλῆς
3136 4604 3382 4675 φύσεως·
3413 4606 3537 4661 οὐτε
3585 4611 3840 4664 τοσοῦτον

565 4711 922 4764 sensumque,
959 4704 1012 4748 et
1052 4695 1388 4749 intellectum
1433 4703 1679 4764 superat,
1716 4696 1977 4765 omnique
2019 4712 2149 4751 con--

2255 4698 2594 4766 ὀξυωποῦσα,
2628 4697 2704 4760 ὡς
2739 4696 2984 4767 ἐναργῶς
3031 4699 3157 4752 ἰδεῖν
3183 4699 3243 4752 τὸ
3278 4700 3528 4772 ἀόρατον,
3561 4702 3682 4756 οὔτε
3706 4705 3842 4757 καθ-

564 4788 929 4856 prehensioue
960 4802 1082 4856 quae
1119 4786 1426 4840 rationibus
1460 4794 1696 4849 constat,
1733 4786 2021 4840 sublimior
2070 4795 2154 4841 est

562 4889 617 4933 ct
676 4879 869 4944 altior;
932 4878 1170 4931 humana
1207 4885 1389 4932 autem
1445 4877 1802 4947 intelligentia
1844 4880 2061 4934 curiose
2104 4888 2157 4932 et

570 4964 805 5019 sollicite
845 4965 1222 5034 pervestigans
1253 4973 1305 5017 et
1336 4974 1707 5034 perscrutans,
1749 4966 1948 5035 quibus
1975 4976 2158 5038 potest

562 5056 1140 5126 argumentationibus
1161 5056 1497 5111 inaccessam
1515 5064 1568 5110 et
1588 5058 1857 5112 excelsam
1877 5060 2081 5128 expetit
2104 5066 2158 5113 et

564 5149 788 5217 attingit
816 5155 1092 5209 naturam,
1115 5164 1294 5217 neque
1323 5156 1431 5201 tam
1454 5157 1613 5201 acute
1644 5164 1893 5213 cernens,
1921 5158 1981 5203 ut
2003 5151 2150 5205 clare

563 5246 618 5292 et
651 5239 932 5293 evidenter
966 5239 1110 5307 quod
1159 5237 1550 5308 inaspectabile
1582 5246 1666 5293 est
1714 5248 1875 5308 queat
1924 5239 2146 5303 intueri,

564 5344 745 5399 neque
798 5330 1025 5384 omnino
1075 5330 1149 5383 ita
1215 5330 1285 5383 ab
1328 5344 1554 5384 accessu
1602 5337 1655 5384 et
1692 5331 2149 5399 propinquatione

562 5421 836 5491 sejuncta,
890 5428 949 5475 ut
1004 5422 1205 5475 nullam
1260 5422 1433 5491 possit
1469 5421 1608 5490 ejus,
1671 5422 1816 5490 quod
1859 5422 2146 5492 quaeritur,

563 5515 944 5569 adumbratam
979 5514 1265 5583 imaginem
1296 5529 1523 5583 capere;
1548 5512 1642 5569 sed
1667 5522 1874 5583 partem
1907 5514 2144 5584 aliquam

562 5605 634 5659 de
662 5604 731 5659 eo
763 5605 907 5675 quod
966 5606 1233 5675 quaeritur
1278 5621 1374 5675 per
1406 5605 1887 5659 ratiocinationum
1937 5610 2140 5660 tactu‘m

562 5697 879 5766 conjectura
910 5706 1158 5753 assecuta
1192 5704 1295 5762 est,
1319 5699 1514 5768 partim
1548 5714 1677 5753 vero
1699 5716 1762 5753 ex
1793 5716 1858 5753 eo
1886 5701 2030 5768 quod
2057 5717 2146 5755 uc—

565 5801 730 5864 queat
758 5791 934 5861 ipsum
967 5792 1298 5863 perspicere,
1317 5789 1718 5862 quodammodo
1739 5793 2006 5864 cognovit,
2032 5794 2143 5849 vcl-

2255 4789 2401 4853 άπαξ
2417 4787 2873 4857 ἁπεσχοινισμένη
2893 4787 2991 4855 τῆς
3016 4791 3442 4857 προσεγγίσεως,
3460 4791 3537 4855 ὼς
3563 4793 3838 4863 μηδεμίαν

2253 4880 2512 4936 δύνασθαι
2549 4879 2642 4931 τοῦ
2679 4877 3010 4949 ζητουμένου
3048 4879 3232 4933 λαϐεῖν
3265 4885 3530 4938 εἰκασίαν.
3583 4886 3741 4938 Ἀλλά
3773 4886 3841 4940 τὸ

2258 4975 2356 5045 μέν
2385 4990 2438 5025 τι
2467 4970 2561 5023 τοῦ
2589 4968 2919 5040 ζητουμένου
2946 4970 3032 5022 διὰ
3064 4971 3163 5040 τῆς
3184 4973 3293 5025 τῶν
3321 4974 3594 5044 λογισμῶν
3618 4978 3839 5047 ἐπαφῆς

2254 5063 2604 5133 ἐστοχάσατο,
2625 5061 2686 5114 τὸ
2714 5060 2789 5123 δὲ,
2809 5061 2940 5114 αὐτὸ
2954 5061 3032 5132 τῷ
3054 5063 3128 5134 μὴ
3158 5064 3415 5118 δύνασθαι
3431 5067 3612 5121 διϊδείν
3632 5069 3837 5139 τρόπον

2254 5155 2376 5210 τινὰ
2398 5153 2743 5222 κατενόησεν,
2766 5147 2877 5205 οἷόν
2896 5168 3016 5205 τινα
3040 5154 3240 5221 γνῶσιν
3262 5156 3464 5228 ἐναργῆ
3485 5158 3546 5210 τὸ
3568 5160 3706 5228 ὑπὲρ
3727 5164 3835 5214 πᾶ..

2257 5266 2356 5300 σαν
2377 5246 2577 5315 γνῶσιν
2597 5246 2657 5298 τὸ
2674 5244 3001 5315 ζητούμενον
3020 5241 3157 5299 εἶναι
3176 5249 3538 5319 ποιησαμένη.
3559 5251 3640 5305 Τά
3654 5268 3711 5303 τε
3727 5254 3838 5323 γὰρ

2258 5338 2672 5408 ἁπεμφαίνοντα
2712 5337 2841 5406 περί
2872 5335 2971 5406 τὴν
2998 5336 3145 5389 θείαν
3174 5337 3333 5407 φύσιν
3371 5341 3579 5409 ἐνόησε,
3615 5344 3708 5395 καὶ
3734 5345 3838 5398 ὅσα

2253 5428 2455 5498 πρέπει
2482 5427 2608 5498 περὶ
2626 5426 2793 5497 αὐτὴν
2813 5428 3059 5480 ὑπονοεῖν
3083 5427 3186 5482 οὐκ
3206 5429 3443 5499 ἐνόησεν
3460 5432 3521 5485 οὐ
3542 5434 3650 5503 μὴν
3664 5434 3837 5506 αὐτὴν

2254 5520 2468 5591 ἐκείνην
2496 5521 2619 5590 ¹ἣτις
2646 5520 2762 5572 ἐστὶ
2796 5520 2922 5591 περί
2961 5521 3027 5591 ἣν
3056 5521 3228 5575 ταῦτα
3261 5523 3556 5593 λογίζεται,
3597 5530 3837 5582 κατιδεῖν

2249 5612 2509 5683 ἠδυνήθη,
2543 5611 2659 5664 ἀλλ’
2691 5612 2754 5664 ἐκ
2774 5611 2872 5681 τῆς
2903 5612 3010 5665 τῶν
3029 5613 3341 5683 προσόντων
3368 5633 3425 5668 τε
3450 5618 3542 5670 καὶ
3567 5618 3641 5688 μὴ
3664 5635 3836 5689 προσ-

2248 5703 2415 5756 όντων
2449 5701 2703 5770 γνώσεως
2722 5699 2883 5769 εἶδεν,
2910 5703 2940 5756 ὃ
2974 5704 3131 5773 μόνον
3163 5706 3393 5775 ὀφθῆναι
3417 5707 3638 5761 δυνατόν
3656 5710 3830 5766 ἐστιν.

2253 5794 2374 5849 Ὅτι
2411 5793 2469 5846 τὸ
2506 5794 2701 5855 παντὸς
2754 5792 2855 5865 μὲν
2895 5793 3066 5849 κακοῦ
3102 5795 3382 5867 πόρρωθεν
3432 5798 3738 5871 ἱδρυμένον,
3783 5802 3839 5857 ἐν
