4142 6374
313 381 413 438 957

1440 380 1722 439 CONTRA
1758 381 2151 449 EUNOMIUM,
2181 382 2313 437 LIB.
2350 382 2468 437 XII.

3483 383 3590 442 9.18

313 499 476 553 παντὶ
509 498 566 552 δέ
600 499 889 570 νοούμενον
921 497 1130 569 ἀγαθῷ.
1164 496 1394 562 Πάντως
1410 515 1467 551 τι
1492 497 1733 551 τοιοῦτόν
1756 498 1885 550 ἐστιγ

2008 502 2069 550 ut
2108 496 2480 566 cognitionem
2532 492 2879 557 evidentem,
2931 492 3079 564 quod
3140 508 3307 565 super
3364 509 3584 549 omnem

308 584 421 643 οἷον
458 590 601 658 λέγω
628 607 686 643 τε
714 591 951 661 άρρητον
990 585 1151 656 εἶναι,
1183 590 1279 644 καὶ
1307 590 1588 659 λογισμοῖς
1633 590 1895 644 ἀνεπίϐα-

308 699 403 738 τον
428 682 484 735 δέ
516 682 665 736 ὄντα.
697 682 887 735 Τοίνυν
921 682 1101 745 πάσας
1128 682 1226 752 μὲν
1257 681 1358 745 τὰς
1395 683 1664 753 ἀπρεπεῖς
1684 682 1896 745 ἐννοίας

309 776 368 828 ἐν
397 777 463 844 τῇ
493 775 620 846 περὶ
658 776 755 843 τῆς
794 774 944 838 θείας
978 774 1189 843 φύσεως
1224 772 1492 845 ὑπολήψει
1514 774 1607 826 τοῦ
1634 773 1895 827 διδασκά-

306 863 399 918 λου
435 865 591 936 ἡμῶν
636 866 1116 937 ἀποκαθήραντος’
1148 868 1255 919 πᾶν
1294 866 1352 919 δὲ
1395 866 1521 919 ὅσον
1556 863 1801 936 εὖφημόν
1832 882 1893 917 τε

306 954 400 1007 καὶ
435 955 737 1025 θεοπρεπὲς
757 957 883 1024 περὶ
912 956 1079 1027 αὐτὴν
1109 959 1247 1009 νοεῖν
1275 955 1778 1026 συμϐουλεύσαντος
1799 955 1893 1007 καὶ

306 1047 636 1113 διδάξαντος,
669 1049 746 1112 ὡς
793 1048 916 1102 οὔτε
961 1068 1015 1102 τι
1049 1050 1155 1103 τῶν
1187 1048 1464 1120 φθαρτῶν,
1496 1047 1619 1101 οὔτε
1662 1047 1770 1101 τῶν
1807 1046 1896 1100 διὰ

306 1138 572 1205 γενέσεως
600 1140 681 1203 εἰς
712 1138 775 1193 τὸ
798 1136 937 1194 εἶναι
968 1140 1359 1212 παρηγμένων,
1381 1139 1443 1193 τὸ
1475 1140 1691 1210 πρῶτον
1716 1140 1895 1193 αἴτιόν

306 1228 481 1281 ἐστιν’
515 1228 651 1281 ἀλλά
699 1230 881 1297 πάσης
920 1228 1175 1299 τοιαύτης
1222 1228 1476 1290 ὑπονοίας
1518 1228 1623 1293 ἔξω
1664 1229 1888 1280 νοεῖταιέ

317 1319 411 1372 Ἐκ
440 1320 497 1372 δὲ
525 1321 624 1392 τῆς
653 1323 937 1394 ἀρνήσεως
966 1322 1076 1374 τῶν
1107 1321 1183 1392 μὴ
1214 1321 1525 1391 προσόντων
1555 1321 1647 1373 καὶ
1685 1322 1750 1373 ὲκ
1790 1320 1891 1390 τῆς

302 1410 592 1479 ὁμολογίας
618 1413 728 1465 τῶν
772 1412 1013 1475 εὐσεϐῶς
1054 1412 1184 1481 περὶ
1231 1410 1394 1464 αὑτοῦ
1444 1410 1770 1481 νοουμένων,
1804 1410 1888 1463 ὅτι

302 1501 438 1567 ἔστι,
466 1505 962 1575 καταλαμϐάνεται.

2000 588 2282 642 scientiam
2306 588 2401 650 sit,
2426 584 2482 639 id
2508 584 2653 655 quod
2683 586 2963 655 quaeritur,
2990 593 3239 641 statuens
3267 604 3282 639 :
3314 601 3439 640 nam
3466 603 3589 656 quae

1994 679 2338 733 dissentanea
2390 684 2539 739 sunt,
2581 691 2683 732 nec
2725 677 2784 731 in
2823 677 3065 732 divinam
3105 684 3358 731 naturam
3390 678 3587 731 cadere

1995 775 2252 837 possunt,
2290 767 2560 821 intellexit
2592 782 2606 819 :
2638 773 2693 821 et
2746 782 3091 837 quaecunque
3128 768 3201 822 de
3261 768 3381 837 ipsa
3434 769 3589 822 decet

1994 861 2231 930 opinari,
2267 876 2376 914 nun
2407 862 2581 915 novit.
2610 858 2733 914 Non
2762 869 2943 915 tamen
2965 860 3113 914 illam
3144 860 3318 930 ipsam
3336 875 3585 930 quanam

1994 953 2067 1007 sit
2098 951 2165 1007 de
2218 967 2325 1021 qua
2361 952 2476 1007 haec
2505 952 2718 1007 ratione
2758 953 2967 1023 colligit
3019 953 3343 1023 conspicere
3372 951 3587 1023 potuit;

1993 1043 2090 1098 sed
2112 1058 2179 1098 ex
2202 1059 2391 1098 eorum
2418 1058 2542 1114 qua
2569 1043 2775 1106 insunt,
2804 1051 2859 1098 et
2888 1058 3010 1113 qua:
3037 1058 3146 1097 non
3184 1043 3376 1099 insunt
3395 1043 3587 1115 cogni-

1992 1136 2143 1191 tione
2178 1136 2349 1201 novit,
2385 1136 2535 1205 quod
2571 1135 2747 1190 solum
2781 1135 2952 1190 videri
2990 1143 3191 1205 potest.
3235 1135 3392 1202 Quod
3426 1136 3587 1205 longe

1991 1227 2211 1297 quidem
2247 1229 2316 1283 ab
2347 1229 2498 1282 omni
2553 1228 2697 1285 malo
2736 1227 3007 1282 ﬁrmatum
3043 1235 3129 1283 est
3167 1247 3180 1281 :
3214 1228 3269 1282 in
3301 1229 3450 1283 omni
3486 1243 3585 1282 au-

1995 1329 2101 1375 tem
2135 1320 2280 1373 bono
2321 1319 2664 1391 intelligitur.
2711 1319 2866 1386 Quod
2922 1320 3145 1390 quidem
3205 1323 3433 1376 omnino
3480 1322 3586 1377 tale

1996 1418 2103 1474 est,
2157 1411 2320 1481 quale
2356 1410 2483 1465 dico
2542 1411 2833 1476 ineﬂ'abile,
2868 1421 2923 1467 et
2954 1413 3229 1466 rationum
3288 1414 3583 1469 momentis

1997 1502 2554 1573 incomprehensibile
2578 1512 2635 1557 et
2667 1503 3047 1559 inaccessibile
3075 1520 3218 1560 esse.
3243 1503 3382 1559 Cum
3416 1506 3586 1575 igitur

302 1596 495 1653 omnes
560 1598 850 1653 indecoras
882 1598 1137 1654 notiones
1174 1612 1313 1669 quas
1382 1597 1437 1651 in
1492 1595 1677 1650 divina
1729 1603 1928 1650 natura
1968 1595 2185 1650 animus
2218 1604 2405 1664 posset
2440 1595 2735 1666 suspicari,
2768 1595 3028 1667 magister
3054 1605 3110 1653 et
3144 1598 3336 1651 doctor
3399 1607 3578 1653 noster

303 1692 712 1761 perpurgaverit
755 1712 769 1748 :
818 1692 1184 1763 quodcunque
1242 1707 1374 1748 vero
1422 1689 1769 1762 praedicabile
1824 1699 1877 1746 et
1914 1690 2189 1746 laudabile
2224 1690 2444 1762 Deoque
2482 1692 2741 1747 decorum
2808 1692 2865 1746 in
2933 1692 3055 1763 ipsa
3104 1693 3408 1763 intelligere
3457 1710 3586 1749 con-

303 1786 537 1839 suluerit
584 1795 639 1841 et
685 1788 953 1856 docuerit,
993 1789 1068 1843 ita
1103 1797 1163 1844 ut
1204 1803 1383 1859 neque
1435 1787 1881 1859 corruptibilium
1914 1788 2234 1858 quidquam,
2274 1804 2453 1860 neque
2484 1804 2671 1844 eorum
2705 1804 2827 1858 quae
2888 1804 2986 1860 per
3053 1791 3457 1861 generationem
3526 1792 3584 1848 in

303 1894 483 1933 rerum
510 1886 758 1935 naturam
790 1881 1054 1951 producta
1088 1888 1237 1946 sunt,
1268 1881 1442 1953 prima
1472 1896 1640 1937 causa
1672 1882 1763 1945 sit,
1840 1881 1933 1936 sed
2008 1890 2162 1935 extra
2214 1898 2411 1937 nomen
2477 1883 2636 1937 talem
2685 1883 3049 1953 suspicionem
3099 1891 3154 1939 et
3198 1884 3581 1956 cogitationem

303 1971 647 2040 intelligitur.
708 1971 885 2041 Atque
923 1988 991 2027 ex
1046 1973 1331 2043 negatione
1377 1988 1567 2027 eorum
1612 1987 1736 2044 quae
1786 1987 1897 2027 non
1933 1971 2143 2037 insunt,
2184 1982 2238 2029 et
2266 1990 2333 2029 ex
2382 1973 2738 2031 aﬂirmatione
2784 1990 2971 2031 eorum
3046 1991 3169 2047 qua:
3208 1977 3294 2047 pie
3352 1978 3422 2035 de
3465 1980 3581 2051 ipso

304 2063 709 2135 intelliguntur,
742 2066 869 2135 quia
909 2076 1015 2131 est,
1046 2068 1551 2137 comprehenditur.
3025 2111 3038 2119 .

372 2162 619 2231 Μάχεται
646 2164 758 2226 τοῖς
789 2164 1099 2234 εἰρημένοις
1128 2164 1156 2216 ὁ
1199 2163 1425 2234 σφοδρὸς
1454 2162 1593 2216 κατά
1624 2162 1725 2231 τῆς
1753 2161 1882 2230 ἁλη-

2056 2156 2158 2211 Hic
2187 2166 2368 2211 tamen
2401 2156 2692 2212 vehemens
2718 2157 2963 2214 veritatis
3006 2170 3371 2233 oppugnator.
3416 2165 3581 2225 dictis

304 2251 453 2313 θείας
486 2254 810 2325 ἀγωνιστὴς,
836 2256 929 2307 καὶ
957 2253 1206 2324 βούλεται
1237 2254 1328 2307 τὸν
1356 2253 1555 2306 τοιόνδε
1583 2251 1679 2305 τοῦ
1709 2253 1885 2323 ῥήμα-

1988 2250 2307 2312 reluctatur,
2340 2258 2505 2319 atque
2537 2250 2653 2303 vult
2691 2250 2851 2305 talem
2880 2252 3173 2308 verborum
3227 2257 3445 2324 sonuiu,
3489 2276 3585 2315 vo-

300 2363 392 2409 τος
417 2340 568 2416 ἦχον,
602 2346 702 2417 τὴν
726 2349 826 2417 τῆς
857 2346 1184 2417 ἀγεννησίας
1214 2345 1358 2414 λέγω
1394 2345 1600 2416 φωνὴν,
1629 2342 1886 2415 ἐμφανῶς

302 2436 572 2490 δεικνύναι
604 2438 697 2492 τοῦ
727 2438 863 2491 Θεοῦ
901 2439 999 2510 τὴν
1026 2439 1235 2492 οὐσίαν.
1269 2437 1459 2491 Καίτοι
1494 2437 1655 2489 παντὶ
1684 2436 1887 2506 πρόδη-

303 2526 394 2579 λον
422 2527 498 2597 τῷ
533 2544 597 2595 γε
638 2528 874 2600 μετρίως
907 2528 1308 2599 ἐπεσκεμμένῳ
1343 2528 1442 2591 τὰς
1470 2525 1580 2579 τῶν
1608 2527 1886 2597 ὀνομάτων

304 2617 547 2685 χρήσεις.
576 2616 657 2670 ὅτι
682 2618 717 2688 ἡ
747 2618 1023 2690 άφθαρσία
1048 2617 1135 2672 διὰ
1159 2616 1251 2672 τοῦ
1284 2616 1641 2687 ἁφαιρετικοῦ
1669 2619 1882 2689 μορίου,

303 2707 365 2759 τὺ
414 2707 577 2777 μηδὲν
615 2708 818 2762 τούτων
860 2714 1139 2781 προσεῖναι
1173 2710 1249 2781 τῷ
1292 2709 1431 2780 Θεῷ,
1468 2711 1605 2780 μήτε
1658 2710 1884 2781 φθορὰν,

308 2799 446 2869 μήτε
479 2798 730 2871 γέννησιν
772 2802 1163 2873 ἀποσημαίνει.
1223 2802 1377 2855 Ἐπεὶ
1412 2803 1508 2856 καὶ
1547 2802 1683 2857 ἄλλα
1718 2801 1888 2855 πολλά

303 2888 411 2943 τῶν
436 2890 712 2959 ὀνομάτων
738 2891 1033 2963 ὁμοφώνως
1063 2892 1332 2964 λεγόμενα
1355 2894 1455 2965 τὴν
1477 2893 1765 2964 ἀφαίρεσιν
1791 2891 1885 2944 τοῦ

306 2980 380 3051 μὴ
427 2982 740 3053 προσόντος,
778 2984 840 3036 οὐ
871 2984 970 3055 τὴν
1012 2982 1158 3037 θέσιν
1202 2983 1295 3036 τοῦ
1331 2983 1481 3047 ὄντος
1515 2983 1845 3037 ἐνδείκνυται
1869 3000 1883 3015 ο

301 3070 363 3123 τὸ
391 3071 594 3125 ἄκακον
623 3073 716 3126 καὶ
756 3072 963 3127 ἄλυπον
991 3074 1085 3127 καὶ
1124 3073 1396 3145 άπόνηρον
1424 3112 1441 3137 ,
1485 3073 1577 3125 καὶ
1617 3072 1887 3143 ἀτάραχον

302 3165 396 3218 καὶ
426 3165 716 3237 ἀόργητον,
742 3166 969 3230 ἀπαθὲς,
1001 3166 1384 3238 ἀνεπίληπτον,
1403 3166 1496 3219 καὶ
1515 3166 1617 3219 ὅσα
1640 3166 1883 3220 τοιαῦτα.

300 3254 533 3323 Λέγεται
565 3256 664 3327 μὲν
702 3258 795 3310 καὶ
829 3255 1043 3329 άληθῶς
1083 3256 1289 3323 ταῦτα,
1321 3258 1415 3313 καὶ
1446 3254 1558 3311 οἷον
1588 3258 1887 3325 κατάλογός

301 3363 384 3409 τις
413 3341 482 3419 ἦν
522 3347 618 3401 καὶ
648 3348 1027 3421 ἀπαρίθμησις
1055 3348 1161 3403 τῶν
1195 3349 1333 3419 πρὸς
1362 3349 1425 3403 τὸ
1448 3350 1631 3420 χεῖρον
1662 3350 1885 3419 νοουμέ-

302 3455 428 3503 νων,
458 3431 536 3494 ὧν
567 3438 802 3500 τδΘεῖον
837 3440 1184 3511 κεχώρισται.
1215 3440 1289 3493 Οὐ
1321 3441 1430 3511 μήν
1455 3458 1510 3493 τι
1544 3440 1672 3511 περὶ
1709 3436 1769 3494 o5
1797 3440 1888 3493 λέ-

1988 2355 2105 2396 cem
2137 2341 2237 2412 τῆς
2261 2340 2587 2413 ἀγεννησίας
2620 2341 2763 2408 dico,
2796 2342 2890 2398 Dei
2930 2346 3226 2401 essentiam
3293 2350 3581 2408 manifeste

1997 2431 2401 2489 demonstrare.
2438 2434 2509 2488 At
2536 2435 2713 2491 cuivis
2744 2437 3092 2508 perspicuum
3126 2448 3180 2493 et
3223 2440 3454 2509 clarum,
3484 2440 3579 2514 qui

1994 2525 2348 2581 mediocriter
2369 2542 2503 2582 usus
2522 2528 2801 2583 nominum
2826 2528 3207 2597 considerarit,
3227 2531 3371 2601 quod
3398 2534 3581 2590 incor-

1988 2617 2323 2686 ruptibilitas
2356 2633 2453 2689 per
2484 2619 2806 2688 privativam
2840 2621 3191 2690 particulam,
3220 2623 3353 2679 nihil
3386 2640 3579 2683 eorum

1992 2694 2101 2763 Deo
2126 2707 2339 2775 adesse,
2386 2725 2565 2780 neque
2593 2710 2900 2779 interitum,
2931 2727 3111 2783 neque
3144 2723 3323 2769 ortum
3370 2718 3581 2788 signiti-

1989 2807 2097 2853 Cat.
2122 2799 2391 2865 Quoniam
2419 2808 2473 2855 et
2506 2800 2613 2855 alia
2653 2801 2824 2855 multa
2856 2803 3076 2857 nomina
3110 2820 3231 2874 qua:
3260 2806 3422 2863 simili
3453 2826 3584 2867 voce

1987 2893 2265 2958 dicuntur,
2317 2892 2740 2950 abstractionem
2774 2894 2894 2966 ejus
2922 2896 3065 2966 quod
3118 2914 3226 2952 non
3260 2900 3425 2965 inest,
3461 2918 3572 2959 non

1989 2980 2313 3050 positionem
2346 2982 2467 3051 ejus
2492 2983 2639 3053 quod
2695 2994 2781 3039 est
2835 2986 3151 3041 ostendunt.
3200 2988 3332 3044 illud
3380 3008 3581 3064 nempe

1988 3071 2252 3126 innocens
2282 3079 2336 3125 et
2376 3071 2708 3127 immcestum
2741 3084 2796 3129 et
2847 3076 3171 3145 innocuum,
3207 3081 3577 3154 imperturba-

1990 3170 2125 3227 tum,
2160 3160 2486 3231 impatibile,
2519 3163 3072 3234 incomprehensibile
3102 3178 3157 3225 et
3178 3172 3284 3227 alia
3336 3171 3389 3229 id
3418 3192 3585 3246 gene-

1987 3253 2064 3307 ris
2085 3294 2099 3317 ,
2150 3254 2409 3307 dicuntur
2439 3254 2661 3324 quidem
2693 3270 2823 3311 vere
2851 3257 2989 3322 inec,
3022 3268 3076 3314 et
3100 3261 3253 3317 velut
3297 3266 3581 3338 catalogus

1987 3342 2208 3412 quidam
2256 3353 2398 3399 esset
2437 3352 2491 3399 et
2549 3345 2801 3401 recensio
2847 3360 3037 3402 eorum
3083 3366 3205 3421 quae
3237 3352 3291 3407 in
3337 3353 3579 3412 deterius

1990 3434 2393 3506 intelliguntur,
2425 3451 2456 3490 a
2487 3436 2689 3506 quibus
2720 3434 2930 3493 Numen
2981 3450 3290 3512 separatum
3324 3452 3427 3502 est.
3459 3446 3585 3506 Non

302 3547 455 3597 γεται
496 3531 585 3586 διὰ
616 3534 723 3587 τῶν
753 3535 1031 3605 ὀνομάτων
1060 3536 1089 3587 ὁ
1116 3533 1271 3602 λόγος
1302 3533 1649 3604 παρίστησιν.
1680 3532 1744 3585 Τί
1787 3532 1884 3603 μὲν

1993 3535 2176 3583 tamen
2197 3527 2327 3598 quid
2360 3529 2457 3592 sit,
2484 3528 2537 3581 id
2570 3526 2637 3583 de
2657 3542 2767 3598 quo
2795 3528 3074 3599 dicuntur,
3110 3548 3206 3604 per
3222 3534 3336 3591 haec
3356 3540 3579 3595 nomina

304 3622 411 3693 γὰρ
458 3624 554 3695 οὐχ
585 3625 765 3695 ὑγιὲς,
809 3625 876 3679 δι’
916 3619 991 3679 ῶν
1031 3625 1342 3696 ἠκούσαμεν
1379 3624 1774 3694 ἐδιδάχθημεν;
1819 3623 1883 3675 Τί

303 3715 359 3768 δέ
400 3719 565 3781 ἐστιν,
614 3719 648 3788 ἡ
692 3718 802 3771 τῶν
834 3717 1137 3789 εἰρημένων
1166 3716 1266 3771 οὐκ
1301 3715 1597 3779 ἐνεδείξατο
1636 3714 1879 3784 δύναμις.

307 3807 513 3879 Ὠσπερ
544 3808 652 3880 γὰρ
680 3809 731 3861 εί
750 3827 833 3872 τις
863 3810 991 3879 περὶ
1018 3809 1116 3879 τῆς
1140 3807 1232 3862 τοῦ
1258 3807 1544 3879 ἀνθρώπου
1575 3806 1787 3876 φύσεως
1809 3808 1885 3859 εἰ-

304 3899 427 3950 πεῖν
456 3914 508 3949 τι
534 3896 721 3962 θέλων,
753 3900 813 3952 τὸ
842 3901 976 3969 μήτε
1009 3899 1213 3969 ἄψυχον
1244 3897 1413 3967 λέγει,
1445 3899 1582 3968 μήτε
1624 3896 1884 3967 ἀναίσθη-

303 4005 415 4052 τον,
450 3988 585 4057 μήτε
620 3988 852 4058 πτηνὸν.
894 3988 1029 4059 μήτε
1062 3988 1399 4058 τετράπουν,
1439 3987 1513 4059 μὴ
1542 3987 1793 4059 ἔνυδρον,
1824 3986 1885 4039 τὸ

308 4077 407 4147 μὲν
451 4076 509 4129 δν
556 4078 656 4130 οὐκ
687 4077 1016 4141 ἐνεδείξατο·
1057 4077 1120 4130 τὸ
1146 4076 1202 4130 δὲ
1234 4076 1311 4149 μὴ
1336 4076 1395 4130 ὃν
1428 4077 1742 4148 διεσάφησε,
1790 4077 1885 4129 καὶ

302 4168 426 4222 οὔτε
472 4169 722 4239 ψεύδεται
764 4169 937 4223 ταῦτα
986 4169 1114 4241 περὶ
1152 4168 1245 4221 τοῦ
1298 4167 1586 4240 ἀνθρώπου
1637 4166 1882 4231 διεξιὼν,

304 4261 428 4314 οὔτε
457 4262 643 4332 σαφῶς
670 4263 731 4315 τὸ
766 4262 1121 4332 ὑποκείμενον
1153 4261 1446 4315 ὼίκνυσιν.
1481 4261 1638 4314 Κατά
1671 4260 1761 4313 τὸν
1789 4260 1886 4313 αὑ-

303 4355 575 4421 τὸνλόγον
610 4353 817 4406 πολλῶν
854 4354 1108 4407 τοιούτων
1140 4354 1268 4425 περὶ
1291 4353 1389 4425 τὴν
1422 4352 1574 4405 θείαν
1597 4352 1757 4422 φύσιν
1794 4353 1883 4405 λε-

303 4447 568 4517 γομένων,
603 4449 660 4499 ἐν
688 4440 770 4510 οἷς
802 4447 909 4518 χρὴ
938 4446 1028 4499 τὸν
1061 4446 1193 4499 Θεὸν
1220 4447 1463 4499 ὑπονοεῖν
1501 4441 1638 4498 εἶναι
1674 4445 1883 4516 μανθά-

302 4557 466 4610 νομεν
489 4556 503 4570 ·
539 4539 671 4593 αὐτὸ
700 4538 757 4592 δὲ
784 4540 813 4592 ὅ
840 4538 892 4592 τί
926 4556 1055 4591 ποτε
1081 4535 1150 4609 ἦν
1188 4540 1306 4593 κατ’
1341 4538 1528 4591 οὐσίαν
1554 4538 1643 4591 διὰ
1670 4538 1778 4591 τῶν
1808 4540 1887 4592 εί-

305 4630 556 4701 ρημένων
580 4632 639 4684 οὐ
672 4629 1053 4701 διδασκόμεθα.
1091 4627 1387 4699 Φεύγοντες
1424 4629 1479 4682 δέ
1508 4630 1670 4682 παντὶ
1697 4628 1883 4700 τρόπῳ

302 4725 411 4775 τῶν
431 4724 646 4777 ἀτόπων
665 4723 825 4777 τινῶν
852 4724 1136 4794 νοημάτων
1154 4724 1212 4774 ἐν
1235 4724 1355 4785 ταῖς
1385 4739 1451 4774 πε
1461 4722 1512 4791 pl.
1540 4720 1672 4774 Θεοῦ
1702 4721 1885 4787 δόξαις

305 4816 702 4886 συνενεχθῆναι,
725 4814 947 4877 πολλαῖς
972 4814 1066 4866 καὶ
1096 4812 1370 4876 ποικίλαις
1396 4812 1733 4883 ἐπωνυμίαις
1760 4812 1881 4865 κατ’

1989 3634 2173 3674 sermo
2226 3620 2504 3691 exprimit.
2556 3619 2697 3686 Quid
2725 3621 2869 3675 enim
2922 3638 3032 3679 non
3084 3640 3301 3694 sanum,
3339 3645 3435 3701 per
3460 3647 3581 3702 qua:

1988 3712 2297 3767 audivimus
2334 3713 2513 3769 edocti
2566 3716 2801 3770 sumus?
2844 3714 2985 3781 Quid
3038 3728 3221 3774 autem
3243 3723 3335 3785 sit,
3384 3740 3575 3781 eorum

1987 3818 2108 3873 qua:
2150 3811 2280 3858 sunt
2331 3802 2477 3857 dicta
2515 3804 2597 3859 vis
2626 3820 2737 3859 non
2774 3804 3056 3862 indicavit.
3093 3809 3574 3875 Quemadmodum

1985 3896 2129 3948 enim
2161 3896 2205 3949 si
2237 3894 2361 3965 quis
2394 3894 2462 3950 de
2493 3896 2726 3951 hominis
2766 3907 2962 3953 natura
3002 3900 3188 3957 dicere
3237 3904 3444 3975 aliquid
3474 3923 3577 3961 cu-

1988 3985 2144 4056 piens
2173 4026 2187 4048 ,
2221 4002 2398 4056 neque
2428 3987 2727 4042 inanimum
2765 3988 2932 4055 dicat,
2962 4007 3140 4062 neque
3169 4009 3331 4051 sensu
3360 4013 3576 4065 carens,

1989 4093 2167 4147 neque
2200 4079 2443 4143 volucre,
2482 4094 2660 4149 neque
2699 4080 3042 4151 quadrupes,
3098 4100 3275 4156 neque
3304 4091 3577 4159 aquatile;

1991 4169 2137 4238 quod
2167 4169 2387 4237 quidem
2412 4178 2497 4224 est
2534 4185 2643 4224 non
2684 4171 3101 4241 demonstravit,
3142 4176 3237 4231 sed
3290 4180 3435 4249 quod
3467 4197 3577 4237 non

1984 4269 2071 4315 est
2096 4260 2427 4329 explanavit,
2453 4276 2629 4330 neque
2655 4263 2917 4317 mentitur
2944 4263 3056 4319 haec
3076 4267 3143 4321 de
3172 4267 3392 4325 homine
3416 4287 3578 4327 enar-

1985 4366 2136 4416 rans,
2187 4366 2365 4421 neque
2417 4359 2600 4406 tamen
2655 4353 2806 4409 clare
2854 4356 3162 4424 subjectum
3214 4359 3576 4421 demonstrat.

1984 4441 2185 4497 Eadem
2220 4442 2430 4497 ratione
2458 4443 2628 4497 multa
2681 4444 2810 4499 talia
2841 4460 2967 4500 cum
3009 4447 3190 4503 divina
3238 4462 3435 4507 natura
3494 4454 3580 4508 di-

1984 4542 2207 4597 cuntur,
2232 4549 2295 4588 ea
2330 4534 2383 4587 in
2412 4533 2612 4604 quibus
2657 4534 2826 4590 Deum
2853 4552 2977 4593 esse
3002 4540 3214 4609 Opinari
3238 4554 3455 4613 oportet
3486 4546 3564 4600 di-

1984 4625 2191 4679 scimus
2222 4644 2235 4679 :
2272 4626 2449 4695 ipsum
2485 4628 2843 4697 autem,quid
2892 4632 3113 4686 tandem
3159 4643 3244 4687 est
3274 4636 3575 4692 secundum

1984 4716 2303 4778 essentiam,
2367 4731 2464 4786 per
2494 4717 2642 4772 dicta
2684 4734 2795 4773 non
2838 4719 3123 4776 docemur.
3153 4721 3442 4794 Fugientes
3474 4745 3575 4782 au-

1984 4814 2093 4859 tem
2134 4807 2283 4861 omni
2320 4809 2578 4863 cautione
2607 4809 2877 4865 absurdus
2931 4812 3145 4882 aliquas
3200 4816 3472 4881 notiones,
3520 4818 3577 4876 in

300 4906 464 4959 αὑτοῦ
496 4904 830 4976 κεχρήμεθα,
866 4903 1009 4957 κατά
1047 4902 1146 4974 τὴν
1182 4903 1291 4957 τῶν
1335 4903 1587 4957 ἐπινοιῶν
1622 4903 1883 4975 διαφοράν

1990 4898 2074 4953 his
2098 4914 2237 4969 quas
2280 4899 2482 4954 habere
2509 4901 2771 4957 debemus
2806 4902 2874 4957 de
2912 4902 3023 4959 Deo
3048 4906 3425 4975 Opinionibus,
3454 4913 3575 4963 ani-

301 4999 398 5060 τὰς
448 4997 818 5068 προσηγορίας
866 4994 1218 5067 ἁρμόζοντες.
1282 4994 1436 5048 Ἐπεὶ
1468 4994 1578 5065 γάρ
1628 4994 1693 5047 ἂν
1729 4994 1882 5048 οὐδὲν

301 5089 468 5157 ὅνομα
500 5087 886 5159 περιληπτικδν
912 5091 1012 5158 τῆς
1040 5087 1189 5151 θείας
1210 5085 1496 5157 ἐξεύρηται
1522 5086 1737 5155 φύσεως
1761 5086 1882 5141 κατ’

302 5179 465 5233 αὑτοῦ
513 5180 604 5234 τοῦ
654 5180 1011 5249 ὑποκειμένου
1057 5178 1352 5250 προσφυῶς
1394 5178 1756 5248 τεταγμένον’
1794 5178 1883 5231 διὰ

301 5272 458 5325 τοῦτο
484 5273 695 5336 πολλοῖς
726 5272 981 5343 ὀνόμασιν
1012 5270 1241 5324 ἑκάστου
1279 5269 1419 5323 κατὰ
1445 5269 1735 5342 διαφόρους
1757 5271 1881 5323 ἐπι·

302 5361 463 5423 ϐολὰς
499 5360 802 5424 ίδιάζουσάν
832 5378 953 5413 τινα
980 5360 1106 5430 περὶ
1133 5356 1299 5412 αὑτοῦ
1332 5357 1431 5429 τὴν
1460 5357 1668 5412 ἔννοιαν
1698 5360 1881 5412 ποιού-

306 5472 477 5523 μενοι,
512 5454 571 5506 τδ
609 5455 763 5507 Θεῖον
802 5453 1300 5525 προσαγορεύομεν,
1330 5452 1394 5505 ἐκ
1431 5451 1532 5520 τῆς
1569 5452 1880 5516 πολυειδοῦς

304 5548 396 5600 καὶ
421 5546 667 5615 ποικίλης
696 5547 815 5599 κατ’
843 5545 1005 5598 αὑτοῦ
1035 5543 1304 5615 σημασίας
1333 5542 1574 5613 ὀνόματά
1603 5560 1724 5596 τινα
1747 5543 1883 5615 πρὸς

305 5635 402 5704 τὴν
434 5635 758 5705 κατανόησιν
800 5635 894 5688 τοῦ
942 5633 1274 5705 ζητουμένου
1320 5632 1661 5703 θηρεύοντες.
1718 5635 1885 5705 Ἐρω-

308 5725 503 5786 τῶντες
531 5724 639 5794 γὰρ
664 5726 808 5794 ἡμᾶς
834 5725 1028 5787 αὐτοὺς
1050 5724 1141 5776 καὶ
1163 5722 1557 5786 διεξετάζοντες
1582 5725 1633 5777 τί
1654 5725 1712 5777 τὸ
1730 5725 1883 5779 Θείὁν

307 5823 440 5884 ἐστι,
470 5815 737 5895 διαφόρως
769 5814 1211 5886 ἀποφαινόμεθα,
1243 5808 1353 5867 οἷον
1388 5814 1448 5867 τὸ
1490 5816 1882 5888 ὑπερκείμενον

1989 4992 2093 5047 mis
2112 4992 2374 5059 inserere,
2402 4993 2588 5048 multis
2609 5002 2662 5048 et
2690 4996 2854 5050 variis
2873 4998 3292 5066 cognominibus
3318 5001 3369 5054 in
3399 5001 3575 5071 ipsum

1986 5082 2070 5137 usi
2122 5098 2346 5147 sumus,
2405 5086 2708 5139 secundum
2759 5088 3156 5157 cogitationum
3213 5091 3575 5148 differentiam

1985 5172 2375 5242 appellationes
2404 5176 2906 5233 accommodantes.
2938 5177 3216 5245 Quoniam
3275 5183 3421 5237 enim
3454 5184 3576 5237 nul-

1985 5265 2094 5317 lum
2120 5279 2322 5319 nomen
2361 5266 2559 5322 divinae
2588 5276 2798 5323 natura:
2832 5273 3351 5341 comprehensivum
3386 5276 3575 5331 inven~

1984 5367 2099 5408 tum
2125 5364 2229 5419 est,
2266 5356 2410 5425 quod
2436 5357 2500 5411 ad
2529 5358 2702 5428 ipsius
2740 5360 2971 5429 subjecti
3010 5370 3265 5417 naturam
3294 5365 3575 5420 declaran-

1986 5445 2109 5497 dam
2151 5445 2220 5499 sit
2269 5446 2607 5511 ordinatum,
2670 5461 2957 5520 propterea
3010 5452 3196 5509 multis
3254 5456 3579 5515 nominibus

1985 5541 2289 5594 secundum
2335 5540 2652 5598 differentes
2702 5544 2978 5612 notiones,
3009 5548 3283 5617 cujusque
3334 5550 3575 5618 peculia-

1982 5646 2095 5685 rem
2146 5633 2439 5702 quamdam
2487 5634 2553 5688 de
2596 5649 2662 5689 eo
2709 5638 2984 5691 netioncm
3030 5637 3316 5703 facientes,
3356 5638 3580 5697 Numen

1982 5724 2318 5792 appellamus
2354 5744 2367 5778 :
2414 5742 2478 5780 ex
2530 5727 2855 5782 multiformi
2899 5729 3159 5800 variaque
3201 5730 3269 5785 de
3300 5746 3365 5785 eo
3400 5731 3580 5802 signia

1982 5816 2234 5874 licationc
2271 5817 2341 5873 ad
2369 5818 2488 5888 ejus
2519 5818 2663 5889 quod
2698 5820 2969 5891 quaeritur
3008 5821 3372 5892 cognitionem
3412 5834 3583 5890 quam
