4142 6374
565 349 669 405 959

1812 349 1869 405 S.
1927 346 2261 406 CREGORll
2311 347 2604 405 NYSSENI

3725 346 3835 404 9ῢο

564 464 687 517 dam
738 463 1185 519 nomenclaturas
1231 473 1514 517 venantes.
1553 461 1959 533 [interrogantes
1998 464 2139 517 enim

2248 463 2347 533 τῆς
2374 464 2483 517 τῶν
2523 462 2692 516 ὄντων
2723 460 3035 524 συστάσεως
3071 478 3132 513 τε
3165 461 3256 515 καὶ
3290 460 3633 532 διοικήσεως·
3665 463 3695 516 ὃ
3731 465 3836 518 οὒκ

563 569 664 609 nos
694 555 846 624 ipsos
870 562 924 609 et
946 555 1351 623 perquirentes,
1383 552 1515 621 quid
1547 554 1617 607 sit
1644 551 1811 616 Deus,
1837 551 2148 608 diﬂ‘erenter

563 648 1006 714 pronuntiamus,
1041 647 1187 700 velut
1214 644 1363 715 quod
1389 654 1472 699 est
1500 659 1666 714 super
1695 645 2145 705 constitutionem

560 745 612 789 et
649 736 1181 791 administrationem
1207 752 1395 791 eorum
1420 750 1541 806 qua:
1571 742 1699 789 sunt
1728 751 1743 800 ;
1773 735 1920 804 quod
1950 750 2057 789 non
2080 750 2145 789 ex

559 841 725 881 causa
780 828 1152 883 exsistentiatn
1216 828 1400 891 habet,
1455 829 1551 883 sed
1608 828 1836 897 reliquis
1892 827 2147 882 omnibus

560 932 729 971 causa
754 933 856 972 cur
889 920 1000 973 sint
1029 920 1251 974 exsistit
1276 937 1290 985 ;
1322 920 1379 974 in
1398 935 1510 989 quo
1533 928 1688 975 ortus
1718 927 1772 973 et
1792 918 2142 989 principium,

560 1009 820 1065 interitus
852 999 907 1063 εὶ
937 1008 1058 1064 ﬁnis
1090 1026 1197 1064 non
1233 1019 1338 1076 est,
1364 1027 1539 1081 neque
1572 1012 1628 1066 in
1660 1011 2001 1066 contrarium
2027 1026 2146 1064 mu-

558 1102 713 1166 tatio,
748 1117 927 1171 neque
952 1104 1351 1172 praestantioris
1378 1104 1706 1170 imminutio,
1741 1118 1917 1172 neque
1940 1104 2145 1158 malum

558 1195 615 1248 in
645 1210 711 1249 eo
741 1195 920 1249 locum
958 1196 1160 1251 habere
1215 1204 1415 1265 potest,
1454 1211 1633 1266 neque
1682 1196 1884 1251 bonum
1926 1197 2141 1251 abesse.

556 1285 713 1350 Quod
735 1285 780 1338 si
809 1286 933 1355 quis
956 1287 1093 1341 tales
1113 1287 1338 1342 notitias
1360 1288 1675 1343 nominibus
1698 1288 1826 1343 velit
1842 1288 2142 1358 percipere,

555 1393 781 1433 necesse
825 1388 910 1433 est
949 1380 1174 1433 omnino
1223 1380 1377 1435 illum
1429 1380 1482 1433 in
1516 1380 1759 1436 deterius
1787 1381 2142 1437 mutationem

554 1484 665 1524 non
693 1470 998 1537 admittere,
1028 1481 1084 1526 et
1142 1473 1483 1526 immutabile
1512 1483 1564 1527 et
1605 1473 1929 1529 invariabile
1968 1474 2146 1529 nomi-

555 1576 706 1615 nare.
743 1561 856 1617 [loc
890 1573 1072 1619 autem
1112 1563 1364 1618 videlicet
1400 1566 1637 1635 primum
1678 1565 1919 1621 universi
1950 1572 2142 1620 aucto-

555 1666 670 1705 rent
709 1661 765 1706 et
790 1668 1013 1708 causam
1048 1653 1215 1709 Deum
1244 1671 1367 1712 esse
1388 1658 1593 1722 dicere,
1625 1656 1767 1712 idem
1790 1666 1876 1713 est
1897 1672 1960 1711 ac
1988 1659 2142 1727 inge-

557 1747 733 1801 nitum
767 1747 1063 1817 appellare,
1095 1755 1149 1801 et
1174 1748 1668 1818 incorruptibilem,
1709 1748 1856 1819 quod
1886 1749 2143 1805 interitus

2249 554 2310 618 ἐξ
2331 554 2501 606 αἰτίου
2530 553 2628 623 τὴν
2666 551 2898 623 ὓπαρξιν
2922 552 3034 622 ἔχει
3054 569 3065 579 ·
3101 555 3211 615 τοῖς
3239 553 3295 606 δὲ
3318 553 3524 616 λοιποῖς
3552 554 3721 607 πᾶσιν
3740 555 3834 607 αῖ-

2248 661 2360 697 τιον
2390 643 2483 697 τοῦ
2511 639 2650 697 εἶναι
2678 641 3029 713 καθέστηκεν·
3058 644 3184 713 περὶ
3207 644 3236 695 ὃ
3259 644 3510 715 γέννησις
3538 646 3632 697 καὶ⁵
3661 645 3831 715 ἁρχὴ,

2248 737 2425 807 φθορὰ
2460 738 2553 789 καὶ
2588 736 2739 798 τέλος
2780 734 2880 788 οῦκ
2910 735 3088 799 ἐστιν,
3131 734 3253 787 οὔτε
3298 735 3434 803 πρὸς
3478 736 3540 787 τὸ
3588 738 3832 789 ἐναντίον

2246 828 2442 898 τροπὴ,
2475 826 2597 881 οὔτε
2627 827 2720 881 τοῦ
2754 827 3061 899 κρείττονος
3091 827 3298 895 ὕφεσις.
3341 827 3428 889 Ὠς
3473 829 3611 896 μήτε
3638 827 3701 880 τὸ
3730 845 3832 881 κα-

2248 922 2342 975 κὸν
2370 923 2458 975 ἐπ’
2487 922 2640 991 αὐτῷ
2683 920 2866 991 χώραν
2894 921 3066 991 ἔχειν,
3100 924 3235 992 μήτε
3262 922 3324 974 τὸ
3355 922 3558 990 ἀγαθὸν
3588 922 3828 975 ἀπεῖναι.

2247 1014 2309 1066 El
2343 1014 2400 1067 δέ
2432 1031 2512 1077 τις
2544 1014 2644 1077 τὰς
2672 1013 2927 1077 τοιαύτας
2954 1014 3159 1076 ἐννοίας
3193 1014 3418 1084 ὀνόμασι
3443 1014 3830 1085 διαλαμϐάνειν

2246 1107 2436 1171 ἐθέλοι,
2462 1107 2675 1177 ἀνάγκη
2706 1108 2856 1162 πᾶσα
2885 1106 2947 1159 τὸ
2981 1105 3079 1176 μὲν
3111 1105 3184 1177 μὴ
3216 1105 3534 1176 προσίεσθαι
3562 1107 3659 1179 τὴν
3690 1108 3830 1179 πρὸς

2245 1196 2306 1249 τὸ
2334 1199 2513 1267 χεῖρον
2544 1196 2768 1267 τροπὴν,
2804 1195 3069 1266 άτρεπτόν
3099 1212 3157 1248 τε
3192 1196 3286 1249 καὶ
3318 1196 3673 1251 ἀναλλοίωτον
3708 1198 3829 1251 ονο-

2250 1289 2438 1360 μάσαι.
2481 1289 2555 1341 Τὸ
2586 1289 2643 1342 δὲ
2676 1287 2892 1359 πρῶτον
2927 1288 3099 1341 αἴτιον
3130 1287 3224 1340 τοῦ
3264 1288 3484 1352 παντὸς,
3536 1288 3828 1359 ἀγέννητον

2246 1384 2593 1454 προσειπεῖν·
2635 1382 2908 1455 ἄφθαρτον
2943 1382 3001 1435 δὲ
3045 1382 3106 1435 τ’)
3154 1381 3358 1452 φθορᾶς
3412 1382 3822 1452 ἀπαράδεκτον·

2243 1473 2305 1527 τὸ
2334 1473 2391 1526 δὲ
2423 1475 2501 1536 εἰς
2547 1472 2713 1544 μηδὲν
2757 1472 3061 1548 καταλῆγον
3100 1473 3292 1542 πέρας,
3338 1471 3605 1526 ἀθάνατόν
3638 1490 3695 1525 τε
3731 1472 3826 1525 καὶ

2245 1564 2624 1635 ἀτελεύτητον·
2660 1563 3072 1635 παντοκράτορα
3100 1563 3159 1616 δὲ
3180 1562 3274 1616 τοῦ
3309 1563 3510 1626 παντὸς
3534 1560 3825 1632 ἐξηγούμε-

2246 1674 2353 1710 νον.
2391 1656 2500 1713 Καὶ
2526 1655 2669 1710 οὕτω
2695 1655 2863 1711 τᾶλλα
2895 1655 3072 1709 πάντα
3104 1653 3249 1707 κατὰ
3280 1654 3378 1717 τάς
3422 1652 3665 1715 εὐσεϐεῖς
3695 1653 3828 1705 ὑπο·

2244 1748 2433 1820 λήψεις
2476 1747 3017 1819 ὁνοματοποιοῦντες,
3060 1750 3180 1810 ταῖς
3212 1745 3319 1800 τῶν
3348 1744 3598 1798 ἐπινοιῶν
3641 1745 3827 1813 διαφο-

555 1849 731 1905 capax
768 1851 877 1889 non
908 1845 1012 1901 est,
1032 1837 1393 1892 immortalem
1425 1845 1605 1893 autem
1629 1846 1686 1894 et
1712 1839 2138 1904 indeﬁcientem,

2246 1846 2366 1915 ραῖς
2398 1842 2572 1904 ἄλλως
2621 1842 2713 1896 καὶ
2750 1840 2924 1905 ἄλλως
2966 1837 3463 1912 προσαγορεύομεν,
3498 1837 3531 1907 ἢ
3572 1836 3823 1906 δύναμιν,

553 1930 701 2001 (ιιιοά
742 1931 798 1985 in
829 1931 1043 1985 nullum
1075 1931 1292 1985 desinat
1338 1933 1655 2000 terminum,
1707 1933 2139 2004 omnipotentem

2241 1936 2272 2005 ἦ
2310 1934 2530 2005 κράτος,
2561 1933 2594 2004 ἢ
2628 1931 2959 2003 ἁγαθότητα,
3007 1931 3040 2002 ἢ
3084 1930 3146 1985 τὸ
3188 1930 3263 2002 μὴ
3293 1928 3351 1995 ἐξ
3394 1929 3567 1983 αἰτίου
3600 1923 3759 1991 εἶναι,
3787 1927 3820 1986 ἢ

555 2038 735 2081 autem
772 2026 916 2095 quod
946 2025 1205 2080 universo
1229 2028 1415 2096 praesit
1456 2035 1510 2081 et
1534 2028 1803 2097 imperet;
1833 2035 1887 2082 et
1923 2027 2006 2082 sic
2036 2027 2139 2081 alia

2241 2025 2302 2077 τὸ
2327 2026 2405 2087 εἰς
2435 2024 2522 2076 ἀεὶ
2549 2024 2846 2091 διαμένειν,
2886 2023 2973 2077 διά
3000 2022 3106 2076 τῶν
3137 2022 3418 2093 ὀνομάτων
3446 2022 3801 2093 σημαίνοντες

554 2118 738 2171 omnia
771 2117 1068 2171 secundum
1102 2117 1223 2185 pias
1262 2117 1554 2186 opiniones
1596 2120 1819 2171 nomina
1869 2118 2172 2188 ﬁngentes,
2212 2114 2514 2169 secundum
2562 2112 2898 2167 diﬁ’erentias
2940 2111 3331 2182 cogitationum
3362 2112 3520 2166 aliter
3547 2121 3706 2180 atque
3726 2108 3823 2162 ali-

555 2220 639 2264 ter
665 2224 1043 2279 nuucupamus
1065 2210 1201 2275 ;'vel
1237 2211 1555 2279 potentiam,
1587 2214 1671 2267 vel
1709 2213 2020 2282 imperium,
2065 2212 2150 2267 vel
2190 2211 2491 2267 bonitatem
2516 2248 2531 2272 ,
2566 2208 2652 2263 vel
2691 2207 2843 2278 quod
2879 2222 2990 2261 non
3023 2222 3089 2261 ex
3129 2221 3297 2261 causa
3337 2217 3441 2263 est.
3478 2206 3561 2261 vel
3590 2205 3736 2277 quod
3767 2206 3822 2260 in

555 2310 875 2371 perpetuum
909 2311 1210 2369 permanet,
1243 2317 1340 2372 per
1374 2304 1595 2357 nomina
1621 2304 2019 2375 signiﬁcantes.

624 2393 756 2446 Dico
806 2393 976 2463 igitur
1031 2393 1196 2461 hujus
1252 2395 1534 2451 nominum
1597 2396 1838 2454 ﬁctionis
1893 2397 2142 2453 homines

554 2510 680 2550 esse
729 2494 1010 2562 dominos,
1071 2509 1171 2564 pro
1223 2494 1452 2549 arbitrio
1499 2494 1820 2567 judicioque
1875 2497 2144 2567 cujusque

554 2592 948 2648 convenienter
980 2594 1375 2665 appellationes
1421 2596 1673 2666 subjecto
1718 2599 2141 2653 accommodan-

554 2703 660 2759 tes,
696 2695 942 2764 nihilque
975 2695 1277 2750 absurdum
1312 2712 1457 2762 esse,
1494 2698 1644 2768 quod
1670 2700 1892 2769 quidem
1928 2709 1985 2753 ut
2030 2699 2142 2754 for-

554 2797 812 2851 midabile
844 2806 898 2852 et
934 2798 1218 2865 horribile,
1275 2808 1332 2853 ut
1376 2816 1479 2856 nos
1528 2801 1804 2866 terriﬁcet,
1854 2802 1956 2857 iste
2003 2802 2135 2857 scri-

554 2909 674 2968 ptor
714 2900 981 2964 obtendit,
1038 2917 1236 2971 nempe
1269 2903 1606 2959 recentiores
1656 2905 1941 2958 nominum
1985 2906 2134 2975 posi-

553 2994 733 3046 tiones
781 2992 1031 3047 conﬁteri
1078 2994 1131 3047 in
1168 2996 1319 3048 onmi
1363 3011 1423 3050 re
1462 3012 1584 3065 qua:
1612 3002 2037 3068 cognominatur
2079 2999 2135 3052 in

554 3091 673 3159 ipso
718 3089 865 3145 Deo:
902 3107 1010 3144 non
1058 3094 1203 3147 enim
1238 3093 1568 3147 vocabulum
1622 3094 1766 3151 Dens
1812 3105 1915 3160 est,
1960 3112 2137 3166 neque

2309 2391 2455 2460 Φημὶ
2486 2389 2664 2443 τοίνυν
2700 2391 2798 2460 τῆς
2832 2386 3088 2459 τοιαύτης
3117 2389 3534 2461 ὀνοματοποιίας
3570 2390 3695 2454 τοὺς
3731 2392 3824 2445 άν-

2246 2482 2497 2555 θρώπους
2527 2478 2663 2534 εἶναι
2694 2482 2936 2553 κυρίους,
2970 2482 3112 2536 κατὰ
3138 2481 3199 2535 τὸ
3224 2482 3387 2550 φανὲν
3410 2483 3625 2552 ἑκάστῳ
3652 2499 3822 2553 προσ-

2238 2574 2389 2641 φυῶς
2436 2561 2983 2643 ἐφαρμόζονταςτῷ
3028 2574 3369 2643 ὑποκειμένῳ
3423 2573 3521 2637 τὰς
3582 2574 3819 2643 κλήσεις.

2239 2665 2349 2720 Καὶ⁴
2379 2664 2541 2735 μηδὲν
2570 2665 2767 2718 ἄτοπον
2792 2660 2952 2728 εἶναι,
2975 2664 3112 2735 ὅπερ
3135 2664 3210 2726 ὡς
3237 2664 3465 2733 φοϐερόν
3492 2682 3545 2717 τι
3575 2665 3668 2717 καὶ
3691 2683 3820 2735 φρι-

2240 2755 2411 2817 κῶδες
2442 2754 2941 2825 μορμολυττόμενος
2963 2757 2991 2808 ὁ
3014 2753 3347 2824 λογογράφος
3375 2755 3732 2826 προτεῐνεται,
3761 2755 3823 2808 τὸ

2240 2846 2512 2917 νεωτέρας
2551 2842 2690 2900 εἶναι
2732 2848 2830 2910 τὰς
2876 2846 2984 2900 τῶν
3027 2846 3305 2916 ὀνομάτων
3340 2847 3518 2909 θέσεις
3546 2846 3825 2916 ὁμολογεῖν

2244 2941 2336 2995 ἐπὶ
2377 2939 2574 3003 παντὸς
2607 2938 2767 2991 αὑτοῦ
2809 2937 2903 2990 τοῦ
2946 2932 3446 3008 κατονομαζομένου
3481 2940 3820 3010 πράγματος,

2242 3031 2330 3083 ἐπ’
2371 3028 2534 3082 αὑτοῦ
2575 3026 2669 3080 τοῦ
2714 3026 2868 3081 Θεοῦ.
2910 3028 2983 3080 Ού
3022 3026 3130 3097 γὰρ
3165 3027 3315 3096 ῥῆμα
3346 3029 3374 3079 ὁ
3410 3027 3562 3091 Θεὸς,
3601 3029 3721 3081 οὐδὲ
3766 3030 3823 3081 ὲν

2244 3123 2394 3191 φωνῇ
2425 3121 2518 3173 καὶ
2540 3118 2761 3187 φθόγγῳ
2786 3117 2898 3188 ἔχει
2925 3118 2983 3170 τὸ
3014 3115 3172 3171 εἶναι.
3207 3117 3344 3169 Ἀλλ’
3372 3118 3400 3169 ὁ
3431 3118 3527 3186 μὲν
3555 3117 3687 3182 Θεός
3708 3120 3823 3171 ἐστι

553 3192 609 3245 in
639 3207 773 3246 voce
819 3202 873 3247 et
911 3207 1047 3249 sono
1090 3208 1213 3248 esse
1259 3193 1445 3249 habet.
1489 3195 1594 3249 Sed
1638 3194 1779 3251 Deus
1803 3196 2022 3266 quidem
2056 3204 2136 3252 est

2242 3213 2361 3265 καθ’
2386 3213 2596 3275 ἐαυτὸν,
2635 3212 2663 3264 ὃ
2698 3212 2900 3282 δήποτε
2936 3209 3030 3263 καὶ
3058 3205 3195 3263 εἶναι
3225 3210 3634 3264 πεπίστευσται.
3680 3211 3825 3263 Ὀνο-

554 3308 651 3363 per
697 3292 937 3362 seipsum
961 3292 1109 3363 quod
1156 3292 1379 3363 quidem
1442 3310 1680 3365 unquam
1727 3313 1847 3352 esse
1898 3299 2142 3355 creditus

554 3399 639 3444 est
673 3409 687 3444 :
718 3392 1033 3445 nominatur
1089 3400 1273 3447 autem
1320 3394 1390 3448 ab
1430 3393 1517 3450 his
1566 3397 1658 3465 qui
1706 3396 1987 3465 invocant,
2032 3415 2141 3453 non

556 3482 736 3551 ipsum
783 3482 930 3552 quod
980 3492 1064 3537 est
1115 3483 1434 3553 (inelfabilis
1464 3486 1609 3540 enim
1654 3496 1739 3541 est
1788 3500 1987 3543 natura
2022 3490 2142 3559 ejus

556 3575 648 3644 qui
677 3590 806 3629 vere
833 3573 960 3645 est),
994 3575 1088 3629 sed
1128 3590 1194 3629 ex
1238 3577 1325 3631 his
1356 3592 1475 3647 qua;
1505 3578 1722 3647 operari
1752 3587 1809 3633 et
1844 3581 2056 3636 eﬁieere
2085 3582 2141 3636 in

554 3669 665 3720 vita
719 3674 911 3729 nostra
958 3666 1206 3722 creditus
1238 3676 1344 3734 est,
1393 3670 1718 3739 cognomina
1762 3672 1945 3738 habet,
1980 3675 2142 3743 quale

554 3764 608 3809 et
641 3755 744 3809 hoc
778 3757 954 3827 ipsum
986 3757 1131 3825 quod
1177 3758 1231 3811 in
1281 3766 1534 3828 promptu
1563 3759 1804 3827 dicitur;
1841 3776 1963 3815 cum
1995 3765 2137 3818 enim

554 3846 724 3901 Deum
788 3848 967 3916 ipsum
1015 3848 1276 3912 dicimus,
1322 3849 1687 3919 iuspectorem
1735 3859 1790 3905 et
1838 3854 2143 3922 explorato-

556 3953 696 3998 rem,
754 3948 808 3992 et
868 3938 1316 3993 absconditorutn
1378 3940 1752 4010 perspicacem
1804 3945 2138 4010 cognitorem

556 4038 999 4085 commentantes
1055 4045 1341 4086 vocamus.
1405 4030 1561 4097 Quod
1619 4034 1667 4087 si
1723 4035 2139 4103 operationibus

558 4123 710 4191 prior
744 4124 959 4178 exsistit
1002 4125 1264 4186 essentia,
1318 4124 1677 4194 intelligimus
1719 4134 1899 4180 autem
1945 4143 2140 4197 opera-

558 4216 738 4269 tiones
788 4231 883 4284 per
928 4231 994 4270 ea
1027 4231 1148 4286 qua:
1188 4216 1476 4279 sentimus,
1539 4218 1723 4273 verbis
1761 4234 1891 4274 vero
1938 4222 2138 4290 quibus

557 4323 853 4378 possumus
916 4308 1303 4375 enuntiamus;
1361 4310 1485 4379 quis
1529 4310 1764 4379 amplius
1808 4311 2141 4381 relinquitur

556 4404 737 4449 metus
784 4397 1008 4450 nomina
1063 4397 1372 4452 recentiora
1421 4410 1475 4453 et
1517 4399 1739 4468 juniora
1787 4402 1952 4456 rebus
2004 4403 2138 4471 ipsis

556 4486 772 4540 dicere?
809 4485 866 4540 Si
902 4488 1047 4542 enim
1095 4504 1205 4542 non
1239 4488 1391 4557 prius
1438 4488 1647 4559 aliquld
1684 4505 1873 4545 eorum
1903 4508 2025 4561 quae
2070 4493 2138 4548 de

2248 3303 2479 3374 μάζεται
2535 3303 2592 3356 δὲ
2647 3304 2800 3373 παρὰ
2856 3301 2965 3355 τῶν
3037 3301 3474 3371 ἐπικαλουμένων
3535 3302 3634 3355 ούκ
3691 3304 3824 3356 αὐτὸ

2243 3396 2270 3447 ὃ
2302 3397 2481 3448 ἐστιν·
2517 3396 2792 3465 ἄφραστος
2823 3395 2930 3464 γὰρ
2971 3397 3005 3465 ἡ
3061 3394 3221 3463 φύσις
3266 3394 3358 3446 τοῦ
3398 3395 3583 3458 ὄντος·
3617 3395 3729 3449 ἀλλ’
3765 3396 3821 3461 ἐξ

2243 3480 2318 3541 ὧν
2379 3490 2620 3560 ἐνεργεῖν
2669 3504 2722 3539 τι
2775 3486 2906 3558 περὶ⁴
2967 3486 3063 3557 τὴν
3113 3486 3255 3555 ζωὴν
3302 3485 3458 3556 ἡμῶν
3475 3484 3820 3539 πεπίστευται

2242 3578 2340 3640 τὰς
2367 3577 2683 3646 ὁμωνυμίας
2713 3575 2847 3646 ἔχει,
2877 3570 2988 3629 οἷον
3022 3576 3113 3629 καὶ
3144 3576 3275 3630 αὐτὸ
3310 3576 3488 3639 τοῦτο,
3520 3580 3581 3628 το
3624 3579 3687 3629 ἐκ
3726 3576 3821 3629 τοῦ

2243 3667 2535 3738 προχείρου
2562 3665 2853 3736 λεγόμενον
2877 3682 2890 3695 ·
2925 3665 3056 3718 Θεὸν
3095 3665 3203 3736 γὰρ
3233 3666 3395 3719 αὑτὸν
3428 3665 3697 3733 λέγοντες,
3730 3666 3820 3717 τὸν

2241 3757 2435 3826 ἔφορον
2467 3759 2561 3812 καὶ
2590 3759 2862 3827 ἐπόπτην,
2911 3758 3005 3811 καὶ
3028 3756 3329 3827 διορατικὺν
3370 3757 3477 3810 τῶν
3507 3758 3819 3828 κεκρυμμέο

2241 3867 2346 3901 νων
2382 3850 2752 3913 ἐπινοοῦντες,
2786 3849 3211 3920 ἐπικαλούμεθα,
3250 3850 3313 3901 Et
3350 3848 3406 3902 δὲ
3442 3851 3817 3920 προῦφέστηκε

2239 3941 2348 3994 τῶν
2377 3942 2665 4011 ἐνεργειῶν
2694 3944 2727 4012 ὴ
2762 3943 2939 4007 οὐσία,
2970 3942 3194 4011 νοοῦμεν
3220 3942 3277 3994 δὲ
3308 3941 3407 4006 τὰς
3441 3943 3718 4013 ἐνεργείας
3752 3942 3818 3994 δι’

2240 4026 2314 4087 ὧν
2340 4034 2728 4105 αίσθανόμεθα.
2767 4035 2973 4106 ῥήμασι
2997 4035 3053 4087 δέ
3081 4035 3227 4097 ὅπως
3255 4034 3321 4087 ἂν
3414 4034 3635 4087 δυνατὸν
3664 4035 3817 4102 ἐξαγ-

2240 4125 2531 4197 γέλλομεν·
2574 4126 2656 4189 τίς
2686 4126 2765 4179 ἔτι
2798 4126 3183 4180 καταλείπεται
3220 4126 3410 4195 φόϐος,
3441 4128 3680 4197 νεώτερα
3711 4128 3817 4180 τῶν

2242 4218 2582 4290 πραγμάτων
2607 4218 2674 4271 τά
2701 4217 2937 4287 ὀνόματα
2967 4217 3172 4285 λέγειν;
3215 4219 3276 4271 Εἰ
3310 4218 3417 4289 γὰρ
3450 4218 3523 4290 μὴ
3556 4219 3815 4288 πρότερον

2240 4310 2613 4379 ἐρμηνεύομέν
2644 4326 2696 4361 τι
2727 4310 2834 4361 τῶν
2871 4309 2999 4379 περὶ
3036 4308 3171 4361 Θεοῦ
3209 4308 3511 4378 λειπομένων
3532 4349 3546 4373 ,
3582 4310 3708 4378 πρὶν
3750 4309 3815 4361 ἂν

2241 4399 2552 4468 νοήσωμεν·
2584 4397 2810 4467 νοοῦμεν
2841 4396 2898 4449 δὲ
2937 4396 3002 4449 δι’
3041 4391 3115 4451 ὧν
3154 4399 3217 4450 ἐκ
3258 4397 3365 4449 τῶν
3404 4396 3690 4468 ἐνεργειῶν
3731 4398 3813 4450 δι-

2240 4488 2582 4558 δασκόμεθα,
2628 4489 3011 4559 προϋφέστηκε
3049 4488 3105 4541 δὲ
3142 4488 3239 4556 τῆς
3276 4488 3615 4558 ὲνεργείαςή
3658 4488 3815 4541 δύνα-

554 4576 668 4630 Deo
709 4576 972 4631 dicuntur
1018 4579 1469 4648 interpretamur,
1510 4597 1673 4650 quam
1718 4584 1901 4637 animo
1933 4599 2132 4638 conce-

2244 4597 2362 4650 μις·
2394 4583 2426 4650 ή
2455 4580 2511 4633 δὲ
2551 4580 2779 4650 δύναμις
2818 4580 3108 4651 ἐξήρτηται
3144 4579 3237 4632 τοῦ
3282 4580 3426 4632 θείου
3456 4579 3813 4649 βουλήματος,

557 4664 823 4733 perimus,
861 4666 1217 4735 intelligimus
1266 4679 1445 4723 autem
1486 4686 1553 4724 ex
1604 4671 1688 4724 his
1726 4673 2139 4740 operationibus

557 4773 654 4825 per
695 4771 834 4825 quas
885 4757 1165 4821 docentur,
1214 4760 1475 4828 princedit
1525 4769 1707 4815 autem
1764 4765 2137 4832 operationem

556 4849 752 4912 virtus,
785 4848 961 4903 virtus
984 4864 1114 4903 vero
1142 4850 1341 4919 pendet
1378 4867 1444 4905 ex
1481 4851 1669 4905 divina
1701 4854 2004 4917 voluntate,
2044 4871 2141 4910 vo-

557 4938 742 4992 luntas
776 4948 960 4995 autem
1000 4941 1053 4993 in
1100 4950 1375 5010 potestate
1417 4943 1614 4997 divina:
1652 4954 1865 5000 natura:
1898 4950 2138 5018 reposita

555 5041 658 5084 est:
705 5044 883 5086 nonne
913 5031 1081 5101 igitur
1120 5033 1323 5087 diserte
1350 5034 1630 5101 docemur,
1669 5038 1816 5108 quod
1844 5040 2010 5097 rebus
2038 5041 2137 5096 ad-

556 5132 857 5176 nascantur
887 5138 1075 5178 eorum
1115 5140 1236 5194 qua:
1266 5126 1455 5181 insunt
1486 5128 1861 5197 signiﬁcativaa
1904 5134 2138 5201 appella-

555 5215 757 5279 tiones,
805 5224 859 5270 et
894 5216 1040 5270 velut
1081 5217 1291 5271 umbrae
1328 5234 1509 5274 rerum
1546 5229 1677 5275 sunt
1707 5236 1870 5276 voces
1916 5223 1983 5277 ad
2020 5239 2137 5277 mo-

554 5303 733 5357 tiones
765 5318 954 5357 eorum
983 5320 1104 5374 qua:
1136 5306 1189 5359 in
1231 5307 1367 5377 ipsis
1408 5311 1685 5364 exsistunt
1716 5311 1998 5379 ﬁguratae?
2034 5314 2133 5367 At-

554 5411 661 5465 que
693 5395 806 5449 haac
846 5394 919 5450 ita
969 5411 1093 5451 esse
1121 5399 1269 5452 clare
1297 5402 1595 5468 persuadet
1623 5400 1805 5455 divina
1849 5401 2131 5472 Scriptura

556 5499 654 5553 per
700 5498 957 5554 magnum
1016 5485 1305 5547 Davidcm,
1370 5488 1463 5559 qui
1520 5488 1688 5543 veluti
1730 5506 1827 5560 per
1879 5494 2126 5562 quazdam

2238 4672 2299 4724 τὸ
2344 4671 2402 4723 δὲ
2443 4671 2687 4742 βούλημα
2732 4673 2789 4723 ἐν
2839 4675 2904 4743 τῇ
2950 4672 3166 4743 ἐξουσίᾳ
3209 4672 3306 4741 τῆς
3341 4672 3490 4736 θείας
3528 4673 3815 4727 ἀπόκειται

2238 4760 2480 4829 φύσεως·
2547 4756 2632 4833 ἆρ’
2657 4762 2717 4814 ού
2754 4763 2939 4829 σαφῶς
2967 4761 3344 4831 διδασκόμεθα,
3377 4763 3457 4815 ὅτι
3484 4764 3813 4831 ἐπιγίνονται

2238 4855 2351 4916 τοῖς
2375 4853 2694 4924 πράγμασιν
2736 4856 2792 4906 αί
2823 4856 3150 4924 σημαντικαὶ
3188 4854 3296 4907 τῶν
3328 4855 3623 4925 γινομένων
3651 4872 3814 4925 προσ-

2237 4942 2481 5013 ηγορίαι,
2509 4943 2601 4995 καὶ
2646 4943 2835 5014 ὥσπερ
2882 4946 3030 4997 σκιαὶ
3066 4944 3170 4997 τῶν
3209 4945 3547 5015 πραγμάτων
3585 4948 3719 4999 εἰσιν
3755 4949 3810 4999 αῖ

2235 5035 2410 5101 φωναὶ
2442 5034 2573 5105 πρὸς
2596 5034 2694 5097 τὰς
2719 5037 2960 5105 κινήσεις
2991 5035 3097 5087 τῶν
3126 5035 3449 5104 ὑφεστώτων
3481 5037 3811 5107 σχηματιζό-

2237 5144 2428 5196 μεναι;
2471 5127 2579 5178 Καὶ
2604 5128 2686 5179 ὅτι
2721 5127 2895 5181 ταῦτα
2939 5127 3111 5190 οὓτως
3143 5126 3255 5197 ἕχει
3277 5167 3291 5188 ,
3328 5128 3503 5181 πείθει
3555 5130 3739 5197 σαφῶς
3776 5133 3811 5199 ἡ

2235 5216 2353 5268 θεία
2382 5217 2571 5288 Γραφὴ
2601 5218 2687 5270 διὰ
2721 5218 2814 5270 τοῦ
2847 5217 3080 5288 μεγάλου
3113 5217 3293 5279 Δαϐὶδ,
3324 5217 3417 5270 τοῦ
3449 5220 3698 5289 καθάπερ
3724 5220 3811 5273 διά

2235 5325 2393 5361 τινων
2443 5310 2586 5362 ἰδίων
2634 5312 2728 5363 καὶ
2773 5310 3063 5383 προσφυῶν
3111 5310 3421 5379 ὀνομάτων,
3465 5311 3577 5363 τῶν
3610 5315 3673 5364 ὲκ
3713 5313 3811 5382 τῆς

2234 5401 2514 5467 ἐνεργείας
2544 5400 2692 5470 αὐτῷ
2731 5399 3060 5471 νοηθέντων,
3090 5401 3187 5473 τὴν
3219 5403 3366 5455 θείαν
3399 5403 3559 5471 φύσιν
3604 5405 3809 5456 άνακαοο

2231 5488 2467 5553 λοῦντος.
2496 5492 2821 5560 Οὶκτίρμων
2836 5490 2976 5561 γὰρ,
3007 5494 3189 5563 φησὶν,
3222 5494 3318 5546 καὶ
3345 5493 3616 5561 ἐλεήμων
3640 5497 3671 5546 ό
3700 5495 3810 5547 Κύ-

559 5573 777 5641 prupria
815 5580 868 5626 et
900 5580 1098 5640 agnata
1137 5576 1380 5638 nomina,
1422 5590 1542 5645 qua}
1576 5575 1676 5646 ipsi
1714 5593 1777 5631 ex
1812 5578 2128 5645 operatione

2241 5599 2375 5647 οιος,
2404 5584 2785 5651 μακρόθυμος
2814 5584 2910 5635 καὶ
2941 5582 3293 5649 πολυέλεος.
3331 5583 3516 5637 Ταῦτα
3558 5585 3733 5637 τοίνυν
3757 5585 3811 5637 τί

555 5664 775 5732 cognita
807 5671 988 5728 erant,
1032 5665 1271 5718 divinant
1325 5672 1578 5720 naturam
1615 5669 1695 5721 sic
1729 5668 1982 5737 appellat.
2024 5668 2128 5721 Mi-

560 5754 800 5817 sericors,
844 5754 1039 5825 inquit,
1086 5764 1133 5807 et
1170 5755 1451 5811 miserator
1494 5756 1769 5822 Domitius,
1810 5757 2123 5829 (origani-mis

2229 5670 2474 5737 λέγουσιν
2520 5670 2797 5740 ἐνεργείας
2838 5670 2980 5742 ἔχειν
3020 5672 3117 5744 τὴν
3146 5674 3452 5743 σημασίαν,
3485 5674 3518 5745 ἢ
3562 5674 3800 5745 (ptio-sm;

2229 5763 2341 5815 οὐκ
2374 5763 2436 5817 ἄν
2468 5780 2549 5828 τις
2582 5763 2707 5818 ἄλλο
2744 5781 2796 5817 τι
2840 5764 2988 5837 παρὰ
3026 5768 3124 5837 τὴν
3159 5767 3437 5838 ἐνέργειαν
3472 5768 3621 5840 εἴπῃ.
3674 5767 3804 5819 Πότε
