4142 6374
305 412 403 469 961

1423 398 1704 455 CONTRA
1743 396 2133 461 EUNOMIUM,
2175 397 2308 451 LIB.
2348 395 2465 451 XII.

3458 392 3565 447 962

299 516 476 572 τοίνυν
510 516 807 588 ἐνεργήσας
837 516 963 578 τοὺς
990 515 1308 587 οίκτιρμοὺς
1332 516 1360 568 6
1380 513 1567 585 Θέὸςῆ
1595 514 1688 567 τὸν
1712 513 1882 578 ἐλεον,

2013 521 2035 565 ιι
2073 512 2300 565 multum
2329 511 2715 566 misericors".
2748 510 2886 578 Quid
2920 512 3084 583 igitur
3120 511 3345 567 dicunt?
3368 512 3564 569 Utrum

301 608 459 679 ἐσχεν
488 610 555 661 ἐκ
578 607 680 672 τῆς
711 607 991 680 ἐνεργείας
1016 607 1077 660 τὸ
1104 607 1308 677 ὀνομας
1339 603 1486 676 τΑρα
1529 606 1637 675 πρὸ
1662 607 1761 675 τῆς
1800 606 1893 659 ἀν-

302 702 580 773 θρωπίνης
615 700 794 771 ζωῆς;
836 702 945 755 Καὶ
973 702 1057 765 τίς
1090 696 1159 772 ἦν
1196 704 1225 754 ὁ
1262 701 1358 753 106
1386 700 1568 764 ἐλέους
1607 701 1891 771 δεόμενος;

303 793 439 846 ἀλλὰ
471 793 608 863 μετὰ
628 794 728 862 τὴν
754 794 1030 864 ἁμαρτίαν
1057 794 1276 857 πάντως
1297 808 1312 821 ·
1340 794 1373 863 ἡ
1401 792 1458 845 δὲ
1482 792 1725 862 ἁμαρτία
1758 793 1895 861 μετὰ

306 882 396 934 τὸν
427 883 731 953 ἄνθρωπον.
755 883 965 937 Ούκοῦν
1000 882 1138 953 μετά
1160 882 1253 936 τὸν
1285 882 1570 954 ἄνθρωπον
1610 881 1703 935 καὶ
1727 884 1760 952 ἡ
1798 881 1894 935 106

308 972 477 1025 ἐλεεῖν
506 974 756 1044 ἐνέργεια
775 1014 789 1036 ,
818 975 911 1027 καὶ
936 973 1028 1027 106
1057 974 1208 1027 ἐλέου
1237 972 1497 1044 τοῦνομα.
1529 974 1595 1027 Τί
1629 968 1724 1028 06v
1747 972 1854 1044 ἄρα
1879 989 1895 1039 ;

310 1065 400 1133 Μὴ
427 1066 520 1118 καὶ
550 1064 645 1118 τοῦ
675 1066 838 1119 Δαϐὶδ
864 1064 1278 1134 καταγνώσεται
1299 1107 1313 1131 ,
1346 1068 1376 1118 ὀ
1417 1066 1557 1136 ὑπὲρ
1597 1065 1724 1128 τοὺς
1759 1080 1897 1135 προ-

311 1158 486 1224 φήτας
518 1156 728 1226 φρονῶν
748 1171 762 1185 ο
805 1157 887 1209 ὃτι
914 1156 981 1209 δι’
1015 1149 1089 1210 ὧν
1130 1156 1321 1228 ἐνόησε
1353 1156 1445 1209 τὸν
1476 1156 1629 1223 Θεὸν,
1657 1155 1745 1209 διὰ
1775 1155 1899 1209 τού-

312 1265 419 1300 των
444 1247 758 1317 ὠνόμασενς
794 1250 863 1301 Ἢ
903 1247 999 1302 καὶ
1024 1247 1162 1318 πρὸς
1190 1247 1352 1301 αὑτὸν
1376 1248 1773 1319 ζυγομαχήσει,
1799 1249 1899 1317 τὴν

316 1337 519 1410 σεμνὴν
560 1340 774 1409 ἐκείνην
812 1338 998 1410 ὥσπερ
1032 1341 1097 1392 ἐκ
1124 1340 1432 1411 τραγῳδίας
1466 1341 1762 1411 προτείνων
1802 1340 1900 1411 ρἧ

316 1449 439 1494 σιν,
530 1431 616 1484 ὅτι
654 1431 753 1501 τὴν
789 1430 1218 1502 μακαριωτάτην
1267 1431 1359 1485 τοῦ
1402 1430 1536 1485 Θεοῦ
1582 1431 1747 1503 ζωὴν,
1788 1434 1901 1494 τοῖς

314 1520 573 1594 περὶτῆς
619 1524 863 1586 ἐπινοίας
893 1523 1117 1591 ἀγάλλει
1163 1523 1391 1593 ὀνόμασι
1412 1564 1426 1588 ,
1461 1523 1560 1593 τὴν
1601 1524 1685 1593 ἐφ’
1732 1524 1899 1594 ἐαυτῇ

320 1614 455 1685 μόνῃ
488 1614 584 1667 καὶ
611 1614 718 1684 πρὸ
742 1614 839 1684 τῆς
866 1614 975 1667 τῶν
1006 1614 1366 1668 ἐπινοούντων
1394 1615 1697 1685 γεννήσεως
1742 1614 1902 1682 ἀγαλ-

316 1704 572 1774 λομένην;
616 1704 763 1774 Ἐρεῖ
802 1704 912 1775 γὰρ
958 1706 1176 1770 πάντως
1210 1708 1239 1758 ὀ
1292 1705 1433 1774 ὑπὲρ
1473 1704 1568 1759 106
1612 1706 1899 1775 Προφήτου

316 1796 489 1865 λέγων
508 1812 523 1827 ·
554 1797 637 1850 ὅτι
662 1799 695 1867 ἡ
723 1799 819 1867 μὲν
846 1797 967 1851 θεία
993 1797 1154 1867 φύσις
1179 1798 1262 1866 ἐφ’
1296 1799 1465 1869 ἐαυτῇ
1508 1799 1643 1871 μόνῃ
1674 1798 1903 1866 ἀγάλλε-

317 1907 428 1954 ται,
460 1890 556 1944 καὶ
578 1890 684 1961 πρὸ
711 1890 810 1960 τῆς
836 1890 947 1943 τῶν
967 1890 1324 1945 ἐπινοούντων
1347 1891 1613 1959 γενέσεως
1634 1908 1647 1922 ·
1674 1893 1702 1945 6
1723 1890 1781 1943 δέ
1807 1891 1902 1943 ἀν-
1934 1872 1974 1926 Β

321 1977 589 2048 θρὼπινος
635 1977 788 2041 νοῦς,
823 1980 946 2032 ὅσον
1003 1983 1171 2050 χωρεῖ
1213 1980 1305 2034 διὰ
1345 1980 1453 2033 τῶν
1488 1981 1780 2053 ἐνεργειῶν
1828 1980 1903 2033 δι-

320 2068 673 2137 δασκόμενος,
708 2070 962 2124 τοσοῦτον
992 2071 1309 2140 φθέγγεται.
1364 2073 1460 2124 Ἐκ
1498 2071 1608 2142 γὰρ
1641 2071 1905 2142 μεγέθους

322 2158 414 2210 καὶ
436 2157 698 2227 καλλονῆς
725 2159 1041 2228 κτισμάτων
1071 2160 1351 2228 ἀναλόγως
1375 2162 1408 2231 ἡ
1435 2160 1608 2229 Σοφία
1636 2160 1790 2229 φησὶ,
1815 2159 1905 2214 τὸν

322 2248 540 2300 πάντων
580 2249 961 2318 γενεσιουργόν
1006 2250 1350 2321 θεωρεῖσθαι.
1409 2250 1491 2320 Τῇ
1536 2249 1593 2302 δὲ
1645 2249 1764 2319 θείᾳ
1812 2248 1909 2302 καὶ

325 2340 662 2413 ὑπερεχούσῃ
691 2342 869 2395 πάντα
901 2341 1025 2396 νοῦν
1054 2343 1213 2413 οὐσίᾳ
1236 2343 1335 2406 τὰς
1357 2343 1612 2405 τοιαύτας
1642 2358 1910 2413 προσηγο-

327 2434 449 2503 ρίας
478 2432 915 2505 ἐπιφημίζομεν,
962 2436 1063 2488 οὐκ
1104 2436 1320 2505 ἐκείνην
1362 2434 1686 2503 ἀγάλλοντες
1722 2435 1790 2487 δι’
1835 2429 1911 2489 ὧν

324 2524 696 2595 ὀνομάζομεν,
728 2525 840 2579 ἀλλ’
881 2526 1029 2596 ἡμᾶς
1076 2525 1272 2587 αὐτοὺς
1320 2525 1410 2578 διὰ
1456 2524 1565 2578 τῶν
1604 2524 1911 2595 λεγομένων

326 2616 642 2686 ὁδηγοῦντες
662 2617 797 2687 πρὸς
821 2618 921 2688 τὴν
948 2616 1055 2670 τῶν
1093 2616 1351 2688 κρυπτῶν
1387 2616 1731 2685 κατανόησιν.
1779 2610 1912 2669 Εἶτα

326 2707 405 2778 τῷ
432 2709 621 2779 Κυρίῳ
649 2711 811 2781 φησὶν
855 2712 883 2762 6
913 2710 1202 2781 Προφήτης
1227 2725 1241 2739 ⁸
1281 2710 1425 2774 Θεός
1460 2726 1579 2777 μου
1608 2704 1668 2761 εἴ
1686 2707 1790 2775 σὺ,
1827 2707 1916 2761 ὅτι

327 2800 448 2854 τῶν
501 2801 736 2871 ἀγαθῶν
766 2820 886 2872 μου
919 2805 992 2857 οὺ
1040 2803 1248 2871 χρείαν
1293 2801 1472 2870 ἔχεις.
1517 2801 1642 2865 Πῶς
1695 2796 1787 2855 οὖν
1817 2800 1916 2871 τὴν

333 2894 753 2963 μακαριωτάτην
782 2893 877 2946 106
910 2893 1044 2946 Θεοῦ
1079 2892 1223 2964 ζωὴν
1247 2934 1262 2958 ,
1303 2895 1463 2964 ἡμεῖς
1494 2892 1699 2957 οὕτως,
1734 2891 1917 2954 καθώς

331 2996 492 3049 φησιν
508 2974 681 3046 οὗτος,
706 2981 1029 3053 ἀγάλλομεν,
1052 2983 1119 3053 ἦν
1148 2999 1311 3054 φησιν
1341 2985 1369 3036 6
1396 2984 1687 3053 Προφήτης
1711 2984 1918 3054 ἀπροσ-

331 3070 429 3141 δεῆ
478 3069 588 3125 τῶν
629 3072 983 3143 ἀνθρωπίνων
1012 3069 1151 3126 εἶναι
1179 3072 1396 3141 καλῶν;
1433 3074 1505 3126 ’Ἡ
1536 3073 1657 3125 ἀντὶ⁸
1685 3072 1779 3126 τοῦ
1811 3074 1919 3126 ὀνο-

1993 603 2111 657 haec
2144 601 2366 655 nomina
2408 602 2744 671 operationis
2774 603 2977 656 habent
3016 604 3439 673 signiﬁcantiam
3479 607 3566 660 vel

1995 694 2241 748 naturae?
2293 709 2399 747 non
2444 694 2591 747 aliud
2627 696 2753 763 quis
2792 704 2988 764 praeter
3028 704 3234 759 actum,
3288 697 3402 751 sive
3439 712 3570 769 ope-

1994 786 2260 839 rationem
2300 784 2519 839 dixerit.
2572 783 2805 850 Quando
2835 785 3003 854 igitur
3043 796 3304 856 operatus
3338 788 3570 843 misera-

1997 877 2176 931 tiones
2210 877 2293 930 vel
2330 877 2787 944 misericordiam,
2830 877 2974 932 Deus
2996 892 3064 932 ex
3104 879 3195 933 illa
3226 883 3568 949 operatione,

1997 969 2101 1023 hoc
2139 983 2339 1022 nomen
2371 970 2649 1023 obtinuit?
2677 968 2817 1022 Num
2866 981 2993 1025 ante
3028 971 3327 1026 humanam
3359 974 3571 1027 vitam?

1998 1060 2065 1113 Et
2097 1063 2222 1129 quis
2253 1070 2371 1115 erat
2414 1062 2509 1131 qui
2547 1062 2923 1118 misericordia
2959 1063 3270 1131 indigebat?
3310 1064 3417 1120 Sed
3450 1075 3574 1135 post

1966 1208 1971 1211 ,
1998 1162 2284 1222 peccatum
2311 1153 2565 1207 omnino:
2598 1162 2882 1221 peccatum
2917 1163 3098 1208 autem
3130 1162 3253 1224 post
3276 1155 3569 1210 hominem.

2001 1244 2145 1313 Ergo
2176 1252 2300 1314 post
2334 1244 2610 1299 hominem
2650 1245 2948 1299 miserandi
2985 1254 3141 1302 actus
3177 1254 3234 1301 et
3263 1248 3576 1303 misericor-

1999 1333 2103 1388 dia:
2159 1351 2383 1389 nomen.
2439 1335 2579 1401 Quid
2633 1337 2838 1407 igitur?
2885 1336 3142 1408 Nunquid
3192 1348 3249 1393 et
3316 1339 3575 1395 Davidem

2000 1426 2408 1493 condemnabit,
2462 1428 2552 1497 qui
2601 1443 2770 1497 super
2823 1429 3119 1499 prophetas
3163 1431 3403 1501 sapiens,
3444 1432 3576 1501 quia

2002 1532 2102 1587 per
2153 1533 2277 1586 quze
2335 1516 2504 1572 Deum
2558 1519 2730 1585 novit,
2788 1533 2884 1589 per
2932 1520 3047 1574 haec
3109 1522 3449 1575 nominavit?
3492 1524 3574 1577 Au

2000 1605 2165 1660 etiam
2204 1605 2469 1662 adversus
2514 1607 2693 1677 ipsum
2736 1607 2972 1663 nobilem
3024 1610 3173 1664 illam
3207 1618 3469 1681 tanquam
3510 1629 3578 1666 ex

2002 1697 2268 1766 tragoedia
2305 1698 2598 1753 dictionem
2640 1699 2977 1769 protendens
3020 1702 3404 1768 recalcitrabit,
3434 1706 3580 1773 quod
3686 1711 3690 1713 ‘

2005 1804 2113 1843 non
2146 1799 2362 1859 oportet
2400 1790 2777 1846 beatissimam
2824 1792 2918 1847 Dei
2965 1794 3129 1847 vitam
3165 1797 3477 1852 nominibus
3512 1813 3580 1851 ex

2004 1880 2285 1935 hominum
2319 1882 2788 1936 commentatione
2820 1883 3001 1939 ductis
3032 1886 3328 1952 exsultare,
3373 1904 3495 1958 quae
3525 1889 3580 1942 in

2006 1975 2186 2042 seipsa
2237 1973 2353 2029 sola
2395 1984 2452 2026 et
2489 1982 2616 2028 ante
2652 1974 3077 2045 intelligentiam
3127 1988 3305 2033 ortum
3342 1982 3584 2036 exsulta-

2007 2065 2139 2119 bat?
2167 2065 2325 2122 Dicet
2348 2067 2493 2122 enim
2524 2068 2685 2138 plane
2713 2070 2807 2138 qui
2839 2068 3125 2139 Prophette
3155 2085 3379 2127 causam
3415 2088 3580 2145 agere

2006 2159 2260 2221 voluerit,
2291 2158 2438 2228 quod
2486 2160 2670 2214 divina
2710 2172 2859 2216 certe
2902 2171 3101 2217 natura
3143 2165 3197 2219 in
3246 2167 3425 2236 seipsa
3468 2168 3585 2221 sola

2008 2249 2342 2311 exsultabat,
2383 2256 2439 2303 et
2488 2256 2617 2304 ante
2667 2250 3089 2321 intelligentiam
3138 2256 3586 2324 generationem;

2012 2339 2108 2393 sed
2154 2354 2309 2395 mens
2337 2339 2597 2404 humana,
2630 2350 2894 2411 quantum
2941 2346 3085 2414 capit
3125 2360 3222 2415 per
3263 2345 3363 2401 has
3393 2362 3590 2417 Opera-

2011 2431 2191 2485 tiones
2218 2432 2433 2495 edocta,
2487 2441 2697 2487 tantum
2742 2434 3059 2504 alloquitur.
3096 2436 3230 2491 Nam
3256 2454 3323 2493 ex
3369 2450 3590 2495 creatu—

2015 2536 2200 2575 rarum
2245 2524 2622 2592 magnitudine
2662 2536 2719 2581 et
2761 2528 3190 2597 pulchritudine,
3233 2534 3592 2602 pr0portione

2015 2612 2250 2682 quadam
2318 2612 2601 2685 Sapientia
2655 2618 2883 2687 dicit",
2927 2621 3171 2675 omnium
3226 2625 3479 2694 opiﬁcem
3536 2635 3593 2681 et

2015 2702 2316 2773 genitorem
2365 2706 2721 2761 considerari.
2781 2709 2837 2762 ln
2888 2709 3070 2766 divina
3114 2721 3298 2768 autem
3345 2724 3400 2768 et
3434 2732 3594 2772 exsu-

2018 2801 2244 2860 perante
2272 2807 2492 2849 omnem
2524 2795 2861 2851 intellectum
2896 2802 3157 2868 essentia,
3187 2803 3321 2859 tales
3352 2807 3594 2876 appella-

2018 2883 2197 2939 tiones
2247 2885 2631 2949 celebramus,
2680 2904 2790 2943 non
2842 2891 2987 2946 illam
3044 2908 3168 2947 cum
3229 2899 3595 2956 exsultatione

2018 2973 2311 3030 laudantes
2339 2990 2435 3045 per
2475 2992 2597 3047 quae
2628 2980 3017 3050 nominamus;
3065 2985 3158 3039 sed
3192 3001 3291 3042 nos
3317 2988 3464 3058 ipsos
3498 3006 3595 3060 per

2019 3080 2083 3119 ea
2117 3081 2237 3135 quae
2267 3067 2527 3121 dicuntur
2573 3070 2872 3141 dirigentes
2920 3074 2987 3127 ad
3030 3070 3370 3133 occultoru'm
3400 3084 3596 3153 cogni-

335 3161 528 3233 μάζειν
565 3163 626 3216 τὸ
657 3164 913 3232 ἀγάλλειν
946 3164 1155 3235 ἐνόησε.
1195 3164 1306 3217 Καὶ
1334 3162 1442 3235 μὴν
1469 3162 1739 3234 ἀκούομεν
1769 3162 1913 3235 παρὰ

2023 3158 2247 3212 tionem.
2294 3158 2495 3215 Deinde
2527 3160 2759 3218 Domino
2783 3165 2916 3219 dicit
2941 3165 3233 3237 Propheta,
3276 3171 3413 3227 Deus
3451 3191 3598 3229 meus

332 3252 445 3308 τῶν
465 3252 641 3324 ὀρθῶς
668 3256 735 3325 τῇ
762 3254 904 3322 λέξει
929 3254 1249 3327 χρωμένων,
1281 3255 1376 3308 καὶ
1404 3253 1472 3307 δι’
1498 3253 1784 3324 ἀκριϐείας
1809 3255 1913 3309 τῶν

2018 3266 2071 3304 es
2101 3260 2176 3313 tu,
2224 3254 2475 3322 quoniam
2518 3254 2774 3309 bonorum
2811 3274 3045 3312 meorum
3088 3278 3191 3315 non
3213 3280 3327 3333 eges
3351 3264 3413 3319 “.
3445 3267 3598 3333 Quov

335 3342 613 3413 ὀνομάτων
659 3342 757 3414 τὴν
807 3344 1000 3415 χρῆσιν
1038 3342 1658 3415 παραπεπαιδευμένων,
1708 3342 1782 3414 μὴ
1826 3344 1917 3397 ἐπὶ

334 3431 495 3503 ψιλῆς
526 3434 625 3505 τῆς
658 3433 944 3506 δηλώσεως
983 3434 1081 3505 τὴν
1110 3434 1203 3489 τοῦ
1235 3435 1489 3504 ἀγάλλειν
1520 3435 1778 3506 τετάχθαι
1806 3453 1918 3504 φω-

335 3526 434 3596 νήν
455 3541 469 3554 ’
501 3525 638 3579 ἀλλὰ
667 3527 730 3580 τὸ
762 3527 861 3597 μὲν
890 3526 1131 3581 τοιοῦτον
1155 3527 1188 3597 ἦ
1219 3528 1539 3599 γνωρίζειν,
1568 3528 1601 3599 ἢ
1631 3527 1843 3598 δηλοῦν,
1882 3528 1916 3598 ἢ

340 3616 653 3686 σημαίνειν,
688 3616 723 3687 ἢ
764 3616 892 3671 ἄλλο
924 3635 977 3671 τι
1003 3618 1412 3689 τοιουτότροπον
1446 3617 1718 3687 λέγεσθαι.
1758 3620 1830 3672 Τὸ
1861 3619 1919 3672 δὲ

337 3706 589 3774 ἀγάλλειν
616 3702 735 3760 ἶσόν
764 3708 880 3761 ἐστι
925 3708 1003 3779 τῷ
1044 3709 1464 3780 ἐπικαυχᾶσθαι,
1496 3711 1590 3764 καὶ
1618 3712 1920 3783 ἐπευφραί-

338 3797 546 3861 νεσθαι,
576 3799 669 3851 καὶ
698 3798 754 3851 εί
775 3817 827 3853 τι
869 3800 967 3870 τῆς
994 3801 1248 3871 τοιαύτης
1276 3804 1567 3873 ἐμφάσεως
1608 3802 1809 3874 ἔχεται.
1859 3802 1920 3858 '0

340 3887 396 3940 δέ
435 3905 602 3959 φησιν
628 3890 773 3959 ἡμᾶς
808 3893 920 3953 τοῖς
945 3890 1045 3959 τῆς
1086 3892 1327 3955 ἐπινοίας
1355 3892 1581 3963 ὀνόμασι
1613 3894 1714 3963 τὴν
1745 3909 1921 3964 μακα-

344 3978 467 4050 ρίαν
496 3980 752 4048 άγάλλειν
771 3980 937 4052 ζωήν.
969 3980 1157 4053 Ἡμεῖς
1173 3982 1232 4035 δέ
1256 3983 1570 4053 προσθεῖναι
1599 3983 1697 4054 μέν
1716 4001 1835 4037 τινα
1851 3986 1919 4056 τῇ

342 4070 463 4143 θείᾳ⁵
497 4072 654 4141 φύσει
681 4073 845 4144 τιμὴν
871 4076 936 4145 τῇ
969 4073 1110 4146 ὑπὲρ
1134 4076 1316 4127 πᾶσαν
1351 4074 1489 4149 οὔσῃ
1515 4074 1700 4146 τιμὴν,
1740 4076 1922 4145 μεῖζον

342 4162 376 4233 ἢ
402 4165 545 4218 κατὰ
567 4163 665 4237 τὴν
693 4165 973 4219 ἀσθένειαν
995 4166 1093 4236 τὴν
1120 4165 1468 4237 ἀνθρωπίνην
1493 4166 1719 4237 οἰόμεθα
1736 4181 1750 4194 ·
1778 4183 1921 4235 γνω-

345 4254 493 4327 ρίσαι
513 4255 570 4309 δέ
599 4273 651 4309 τι
682 4256 790 4309 τῶν
818 4257 946 4329 περ)⁸
974 4257 1144 4327 αὐτὴν
1170 4258 1257 4311 διὰ
1281 4257 1390 4312 τῶν
1418 4256 1659 4321 εὐσεϐῶς
1680 4259 1924 4310 ἐπινοού-

347 4343 525 4413 μένων
557 4344 817 4415 ῥημάτων
840 4361 899 4397 τε
928 4347 1022 4398 καὶ
1049 4346 1327 4417 ὀνομάτων
1355 4348 1653 4416 ἐπιχειρεῖν
1682 4346 1781 4398 οὐκ
1824 4348 1925 4416 ἀρ·

344 4434 601 4506 νούμεθα.
630 4436 739 4488 Καὶ
759 4435 848 4489 διὰ
872 4435 1027 4490 τοῦτο
1048 4438 1170 4490 καθ’
1195 4439 1317 4491 ὅσον
1339 4436 1563 4490 δυνατὸν
1585 4438 1715 4508 ήμῖν
1743 4436 1804 4489 τὸ
1831 4439 1925 4489 εὑ·

2019 3341 2183 3396 modo
2209 3343 2377 3413 igitur
2404 3345 2775 3402 beatissimam
2819 3348 2916 3409 Dei
2946 3351 3133 3418 vitam,
3171 3355 3253 3409 sic
3299 3372 3423 3422 nos,
3454 3360 3598 3414 sicut

2019 3432 2123 3487 iste
2152 3441 2421 3499 autumat,
2451 3451 2803 3506 exornamus,
2848 3456 3011 3509 quam
3042 3440 3309 3513 Propheta
3338 3448 3601 3516 praedicat

2022 3524 2385 3581 humanorum
2435 3526 2703 3583 bonorum
2742 3545 2849 3584 non
2898 3547 3022 3588 esse
3064 3536 3343 3606 indigam?
3383 3542 3465 3595 An
3497 3557 3601 3611 pro

2022 3616 2189 3670 verbo
2240 3617 2566 3687 ὀνομάζειν,
2622 3623 2926 3686 nominare,
2986 3628 3317 3697 excogitavit
3370 3633 3599 3689 verbum

2017 3708 2293 3776 ἀγάλλειν,
2337 3709 2485 3780 quod
2532 3721 2617 3766 est
2662 3714 2977 3772 exsultare?
3016 3718 3194 3788 Atque
3243 3722 3499 3780 audimus
3531 3742 3599 3781 ex

2025 3798 2111 3852 his
2145 3799 2238 3868 qui
2269 3806 2418 3854 recte
2443 3801 2611 3855 verbo
2643 3810 2895 3870 utuntur,
2927 3815 2982 3860 et
3011 3808 3103 3871 qui
3147 3821 3336 3865 exacta
3383 3815 3603 3869 subtili-

2022 3896 2134 3942 tate
2166 3891 2456 3945 verborum
2492 3907 2652 3947 usum
2694 3892 3026 3961 didicerunt,
3061 3913 3169 3953 non
3212 3917 3310 3969 pro
3339 3904 3483 3958 nuda
3523 3908 3601 3962 si-

2023 3979 2369 4051 gniﬁcatione
2422 3981 2527 4035 hoc
2588 3982 2815 4037 verbum
2866 3984 3119 4052 ἀγάλλειν
3172 3993 3441 4059 construi,
3498 3995 3598 4049 sed

2024 4072 2127 4126 hoc
2156 4072 2263 4127 tale
2289 4072 2377 4126 vel
2406 4080 2598 4127 notum
2628 4072 2829 4139 facere,
2859 4077 2944 4130 vel
2976 4077 3277 4146 declarare,
3315 4083 3397 4138 vel
3425 4086 3602 4155 signi-

2024 4162 2211 4226 ﬁcare,
2267 4162 2350 4217 vel
2397 4163 2543 4218 aliud
2606 4162 2867 4234 quiddam
2927 4167 3021 4221 tali
3068 4170 3232 4223 modo
3274 4170 3403 4227 dici.
3464 4172 3601 4230 Ver-

2025 4251 2152 4306 bum
2194 4258 2377 4307 autem
2430 4252 2685 4321 ἀγάλλειν
2724 4254 2866 4309 idem
2919 4264 3039 4323 est,
3093 4261 3237 4329 quod
3293 4265 3597 4335 exsultare,

2023 4344 2267 4414 gloriari,
2318 4344 2513 4408 laetari,
2565 4353 2621 4399 et
2671 4345 2719 4399 si
2770 4345 2902 4416 quid
2935 4349 3098 4403 talem
3142 4349 3600 4422 significationem

2025 4437 2211 4492 habet.
2244 4436 2345 4491 Hic
2375 4444 2554 4492 autem
2588 4437 2723 4492 dicit
2762 4454 2864 4494 nos
2902 4443 3237 4509 nominibus,
3287 4462 3355 4501 ex
3403 4451 3601 4507 mentis

348 4527 503 4589 σεϐἐς
537 4526 866 4597 ἰχνεύοντες,
908 4528 970 4581 τὸ
1004 4529 1082 4599 μὴ
1112 4528 1172 4596 ἐξ
1210 4528 1387 4591 αἰτίας
1419 4527 1821 4598 ὑπερκειμένης
1862 4529 1913 4581 τὲ

2026 4529 2487 4584 commentatione
2516 4529 2723 4593 ductis,
2758 4532 2925 4585 vitam
2974 4533 3186 4589 beatam
3225 4536 3501 4606 άγάλλειν,
3543 4540 3601 4598 id

345 4616 561 4686 πρῶτον
590 4618 761 4671 αῖτιον
782 4620 880 4690 τὴν
906 4620 1201 4673 ὑπόστασιν
1221 4619 1387 4690 ἔχειν,
1407 4618 1918 4689 καταλαμϐάνομεν.

353 4713 527 4781 Ὅπερ
555 4711 612 4763 ει
638 4710 735 4780 μὲν
757 4710 832 4774 ὡς
855 4711 1053 4781 ἀληθὲς
1083 4711 1394 4782 ἀποδέχοιτό
1420 4728 1525 4774 τις,
1550 4710 1831 4765 ἐπαινετὸν
1854 4710 1921 4765 ἂν

346 4802 431 4871 είη
463 4800 553 4855 διὰ
570 4801 670 4872 τὴν
692 4801 949 4874 ἀλήθειαν
982 4802 1168 4875 μόνην.
1194 4803 1259 4857 Et
1284 4803 1341 4856 δὲ
1366 4803 1442 4867 ὼς
1474 4803 1656 4874 μεῖζον
1677 4801 1789 4857 τῶν
1813 4802 1922 4857 λοι-

346 4894 463 4947 πῶν
486 4894 595 4947 τῶν
623 4896 752 4966 περὶ
777 4894 875 4966 τὴν
904 4895 1053 4948 θείαν
1082 4894 1242 4965 φύσιν
1265 4894 1569 4965 νοουμένων
1595 4894 1655 4947 τὸ
1681 4894 1922 4949 τοιοῦτον

347 4986 543 5054 κρίνοι,
576 4987 672 5038 καὶ
695 4986 783 5038 διὰ
809 4986 965 5039 τοῦτο
1000 4986 1139 5059 μόνῃ
1167 4984 1339 5056 ταύτῃ
1368 4988 1435 5056 τῇ
1476 4985 1742 5056 ὑπολήψει
1773 4984 1922 5055 λέγοι

345 5078 437 5130 τὸν
481 5077 613 5132 Θεὸν
646 5080 1051 5150 ἐπιγαυριῶντα
1092 5080 1187 5133 καὶ
1231 5078 1687 5149 εὐφραινόμενον,
1717 5076 1793 5143 ὥς
1824 5096 1930 5132 τινι

347 5167 457 5220 τῶν
483 5169 855 5241 ὑπερεχόντων
903 5170 1270 5239 ἀγάλλεσθαι,
1319 5169 1487 5241 μόνης
1523 5169 1623 5239 τῆς
1661 5167 1928 5241 Εὑνομίου

353 5260 558 5332 μούσης
596 5262 662 5316 ἂν
692 5264 782 5333 εἴη
805 5305 820 5329 ,
853 5262 949 5317 τοῦ
997 5264 1245 5332 λέγοντος
1280 5263 1449 5333 αὐτὴν
1496 5264 1581 5332 ἐφ’
1615 5264 1780 5335 ἐαυτῇ
1828 5263 1928 5333 τὴν

348 5359 674 5427 ἀγεννησίαν
701 5358 1049 5427 ἀγάλλεσθαι,
1088 5360 1154 5429 ἢν
1192 5358 1257 5429 δὴ
1300 5358 1487 5411 οὐσίαν
1515 5373 1575 5410 τε
1604 5356 1756 5425 λέγει
1777 5398 1792 5419 ,
1830 5358 1924 5410 καὶ

357 5446 627 5518 μακαρίαν
654 5466 713 5502 τε
742 5450 836 5503 καὶ
864 5450 1013 5503 θείαν
1042 5450 1297 5520 ὀνομάζει
1329 5448 1495 5519 ζωήν.

2024 4628 2129 4685 est,
2170 4634 2456 4675 exornare.
2497 4618 2609 4675 Nos
2640 4630 2822 4677 autem
2852 4622 3052 4679 divinae
3084 4633 3297 4681 natura:
3328 4644 3450 4698 quae
3477 4646 3600 4684 om-

2026 4726 2148 4765 nem
2180 4717 2401 4780 superat
2436 4710 2722 4778 honorem,
2756 4712 2994 4783 aliquem
3044 4716 3281 4786 adjicere
3312 4719 3599 4788 honorem,

2027 4803 2264 4858 humana
2291 4803 2607 4859 inﬁrmitate
2651 4806 2829 4873 majus
2866 4808 3235 4878 arbitramur;
3268 4812 3473 4883 aliquid
3505 4830 3603 4869 au-

2027 4900 2134 4947 tem
2171 4906 2361 4948 eorum
2404 4907 2527 4963 qua:
2572 4893 2627 4947 in
2661 4909 2725 4949 ea
2754 4905 3076 4959 cernuntur,
3115 4906 3304 4954 notum
3343 4902 3523 4958 facere
3549 4912 3605 4959 et

2026 4981 2307 5038 celebrare
2336 4983 2519 5039 verbis
2551 4991 2606 5039 et
2650 4986 2969 5041 nominibus
2994 4987 3084 5058 pie
3134 4998 3189 5045 et
3227 4992 3483 5064 religiose
3514 4994 3602 5048 in-

2031 5076 2264 5132 tellectis
2298 5077 2486 5132 conari
2538 5092 2647 5132 non
2691 5078 3021 5136 inﬁciamur.
3071 5082 3305 5155 Ideoque
3332 5098 3602 5157 quantum

2034 5168 2115 5225 fas
2149 5177 2257 5227 est.
2290 5167 2545 5237 pietatem
2588 5178 2922 5239 spectantes,
2964 5188 3075 5227 non
3106 5189 3172 5229 ex
3208 5191 3373 5233 causa
3408 5194 3603 5247 super-

2028 5261 2303 5315 eminente
2356 5259 2585 5330 primam
2630 5276 2854 5317 causam
2923 5265 3339 5322 subsistentiam
3404 5269 3608 5326 habere

2030 5353 2563 5421 comprehendimus,
2612 5355 2757 5425 quod
2800 5355 3020 5426 quidem
3071 5357 3119 5413 si
3165 5367 3226 5413 ut
3263 5375 3450 5415 verum
3479 5362 3607 5432 quis

2032 5445 2316 5517 approbet,
2355 5443 2629 5500 laudabile
2655 5444 2819 5501 fuerit
2846 5456 3069 5519 propter
3098 5449 3267 5504 solam
3294 5453 3603 5507 veritatem.

351 5546 408 5600 Si
440 5552 621 5597 autem
661 5551 718 5597 ut
764 5545 941 5614 majus
981 5544 1208 5614 reliquis
1237 5558 1361 5614 quae
1419 5544 1489 5599 de
1535 5544 1722 5599 divina
1763 5551 1961 5598 natura
1997 5550 2324 5604 noscuntur,
2355 5540 2409 5595 id
2451 5539 2682 5609 judicet,
2719 5550 2774 5596 et
2836 5551 3123 5614 propterea
3164 5545 3267 5600 hac
3312 5546 3427 5601 sola
3498 5546 3611 5617 opi-

352 5637 513 5691 nione
545 5637 692 5692 dicat
725 5636 892 5693 Deum
927 5639 1248 5711 gestientetn
1290 5644 1345 5693 et
1379 5638 1673 5703 laetantem,
1724 5648 1783 5693 ut
1821 5640 2005 5711 aliquo
2046 5637 2570 5710 superemiucntium
2644 5638 2943 5708 exsultare,
3010 5639 3113 5695 hoc
3186 5643 3362 5699 solius
3420 5642 3610 5698 Ειιτιοο

420 5840 467 5871 ’⁸
508 5839 653 5897 Psal.
691 5855 785 5906 cu,
819 5841 872 5896 8.
949 5843 996 5873 ³³
1037 5842 1165 5913 Sap.
1203 5856 1328 5907 xm,
1363 5841 1416 5895 5.
1494 5843 1540 5875 “
1580 5841 1728 5897 Psal.
1769 5859 1857 5909 xv,
1890 5843 1945 5898 2.
