4142 6374
552 360 659 415 963
1741 368 1801 422 3.
1850 368 2115 424 GREGOll

2233 372 2524 429 NYSSENI
3708 390 3818 442 96‘

542 468 643 524 mii
688 485 860 524 musae
906 469 1069 525 fuerit
1107 472 1369 541 dicentis,
1425 479 1599 549 ipsam
1637 481 1691 535 in
1737 484 1918 554 scipsa
1968 486 2294 558 ἀγεννησίαν
2320 493 2617 557 exsultare,
2657 509 2820 565 quam
2858 504 3006 553 certe
3072 511 3127 554 et
3187 503 3504 565 essentiam,
3569 514 3618 558 et
3694 506 3825 559 lacu-

543 572 680 626 tam,
716 572 770 618 et
800 563 1041 619 divinam
1072 568 1239 623 vitam
1266 572 1538 629 nominat.

616 656 723 713 Sed
755 659 1067 729 audiamus,
1099 668 1376 733 quomodo
1403 670 1713 726 secundum
1751 673 1972 728 modum
2000 676 2124 729 usui
2159 689 2201 741 Α

538 759 935 819 congruentem
991 762 1046 807 et
1094 758 1492 823 praecedentem
1542 764 1775 818 formam
1828 766 1933 835 (sic
1979 768 2125 822 enim

539 844 731 898 eodem
798 844 959 900 modo
1021 846 1273 906 formatis
1328 854 1644 912 nominibus
1705 873 1901 913 rursus
1966 860 2127 916 nobis

538 935 831 991 elllorescit
863 946 918 992 et
956 954 1079 995 sese
1111 944 1397 1015 ostentat),
1423 949 1701 1016 quomodo
1743 967 1838 1019 per
1874 951 1991 1007 haec
2016 953 2129 1009 dis-

506 1016 509 1023 ’
540 1026 753 1079 solvere.
782 1026 960 1097 inquit
984 1029 1053 1085 de
1087 1046 1154 1085 eo
1194 1043 1520 1105 conceptam
1564 1040 1900 1108 opinionem,
1940 1059 2002 1098 ac
2032 1044 2129 1100 de-

535 1125 822 1186 ceptorum
874 1120 1239 1191 ignorantiam
1270 1141 1548 1185 coercere.
1605 1131 1737 1188 Utar
1769 1136 1913 1191 enim
1950 1139 2127 1207 ipsius

538 1208 971 1279 dithyrambista:
1028 1214 1283 1272 similiter
1337 1218 1719 1280 desinentibus
1782 1229 2121 1287 vocabulis:

538 1300 645 1368 Qui
686 1302 945 1369 diximus,
990 1306 1190 1377 inquit,
1219 1311 1359 1379 quod
1397 1329 1459 1366 ea
1503 1331 1620 1383 qua:
1666 1334 1731 1371 ea;
1764 1320 1952 1373 mentis
1983 1339 2126 1375 eom-

536 1392 859 1446 mentatione
901 1392 1187 1461 dicunlur,
1237 1398 1407 1453 solent
1442 1417 1560 1454 cum
1616 1404 1828 1457 vocibus
1878 1406 2122 1472 dissolvi,

535 1484 616 1537 his
665 1485 913 1540 addimus
948 1504 966 1540 :
999 1486 1139 1542 Deus
1172 1489 1385 1560 quidem
1428 1495 1590 1547 etiam
1628 1498 1919 1551 tacentibus
1962 1508 2012 1552 et
2046 1501 2125 1554 lo-

534 1578 810 1645 quentibus
845 1579 911 1633 iis
942 1597 1059 1649 qua:
1089 1592 1213 1635 sunt
1251 1583 1307 1636 in
1357 1601 1531 1638 rerum
1583 1598 1803 1651 natura,
1833 1591 1993 1643 etiam
2028 1608 2125 1645 an—

536 1677 746 1735 tequam
780 1667 927 1737 facta
965 1680 1138 1724 essent
1177 1673 1415 1739 nomina,
1468 1684 1586 1727 erat
1631 1685 1789 1730 etest
1839 1679 2118 1748 ingenitus.

534 1756 821 1815 Discamus
862 1762 1029 1830 igitur
1059 1764 1267 1834 aliquid
1308 1782 1601 1823 commune
1631 1771 1921 1825 verborum
1953 1789 2121 1828 exco-

531 1851 808 1922 gitationi,
847 1853 933 1907 vel
966 1854 1252 1909 nominum
1296 1857 1557 1926 positioni
1585 1874 1711 1913 cum
1756 1862 1923 1917 rebus
1956 1862 2113 1933 ipsis,

532 1958 671 2011 quas
711 1944 893 2014 aliqua
925 1946 1208 2001 nominum
1239 1955 1294 2002 et
1338 1950 1633 2004 verborum
1665 1968 1799 2008 voce
1841 1965 2116 2012 notamus.

2317 675 2455 728 Ἀλλ’
2492 678 2818 749 ἀκούσωμεν
2863 681 2982 745 πῶς
3024 683 3166 737 κατὰ
3207 686 3298 739 τὸν
3337 688 3697 746 ἐπιϐάλλοντα
3750 701 3818 767 τῇ

2232 768 2390 838 χρείᾳ
2420 768 2639 839 τρόπον,
2674 772 2767 824 καὶ
2799 772 2891 826 τὸν
2918 775 3258 844 προλαϐόντα
3289 780 3457 835 τύπον
3478 800 3491 812 ·
3521 784 3663 838 οὕτω
3708 788 3819 860 γὰρ

2228 861 2342 919 τοῖς
2380 859 2653 924 ίσοτύποις
2694 861 2803 915 τῶν
2836 863 3116 934 ὀνομάτων
3160 869 3321 922 πάλιν
3358 873 3490 943 ἡμῖν
3528 859 3821 948 ὲνωραῖζεὲ

2228 964 2356 1002 ται·
2390 950 2507 1014 πῶς
2532 951 2619 1005 διὰ
2650 952 2854 1007 τούτων
2881 955 3116 1008 διαλύειν
3147 960 3247 1027 μέν
3273 977 3405 1032 φησι
3434 965 3534 1036 τὴν
3559 969 3685 1038 περὶ
3716 971 3819 1023 αῦ-

2227 1038 2322 1091 τοῦ
2370 1041 2668 1111 γενομένην
2706 1042 2998 1112 ὑπόνοιαν,
3048 1050 3417 1119 περιστέλλειν
3457 1053 3515 1106 δὲ
3563 1056 3661 1128 τὴν
3704 1059 3818 1112 τῶν

2227 1130 2598 1199 ἠπατημένων
2631 1131 2873 1201 ἄγνοιαν.
2913 1137 3115 1201 Αύταίς
3144 1138 3253 1211 γὰρ
3293 1144 3569 1214 χρήσομαι
3601 1147 3697 1201 τοῦ
3731 1150 3816 1204 δι-

2228 1217 2597 1290 θυραμϐιστοῦ
2644 1228 2763 1284 ταῖς
2814 1227 3189 1297 ὀμοιολήκτοις
3234 1236 3469 1299 φωναῖς·
3501 1239 3813 1307 Εἱπόντες,

2228 1312 2413 1381 φησιν,
2443 1311 2531 1365 ὅτι
2565 1313 2637 1366 τὰ
2665 1316 2791 1368 κατ’
2821 1317 3093 1371 ἐπίνοιαν
3116 1323 3414 1392 λεγόμενα
3439 1327 3567 1392 ταῖς
3591 1332 3815 1398 φωναῖς

2225 1402 2698 1459 συνδιαλὺεσθαι
2729 1406 3021 1477 πέφυκεν,
3049 1412 3426 1484 ἐπηγάγομεν
3463 1421 3718 1487 τούτοις·
3759 1423 3812 1476 '0

2225 1492 2293 1544 δὲ
2328 1493 2492 1561 Θεὸς,
2513 1496 2610 1548 καὶ
2633 1497 2992 1553 σιωπώντων
3013 1504 3109 1557 καὶ
3131 1507 3551 1577 φθεγγομένου·
3570 1516 3812 1582 γεγονό-

2226 1600 2361 1649 των,
2390 1586 2488 1638 καί
2514 1588 2626 1656 πρὸ
2655 1588 2761 1642 τοῦ
2786 1590 3093 1659 γεγονέναι
3115 1598 3190 1648 τὰ
3208 1597 3498 1666 ὀνόματα,
3522 1598 3603 1672 ἦν
3625 1622 3690 1658 τε
3711 1608 3811 1662 καί

2225 1676 2398 1729 ἔστιν
2427 1678 2775 1747 ἀγέννητος.
2810 1682 3089 1755 Μάθωμεν
3123 1689 3302 1743 τοίνυν
3332 1693 3526 1747 κοινῶν
3550 1698 3809 1767 ῥημάτων

2225 1768 2457 1839 ἐπινοίᾳ,
2489 1769 2521 1839 ἢ
2551 1769 2832 1840 ὀνομάτων
2865 1772 3032 1839 θέσει,
3066 1777 3201 1848 πρὸς
3227 1779 3368 1834 αὐτὰ
3394 1782 3462 1835 τὰ
3488 1786 3807 1858 πράγματα,

2222 1854 2259 1907 ἂ
2282 1854 2370 1908 διὰ
2400 1858 2497 1927 τῆς
2536 1859 2695 1920 ποιᾶς
2716 1858 2817 1929 τῆς
2840 1861 3117 1932 ὀνομάτων
3142 1881 3200 1917 τε
3225 1868 3319 1919 καὶ
3340 1854 3598 1940 ῥημάτων
3616 1854 3809 1947 iw;

2227 1947 2620 2019 σημειούμεθα.
2655 1949 2818 2005 Ὥστε
2861 1953 2911 2004 εί
2946 1954 3254 2026 ἀγεννήτως
3289 1959 3434 2012 ἐστὶν
3481 1964 3510 2015 ὀ
3542 1962 3675 2029 Θεὸς
3704 1969 3808 2040 πρὸ

530 2033 714 2098 Quare
763 2035 809 2089 si
851 2033 997 2092 Deus
1047 2045 1132 2093 est
1179 2040 1425 2110 ingenito
1458 2042 1621 2096 modo
1670 2054 1796 2099 ante
1829 2045 2115 2100 humanam

2225 2044 2326 2113 τῆς
2383 2044 2729 2116 ἀνθρωπίνης
2775 2046 3119 2113 συστάσεως,
3170 2051 3269 2123 τὴν
3324 2053 3666 2130 ὲμφαντικὴν
3710 2033 3811 2131 της

530 2127 1003 2195 constitutionem,
1045 2129 1436 2185 declarativam
1475 2134 1601 2190 talis
1632 2134 1909 2204 opinionis
1931 2153 2119 2192 vocem

530 2230 789 2289 tanquam
825 2237 961 2276 sono
989 2222 1244 2278 diﬂ‘usam
1278 2224 1633 2297 imprOpi-iam
1677 2237 1930 2298 oporteat
1970 2230 2121 2300 judi-

528 2325 679 2373 care,
725 2312 771 2365 si
813 2312 1116 2367 secundum
1151 2313 1450 2369 humanam
1492 2318 1775 2373 notionem
1807 2317 1975 2375 fuerit
2016 2337 2116 2374 no-

529 2404 733 2457 minata
764 2423 776 2457 :
806 2403 952 2457 haud
999 2405 1145 2459 enim
1202 2413 1284 2460 est
1331 2406 1499 2471 idem,
1548 2424 1672 2463 esse
1728 2418 1784 2463 ct
1824 2411 1931 2464 dici
1969 2432 1980 2466 :
2017 2414 2111 2466 sed

526 2502 611 2549 εει
646 2495 865 2564 quidem
896 2503 1116 2561 natura,
1154 2497 1301 2567 quod
1331 2498 1552 2568 quidem
1591 2509 1676 2555 est
1714 2500 1878 2557 Deus.
1912 2503 2118 2558 Dicitur

528 2598 709 2640 autem
751 2604 781 2640 a
818 2588 979 2643 nobis
1009 2598 1275 2658 quantum
1323 2590 1488 2645 fuerit
1526 2593 1791 2660 possibile
1829 2596 2117 2651 enuntiare

528 2685 749 2746 propter
783 2686 996 2733 natura:
1041 2688 1247 2735 nostra:
1292 2690 1616 2750 egestatem,
1660 2699 1785 2753 quae
1832 2685 1887 2739 in
1934 2688 2114 2741 anima

529 2768 756 2823 aﬂectus
804 2768 1112 2839 incognitos
1166 2770 1282 2823 sive
1326 2772 1719 2841 inconspicuus
1774 2774 1957 2842 habet,
2007 2777 2117 2832 nisi

529 2876 627 2928 per
687 2875 875 2915 vocem
940 2869 995 2914 et
1054 2860 1361 2915 orationem
1433 2864 1636 2917 evoluti
1691 2864 1917 2920 fuerint.
1973 2867 2116 2939 Ergo

528 2950 711 3019 ipsum
742 2966 852 3004 non
892 2967 957 3005 ex
993 2966 1161 3006 causa
1197 2967 1321 3007 esse
1355 2952 1743 3023 intelligentes,
1780 2966 2115 3010 commenta-

527 3046 679 3100 tione
704 3044 940 3115 quadam
981 3046 1122 3099 hanc
1179 3046 1459 3099 notionem
1512 3062 1609 3115 per
1656 3048 1880 3117 ingeniti
1923 3064 2112 3103 vocem

526 3137 901 3192 ennntiamus.
926 3136 1213 3203 Quodnam
1238 3136 1406 3207 igitur
1426 3136 1691 3193 damnum
1715 3139 1763 3193 ei
1788 3140 1882 3209 qui
1907 3139 1987 3194 sic
2006 3151 2110 3200 εει,

528 3228 659 3294 quid
676 3229 757 3283 sic
777 3236 883 3292 est,
908 3244 938 3281 a
962 3229 1121 3283 nobis
1144 3229 1457 3281 nominari?
1483 3226 1601 3282 Non
1619 3230 1764 3283 enim
1785 3245 1849 3285 ex
1884 3245 1949 3284 eo
1965 3231 2109 3301 quod

530 3319 747 3374 d'catur
775 3321 1074 3390 ingenitus,
1102 3320 1372 3375 exsistere
1404 3322 1853 3391 ingenerabiliter
1882 3323 2108 3385 dicitur,

526 3410 624 3470 sed
668 3428 735 3466 ex
768 3427 835 3467 eo
876 3412 1025 3482 quod
1075 3412 1169 3476 sit,
1210 3412 1321 3465 dici
1378 3412 1543 3467 etiam
1584 3413 1635 3467 ei
1696 3412 1933 3468 advenit.
1998 3414 2112 3469 Hoc

530 3511 713 3556 autem
759 3519 869 3557 non
926 3504 1196 3558 intellexit
1246 3505 1469 3559 subtilis
1529 3516 1583 3560 et
1640 3506 1819 3562 solers
1870 3508 2111 3577 ingenio,

534 3610 710 3665 neque
753 3610 782 3647 a
812 3611 871 3650 se
907 3595 1083 3665 posita
1114 3595 1404 3650 manifeste
1433 3596 1838 3651 animadvertit.
1868 3596 2002 3650 Nam
2032 3600 2115 3653 vel

528 3693 676 3739 certe
714 3695 986 3741 cessasset
1025 3699 1121 3740 eos
1154 3685 1248 3755 qui
1280 3701 1374 3754 per
1411 3687 1925 3741 commentationem
1956 3689 2116 3756 ἀγεν-

524 3777 718 3848 νττσίας
754 3794 951 3833 nomen
967 3777 1246 3848 eﬂingunt,
1276 3778 1520 3848 improbe
1542 3779 1825 3835 insectari.
1857 3779 2116 3834 Animad-

530 3872 726 3926 vertite
789 3869 935 3924 enim
977 3870 1122 3940 quod
1184 3870 1304 3925 ait:
1359 3870 1492 3937 Quae
1550 3888 1646 3941 per
1696 3873 2115 3926 commentatio-

534 3976 659 4016 nem
716 3960 1056 4026 ell‘eruntur,
1120 3962 1286 4018 simul
1342 3977 1466 4017 cum
1518 3963 1745 4018 vocibus
1792 3963 2109 4017 dissolvun-

535 4064 661 4119 tur;
696 4052 838 4108 Deus
888 4062 1072 4107 autem
1114 4065 1199 4109 est
1232 4056 1432 4125 genitis
1478 4055 1651 4125 prior,
1688 4062 1742 4110 et
1786 4056 2108 4125 priusquam

527 4146 752 4198 n'mnina
798 4144 1052 4213 imposita
1098 4154 1305 4211 essent,
1351 4156 1405 4200 ct
1452 4155 1651 4200 eratet
1684 4152 1768 4200 est
1810 4147 2107 4217 ingenitus.

530 4232 696 4288 \‘idc-s
753 4234 898 4304 quod
951 4250 1095 4301 esse,
1142 4236 1288 4306 quod
1334 4237 1554 4305 quidem
1609 4245 1713 4301 est,
1774 4236 1938 4291 habet
1983 4247 2111 4292 ante

525 4330 774 4384 omnium
834 4330 1130 4383 tacentium
1193 4337 1249 4384 et
1301 4330 1638 4399 loquentium
1697 4331 2107 4396 exsistentiam,

529 4434 710 4489 neque
749 4421 922 4490 magis
954 4436 1133 4490 neque
1160 4421 1343 4475 minus
1371 4421 1514 4491 quod
1550 4430 1651 4485 est,
1690 4422 1807 4491 ipse
1834 4429 1938 4477 est.
1974 4420 2111 4475 Ver-

531 4508 725 4566 borum
768 4522 950 4567 autem
985 4520 1038 4567 et
1063 4512 1343 4566 nominum
1374 4529 1508 4567 usus
1540 4520 1661 4582 post
1681 4512 1961 4567 hominum
1985 4527 2110 4582 pro-

525 4603 1232 4672 ductionemexcogitatus
1275 4612 1380 4667 est,
1424 4604 1517 4671 qui
1563 4618 1593 4657 a
1638 4602 1747 4658 Deo
1789 4604 2021 4658 rationis
2053 4610 2108 4658 et

526 4695 795 4750 orationis
823 4693 1081 4750 facultate
1120 4696 1366 4749 exornati
1396 4695 1638 4750 fuerunt.
1668 4694 1725 4749 Si
1758 4696 1924 4765 igitur
1949 4710 2105 4749 crea-
2137 4722 2180 4778 ι)

526 4794 651 4838 tura
704 4793 954 4841 creatore
1004 4786 1275 4852 posterior
1323 4793 1431 4849 est,
1493 4784 1849 4855 omniumque
1889 4792 2107 4838 creatu-

525 4890 712 4929 rarum
745 4875 908 4930 homo
935 4878 1020 4929 εει
1060 4876 1323 4949 ultimus;
1356 4877 1579 4946 propria
1607 4884 1787 4931 autem
1816 4886 1901 4931 est
1925 4876 2100 4931 homi-

525 4966 613 5019 nis
640 4964 850 5031 oratio;
873 4965 1143 5020 orationis
1168 4975 1348 5019 autem
1373 4976 1556 5036 partes
1580 4966 1801 5021 nomina
1826 4973 1881 5021 et
1905 4968 2101 5033 verba;

525 5072 722 5111 nomen
745 5071 875 5112 vero
892 5064 977 5111 est
998 5055 1321 5126 ἀγεννησία;
1346 5056 1623 5127 quomodo
1651 5072 1763 5112 non
1810 5057 2101 5130 intelligat,

525 5163 585 5203 se
617 5149 703 5202 his
732 5163 853 5216 qua:
898 5147 1177 5216 prastruit
1208 5150 1560 5218 repugnare?
1606 5147 1717 5204 Nos
1745 5148 1894 5204 enim
1936 5151 2103 5204 etiam

522 5239 824 5293 asserimus
869 5238 1094 5292 nomina
1141 5237 1211 5291 ad
1261 5252 1352 5292 res
1386 5237 1748 5293 declarandas
1790 5246 1845 5293 et
1893 5239 2105 5310 signiﬁ-

523 5329 730 5384 candas
760 5329 999 5383 humana
1026 5329 1246 5383 solertia
1282 5329 1503 5384 inventa
1542 5346 1665 5385 esse
1692 5349 1706 5385 :
1740 5331 1831 5386 ille
1852 5347 1980 5386 vero
2009 5347 2103 5389 eos

522 5422 619 5493 qui
656 5422 905 5476 oratione
951 5428 1203 5481 utuntur.
1252 5421 1435 5477 divina
1486 5423 1596 5478 vita
1646 5426 1976 5495 posteriores
2004 5428 2101 5482 de.

523 5513 821 5569 monstrari
856 5513 1167 5567 conﬁtetur.
1205 5512 1456 5567 Divinam
1489 5522 1669 5570 autem
1701 5526 1952 5571 naturam
1976 5534 2101 5574 esse

521 5604 855 5674 ἁγεννήτως,
904 5602 1067 5659 modo
1114 5602 1491 5673 ingenerahili,
1535 5604 1679 5658 sicut
1724 5621 1869 5659 nunc
1906 5616 2011 5665 est.
2046 5618 2101 5663 et

524 5710 739 5764 semper
776 5703 916 5751 erat.
962 5693 1020 5749 Si
1052 5694 1220 5765 igitur
1260 5695 1351 5749 ille
1382 5694 1599 5749 beatam
1624 5697 1791 5751 vitam
1835 5706 1960 5753 ante
2007 5701 2101 5753 ho-

522 5788 700 5843 mines
741 5799 902 5842 natos
941 5786 1221 5843 exstitisse
1246 5785 1539 5843 conﬁtetur
1567 5786 1782 5859 (rursus
1829 5791 1975 5845 enim
2004 5806 2094 5846 re-

2220 2134 2479 2204 τοιαύτης
2518 2135 2837 2206 ὑπολήψεως
2880 2138 3063 2207 φωνὴν
3098 2138 3172 2201 ὡς
3209 2140 3288 2211 τῷ
3326 2142 3549 2215 φθόγγῳ
3597 2148 3807 2201 συνδια-

2221 2225 2486 2297 χεομένην
2516 2227 2716 2298 ἄκυρον
2747 2227 2974 2297 κρίνειν,
3015 2230 3063 2282 εί
3103 2230 3222 2282 κατ’
3252 2233 3497 2288 ἐπίνοιαν
3530 2236 3806 2309 ἀνθρωπί-

2221 2332 2318 2385 νην
2354 2315 2718 2385 ὀνομασθεῖσα
2745 2314 2917 2385 τύχοι.
2947 2317 3022 2369 Οὐ
3056 2316 3165 2387 γὰρ
3195 2320 3389 2373 ταύτόν
3416 2322 3532 2375 ἐστι
3555 2323 3615 2376 τὸ
3646 2320 3803 2388 εἶναι,

2219 2406 2296 2476 τῷ
2332 2406 2606 2474 λέγεσθαι.
2652 2404 2790 2459 Ἀλλ’
2834 2406 2949 2459 ἐστι
2984 2408 3083 2477 μὲν
3123 2412 3189 2480 τῇ
3221 2410 3380 2479 φύσει
3421 2412 3558 2483 ὅπερ
3593 2416 3740 2469 ἐστὶν
3775 2420 3805 2471 ὀ

2218 2499 2370 2561 Θεός.
2396 2498 2628 2567 Λέγεται
2661 2497 2717 2551 δὲ
2744 2500 2873 2569 παρ’
2905 2498 3083 2569 ἡμῶν,
3114 2499 3188 2561 ὡς
3217 2500 3284 2554 ἂν
3382 2503 3608 2558 δυνατὸν
3639 2506 3803 2576 ἐξαγο

2218 2589 2391 2656 γεῖλαι
2416 2588 2503 2643 διὰ
2534 2589 2633 2659 τὴν
2660 2590 2759 2659 τῆς
2792 2589 3007 2659 φύσεως
3041 2591 3196 2661 ἡμῶν
3224 2594 3517 2663 πτωχείαν,
3551 2594 3586 2666 ἢ
3621 2596 3720 2661 τὰς
3748 2600 3805 2651 ὲν

2218 2684 2282 2751 τῇ
2326 2680 2471 2751 ψυχῇ
2504 2681 2771 2745 διαθέσεις
2803 2682 3033 2753 ἀδήλους
3067 2685 3211 2753 ἔχει,
3254 2684 3328 2755 μὴ
3371 2685 3459 2738 διὰ
3489 2686 3676 2756 φωνῆς
3711 2690 3804 2741 ἐκ·

2218 2770 2632 2841 καλυπτομένας
2656 2771 2749 2826 καὶ
2768 2772 2951 2840 λόγου.
2985 2774 3195 2829 Οὐκοῦν
3224 2775 3285 2827 τὸ
3316 2775 3391 2846 μὴ
3424 2777 3483 2841 ἐξ
3515 2778 3694 2841 αἰτίας
3713 2780 3807 2833 αύ-

2214 2859 2306 2910 τδν
2334 2854 2469 2912 εἶναι
2502 2860 2815 2929 νοήσαντες,
2858 2861 3070 2932 ἐπινοίᾳ
3115 2862 3212 2933 τὴν
3252 2864 3435 2933 νόησιν
3465 2865 3669 2937 ταύτην
3716 2867 3804 2921 διὰ

2215 2950 2313 3019 τῆς
2345 2949 2439 3002 τοῦ
2483 2950 2773 3022 ἀγεννήτου
2814 2952 2997 3025 φωνῆς
3035 2953 3447 3026 ἐξαγγέλλομεν.
3495 2958 3593 3021 Τίς
3629 2954 3722 3011 οὖν
3764 2961 3798 3029 ἠ

2217 3039 2387 3110 βλάϐη
2416 3040 2494 3111 τῷ
2522 3040 2694 3105 οὓτως
2715 3042 2851 3106 ὄντι,
2880 3044 2941 3096 τὸ
2964 3045 3040 3109 ὡς
3072 3045 3185 3099 ἔστι
3226 3050 3357 3119 παρ’
3398 3050 3430 3118 ἡ
3440 3049 3556 3119 μῶν
3595 3050 3800 3121 ὀνομά-

2215 3132 2441 3199 (satiat;
2474 3135 2549 3188 Ού
2581 3135 2689 3205 γὰρ
2728 3136 2793 3189 ἐκ
2834 3135 2928 3189 τοῦ
2981 3138 3210 3209 ῥηθῆναι
3258 3140 3576 3210 ἀγέννητον,
3608 3145 3701 3196 καὶ
3741 3144 3802 3196 τὸ

2215 3227 2478 3298 ὑπάρχειν
2513 3228 2824 3299 ἀγεννήτως
2864 3231 3010 3285 ἐστὶν
3031 3270 3045 3291 .
3075 3231 3189 3283 ἀλλ’
3223 3235 3287 3287 ἐκ
3314 3234 3408 3287 τοῦ
3445 3231 3581 3288 εἶναι
3623 3237 3715 3290 καὶ
3742 3240 3803 3292 τὸ

2218 3316 2447 3386 ῥηθῆναι
2477 3319 2846 3387 προσγίνεται.
2887 3321 3056 3373 Τοῦτο
3095 3322 3151 3375 δὲ
3187 3323 3248 3375 οὑ
3282 3323 3519 3379 σύνοιδεν
3556 3328 3585 3379 ὀ
3610 3327 3803 3391 λεπτὸς

2217 3407 2315 3476 τὴν
2363 3407 2616 3473 διάνοιαν,
2657 3410 2776 3462 οὐδὲ
2818 3410 2888 3464 τὰ
2942 3414 3072 3482 παρ’
3127 3413 3288 3467 αὑτοῦ
3351 3415 3572 3469 τεθέντα
3615 3418 3797 3486 σαφῶς

2217 3498 2563 3569 κατενόησεν.
2612 3495 2689 3553 Ἦ
2724 3501 2834 3572 γὰρ
2876 3501 2941 3555 ἂν
2982 3502 3258 3557 ἐπαύσατο
3298 3506 3423 3569 τοὺς
3457 3507 3524 3560 δι’
3562 3510 3802 3573 ἐπινοίας

2216 3589 2314 3660 τὴν
2338 3590 2664 3661 ἀγεννησίαν
2696 3594 3215 3663 ὀνοματοποιοῠντας
3247 3598 3507 3662 κακίζων.
3538 3600 3798 3653 Σκοπείτε

2215 3678 2323 3749 γὰρ
2350 3679 2378 3731 ὃ
2400 3696 2531 3749 φησι
2555 3696 2568 3708 ·
2605 3681 2685 3734 Τὰ
2714 3684 2837 3735 κατ’
2878 3682 3120 3739 ἐπίνοιαν
3147 3684 3412 3755 λεγόμενα
3443 3690 3563 3750 ταῖς
3595 3694 3801 3757 φωναῖς

2216 3766 2620 3821 συνδιαλύεται·
2652 3771 2680 3821 ὀ
2716 3770 2771 3823 δὲ
2805 3770 2938 3833 Θεὸς
2978 3773 3072 3824 καὶ
3104 3775 3509 3843 γεγενημένων,
3556 3778 3649 3829 καὶ
3691 3781 3799 3853 πρὸ

2213 3855 2309 3908 τοῦ
2325 3857 2578 3924 γενέσθαι
2597 3859 2665 3913 τὰ
2686 3859 2947 3930 ὀνόματα,
2970 3862 3063 3915 καὶ
3084 3857 3172 3931 ἦν,
3200 3864 3295 3916 καὶ
3319 3864 3465 3920 ἐστιν
3482 3867 3795 3935 ἀγέννητος.

2226 3949 2388 4019 Ὁρᾷς
2414 3952 2495 4004 ὅτι
2522 3952 2585 4005 τὸ
2619 3952 2717 4023 μὲν
2748 3948 2885 4007 εἶναι
2922 3954 3057 4027 ὅπερ
3084 3956 3250 4021 ἐστὶν,
3282 3955 3401 4027 ἔχει
3426 3958 3531 4028 πρὸ
3558 3959 3658 4029 τῆς
3687 3961 3795 4013 τῦν

2214 4040 2430 4096 πάντων
2463 4043 2748 4114 ὑπάρξεως
2777 4045 2871 4098 καὶ
2902 4046 3233 4100 σιωπώντων
3263 4048 3359 4100 καὶ
3386 4048 3795 4118 φθεγγομένων,

2211 4135 2335 4190 οὔτε
2378 4139 2576 4208 μᾶλλον
2598 4138 2720 4193 οὕτε
2748 4135 2909 4212 ἦττον
2933 4141 2962 4193 ὃ
2995 4142 3143 4193 ἐστιν
3165 4140 3260 4195 ὤν.
3301 4142 3369 4196 Ἦ
3394 4142 3450 4196 δὲ
3474 4143 3582 4196 τῶν
3618 4146 3796 4215 ῥημά-

2215 4247 2324 4283 των
2357 4246 2412 4282 τε
2442 4231 2535 4283 καὶ
2559 4231 2837 4301 ὀνομάτων
2860 4232 3055 4303 χρῆσις
3079 4233 3216 4302 μετὰ
3240 4232 3335 4303 τὴν
3360 4234 3468 4286 τῶν
3493 4234 3797 4305 ἀνθρώπιον

2212 4321 2553 4392 κατασκευὴν
2586 4322 2859 4390 ὲλογίσθαι
2890 4322 3000 4377 τῶν
3043 4327 3110 4394 τῇ
3148 4324 3339 4397 λογικῇ
3378 4326 3602 4394 δυνάμει
3641 4327 3798 4397 παρὰ

2208 4411 2303 4465 τοῦ
2344 4411 2477 4465 Θεοῦ
2522 4413 2878 4486 τιμηθέντων.
2928 4415 2989 4468 Εί
3031 4411 3126 4470 οὖν
3167 4416 3369 4484 ὑστέρα
3410 4417 3507 4487 μὲν
3551 4416 3645 4469 τοῦ
3691 4435 3795 4470 πε-

2209 4507 2497 4576 ποιηκότος
2540 4509 2572 4577 ἡ
2612 4506 2822 4574 κτίσις,
2865 4508 2965 4577 τῆς
3016 4509 3246 4572 κτίσεως
3290 4510 3348 4562 δὲ
3400 4510 3579 4578 πάσης
3626 4510 3793 4578 ἐσχαο

2207 4612 2300 4658 τος
2345 4598 2373 4649 ὀ
2418 4596 2706 4667 ἄνθρωπός
2757 4600 2938 4663 ἐστιν,
2988 4600 3116 4652 ίδιον
3162 4599 3217 4651 δὲ
3267 4598 3361 4651 τοῦ
3419 4600 3701 4669 ἀνθρώπου
3760 4602 3792 4655 ὀ

2208 4687 2396 4755 λόγος’
2451 4689 2609 4755 λόγου
2663 4689 2719 4741 δὲ
2776 4689 2917 4761 μέρη
2988 4690 3208 4761 ῥήματά
3256 4708 3313 4743 τε
3370 4691 3461 4744 καὶ
3515 4691 3787 4760 ὀνόματα,

2210 4781 2381 4851 ὄνομα
2409 4781 2466 4835 δὲ
2503 4783 2536 4852 ή
2574 4782 2902 4853 ἀγεννησίςι⁹
2954 4784 3071 4847 πῶς
3119 4784 3179 4836 ού
3226 4782 3470 4854 συνίησιν
3509 4779 3590 4847 οἷς
3624 4802 3791 4838 κατα-

2212 4874 2463 4939 σκευάζει
2493 4873 2701 4937 τούτοις
2737 4876 3079 4945 μαχόμενος;
3125 4876 3314 4945 Ἡμεῖς
3342 4893 3402 4929 τε
3448 4877 3556 4947 γάρ
3606 4893 3788 4945 φαμεν

2206 4964 2538 5034 ὲφευρῆσθαι
2570 4969 2680 5029 τοῖς
2712 4962 2829 5019 οὖσι
2868 4966 2937 5019 τὰ
2976 4967 3308 5038 γνωριστικά
3337 4968 3443 5019 τῶν
3470 4968 3638 5020 ὄντων
3669 4967 3787 5019 ὀνόο

2208 5070 2353 5124 ματα
2378 5055 2466 5108 διὰ
2491 5056 2591 5125 τῆς
2617 5055 2963 5127 ἀνθρωπίνης
2984 5056 3208 5119 ἐννοίας,
3240 5059 3488 5119 κάκεῖνος
3525 5056 3785 5126 ὑστέρους

2204 5144 2456 5214 ὁμολογεῖ
2479 5147 2603 5209 τοὺς
2632 5147 3005 5217 κεχρημένους
3032 5146 3111 5217 τῷ
3150 5147 3291 5217 λόγῳ
3325 5148 3423 5217 τῆς
3452 5147 3600 5209 θείας
3652 5149 3785 5199 ἀναν

2203 5238 2478 5307 δειχθῆναι
2515 5237 2689 5307 ζωῆς·
2722 5233 2860 5292 εἶναι
2900 5239 2957 5291 δὲ
2994 5239 3091 5309 τὴν
3113 5238 3262 5292 θείαν
3294 5238 3455 5309 φύσιν
3480 5238 3555 5301 ὡς
3590 5238 3684 5291 νῦν
3721 5240 3782 5292 τέ

2203 5328 2319 5380 ἐστι
2357 5329 2450 5382 καὶ
2481 5329 2568 5382 ἀεὶ
2595 5324 2663 5400 ἦν
2684 5370 2697 5389 ,
2727 5330 3053 5400 ἀγεννήτως.
3090 5330 3153 5382 Et
3178 5324 3270 5381 οὖν
3298 5330 3503 5392 ἐκεῖνος
3533 5329 3596 5382 τὸ
3647 5346 3783 5400 προ·

2208 5420 2472 5490 ὓπάρχειν
2494 5421 2603 5485 τῶν
2619 5420 2918 5493 ἀνθρώπων
2940 5420 3190 5491 ὁμολογεῖ
3202 5420 3300 5491 τὴν
3317 5421 3588 5493 μακαρίαν
3609 5421 3775 5494 ζωήν.

2205 5512 2372 5565 Πάλιν
2416 5513 2523 5582 γὰρ
2556 5513 2968 5586 ὲπαναστρέψας
2996 5512 3075 5583 τῷ
3114 5513 3263 5583 αὑτῷ
3297 5514 3568 5585 χρήσομαι
3598 5514 3775 5583 λόγῳο

2202 5608 2361 5676 ἡμεῖς
2390 5622 2449 5657 τε
2493 5605 2553 5658 τὸ
2593 5605 2806 5677 χρόνοις
2838 5604 3058 5676 ὕστερον
3097 5603 3258 5673 φῦναι
3290 5606 3415 5666 τοὺς
3460 5604 3782 5677 ἀνθρώπους

2202 5700 2302 5751 οὐκ
2329 5698 2699 5768 ἀντιλέγομεν,
2722 5700 2926 5769 ῥήμασι
2948 5698 3003 5751 δὲ
3029 5697 3325 5768 κεχρῆσθαί
3348 5714 3528 5767 φαμεν
3550 5698 3640 5751 καὶ
3665 5699 3781 5751 ὀνό-

2208 5806 2405 5859 μασιν,
2440 5789 2534 5857 ἀφ’
2578 5783 2638 5844 οὗ
2677 5805 2735 5841 τε
2780 5787 3110 5859 συνέστημεν
3152 5788 3245 5842 καὶ
3289 5788 3351 5841 τὸ
3391 5787 3597 5858 λογικοὶ⁵
3641 5775 3776 5833 εἶναι
