4142 6374
387 370 497 427 965
1490 359 1771 419 CONTRA
1827 359 2229 432 EUNOMIUM,
2279 362 2408 418 LIB.
2451 362 2564 417 XII.
3557 361 3661 419 966

388 485 542 561 παρά
572 484 666 538 τοῦ
706 481 1069 555 πεποιηκότος
1098 480 1434 553 ἐσχήκαμεν.
1487 482 1551 535 Ἦ
1590 483 1647 536 δὲ
1688 482 1957 555 ἀγεννησί‹

2086 485 2310 539 volvens
2373 484 2562 539 eadem
2620 490 2747 537 utar
2798 481 3103 554 oratione),
3162 498 3262 539 nos
3322 484 3658 553 temporibus

386 579 559 649 ὄνομά
596 580 741 630 ἐστιν
771 576 1107 646 ἐμφαντικὸν
1144 574 1241 627 τοῦ
1291 574 1421 627 ἰδίου
1452 578 1720 646 νοήματος
1741 594 1753 605 ·
1789 578 1902 629 πᾶν
1927 576 1956 629 δ

2086 575 2422 646 posteriores
2452 584 2617 629 natos
2662 589 2787 629 esse
2828 590 2940 629 non
2974 575 3427 639 contradicimus,
3476 577 3657 631 verbis

385 669 556 739 ὄνομα
575 666 670 721 τοῦ
694 666 1036 737 ἀνθρωπίνου
1065 666 1225 735 λόγου
1255 664 1418 736 μέρος
1451 665 1603 719 ἐστὶν
1647 665 1757 727 ἄρα
1792 666 1820 718 6
1851 684 1957 739 προ

2087 684 2216 723 vero
2260 676 2315 724 et
2355 669 2672 724 nominibus
2725 684 2855 724 usos
2886 670 3057 725 fuisse
3100 670 3418 733 asserimus,
3451 684 3517 723 ex
3547 685 3657 738 quo

388 755 686 826 ὓφεστάναι
716 754 822 807 τῶν
851 752 1154 823 ἀνθρώπων
1189 753 1283 823 τὴν
1309 753 1458 807 θείαν
1492 756 1651 823 φύσιν
1681 755 1957 825 ὁμολογῶν

2082 760 2424 825 exsistimus,
2474 772 2527 815 et
2583 770 2640 815 ιιι
2688 761 2983 817 rationales
3023 762 3220 827 simus,
3285 775 3316 814 a
3370 762 3654 815 conditore

388 844 855 915 μεταγενεστέραν
892 838 1032 896 εἶναι
1089 842 1186 913 τὴν
1250 841 1636 913 ἐφευρεθεῖσαν
1694 846 1761 914 τῇ
1820 844 1980 912 φύσει

386 937 577 1007 κλῆσιν
617 936 938 989 συντίθεται.
972 935 1107 989 Ούδέ
1137 934 1246 1005 γάρ
1278 930 1346 1006 ἦν
1384 936 1529 999 εἰκὸς
1559 934 1652 988 τοῦ
1686 936 1846 1006 λόγου
1875 938 1973 1007 τὴν

385 1028 581 1098 χρῆσιν
611 1028 716 1099 πρὸ
754 1028 853 1098 τῆς
888 1027 995 1080 τῶν
1030 1027 1385 1099 κεχρημένων
1432 1029 1777 1097 κατασκευῆς
1823 1031 1972 1099 ἐνερ-

384 1119 614 1187 γεῖσθαι.
646 1121 855 1191 Ὥσπερ
872 1119 993 1172 οὐδὲ
1005 1120 1279 1190 γεωργίαν
1304 1119 1410 1191 πρὸ
1431 1119 1540 1173 τῶν
1559 1120 1969 1189 γεωργούντων,

383 1210 503 1265 οὐδὲ
537 1209 813 1265 ναυτιλίαν
845 1210 950 1282 πρὸ
983 1210 1090 1264 τῶν
1125 1210 1577 1280 ναυτιλλομένων,
1606 1211 1725 1263 οὐδὲ
1757 1210 1885 1265 ἄλλο
1917 1229 1970 1264 τι

381 1300 490 1353 τῶν
518 1300 658 1354 κατά
693 1300 785 1353 τὸν
825 1299 938 1370 βίον
979 1299 1385 1370 ἐνεργουμένων
1423 1300 1530 1370 πρὸ
1574 1300 1669 1353 τοῦ
1706 1304 1969 1372 συστῆναι

380 1393 471 1447 τὸν
503 1392 839 1465 ἀνθρώπινον
881 1392 991 1462 βίον
1012 1409 1025 1423 ·
1056 1393 1107 1445 τί
1142 1388 1234 1445 οὖν
1271 1396 1405 1464 ἡμῖν
1442 1393 1784 1463 διαμάχεται,
1831 1393 1965 1464 μηδέ

379 1488 494 1549 τοῖς
524 1486 674 1548 ίδίοις
702 1485 882 1539 αὐτῶν
906 1486 1084 1555 λόγοις
1105 1486 1426 1540 ἀκολουθίαν
1450 1486 1732 1554 γινώσκων
1754 1505 1768 1554 ;

2078 852 2388 921 accepimus
2419 868 2434 905 :
2469 853 2761 922 ἁγεννησία
2816 864 2995 908 autem
3058 867 3254 907 nomen
3292 861 3378 908 est
3417 853 3652 922 propriae

2080 943 2323 999 notionis
2375 944 2820 1014 signiﬁcativum.
2863 942 3036 999 Omne
3079 954 3260 1000 autem
3299 958 3498 998 nomen
3548 943 3652 997 hu-

2080 1050 2255 1089 manae
2285 1037 2549 1091 orationis
2580 1052 2707 1106 pars
2750 1046 2854 1092 est.
2900 1035 3042 1105 Ergo
3071 1036 3164 1091 ubi
3213 1035 3455 1091 divinam
3488 1044 3651 1090 natu-

2084 1143 2199 1182 ram
2246 1128 2565 1183 hominibus
2609 1128 2763 1196 prius
2806 1128 3080 1183 exstitisse
3111 1127 3427 1190 conﬁtetur,
3465 1125 3650 1196 appel-

2079 1219 2342 1273 lationem
2403 1220 2554 1275 lianc
2626 1221 2694 1273 ab
2738 1219 3053 1281 hominibus
3118 1222 3394 1273 inventam
3449 1226 3649 1272 natura

2078 1308 2433 1377 posteriorem
2459 1323 2583 1362 esse
2620 1307 2912 1362 consentit.
2945 1305 3133 1377 Neque
3175 1307 3322 1361 enim
3358 1313 3475 1359 erat
3502 1319 3643 1358 con-

2072 1406 2394 1453 sentaneum
2431 1400 2697 1454 orationis
2740 1415 2899 1454 usum
2937 1408 3063 1454 ante
3107 1399 3389 1452 hominum
3439 1396 3647 1451 consti-

2073 1493 2346 1545 tationem
2376 1492 2625 1546 oratione
2664 1492 2933 1545 utentium
2966 1500 3248 1560 operatum
3279 1490 3469 1554 fuisse,
3499 1490 3644 1542 sicut

382 1596 558 1651 neque
617 1581 1008 1651 agriculturam
1077 1590 1205 1636 ante
1257 1597 1354 1637 eos
1406 1583 1497 1652 qui
1552 1599 1714 1653 agros
1758 1584 2038 1649 colerent,
2101 1602 2279 1655 neque
2340 1587 2741 1657 navigationem
2809 1595 2935 1641 ante
2992 1600 3088 1640 eos
3137 1585 3230 1655 qui
3298 1586 3638 1654 navigarent,

380 1682 557 1741 neque
584 1673 731 1727 aliud
769 1674 1069 1744 quidquam
1101 1688 1291 1729 eorum
1326 1689 1449 1743 qua:
1497 1674 1566 1728 ad
1622 1674 1748 1727 vitae
1815 1675 2203 1731 necessitatem
2264 1677 2594 1742 eﬂiciuntut‘,
2638 1686 2930 1748 antequam
2968 1677 3079 1731 vita
3150 1675 3389 1730 humana
3457 1674 3641 1730 consi-

379 1769 567 1819 steret.
602 1762 717 1818 Cur
747 1764 916 1833 igitur
963 1764 1124 1819 nobis
1165 1771 1457 1835 repugnat,
1496 1779 1674 1833 neque
1717 1764 1966 1833 cognitas
2003 1781 2134 1821 suas
2163 1768 2404 1823 rationes
2436 1770 2722 1838 sequitur?

448 1849 589 1919 ἿΙν,
608 1856 794 1926 φησὶν,
828 1858 860 1909 ὀ
891 1855 1056 1920 Θεὸς,
1088 1854 1233 1924 ὅπερ
1264 1854 1396 1907 ἐστὶ
1420 1855 1535 1923 πρὸ
1556 1855 1662 1908 τοῦ
1684 1853 1957 1924 γενέσθαι

2134 1859 2287 1920 Erat,
2339 1858 2540 1928 inquit,
2608 1857 2751 1913 Deus
2802 1859 3090 1929 quodest,
3139 1874 3421 1935 antequam
3461 1860 3635 1929 factus

378 1946 488 2000 τὸν
530 1946 866 2016 ἄνθρωπον.
920 1946 1091 2000 Τοῦτο
1142 1949 1236 2001 καὶ
1277 1949 1439 2018 ἡμεῖς
1490 1946 1590 2000 οὐκ
1626 1946 1958 2017 ἀρνούμεθα.

381 2040 503 2093 Πᾶν
536 2039 646 2111 γὰρ
671 2040 862 2110 ὃτιπέρ
894 2043 1011 2094 ἐστι
1039 2040 1169 2112 περὶ
1196 2040 1289 2093 τὸν
1314 2040 1447 2093 Θεὸν
1478 2038 1783 2109 νοούμενον,
1806 2041 1961 2095 τοῦτο

379 2132 487 2205 πρὸ
527 2133 627 2202 τῆς
669 2132 765 2187 τοῦ
809 2133 1014 2203 κόσμου
1060 2132 1371 2195 συστάσεως
1399 2127 1486 2203 ῆν.
1532 2132 1669 2185 Ἀλλ’
1696 2132 1961 2204 ὀνομάζε-

379 2226 502 2279 σθαι
525 2225 715 2279 τοῦτόν
746 2242 926 2296 φαμεν
952 2224 1093 2296 μετά
1122 2225 1183 2278 τὸ
1208 2224 1461 2294 γενέσθαι
1488 2224 1580 2279 τόν
1608 2225 1958 2296 ὀνομάζοντα.

377 2318 441 2371 Εἰ
474 2318 581 2389 γάρ
624 2317 711 2370 διὰ
757 2317 916 2370 τοῦτο
942 2316 1202 2389 χρώμεθα
1238 2321 1352 2381 τοῖς
1403 2317 1682 2388 ὀνόμασιν,
1718 2318 1857 2372 ὥστε
1884 2318 1962 2372 δι·

376 2408 671 2462 δασκαλίαν
704 2410 838 2480 ἡμῖν
889 2408 1096 2462 ἐκεῖθεν
1146 2410 1255 2462 τῶν
1294 2410 1637 2480 πραγμάτων
1678 2410 1957 2479 γίνεσθαι·

380 2500 540 2570 μόνον
569 2500 626 2553 δέ
653 2499 714 2552 τὺ
744 2498 970 2568 ἀγνοοῦν
1004 2499 1217 2565 ἐπιδεές
1246 2503 1362 2553 ἐστι
1393 2500 1487 2553 τοῦ
1529 2501 1890 2565 διδάσκοντος,
1924 2504 1958 2574 ἡ

375 2591 434 2644 δὲ
484 2591 605 2646 θεία
649 2590 810 2661 φύσις
861 2591 949 2645 διὰ
1000 2591 1060 2645 τὸ
1087 2626 1091 2631 ι
1119 2594 1297 2646 πᾶσαν
1327 2594 1811 2665 ἐμπεριειληφέναι
1862 2594 1960 2666 τὴν

377 2684 602 2752 γνῶσιν,
637 2683 901 2754 κρείττων
924 2683 1107 2754 πάσης
1136 2684 1481 2749 διδασκαλίας
1509 2685 1654 2738 ἐστί·
1686 2685 1959 2740 δείκνυται

377 2770 439 2827 δὲ
463 2773 549 2827 διὰ
574 2774 779 2827 τούτων
805 2775 887 2828 δτι
916 2776 977 2829 ού
1016 2774 1110 2829 τοῦ
1139 2775 1273 2828 Θεοῦ
1297 2775 1479 2849 χάριν,
1510 2776 1625 2832 ἀλλ’
1653 2776 1812 2849 ἡμῶν
1837 2778 1957 2830 ἐνε-

378 2882 473 2918 κεν
498 2865 566 2919 τὰ
602 2865 838 2937 ὀνόματα
871 2867 1007 2938 πρὸς
1037 2866 1270 2939 δήλωσιν
1292 2868 1386 2921 τοῦ
1420 2868 1572 2933 ὄντος
1595 2869 1955 2940 ἐπινενόηται.

375 2957 453 3010 υύ
479 2956 588 3028 γὰρ
615 2957 762 3020 ὅπως
806 2958 873 3011 ἂν
898 2960 1102 3022 ἐκεῖνος
1132 2958 1324 3012 ἐαυτὸν
1359 2959 1551 3029 μάθοι,
1577 2960 1639 3013 τὸ
1669 2961 1767 3032 τῆς
1795 2962 1958 3029 ἀγεν-

376 3049 568 3119 νησίας
592 3049 761 3121 ὄνομα
799 3052 863 3121 τῇ
897 3050 1055 3120 φύσει
1087 3052 1419 3122 ἐφήρμοσεν.
1472 3052 1530 3105 '0
1558 3052 1666 3124 γάρ
1696 3052 1851 3116 εἰδὼς
1890 3053 1960 3107 τὰ

377 3138 578 3207 πάντα,
625 3139 735 3193 καὶΔ
768 3140 960 3193 ἑαυτὸν
1000 3140 1106 3212 πρὸ
1141 3143 1380 3205 πάντων,
1415 3142 1696 3197 συλλαϐῶν
1728 3146 1824 3198 καὶ¹
1860 3147 1958 3215 ρη-

2057 1961 2192 2011 csset
2252 1952 2465 2006 homo;
2516 1964 2694 2019 neque
2749 1964 2851 2004 nos
2909 1949 3012 2002 hoc
3044 1964 3328 2019 negamus.
3363 1947 3635 2017 Quidquid

2061 2038 2206 2092 enim
2235 2036 2303 2092 de
2334 2036 2441 2092 Deo
2470 2045 2651 2092 mente
2682 2048 2731 2092 et
2772 2038 2953 2093 animo
2984 2039 3350 2109 cognoscitur,
3382 2038 3481 2092 hoc
3512 2037 3637 2092 an'te

2061 2128 2251 2182 mundi
2274 2128 2722 2182 constitutionem
2749 2137 2864 2182 erat
2889 2146 2904 2195 ;
2927 2128 3020 2183 sed
3048 2130 3149 2182 hoc
3196 2129 3470 2185 nominari
3499 2130 3637 2184 die?-

2060 2235 2202 2285 mus,
2226 2229 2578 2291 posteaquam
2607 2221 2697 2291 qui
2733 2221 3036 2276 nominaret
3050 2236 3171 2276 esse
3191 2222 3375 2292 cmpit.
3409 2220 3466 2275 Si
3488 2222 3634 2277 enim

2061 2312 2374 2368 nominibus
2408 2312 2477 2367 ob
2524 2327 2644 2367 eam
2679 2328 2900 2368 causam
2939 2313 3166 2377 utimur,
3204 2323 3262 2368 ut
3295 2329 3476 2369 rerum
3508 2314 3636 2369 inde

2062 2404 2218 2457 nobis
2263 2403 2511 2458 doctrina
2568 2414 2955 2473 comparetur;
3013 2406 3187 2460 solum
3234 2414 3414 2460 autem
3485 2405 3633 2475 quod

2061 2495 2296 2565 ignorat,
2333 2496 2563 2551 docente
2586 2496 2789 2565 indiget
2816 2514 2831 2563 ;
2862 2496 3045 2551 divina
3073 2505 3250 2552 autem
3281 2506 3476 2551 natura
3504 2498 3634 2567 quia

2059 2602 2277 2643 omnem
2324 2590 2701 2659 complectitur
2763 2590 3146 2660 cognitionem,
3204 2590 3352 2644 omni
3385 2589 3634 2645 doctrina

2060 2678 2411 2747 praestantior
2437 2689 2557 2734 est:
2602 2693 2699 2748 per
2720 2678 2835 2732 hate
2870 2686 3048 2731 autem
3071 2677 3472 2732 demonstratur
3486 2679 3632 2747 quod

2059 2784 2168 2823 non
2200 2768 2294 2823 Dei
2322 2770 2517 2839 gratia,
2567 2768 2662 2823 sed
2706 2767 2879 2822 nostri
2922 2782 3089 2821 causa
3139 2768 3358 2820 nomina
3411 2767 3478 2820 ad
3514 2765 3636 2834 ejus

2058 2862 2151 2932 qui
2210 2868 2295 2917 est
2318 2862 2743 2917 declarationem
2790 2868 2919 2916 sunt
2944 2860 3267 2928 excogitante.
3318 2857 3438 2913 Non
3484 2861 3628 2914 enim

2061 2962 2119 3008 ut
2144 2954 2231 3009 ille
2261 2969 2321 3009 se
2346 2954 2522 3023 ipsum
2549 2952 2803 3014 disceret,
2830 2966 3027 3005 nomen
3074 2951 3399 3023 ἀγεννησίας
3424 2961 3632 3005 natura

2059 3044 2506 3099 accommodavit.
2548 3041 2653 3108 Qui
2682 3042 2827 3096 enim
2869 3041 3020 3096 novit
3050 3042 3252 3105 omnia,
3307 3051 3360 3097 et
3389 3042 3631 3111 seipsuni

2059 3146 2184 3192 ante
2206 3137 2410 3200 omnia,
2444 3135 2668 3206 syllabis
2695 3143 2750 3189 et
2778 3134 2957 3189 verbis
2984 3132 3052 3187 ad
3097 3150 3157 3189 se
3190 3133 3631 3203 cognoscendum

380 3232 567 3302 μάτων
589 3232 724 3303 πρὸς
751 3233 809 3287 τὸ
840 3234 1031 3304 μαθεῖν
1059 3234 1135 3297 ὡς
1160 3233 1272 3305 ἔχει
1299 3235 1514 3303 φύσεως
1546 3236 1641 3290 καὶ
1668 3236 1826 3303 ἀξίας
1843 3279 1858 3303 ,
1893 3239 1952 3291 ού

2060 3240 2118 3285 ιιι
2139 3230 2243 3286 fert
2285 3230 2403 3300 ejus
2435 3237 2624 3285 natura
2663 3237 2716 3283 et
2742 3227 2998 3298 dignitas,
3020 3242 3129 3281 non
3168 3226 3372 3299 indiget
3401 3268 3416 3292 ,
3441 3228 3536 3283 sed
3569 3239 3633 3282 ut

374 3322 575 3379 δέεται.
636 3324 776 3378 Ἀλλ’
827 3326 977 3389 ὅπως
1012 3327 1172 3396 ἡμεῖς
1217 3343 1339 3380 τινα
1385 3326 1496 3381 τῶν
1544 3327 1784 3393 εὐσεϐῶς
1828 3330 1958 3400 περὶ

375 3415 535 3468 αὐτὸν
584 3416 884 3487 νοουμένων
917 3416 1221 3488 κατάληψιν
1265 3418 1543 3489 σχοίημεν,
1582 3420 1792 3491 ῥήμασί
1846 3438 1955 3474 τισι

375 3508 471 3561 καὶ
496 3506 783 3571 συλλαϐαῖς
808 3507 908 3571 τάς
933 3508 1042 3562 τῶν
1070 3508 1353 3580 νοημάτων
1378 3509 1639 3582 διαφορὰς
1667 3510 1955 3565 ἐτυπώσα-

379 3614 499 3666 μεν,
547 3592 657 3649 οἷόν
704 3614 825 3651 τινα
861 3599 1146 3669 σήμαντρα
1194 3599 1288 3652 καὶ
1336 3601 1690 3672 χαρακτῆρας
1728 3602 1829 3666 τὰς
1867 3603 1957 3656 διὰ

375 3688 484 3742 τῶν
532 3688 704 3757 λόγων
753 3689 1025 3754 τυπώσεις
1078 3692 1191 3754 τοῖς
1242 3692 1341 3762 τῆς
1379 3693 1615 3756 διανοίας
1659 3696 1955 3766 κινήμασιν

376 3778 799 3849 ἐπιγράψαντες.
834 3780 993 3832 Ὥστε
1021 3780 1127 3833 τῶν
1158 3782 1549 3853 ἐπιγινομένων
1582 3786 1646 3853 τῇ
1695 3783 1838 3856 ψυχῇ
1872 3802 1954 3838 κι-

377 3871 633 3941 νημάτων
682 3872 884 3942 τρανὴν
927 3872 1022 3925 xz".
1066 3872 1368 3944 ἀσύγχυτον
1415 3877 1682 3928 ποιεῖσθαι
1734 3876 1832 3947 τὴν
1864 3876 1957 3947 δή·

377 3964 563 4027 λωσιν,
584 3962 672 4017 διὰ
696 3962 805 4015 τῶν
831 3964 1265 4035 ἐφηρμοσμένων
1288 3968 1400 4029 τοῖς
1424 3966 1657 4036 νοήμασι
1680 3966 1951 4034 φθόγγων.

377 4056 443 4108 Τί
471 4055 648 4107 τοίνυν
675 4054 885 4125 ἐλέγχει
912 4055 1004 4108 τὸν
1034 4055 1299 4128 ἡμέτερον
1331 4056 1508 4124 λόγον,
1537 4057 1657 4110 καθ’
1686 4058 1744 4110 ὄν
1773 4075 1953 4128 φαμεν

377 4146 750 4218 ἐπινενοῆσθαι
782 4145 844 4198 τὸ
880 4147 977 4217 τῆς
1017 4147 1340 4218 ἀγεννησίας
1363 4148 1534 4219 ὄνομα
1565 4148 1701 4220 πρὸς
1734 4148 1955 4213 ἔνδειξιν

376 4242 471 4297 τοῦ
518 4243 753 4313 ἄναρχον
798 4242 888 4296 τὸν
919 4242 1049 4295 Θεὸν
1093 4243 1419 4312 ὑφεστάναι,
1451 4243 1529 4314 τῷ
1578 4242 1755 4313 λέγειν
1801 4244 1881 4297 ὅτι
1926 4247 1955 4298 ὀ

376 4334 508 4398 θεὸς
549 4334 641 4387 καὶ
686 4332 987 4387 λαλούντων
1032 4335 1128 4388 καὶ
1158 4334 1488 4390 σιωπώντων
1512 4335 1606 4388 καὶ
1647 4335 1958 4408 διανοουμέ-

376 4443 503 4491 νων,
533 4426 627 4479 καὶ
664 4425 771 4495 πρὸ
827 4428 925 4495 τῆς
975 4426 1083 4478 τῶν
1135 4425 1437 4495 γενομένων
1484 4426 1724 4491 ἐπινοίας
1775 4423 1844 4498 ἦν
1894 4445 1954 4481 τε

376 4516 472 4569 καὶ
518 4514 663 4568 ἐστιν
712 4514 1026 4585 ἀγέννητος.
1085 4515 1149 4568 Εἰ
1181 4516 1280 4585 μὲν
1334 4515 1445 4587 γάρ
1475 4534 1559 4581 τις
1610 4512 1679 4588 ῆν
1722 4519 1749 4569 6
1788 4534 1955 4571 κατα-

377 4604 658 4670 σκευάζων
704 4606 778 4677 μὴ
812 4607 1072 4680 πρότερον
1104 4607 1266 4662 αὐτὸν
1305 4609 1597 4681 ἀγέννητον
1631 4605 1791 4675 εἶναι,
1821 4612 1949 4681 πρὶν

374 4698 409 4769 ἢ
439 4698 569 4769 παρ’
613 4697 770 4769 ἡμῶν
813 4696 1162 4771 ἐξευρεθῆναι
1189 4700 1249 4754 τὸ
1276 4700 1445 4772 ὄνομα
1467 4741 1483 4765 ,
1511 4704 1855 4771 συγγνωστὸς
1884 4703 1951 4757 ἂν

374 4787 443 4863 ἦν
473 4791 609 4862 πρὸς
634 4791 733 4862 τὴν
765 4791 1020 4861 τοιαύτην
1053 4793 1285 4847 ἀτοπίαν
1317 4794 1499 4849 ἐκεῖνα
1528 4795 1774 4867 γράφων.
1803 4796 1869 4852 Et
1896 4797 1953 4850 δὲ

374 4883 437 4935 τὸ
466 4882 869 4951 προϋφεστάναι
910 4884 1003 4936 καὶ
1040 4882 1197 4951 λόγου
1231 4885 1324 4938 καὶ
1349 4885 1585 4949 διανοίας
1614 4887 1775 4939 αὐτὸν
1804 4886 1954 4959 παρά

376 4974 595 5028 πάντων
627 4976 988 5046 ὁμολογεῖται,
1020 4977 1055 5046 ἡ
1101 4976 1158 5029 δέ
1204 4976 1298 5030 τοῦ
1336 4977 1599 5049 ὀνόματος
1644 4978 1792 5042 θέσις
1830 4978 1954 5033 καθ’

374 5065 442 5135 ἢν
463 5068 492 5119 6
520 5064 644 5131 νοῦς
688 5066 1099 5136 ἐξαγγέλλεται.
1126 5067 1195 5121 δι’
1224 5069 1463 5133 ἐπινοίας
1494 5069 1623 5141 παρ’
1668 5070 1826 5141 ἡμῶν
1858 5055 1953 5124 εὐιέ

379 5157 572 5228 ρῆσθαι
605 5157 852 5227 λέγεταιο
909 5160 939 5211 ό
975 5159 1031 5212 δὲ
1060 5159 1259 5224 σκοπὸς
1298 5160 1448 5232 αὐτῷ
1478 5162 1578 5231 τῆς
1625 5162 1763 5234 πρὸς
1806 5164 1953 5234 ἡμᾶς

377 5250 493 5301 ἐστι
534 5249 711 5320 μάχης
731 5291 747 5316 ,
772 5250 832 5304 τὸ
857 5250 1027 5316 δεῖξαι
1061 5254 1136 5323 μὴ
1164 5252 1314 5324 παρά
1342 5252 1645 5323 ἀνθρώπων
1676 5254 1951 5326 ἐπινενοῆ-

379 5339 503 5391 σθαι
546 5339 608 5392 τὸ
654 5340 851 5411 ὄνομα,
906 5342 1020 5395 ἀλλ’
1066 5339 1392 5397 εἶναιτοῦτο
1416 5344 1509 5398 καὶ
1549 5344 1654 5417 πρὸ
1686 5348 1783 5417 τῆς
1814 5348 1951 5417 ἡμε-

377 5430 539 5501 τέρας
567 5432 908 5501 συστάσεως,
936 5434 1034 5486 οὐκ
1062 5429 1178 5488 οῖδα
1207 5435 1358 5506 παρὰ
1388 5435 1530 5499 τίνος
1561 5435 1871 5506 λεγόμενον,
1897 5435 1951 5489 τί

380 5519 558 5574 κοινὸν
586 5519 698 5590 ἔχει
724 5523 860 5592 πρὸς
883 5523 980 5596 τὴν
1009 5525 1375 5596 προκειμένην
1410 5526 1558 5596 αὐτῷ
1593 5526 1825 5597 σπουδὴν
1845 5565 1861 5589 ,
1891 5525 1954 5578 τὸ

381 5609 488 5681 πρὸ
513 5610 622 5664 τῶν
645 5611 812 5667 όντων
838 5615 1132 5683 ὑφεστάναι
1159 5616 1247 5671 τὸν
1270 5616 1403 5671 Θεὸν
1422 5618 1729 5688 ἀγεννήτως
1754 5619 1951 5685 λέγειν,

380 5700 476 5752 καὶ
502 5700 563 5753 τὸ
588 5699 1024 5760 διαϐεϐαιοῦσθαι
1050 5707 1511 5778 μεταγενεστέραν
1540 5705 1677 5760 εἶναι
1706 5707 1954 5775 διαγωνί-

381 5787 599 5859 ξεσθαι,
641 5794 733 5849 καὶ
764 5794 942 5863 λέγειν
973 5794 1008 5849 ἃ
1036 5800 1286 5867 εῖοηκεν;
1321 5800 1442 5855 Ὅτι
1471 5800 1812 5869 μαινομένων
1837 5799 1953 5853 ἐστὶ

2056 3338 2158 3378 nos
2187 3338 2378 3379 eorum
2404 3337 2525 3393 quae
2570 3321 2657 3392 pie
2690 3321 2759 3377 de
2790 3321 2910 3390 ipso
2962 3319 3357 3389 intelliguntur,
3386 3320 3625 3391 aliquam

2055 3415 2597 3484 comprehensionem
2624 3414 3076 3483 adipisceremur,
3102 3412 3284 3467 verbis
3305 3413 3631 3482 quibusdam

2053 3515 2107 3559 et
2132 3505 2356 3576 syllabis
2382 3504 2665 3558 notionum
2696 3500 3032 3557 dill'erentias
3082 3499 3512 3565 eﬂ'ormavimus,
3542 3519 3634 3558 ve-

2053 3592 2153 3647 luti
2176 3592 2456 3661 signacula
2474 3591 2720 3660 quaedam
2752 3598 2806 3645 et
2831 3598 2992 3644 notas
3016 3604 3113 3659 per
3134 3604 3445 3647 sermonum
3466 3590 3632 3645 ell‘or-

2054 3687 2340 3749 mationes,
2373 3685 2742 3755 intelligentiae
2778 3684 3111 3737 motionibus
3133 3683 3495 3741 inscribentes
3522 3729 3537 3753 ,
3573 3696 3634 3742 ut

2053 3792 2242 3834 earum
2272 3793 2393 3847 qua:
2409 3778 2703 3831 adveniunt
2729 3777 2913 3828 animo
2937 3775 3006 3828 im
3016 3775 3323 3844 pulsionum
3350 3792 3446 3846 per
3464 3794 3631 3835 sonos

2055 3869 2254 3926 mentis
2284 3869 2642 3938 conceptibus
2673 3882 2945 3938 congruos
2993 3882 3120 3921 vera
3152 3878 3205 3922 et
3262 3867 3518 3924 distincta
3547 3880 3633 3924 at-

2055 3979 2161 4033 que
2184 3963 2471 4018 inconfusa
2498 3962 2589 4016 ﬁat
2612 3961 2930 4016 declaratio.
2957 3960 3068 4014 Cur
3090 3960 3254 4030 igitur
3270 3970 3517 4017 nostrum
3550 3980 3632 4017 ar-

2055 4056 2170 4125 guit
2224 4070 2553 4119 sermonem,
2610 4067 2718 4124 quo
2756 4052 2990 4106 dicimus
3054 4067 3252 4107 nomen
3307 4054 3631 4126 ἀγεννησίας

2053 4146 2421 4215 excogitatum
2462 4143 2632 4199 fuisse
2665 4144 2732 4197 ad
2762 4143 3250 4198 demonstrandum
3286 4145 3491 4214 absque
3519 4152 3631 4201 ori-

2056 4234 2181 4303 gine
2210 4241 2264 4287 et
2293 4232 2558 4302 principio
2593 4231 2760 4287 Deum
2792 4233 3112 4298 subsistere,
3145 4232 3274 4288 dum
3304 4234 3457 4301 dicit,
3484 4241 3630 4308 quod

2056 4323 2201 4379 Deus
2231 4333 2284 4379 et
2302 4325 2651 4394 loquentibus
2667 4364 2681 4386 ,
2700 4332 2754 4379 et
2772 4326 3078 4381 tacentibus
3100 4368 3115 4393 ,
3135 4332 3190 4381 et
3206 4327 3630 4399 intelligentibus

2059 4416 2228 4486 prior,
2244 4424 2298 4471 et
2319 4426 2445 4472 ante
2461 4432 2649 4472 eorum
2666 4434 2787 4488 quae
2809 4419 2951 4474 laeta
2970 4430 3095 4476 sunt
3115 4423 3629 4479 commentationem

2057 4516 2195 4572 erat,
2213 4518 2267 4564 et
2281 4517 2366 4564 est
2384 4508 2678 4578 ingenitus.
2696 4512 2753 4565 Si
2769 4512 2913 4567 enim
2929 4514 3127 4584 aliquis
3139 4524 3285 4571 esset
3301 4517 3393 4587 qni
3418 4526 3632 4572 astrue-

2059 4607 2162 4665 ret,
2204 4614 2313 4654 non
2336 4600 2489 4669 prius
2506 4601 2684 4671 ipsum
2706 4601 2878 4660 fuisse
2911 4605 3213 4675 ingenitum
3235 4624 3398 4679 quam
3418 4625 3447 4663 a
3471 4611 3630 4665 nobis

2059 4706 2257 4746 nomen
2292 4692 2572 4747 inventum
2591 4704 2757 4761 esset,
2780 4696 2940 4750 venia
2969 4696 3166 4768 dignus
3189 4709 3337 4755 esset
3366 4701 3632 4758 adversus

2060 4784 2221 4839 talem
2245 4784 2635 4841 absurditatem
2656 4786 2749 4845 illa
2767 4789 3035 4843 scribens.
3061 4789 3216 4855 Quod
3239 4792 3284 4846 si
3305 4792 3482 4862 ipsum
3506 4805 3630 4849 ante

2058 4889 2275 4929 omnem
2298 4887 2605 4930 sermonem
2626 4889 2683 4939 et
2707 4879 3117 4950 intelligentiam
3141 4885 3417 4939 exstitisse
3439 4901 3631 4943 omnes

2060 4965 2337 5037 fatentur;
2371 4970 2610 5026 nominis
2631 4978 2809 5026 autem
2832 4972 3052 5042 positio,
3071 4990 3175 5043 qua
3199 4992 3352 5032 mens
3371 4980 3631 5034 enuntia-

2053 5062 2634 5123 tur.commentatione
2660 5061 2882 5117 inventa
2906 5078 3030 5119 esse
3061 5064 3265 5119 dicitur
3288 5082 3519 5138 ;scopns
3540 5085 3632 5124 au-

2054 5160 2164 5207 tem
2181 5160 2374 5207 contra
2387 5167 2488 5208 nos
2498 5167 2693 5222 pugnae
2708 5153 2758 5207 ei
2778 5155 3095 5223 propositus
3115 5164 3198 5211 est
3220 5197 3235 5221 ,
3252 5157 3631 5216 demonstrare

2053 5258 2163 5299 non
2198 5244 2267 5299 ab
2326 5243 2637 5302 hominibus
2686 5245 3052 5315 excogitatum
3107 5262 3231 5303 esse
3276 5250 3379 5307 hoc
3409 5267 3628 5316 nomen.

2055 5334 2149 5389 sed
2184 5335 2286 5389 hoc
2317 5350 2439 5391 esse
2466 5344 2594 5389 ante
2621 5343 2862 5391 nostram
2892 5338 3357 5408 constitutionem,
3390 5346 3578 5399 nescio
3600 5362 3631 5399 a

2053 5441 2166 5496 quo
2184 5426 2389 5480 dictum
2422 5444 2435 5479 :
2492 5425 2623 5496 quid
2657 5442 2950 5483 commune
2988 5429 3299 5486 habetcum
3350 5436 3630 5505 proposito

2054 5521 2175 5587 ejus
2198 5519 2400 5581 studio,
2424 5534 2617 5588 nempe
2647 5518 2848 5584 dicere,
2875 5530 3000 5575 ante
3032 5536 3096 5577 ea
3142 5539 3261 5593 quae
3290 5537 3436 5590 sunt,
3460 5524 3629 5582 Dunn

2057 5610 2221 5665 modo
2254 5612 2496 5681 ingenito
2545 5610 2867 5675 subsistere,
2893 5622 2947 5667 et
2978 5630 3176 5686 magno
3203 5626 3397 5673 conatu
3426 5620 3631 5675 contir-

2053 5715 2206 5757 mare
2239 5702 2591 5773 posteriorem
2649 5717 2772 5760 esse
2816 5711 3349 5776 commentationem,
3407 5719 3462 5767 et
3510 5727 3632 5781 qua:

2058 5796 2216 5863 dixit,
2250 5795 2518 5853 alIirmare
2544 5796 2567 5851 ?
2599 5793 2893 5853 Hominum
2927 5800 3075 5857 enim
3125 5813 3209 5859 est
3241 5804 3633 5860 insanientium
