4142 6374
526 357 632 411 £67

1749 357 1807 413 S.
1848 357 2182 414 GREGORII
2216 357 2507 414 NYSSENI

3687 359 3793 414 968

526 478 858 540 existimare,
911 476 1292 546 cogitationem
1354 474 1486 545 quid
1539 474 1819 543 antiquius
1874 489 1997 530 esse
2029 474 2095 527 his

2216 473 2274 527 τὸ
2307 473 2675 545 πρεσϐύτερον
2724 471 2832 525 τῶν
2876 469 3230 525 ἐπινοούντων
3260 468 3510 539 ἡγεῖσθαι
3541 469 3638 540 τὴν
3670 470 3793 522 ἐπι-

525 571 619 638 qui
685 567 1016 638 excogitant.
1052 566 1252 635 Estque
1306 576 1566 636 praaterea
1611 580 1955 634 quaecunque
1985 578 2113 633 pro-

523 675 746 729 gressus
774 657 1487 727 enarrat,quemadmodum
1515 671 1691 725 neque
1713 655 1844 709 illud
1870 655 2114 710 sentien-

524 750 680 812 tium,
709 764 903 817 nempe
932 748 1206 811 homines,
1237 747 1488 815 quamvis
1522 745 1613 800 Dei
1642 745 1992 816 opiﬁciorum
2026 747 2111 799 nl-

524 839 711 893 timos.
762 854 875 893 suae
899 839 1287 906 excogitationi
1321 851 1659 907 praeponere.
1721 835 1968 906 Magnam
2003 837 2109 889 vim

523 946 711 983 revera
746 929 995 983 habuerit
1027 928 1221 987 oratio.
1239 929 1287 984 si
1310 927 1528 997 quidem
1561 926 1759 995 aliquis
1789 942 1854 980 ex
1873 926 2108 992 insania,

521 1019 604 1073 vel
633 1020 870 1073 amentia
925 1017 1094 1072 Detnn
1129 1032 1252 1071 esse
1298 1016 1814 1069 commentationem
1863 1029 2110 1083 pronun-

524 1110 703 1163 tiaret.
740 1107 796 1162 Si
831 1117 1012 1162 autem
1072 1108 1187 1160 hac
1216 1105 1355 1159 ratio
1400 1120 1576 1172 neque
1606 1110 1712 1167 est,
1773 1120 1956 1175 neque
1982 1101 2105 1166 fuit,

524 1202 667 1269 (quis
693 1200 837 1256 enim
875 1216 940 1255 eo
969 1198 1211 1268 stuporis
1234 1206 1287 1252 et
1314 1198 1578 1251 vecordia:
1609 1197 1871 1267 adegerit,
1905 1207 1963 1250 ut
1984 1212 2108 1251 cum

521 1292 611 1359 qui
642 1307 768 1346 vere
792 1299 896 1357 est,
935 1300 988 1344 et
1026 1292 1117 1360 qui
1173 1290 1274 1342 alia
1323 1290 1531 1353 omnia,
1564 1303 1904 1359 quaecunque
1955 1299 2106 1354 sunt,

523 1381 589 1433 ad
634 1383 1040 1449 generationem
1077 1379 1325 1444 adduxit,
1371 1393 1479 1431 non
1530 1394 1654 1432 esse
1702 1393 1796 1447 per
1829 1378 2108 1447 prepriam

522 1472 935 1526 sobsistentiam
1004 1469 1253 1535 afﬁrmet,
1291 1470 1385 1523 sed
1421 1484 1516 1538 per
1542 1468 1781 1522 nominis
1831 1469 2109 1539 excogita-

520 1566 722 1617 tionem
756 1563 1137 1630 pronuntiet?)
1164 1578 1259 1615 cur
1289 1562 1490 1615 frustra
1516 1560 1788 1615 umbratili
1810 1561 2110 1615 certamine

518 1655 794 1726 depugnat
828 1654 1091 1709 adversus
1123 1670 1185 1710 ea
1214 1670 1335 1723 quae
1364 1654 1546 1707 nullus
1570 1653 1790 1715 asserit,
1814 1653 2107 1723 pugnans?

518 1749 714 1802 Annon
743 1746 1030 1802 manifesta
1069 1761 1234 1801 causa
1282 1746 1445 1813 hujus
1484 1746 1687 1799 insanae
1737 1745 2105 1799 contentionis

2213 564 2427 634 νόησιν·
2460 565 2555 617 καὶ
2590 563 2704 615 ἐστι
2736 563 2871 633 πρὸς
2896 562 3104 625 τούτοις
3129 562 3229 615 ὅσα
3256 561 3461 625 ὑποϐάς
3492 560 3793 631 ἐξέρχεται,

2213 655 2402 725 ὥσπερ
2430 656 2549 708 οὑδὲ
2576 657 2753 708 ἐκεῖνο
2781 654 3140 726 φρονούντων,
3183 655 3242 707 τὸ
3260 694 3275 717 ,
3304 656 3427 716 τοὺς
3474 653 3792 725 ἀνθρώπους

2214 747 2415 817 καίπερ
2475 747 2633 810 ὄντας
2686 748 2946 810 ὑστάτους
2998 745 3106 799 τῶν
3152 746 3244 798 τοῦ
3282 744 3415 798 Θεοῦ
3454 747 3792 817 δημιουργη-

2216 839 2400 908 μάτων
2440 838 2762 910 προτάττειν
2805 839 2903 907 τῆς
2950 838 3096 907 σφῶν
3140 837 3321 890 αὑτῶν
3367 837 3626 901 ἐπινοίας.
3679 838 3792 891 Με-

2211 928 2383 998 γάλην
2409 929 2515 1000 γὰρ
2536 929 2612 999 τῷ
2637 929 2750 982 ὄντι
2775 931 2871 1000 τὴν
2904 932 3055 999 ἰσχὺν
3079 931 3106 982 ό
3133 929 3285 997 λόγος
3308 924 3473 999 εἶχεν,
3511 927 3671 997 εἴπερ
3708 946 3792 991 τις

2211 1021 2276 1073 ὲκ
2310 1021 2508 1090 μανίας
2544 1020 2578 1091 ἢ
2618 1021 3040 1093 παραφροσύνης
3078 1022 3318 1074 ἐπίνοιαν
3363 1017 3503 1073 εἶναι
3532 1021 3622 1073 τὸν
3656 1020 3788 1073 Θεὸν

2210 1111 2558 1180 ἀπεφαίνετο.
2594 1113 2657 1165 Et
2685 1113 2740 1166 δὲ
2773 1110 2923 1176 οὗτος
2952 1113 3051 1183 μὲν
3084 1114 3113 1165 ό
3134 1113 3287 1180 λόγος
3319 1110 3440 1165 οὔτε
3468 1113 3638 1177 ἐστὶν,
3661 1112 3783 1165 οὕτε

2215 1203 2314 1273 μὲν
2344 1201 2793 1273 γεγένηται·(τίς
2831 1203 2938 1275 γάρ
2978 1203 3043 1257 ἂν
3089 1205 3167 1267 εἰς
3201 1204 3354 1257 τοῦτο
3406 1204 3782 1275 παραπληξίαι,

2211 1294 2474 1359 ἐλάσειεν,
2498 1295 2639 1348 ὥστε
2663 1296 2752 1348 τὸν
2780 1296 2947 1357 ὅντως
2970 1297 3115 1357 ὄντα,
3135 1297 3229 1350 καὶ
3247 1296 3316 1348 τὰ
3333 1296 3468 1349 ἄλλα
3491 1296 3666 1349 πάντα
3686 1298 3785 1349 ὅσα

2210 1387 2358 1439 ἐστὶν
2379 1389 2457 1449 εἰς
2473 1388 2688 1455 γένεσιν
2717 1389 3011 1456 ἀγαγόντα,
3035 1389 3223 1442 τοῦτον
3247 1388 3321 1459 μὴ
3343 1388 3462 1440 καθ’
3489 1388 3783 1441 ὑπόστασιν

2214 1478 2350 1529 ἰδίαν
2378 1476 2556 1545 λέγειν
2594 1474 2761 1540 εἶναι,
2804 1478 2917 1531 ἀλλ’
2945 1479 3183 1531 ἐπίνοιαν
3203 1479 3463 1549 ὀνόματος
3492 1479 3784 1547 ἀποφαίνε-

2213 1564 2451 1631 σθαι;)τί
2478 1568 2658 1639 μάτην
2686 1573 2986 1639 σκιομαχεῐ,
3012 1572 3122 1632 τοῖς
3143 1570 3202 1621 οὑ
3232 1570 3430 1621 τεθεῖσι
3458 1570 3786 1639 μαχόμενος

2210 1657 2244 1728 ἢ
2300 1657 2561 1728 πρόδηλος
2599 1659 2748 1711 αἰτία
2778 1658 2877 1728 τῆς
2915 1660 3143 1729 ἀνοήτου
3190 1659 3391 1729 ταύτης
3432 1656 3780 1728 φιλονεικίας,

2212 1749 2292 1802 ὅτι
2322 1751 2447 1813 τοὺς
2470 1749 2907 1819 ἐξαπατηθέντας
2933 1750 3019 1803 διὰ
3048 1751 3142 1802 τοῦ
3178 1752 3296 1803 κατ’
3333 1750 3655 1819 ἁγεννησίαν
3698 1766 3781 1801 σο-

516 1848 622 1903 est,
647 1840 789 1909 quod
815 1838 942 1892 dum
977 1838 1048 1891 ob
1073 1838 1328 1905 deceptos
1360 1837 1605 1905 captioso
1635 1845 1961 1906 argumento
1988 1836 2091 1890 htt-

2202 1841 2470 1910 φίσματος
2492 1842 2898 1911 αἰσχυνόμενος,
2928 1843 3050 1894 ἐπεὶ
3072 1842 3360 1912 διηλέγχθη
3401 1841 3656 1911 πάμπολυ
3682 1844 3776 1911 τῆς

513 1929 607 1997 jus
679 1928 918 1981 nominis
994 1927 1318 1995 ἀγεννησίας
1381 1941 1505 1979 cum
1589 1926 1777 1997 pudet,
1836 1926 2097 1994 quoniam

518 2020 623 2075 hoc
657 2035 851 2074 nomen
885 2035 993 2073 non
1054 2019 1385 2089 permultum
1420 2018 1487 2072 ab
1531 2017 1787 2073 essentia:
1824 2017 2101 2087 signiﬁca-

514 2115 665 2167 tione
690 2120 998 2182 separatum
1032 2127 1153 2166 esse
1198 2110 1484 2179 probatum
1532 2119 1659 2175 est,
1709 2119 1904 2180 sponte
1954 2110 2099 2164 dicta

508 2204 826 2267 confundit,
855 2218 884 2257 a
914 2204 1135 2257 nomine
1167 2202 1234 2256 ad
1265 2216 1354 2257 res
1395 2201 1828 2256 controversiam
1864 2200 2102 2255 transfe-

511 2313 668 2359 rrens,
700 2304 760 2349 ut
792 2296 953 2351 facile
1005 2296 1208 2350 incauti
1247 2296 1347 2349 hac
1407 2294 1731 2349 confusione
1785 2294 2097 2359 cludantur,

520 2400 772 2461 putantes
796 2391 879 2444 vel
904 2389 1421 2444 commentationem
1441 2385 1610 2441 Deum
1643 2400 1673 2438 a
1702 2385 1860 2439 nobis
1892 2385 2097 2438 dictum

507 2499 658 2547 esse,
683 2483 764 2536 vel
791 2482 1154 2535 humanorum
1185 2480 1465 2533 nominum
1494 2477 1807 2532 inventione
1827 2476 2096 2544 posterio-

517 2590 655 2636 rem,
689 2574 923 2642 ideoque
951 2572 1142 2626 relicto
1180 2580 1369 2625 nostro
1408 2566 1875 2639 irreprehensibili
1931 2582 2096 2637 argu—

518 2674 700 2719 mento
753 2678 987 2732 pugnam
1027 2663 1332 2731 detorquet.
1379 2660 1495 2715 Hoc
1523 2660 1671 2715 enim
1712 2673 1743 2712 a
1767 2657 1928 2712 nobis
1953 2664 2094 2722 erat,

508 2760 658 2814 sicut
686 2756 891 2812 dictum
931 2759 1034 2818 est,
1068 2768 1264 2808 nomen
1331 2751 1656 2822 ἀγεννησίας
1689 2766 1797 2806 non
1846 2760 2095 2805 naturam

516 2856 914 2910 «mutnustrare,
953 2846 1048 2903 sed
1083 2862 1149 2900 cx
1190 2845 1649 2899 commentatione
1706 2852 1917 2898 naturae
1969 2856 2098 2895 con-

518 2956 733 3015 gruere,
760 2956 856 3011 per
883 2955 1046 3010 quam
1105 2938 1281 3008 ipsum
1324 2936 1528 3004 absque
1579 2949 1746 2988 causa
1798 2934 2097 2990 subsistere

517 3032 881 3101 significatur.
915 3030 1069 3096 Quod
1104 3043 1235 3083 vero
1263 3027 1331 3081 ab
1363 3027 1495 3095 ipsis
1522 3027 1894 3088 astruebatur,
1921 3024 2096 3094 ipsius

514 3124 766 3180 essentia:
790 3123 1021 3178 indicem
1048 3136 1233 3176 vocem
1268 3134 1411 3175 esse.
1459 3116 1561 3172 Ubi
1596 3118 1761 3187 igitur
1787 3125 2092 3172 astructum

515 3225 622 3280 cst,
650 3216 762 3269 vim
818 3215 982 3284 hujus
1043 3211 1279 3266 nominis
1329 3211 1403 3263 ita
1437 3224 1496 3265 se
1542 3209 1778 3265 habere?
1828 3207 1934 3263 Sed
1982 3208 2097 3262 haec

516 3308 714 3362 alicubi
740 3307 796 3361 in
825 3306 944 3361 aliis
965 3302 1425 3373 disputationibus
1456 3301 1613 3371 plane
1634 3299 1912 3355 recondita
1945 3306 2093 3356 sunt.

515 3402 706 3458 Omnis
745 3408 924 3455 autem
946 3400 995 3454 ei
1021 3399 1171 3452 labor
1200 3403 1501 3465 occupatus
1536 3404 1640 3458 est,
1676 3402 1733 3448 ut
1762 3394 2097 3449 demonstret

516 3494 685 3548 Deum
718 3492 967 3547 substare
985 3487 1315 3558 ἀγεννήτως,
1347 3484 1568 3555 perinde
1592 3500 1655 3539 ac
1679 3486 1724 3539 si
1742 3487 1866 3554 quis
1890 3486 2096 3541 diserte

514 3586 585 3640 de
621 3585 705 3639 his
734 3585 1116 3652 interrogaret,
1159 3593 1450 3649 quamnam
1501 3578 1569 3631 de
1616 3577 1838 3631 nomine
1866 3577 2096 3647 ἀγεννη-

516 3679 635 3740 σίας
657 3676 1068 3746 intelligentiam
1123 3672 1370 3734 haberet,
1409 3680 1591 3724 utrum
1642 3670 1979 3724 existimaret
2000 3685 2096 3723 ex-

513 3769 807 3837 cogitatum
832 3765 897 3818 ad
929 3760 1411 3818 demonstrandum
1442 3762 1673 3830 primam
1695 3774 1916 3813 causam
1947 3758 2097 3828 prin-

514 3857 657 3927 cipio
686 3866 738 3912 et
758 3857 966 3927 origine
991 3870 1199 3919 carere,
1224 3869 1293 3907 an
1318 3867 1449 3908 vero
1476 3853 1650 3924 ipsam
1679 3850 1971 3907 essentiam
2008 3855 2097 3905 de-

513 3952 743 4005 clarure.
776 3948 877 4003 Hic
931 3957 1112 4002 autem
1161 3947 1317 4001 valde
1349 3946 1586 4016 graviter
1612 3952 1666 4002 et
1722 3944 1981 4000 audacter
2003 3960 2092 4001 re-

512 4040 825 4109 sponderet,
890 4053 949 4092 se
979 4052 1088 4090 non
1143 4036 1393 4090 dubitare
1455 4033 1623 4088 Deum
1672 4035 1798 4089 cmli
1848 4043 1901 4089 et
1934 4043 2093 4089 terrae

510 4137 814 4183 creatorem
863 4139 1006 4181 esse.
1057 4123 1127 4179 Ut
1162 4125 1324 4195 igitur
1378 4123 1467 4178 hic
1520 4138 1700 4179 sermo
1751 4126 2091 4194 aproposito

510 4222 776 4281 dissonat,
813 4232 989 4288 neque
1018 4232 1264 4272 connexa
1288 4218 1430 4272 serie
1460 4216 1730 4286 sequi-tur,
1763 4217 1952 4272 eodem
1980 4233 2090 4272 mo-

509 4314 582 4367 do
612 4310 888 4365 inveneris
913 4310 965 4363 in
991 4309 1217 4379 pulchre
1246 4307 1519 4379 descripta
1543 4318 1731 4363 contra
1761 4324 1861 4364 nos
1887 4325 2086 4380 pugna,

508 4402 657 4473 quod
691 4417 719 4455 a
745 4416 912 4472 secpo
939 4401 1347 4456 dissentaneum
1379 4411 1464 4457 est
1490 4412 1544 4456 et
1564 4401 1801 4456 alienum
1833 4420 1846 4457 :
1881 4404 1961 4457 sic
1986 4419 2087 4457 au-

508 4504 616 4549 tem
644 4493 1058 4564 perspiciamus.

578 4585 881 4655 ingenitum
933 4586 1086 4639 aiunt
1140 4584 1309 4640 Deum
1366 4600 1537 4641 esse:
1595 4586 1722 4641 huic
1767 4586 1931 4641 etiam
1982 4603 2082 4644 nos

508 4678 895 4739 assentiamur,
933 4677 1026 4732 sed
1058 4677 1222 4731 etiam
1262 4676 1588 4748 ἀγεννησίαν
1617 4678 1911 4732 essentiam
1940 4694 2082 4748 esse,

508 4770 574 4824 ad
609 4769 711 4822 hoc
740 4782 770 4821 a
800 4768 961 4823 nobis
998 4766 1360 4821 contradictio
1390 4769 1666 4822 occurrit:
1693 4768 1795 4822 hoc
1815 4769 1956 4822 enim
1985 4785 2082 4823 no-

507 4877 629 4915 men
659 4860 891 4915 dicimus
918 4859 1403 4915 demonstrativum
1435 4874 1578 4921 esse,
1606 4859 1776 4913 Deum
1800 4861 2082 4931 ingenera-

507 4955 689 5008 bilitcr
720 4953 993 5017 substare,
1020 4968 1126 5005 non
1186 4950 1511 5021 ἀγεννησίαν
1538 4966 1661 5006 esse
1693 4950 1861 5006 Deum
1900 4970 1912 5004 :
1939 4953 2083 5009 hunc

507 5058 814 5100 sermonem
872 5042 1120 5097 refellere
1174 5050 1423 5097 nostrum
1482 5042 1789 5111 pollicetur.
1822 5043 2081 5109 Quaenam

509 5132 674 5200 igitur
702 5133 995 5189 refutatio?
1025 5132 1177 5199 Quod
1210 5143 1329 5187 ante
1362 5133 1632 5187 hominum
1658 5136 2082 5192 constitutionem

507 5237 644 5291 erat,
686 5227 883 5297 inquit,
940 5228 1222 5295 ingenitus.
1251 5226 1393 5293 Quid
1427 5227 1531 5282 hoc
1561 5226 1630 5281 a’d
1665 5227 1719 5281 id
1747 5229 1894 5299 quod
1930 5247 2082 5300 quae-

508 5322 669 5381 ritur,
706 5320 849 5387 quod
884 5333 942 5373 se
966 5317 1459 5373 demonstraturum
1482 5317 1766 5389 profitetur
1790 5321 1930 5375 idem
1960 5337 2083 5377 esse

508 5426 708 5464 nomen
736 5424 858 5462 cutn
889 5406 1176 5475 subjecto?
1226 5408 1519 5462 essentiam
1564 5408 1709 5461 enim
1758 5409 2082 5481 ἀγεννησίαν

508 5504 718 5557 deltnit.
738 5500 997 5564 Quaenam
1014 5500 1176 5569 igitur
1195 5500 1643 5570 pollicitationum
1664 5501 2083 5557 demonstratio?

508 5594 894 5650 Dentonstrare
922 5607 1137 5662 nempe,
1170 5580 1337 5646 Deum
1366 5594 1631 5648 exsistere
1662 5604 1786 5649 ante
1832 5596 2078 5652 homines

510 5701 643 5741 voce
676 5692 908 5740 utentes.
931 5681 978 5742 0
1000 5684 1279 5738 mirificam
1310 5684 1853 5750 demonstrationem,
1907 5695 1960 5741 et
1991 5687 2079 5741 cui

520 5778 818 5833 contradici
858 5794 966 5836 non
997 5775 1198 5848 possit!
1234 5775 1349 5831 haec
1396 5784 1570 5833 estex
1624 5777 1927 5835 disserendi
1964 5786 2081 5834 arte

2117 4511 2167 4570 D

2201 1931 2341 1985 κατὰ
2370 1932 2465 2002 τὴν
2496 1932 2683 1985 οὐσίαν
2726 1931 3001 2003 σημασίας
3042 1934 3443 2002 κεχωρισμένον
3472 1932 3531 1984 τὸ
3576 1932 3775 2001 ὄνομα,

2200 2024 2342 2077 ἑκὼν
2369 2027 2602 2077 ποιεῖται
2631 2024 2739 2077 τῶν
2769 2025 3073 2096 λεγομένων
3102 2026 3200 2098 τὴν
3240 2025 3519 2094 σύγχυσιν,
3551 2023 3657 2077 ἀπό
3682 2023 3775 2076 τοῦ

2198 2116 2460 2186 ὀνόματος
2485 2118 2576 2170 ἐπὶ
2606 2117 2674 2170 τὰ
2700 2118 3000 2187 πράγματα
3031 2116 3408 2186 μεταϐιϐάζων
3436 2116 3533 2187 τὴν
3575 2116 3772 2187 μάχην,

2198 2210 2273 2274 ὼς
2298 2212 2422 2273 τοὺς
2471 2211 2860 2273 ἀνεπιστάτους
2891 2210 3128 2273 εὑκόλως
3151 2210 3238 2262 διὰ
3267 2211 3365 2279 τῆς
3392 2208 3644 2279 τοιαύτης
3671 2226 3773 2261 πα-

2204 2302 2605 2374 ρακρουσθῆναι
2637 2302 2968 2373 συγχύσεως,
2994 2301 3311 2373 νομίζοντας
3337 2302 3371 2372 ἢ
3408 2301 3645 2354 ἐπίνοιαν
3685 2300 3775 2353 τὸν

2180 2393 2332 2455 ,Θεὸν
2378 2392 2507 2464 παρ’
2551 2391 2711 2463 ἡμῶν
2752 2391 3034 2463 εἰρῆσθαι,
3067 2391 3099 2462 ἢ
3132 2394 3231 2463 τῆς
3280 2391 3387 2444 τῶν
3425 2390 3775 2462 ἀνθρωπίνων

2199 2484 2475 2553 ὀνομάτων
2513 2484 2780 2555 εὑρέσεως
2819 2484 3100 2553 δεύτερον’
3144 2484 3238 2536 καὶ
3278 2484 3366 2536 διὰ
3411 2483 3568 2535 τοῦτο
3613 2500 3775 2535 κατα-

2198 2575 2368 2629 λιπὼν
2413 2576 2736 2645 ἀνέλεγκτον
2784 2575 2843 2628 τὸ
2889 2576 3175 2646 ἡμέτερον,
3220 2574 3515 2645 μεταφέρει
3543 2575 3639 2645 τὴν
3670 2575 3774 2643 μά-

2199 2686 2319 2741 χην.
2351 2669 2425 2721 Τὸ
2469 2668 2580 2739 γὰρ
2621 2669 2751 2739 παρ’
2787 2667 2946 2739 ἡμῶν
2973 2663 3063 2738 ἦν,
3091 2667 3272 2730 καθὼς
3314 2667 3548 2739 εἴρηται,
3585 2666 3643 2718 τὸ
3680 2663 3775 2735 τῆς

2199 2759 2526 2829 ἀγεννησίας
2552 2759 2723 2828 ὄνομα
2750 2760 2825 2829 μὴ
2849 2759 2946 2830 τὴν
2978 2759 3137 2827 φύσιν
3164 2756 3545 2819 ἐνδείκνυσθαι,
3576 2758 3686 2809 ἀλλ’
3716 2758 3774 2822 ἐξ

2200 2846 2438 2908 ἐπινοίας
2478 2846 2806 2917 ἐφαρμόζειν
2852 2850 2918 2918 τῇ
2962 2846 3141 2915 φύσει,
3175 2846 3240 2899 δι’
3266 2842 3332 2919 ἦς
3360 2847 3421 2899 τὸ
3447 2848 3571 2902 ἄνευ
3596 2848 3773 2910 αἰτίας

2199 2935 2358 2989 αὑτὸν
2386 2938 2680 3004 ὑφεστάναι
2704 2938 3053 3007 σημαίνεται·
3077 2938 3137 2990 τὸ
3169 2938 3223 2991 δὲ
3253 2939 3381 3008 παρ’
3405 2938 3583 2992 αὐτῶν
3604 2956 3767 2991 κατα-

2201 3027 2592 3097 σκευαζόμενον
2613 3024 2699 3097 ἦν,
2725 3029 2892 3099 αὐτῆς
2930 3027 3067 3082 εἶναι
3099 3029 3195 3100 τῆς
3221 3030 3408 3092 οὐσίας
3441 3029 3772 3100 ἐπιδεικτικὴν

2197 3119 2294 3190 τὴν
2322 3121 2525 3190 φωνήν.
2560 3116 2671 3172 Ποῦ
2709 3121 2886 3174 τοίνυν
2918 3121 3328 3190 κατεσκευάσθη
3356 3123 3414 3175 τὸ
3438 3121 3606 3184 οὕτως
3631 3123 3770 3192 ἔχειν

2196 3207 2293 3278 τὴν
2319 3208 2413 3260 τοῦ
2452 3208 2714 3278 ὀνόματος
2752 3210 3015 3280 δύναμιν;
3060 3210 3195 3264 ἀλλά
3224 3212 3394 3265 ταῦτα
3431 3213 3529 3283 μὲν
3568 3214 3770 3285 ἑτέροις

2198 3316 2299 3352 που
2322 3298 2537 3363 πάντως
2555 3302 2901 3371 τεταμίευται
2920 3302 3116 3371 λόγοις.
3155 3302 3214 3355 Ὀ
3232 3303 3288 3356 δὲ
3310 3305 3415 3368 πᾶς
3440 3304 3586 3375 αὑτῷ
3613 3308 3771 3370 πόνος

2196 3390 2277 3453 είς
2309 3390 2368 3443 τὸ
2416 3391 2711 3459 ὑφεστάναι
2759 3392 2850 3445 τὸν
2900 3392 3031 3445 Θεὸν
3081 3396 3391 3465 ἁγεννήτως
3444 3396 3765 3466 ⁴ὴσχόληται·

2195 3484 2377 3553 ὅμοιον
2417 3484 2606 3555 ὥσπερ
2636 3484 2703 3537 ἂν
2731 3485 2786 3537 εἴ
2816 3503 2897 3549 τις
2939 3487 3125 3557 σαφῶς
3169 3490 3295 3557 περὶ
3340 3489 3540 3541 τούτων
3584 3491 3766 3561 ἤρετο,

2194 3575 2315 3627 τίνα
2347 3577 2474 3647 περὶ
2502 3577 2596 3629 τοῦ
2618 3576 2877 3648 ὀνόματος
2902 3578 2999 3648 τῆς
3025 3580 3349 3650 ἀγεννησίας
3373 3581 3484 3651 ἔχει
3511 3582 3765 3644 διάνοιαν,

2195 3666 2302 3717 εἴτε
2343 3665 2417 3729 ὡς
2464 3669 2846 3738 ὲπινοουμένου
2904 3669 3033 3739 πρὸς
3088 3670 3309 3735 ἔνδειξιν
3366 3672 3459 3724 τοῦ
3517 3674 3767 3744 ἀνάρχως

2194 3752 2412 3811 εἶναιτὸ
2445 3758 2659 3829 πρῶτον
2690 3758 2882 3823 αἴτιον,
2913 3760 3020 3812 εἴτε
3050 3762 3143 3814 καὶ
3171 3763 3246 3825 ὡς
3269 3764 3432 3833 αὑτῆς
3466 3764 3763 3831 δηλωτικοῦ

2192 3846 2292 3916 τῆς
2311 3848 2526 3911 οὐσίας·
2556 3849 2585 3900 ὀ
2616 3850 2673 3902 δὲ
2717 3850 2862 3919 μάλα
2886 3850 3097 3919 σεμνῶς
3136 3852 3227 3904 καὶ
3269 3855 3631 3918 ἐπιστατικῶς
3659 3856 3766 3908 ἀπ-

2193 3942 2456 4011 εκρίνετο,
2483 3942 2543 3995 τὸ
2574 3942 2801 4015 ούρανοῦ
2833 3944 2925 3996 καὶ
2957 3945 3060 4014 γῆς
3084 3944 3176 3997 τὸν
3198 3945 3329 3999 Θεὸν
3363 3947 3588 4018 ποιητὴν
3625 3946 3763 4000 εἶναι

2195 4035 2269 4103 μὴ
2295 4032 2673 4102 ἀμφιϐάλλειν.
2714 4033 2802 4098 Ὠς
2824 4034 3000 4087 τοίνυν
3028 4029 3182 4101 οὗτος
3210 4038 3237 4092 6
3270 4037 3425 4107 λόγος
3454 4040 3646 4112 ἀπᾴδει
3668 4040 3761 4092 τοῦ

2192 4124 2572 4194 προταθέντος,
2620 4126 2714 4178 καὶ
2753 4126 2813 4178 οὑ
2863 4129 3228 4198 συνήρτηται·
3284 4132 3421 4184 κατά
3465 4130 3558 4185 τὸν
3601 4132 3761 4184 αὑτὸν

2190 4215 2388 4284 τροπὸν
2431 4216 2610 4287 εὖροις
2650 4217 2714 4270 ἂν
2758 4218 2850 4270 καὶ
2888 4220 2978 4271 ἐπὶ
3018 4223 3114 4289 τῆς
3132 4222 3591 4297 καλλιγραφείσης
3612 4223 3759 4294 αὑτῷ

2189 4308 2309 4360 καθ’
2342 4309 2497 4379 μῶν
2537 4311 2715 4380 μάχης
2752 4313 2812 4363 τὸ
2837 4312 2971 4382 πρὸς
3006 4314 3093 4365 τὸν
3129 4313 3323 4367 σκοπὸν
3369 4317 3754 4388 ἀσυνάρτητονο

2189 4401 2400 4467 Obruta}
2430 4400 2485 4452 δὲ
2512 4405 2683 4471 σκοπὴ
2693 4419 2890 4471 σωμεν.

2269 4578 2586 4648 Ἀγέννητόν
2628 4596 2759 4647 φασι
2800 4578 2889 4631 τὸν
2932 4579 3064 4632 Θεὸν
3094 4576 3252 4640 εἶναι,
3286 4582 3442 4633 τοῦτο
3480 4582 3573 4633 καὶ
3597 4583 3759 4651 ἡμεῖς

2186 4668 2543 4739 συντιθέμεθα
2564 4687 2579 4701 ο
2608 4669 2743 4723 ἀλλὰ
2771 4671 2864 4723 καὶ
2890 4673 2986 4740 τὴν
3014 4671 3357 4741 ἀγεννησίαν,
3382 4673 3568 4725 οὑσίαν
3593 4669 3753 4736 εἶναι,

2184 4760 2320 4830 πρὸς
2361 4759 2515 4813 τοῦτο
2551 4761 2679 4833 παρ’
2729 4761 2889 4833 ήμῶν
3012 4763 3348 4834 ἀντίρρησις.
3399 4766 3609 4834 Ὀνομα
3651 4765 3760 4833 γάρ

2181 4848 2339 4903 τοῦτό
2387 4868 2566 4921 φαμεν
2612 4853 2936 4906 ἐνδεικτικὸν
2986 4847 3123 4906 εἶναι
3172 4852 3266 4905 τοῦ
3306 4855 3618 4924 ἁγεννήτως
3668 4854 3759 4906 τὸν

2183 4940 2313 4993 Θεὸν
2376 4945 2711 5012 ὑφεστάναι,
2768 4946 2827 4997 οὑ
2881 4944 2978 5016 τὴν
3017 4946 3340 5016 ἀγεννησίαν
3396 4942 3537 4999 εἶναι
3599 4943 3761 4999 Θεόν·

2182 5040 2421 5110 ἐλέγχειν
2452 5038 2840 5107 ἐπαγγέλλεται
2863 5037 2952 5089 τὸν
2974 5037 3235 5109 ἡμέτερον
3277 5037 3461 5105 λόγον·
3487 5039 3570 5102 τίς
3602 5036 3695 5090 οὖν
3727 5039 3756 5090 ό

2183 5133 2430 5203 ἕλεγχος;
2462 5131 2583 5184 Ὅτι
2612 5130 2730 5197 Πρὸ
2765 5127 2871 5199 τῆς
2894 5128 3012 5183 τῶν
3035 5128 3357 5197 ἀνθρώπων
3396 5128 3758 5196 συστάσεως

2183 5224 2283 5291 ἦν,
2321 5222 2506 5291 φησὶν,
2539 5219 2885 5290 ἀγέννητος.
2922 5220 2987 5273 Τί
3016 5219 3176 5274 τοῦτο
3224 5222 3363 5293 πρὸς
3390 5222 3452 5276 τὸ
3489 5222 3754 5293 ζητούμε-

2182 5333 2292 5377 νον,
2326 5314 2355 5365 ὃ
2397 5312 2588 5379 δείξειν
2616 5304 2771 5376 οὗτος
2798 5313 3329 5382 κατεπαγγέλλεται,
3374 5314 3570 5367 ταὺτδν
3614 5308 3755 5366 εἶναι

2183 5405 2260 5474 τῷ
2286 5403 2626 5474 ὑποκειμένῳ
2651 5404 2712 5456 τὸ
2732 5402 2928 5474 δνομα;
2950 5405 3150 5458 Οὐσίαν
3175 5405 3283 5477 γάρ
3308 5401 3448 5461 εἶναι
3474 5407 3573 5476 τὴν
3595 5408 3752 5473 ἀγεν-

2183 5497 2375 5568 νησίαν
2403 5496 2661 5568 ὁρίζεται.
2701 5497 2795 5559 Τίς
2835 5493 2927 5550 οὖν
2963 5499 2995 5567 ἡ
3026 5498 3135 5551 τῶν
3169 5499 3590 5570 ἐπηγγελμένων
3620 5500 3755 5553 ἀπό-

2182 5590 2378 5657 δειξις;
2420 5592 2493 5644 Τὸ
2545 5592 2713 5659 δεῖξαι
2765 5594 3155 5663 προϋφεστῶτα
3213 5594 3322 5647 τῶν
3368 5597 3517 5666 φωνῇ
3558 5613 3757 5667 κεχρη-

2187 5683 2383 5755 μένων,
2415 5684 2505 5737 τὸν
2536 5685 2686 5738 Θεόν.
2727 5685 2790 5736 Ὤ
2834 5685 2933 5754 τῆς
2977 5688 3373 5759 ἀναντιρρήτου
3408 5688 3503 5740 καὶ
3548 5687 3759 5756 θαυμα-

2186 5779 2314 5849 στῆς
2338 5776 2693 5842 ἀποδείξεωςῑ
2736 5777 2872 5850 αὕτη
2914 5780 3082 5843 ἐστὶν,
3130 5782 3162 5850 ἡ
3196 5781 3257 5832 ἐκ
3285 5782 3382 5851 τῆς
3413 5779 3755 5849 διαλεκτικῆς
