4146 6386
509 367 610 422 9ῑ1

1771 369 1826 424 S.
1873 368 2198 426 GllEGOllll
2253 371 2544 430 NYSSENI

3683 387 3790 442 97!

489 497 644 562 Icum
683 481 849 538 etiam
884 481 1028 552 quod
1055 482 1172 554 ipse
1200 485 1274 540 sit
1299 487 1394 558 qui
1417 488 1630 544 artibus
1661 490 1934 546 hominem
1969 507 2099 562 prae-

2209 495 2440 565 σάμενος
2471 497 2772 568 ύφαντικήν
2819 515 2880 552 τε
2935 501 3027 552 καὶ
3075 501 3412 574 ποικιλτικήν
3459 503 3786 578 ἐπιστήμην.

518 577 668 638 fecit,
718 583 771 630 et
809 575 1026 630 mulieri
1067 577 1404 646 gratificatus
1436 591 1606 636 artem
1657 583 1873 638 texendi
1901 593 1956 638 et
1999 599 2100 638 aeu

522 669 776 738 pingendi
813 669 1124 725 scientiam.
1172 670 1329 736 Quod
1367 673 1511 726 enim
1547 691 1656 728 non
1701 685 1825 730 actu
1863 677 2100 745 quodam

519 761 653 814 tales
685 768 830 817 artes
859 761 1064 824 docuit,
1114 762 1229 832 ipse
1258 778 1437 834 Operae
1468 767 1792 834 pra:sidens,
1837 769 2101 836 quemad-

517 851 737 904 modum
790 853 848 906 in
896 853 982 908 his
1010 869 1130 923 qua:
1177 855 1534 924 corporaliter
1579 857 1880 912 edocentur
1917 858 2100 912 videre

517 943 666 1007 licet,
723 945 909 999 nullus
965 947 1126 1016 plane
1175 949 1586 1012 contradixerit,
1646 950 1738 1020 qui
1776 951 2013 1004 carnalis
2046 959 2100 1004 et

519 1035 794 1092 belluinus
827 1053 936 1092 non
979 1039 1052 1093 sit
1082 1056 1094 1089 :
1123 1041 1218 1095 sed
1265 1042 1474 1096 dictum
1510 1052 1595 1099 est
1640 1044 1707 1096 ab
1748 1044 1865 1112 ipso
1909 1044 2097 1096 talium

515 1129 716 1182 artium
741 1129 898 1184 nobis
929 1130 1148 1184 insitam
1179 1147 1306 1188 esse
1330 1134 1658 1197 doctrinam,
1681 1135 1808 1204 quia
1835 1135 2096 1188 nimirum

517 1217 732 1273 dederit
754 1229 964 1273 natura:
991 1221 1334 1292 excogitandi
1363 1232 1416 1278 et
1441 1223 1748 1278 inveniendi
1773 1239 1835 1278 ea
1863 1239 1984 1293 qua:
2011 1224 2096 1278 in-

515 1311 846 1379 quiruntur,
893 1312 1203 1370 facultatem
1231 1355 1246 1378 ,
1301 1316 1491 1385 sicque
1532 1317 1649 1385 ipse
1697 1330 1796 1370 nos
1841 1317 1907 1370 ad
1951 1324 2096 1372 artes

516 1403 766 1459 adduxit.
812 1404 880 1458 Et
917 1414 1139 1475 propter
1185 1422 1367 1462 causa
1415 1407 1680 1462 rationem
1731 1407 1994 1477 quidquid
2031 1423 2096 1461 ex

517 1495 778 1560 ἐπινοίας,
823 1497 874 1551 id
914 1507 994 1553 est
1036 1499 1496 1554 commentatione
1527 1499 1889 1569 excogitatur,
1925 1507 1980 1554 et
2011 1500 2096 1553 in-

516 1588 734 1642 venitur
761 1595 924 1658 atque
957 1590 1260 1658 perficitur,
1297 1591 1351 1644 in
1387 1591 1686 1660 principem
1721 1590 1886 1660 hujus
1921 1590 2094 1644 facul-

517 1679 646 1734 tatis
669 1689 948 1734 auctorem
977 1679 1233 1736 refertur:
1261 1682 1338 1735 sic
1369 1679 1694 1735 medicinam
1725 1681 1836 1735 vita
1867 1680 2092 1745 invenit,

515 1779 895 1824 verumtamen
947 1770 1041 1824 Dei
1091 1770 1294 1824 donum
1347 1769 1670 1824 medicinam
1727 1771 1820 1839 qui
1873 1769 2089 1832 dixerit,

515 1875 628 1914 non
677 1859 971 1915 aberrabit.
1014 1859 1078 1912 Et
1111 1875 1272 1914 omne
1306 1861 1452 1930 quod
1501 1861 1558 1915 in
1588 1861 1694 1914 vita
1729 1860 1965 1916 humana
2001 1862 2089 1915 in-
2121 1842 2162 1896 Β

515 1959 736 2007 ventum
769 1959 874 2015 est,
920 1960 974 2007 et
1004 1951 1072 2006 ad
1107 1952 1310 2020 aliquid
1341 1968 1527 2008 eorum
1559 1969 1679 2022 quae
1723 1954 1788 2007 ad
1819 1970 2007 2023 pacem
2039 1964 2093 2010 et

515 2043 718 2099 bellum
755 2044 906 2098 utilia
957 2053 1106 2108 sunt,
1143 2043 1422 2104 conducit,
1481 2059 1588 2099 non
1637 2045 1856 2100 aliunde
1905 2047 2094 2101 habuit

515 2136 746 2201 aditum,
777 2135 871 2190 sed
907 2151 1062 2190 mens
1090 2144 1173 2190 est
1199 2151 1320 2205 qua:
1353 2137 1568 2206 singula
1600 2137 1776 2200 nobis,
1805 2147 1968 2207 prout
1999 2154 2095 2193 na-

517 2235 654 2281 tura:
689 2237 888 2282 nostra:
939 2227 1210 2297 congruit,
1247 2229 1520 2297 excogitat
1549 2236 1604 2282 et
1660 2230 1886 2286 invenit.
1943 2230 2094 2287 Mons

517 2325 698 2370 autem
731 2332 866 2386 opus
895 2314 988 2370 Dei
1035 2324 1137 2370 est.
1173 2316 1343 2386 Igitur
1372 2334 1435 2370 ex
1473 2317 1580 2372 Deo
1624 2321 1805 2373 omnia
1846 2337 1966 2391 quae
1999 2337 2096 2392 per

517 2415 750 2462 mentem
803 2409 963 2462 nobis
1023 2408 1368 2477 suppeditata
1405 2418 1556 2466 sunt.
1601 2409 1758 2476 Quod
1811 2419 1990 2467 autem
2027 2413 2095 2468 ab

515 2500 848 2554 adversariis
881 2499 1102 2564 dicitur,
1145 2500 1394 2556 fabulosa
1427 2499 1678 2572 figmenta
1709 2510 1762 2557 et
1811 2503 2094 2558 mendacia

513 2604 834 2664 portentosa
865 2594 968 2648 hac
992 2594 1454 2648 commentatione
1484 2599 1716 2650 conficta
1737 2611 1867 2652 esse
1891 2605 1944 2650 et
1969 2613 2096 2652 eon-

519 2687 742 2756 scripta,
779 2701 954 2756 neque
984 2700 1084 2754 ego
1119 2684 1236 2755 ipse
1265 2686 1542 2757 refragor;
1578 2702 1704 2740 nam
1735 2687 1802 2742 ad
1841 2697 2094 2742 nostrum

518 2793 744 2848 scopum
774 2779 934 2832 etiam
971 2779 1185 2832 illorum
1225 2778 1367 2832 ratio
1405 2779 1639 2832 confert.
1677 2778 1918 2834 Dicimus
1949 2781 2093 2833 enim

517 2883 620 2922 nos
641 2870 884 2923 eamdem
907 2885 1028 2924 esse
1049 2870 1451 2924 contrariorum
1476 2871 1782 2934 scientiam,
1805 2880 1859 2926 et
1881 2873 2096 2926 utilium

517 2968 571 3014 et
603 2973 791 3012 eorum
824 2974 944 3026 quae
977 2959 1254 3014 contrario
1288 2959 1451 3013 modo
1479 2975 1538 3014 se
1571 2959 1792 3023 habent,
1833 2969 1893 3015 ut
1927 2961 2098 3015 medi-

517 3051 720 3114 cinam,
751 3051 1215 3120 gubernatricem,
1251 3059 1305 3105 et
1334 3051 1378 3106 si
1406 3051 1536 3120 quid
1564 3051 1710 3106 aliud
1735 3052 1841 3107 tale
1865 3062 1968 3108 est.
1993 3053 2095 3120 Qui

2209 582 2330 636 Ὅτι
2353 584 2462 653 γάρ
2481 585 2581 637 οὐκ
2611 586 2864 657 ἐνεργείᾳ
2886 588 2994 641 τινὶ
3021 587 3120 651 τὰς
3145 588 3402 653 τοιαύτας
3426 591 3622 660 τέχνας
3643 597 3790 664 ἡμᾶς

2203 671 2476 737 ἐδιδάξατο
2505 674 2667 736 αὐτὸς
2698 676 3114 746 προκαθήμενος
3159 677 3262 747 τῆς
3304 680 3585 745 ἐργασίας,
3623 684 3790 737 καθά-

2203 777 2308 830 περ
2343 761 2401 812 ἐν
2449 763 2562 823 τοῖς
2609 763 2937 832 σωματικῶς
2979 764 3385 835 διδασκομένοις
3435 765 3583 820 ἐστιν
3632 769 3780 832 ἰδεῖν,

2201 846 2373 908 οὐδεὶς
2401 847 2647 900 ἀντείποι
2695 849 2934 916 πάντως,
2987 850 3061 921 μὴ
3099 852 3352 922 σάρκινός
3385 853 3479 906 καὶ
3511 854 3788 926 κτηνώδης

2198 949 2283 995 τις
2330 934 2426 988 ῶν.
2489 934 2650 986 Ἀλλὰ
2685 935 2790 1006 μὴν
2817 939 3030 1007 εἴρηται
3083 939 3211 1008 παρ’
3255 939 3420 992 αὐτοῦ
3459 943 3785 1009 γεγενῆσθαι

2200 1022 2340 1091 ἡμῖν
2375 1021 2480 1074 τῶν
2515 1021 2768 1076 τοιούτων
2799 1025 3003 1094 τεχνῶν
3040 1027 3072 1095 ἡ
3119 1026 3420 1097 καθήγησις
3447 1045 3462 1058 ·
3513 1029 3710 1081 οὐκοῦν
3757 1033 3786 1082 6

2198 1107 2320 1170 δοὺς
2367 1111 2432 1178 τῇ
2477 1107 2635 1176 φύσει
2679 1110 2778 1180 τὴν
2825 1111 3175 1183 ἐπινοητικὴν
3210 1115 3304 1166 ’καὶ
3347 1115 3633 1187 εὑρετικὴν
3677 1117 3786 1168 τῶν

2200 1195 2546 1266 ζητουμένων
2575 1197 2823 1268 δύναμιν,
2876 1201 3039 1262 αὐτὸς
3083 1203 3230 1272 ἡμᾶς
3273 1204 3410 1273 πρὸς
3454 1205 3554 1267 τὰς
3595 1204 3786 1274 τέχνας

2198 1283 2393 1352 ἤγαγε.
2427 1285 2538 1338 Kal.
2569 1287 2646 1355 τῷ
2691 1286 2790 1356 τῆς
2819 1287 2996 1350 αἰτίας
3039 1288 3183 1358 λόγῳ
3214 1291 3322 1342 πᾶν
3363 1291 3428 1358 τδ
3456 1291 3516 1356 ἐξ
3545 1294 3784 1357 ἐπινοίας

2199 1371 2588 1442 εύρισκόμενόν
2615 1389 2674 1425 τε
2703 1374 2796 1426 καὶ
2837 1375 3291 1445 κατορθούμενον,
3317 1367 3402 1442 ἐἰς
3428 1365 3517 1432 τὸν
3545 1381 3784 1450 ἀρχηγὸν

2199 1463 2301 1531 τῆς
2341 1459 2624 1532 δυνάμεως
2651 1461 2856 1534 ταύτης
2883 1465 3303 1536 ἐπαναφέρεται.
3339 1466 3523 1530 Οὕτως
3559 1469 3652 1520 καὶ
3684 1469 3782 1540 τήν

2209 1547 2454 1619 ἰατρικὴν
2489 1549 2516 1600 6
2557 1547 2668 1617 βίος
2709 1548 2941 1620 εὕρατοο
2991 1550 3105 1604 ἀλλ’
3135 1553 3284 1624 ὅμως
3320 1553 3455 1606 Θεοῦ
3489 1555 3658 1625 δῶρον
3685 1558 3783 1626 τὴν

2203 1636 2450 1707 ἰατρικὴν
2511 1634 2680 1688 εἰπών
2733 1654 2816 1698 τις
2876 1638 2973 1707 οὐχ
3027 1640 3424 1710 ἁμαρτήσεται.
3499 1643 3608 1695 Καὶ
3673 1645 3782 1696 πᾶν

2198 1721 2339 1793 ὅπερ
2371 1723 2485 1775 ἐστὶ
2515 1722 2658 1775 κατὰ
2699 1723 2798 1792 τὴν
2831 1723 3179 1796 ἀνθρωπίνην
3225 1725 3368 1797 ξωήν
3401 1721 3780 1800 ἐξευρημένον,

2197 1813 2315 1862 κατ’
2338 1811 2560 1880 εἰρήνην
2585 1811 2680 1862 καὶ
2709 1810 2963 1880 πόλεμον,
2985 1811 3122 1882 πρός
3149 1830 3200 1865 τι
3224 1814 3332 1866 τῶν
3357 1817 3638 1886 χρησίμων
3669 1817 3787 1869 ἐπι-

2194 1897 2318 1968 τηδε
2327 1898 2418 1960 ίως
2435 1897 2576 1968 ἕχον,
2590 1897 2884 1967 οὐδαμόθεν
2896 1899 3024 1968 ἡμῖν
3039 1899 3162 1970 ἔσχε
3175 1901 3274 1972 τὴν
3287 1901 3364 1954 πά
3369 1902 3674 1972 ροδον,ἀλλᾶ.
3684 1902 3778 1956 τοῦ

2194 1985 2286 2040 νοῦ
2314 1984 2380 2038 τὰ
2399 1984 2518 2036 καθ’
2536 1985 2762 2038 ’ἑκαστον
2791 1986 2923 2056 ἡμῖν
2953 1986 3303 2056 καταλλήλως
3331 1988 3664 2053 ἐπινοοῦντος
3686 1993 3780 2043 καὶ

2195 2073 2628 2143 ἐφευρίσκοντος·
2653 2072 2776 2135 νοῦς
2795 2073 2852 2126 δὲ
2869 2072 3028 2143 ἔργον
3041 2073 3196 2126 Θεοῦ·
3215 2076 3410 2129 οὐκοῦν
3429 2076 3628 2132 ἐκθεού
3645 2078 3780 2130 πάν-

2193 2178 2263 2214 τα
2276 2161 2375 2213 ὅσα
2393 2160 2481 2212 διὰ
2496 2159 2587 2212 τοῦ
2605 2159 2696 2213 νοῦ
2712 2161 2844 2230 ἡμῖν
2861 2161 3204 2232 πεπόρισται·
3223 2163 3284 2214 τὸ
3295 2162 3350 2214 δέ
3367 2163 3619 2231 λέγεσθαι
3635 2165 3782 2235 παρά

2195 2249 2301 2302 τῶν
2333 2247 2668 2301 ὑπεναντίων
2697 2248 2766 2300 τὰ
2803 2248 3019 2319 μυθώδη
3061 2249 3354 2319 πλάσματα
3392 2253 3486 2304 καὶ
3513 2252 3580 2304 τὰ
3613 2252 3780 2322 ψευδῆ

2194 2335 2572 2406 τερατεύματα
2625 2336 2776 2405 παρὰ
2835 2337 2933 2405 τῆς
2965 2337 3206 2400 ἐπινοίας
3240 2337 3638 2405 λογοποιεῖσθαι
3689 2341 3784 2392 καὶ

2198 2422 2546 2484 πλάττεσθαι,
2558 2421 2678 2474 οὐδὲ
2693 2421 2854 2485 αὐτὸς
2875 2423 3138 2490 ἀντιλέγω
3157 2437 3169 2452 ⁸
3210 2425 3346 2495 πρδς
3361 2425 3430 2492 γὰ
3437 2443 3470 2497 ρ
3484 2426 3574 2478 τὸν
3587 2429 3620 2494 ἡ
3631 2425 3789 2495 μέτε..

2201 2529 2290 2584 ρον
2308 2509 2507 2563 σκοπὸν
2527 2509 2621 2561 καὶ
2636 2510 2663 2560 ὁ
2680 2507 2900 2562 ἐκείνων
2914 2507 3069 2576 λόγος
3101 2510 3458 2580 συμφέρεται.
3482 2512 3662 2582 Φαμὲν
3677 2511 3786 2580 γὰρ

2196 2600 2291 2652 καὶ
2321 2600 2514 2668 ἡμεῖς,
2561 2595 2660 2666 τὴν
2691 2595 2864 2664 αὐτὴν
2909 2591 3050 2648 εἶναι
3091 2596 3198 2649 τῶν
3240 2598 3496 2651 ἐναντίων
3538 2600 3636 2668 τὴν
3663 2599 3786 2651 ἐπι-

2199 2688 2295 2756 στή
2305 2703 2432 2757 μην,
2461 2684 2568 2737 τῶν
2601 2700 2659 2736 τε
2689 2683 3006 2752 ἐπωφελῶν,
3045 2684 3139 2738 καὶ
3163 2685 3270 2738 τῶν
3305 2685 3382 2749 ὡς
3411 2685 3611 2756 ἑτέρως
3635 2687 3786 2754 ἐχόνο-

2195 2793 2325 2840 των,
2357 2769 2468 2828 οἷον
2492 2774 2591 2845 τὴν
2621 2773 2890 2843 ἰατρικὴν,
2925 2771 3344 2844 κυϐερνητικὴν,
3371 2775 3464 2827 καὶ
3493 2776 3546 2827 εἰ
3565 2791 3616 2828 τι
3653 2775 3782 2829 ἄλλο

2196 2862 2432 2917 τοιοῦτόν
2454 2861 2619 2914 ἐστιν·
2650 2863 2679 2914 6
2706 2861 2815 2932 γὰρ
2839 2860 2992 2924 εἰδὼς
3022 2861 3282 2933 βοηθῆσαι
3305 2865 3417 2926 τοῖς
3445 2863 3783 2934 ἀρρωστοῦσι

2199 2955 2285 3009 διὰ
2315 2954 2640 3026 φαρμάκων,
2673 2953 2922 3023 ἐπι-γνοίη
2956 2952 3042 3018 ἂν,
3083 2955 3238 3023 εἰπερ
3271 2955 3364 3007 ἐπὶ
3411 2953 3563 3023 κακῷ
3606 2954 3785 3024 χρῷτο

2199 3049 2266 3118 τῇ
2296 3047 2482 3118 τέχνῃ,
2531 3046 2624 3098 καὶ
2664 3045 2776 3107 τοῖς
2821 3045 3157 3112 ὑγιαίνουσιν
3185 3045 3432 3116 ἐντρίψαι
3463 3045 3524 3098 τὸ
3550 3046 3785 3116 δηλητή-

519 3143 664 3197 enim
711 3143 862 3196 novit
903 3158 1060 3212 opem
1107 3141 1248 3196 ferre
1289 3143 1677 3212 mgrotanlibus
1709 3160 1804 3215 per
1857 3146 2088 3200 mediea-

2205 3159 2315 3214 ριον
2343 3157 2358 3170 ·
2413 3142 2507 3194 καὶ
2535 3143 2564 3194 6
2608 3140 2742 3211 πρὸς
2771 3140 2863 3192 τὸν
2889 3139 3081 3210 λιμένα
3108 3139 3394 3193 διευθύνων
3423 3139 3501 3210 τῷ
3540 3139 3786 3210 πηδαλίῳ

522 3243 724 3298 menta,
758 3236 967 3288 noverit
993 3235 1155 3288 etiam
1193 3234 1272 3304 (si
1311 3235 1529 3304 quidem
1567 3243 1686 3291 arte
1715 3237 1770 3290 in
1798 3237 2096 3306 perniciem

521 3325 670 3378 abuti
699 3325 855 3394 velit)
893 3326 1044 3380 sanis
1069 3324 1408 3380 mortiferum
1439 3343 1706 3382 venenum
1732 3329 2012 3398 ingerere;
2044 3337 2100 3384 et

522 3417 616 3487 qui
665 3416 734 3470 ad
779 3423 992 3486 portum
1039 3419 1408 3486 gubernaculo
1444 3420 1718 3488 navigium
1767 3419 1992 3490 dirigit,
2029 3421 2100 3476 ad

521 3523 654 3562 saxa
684 3507 844 3562 etiam
875 3508 1096 3564 latentia
1123 3519 1178 3565 et
1211 3510 1488 3579 paululum
1533 3509 1855 3572 eminentia,
1887 3517 1942 3565 et
1974 3525 2098 3565 sco-

521 3600 683 3669 pulos
712 3599 984 3670 appellere
1020 3600 1242 3670 poterit,
1277 3603 1324 3656 si
1362 3600 1464 3654 hoc
1496 3599 1546 3654 ei
1577 3599 1727 3654 cordi
1762 3599 1927 3656 fuerit
1962 3601 2100 3656 insi-

523 3691 676 3746 diose
711 3691 938 3761 perdere
977 3691 1314 3762 navigantes.
1353 3691 1418 3746 Et
1447 3692 1626 3762 pictor
1677 3691 1864 3748 eadem
1893 3703 2010 3748 arte
2044 3693 2098 3748 in

521 3783 705 3837 tabula
749 3783 1170 3854 pulcherrimam
1219 3784 1446 3840 formam
1497 3786 1758 3850 ostendit,
1808 3793 1863 3841 et
1907 3803 2100 3843 rursus

520 3876 892 3944 turpissimam
927 3877 1206 3932 evidenter
1238 3878 1482 3934 imitatus
1512 3887 1630 3934 est:
1684 3879 1764 3934 sic
1803 3879 2100 3948 paedotriba

2205 3235 2266 3288 τὸ
2295 3234 2523 3304 σκάφος,
2570 3233 2843 3286 εύθύνειεν
2884 3231 2950 3285 ἂν
2985 3232 3079 3285 καὶ
3109 3233 3202 3286 ἐπὶ
3229 3233 3482 3304 χοιράδας
3518 3232 3551 3303 ῆ
3585 3233 3782 3284 σκοπέ-

2206 3326 2351 3389 λους,
2399 3327 2448 3378 εἰ
2489 3325 2645 3378 τοῦτο
2672 3325 2879 3392 γένοιτο
2908 3324 3062 3392 φίλον
3091 3323 3259 3395 αὐτῷ,
3289 3325 3354 3378 τὸ
3391 3327 3456 3378 δι’
3491 3325 3784 3394 ἐπιϐουλῆς

2205 3413 2511 3485 διαφθεῖραι
2551 3415 2677 3476 τοὺς
2705 3414 2989 3477 πλέοντας.
3036 3415 3146 3468 Καὶ
3175 3417 3203 3468 6
3236 3413 3523 3486 ζωγράφος
3553 3417 3619 3486 τῇ
3645 3415 3782 3484 αὐτῇ

2206 3507 2364 3578 τέχνῃ
2384 3507 2482 3578 τήν
2501 3523 2560 3559 τε
2583 3506 2876 3578 καλλίστην
2896 3508 3109 3579 μορφὴν
3129 3509 3221 3561 ἐπὶ
3243 3507 3335 3560 τού
3353 3509 3575 3572 πίνακος
3593 3505 3781 3570 ἔδειξε,

2205 3599 2300 3653 καὶ
2329 3599 2427 3671 τὴν
2451 3598 2734 3670 αἰσχίστην
2768 3599 2928 3654 πάλιν
2957 3597 3202 3672 ἐναργῶς
3227 3600 3535 3670 ἐμιμήσατο
3556 3617 3570 3628 ’
3613 3597 3786 3661 οὕτως

2205 3692 2234 3744 6
2261 3689 2609 3762 παιδοτρίϐης
2635 3690 2694 3743 τὸ
2720 3688 3132 3762 ἐξηρθρωμένον
3167 3691 3329 3762 μέλος
3369 3691 3457 3745 διὰ
3499 3691 3596 3762 τῆς
3639 3691 3786 3743 ἀλει-

2207 3785 2407 3852 ⁸πτικῆς
2437 3784 2722 3853 ἐμπειρίας
2751 3784 3040 3854 ἐνήρμοσε,
3075 3783 3169 3836 xal.
3204 3783 3264 3836 τὸ
3293 3784 3532 3852 ὑγιαῖνον
3565 3787 3613 3836 εἰ
3658 3783 3784 3853 βού-

2209 3878 2352 3931 λοιτο
2383 3876 2470 3928 διὰ
2495 3878 2594 3944 τῆς
2619 3874 2786 3945 αὐτῆς
2815 3875 3006 3944 τέχνης
3035 3875 3326 3946 ἐξήρμοσε.

523 3971 638 4024 sive
685 3971 952 4040 palaestrae
999 3971 1276 4041 magister,
1330 3975 1631 4028 membrum
1689 3975 1932 4028 luxatum
1989 3977 2103 4030 sive
2142 3988 2240 4029 sua
2276 3973 2406 4026 sede
2447 3981 2674 4033 motum,
2745 3969 2980 4040 ungendi
3031 3971 3222 4040 peritia
3295 3983 3659 4042 congruenter
3701 3987 3790 4024 re-

523 4064 728 4130 stituit;
781 4074 834 4116 et
885 4063 1026 4132 quod
1073 4063 1206 4117 bene
1249 4062 1432 4126 habet,
1479 4064 1526 4118 si
1571 4064 1723 4128 velit,
1773 4065 1960 4118 eadem
2003 4075 2118 4118 arte
2151 4062 2482 4118 deartuabit.

595 4153 658 4206 Et
690 4154 820 4224 quid
852 4169 989 4224 Opus
1022 4162 1107 4207 est.
1130 4154 1342 4220 singula
1373 4156 1707 4210 recensendo
1737 4157 1960 4210 multam
1985 4171 2104 4210 ora-

525 4246 671 4300 tione
697 4247 907 4299 turbam
936 4244 1232 4300 inducere?
1265 4244 1332 4300 Ut
1358 4246 1524 4316 igitur
1547 4247 1632 4304 his
1653 4263 1774 4317 qua:
1804 4249 1947 4302 dicta
1973 4256 2102 4303 sunt

524 4339 706 4392 nullus
737 4337 1150 4398 contradixcrit,
1191 4351 1314 4390 eum
1347 4337 1438 4406 qui
1481 4345 1651 4391 artem
1688 4339 1926 4409 aliquant
1953 4339 2100 4394 didi--

522 4431 678 4490 Cerit,
723 4431 786 4482 ad
821 4431 868 4483 id
896 4429 1039 4500 quod
1068 4439 1151 4482 est
1183 4431 1376 4484 melius
1418 4431 1776 4496 elliciendum,
1813 4447 1974 4501 posse
2002 4447 2097 4486 ea-

2279 4156 2390 4208 Καὶ
2432 4155 2484 4207 τί
2517 4154 2622 4224 χρὴ
2649 4152 2718 4205 τὰ
2751 4152 2869 4206 καθ’
2909 4153 3135 4205 ἕκαστον
3163 4152 3391 4222 λέγοντα
3433 4154 3602 4207 πολὺν
3627 4154 3785 4225 ὄχλον

2208 4246 2517 4312 ἐπεισάγειν
2551 4241 2625 4312 τῷ
2667 4242 2810 4312 λόγῳ
2840 4261 2854 4308 ;
2911 4243 2997 4303 Ὠς
3021 4242 3195 4294 τοίνυν
3225 4243 3317 4295 ἐπὶ
3347 4243 3453 4295 τῶν
3481 4245 3784 4315 εἰρημένων

2206 4338 2304 4389 ούκ
2343 4337 2405 4389 ἄν
2437 4353 2520 4398 τις
2550 4335 2810 4398 ἀντείποι,
2843 4335 2936 4386 τὸν
2971 4334 3106 4404 πρὸς
3155 4333 3215 4386 τὸ
3267 4337 3510 4404 κρεῖττον
3541 4337 3783 4408 ἐνεργεῖν

2209 4427 2564 4498 μεμαθηκότα
2613 4427 2804 4495 τέχνην
2837 4425 2958 4478 τινὰ
3001 4425 3254 4478 δύνασθαι
3298 4425 3362 4478 ἂν
3406 4430 3471 4496 τῇ
3519 4428 3652 4498 αὐτῇ
3685 4431 3784 4480 καὶ

522 4525 644 4577 dem
685 4531 800 4576 arte
826 4522 892 4575 ad
924 4538 986 4576 ea
1019 4537 1142 4591 qua:
1170 4537 1276 4574 non
1315 4523 1646 4576 conveniunt
1674 4521 1954 4577 cilicienda
1989 4523 2096 4576 uti:

2209 4521 2346 4590 πρὸς
2370 4519 2439 4572 τὰ
2472 4520 2545 4589 μὴ
2571 4519 2757 4570 δέοντα
2781 4517 3106 4589 χρήσασθαι.
3142 4517 3326 4581 Οὕτως
3357 4519 3532 4588 φαμὲν
3567 4521 3658 4573 καὶ
3684 4521 3786 4590 τῆς

523 4615 604 4670 sic
635 4615 868 4669 dicimus
903 4615 1007 4668 vim
1052 4614 1316 4680 ἐπινοίας,
1353 4617 1852 4678 comment-alienis,
1900 4617 1968 4670 ad
2005 4617 2103 4670 lio-

523 4720 652 4756 num
685 4705 903 4772 quidem
954 4719 983 4758 a
1019 4703 1125 4758 Deo
1165 4705 1415 4758 humanae
1449 4714 1658 4759 natura:
1690 4706 1916 4762 inditam
1947 4723 2098 4774 esse;

522 4795 874 4850 abutentibus
929 4811 1058 4850 vero
1117 4797 1420 4851 inventrice
1475 4797 1731 4852 facultate
1792 4798 2099 4854 ministram

523 4901 666 4954 sche
716 4895 770 4941 et
826 4888 1183 4942 inventricem
1234 4889 1349 4943 fieri
1402 4889 1676 4943 inutilium
1733 4891 2100 4945 inventorum.

525 4976 890 5040 Quamobrem
930 4993 1040 5032 non
1085 4979 1342 5048 quoniam
1375 4979 1510 5034 falsa
1553 4988 1608 5035 et
1639 4995 1746 5034 non
1786 4981 2104 5036 exsistentia

524 5069 880 5136 probabiliter
935 5079 1112 5138 potest
1149 5070 1358 5124 ἐπίνοια
1413 5072 1747 5142 confingere,
1807 5073 1926 5128 ideo
1983 5091 2105 5144 qtae

525 5176 650 5214 vere
682 5169 810 5214 sunt
835 5171 889 5214 et
923 5177 1049 5216 vere
1078 5164 1351 5231 subslant,
1387 5167 1720 5228 perscrutari
1751 5181 1859 5222 non
1891 5177 2098 5238 pelest;

523 5253 616 5307 sed
651 5253 764 5307 lucc
795 5254 912 5324 ipsa
962 5256 1209 5324 aptitudo
1237 5264 1292 5311 et
1331 5257 1584 5314 habilitas
1623 5273 1788 5328 quam
1839 5260 2000 5315 habet
2034 5262 2102 5315 ad

521 5343 814 5410 ejusmodi,
864 5344 1036 5411 requis
1066 5352 1119 5399 et
1154 5345 1311 5402 bonis
1365 5346 1639 5402 facultatis
1677 5349 1744 5402 ad
1781 5347 1912 5402 illud
1944 5351 2099 5404 testi-

523 5434 768 5486 monium
792 5441 896 5488 cst.
923 5433 1080 5499 Quod
1100 5437 1243 5490 enim
1271 5440 1605 5507 propositum
1629 5446 1715 5493 est
1735 5439 1801 5492 ad
1823 5455 2101 5508 pavorem,

521 5525 606 5578 vel
657 5525 824 5578 animi
877 5526 1294 5581 oblectationem
1332 5529 1567 5598 aliquam
1613 5529 1923 5583 videntibus
1955 5530 2104 5582 cien-

522 5615 648 5671 dam
683 5626 735 5670 et
769 5618 1108 5682 movendam,
1155 5619 1614 5676 commentatione
1657 5635 1764 5673 non
1799 5636 1987 5675 carere
2035 5622 2102 5675 ad

525 5705 581 5758 id
628 5705 969 5762 cﬂicicndum
1019 5707 1166 5778 quod
1218 5709 1566 5774 elaboratur;
1622 5711 1716 5765 sed
1774 5711 1856 5765 vel
1905 5712 2104 5764 multas

525 5809 721 5852 manus
751 5807 802 5853 et
827 5799 994 5852 multa
1023 5799 1200 5870 capita
1225 5799 1486 5856 habentes
1516 5801 1784 5868 homines,
1813 5801 1894 5858 vel
1925 5802 2100 5874 ignem

2203 4612 2438 4674 ἐπινοίας
2462 4611 2558 4679 τήν
2580 4610 2806 4678 δύναμιν
2828 4609 2912 4661 ἐπ’
2935 4609 3123 4680 ἁγαθῷ
3153 4609 3252 4679 μὲν
3283 4609 3614 4664 ἐντεθεῖσθαι
3631 4613 3786 4680 παρᾶ

2202 4703 2296 4756 τοῦ
2329 4700 2462 4755 Θεοῦ
2503 4705 2568 4772 τῇ
2600 4702 2912 4774 ἀνθρωπίνῃ
2937 4702 3136 4770 φύσειε·
3185 4702 3683 4772 κατακεχρημένων
3725 4702 3785 4754 δὲ

2202 4794 2364 4848 τινῶν
2391 4797 2456 4864 τῇ
2488 4795 2807 4865 ἐφευρετικῇ
2845 4794 3090 4863 δυνάμει,
3123 4793 3368 4846 διάκονον
3397 4794 3657 4858 πολλάκις
3688 4797 3788 4848 καὶ

2208 4887 2463 4956 συνεργὸν
2483 4886 2730 4954 γίνεσθαι
2756 4887 2863 4938 τῶν
2885 4887 3176 4954 ἀνωφελῶν
3199 4887 3545 4958 εὑρημάτων.
3576 4889 3792 4940 Οὐκοῦν

2204 4979 2303 5032 οὐκ
2336 4978 2520 5047 ἐπειδὴ
2553 4977 2772 5030 δύναται
2819 4977 2887 5030 τὰ
2926 4977 3093 5048 ψευδῆ
3144 4980 3236 5030 καὶ
3271 4977 3592 5048 ἁνύπαρκτα
3621 4979 3788 5031 πιθα-

2205 5071 2308 5133 νῶς
2421 5070 2630 5122 ἐπίνοια
2658 5069 3028 5132 διαπλάσσειν,
3069 5068 3155 5122 διὰ
3185 5067 3340 5120 τοῦτο
3367 5069 3434 5122 τὰ
3458 5069 3620 5130 ὅντως
3656 5069 3788 5121 δντκ

2205 5163 2298 5216 καὶ
2353 5162 2566 5231 ἀληθῶς
2622 5163 2908 5230 ὑφεστῶτα
2959 5161 3332 5235 διερευνᾶσθαι
3396 5161 3456 5213 ού
3517 5160 3784 5214 δύναται·

2203 5256 2317 5310 ἀλλ’
2421 5253 2554 5323 πρὸς
2582 5254 2640 5306 τὸ
2673 5253 2908 5306 τοιοῦτον
2948 5253 3337 5324 ἐπιτηδειότης,
3369 5253 3644 5323 μαρτυρία
3673 5255 3788 5314 τοῖς

2205 5346 2508 5415 εὐγνώμοσι
2528 5346 2626 5413 τῆς
2655 5345 2792 5408 πρὸς
2816 5347 2990 5398 ἐκεῖνο
3013 5345 3293 5414 δυνάμεως
3318 5346 3546 5414 γίνεται.
3577 5345 3650 5396 T6
3678 5345 3788 5414 γὰρ

2205 5439 2537 5506 προθέμενον
2575 5433 2911 5505 κατάπληξιν
2940 5437 3052 5498 τοῖς
3079 5434 3278 5504 ὁρῶσιν
3373 5435 3637 5504 θυμηδίαν
3663 5435 3786 5486 τινά

2209 5527 2624 5600 μηχανήσασθαι
2667 5527 2768 5597 τῆς
2816 5527 2952 5598 πρὸς
2980 5527 3040 5580 τὸ
3071 5527 3504 5598 σπουδαζόμενον
3544 5527 3786 5590 ἐπινοίας

2209 5619 2582 5689 μὴ’ἁπορῆσαι
2603 5635 2616 5649 ·
2665 5618 2838 5687 ἀλλ’ἢ
2874 5617 3200 5690 πολύχειράς
3233 5617 3444 5688 τιναςῆ
3481 5615 3786 5685 πολυκεφά-

2205 5712 2348 5773 λους,
2381 5711 2414 5780 ἦ
2450 5709 2558 5780 πῦρ
2595 5710 2873 5772 πνέοντας,
2901 5711 2933 5781 ἣ
2967 5710 3274 5780 δρακόντιον
3303 5709 3480 5772 ὁλκοῖς
3504 5725 3788 5762 συνεσπει-

2209 5803 2475 5874 ραμένους
2509 5803 2866 5874 εἱδοποιῆσαι,
2900 5803 2933 5874 ἢ
2971 5802 3106 5874 πρὸς
3137 5801 3197 5856 τὸ
3240 5801 3424 5873 μεῖζον
3461 5800 3652 5872 ἐξᾶραι
3679 5799 3786 5872 τὴν
