4146 6386
407 406 514 463 9ῗῦ

1527 430 1808 493 CONTRA
1842 438 2231 516 EUNOMIUM,
2275 451 2399 508 LIB;
2446 457 2560 512 ΧΠ.

3572 481 3680 546 οτι

406 529 764 601 συμμετρίαν,
791 534 823 604 ἦ
847 535 1236 596 διακολοδῶσαι
1265 546 1398 618 πρὸς
1419 549 1478 602 τὸ
1501 554 1707 619 γελοῖον
1727 557 1794 610 τά
1821 561 1956 632 μὲτρ

406 621 502 660 νεῖν·
531 623 744 660 οινῖηιιιηρ
799 628 832 660 .a
864 632 1047 660 μανι.-
1069 639 1146 660 --9
1178 657 1192 660 -
1224 640 1312 660 smn
1334 659 1344 660 γ
1374 641 1386 658 ρ
1637 649 1647 660 ι
1687 649 1735 660 ..
1776 651 1799 660 -

2062 569 2395 636 ,ερίι-τιηιεε,
2434 576 2514 629 vel
2556 576 2856 635 draconum
2903 587 3067 655 spiris
3111 578 3385 650 involutos
3419 597 3679 660 simulare

806 628 828 645 η

398 621 502 692 τῆς
531 623 765 694 φύσεως,
799 628 832 699 ἦ
864 632 1047 702 πηγὰς
1068 639 1192 699 τοὺς
1216 640 1537 713 ἀνθρώπους
1565 649 1657 701 καὶ
1682 649 1872 722 δένδρα
1897 657 1991 708 καὶ

398 711 565 782 δρνεα
595 717 848 783 γενέσθαι
893 722 981 776 διὰ
1029 711 1332 802 μεταϐολῆς
1371 734 1755 810 διηγήσασθαι,
1805 711 1877 799 δι’
1917 742 1992 801 ὧν

400 804 518 859 ἔστι
558 807 915 880 ψυχαγωγίαν
958 819 1080 871 τινὰ
1125 822 1252 886 τοὺς
1299 825 1387 879 διὰ
1428 829 1536 882 τῶν
1581 836 1836 890 τοιούτων
1867 840 1990 908 ἡδο-

401 895 598 964 μένους
638 900 820 972 εὑρεῖν
847 917 861 930 ·
911 907 1315 985 ἐναργεστάτην
1348 917 1622 986 ἀπόδειξιν
1656 921 1796 979 εἷναί
1846 946 1989 1000 φημι

398 985 492 1038 τοῦ
532 991 626 1042 καὶ
657 991 724 1044 τὰ
753 995 986 1064 κρείττω
1015 1000 1122 1053 τῶν
1155 1004 1494 1076 μαθημάτων
1519 1011 1778 1070 δύνασθαι
1806 1019 1872 1072 ἂν
1899 1021 1986 1076 διά

397 1080 497 1148 τῆς
538 1081 828 1154 εὑρετικῆς
865 1086 1146 1158 δυνάμεως
1193 1102 1548 1169 κατανοῆσαι.
1602 1105 1675 1156 Ού
1708 1105 1826 1179 γὰρ’
1850 1111 1986 1181 πρὸς

401 1168 501 1237 μὲν
541 1171 640 1242 τὴν
690 1173 797 1226 τῶν
828 1177 1193 1250 ἀνυπάρκτων
1227 1183 1513 1244 διάπλασιν
1542 1193 1763 1264 ἐντελὴς
1795 1199 1926 1268 ἡμῖν
1958 1203 1986 1252 ὁ

395 1259 520 1323 νοῦς
549 1264 698 1333 παρὰ
713 1265 806 1318 τοῦ
835 1267 1125 1336 δεδωκότος
1147 1275 1464 1347 ἐμπέφυκε·
1499 1284 1634 1352 πρὸς
1667 1285 1723 1338 δὲ
1753 1288 1850 1359 τὴν
1876 1293 1984 1346 τῶν

392 1353 730 1424 ψυχωφελῶν
777 1358 1025 1431 εὕρεσιν,
1076 1365 1333 1436 οὐδεμίαν
1380 1371 1606 1444 δύναμιν
1661 1383 1982 1452 ποριστικὴν

393 1446 502 1498 τῶν
552 1448 972 1507 λυσιτελούντων
1017 1457 1382 1530 κεκλήρωται.
1444 1466 1604 1520 Ἀλλά
1649 1469 1901 1544 καθάπερ
1947 1477 1980 1546 ή

393 1534 666 1606 δρμητικὴ
700 1541 792 1592 καὶ
819 1549 1174 1619 προαιρετικὴ
1204 1550 1306 1622 τῆς
1336 1553 1513 1625 ψυχῆς
1545 1558 1704 1628 ἡμῶν
1730 1561 1978 1634 δύναμις,

393 1627 536 1680 κατὰ
571 1629 671 1698 μὲν
722 1620 783 1684 τδ
812 1637 1221 1709 προηγούμενον
1270 1645 1408 1716 πρὸς
1447 1648 1544 1718 τὴν
1571 1650 1678 1704 τῶν
1708 1653 1889 1707 καλῶν
1918 1673 1978 1709 τε

394 1719 488 1770 καὶ
503 1721 720 1789 ἀγαθῶν
737 1723 921 1793 ἔφεσιν
939 1729 1414 1806 ἐγκατεσκευάσθη
1430 1741 1496 1809 τῇ
1513 1739 1692 1808 φύσει·
1712 1746 1976 1815 χρήσαιτο

389 1800 436 1863 δ’
470 1811 534 1863 ἄν
567 1830 649 1876 τις
681 1815 774 1868 καὶ
797 1817 933 1887 πρὸς
946 1818 1014 1872 τὰ
1045 1821 1119 1892 μὴ
1141 1821 1329 1879 δέοντα
1363 1800 1432 1898 τῇ
1464 1800 1690 1904 iro-iatsz
1712 1800 1933 1906 ’κινήσει
1957 1855 1974 1868 ·

391 1905 484 1958 καὶ
535 1905 636 1959 οὑκ
664 1907 729 1962 ἄν
769 1928 853 1974 τις
900 1911 1046 1984 εἴποι
1088 1913 1182 1967 τοῦ
1231 1916 1371 1987 πρὸς

388 1999 711 2070 προαίρεσιν
739 2001 949 2071 ῥέπειν,
976 2009 1277 2080 τεκμήριον
1305 2005 1526 2068 εἶναιτὸ
1545 2017 1682 2086 πρὸς
1707 2018 1774 2072 τὰ
1796 1999 1974 2090 φαῦλά

388 2105 518 2142 ποτε
543 2092 643 2162 τὴν
673 2095 845 2163 ῥοπὴν
868 2095 1014 2167 ἔχειν
1045 2115 1060 2129 ⁸
1110 2100 1284 2166 οὕτως
1313 2104 1462 2176 καὶὴ
1498 2108 1627 2179 περὶ
1659 2111 1728 2162 τὰ
1768 2111 1973 2182 μάταιά

385 2184 446 2234 τε
478 2182 570 2235 καὶ
615 2184 848 2256 ἀνόνητα
880 2190 978 2260 τῆς
1011 2190 1248 2257 ἐπινοίας
1295 2195 1527 2268 κίνησις,
1575 2200 1636 2252 οὑ
1669 2203 1971 2275 κατηγορία

384 2273 486 2342 τῆς
519 2275 656 2345 πρὸς
685 2276 746 2330 τδ
778 2281 1046 2352 χρήσιμον
1094 2284 1398 2356 ἀδυναμίας
1449 2291 1622 2355 ἐστὶν,
1675 2293 1793 2346 ἀλλ’
1835 2273 1970 2348 ἀπό-

383 2362 551 2429 δειξις
600 2366 806 2434 γίνεται
856 2371 949 2424 τοῦ
998 2372 1093 2426 καὶ
1143 2375 1278 2446 πρὸς
1326 2379 1392 2431 τὰ
1431 2378 1725 2451 ψυχωφελῆ
1776 2401 1835 2436 τε
1877 2387 1968 2438 καὶ

383 2457 662 2526 ἀναγκαῖα
693 2461 766 2532 μὴ
800 2463 1084 2533 ἄπρακτος
1120 2463 1282 2522 εἶναι.
1331 2470 1418 2534 Ὡς
1448 2472 1556 2542 γὰρ
1593 2473 1814 2545 ἐξεῦρεν
1853 2479 1968 2532 ἐκεί

381 2538 442 2600 τὸ
470 2551 604 2621 πρὸς
631 2553 821 2624 ἡδονὴν
845 2555 875 2625 ἢ
901 2558 1256 2629 κατάπληξιν,
1281 2561 1454 2628 οὕτως
1478 2566 1572 2618 καὶ
1597 2566 1830 2620 ἐνταῦθα
1854 2570 1966 2623 τῶν

382 2642 520 2712 πρὸς
559 2644 656 2714 τὴν
689 2645 943 2716 ἀλήθειαν
973 2650 1179 2718 ἐφόδων
1210 2652 1309 2723 οὑχ
1351 2656 1749 2728 ἁμαρτήσεται.
1787 2661 1884 2714 Ἓν
1907 2661 1964 2714 δὲ

381 2734 490 2788 τῶν
521 2737 866 2808 ζητουμένων
894 2736 983 2810 ἦν,
1017 2743 1064 2794 εί
1109 2742 1169 2794 τὸ
1204 2745 1418 2816 πρῶτον
1463 2747 1654 2812 αἴτιον,
1697 2751 1728 2804 ὅ
1761 2755 1906 2806 ἐστιν
1933 2753 1963 2804 ὁ

380 2824 532 2888 Θεὸς,
559 2827 809 2898 άνάρχως
841 2832 1009 2898 ἐστὶν,
1051 2833 1084 2905 ἡ
1118 2851 1264 2898 τινος
1305 2838 1479 2909 ἀρχῆς
1509 2837 1814 2910 ἐξημμένον
1848 2843 1961 2913 ἔχει

379 2916 440 2968 τὸ
472 2912 631 2970 εἶναι.
675 2920 1084 2988 Καταλαὸόντες
1117 2926 1176 2978 δέ
1202 2931 1268 2998 τῇ
1314 2929 1544 3004 διανοίᾳ,
1583 2934 1657 3006 μὴ
1702 2912 1959 2992 δύνασθαι

380 3005 594 3074 πρῶτον
624 3003 764 3062 εἶναι
808 3011 869 3064 τὸ
919 3013 980 3078 ἐξ
1013 3016 1200 3087 ἐτέρου
1245 3020 1553 3092 νοούμενον,
1585 3027 1958 3101 ἐπενοήσαμεν

377 3095 551 3169 δνομα
577 3102 679 3172 τῆς
703 3105 957 3175 τοιαύτης
986 3101 1297 3183 ἐμφατικῆς
1338 3115 1679 3189 ὑπολήψεως,
1727 3095 1820 3176 καί
1850 3095 1956 3192 (ρα-

379 3207 479 3261 μεν
523 3194 616 3247 τὸν
671 3196 798 3250 ἄνευ
841 3200 1020 3264 αἰτίας
1060 3203 1463 3277 ὑπερκειμένης
1505 3211 1665 3278 ὄντα,
1704 3215 1957 3286 ἀνάρχως

591 3287 602 3298 Ι
941 3288 966 3309 γ
1170 3267 1180 3274 .
1261 3267 1308 3314 ﬁ.
1375 3267 1458 3316 η.-
1653 3267 1665 3278 ,
1780 3267 2025 3324 ηκντϐ

377 3282 552 3336 εττουν
579 3291 888 3360 αγεννήτως
912 3310 1051 3346 ειναι
1069 3313 1082 3325 ·
1137 3296 1230 3349 τὸν
1256 3299 1311 3352 οὲ
1343 3317 1514 3365 ουτως
1543 3303 1695 3371 ὄντα,
1727 3307 1955 3379 ἀγέννη-

373 3388 467 3425 τον
497 3376 590 3428 καὶ
635 3378 867 3450 ἄναρχον
899 3383 1281 3458 ὠνομάσαμεν,
1328 3391 1388 3442 οὐ
1440 3392 1494 3446 τί
1522 3393 1689 3460 ἔστιν,
1738 3398 1874 3453 ἀλλά
1901 3376 1954 3454 τί

372 3466 474 3518 οὐκ
498 3466 667 3535 ἐστιν,
694 3471 782 3525 διὰ
807 3474 900 3528 τοῦ
928 3475 1193 3547 ὀνόματος
1226 3481 1642 3556 ἐνδεικνύμενοι.
1686 3489 1771 3553 Ὠς
1811 3492 1856 3545 δ’
1889 3493 1954 3547 ἂν

377 3558 612 3627 μάλιστα
638 3566 949 3634 καταφανὲς
983 3568 1044 3621 τὸ
1071 3568 1239 3640 ὄνομα
1265 3573 1494 3640 γένοιτο,
1534 3577 1603 3630 δι’
1633 3579 1955 3654 ὑποδείγμα-

371 3665 464 3712 τος
488 3651 878 3727 ἐναργεστέρου
913 3661 1264 3732 παραστῆσαι
1314 3667 1666 3740 πειράσομαι.
1710 3651 1954 3731 Δεδόσθω

373 3744 501 3814 περὶ
525 3744 741 3819 δένδρου
766 3750 910 3814 τινὸς
946 3748 1086 3805 εἶναι
1127 3755 1226 3825 τὴν
1255 3754 1502 3829 ζήτησιν,
1537 3763 1647 3815 εἴτε
1693 3768 1952 3832 φυτευτόν

371 3823 541 3904 ἐστιν,
568 3835 601 3910 ἢ
628 3839 948 3912 αὐτομάτως
970 3823 1277 3917 γενόμενον.
1309 3823 1501 3923 Ϊίἱπμὲν
1525 3849 1616 3907 οὖν
1644 3823 1953 3926 ἐκφυτείας

369 3919 482 3998 εἴη,
507 3932 768 3996 φυτευτὸν
799 3934 1019 3999 πάντως
1053 3941 1428 4012 προσεροῦμεν
1447 3945 1508 3997 τὸ
1539 3945 1777 4018 δένδρον,
1808 3952 1856 4003 εί
1894 3953 1951 4006 δέ

371 4019 712 4088 αὐτομάτως,
765 4026 1067 4095 ἀφύτευτον
1098 4047 1113 4062 ο
1170 4031 1233 4085 τὸ
1268 4033 1330 4104 δὴ
1365 4034 1605 4092 τοιοῦτον
1646 4039 1816 4112 ὄνομα
1859 4046 1954 4097 καὶ

366 4109 469 4180 τῆς
496 4111 753 4182 ἀληθείας
795 4118 855 4169 οὑ
883 4117 1284 4190 διασφάλλεται.
1332 4127 1554 4194 Πάντως
1586 4109 1751 4204 γάρῆ
1778 4133 1951 4200 οὕτως

367 4201 402 4272 ἦ
434 4203 638 4275 ἑτέρως
683 4207 836 4262 ἔσται
872 4210 933 4263 τὸ
964 4212 1197 4286 δένδρον,
1241 4219 1334 4272 καὶ
1360 4220 1453 4273 τοῦ
1486 4223 1656 4291 φυτοῦ
1687 4226 1787 4296 τὴν
1817 4227 1950 4282 ἰδιά-

368 4292 566 4357 ζουσαν
613 4297 712 4350 οὑκ
755 4300 1084 4357 ἐνδείκνυται
1134 4307 1314 4374 φύσιν.
1369 4312 1443 4364 Τὸ
1495 4316 1595 4384 μὲν
1643 4317 1752 4388 γὰρ
1789 4319 1950 4371 αὑτο-

368 4386 520 4453 φυῶς
551 4383 709 4454 εἶναι,
731 4389 819 4443 διὰ
846 4393 940 4445 τοῦ
972 4395 1274 4462 ἀφυτεύτου
1310 4383 1622 4474 ἐμάθομεν·
1656 4383 1789 4462 ε.ίίδέ
1818 4409 1950 4462 πλά-

365 4493 546 4542 τανος,
573 4479 606 4550 ἢ
633 4479 898 4551 ἄμπελος,
920 4485 953 4554 ἢ
976 4485 1103 4540 ἄλλο
1124 4507 1176 4542 τι
1205 4490 1314 4545 τῶν
1337 4495 1592 4550 τοιούτων
1625 4499 1804 4566 φυτῶν
1832 4503 1945 4555 ἐστι

364 4568 426 4621 τὸ
464 4569 810 4642 δηλούμενον,
843 4573 930 4627 διὰ
964 4575 1062 4647 τῆς
1089 4579 1346 4653 τοιαύτης
1386 4583 1684 4654 ὀνομασίας
1713 4588 1813 4640 οὑκ
1842 4590 1946 4643 ἐδι-

363 4661 535 4733 δάχθη
545 4681 667 4734 μεν.

2095 667 2148 712 et
2180 661 2400 732 lingere,
2430 667 2513 721 vel
2543 668 2596 724 in
2629 671 2807 739 majus
2850 685 3113 734 staturam
3141 685 3419 752 extollere,
3461 693 3542 746 vel
3577 710 3670 748 na-

2093 759 2230 805 turze
2255 755 2445 810 modos
2475 758 2539 810 ad
2578 760 2866 818 ridiculum
2893 769 3200 838 deeurtare,
3233 777 3315 831 vel
3350 779 3597 839 homines
3624 787 3676 842 in

2091 843 2292 907 fontes,
2319 854 2374 900 et
2404 849 2648 912 arbores,
2698 863 2751 907 et.
2789 873 2918 912 aves
2959 863 3382 924 transformatos
3425 888 3671 937 narrare,

2091 948 2187 1000 per
2211 948 2332 1004 qua:
2357 936 2479 991 licet
2510 956 2605 995 eos
2645 945 2738 1011 qui
2781 948 2983 1004 talibus
3013 951 3356 1014 delectantur
3384 964 3548 1017 animi
3584 983 3674 1019 so-

2089 1025 2278 1080 latium
2311 1028 2528 1100 aliquod
2560 1044 2615 1087 et
2655 1035 2965 1096 illecebram
3018 1044 3284 1113 invenire,
3324 1053 3673 1113 evidentissi-

2088 1130 2233 1168 mum
2268 1117 2392 1174 e'sse
2435 1135 2814 1191 argumentum
2851 1131 2998 1197 dico,
3053 1137 3287 1206 aliquem
3343 1159 3507 1212 posse
3549 1165 3671 1216 qure

2087 1207 2296 1275 majora
2332 1220 2538 1267 suntet
2570 1222 2947 1283 prmstantiora
2981 1225 3034 1279 in
3067 1227 3396 1301 disciplinis,
3453 1238 3552 1292 hac
3587 1242 3670 1294 in-

2085 1299 2326 1355 ventrice
2373 1302 2634 1361 facultate
2673 1313 3007 1382 excogitare.
3043 1317 3160 1374 Non
3192 1325 3337 1377 enim
3370 1328 3436 1380 ad
3477 1347 3665 1387 eorum

2083 1402 2206 1454 qua:
2245 1405 2352 1445 non
2397 1394 2710 1452 subsistunt
2746 1400 2997 1472 figmenta
3041 1411 3282 1477 perfecta
3318 1419 3477 1476 nobis
3513 1440 3667 1478 tuens

2083 1479 2152 1532 ab
2199 1496 2266 1535 eo
2302 1484 2395 1552 qui
2445 1485 2614 1552 dedit,
2662 1490 2979 1561 ingenerata
3028 1508 3140 1565 est;
3185 1504 3252 1556 ad
3303 1519 3491 1561 eorum
3536 1528 3665 1564 vero

2081 1585 2203 1637 qum
2227 1573 2468 1629 animum
2511 1577 2726 1646 juvant,
2760 1583 3155 1653 inventionem,
3199 1597 3403 1650 nullam
3442 1599 3667 1656 faculta-

2081 1666 2188 1712 tem
2228 1661 2439 1718 utilium
2470 1671 2952 1739 suppeditatricem
2991 1683 3184 1736 sortita
3213 1696 3317 1740 est.
3345 1687 3449 1742 Sed
3475 1710 3664 1761 quem-

2079 1749 2372 1810 admodum
2403 1757 2687 1828 impultrix
2709 1772 2763 1819 et
2782 1768 3006 1825 electrix
3035 1775 3202 1829 animi
3231 1782 3402 1834 nostri
3429 1782 3661 1841 facultas

2079 1844 2354 1915 praecipue
2386 1848 2454 1901 ad
2505 1851 2862 1911 honestorum
2897 1870 2949 1914 et
2997 1863 3263 1921 bonorum
3296 1875 3592 1941 appetitum
3629 1895 3660 1934 α

1422 1921 1589 1992 μηδὲν
1630 1925 1835 1994 ἀγαθὸν
1878 1929 1962 2000 τὴη

3301 1921 3592 1941 κν,γ,,ν,.-.....
3629 1921 3660 1934 ..

2079 1942 2276 1988 natura
2303 1936 2571 1996 instructa
2605 1955 2709 2008 est,
2743 1948 2877 2003 nihil
2919 1961 3096 2009 tamen
3129 1957 3354 2029 impedit
3385 1967 3516 2034 quin
3561 1971 3660 2022 aii-

2075 2020 2202 2087 quis
2228 2023 2321 2077 tali
2349 2023 2679 2096 impulsione
2706 2035 2770 2088 ad
2795 2052 2857 2091 ea
2888 2055 3012 2109 quae
3036 2060 3142 2099 non
3166 2020 3323 2103 decet
3349 2020 3424 2106 uti
3463 2061 3634 2125 possit

2073 2121 2250 2179 neque
2292 2116 2417 2184 quis
2460 2117 2680 2184 dixerit,
2731 2137 2941 2182 certum
2977 2149 3360 2204 argumentum
3395 2156 3448 2198 et
3493 2149 3658 2202 indu-

2071 2199 2300 2258 bitatum
2323 2206 2540 2277 signum
2567 2228 2690 2269 esse
2719 2220 2864 2286 quod
2896 2223 3091 2278 electio
3119 2231 3326 2286 nullmn
3356 2235 3422 2289 ad
3455 2239 3654 2294 bonum

2070 2302 2280 2362 vergat,
2309 2299 2436 2367 quia
2472 2301 2538 2355 ad
2576 2307 2717 2360 mala
2745 2311 3043 2381 aliquando
3091 2335 3424 2380 momentum
3461 2331 3656 2387 habeat

2069 2392 2122 2437 et
2152 2383 2532 2447 deelinet:sic
2562 2395 2723 2451 etiam
2769 2401 2897 2456 licet
2937 2407 3003 2460 ad
3047 2409 3228 2467 inania
3264 2425 3317 2469 et
3357 2419 3528 2474 futilia
3570 2427 3655 2479 in-

2068 2477 2210 2544 genii
2255 2481 2476 2536 solertia
2520 2500 2823 2553 moveatur,
2873 2495 2996 2550 inde
3045 2508 3223 2556 tamen
3258 2515 3503 2566 accusari
3545 2533 3650 2569 non

2066 2566 2227 2622 debet
2273 2570 2610 2641 impotentiae
2657 2582 2724 2635 ad
2780 2584 2834 2638 id
2869 2588 3012 2654 quod
3053 2592 3183 2647 utile
3219 2605 3302 2650 est
3342 2609 3392 2652 et
3427 2566 3649 2667 bonum,

2067 2658 2178 2713 imo
2211 2677 2343 2718 vero
2407 2666 2459 2720 id
2505 2679 2688 2738 aperte
2734 2674 3095 2744 demonstrat,
3141 2689 3283 2755 quod
3334 2691 3448 2745 lucc
3486 2696 3650 2750 adea

2064 2763 2186 2818 qum
2239 2757 2425 2808 animo
2480 2771 2707 2826 prosunt
2752 2773 2804 2819 et
2853 2775 3164 2828 necessaria
3220 2789 3368 2845 sunt,
3421 2779 3544 2838 non
3581 2791 3652 2842 sit

2061 2841 2239 2896 oriosa
2270 2852 2325 2898 et
2352 2846 2521 2906 iners.
2554 2850 2620 2906 Ut
2647 2856 2790 2910 enim
2825 2859 2934 2915 illic
2967 2864 3193 2931 invenit,
3218 2875 3361 2940 quod
3398 2877 3462 2928 ad
3496 2882 3649 2932 voln-

2061 2939 2266 2999 ptatem
2294 2938 2377 2993 vel
2411 2949 2690 3012 stuporem
2723 2951 2958 3014 confert,
3009 2957 3091 3011 sic
3126 2938 3290 3015 etiam
3323 2965 3411 3018 hic
3455 2969 3524 3024 ab
3563 2970 3649 3026 liis

2059 3041 2182 3094 quae
2238 3029 2306 3084 ad
2350 3033 2632 3091 veritatem
2689 3042 2830 3096 viam
2874 3059 3148 3115 sternunt,
3203 3071 3308 3110 non
3344 3059 3644 3118 aberrabit.

2059 3106 2262 3176 Eorum
2319 3133 2498 3180 autem
2557 3145 2679 3199 qua:
2742 3138 3128 3204 qttatrebantur
3173 3155 3290 3200 erat
3339 3165 3531 3214 unum,
3600 3157 3644 3209 si

2060 3213 2236 3281 prima
2291 3231 2460 3273 causa
2509 3237 2630 3290 qua:
2676 3223 2816 3281 Deus
2857 3239 2962 3292 est,
3006 3235 3218 3303 origine
3252 3250 3419 3308 caret,
3463 3246 3545 3300 vel
3579 3263 3648 3302 ex

2059 3304 2244 3376 aliquo
2293 3309 2568 3383 principio
2616 3316 2931 3387 dependens
2973 3325 3136 3380 liabet
3171 3345 3314 3385 esse.
3345 3333 3417 3388 At
3463 3348 3646 3392 mente

2056 3397 2440 3468 percipientes,
2487 3421 2595 3459 non
2630 3424 2793 3476 posse
2820 3412 3048 3482 primam
3098 3436 3320 3475 causam
3350 3442 3472 3481 esse
3499 3433 3642 3498 quod

2055 3503 2119 3542 ex
2164 3491 2338 3545 altero
2372 3493 2714 3566 intelligitur,
2765 3510 3194 3574 cxcogitavimus
3243 3532 3438 3572 nomen
3478 3521 3644 3589 huius

2055 3596 2330 3650 expressae
2357 3587 2598 3645 nationis
2621 3591 3035 3664 declarativum,
3062 3613 3119 3656 et
3145 3606 3378 3664 dicimus
3403 3628 3526 3667 eum
3549 3618 3642 3683 qui

2053 3678 2139 3726 est
2171 3674 2381 3746 absque
2427 3685 2870 3751 supereminente
2916 3708 3107 3760 causa,
3151 3699 3270 3753 sine
3320 3705 3536 3772 origine
3587 3720 3645 3764 ct

2056 3766 2348 3839 principio,
2379 3772 2498 3828 sive
2529 3777 2774 3844 ingenito
2805 3785 2965 3837 modo
2995 3803 3137 3842 esse.
3175 3790 3310 3847 Eum
3334 3807 3516 3852 autem
3549 3803 3640 3870 qui

2054 3858 2135 3913 sic
2161 3871 2265 3926 est,
2298 3864 2594 3939 ἀγέννητον
2619 3875 2712 3925 καὶ
2738 3875 2994 3948 ἄναρχον,
3028 3881 3080 3936 id
3109 3897 3211 3950 est,
3254 3890 3545 3960 ingenitum
3583 3907 3635 3950 et

2055 3962 2318 4008 carentem
2346 3959 2624 4028 principio,
2652 3968 3090 4029 nominavimus:
3125 3992 3230 4032 non
3251 3982 3380 4049 quid
3409 3994 3514 4046 est,
3543 3987 3639 4041 sed

2053 4046 2183 4114 qttid
2215 4062 2324 4102 non
2352 4059 2438 4104 est
2467 4052 2570 4108 hoc
2601 4057 2823 4113 nomine
2850 4061 3192 4135 indicantes;
3227 4081 3286 4125 ut
3316 4081 3498 4129 autem
3532 4078 3638 4130 lioe

2052 4151 2248 4192 nomen
2313 4141 2618 4199 clarissime
2673 4147 2967 4218 eluccscat,
3030 4161 3280 4229 exemplo
3333 4164 3637 4223 illustriore

2053 4230 2296 4283 conabor
2318 4232 2533 4288 docere.
2561 4235 2727 4292 Detur
2753 4240 2821 4295 de
2846 4245 3027 4316 aliqua
3061 4251 3256 4309 arbore
3280 4259 3636 4326 quaestionem

2050 4335 2192 4382 esse,
2227 4330 2408 4376 utrunt
2439 4326 2607 4381 sativa
2655 4341 2739 4384 est
2773 4348 2840 4386 an
2875 4348 3070 4404 Sponte
3104 4351 3230 4396 nata
3263 4357 3317 4400 et
3364 4352 3638 4418 agrestis?

2907 4397 2918 4404 _
3271 4397 3315 4400 _-
3366 4397 3630 4418 τηεψ.

2051 4397 2110 4464 Si
2141 4411 2309 4482 igitur
2338 4430 2402 4469 ex
2433 4418 2772 4484 plantatione
2807 4425 2990 4493 fuerit,
3028 4434 3255 4489 salivam
3291 4454 3517 4507 prorsus
3550 4459 3638 4497 ar—

2051 4503 2236 4558 bOrem
2262 4511 2758 4578 prmiuntiabimus,
2789 4519 2834 4571 si
2862 4535 3059 4589 sponte
3087 4525 3203 4580 fusa
3231 4503 3484 4596 etedita,
3520 4550 3633 4588 non

1977 4607 2022 4660 ῃ
2051 4596 2316 4649 sativam:
2360 4602 2469 4655 tale
2522 4620 2719 4660 nomen
2771 4625 2800 4662 a
2834 4613 3060 4667 veritate
3105 4633 3211 4671 non
3245 4621 3481 4684 aberrat,
3515 4640 3637 4678 oni--

2051 4687 2182 4744 nino
2226 4692 2396 4753 enim,
2457 4696 2540 4748 vel
2593 4699 2695 4764 sic,
2751 4703 2835 4755 vel
2887 4704 3044 4758 aliter
3076 4709 3178 4763 erit
3205 4712 3389 4776 arbor,
3436 4716 3638 4784 plantae

2685 4761 2690 4764 γ
3161 4761 3172 4763 ἡ
3437 4761 3636 4784 ,νη-νην

363 4764 546 4810 autem
610 4764 862 4812 naturam
928 4761 1256 4830 peculiarem
1326 4781 1434 4822 non
1497 4767 1737 4838 indicat;
1809 4787 1934 4826 nam
1976 4786 2172 4846 sponte
2203 4788 2386 4835 natam
2422 4786 2672 4842 arborem
2705 4805 2848 4853 esse,
2881 4796 3006 4862 quia
3039 4811 3148 4851 non
3216 4801 3291 4854 sit
3319 4813 3456 4869 sata,
3520 4807 3636 4861 sive

357 4854 634 4923 plantata,
683 4856 1011 4925 didicimus;
1058 4859 1105 4913 si
1134 4869 1314 4916 autem
1357 4865 1638 4934 platanus,
1707 4869 1794 4923 vel
1865 4872 2013 4936 vitis,
2053 4877 2139 4929 vel
2184 4879 2374 4932 talium
2434 4881 2741 4951 plantarum
2785 4897 2870 4942 est
2912 4905 2974 4943 ea
3015 4908 3135 4961 qua!
3164 4894 3494 4965 declaratur,
3538 4919 3636 4973 per

363 4952 526 5007 talem
558 4954 988 5010 nominationem
1022 4971 1131 5010 non
1164 4957 1479 5016 didicimus.

433 5045 495 5096 El
516 5045 580 5115 δὴ
611 5045 859 5116 νενόηται
891 5047 954 5100 τὸ
978 5047 1301 5120 ὑπόδειγμα,
1337 5055 1526 5125 καιρὸς
1552 5055 1618 5109 ἂν
1654 5058 1740 5128 εἴη
1776 5077 1943 5130 μετα-

361 5136 582 5190 ξιΰάσαι
608 5137 699 5190 τὸν
725 5137 882 5207 λόγον
912 5140 1004 5192 ἐπὶ
1046 5140 1108 5192 τὸ
1137 5144 1372 5214 πρᾶγμα
1414 5141 1474 5199 οὗ
1517 5147 1580 5200 τὸ
1613 5150 1938 5222 ὑπόδειγμα.

361 5228 434 5280 Τὸ
463 5229 678 5298 πρῶτον
708 5229 878 5285 αἴτιον
924 5230 986 5296 ἐξ
1029 5232 1285 5303 οὐδεμιᾶς
1325 5237 1727 5311 ὑπερκειμένης
1755 5245 1940 5307 αἰτίας

361 5317 504 5388 ἔχειν
524 5320 586 5372 τὸ
615 5316 757 5375 εἶναι
782 5322 1216 5394 κατελαόόμεθα.
1249 5327 1348 5379 Τὸν
1370 5325 1461 5381 οὖν
1483 5331 1793 5402 ἀγεννήτως
1811 5335 1941 5390 ὄντα

358 5409 512 5475 Θεὸν,
549 5416 629 5478 εἰς
669 5414 930 5486 ὀνόματος
957 5417 1124 5472 τύπον
1151 5419 1249 5489 τὴν
1284 5421 1492 5477 ἔννοιαν
1523 5425 1724 5496 ταύτην
1761 5429 1940 5498 παρά-

357 5519 569 5569 γοντες,
620 5505 912 5578 ἀγέννητον
960 5509 1340 5582 ὠνομάσαμεν.
1400 5515 1522 5568 Ὀτι
1575 5517 1673 5586 μὲν
1717 5516 1810 5573 οὖν
1851 5520 1940 5575 διά

358 5595 625 5662 γενέσεως
655 5599 756 5652 οὑκ
800 5601 966 5663 ἐστιν,
1008 5606 1074 5656 ἐκ
1113 5603 1212 5673 τῆς
1237 5603 1330 5658 τοῦ
1357 5607 1619 5677 ὀνόματος
1649 5611 1938 5680 ἐμφάσεως

359 5685 705 5758 ἐδηλώσαμεν
727 5707 741 5720 ·
791 5692 926 5762 αὑτὴ
961 5692 1018 5745 δέ
1045 5696 1077 5765 ἡ
1101 5695 1257 5747 οὐσία
1290 5698 1321 5765 ἡ
1353 5697 1663 5770 ἀγεννήτως
1687 5697 1822 5756 οὖσα
1852 5705 1936 5766 τίς

359 5791 502 5841 κατα
535 5777 632 5849 τὴν
661 5779 795 5832 ἰδίαν
829 5781 988 5850 φύσιν
1016 5785 1184 5846 ἐστὶν,
1222 5786 1373 5838 οὐδὲν
1405 5790 1468 5842 ἐκ
1492 5790 1590 5861 τῆς
1619 5793 1936 5863 ἐπωνυμίας

358 5869 561 5944 ταύτης
605 5874 737 5944 πρὸς
769 5875 826 5927 τὸ
858 5878 1091 5932 κατιῗεῖν
1125 5879 1503 5952 ὠδηγήθημεν.
1549 5884 1678 5938 Οὐδὲ
1711 5887 1815 5957 γὰρ
1867 5883 1935 5942 ἦν

2122 5059 2178 5112 Si
2211 5061 2324 5129 jam
2369 5064 2676 5133 exemplum
2711 5066 3046 5124 intellectum
3075 5080 3180 5135 est,
3218 5082 3434 5146 tempus
3467 5080 3634 5137 fuerit

2049 5167 2357 5207 sermonem
2388 5156 2454 5206 ad
2491 5170 2599 5208 rem
2623 5156 2796 5225 ipsam
2821 5157 3140 5228 transferre,
3163 5165 3324 5233 cujus
3352 5179 3436 5222 est
3457 5185 3637 5225 exem-

2048 5247 2218 5314 plum.
2278 5245 2514 5299 Primam
2570 5263 2792 5302 causam
2855 5268 2919 5305 ex
2976 5255 3124 5307 nulla
3189 5262 3636 5327 superemineat:-

2047 5352 2214 5391 causa
2243 5337 2440 5391 habere
2458 5355 2580 5392 esse
2609 5342 3144 5410 comprehendimus.
3174 5348 3316 5418 Ergo
3345 5349 3513 5405 Deum
3536 5373 3630 5419 qui

2048 5427 2212 5484 modo
2245 5429 2487 5500 ingenito
2519 5446 2578 5485 se
2613 5431 2797 5496 habet,
2833 5435 2899 5487 ad
2943 5438 3181 5492 nmninis
3216 5438 3446 5495 formam
3482 5451 3619 5497 noti-

2046 5518 2178 5572 tiam
2202 5519 2343 5573 hanc
2363 5519 2696 5576 adducentes
2717 5523 3014 5593 ingenitum
3031 5527 3452 5584 nominavimus.
3472 5532 3592 5597 Quo
3617 5536 3630 5586 ι

2045 5610 2213 5678 igitur
2244 5625 2338 5679 per
2371 5611 2775 5679 generationem
2813 5630 2921 5667 non
2966 5623 3051 5669 est
3086 5632 3149 5670 ex
3182 5620 3423 5674 nominis
3455 5622 3628 5692 signi-

2045 5701 2296 5757 ficatione
2342 5701 2774 5758 declaravimus:
2835 5704 2950 5774 ipsa
3001 5714 3183 5761 autem
3224 5712 3462 5766 essentia
3504 5732 3628 5784 quite

2043 5800 2128 5846 est
2163 5793 2402 5862 ingenita
2431 5794 2730 5850 secundum
2775 5799 3053 5866 propriam
3088 5809 3340 5856 natttram
3372 5819 3620 5874 quamam

2043 5895 2146 5949 est,
2214 5886 2343 5942 nihil
2399 5903 2466 5942 ex
2520 5887 2998 5958 cognominalione
3049 5891 3116 5946 ad
3168 5896 3618 5966 conspiciendum
