4146 6386
465 421 573 479 975
1723 417 1781 472 S.
1822 414 2151 472 GREGORII
2191 419 2483 475 NYSSENI
3625 412 3730 467 97G

460 531 655 587 directi
714 546 925 587 sumus.
990 529 1106 585 Non
1151 531 1295 586 enim
1344 539 1462 585 erat
1508 541 1932 587 consentaneum
1989 533 2039 585 in

2166 536 2294 598 ςίκὸς
2349 536 2509 605 μέχρι
2562 534 2815 588 τοσούτου
2862 530 2959 601 τὴν
3006 528 3116 582 τῶν
3165 524 3441 597 λογισμῶν
3487 525 3730 583 ἐπίνοιαν

461 632 675 678 tantum
734 623 1209 677 ratiocinationum
1262 624 1775 679 commentationem
1836 627 2039 690 valere,

465 725 523 769 ut
557 732 657 770 nos
686 716 909 771 extollat
944 730 1109 785 supra
1140 726 1345 770 natura:
1371 717 1583 777 modos,
1619 727 1669 771 et
1713 717 1783 772 ad
1824 734 1888 773 ea
1923 734 2045 789 quae

464 806 857 877 comprehendi
918 820 1026 860 non
1084 814 1335 875 possunt,
1404 807 1701 861 ascendere
1751 809 1935 871 faciat,
1993 816 2047 863 et

466 916 700 969 quorum
736 916 844 955 non
880 906 964 953 cst
996 914 1253 953 accessus
1284 898 1350 952 ad
1380 908 1623 953 nostram
1655 902 2044 969 cognitionem,

468 993 583 1048 hrec
640 1000 829 1046 nostra
887 991 1199 1061 cognitione
1256 992 1544 1061 complecti
1609 995 1899 1061 possimus.
1940 992 2047 1047 Sed

468 1094 719 1138 nostrum
756 1085 1077 1154 magistrum
1112 1084 1371 1154 exagitat,
1432 1093 1487 1139 et
1532 1099 1840 1140 sermonem
1886 1103 2048 1155 quem

469 1173 534 1226 dc
566 1172 1023 1226 counnentatione
1051 1170 1211 1225 habet
1249 1172 1338 1226 ille
1354 1173 1608 1227 distrahit
1640 1189 1704 1226 ac
1740 1175 1963 1235 lacerat,
1998 1183 2053 1229 et

469 1264 633 1318 dit-tis
699 1264 958 1327 insultat,
1018 1258 1536 1319 rursus'consucto
1588 1266 2050 1320 dictiuncularum

470 1372 605 1409 sono
629 1363 680 1409 et
704 1355 898 1424 plausu
933 1354 1223 1408 lasciviens
1248 1356 1428 1409 verbis
1454 1366 1505 1409 et
1529 1357 1835 1420 luxurians,
1878 1366 1930 1410 ct
1955 1358 2048 1420 ait,

471 1449 715 1510 Quorum
753 1447 858 1501 sibi
910 1446 1151 1501 vindicat
1187 1448 1710 1516 interpretationem,
1749 1465 1936 1501 eorum
1976 1460 2054 1502 te-

473 1538 792 1589 stimonium
846 1553 955 1606 prae
1014 1537 1220 1606 pudore
1272 1539 1491 1608 refugit.
1526 1538 1661 1592 Nam
1707 1555 1831 1593 cum
1880 1556 2056 1594 enun-

473 1628 683 1691 tiasset,
708 1637 914 1698 partem
942 1628 1178 1696 aliquam
1203 1644 1391 1683 eorum
1416 1644 1536 1697 quae
1566 1645 1595 1682 a
1623 1632 1883 1698 magistro
1906 1630 2053 1683 circa

474 1722 987 1774 eoimnentationem
1017 1720 1461 1783 considerantur,
1501 1720 1554 1774 in
1596 1720 1795 1790 quibus
1826 1721 1915 1775 ille
1946 1735 2055 1775 non

474 1812 652 1864 solum
709 1811 761 1864 in
797 1812 950 1867 vanis
990 1811 1261 1866 ellicacem
1310 1812 1525 1867 diccbat
1566 1827 1689 1867 esse
1717 1824 2056 1866 commenta-

2150 628 2371 697 ἰσχύειν,
2402 628 2541 680 ὥστε
2566 625 2879 696 ὑπεραίρειν
2908 622 3054 693 ἡμᾶς
3084 620 3187 673 τῶν
3223 619 3437 690 μέτρων
3486 618 3585 686 τῆς
3631 616 3731 686 φύ-

2149 738 2306 782 σεως,
2360 721 2455 773 καὶ
2502 721 2614 781 τοῖς
2657 718 2917 788 ἁλήπτοις
2951 713 3313 776 ἐπιϐιϐάζειν,
3367 710 3459 763 καὶ
3511 703 3583 761 ὧν
3633 710 3731 761 οὐκ

2147 813 2293 866 ἔστιν
2319 813 2502 881 ἔφοδος
2527 814 2605 875 εἰς
2636 810 2982 879 κατανόησιν,
3014 805 3187 859 ταῦτα
3215 807 3280 875 τῇ
3316 801 3561 873 ἡμετέρα
3591 801 3732 869 γνὼ-

2151 924 2233 958 σει
2271 905 2705 976 περιλαμϐάνειν.
2765 900 2924 954 Ἀλλά
2954 896 3265 953 διασαλεύει
3290 896 3380 948 τὸν
3410 893 3729 947 διδάσκαλον

2149 997 2327 1068 ἡμῶν,
2360 998 2453 1049 καὶ
2481 995 2764 1066 περισύρει
2792 994 2882 1046 τὸν
2909 992 3085 1058 λόγον,
3120 990 3177 1041 ὃν
3209 988 3336 1058 περὶ
3369 987 3463 1056 τῆς
3498 984 3734 1047 ἐπινοίας

2151 1088 2355 1152 ἐκεῖνός
2404 1106 2570 1157 φησι,
2619 1086 2713 1139 καὶ
2766 1085 3021 1156 κατορχεῖ
3067 1080 3172 1132 τῶν
3216 1076 3519 1150 εἰρημένων
3573 1075 3733 1129 πάλιν

2152 1181 2398 1251 συνήθως
2428 1179 2505 1249 τῷ
2552 1178 2730 1249 κρότῳ
2760 1177 2868 1228 τῶν
2905 1172 3198 1237 λεξειδίων,
3227 1168 3593 1249 ἐνσατυρίζων
3624 1169 3736 1229 τοῖς

2154 1277 2382 1346 ῥήμασι,
2433 1273 2525 1325 καί
2556 1265 2859 1341 φησιν,τΩν
2880 1263 3253 1337 σφετερίζεται
3282 1262 3379 1332 τὴν
3416 1259 3731 1335 ἑρμηνείαν,

2152 1365 2354 1418 τούτων
2404 1361 2786 1431 ἐπαισχύνεται
2831 1359 2931 1428 τὴν
2982 1354 3306 1428 μαρτυρίαν.
3374 1349 3735 1425 Ἐπαγγείλας

2155 1457 2262 1527 γάρ
2292 1474 2342 1507 τι
2380 1455 2541 1526 μέρος
2568 1452 2676 1504 τῶν
2711 1448 2834 1503 κατ’
2865 1448 3106 1500 ἐπίνοιαν
3139 1442 3520 1513 θεωρηθέντων
3551 1438 3626 1509 τῷ
3652 1440 3736 1491 δι-

2151 1547 2426 1616 δασκάλῳ,
2478 1548 2534 1598 ἐν
2584 1539 2665 1606 οἷς
2704 1544 2909 1604 ἐκεῖνος
2942 1540 3000 1592 οὐ
3037 1539 3195 1609 μόνον
3224 1537 3315 1588 ἐπὶ
3347 1535 3453 1587 τῶν
3493 1532 3743 1603 ματαίων

2155 1639 2377 1709 ἐνεργὸν
2406 1638 2610 1707 ἔφασκε
2656 1636 2753 1706 τῆς
2803 1632 3043 1694 ἐπινοίας
3074 1625 3212 1681 εἶναι
3242 1627 3339 1694 τὴν
3373 1629 3589 1695 χρῆσιν,
3620 1622 3734 1677 ἀλλ’

2157 1733 2300 1802 ἔχειν
2331 1732 2452 1783 τινὰ
2478 1731 2570 1782 καὶ
2604 1729 2738 1799 πρὸς
2764 1726 2833 1778 τὰ
2868 1724 3038 1795 μείζω
3067 1722 3292 1790 δύναμιν
3314 1736 3326 1748 '
3359 1718 3444 1771 διὰ
3478 1716 3569 1769 τοῦ
3594 1715 3739 1769 κατὰ

2157 1825 2247 1878 τὸν
2282 1826 2427 1876 σῖτον
2456 1822 2547 1875 καὶ
2576 1820 2637 1872 τὸ
2687 1818 2907 1886 σπέρμα
2944 1816 3037 1866 καὶ
3067 1812 3166 1882 τὴν
3210 1809 3414 1882 τροφὴν
3449 1808 3739 1880 θεωρήμα-

476 1902 639 1957 tionis
669 1917 850 1966 usum,
901 1903 994 1957 sed
1023 1902 1186 1955 etiam
1223 1902 1421 1956 habere
1460 1902 1695 1971 aliquam
1738 1903 1805 1956 ad
1849 1903 2055 1969 majora

2166 1935 2268 1981 τος,
2301 1915 2496 1983 ἐπάγει
2524 1913 2591 1966 τὰ
2626 1909 2911 1981 εἰρημένα,
2938 1910 3005 1977 τῇ
3036 1904 3232 1971 ἔξωθεν
3264 1902 3424 1955 αὑτὸν
3454 1899 3741 1971 φιλοσοφίᾳ

475 1994 605 2057 vim,
642 2008 738 2062 per
768 2003 1095 2061 argumenta
1116 2002 1329 2063 sumpta
1365 2009 1392 2045 a
1422 1994 1714 2059 frumento,
1758 1997 1969 2050 semine
2005 2006 2058 2051 et

474 2086 615 2148 cibo,
667 2085 879 2139 inducit
929 2102 1054 2139 eum
1106 2101 1376 2141 accusans
1409 2085 1553 2154 quod
1590 2102 1652 2139 ea
1685 2102 1805 2155 qua:
1844 2088 1912 2141 ab
1965 2088 2057 2142 illo

473 2177 618 2229 dicta
664 2184 794 2229 sunt
833 2187 1074 2231 externae
1106 2192 1203 2230 seu
1238 2176 1479 2244 profana:
1519 2177 1878 2246 philosophiae
1929 2185 2058 2232 sunt

473 2268 886 2336 consequentia,
921 2275 975 2321 et
1012 2268 1107 2322 Dei
1141 2282 1328 2323 curam
1381 2284 1475 2323 seu
1514 2268 1915 2337 providentiam
1949 2269 2058 2322 cir-

475 2360 808 2420 cumcidere,
868 2360 995 2429 quia
1052 2375 1160 2413 non
1208 2360 1537 2414 confiteatur
1576 2361 1642 2414 ab
1698 2361 1791 2414 illo
1834 2361 2056 2414 nomina

480 2451 640 2505 rebus
669 2451 837 2504 indita
863 2467 1015 2505 esse:
1067 2452 1364 2520 quinetiam
1397 2452 1572 2506 atheis
1606 2453 1721 2506 sive
1759 2451 1928 2506 Deum
1962 2469 2059 2507 lie--

476 2546 734 2612 gantibus
766 2544 1045 2613 suppetias
1074 2544 1236 2609 ferre,
1271 2554 1326 2600 et
1355 2546 1615 2600 adversus
1649 2544 2054 2601 Providentiam

477 2637 715 2689 divinam
758 2651 908 2689 arma
944 2636 1105 2697 ferre,
1139 2646 1303 2706 atque
1333 2638 1573 2699 illorum,
1615 2654 1810 2707 nempe
1862 2640 2056 2707 impio-

477 2745 597 2781 rum
634 2729 963 2783 sententiam
999 2730 1287 2798 plusquam
1337 2731 1550 2784 divinas
1596 2731 1741 2800 leges
1772 2732 2057 2799 admirari,

478 2822 696 2891 illisque
717 2820 979 2891 majorem
1018 2822 1300 2891 sapientia:
1329 2822 1541 2877 laudem
1575 2824 1838 2889 tribuere,
1874 2834 2059 2895 utpote

478 2914 570 2982 qui
625 2915 833 2983 primos
880 2912 1177 2983 Scripturae
1228 2931 1507 2969 sermones
1560 2917 1905 2973 considerate
1948 2935 2057 2973 non

480 3005 847 3074 perpenderit,
906 3007 1050 3074 quod
1105 3006 1345 3059 nonduin
1395 3008 1460 3059 ad
1509 3016 1687 3060 ortum
1745 3010 2059 3066 hominibus

480 3098 731 3151 adductis
774 3098 986 3150 fructus
1020 3106 1072 3151 et
1118 3098 1345 3151 seminis
1388 3099 1681 3167 appellatio
1710 3115 1738 3152 a
1773 3101 2057 3170 Scriptura

2158 2007 2575 2063 κατακολουθεῖν
2622 2002 2960 2072 αἰτιώμενος,
3002 1999 3095 2051 καὶ
3140 1995 3487 2067 περικόπτειν
3516 1992 3613 2062 τὴν
3641 1989 3737 2044 τοῦ

2158 2101 2290 2156 Θεοῦ
2319 2098 2639 2170 κηδεμονίαν
2674 2095 2826 2165 φησι,
2859 2093 2932 2164 μὴ
2962 2088 3326 2161 ὁμολογοῦντα
3372 2088 3499 2156 παρ’
3531 2084 3742 2137 ἐκείνου

2158 2195 2255 2257 τὰς
2281 2191 2572 2261 ὀνομασίας
2596 2186 2868 2241 τεθεῖσθαι
2903 2187 3013 2245 τοῖς
3048 2182 3355 2252 πράγμασι,
3392 2177 3486 2229 καὶ
3517 2190 3738 2243 συμμα-

2159 2288 2271 2356 γεῖν
2306 2283 2465 2337 αὐτὸν
2489 2285 2602 2344 τοῖς
2649 2280 2850 2341 ἀθέοις,
2884 2279 2974 2329 καὶ
3004 2274 3143 2327 κατὰ
3173 2272 3272 2339 τῆς
3304 2268 3556 2340 προνοίας
3585 2265 3740 2317 ὁπλί-

2160 2376 2368 2442 ζεσθαι,
2401 2375 2493 2427 καὶ
2522 2373 2620 2442 τὴν
2642 2371 2861 2425 ἐκείνων
2886 2368 3108 2437 γνώμην
3142 2365 3246 2433 πρὸ
3279 2363 3387 2414 τῶν
3413 2361 3590 2430 νόμων
3614 2358 3742 2410 θαυ-

2164 2468 2372 2541 μάζειν,
2405 2466 2675 2527 κάκείνοις
2701 2463 2882 2515 πλεῖον
2912 2463 2988 2523 εἰς
3024 2459 3214 2525 σοφίαν
3244 2456 3446 2525 νέμειν,
3478 2454 3576 2505 ούκ
3609 2455 3737 2504 ἐπε-

2162 2557 2468 2627 σκεμμένον
2494 2555 2618 2617 τοὺς
2653 2552 2901 2623 πρώτους
2930 2549 3037 2602 τῶν
3074 2547 3247 2614 λόγων
3272 2562 3284 2575 ·
3320 2546 3401 2597 ὅτι
3436 2544 3598 2613 μήπω
3638 2558 3741 2592 πα-

2163 2650 2468 2723 ραχθέντων
2498 2648 2606 2701 τῶν
2632 2645 2932 2716 ἀνθρώπων
2962 2644 3041 2705 εἰς
3068 2641 3298 2708 γένεσιν,
3334 2640 3367 2707 ἡ
3403 2634 3494 2687 τοῦ
3525 2629 3743 2712 καρποῦ

2160 2742 2255 2794 καὶ
2309 2739 2401 2792 τοῦ
2455 2738 2769 2807 σπέρματος
2834 2731 3116 2801 ἐπωνυμία
3167 2728 3317 2798 παρὰ
3368 2726 3463 2795 τῆς
3518 2722 3741 2794 Γραφῆς

2161 2832 2473 2904 ὠνομάσθη.
2519 2830 2702 2883 Ταῦτα
2747 2826 2865 2880 καθ’
2895 2824 3048 2895 ἡμῶν
3077 2823 3205 2891 παρ’
3237 2818 3399 2872 αὑτοῦ
3442 2816 3510 2869 τά
3542 2815 3740 2885 ἐγκλή-

2166 2945 2329 2998 ματα,
2358 2926 2455 2994 οὺχ
2484 2922 2653 2984 οὕτως
2677 2916 3032 2988 γεγραμμένα
3064 2916 3175 2976 τοῖς
3205 2912 3411 2965 ἐκείνου
3445 2910 3653 2980 ῥήμασι
3672 2904 3745 2958 τὰ

2163 3023 2431 3092 νοήματα,
2467 3017 2601 3071 ἀλλὰ
2651 3013 2900 3068 τοσοῦτον
2956 3008 3293 3078 ὑπήλλακται
3345 3006 3474 3073 παρ’
3522 3000 3741 3071 ἡμῶνὴ

2166 3114 2383 3185 φράσις,
2416 3113 2538 3163 ὅσον
2565 3108 2626 3161 τὸ
2648 3105 2816 3178 τραχύ
2848 3122 2905 3157 τε
2933 3105 3025 3157 καὶ
3049 3102 3276 3171 δύσηχον
3306 3098 3406 3166 τῆς
3442 3091 3743 3155 συντάξεως

480 3187 760 3239 nominata
795 3196 895 3241 est.
939 3187 1063 3241 llme
1095 3198 1221 3242 sunt
1265 3188 1415 3243 illius
1445 3199 1636 3244 contra
1664 3208 1765 3245 nos
1805 3194 2055 3257 crimina,

2166 3182 2271 3257 των
2303 3202 2611 3273 εἰρημένων
2656 3193 3159 3265 ἐπανορθώσασθαι.
3214 3191 3276 3243 Τί
3310 3186 3401 3241 οὖν
3435 3187 3631 3255 ήμεῖς;
3680 3182 3753 3280 'l‘i

482 3295 590 3333 non
644 3281 724 3333 sic
778 3281 924 3333 illius
961 3282 1144 3335 verbis
1176 3284 1478 3351 perscripta
1520 3285 1685 3338 animi
1741 3303 1921 3351 sensa,
1966 3290 2060 3342 sed

484 3379 694 3425 tantum
727 3386 756 3424 a
786 3374 942 3427 nobis
976 3374 1178 3426 locutio
1206 3375 1518 3428 submutata
1550 3387 1652 3441 est,
1681 3391 1946 3447 quantum
1978 3396 2061 3439 sat

2169 3296 2305 3367 πρὸς
2350 3294 2444 3346 τὸν
2496 3290 2764 3361 κηδεμόνα
2810 3289 2909 3356 τῆς
2955 3284 3104 3348 θείας
3156 3281 3409 3353 προνοίας
3455 3279 3745 3344 ἀποκρινο-

2174 3388 2332 3459 μεθα;

481 3474 587 3529 est,
616 3474 674 3518 ut
713 3468 980 3534 asperitas
1019 3477 1072 3521 et
1115 3469 1457 3522 dissonantia
1518 3481 1812 3540 syntaxeos
1866 3482 2159 3539 verborum
2214 3483 2555 3539 emendetur.
2600 3477 2741 3543 Quid
2813 3476 2978 3545 igitur
3044 3489 3165 3535 nos,
3216 3470 3343 3541 quid
3413 3466 3479 3521 ad
3555 3462 3755 3544 diVina?

483 3556 838 3624 providentiae
867 3567 1278 3626 procuratorem
1314 3561 1806 3628 rcSpondcbimus?

556 3651 665 3705 Nos
690 3652 944 3721 injuriam
980 3652 1157 3707 facere
1189 3664 1437 3708 autumat
1478 3659 1622 3726 quod
1661 3660 1934 3717 hominem
1973 3681 2065 3719 ra-

485 3746 653 3800 tionis
682 3746 998 3815 participem
1030 3762 1059 3799 a
1093 3745 1203 3800 Deo
1232 3746 1433 3801 factum
1466 3764 1588 3805 esse
1633 3768 1743 3807 non
1774 3771 2062 3825 negamus,

487 3840 581 3893 sed
631 3838 921 3892 verborum
960 3838 1308 3893 inventiones
1344 3840 1409 3893 ad
1443 3844 1814 3900 ratiocinandi
1838 3848 2067 3902 faculta-

488 3940 599 3984 tem
654 3946 683 3983 a
724 3929 1083 3985 Deo'nalurze
1135 3930 1416 3985 hominum
1461 3934 1683 3988 inditam
1722 3953 2062 3994 revocamus.

487 4024 665 4090 Atque
712 4021 814 4075 hoc
868 4030 953 4075 est
999 4021 1291 4075 criminum
1355 4024 1786 4093 acerbissimum,
1844 4047 1951 4099 quo
2002 4030 2067 4084 ad

488 4116 776 4168 atheorum
810 4114 1136 4170 sententiam
1175 4116 1520 4186 transfugere
1552 4120 1767 4179 pietatis
1809 4123 2067 4193 magister

488 4217 802 4274 accusatur,
839 4219 892 4263 et
922 4209 1124 4261 illicitae
1141 4210 1557 4265 consuetudinis
1595 4212 1765 4267 haeres
1791 4222 1843 4267 et
1886 4225 2069 4283 patro—

490 4318 596 4355 nus
625 4308 678 4355 ct
712 4300 895 4354 omnia
937 4301 1285 4355 atrocissima
1317 4302 1651 4357 nominatur.
1709 4304 1861 4357 Dicat
1908 4307 2071 4373 igitur

491 4402 807 4447 nostrorum
840 4394 1091 4463 lapsuum
1128 4403 1410 4447 corrector
1441 4414 1451 4447 :
1480 4394 1621 4449 Deus
1671 4398 1832 4450 rebus
1872 4398 2072 4453 creatis

2254 3661 2482 3713 Ἀδικεῖν
2518 3658 2669 3726 ἡμᾶς
2699 3653 2866 3721 λέγει,
2919 3652 2997 3703 ὅτι
3028 3649 3086 3701 τὸ
3136 3647 3233 3717 μὲν
3272 3644 3487 3712 λογικὸν
3529 3643 3752 3711 γεγενῆ-

2172 3756 2291 3809 σθαι
2321 3751 2470 3821 παρὰ
2494 3748 2587 3801 τοῦ
2631 3744 2763 3797 Θεοῦ
2804 3743 2894 3795 τὸν
2937 3740 3219 3810 ἄνθρωπον
3266 3738 3364 3790 οὐκ
3395 3734 3703 3805 ἀρνούμεθα
3732 3749 3747 3764 ·

2170 3850 2267 3909 τὰς
2297 3846 2352 3898 δέ
2382 3842 2489 3896 τῶν
2530 3839 2789 3911 ῥημάτων
2826 3834 3071 3905 εὑρέσεις
3106 3833 3185 3895 εἰς
3214 3830 3310 3899 τὴν
3341 3826 3562 3896 λογικὴν
3595 3825 3754 3879 65v:-

2176 3956 2264 4008 μιν
2288 3937 2387 4006 τὴν
2416 3932 2724 3986 ἐντεθεῖσαν
2753 3928 2903 3998 παρὰ
2947 3924 3040 3978 τοῦ
3071 3924 3205 3977 Θεοῦ
3238 3926 3302 3993 τῇ
3333 3920 3492 3989 φύσει
3528 3920 3635 3972 τῶν
3662 3920 3757 3971 ἁν-

2171 4028 2404 4100 θρὼπων
2450 4026 2743 4094 ἀνάγομεν.
2797 4022 2907 4073 Καὶ
2934 4018 3090 4072 τοῦτό
3122 4020 3238 4069 ἐστι
3282 4016 3342 4068 τὸ
3373 4013 3757 4084 χαλεπώτατον

2169 4122 2277 4172 τῶν
2304 4115 2685 4186 ἐγκλημάτων,
2717 4112 2782 4164 δι’
2813 4104 2873 4164 οὗ
2911 4108 3046 4178 πρὸς
3073 4106 3170 4178 τὴν
3192 4106 3300 4158 τῶν
3325 4104 3498 4157 ἀθέων
3529 4101 3754 4172 γνώμην

2173 4210 2491 4280 αὐτομολεῖν
2523 4208 2550 4259 ὁ
2575 4205 2889 4265 διδάσκαλος
2922 4203 3018 4270 τῆς
3044 4198 3321 4261 εὐσεϐείας
3350 4199 3752 4266 κατηγορεῖται,

2174 4303 2267 4354 καὶ
2302 4298 2585 4370 συνηθείας
2614 4294 2880 4363 ἐκθέσμου
2913 4289 3245 4361 κληρονόμος
3292 4289 3386 4341 καὶ
3436 4289 3752 4356 συνήγορος,

2176 4393 2270 4445 καὶ
2318 4391 2495 4443 πάντα
2540 4385 2862 4455 ὀνομάζεται
2894 4382 2961 4434 τά
2992 4380 3287 4433 δεινότατα.
3324 4379 3548 4431 Είπάτω
3576 4377 3765 4428 τοίνυν

494 4486 890 4555 appellationes
922 4486 1200 4554 imposuit,
1250 4486 1355 4539 hoc
1399 4486 1542 4539 enim
1591 4488 1664 4540 ait.
1713 4489 2062 4558 mysticorum

2176 4489 2203 4538 ό
2254 4482 2550 4554 διορθωτὴς
2599 4479 2706 4531 τῶν
2758 4474 3041 4546 ἡμετέρων
3096 4470 3495 4540 πταισμάτων⁹
3531 4467 3592 4522 Ὀ
3625 4467 3759 4528 Θεὸς

491 4579 949 4632 documentorum
996 4592 1172 4632 novus
1206 4579 1563 4648 explanator,
1590 4580 1713 4648 quia
1745 4595 1961 4649 germen
2020 4593 2072 4635 et

494 4670 742 4731 herbam,
783 4677 838 4723 et
869 4668 1072 4730 fenum,
1108 4676 1162 4721 et
1212 4685 1417 4730 semen,
1480 4678 1533 4721 et
1588 4669 1812 4739 lignum,
1859 4678 1913 4725 et
1953 4686 2073 4739 qua:

494 4770 621 4812 sunt
673 4758 986 4827 hujusmodi
1039 4769 1165 4812 ante
1221 4758 1458 4812 hominis
1514 4758 1893 4813 formationem
1933 4759 2074 4815 Deus

494 4848 819 4909 nominavit,
857 4863 981 4900 cum
1012 4845 1079 4899 ad
1117 4847 1454 4901 creationem
1486 4862 1548 4900 ea
1573 4863 1694 4917 qua:
1729 4856 1859 4901 sunt
1908 4848 2072 4913 facta,

488 4940 648 5010 j-ussu
675 4956 775 4994 suo
807 4939 1118 4994 adduceret.
1155 4938 1323 5008 Igitur
1358 4940 1401 4993 si
1437 4940 1491 4991 in
1541 4940 1686 4992 nuda
1728 4940 1905 4994 littera
1954 4958 2075 5010 per-

496 5039 704 5089 manet.
730 5038 783 5083 ct
827 5032 879 5083 in
915 5030 1017 5083 hac
1046 5038 1199 5100 parte
1236 5029 1502 5097 judaizat,
1533 5029 1583 5082 id
1620 5038 1725 5095 est,
1766 5030 2078 5087 Judaaorum

496 5122 666 5174 haeret
717 5121 1026 5185 sententize,
1075 5137 1251 5191 neque
1289 5121 1468 5175 adhuc
1518 5122 1730 5185 didicit,
1791 5125 1919 5194 quia
1971 5141 2079 5179 non

495 5217 692 5269 litterte
734 5214 1084 5271 Christianus
1144 5227 1229 5271 est
1280 5216 1609 5285 discipulus,
1671 5218 1764 5272 sed
1814 5219 2078 5288 spiritus:

493 5304 699 5361 Littera
732 5307 901 5373 enim,
954 5308 1129 5377 inquit
1188 5309 1483 5378 Apostolus
1508 5310 1574 5373 ’³,
1612 5312 1831 5375 occidit,
1864 5312 2081 5379 spiritus

497 5406 674 5449 autem
704 5397 954 5465 riviﬁcat.
986 5396 1156 5454 Nobis
1184 5400 1328 5453 enim
1369 5400 1573 5453 nudam
1607 5401 1671 5453 ad
1696 5402 1920 5456 verbum
1949 5417 2078 5471 pro-

499 5488 604 5541 fert
633 5489 938 5544 litterarum
972 5492 1285 5554 .ectionem,
1319 5508 1383 5547 ac
1416 5494 1461 5547 si
1512 5493 1656 5548 Deus
1688 5494 1801 5548 luce
1842 5510 2080 5564 expone-

499 5589 600 5633 ret.
631 5579 697 5633 Et
734 5580 839 5635 hoe
871 5582 1126 5645 credidit,
1175 5585 1311 5638 nihil
1355 5585 1525 5650 aliud,
1569 5601 1730 5655 quam
1781 5587 2080 5641 secundum

496 5670 914 5726 similitudinem
951 5672 1257 5739 hominum,
1298 5673 1464 5730 Deum
1490 5676 1652 5731 etiam
1676 5691 1927 5733 sermone
1964 5677 2084 5733 fuso

572 5848 619 5881 ’⁸
652 5846 694 5901 ll
724 5847 852 5903 Cor.
884 5864 969 5919 ιη,
997 5848 1054 5905 6.

2178 4578 2328 4629 ἔθετο
2356 4574 2451 4636 τὰς
2487 4569 2855 4642 προσηγορίας
2884 4569 2994 4627 τοῖς
3023 4562 3191 4617 οὖσιν·
3225 4562 3381 4615 τοῦτο
3409 4562 3517 4631 γάρ
3544 4576 3702 4629 φησιν
3729 4561 3761 4612 ὁ

2179 4669 2298 4730 νέος
2332 4664 2599 4734 ἐξηγητὴς
2631 4661 2738 4713 τῶν
2773 4656 3048 4729 μυστικῶν
3099 4655 3460 4724 διδαγμάτων,
3508 4654 3589 4705 ὅτι
3632 4651 3759 4719 βλά-

2183 4778 2334 4828 στην,
2360 4758 2453 4811 καὶ
2482 4755 2728 4826 βοτάνην,
2750 4753 2841 4804 καὶ
2863 4751 3073 4820 χόρτον,
3094 4749 3185 4801 καὶ
3210 4748 3449 4818 σπέρμα,
3465 4746 3558 4799 καὶ
3582 4744 3757 4809 ξύλον,

2182 4853 2276 4905 καὶ
2321 4851 2388 4904 τὰ
2434 4849 2657 4901 τοιαῦτα
2686 4845 3040 4913 κατωνόμασε
3085 4841 3191 4912 πρὸ
3223 4841 3322 4909 τῆς
3352 4838 3443 4892 τοῦ
3473 4837 3763 4908 ανθρώπου

2184 4941 2528 5009 κατασκευῆς
2571 4941 2600 4991 ὁ
2647 4938 2798 4999 Θεὸς,
2853 4938 2908 4987 ἐν
2939 4934 3015 5004 τῷ
3049 4933 3319 5003 παράγειν
3363 4932 3441 4994 εἰς
3485 4930 3659 4983 κτίσιν
3690 4928 3761 4981 τὰ

2183 5035 2441 5102 γεγονότα
2485 5032 2572 5084 διὰ
2618 5028 3058 5100 προστάγματος.
3096 5023 3303 5077 Οὐκοῦν
3332 5024 3383 5074 εἰ
3412 5020 3553 5091 ψιλῷ
3582 5036 3769 5088 παρα-

2189 5128 2337 5197 μένει
2366 5124 2443 5194 τῷ
2473 5124 2784 5194 γράμματι,
2834 5120 2930 5172 καὶ
2962 5118 3101 5170 κατὰ
3142 5115 3304 5168 τοῦτο
3334 5114 3395 5166 τὸ
3438 5113 3601 5183 μέρος
3634 5112 3764 5163 Ἰου-

2183 5217 2356 5282 δαῖζει
2401 5219 2467 5287 τῇ
2519 5215 2734 5285 γνώμῃ,
2779 5212 2872 5264 καὶ
2915 5209 3067 5263 οὔπω
3111 5206 3487 5262 πεπαίδευται,
3532 5203 3612 5255 ὅτι
3645 5201 3764 5270 οὐχὶ

2186 5308 2511 5380 γράμματος
2554 5308 2701 5357 ἐστιν
2727 5305 2755 5355 ὁ
2786 5300 3108 5373 Χριστιανὸς
3138 5296 3402 5369 μαθητὴς,
3430 5295 3564 5349 ἀλλὰ
3602 5290 3764 5380 πνεύέ

2189 5415 2354 5468 ματος
2384 5412 2396 5425 ·
2442 5396 2512 5450 Τὸ
2544 5394 2649 5464 γὰρ
2686 5392 2939 5461 γράμμα,
2984 5390 3168 5459 φησιν,
3210 5386 3566 5447 ἀποκτείνει,
3602 5381 3664 5435 τὸ
3696 5379 3767 5433 δὲ

2188 5491 2422 5559 πνεῦμα
2468 5485 2753 5552 ζωοποιεῖ.
2804 5483 3073 5556 Προφέρει
3112 5480 3168 5533 δὲ
3208 5480 3368 5551 ψιλὴν
3403 5480 3493 5531 ἐπὶ
3523 5478 3764 5548 ῥήματος

2189 5585 2322 5654 ἡμῖν
2349 5580 2445 5651 τὴν
2472 5579 2580 5632 τῶν
2600 5577 2946 5649 γραμμάτων
2974 5573 3301 5642 ἀνάγνωσιν,
3332 5571 3406 5633 ὡς
3431 5568 3565 5622 Θεοῦ
3593 5564 3767 5619 ταῦτα

2191 5673 2565 5739 διεξελθόντος.
2599 5672 2708 5726 Καὶ
2736 5669 2893 5724 τοῦτο
2920 5667 3304 5733 πεπίστευκεν,
3335 5663 3485 5719 οὐδὲν
3516 5661 3700 5729 ἕτερον
3728 5655 3764 5727 ἢ
