4146 6386
445 341 597 418 977'

1555 376 1836 432 αολΤιιΑ
1874 378 2262 450 ΕυΝΟΜΙυΜ,
2302 387 2430 442 Llli.
2472 390 2584 444 XII.

3616 400 3722 456 978

509 471 580 499 ,α’
617 474 901 499 3..--1-μ---
951 479 1016 499 -η
1049 498 1055 499 ,
1111 481 1124 494 ο
1169 481 1195 499 Α
1256 483 1268 499 ι

455 470 580 580 itali:
615 474 904 580 ὁμοιότητα
948 479 1056 533 τῶν
1099 481 1421 555 ἀνθρώπων,
1461 488 1557 540 καὶ
1593 489 1683 542 τὸν
1711 490 1843 543 Θεὸν
1872 491 2041 555 διεξο-

2145 505 2198 550 et
2224 499 2533 558 diseursivo
2564 521 2723 559 usmn
2760 509 2951 570 luisse,
2982 522 3116 563 voce
3150 523 3398 580 sonoque
3429 526 3528 564 sua
3575 511 3726 580 cogi-

454 555 590 634 δικῷ
631 567 931 638 κεχρῆσθαι
965 575 1385 641 κατασκευάσει,
1425 578 1521 630 καὶ
1561 584 1712 651 φωνῇ
1748 581 1843 633 καὶ
1877 580 2043 650 φθόγ-

455 670 538 724 γῳ
570 655 933 713 διατυποῦντα
978 661 1048 716 τά
1086 666 1348 736 νοήματα.
1408 671 1469 722 ΕΞ
1508 671 1688 725 τοίνυν
1723 673 1880 726 τοῦτο
1911 676 2042 741 νοεῖ,

458 747 679 813 πάντως
709 751 792 804 ὅτι
828 755 922 807 καὶ
957 753 1024 808 τά
1052 757 1262 824 τούτοις
1297 761 1564 817 ἀκόλουθα
1598 767 1698 819 οῦκ
1723 767 2040 838 ἀρνήσεται.

468 838 528 891 Ὀ
557 841 664 910 γὰρ
700 845 830 914 παρ’
879 846 1034 916 ἡμῶν
1083 848 1240 918 λόγος
1285 852 1374 905 διὰ
1421 855 1530 907 τῶν
1577 858 1900 928 φωνητικῶν
1948 861 2042 913 ἐκ·

459 936 718 999 φωνεῖται
747 936 971 1007 μορίων,
1003 939 1292 1011 ἀρτηρίας,
1330 943 1600 1016 γλώσσης,
1636 947 1884 1012 ὀδόντων,
1919 950 2043 1003 στό-

461 1039 652 1091 ματος,
689 1027 1056 1098 συνεργούσης
1087 1031 1223 1100 πρὸς
1251 1033 1348 1104 τὴν
1378 1036 1684 1107 ἐκφώνησιν
1715 1039 1926 1109 καὶτῆς
1947 1040 2041 1092 τοῦ

459 1115 622 1188 ἀέρος
650 1118 812 1189 ὁλκῆς
836 1123 929 1174 καὶ
958 1121 1052 1175 τοῦ
1083 1123 1291 1177 ἔνδοθεν
1322 1128 1648 1198 πνεύματος.
1692 1131 1923 1202 ’Υπηχεῖ
1945 1133 2042 1202 μὲν

453 1208 568 1281 γὰρ
603 1212 735 1281 ἡμῖν
765 1214 1000 1284 ἀρτηρία
1036 1216 1278 1270 κάτωθεν
1310 1221 1472 1273 αύλοῦ
1517 1240 1661 1287 τινος
1691 1222 1845 1295 δίκην
1877 1227 2040 1296 ἐνηρ-

462 1301 706 1372 μοσμένη
735 1304 799 1372 τῇ
830 1304 1106 1375 φάρυγγι·
1139 1309 1171 1377 ἡ
1204 1307 1259 1360 δῖε
1281 1308 1506 1381 ὑπερῷα
1533 1311 1620 1365 διά
1652 1313 1745 1365 τοῦ
1783 1315 2043 1385 ὑπερκει-

457 1388 624 1459 μένου
651 1394 964 1464 κενώματος
984 1396 1074 1449 τοῦ
1115 1397 1254 1451 κατά
1281 1402 1405 1462 τοὺς
1435 1401 1721 1473 μυκτῆρας
1741 1404 2042 1474 διήκοντος,

459 1479 712 1552 καθάπερ
739 1500 823 1546 τις
853 1487 1032 1553 μαγάς
1067 1487 1274 1541 ἄνωθεν
1318 1490 1677 1544 ἐπιπλατύνει
1701 1492 1778 1562 τῷ
1811 1493 1926 1565 ἤχῳ
1952 1496 2044 1548 τὸν

459 1572 714 1642 φθόγγον.
761 1576 918 1630 Ἀλλὰ
948 1579 1040 1630 καὶ
1074 1581 1129 1631 αί
1159 1583 1384 1651 παρειαὶ
1425 1584 1742 1654 συνεργοῦσι
1771 1587 1846 1656 τῷ
1876 1587 2039 1658 λόγῳ,

455 1663 603 1716 κατά
635 1665 730 1729 τὰς
764 1667 920 1731 ποιὰς
948 1668 1057 1722 τῶν
1086 1671 1306 1744 ἄρθρων
1337 1674 1610 1740 τυπώσεις
1643 1679 2042 1750 κοιλαινόμεναί

458 1776 518 1811 τε
545 1759 636 1812 καὶ
661 1760 1081 1834 πλατυνόμεναι,
1114 1769 1207 1820 καὶ
1229 1768 1316 1822 διά
1352 1771 1538 1824 στενοῦ
1570 1773 1730 1824 πάλιν
1757 1774 1848 1826 τὸν
1883 1775 2043 1844 φθόγ-

457 1868 553 1920 γον
581 1851 916 1924 προάγουσαι
950 1859 1090 1913 κατά
1126 1861 1224 1925 τὰς
1266 1862 1638 1934 πολυτρόπους
1664 1866 1764 1935 τῆς
1788 1867 2038 1938 γλώσσης
2074 1844 2114 1898 Β

458 1944 820 2034 ἀναστροφὰς,
865 1948 931 2014 ἃς
973 1955 1206 2006 ποιεῖται
1255 1953 1380 2008 ἄλλο
1424 1974 1484 2008 τε
1529 1959 1668 2011 κατὰ
1716 1959 1842 2013 ἄλλο
1877 1962 2040 2034 μέρος

451 2031 678 2104 ἑαυτῆς,
718 2037 752 2107 ἢ
789 2041 899 2102 τοῖς
941 2039 1148 2093 ὀδοῦσιν
1199 2043 1230 2114 ἢ
1283 2047 1345 2115 τῇ
1391 2047 1616 2118 ὑπερῷα
1665 2050 1724 2101 τὸ
1770 2050 1834 2102 δι’
1870 2031 2041 2122 αὐτῆς

459 2125 653 2195 παριὸν
700 2128 918 2198 πνεῦμα
965 2136 1458 2206 παρατραχύνουσά
1509 2159 1645 2204 πως,
1696 2144 1727 2214 ἢ
1773 2146 2039 2214 παραθλί-

455 2214 648 2272 δουσα.
701 2219 950 2274 Συντελεῖ
978 2223 1034 2275 δέ
1080 2243 1131 2276 τι
1172 2228 1264 2280 καὶ
1387 2231 1495 2283 τῶν
1525 2234 1714 2303 χειλῶν
1748 2236 2039 2307 ὑπουργία,

457 2307 517 2360 ἑν
544 2307 786 2381 διαφόρῳ
808 2311 886 2381 τῷ
914 2315 1010 2384 τῆς
1039 2319 1302 2386 κινήσεως
1343 2322 1528 2392 τρόπῳ
1554 2326 1811 2390 ποικίλως
1856 2346 2040 2397 συνεφι

463 2401 746 2472 απτομένη
781 2402 876 2454 τοῦ
899 2404 1158 2474 φθόγγου,
1202 2413 1296 2462 καὶ
1323 2412 1414 2464 τὸν
1443 2415 1550 2466 τῶν
1586 2418 1845 2486 ῥημάτων
1873 2420 2041 2472 τύπον

458 2492 955 2560 συναπαρτίζουσα.
1007 2497 1069 2548 Ei
1101 2500 1275 2552 τοίνυν
1321 2504 1348 2554 ὁ
1377 2503 1505 2566 Θεὸς
1540 2505 1609 2557 τά
1657 2509 1895 2578 ὀνόματα
1928 2517 2040 2576 τοῖς

459 2580 748 2673 πράγμασι
781 2583 1006 2651 τίθεται,
1035 2587 1215 2652 καθὼς
1248 2591 1276 2643 ὁ
1305 2593 1422 2655 νέος
1474 2596 1570 2666 τῆς
1611 2597 1760 2662 θείας
1803 2601 2042 2673 ἱστορίας

454 2669 729 2742 ἐξηγητὴς
751 2673 1065 2746 διεσάφησε,
1092 2678 1328 2751 βλάστην
1355 2685 1447 2735 καὶ
1466 2683 1714 2756 βοτάνην,
1737 2689 1830 2741 καὶ
1864 2669 2036 2756 ξύλον,

459 2764 554 2814 καὶ
583 2764 794 2833 καρπὸν
835 2767 1137 2837 ὀνομάζων,
1173 2772 1387 2844 ἀνάγκη
1424 2779 1571 2830 πᾶσα
1607 2781 1680 2850 μὴ
1712 2780 1887 2847 ἄλλως
1920 2787 2042 2839 τού-

458 2870 566 2907 των
600 2856 828 2912 έκαστον
869 2863 1042 2914 εἰπεῖν
1086 2866 1268 2932 αὑτὸν,
1321 2868 1353 2939 ἤ
1399 2871 1474 2933 ὡς
1505 2873 1742 2942 λέγεται,
1775 2878 1916 2932 κατά
1941 2882 2040 2945 τάς

457 2945 566 2996 τῶν
606 2947 882 3002 συλλαϐῶν
918 2968 1058 3022 φημι
1106 2956 1442 3025 συμπλοκάς,
1479 2955 1552 3014 ὧν
1583 2966 1634 3016 αἱ
1671 2966 1767 3035 μὲν
1798 2968 1884 3021 διά
1925 2987 2040 3039 χει-

457 3036 586 3100 λῶν,
634 3041 688 3090 αἱ
733 3040 787 3092 δὲ
819 3041 907 3094 διὰ
935 3043 1204 3116 γλώσσης,
1255 3052 1308 3102 αἱ
1340 3051 1394 3102 δὲ
1427 3051 1490 3104 δι’
1522 3055 1797 3127 ἑκατέρων
1839 3036 2039 3114 ἀποτυ-

2149 601 2256 646 tata
2297 594 2647 651 formantem.
2683 597 2741 652 Si
2799 601 2966 670 igitur
2993 601 3097 656 hoc
3151 602 3485 673 intelligitet
3531 606 3722 670 sentit,

2143 685 2370 738 omnino
2399 702 2520 756 quze
2568 688 2653 743 bis
2695 699 3066 746 consentanea
3122 702 3252 747 sunt
3295 701 3350 748 et
3389 702 3724 764 sequuntur,

2147 791 2255 828 non
2279 777 2521 845 negabit.
2586 776 2783 834 Noster
2832 781 2978 835 enim
3037 796 3218 836 sermo
3268 799 3366 853 per
3424 783 3725 854 particulas

2143 869 2577 936 pronuntiationi
2613 871 2916 928 servientes
2945 873 3241 943 profertur,
3283 875 3567 936 arteriam,
3614 875 3722 929 linv

2144 975 2328 1030 gnam,
2372 960 2585 1025 dentes,
2637 980 2723 1028 os,
2768 964 3061 1034 adjuvante
3107 967 3172 1019 ad
3225 967 3723 1036 pronuntiationem

2144 1053 2290 1139 acris
2323 1061 2501 1139 tractu
2528 1063 2582 1110 et
2628 1057 2888 1139 interiore
2936 1059 3152 1128 spiritu.
3201 1061 3413 1114 Arteria
3460 1060 3602 1114 enim
3656 1059 3726 1112 ab

2143 1137 2253 1189 imo
2290 1138 2449 1192 nobis
2488 1137 2727 1193 succinit
2770 1141 3056 1210 cujusdam
3107 1143 3253 1196 tibia:
3301 1144 3476 1197 instar
3514 1144 3723 1212 gutturi

2145 1234 2576 1288 accommodata.
2601 1233 2848 1288 Palatutn
2864 1250 2992 1290 vero
3011 1252 3106 1306 per
3121 1235 3525 1304 supcrpositam
3549 1235 3697 1288 inani
3711 1265 3726 1278 ι

2143 1329 2310 1376 tatem
2341 1322 2403 1376 ad
2445 1338 2605 1376 nares
2633 1332 3006 1392 penetrantem
3054 1326 3197 1378 velut
3245 1326 3374 1396 lyr-.e
3403 1325 3729 1395 liemispbze-

2145 1411 2284 1464 rium
2321 1427 2351 1466 e
2397 1413 2682 1482 superiore
2715 1414 2838 1465 loco
2873 1429 3058 1466 vocem
3110 1429 3245 1468 sono
3288 1415 3476 1467 dilatat
3509 1431 3522 1466 ι
3562 1415 3727 1482 quin-

2143 1504 2305 1557 etiam
2332 1519 2482 1572 gena:
2511 1519 2815 1559 sermonem
2842 1505 3103 1574 adjuvant
3134 1521 3229 1572 per
3251 1507 3512 1574 quasdam
3531 1506 3726 1558 articu-

2146 1597 2318 1649 lorum
2356 1597 2734 1657 formationes,
2765 1597 2893 1650 dum
2929 1606 3194 1650 cavantur
3223 1609 3276 1650 ct
3307 1598 3624 1658 dilatantur,
3661 1614 3726 1650 ac

2143 1706 2337 1745 rursus
2392 1705 2488 1758 per
2523 1698 2814 1759 angustum
2862 1690 3228 1759 propellentes
3278 1706 3471 1743 sonum
3528 1705 3726 1743 secun—

2145 1784 2271 1835 dmu
2333 1781 2687 1835 multitnodas
2730 1782 2925 1852 linguzc
2957 1783 3366 1842 conversiones.
3415 1798 3556 1851 quas
3597 1781 3727 1835 facit

2145 1876 2252 1928 alia
2278 1884 2442 1944 atque
2466 1875 2571 1928 alia
2607 1874 2693 1929 sui
2723 1885 2897 1944 parte,
2935 1875 3019 1928 vel
3071 1873 3352 1938 dentibus,
3406 1876 3486 1928 vel
3522 1874 3724 1942 palato,

2145 1967 2399 2035 spiritum
2430 1982 2526 2036 per
2550 1983 2668 2020 eam
2705 1973 3118 2037 praetereuntem
3142 1967 3544 2036 quodannnodo
3567 1980 3728 2019 exas-

2145 2076 2344 2130 perans
2371 2070 2424 2113 et
2473 2067 2738 2112 atterens.
2773 2057 3000 2112 Confert
3050 2068 3232 2111 autem
3289 2057 3497 2126 aliquid
3550 2057 3725 2110 labio-

2145 2169 2266 2206 rum
2309 2152 2701 2214 ministerium,
2728 2150 3012 2205 differente
3061 2151 3320 2203 motionis
3381 2147 3542 2202 modo
3580 2149 3726 2201 varie

2144 2253 2495 2299 contrectans
2531 2259 2745 2307 sonum,
2785 2259 2846 2296 ac
2893 2242 3183 2296 verborum
3237 2242 3464 2294 formam
3503 2254 3726 2308 compo-

2145 2354 2302 2392 nens.
2326 2337 2381 2390 Si
2405 2336 2570 2406 igitur
2591 2334 2732 2389 Deus
2762 2336 2924 2389 rebus
2946 2334 3166 2387 nomina
3201 2334 3449 2400 imponit,
3473 2332 3615 2384 sicut
3637 2330 3726 2383 hic

2145 2447 2319 2484 novus
2348 2430 2546 2483 divina:
2573 2428 2813 2483 historiae
2829 2428 3105 2494 expositor
3133 2425 3725 2493 explanavit,germen,

2145 2522 2366 2575 herbam
2392 2529 2445 2574 et
2472 2519 2677 2589 lignum
2704 2527 2758 2571 et
2784 2515 3020 2571 fructum
3051 2516 3339 2569 llOllllllzltls
3358 2531 3370 2567 :
3391 2513 3613 2565 omnino
3637 2527 3728 2563 ne-

2144 2634 2299 2672 cesse
2336 2623 2420 2670 est;
2450 2631 2559 2668 non
2591 2614 2746 2667 aliter
2786 2612 2980 2666 horum
3025 2611 3265 2681 quidque
3313 2612 3488 2678 ipsum
3519 2609 3726 2661 dixisse

2144 2725 2304 2779 quam
2325 2707 2624 2763 secundum
2642 2705 2974 2776 syllabarum
2993 2704 3332 2772 complexus.
3355 2716 3585 2769 quarmn
3606 2700 3724 2754 alite

2144 2821 2239 2873 per
2275 2802 2446 2865 labra,
2471 2800 2589 2854 alia:
2613 2815 2706 2869 per
2733 2799 2996 2866 linguam,
3029 2796 3148 2850 alia:
3187 2811 3276 2864 per
3302 2804 3530 2860 utraque
3559 2790 3724 2845 cﬂ‘or-

2143 2901 2382 2946 mantur.
2423 2892 2479 2944 Si
2530 2890 2694 2959 igitur
2718 2904 2827 2942 non
2864 2887 3016 2941 aliter
3058 2886 3402 2940 enuntiatum
3439 2883 3598 2935 fuerit
3627 2898 3726 2933 no-

2143 3001 2286 3046 men,
2348 2984 2452 3036 nisi
2503 2989 2688 3052 partes
2747 2981 2868 3033 voci
2913 2979 3274 3033 inservienles
3337 2992 3428 3044 per
3483 2975 3720 3041 aliquem

2145 3089 2348 3132 motum
2381 3076 2620 3146 syllabas
2641 3082 2695 3125 et
2723 3076 3025 3126 orationem
3061 3069 3490 3129 elformaverint,
3541 3065 3720 3117 otnm-

534 3130 682 3164 Πυρη-
740 3133 799 3164 ‘7:
832 3131 924 3164 οέῖ..
945 3139 1040 3164 λλ..
1077 3138 1137 3164 2‘...
1172 3142 1252 3164 1-1
1272 3161 1307 3164 ,Α
1328 3163 1333 3164 ,
1355 3161 1368 3164 Α
1401 3145 1412 3164 2

458 3133 706 3188 ⁸ιτοῦνται.
740 3133 801 3186 Εἰ
832 3133 924 3188 οὖν
944 3139 1043 3190 ούκ
1073 3138 1137 3192 ἂν
1169 3142 1369 3212 ἑτέρως
1398 3145 1734 3220 έκφωνηθείη
1761 3151 1820 3204 τὸ
1847 3153 2036 3224 ὄνομα,

2146 3188 2216 3224 no
2251 3170 2365 3222 ba-e
2400 3167 2509 3221 Deo
2562 3166 2771 3234 adjicit,
2800 3172 2854 3218 et
2908 3169 3128 3234 propter
3155 3160 3419 3214 orationis
3469 3171 3728 3211 necessa-

463 3224 538 3293 μὴ
568 3242 675 3276 των
721 3230 1042 3298 φωνητικῶν
1073 3235 1274 3302 μορίων
1302 3236 1388 3289 διά
1423 3238 1522 3308 τῆς
1563 3244 1723 3305 ποιᾶς
1775 3249 2040 3315 κινήσεως

459 3317 882 3384 ἀπο-γεννώντων
909 3323 1006 3386 τάς
1049 3325 1317 3391 συλλαϐάς
1349 3330 1443 3381 καὶ
1480 3331 1570 3384 τὸν
1613 3333 1788 3402 λόγον,
1823 3340 2040 3400 πάντως

455 3407 540 3459 ὅτι
587 3410 679 3461 καὶ
731 3410 902 3464 ταῦτα
936 3415 1256 3487 προστίθησι
1292 3418 1370 3489 τῷ
1403 3421 1540 3492 Θεῷ,
1568 3425 1660 3476 καὶ
1698 3426 1785 3480 διὰ
1816 3429 1913 3499 τὴν
1946 3432 2039 3485 τοῦ

461 3497 618 3566 λόγου
649 3503 837 3572 χρείαν
865 3504 1285 3578 διασχηματίσει
1331 3512 1392 3564 τὸ
1431 3512 1605 3570 Θεῖον.
1655 3517 1718 3570 Ἢ
1760 3497 1880 3592 γάρ
1912 3523 2040 3577 ποιά

460 3589 570 3641 τῶν
609 3591 708 3661 τὴν
751 3594 934 3664 φωνὴν
982 3598 1340 3654 ὲκτελούντων
1389 3605 1590 3674 μορίων
1635 3589 1942 3677 διάπλασις,
1983 3617 2040 3668 ἐν

462 3683 703 3752 σχήματι
749 3686 969 3749 πάντως
1014 3689 1162 3741 ἐστί’
1214 3695 1399 3762 σχῆμα
1430 3695 1508 3760 δὲ,
1549 3696 1797 3768 σώματος
1824 3704 1998 3775 πέρας
2024 3723 2037 3737 ·

464 3776 572 3826 πᾶν
620 3774 675 3828 δὲ
723 3775 882 3846 σῶμα
936 3779 997 3830 τὸ
1054 3780 1306 3836 σύνθετον
1355 3782 1493 3840 εἶναι
1540 3790 1599 3841 ού
1653 3774 2036 3863 διαπέφευγεν.

463 3865 638 3918 ’Ὅπου
685 3867 742 3919 δὲ
783 3867 1065 3939 θεωρεῖται
1097 3873 1362 3942 σύνθεσις,
1411 3880 1528 3931 ἐκεῖ
1564 3883 2041 3954 καταλαμϐάνεται

462 3959 678 4022 πάντως
704 3961 795 4013 καὶ
825 3963 857 4033 ἡ
881 3962 975 4014 τοῦ
1010 3965 1262 4019 συνθέτου
1290 3969 1554 4035 διάλυσις.
1603 3975 1663 4026 Ἡ
1691 3975 1746 4028 δὲ
1776 3977 2038 4044 διάλυσις,

457 4052 654 4105 ταύτὸν
707 4053 850 4107 κατὰ
899 4055 996 4126 τὴν
1027 4056 1232 4113 ἔννοιάν
1286 4063 1401 4116 ἐστι
1454 4068 1518 4137 τῇ
1570 4068 1788 4139 φθορά·
1848 4073 2044 4128 οὐκοῦν

457 4144 618 4198 τοῦτο
649 4146 747 4216 τῆς
780 4146 900 4200 καθ’
931 4149 1086 4220 ἡμῶν
1117 4151 1272 4224 νίκης
1300 4155 1378 4227 τῷ
1399 4157 1722 4233 λογογράφῳ
1754 4165 1814 4218 τὸ
1846 4167 2040 4238 πέρας,

459 4236 520 4289 τὸ
549 4236 716 4303 δεῖξαι
741 4239 832 4291 τὸν
867 4239 996 4295 ἴδιον
1024 4243 1217 4297 ἑαυτοῦ
1249 4246 1400 4314 Θεὸν,
1436 4251 1494 4303 ὃν
1523 4253 1611 4306 διά
1652 4257 1746 4310 τοῦ
1781 4236 2045 4330 ὀνόματος

456 4327 562 4428 τῆς
589 4330 915 4428 ἀγεννησίας
957 4334 1250 4402 ἀνέπλασε,
1285 4339 1653 4414 φθεγγόμενον
1687 4350 1809 4419 μὲν,
1857 4327 1941 4408 ἵνα
1969 4357 2044 4428 μὴ

460 4421 742 4495 ἀμοιρήσῃ
767 4424 867 4494 τῆς
897 4424 1007 4478 τῶν
1041 4429 1320 4498 ὀνομάτων
1349 4435 1620 4505 εὑρέσεως
1653 4458 1667 4471 ·
1714 4421 2046 4515 σχηματιζόί

463 4529 622 4582 μενον
667 4513 726 4566 δὲ
769 4518 881 4579 τοῖς
913 4525 1240 4590 φωνητικοῖς
1287 4525 1524 4594 μέλεσιν,
1568 4531 1654 4584 ἵνα
1695 4533 1764 4586 τά
1804 4513 2042 4608 όνόματα

2147 3266 2285 3316 rium
2335 3276 2492 3315 usum
2522 3258 2692 3312 Deum
2740 3257 2906 3311 etiam
2952 3253 3222 3326 ligurabit.
3275 3250 3404 3304 Nam
3474 3249 3728 3319 qua'lilie‘.

2145 3355 2379 3423 partium
2409 3366 2596 3408 vocem
2631 3347 3032 3419 perficientium
3077 3345 3464 3401 conformatio,
3500 3355 3728 3411 prorsus

2145 3447 2200 3501 in
2255 3450 2424 3514 figura
2457 3450 2579 3509 est;
2636 3441 2809 3511 ﬁgura
2860 3447 3062 3503 autem,
3102 3437 3351 3505 corporis
3414 3433 3724 3488 terminus:

2144 3555 2306 3592 omne
2337 3552 2464 3591 vero
2489 3551 2690 3604 corpus
2722 3533 3086 3603 compositum
3113 3545 3236 3585 esse
3273 3545 3380 3582 non
3413 3529 3566 3598 fugit.
3626 3525 3727 3580 Ubi

2145 3640 2325 3684 autem
2367 3629 2614 3684 cernitur
2647 3624 2992 3694 compositio,
3036 3623 3108 3676 ibi
3147 3622 3312 3676 etiam
3338 3621 3559 3674 Omnino
3579 3633 3728 3671 com-

2144 3724 2308 3794 pusili
2356 3719 2646 3776 dissolutio
2691 3715 3207 3787 comprehenditur;
3249 3713 3541 3768 dissolutio
3600 3726 3730 3764 vero

2146 3816 2447 3871 secundum
2481 3811 2730 3865 notitiam
2764 3809 2906 3863 idem
2956 3816 3040 3862 est
3063 3823 3188 3860 eum
3218 3806 3463 3860 interitu.
3498 3804 3594 3856 llic
3627 3803 3730 3870 igi—

2148 3914 2236 3957 tur
2260 3902 2504 3956 victoriaz
2551 3907 2743 3961 contra
2778 3913 2878 3952 nos
2906 3896 3160 3967 scriptori
3207 3894 3497 3957 terminus,
3529 3902 3585 3944 ut
3628 3893 3728 3943 de~

2148 4005 2417 4053 monstret
2452 4010 2609 4048 suum
2635 3992 2828 4055 Deum,
2853 4006 3012 4061 quem
3054 4005 3150 4060 per
3181 4005 3378 4043 nomen
3403 3985 3728 4056 ἀγεννησίαν

2145 4087 2430 4152 confinxit,
2464 4086 2774 4155 loquentem
2819 4083 3062 4154 quidem,
3095 4097 3163 4136 ne
3214 4081 3497 4133 nominum
3539 4077 3728 4130 inven-

2146 4188 2296 4238 tione
2326 4186 2529 4245 careat,
2584 4178 2844 4234 membris
2876 4177 3042 4231 etiam
3081 4175 3362 4229 vocalibus
3415 4176 3725 4243 lignratum,

2148 4286 2208 4332 ut
2242 4278 2534 4346 loquatur:
2567 4282 2776 4326 natura;
2804 4273 2968 4326 etiam
3005 4286 3307 4340 corporezc,
3349 4282 3569 4340 propter
3592 4269 3726 4338 ligu-

2147 4385 2336 4425 rarum
2378 4367 2787 4422 necessitatem.
2819 4379 2928 4418 non
2974 4371 3289 4432 expertem;
3342 4379 3447 4414 non
3483 4363 3628 4416 enim
3668 4362 3725 4414 in

2150 4463 2330 4532 seipsa
2360 4460 2470 4514 ulla
2511 4459 2683 4528 ﬁgura
2713 4455 2948 4525 spectari
2986 4457 3179 4524 possit,
3235 4457 3338 4508 nisi
3387 4455 3441 4507 in
3495 4468 3726 4519 corpore

2154 4555 2313 4624 plane
2355 4551 2644 4614 formatur,
2699 4547 2960 4618 paulatim
2999 4556 3176 4602 autem
3211 4545 3607 4616 progrediendo
3657 4545 3724 4596 ad

478 4605 754 4641 ριηένζιήιρηί
779 4623 792 4637 ο
828 4611 926 4641 ραι
961 4610 1014 4641 π).
1044 4613 1134 4641 -ιῗῖ
1162 4615 1372 4641 -.¹.......-
1392 4637 1409 4641 _
1454 4621 1499 4641 -1

460 4604 759 4715 φθέγξηται
779 4623 792 4637 ·
828 4611 926 4680 τῆς
961 4610 1016 4664 δὲ
1044 4613 1136 4666 τοῦ
1160 4615 1410 4687 σώματος
1433 4621 1647 4690 φύσεως
1677 4626 1768 4680 διὰ
1806 4604 1910 4702 τὴν.
1929 4632 2038 4686 τῶν

2144 4643 2461 4715 congenitos
2519 4641 2764 4709 corporis
2827 4637 3074 4700 allectus,
3130 4652 3224 4705 per
3277 4636 3723 4703 compositionem

461 4698 761 4800 σχημάτων
799 4702 1075 4800 ἀνάγκην,
1132 4707 1232 4761 οὐκ
1273 4709 1519 4784 ἄμοιρον.
1581 4717 1654 4769 Οὐ
1705 4720 1813 4791 γὰρ
1852 4698 1920 4775 ἀν
1952 4727 2036 4794 ἐφ’

457 4790 653 4844 ἑαυτοῦ
692 4809 745 4846 τι
794 4793 1096 4870 θεωρηθείη
1142 4802 1328 4872 σχῆμα
1371 4806 1445 4876 μὴ
1482 4809 1541 4860 ἐν
1577 4790 1789 4882 σώματι
1821 4790 2038 4885 πάντως

2149 4739 2367 4810 quidt-zm
2430 4733 2498 4786 ad
2553 4732 2996 4791 dissolutionem,
3055 4730 3321 4800 pet-banc
3397 4729 3461 4780 ad
3533 4727 3724 4779 interi-

2143 4836 2256 4881 tum
2293 4825 2651 4884 desinentem.

491 4901 501 4916 ι
601 4889 624 4918 ς’
956 4890 970 4910 ν
1086 4891 1097 4908 '
1424 4900 1472 4913 *θ’

441 4899 824 4991 ξδξξοδμενονί
1016 4889 1194 4991 ὀλξγον
1221 4895 1277 4947 δὲ
1317 4913 1571 4991 προιοντα
1612 4907 1748 4974 πρὸς
1789 4911 1856 4963 τά
1891 4919 2116 4991 συμφυῆ
2148 4920 2240 4973 τοῦ
2277 4918 2525 4988 σώματος
2556 4913 2726 4983 πάθη,
2774 4911 2862 4965 διὰ
2895 4912 2992 4982 μὲν
3028 4910 3122 4963 τοῦ
3167 4909 3418 4962 συνθέτου
3460 4915 3592 4977 πρὸς
3624 4907 3722 4979 τὴν

457 4974 698 5073 διάλυσιν
733 4995 747 5008 ·
794 4978 892 5073 διά
921 4980 978 5032 δὲ
1005 4982 1209 5055 ταύτης
1234 4990 1313 5052 είς
1340 4990 1546 5063 φθοράν
1579 4974 1974 5073 καταλήγονταξ

529 5068 768 5168 Ίίοιαύτη
801 5070 895 5168 τοῦ
927 5077 1236 5146 προσφάτου
1261 5080 1396 5135 Θεοῦ
1422 5087 1454 5155 ή
1487 5087 1646 5156 φύσις
1671 5068 1881 5168 διά-τῆς
1913 5101 2042 5155 ἀκο-

458 5157 672 5225 λουθίας
700 5161 808 5215 τῶν
831 5165 1140 5237 εἰρημένων
1165 5171 1270 5223 ὑπὸ
1290 5174 1382 5226 τοῦ
1415 5178 1536 5231 νέου
1570 5180 1817 5237 θεοποιοῦ
1837 5157 2041 5243 ’ἀναπέ-

459 5269 646 5323 φηνεν.
685 5255 846 5346 ᾊλλὰ
872 5258 1328 5332 ἀντιλαμϐάνεται
1356 5270 1464 5322 τῶν
1495 5278 1915 5346 γεγραμμένων,
1944 5283 2038 5335 καί

458 5359 589 5437 φησι
614 5345 786 5400 ταῦτα
815 5350 907 5403 τὸν
938 5353 1139 5408 Μωσέα
1167 5357 1462 5431 διαρρήδην
1487 5363 1616 5437 βοᾷν
1639 5383 1652 5398 ’
1682 5345 1775 5423 γὸτι
1793 5369 1978 5426 Εἶπεν
2003 5373 2035 5427 ὁ

458 5435 632 5532 Θεόςέ
654 5440 746 5491 καὶ
765 5443 1085 5516 προστίθησι
1108 5447 1176 5502 τὰ
1196 5452 1440 5523 ῥήματα,
1467 5456 1525 5509 τὸ
1547 5435 1864 5531 Γενηθήτω
1883 5465 2032 5532 φῶς,

455 5527 553 5583 καὶ
583 5527 901 5622 Γενηθήτω
926 5539 1246 5610 στερέωμα,
1282 5547 1374 5598 καὶ
1406 5527 1778 5622 Συναχθήτω
1795 5555 1868 5609 τὰ
1884 5527 2033 5611 ’ῦδᾷζ

457 5635 548 5686 ta,
584 5620 678 5675 καὶ
715 5625 977 5694 Ὀφθήτω
1008 5631 1046 5698 ἡ
1083 5634 1254 5705 ξηρὰ,
1293 5641 1386 5694 καὶ
1418 5620 1826 5713 Βλαστηιτάτω
1863 5651 1900 5719 ἡ
1929 5649 2030 5720 γῆ,

525 5799 577 5832 ³⁸
605 5800 718 5858 Gen
792 5819 822 5872 ',
855 5807 911 5860 5.
945 5822 1072 5882 sqq.

2216 5103 2364 5158 Talis
2394 5103 2560 5172 igitur
2613 5099 2734 5154 novi
2768 5097 2859 5152 Dei
2892 5103 3089 5151 natura
3155 5112 3221 5150 ex
3269 5094 3540 5150 dictorum
3585 5109 3722 5148 con-

2140 5196 2426 5250 SBCIIllOIIe
2477 5193 2546 5246 ab
2601 5194 2703 5246 lIOC.
2766 5205 2906 5243 novo
2955 5187 3048 5244 Dei
3076 5189 3264 5242 lictore
3294 5186 3568 5256 apparuit.
3615 5185 3722 5240 Sed

2137 5286 2382 5340 vindicat
2411 5286 2640 5354 scripta,
2656 5295 2709 5338 et
2726 5285 2926 5337 asserit
2947 5280 3152 5338 Mosem
3170 5290 3357 5351 aperte
3384 5281 3716 5336 clamare":

2139 5381 2283 5448 quod
2307 5378 2456 5436 Dixit
2483 5377 2625 5431 Deus
2645 5417 2660 5440 ,
2695 5386 2748 5429 et
2774 5375 2935 5428 verba
2965 5374 3182 5444 adjicit:
3208 5372 3331 5427 Fiat
3349 5375 3441 5428 lux
3459 5387 3565 5439 ,et,
3592 5372 3720 5427 Fiat

2141 5473 2556 5540 ﬁrmamentum,
2576 5476 2650 5532 et,
2675 5467 3133 5537 Caganmr'aquw,
3152 5477 3226 5531 et,
3247 5468 3515 5535 Appareat
3533 5463 3713 5526 arida,

2139 5570 2213 5624 et,
2249 5560 2513 5615 Carmine:
2552 5570 2716 5624 terra,
2768 5570 2841 5625 et,
2885 5558 3194 5613 Producant
3239 5574 3409 5627 aqum,
3441 5565 3496 5611 et
3531 5557 3714 5612 omnia

2139 5668 2259 5722 qua:
2307 5652 2565 5724 deinceps
2620 5651 2957 5707 scribuntur.
3015 5649 3379 5718 Quamobrem
3434 5648 3710 5705 dictorum
