4146 6386
421 440 522 496 9i!)

1653 436 1712 490 S.
1738 433 2066 492 CllEGORIl
2092 432 2386 490 NYSSEM

3583 388 3688 488 580

414 555 830 625 hi‘elligentiam
894 553 1296 610 examinemus.
1355 554 1492 620 Quis
1552 555 1626 609 ita
1678 555 1912 610 stolidus
1942 564 2027 613 et.

2129 555 2192 608 ιαὶ
2237 554 2598 625 Ἐξαγιιγέτω
2629 554 2702 615 τὰ
2733 553 2945 618 ὕδατα,
2981 553 3076 607 καὶ
3107 553 3286 607 πάντα
3325 553 3423 614 ὅσα
3454 551 3688 622 καθεῇις

415 664 628 709 uecors,
680 648 775 718 qui
828 649 1039 703 nesciat
1096 648 1341 708 auditum
1387 657 1443 702 et
1487 663 1797 702 sermonem
1845 659 2004 702 natu-

419 739 590 791 ralem
655 738 801 792 inter
829 754 889 793 se
947 739 1149 792 habere
1188 739 1547 804 relationem;
1605 754 1705 793 nec
1759 739 2003 794 auditum

424 843 584 896 posse
631 829 780 899 fungi
829 845 932 884 suo
984 845 1213 884 munere
1263 831 1413 883 nullo
1453 831 1728 900 loquente,
1779 847 1859 885 Sic
1908 846 2007 885 nec

425 935 734 973 sermonem
768 920 1039 975 enicacem
1075 936 1200 976 esse
1227 922 1320 990 qui
1355 938 1464 975 non
1499 923 1562 976 ad
1595 921 1841 976 auditum
1874 923 2010 977 diri-

429 1013 619 1078 gitur?
659 1011 716 1065 Si
786 1013 955 1083 igitur
1009 1016 1208 1069 asserit
1263 1013 1433 1067 Deum
1483 1015 1708 1080 dixisse,
1759 1017 2012 1070 ostendat

433 1105 592 1158 nobis
626 1106 789 1159 etiam
811 1107 1053 1159 auditum
1095 1107 1355 1180 adquem
1389 1108 1561 1175 dixit;
1603 1122 1669 1162 an
1696 1108 1760 1162 ad
1792 1125 1851 1164 se
1896 1110 2012 1164 haec

431 1197 621 1248 dicere
660 1197 1046 1266 rcSpondebit?
1079 1197 1219 1267 Ergo
1247 1198 1350 1251 sibi
1402 1198 1505 1267 ipsi
1537 1198 1846 1267 imperabit,
1897 1199 2012 1252 lucc

427 1287 651 1356 jubens.
705 1287 910 1357 Ecquis
965 1289 1068 1343 lioc
1123 1289 1394 1360 probabit,
1439 1289 1605 1343 Deum
1635 1289 1825 1344 sedere
1866 1289 2012 1359 quod

435 1381 705 1450 agendum
738 1389 820 1436 cst
839 1381 940 1436 sibi
968 1381 1346 1450 imperantem,
1379 1389 1502 1434 etse
1519 1381 1765 1434 ministro
1790 1379 2015 1434 manda-

435 1483 615 1527 torum
644 1483 696 1526 et
721 1482 1044 1529 exsecutore
1063 1473 1343 1527 utentem?
1371 1471 1524 1538 Quod
1542 1473 1587 1527 si
1606 1474 1730 1543 quis
1748 1472 1850 1527 hoc
1863 1473 2014 1543 pium

437 1580 560 1620 esse
611 1565 794 1620 d'cere
841 1566 1198 1632 concesserit,
1237 1566 1362 1635 quis
1409 1569 1464 1619 in
1493 1565 1676 1635 scipso
1729 1567 1912 1621 verbis
1961 1574 2016 1620 et

438 1658 785 1712 sermonibus
825 1657 1136 1727 indiguerit,
1176 1658 1426 1728 quamvis
1461 1657 1624 1710 homo
1656 1658 1767 1711 sit?
1805 1657 2018 1727 Cuiqne

437 1747 584 1800 enim
620 1749 821 1802 mentis
865 1749 1088 1821 agitatio
1131 1749 1331 1804 sullicit
1380 1749 1446 1802 ad
1493 1748 1775 1803 electionis
1821 1749 2018 1818 impul-

439 1836 651 1890 sionem
683 1837 1051 1891 excitandam.
1087 1836 1193 1892 Sed
1225 1854 1348 1892 cum
1394 1837 1532 1890 Filio
1575 1837 1844 1891 disserere
1890 1852 2018 1907 pro-

438 1927 526 1979 cul
551 1926 715 1979 dubio
739 1927 902 1980 dicet.
931 1927 991 1980 Et
1014 1927 1143 1996 quid
1174 1942 1312 1997 Opus
1334 1936 1452 1982 erat
1477 1927 1544 1980 ad
1571 1927 1673 1980 lioc
1699 1928 1863 1981 voce?
1889 1905 2017 1997 pro-
2050 1905 2090 1960 Β

437 2017 617 2087 prium
664 2018 808 2071 cnim
860 2033 1136 2087 corporea:
1182 2025 1389 2072 naturae
1469 2033 1564 2086 per
1610 2018 1776 2071 verba
1833 2018 2018 2071 cordis

439 2110 556 2164 sive
594 2110 760 2163 animi
794 2127 956 2165 sensa
995 2111 1302 2164 enuntiare.
1359 2111 1514 2165 Unde
1555 2111 1719 2166 etiam
1764 2112 2021 2181 aequipol-

439 2205 560 2258 lens
591 2204 712 2258 usui
762 2204 911 2258 vocis
944 2219 1037 2271 per
1073 2204 1284 2257 litteras
1316 2202 1538 2256 inventa
1571 2211 1655 2257 est
1680 2202 1974 2256 dcclaratio
2003 2221 2015 2256 :

440 2311 505 2348 ex
535 2311 693 2363 :equo
723 2295 868 2348 enim
911 2296 1195 2365 loquentes
1233 2303 1286 2348 et
1328 2294 1631 2348 scribentes
1662 2295 1807 2362 quod
1839 2304 2021 2350 mente

442 2397 766 2457 conceptum
813 2397 896 2441 est
939 2370 1358 2453 eiiimtiamusa
1391 2386 1485 2440 sed
1535 2402 1725 2440 eorum
1777 2386 1869 2455 qui
1910 2403 2019 2439 non

443 2479 602 2534 Valde
634 2479 860 2541 distant,
896 2495 1026 2531 voce
1057 2479 1304 2532 auditum
1349 2479 1730 2552 pertingimus,
1765 2479 1830 2532 ad
1860 2479 2021 2548 longe

445 2573 697 2627 absentes
752 2573 945 2633 litteris
991 2573 1315 2626 sententiam
1368 2572 1734 2632 declaramus,
1784 2571 1851 2625 iis
1893 2586 2021 2626 vero

445 2664 538 2731 qui
579 2675 876 2732 praesentes
920 2665 1144 2728 adsunt,
1197 2679 1296 2733 pro
1348 2666 1557 2717 ratione
1594 2663 1889 2726 distantias,
1938 2663 2023 2716 vel

446 2759 597 2807 vocis
638 2768 822 2808 tonum
856 2757 1212 2817 intendimus,
1242 2756 1326 2809 vel
1353 2755 1684 2810 remittimus
1711 2772 1723 2808 :
1747 2754 2021 2808 interdum

448 2849 611 2900 etiam
643 2850 759 2901 solo
791 2857 945 2914 nutu,
986 2849 1115 2917 quid
1150 2847 1415 2918 agendum
1460 2848 1554 2912 sit,
1608 2847 1693 2900 liis
1734 2847 1826 2914 qui
1857 2861 2024 2915 prope

447 2950 578 2995 sunt
609 2943 1008 3011 signiﬁcamus,
1051 2950 1104 2997 et
1136 2942 1281 3010 quod
1316 2943 1369 2994 in
1402 2941 1588 2994 animo
1619 2947 1703 2994 cst
1734 2941 2024 2994 consilium

450 3033 833 3102 patel‘acimus,
869 3045 922 3088 et
959 3036 1152 3088 oculus
1199 3033 1288 3086 tali
1341 3031 1748 3102 quodammodo
1799 3031 2026 3086 alii-ctus

450 3126 734 3189 indicavit,
797 3134 853 3178 et
905 3141 1097 3180 manus
1143 3123 1390 3193 quredam
1443 3125 1614 3177 motio
1660 3138 1774 3176 rem
1817 3130 2025 3190 gestam

2105 652 2540 722 ἀναγέγραπται.
2600 649 2810 703 Οὐκοῦν
2851 646 3196 716 ἐξετάσωμεν
3246 645 3345 716 τὴν
3388 644 3498 697 τῶν
3541 647 3690 715 εἰρη-

2110 743 2285 813 μένων
2305 743 2562 801 διάνοιαν.
2597 742 2692 805 Τίς
2720 743 2820 794 οὐκ
2844 737 2949 794 οἶδε
2972 739 3066 792 καὶ
3090 736 3198 790 τῶν
3235 736 3429 808 κομιδῆ
3457 736 3686 806 νηπίων,

2107 839 2189 890 δτι
2235 836 2469 907 φυσικὴν
2515 835 2630 906 ἔχει
2683 835 2820 906 πρὸς
2872 832 3077 903 ἄλληλα
3112 831 3296 901 σχέσιν
3328 831 3464 900 ἀκοή
3498 846 3558 881 τε
3598 829 3690 882 καὶ

2107 929 2284 996 λόγος,
2335 929 2430 981 καὶ
2471 929 2546 990 ὡς
2587 928 2686 980 οὐκ
2719 926 2866 979 ἔστιν
2908 925 3078 994 ἀκοὴν
3122 923 3415 994 ἐνεργῆσαι
3466 919 3691 992 μηδενὸς

2110 1019 2506 1090 φθεγγομένου,
2527 1019 2698 1081 οὕτως
2725 1018 2843 1072 οὐδὲ
2865 1017 3022 1085 λόγον
3044 1016 3262 1087 ἐνεργὸν
3292 1008 3428 1067 εἶναι
3455 1012 3530 1083 μὴ
3555 1011 3690 1083 πρὸς

2111 1109 2281 1182 ἀκοὴν
2297 1109 2674 1179 εὐθυνόμενον,
2697 1109 2758 1162 Ei
2780 1105 2872 1162 οὖν
2893 1107 3039 1176 λέγει
3056 1107 3116 1159 τὸ
3137 1105 3416 1177 εἰρηκέναι
3434 1104 3524 1156 τὸν
3537 1103 3687 1164 Θεὸν,

2114 1201 2444 1266 ὑποδειξάτω
2472 1202 2603 1270 ἡμῖν
2633 1200 2728 1252 καὶ
2756 1200 2853 1271 τὴν
2888 1199 3055 1270 ἀκοὴν
3079 1197 3215 1269 πρὸς
3241 1199 3305 1266 ἣν
3337 1197 3578 1268 εἴρηκεν.
3621 1195 3690 1246 Ἣ

2114 1293 2252 1363 πρὸς
2307 1294 2497 1347 ἐαυτὸν
2544 1293 2716 1346 ταῦτα
2766 1293 2945 1360 λέγειν
2995 1291 3206 1360 φησίν;
3262 1287 3470 1342 Οὐκοῦν
3516 1285 3696 1360 ἐαυτῷ

2114 1384 2446 1455 προστάσσει
2475 1383 2648 1438 ταῦτα
2683 1383 3123 1454 ἐγκελευόμενος.
3171 1382 3282 1435 Καὶ
3312 1379 3394 1443 τίς
3419 1379 3582 1432 τοῦτο
3609 1378 3692 1439 8“,-

2117 1476 2266 1542 ξεται
2297 1475 2568 1546 καθῆσθαι
2593 1475 2684 1528 τὸν
2711 1474 2841 1528 Θεὸν
2873 1474 2934 1527 τδ
2965 1472 3236 1545 πρακτέον
3267 1469 3458 1524 ἐαυτοῦ
3486 1468 3696 1522 διατάτο

2116 1586 2299 1631 τοντα,
2350 1568 2444 1620 καὶ
2495 1564 2672 1635 ἐαυτῷ
2705 1565 2934 1634 διακόνῳ
2962 1563 3070 1624 τῶν
3123 1561 3558 1638 προσταγμάτων
3601 1561 3698 1622 καὶ

2118 1660 2367 1732 ὑπηρέτῃ
2410 1657 2724 1730 χρώμενον;
2786 1658 2848 1709 Εἰ
2894 1655 2953 1709 δὲ
2997 1656 3093 1709 καὶ
3129 1653 3287 1706 τοῦτο
3319 1652 3434 1723 δοίη
3481 1669 3564 1714 τις
3602 1653 3696 1704 εύο

2117 1756 2245 1820 αγὲς
2275 1748 2413 1806 εἶναι
2436 1751 2634 1820 λέγειν,
2655 1750 2738 1814 τίς
2776 1751 2861 1819 ἐφ’
2885 1749 3076 1808 ἐαυτοῦ
3104 1746 3363 1819 ῥημάτων
3385 1743 3579 1816 ἐδεήθη
3603 1743 3700 1797 καὶ

2118 1846 2309 1914 λόγων,
2360 1842 2464 1898 κᾶν
2516 1841 2798 1914 ἄνθρωπος
2826 1837 2900 1914 ᾖς
2959 1841 3144 1910 Ἀρκεῖ
3191 1838 3301 1909 γὰρ
3350 1837 3566 1905 ἑκάστῳ
3601 1835 3700 1905 τῆς

2119 1937 2358 1998 διανοίας
2387 1938 2420 2006 ή
2474 1934 2688 2006 κίνησις
2735 1934 2835 2004 τὴν
2862 1933 2961 2003 τῆς
2988 1929 3358 2004 προαιρέσεως
3390 1927 3564 2000 ὁρμὴν
3602 1928 3703 1997 ἐμο

2121 2029 2366 2098 ποιῆσαι.
2412 2026 2572 2080 Ἀλλὰ
2611 2025 2691 2096 τῷ
2752 2024 2866 2096 Υίῷ
2907 2022 3250 2091 διαλέγεσθαι
3296 2021 3512 2082 πάντως
3565 2020 3699 2090 ἐρεῖ.

2119 2123 2230 2175 Καὶ
2252 2121 2336 2183 τίς
2363 2115 2431 2190 ἦν
2470 2117 2628 2189 χρεία
2660 2116 2799 2188 πρὸς
2839 2114 2996 2168 τοῦτο
3023 2114 3244 2183 φωνῆςς
3281 2111 3438 2171 Ἴδιον
3463 2109 3572 2187 γὰρ
3603 2109 3702 2178 τῆς

2121 2213 2435 2284 ἐνσωμάτου
2498 2211 2733 2281 φύσεως,
2767 2208 2828 2261 τὸ
2867 2207 2954 2260 διὰ
2984 2205 3242 2276 ῥημάτων
3273 2204 3611 2273 ἐξαγγέλλειν
3636 2204 3703 2258 τὰ

2120 2308 2218 2378 τῆς
2266 2305 2490 2376 καρδίας
2537 2305 2819 2373 νοήματα·
2877 2299 2998 2352 ὅθεν
3045 2299 3139 2352 καὶ
3205 2296 3599 2368 ίσοδυναμοῦσα
3637 2298 3703 2371 τῇ

2122 2399 2312 2469 χρήσει
2341 2397 2440 2467 τῆς
2475 2394 2679 2464 φωνῆς,
2705 2394 2736 2462 ἡ
2764 2391 2850 2445 διά
2895 2389 3002 2443 τῶν
3027 2388 3372 2460 γραμμάτων
3411 2385 3704 2457 ἐξεύρηται

2120 2489 2370 2558 δήλωσις.
2420 2487 2646 2556 Ἐπίσης
2675 2485 2782 2555 γὰρ
2805 2483 3163 2553 φθεγγόμενοί
3191 2499 3248 2534 τε
3267 2481 3360 2534 καὶ
3380 2480 3705 2550 γράφοντες,

2120 2580 2181 2632 τὸ
2212 2579 2402 2650 νοηθὲν
2449 2576 2865 2645 ἐξαγγέλλομεν.
2910 2574 3048 2626 Ἀλλ’
3085 2574 3176 2625 ἐπὶ
3205 2572 3303 2643 μὲν
3346 2573 3453 2624 τῶν
3479 2571 3554 2642 μὴ
3586 2569 3710 2623 λίαν

2122 2671 2527 2742 ἀφεστηκότων,
2564 2672 2716 2739 φωνῇ
2765 2668 2865 2738 τῆς
2905 2668 3074 2737 ἀκοῆς
3101 2664 3507 2736 καθικνούμεθα
3530 2681 3542 2695 ·
3571 2663 3709 2734 πρὸς

2122 2765 2179 2819 δὲ
2220 2766 2346 2826 τοὺς
2395 2761 2698 2834 πόρρωθεν,
2720 2761 3009 2832 γράμμασι
3041 2759 3307 2830 δηλοῦμεν
3339 2757 3436 2828 τὴν
3461 2756 3707 2826 γνώμην,

2125 2859 2218 2912 καὶ
2249 2859 2338 2910 ἐπὶ
2366 2856 2476 2909 τῶν
2505 2853 2808 2924 παρόντων,
2841 2851 2977 2922 πρδς
3016 2851 3172 2918 λόγον
3197 2851 3294 2919 τῆς
3331 2847 3708 2909 ἀποστάσεως,

2125 2952 2158 3018 ἢ
2194 2946 2532 3017 ἐπιτείνομεν
2563 2946 2653 2999 τὸν
2677 2943 2829 2996 τόνον
2852 2942 2951 3012 τῆς
2982 2942 3236 3012 φωνῆς,ἢ
3272 2941 3524 3011 ὑφίεμεν.
3552 2940 3710 2991 Ἐστι

2126 3041 2181 3094 δὲ
2203 3041 2290 3094 ὅτε
2328 3040 2422 3092 καὶ
2450 3038 2536 3091 διὰ
2564 3037 2800 3100 νεύσεως
2832 3037 2989 3106 μόνον
3017 3035 3078 3086 τὸ
3106 3033 3376 3104 πρακτέον
3408 3035 3520 3094 τοῖς
3541 3030 3710 3092 πέλας

2128 3130 2556 3199 διεσαφήσαμεν,
2602 3129 2697 3181 καὶ
2746 3127 2844 3197 τὴν
2871 3128 2926 3179 ἐν
2964 3129 3028 3197 τῇ
3083 3125 3229 3195 ψυχῇ
3261 3125 3576 3196 προαίρεσιν
3619 3123 3712 3183 καὶ

451 3218 672 3286 probari
721 3217 805 3270 vel
846 3215 1122 3286 reprobari
1158 3215 1578 3268 demonstravit.
1622 3213 1678 3265 Si
1714 3213 1881 3280 igitur
1933 3211 2024 3280 qui

2129 3221 2404 3290 ὀφθαλμὸς
2453 3220 2674 3273 τοιῶσδε
2711 3218 2978 3282 διατεθεὶς
3025 3217 3343 3283 ἐνεδείξατο,
3397 3215 3492 3269 καὶ
3534 3215 3716 3285 χειρὸς

452 3309 779 3378 corporibus
838 3307 1084 3362 conclusi
1135 3315 1308 3369 sunt,
1368 3306 1568 3360 mentis
1627 3305 1810 3358 abdita
1866 3320 2026 3358 sensa

454 3401 678 3456 nutibus
700 3399 906 3468 absque
933 3413 1062 3450 voce
1089 3397 1170 3450 vel
1197 3396 1381 3460 verbo,
1416 3397 1497 3448 vel
1531 3396 1805 3464 colloquio
1833 3395 2027 3450 litteris

453 3493 849 3558 comprehenso
873 3506 1014 3559 swpe
1042 3490 1125 3543 liis
1153 3491 1244 3558 qui
1277 3504 1444 3558 prope
1466 3496 1614 3552 sunt,
1640 3498 1767 3541 nota
1799 3487 2026 3549 faciunt,

455 3587 774 3653 nullumque
823 3583 900 3637 rei
941 3581 1189 3652 gerenda:
1218 3582 1604 3636 detrimentum
1646 3580 1828 3634 attulit
1861 3581 2028 3635 silen.

456 3678 617 3738 tium,
671 3691 738 3728 an
792 3675 1133 3728 immateriali
1182 3681 1237 3727 et
1279 3671 1532 3737 intactili,
1579 3679 1633 3725 et
1685 3682 1743 3724 ut
1790 3673 2030 3740 loquitur

459 3769 778 3831 l'lunomius,
809 3783 1074 3837 suprennc
1088 3774 1140 3822 et
1167 3767 1352 3836 primm
1376 3765 1630 3820 essentia:
1669 3764 1851 3820 verbis
1888 3781 2030 3834 opus

461 3863 580 3922 fuit,
610 3877 730 3930 qua:
768 3859 945 3914 Patris
997 3859 1272 3912 notionem
1325 3857 1690 3918 declararent,
1723 3866 1776 3910 et
1827 3854 2032 3925 Unige-

460 3955 576 4007 nito
611 3953 947 4014 voluntatem
995 3958 1176 4010 notam
1216 3947 1498 4002 facerent?
1531 3946 1746 4011 Verbis,
1786 3947 2028 4014 inquam,

459 4049 602 4101 sicut
625 4053 700 4098 ait
728 4045 846 4113 ipse
867 4041 1187 4105 Eunomius,
1216 4056 1337 4110 qua:
1362 4040 1524 4095 simul
1557 4056 1678 4093 cum
1705 4055 1835 4093 voce
1857 4038 2030 4092 solent

460 4136 718 4206 dissipari
745 4119 759 4189 ξ
795 4134 938 4188 haud
967 4134 1080 4188 scio
1105 4132 1152 4186 si
1174 4133 1298 4201 quis
1330 4132 1528 4186 mentis
1550 4147 1794 4200 compos.
1829 4130 1944 4184 inec
1975 4139 2036 4183 ut

461 4247 588 4285 vera
616 4229 878 4289 admittet,
919 4228 1215 4298 praesertim
1266 4240 1390 4279 cum
1444 4240 1612 4279 sonus
1646 4225 1824 4279 omnis
1859 4225 1913 4277 in
1947 4239 2036 4277 ae-

463 4339 578 4378 rem
628 4337 853 4391 prorsus
893 4317 1274 4388 prol'undatur.
1309 4317 1495 4387 Neque
1557 4318 1703 4370 enim
1752 4332 1854 4373 vox
1905 4317 2034 4371 alibi

465 4415 572 4468 nisi
613 4416 664 4466 in
693 4428 816 4466 aere
845 4411 958 4465 ﬁeri
997 4419 1196 4480 potest.
1245 4408 1480 4464 Necesse
1526 4417 1610 4463 est
1659 4424 1885 4478 prorsus
1920 4424 2034 4463 me-

466 4506 616 4558 dium
669 4502 924 4573 quiddam
970 4503 1134 4555 etiam
1182 4500 1328 4568 ipsos
1380 4515 1706 4569 supponere,
1761 4499 1904 4553 inter
1959 4500 2038 4553 lo-

2132 3314 2259 3366 ποιά
2285 3313 2500 3382 κίνησις
2554 3311 2586 3381 ἢ
2636 3311 2835 3365 ἀπείπέ
2862 3327 2915 3363 τι
2953 3309 3062 3363 τῶν
3091 3308 3462 3379 γινομένων,ἢ
3497 3307 3715 3360 κατεδέ-

2131 3401 2278 3466 ξατο.
2311 3402 2372 3454 Εί
2395 3401 2574 3453 τοίνυν
2607 3402 2655 3453 οἱ
2682 3398 2894 3471 σώμασι
2926 3399 3374 3469 περιειλημμένοι
3409 3398 3476 3451 τά
3501 3396 3716 3468 κρυπτᾶ

2127 3495 2226 3563 τῆς
2254 3493 2488 3556 διανοίας
2523 3499 2799 3564 κινήματα
2831 3493 2926 3546 καὶ
2973 3493 3098 3563 δίχα
3138 3492 3323 3562 φωνῆς
3374 3491 3406 3562 ἥ
3449 3492 3711 3562 ῥήματος,

2129 3587 2293 3656 ῆτῆς
2349 3588 2408 3638 ἐν
2463 3587 2786 3656 γράμμασιν
2837 3585 3052 3656 ὁμιλίας
3101 3583 3361 3646 πολλάκις
3403 3585 3515 3646 τοῖς
3549 3582 3715 3644 πέλας

2129 3681 2472 3750 γνωρίζουσι,
2509 3680 2602 3732 καὶ
2659 3678 2913 3748 οὐδεμίαν
2959 3679 3156 3748 ῆνεγκε
3194 3675 3273 3744 τῷ
3304 3672 3717 3743 σπουδαζομένη»

2132 3771 2418 3842 πράγματι
2465 3770 2668 3840 ζημίαν
2723 3771 2756 3840 ἡ
2806 3770 2981 3838 σιωπή
3003 3783 3015 3796 ·
3050 3765 3161 3845 ἆρα
3187 3768 3279 3820 ἐπὶ
3309 3767 3408 3835 τῆς
3438 3766 3599 3818 ἀΰλου
3623 3764 3718 3817 κα)⁸

2132 3861 2388 3931 ἀναφοῦς,
2413 3865 2506 3916 καὶ
2531 3861 2606 3925 ὦς
2631 3878 2794 3932 φησιν
2816 3863 2843 3914 ὁ
2862 3862 3142 3933 Εύνόμιος,
3171 3860 3430 3914 ἀνωτάτω
3455 3859 3546 3912 καὶ
3575 3857 3714 3928 πρώο

2132 3972 2230 4025 της
2253 3939 2257 3944 ’
2283 3956 2488 4019 ούσίας,
2544 3954 2802 4027 ῥημάτων
2834 3954 2992 4030 χρεία
3032 3953 3138 4006 τῶν
3168 3953 3259 4006 τοῦ
3292 3952 3504 4023 Πατρδς
3535 3952 3720 4005 διασαο

2136 4043 2378 4111 φούντων
2404 4043 2465 4095 τὸ
2494 4041 2691 4112 νόημα,
2720 4043 2813 4095 καί⁵
2834 4042 2911 4112 τῷ
2945 4042 3238 4110 Μονογενεῑ
3269 4041 3641 4110 γνωριζόντων
3661 4039 3720 4092 τὸ

2139 4135 2411 4207 βούλημα;
2450 4133 2758 4204 Ῥημάτων,
2785 4133 2966 4197 καθὼς
2994 4135 3157 4198 αὑτός
3185 4151 3338 4204 φησι,
3356 4136 3420 4203 τῇ
3449 4135 3598 4202 φωνῇ
3633 4148 3720 4183 πε-

2138 4227 2384 4298 φυκότων
2426 4225 2835 4279 συνδιαλύεσθαι
2864 4243 2881 4260 ·
2929 4227 3030 4284 οὐκ
3085 4221 3202 4279 οἶδα
3252 4227 3410 4288 εἴτις
3451 4224 3559 4277 τῶν
3598 4223 3721 4278 νοῦν

2139 4321 2369 4391 ἐχόντων
2403 4319 2576 4372 ταῦτα
2600 4319 2676 4381 ὼς
2696 4318 2870 4389 ἀληθῆ
2897 4317 3282 4391 παραδέξεται,
3301 4318 3474 4382 ἄλλως
3502 4335 3559 4370 τε
3595 4335 3724 4370 πανσ

2139 4411 2230 4474 τὸς
2260 4409 2495 4478 φθόγγου
2526 4412 2604 4472 εἰς
2629 4409 2765 4480 ἀέρα
2791 4409 3008 4472 πάντως
3038 4410 3422 4482 προχεομένου.
3450 4409 3582 4463 Οὐδὲ
3611 4409 3720 4480 γὰρ

2141 4503 2362 4555 δυνατὸν
2408 4501 2662 4569 γενέσθαι
2720 4501 2904 4571 φωνην
2948 4501 3021 4581 μὴ
3051 4503 3106 4552 ἐν
3135 4502 3256 4570 ἀέρι
3304 4501 3716 4570 συνισταμένην,

467 4606 718 4665 qnentem
754 4603 806 4644 et
856 4608 977 4646 eum
1035 4591 1101 4644 ad
1164 4607 1323 4659 quem
1371 4591 1429 4643 lit
1461 4605 1688 4645 sermo:
1736 4591 1840 4645 nisi
1890 4592 2027 4644 enim

2141 4596 2351 4664 ἀνάγκη
2387 4597 2533 4647 πᾶσα
2560 4595 2720 4662 μέσον
2743 4611 2794 4645 τι
2831 4592 2922 4645 τοῦ
2959 4593 3328 4663 φθεγγομένου
3357 4594 3449 4644 καὶ
3477 4589 3566 4645 τοῦ
3588 4592 3718 4661 πρὶς

467 4689 703 4741 medium
745 4685 1088 4753 interiectum
1135 4683 1317 4747 fuerit,
1363 4683 1637 4752 quomodo
1671 4699 1737 4736 ex
1782 4684 2039 4752 loquente

465 4798 568 4834 vos
617 4779 684 4831 ad
740 4778 1046 4830 andimitem
1092 4775 1429 4846 permeabit?
1471 4774 1609 4840 Quid
1644 4775 1810 4842 igitur
1858 4776 2040 4829 dicent

467 4875 730 4933 medium,
764 4888 871 4941 quo
910 4870 1104 4923 Filium
1143 4886 1211 4922 ex
1244 4868 1404 4924 Patre
1446 4868 1874 4923 disterminant?
1904 4868 2040 4922 Cor-

468 4982 661 5034 porum
704 4963 846 5017 enim
885 4963 935 5014 in
967 4978 1090 5015 aere
1121 4962 1272 5015 locus
1307 4960 1538 5015 eﬂiritur
1569 4960 1801 5023 medius,
1829 4960 1922 5029 qui
1961 4967 2043 5012 est

471 5059 617 5109 aliud
668 5056 798 5125 quid
855 5054 1156 5110 secundum
1215 5055 1490 5123 propriam
1546 5061 1798 5106 naturam
1849 5062 2044 5120 praeter

472 5153 840 5205 humanorum
916 5163 1204 5218 corporum
1272 5147 1653 5202 substantiam.
1705 5144 1808 5211 Qui
1861 5153 2042 5198 autem

470 5251 652 5297 tactus
683 5257 898 5309 expers.
931 5250 985 5293 et
1010 5239 1261 5293 informis
1290 5239 1358 5291 ab
1384 5238 1533 5290 omni
1561 5237 1912 5291 concretione
1943 5253 2044 5306 pu-

472 5351 566 5388 rus
600 5342 654 5388 et
681 5332 942 5385 immunis
984 5329 1127 5384 Deus
1156 5346 1280 5382 cum
1324 5327 1616 5397 Unigenito
1658 5329 1765 5383 Deo
1800 5331 2048 5397 persimi-

473 5429 618 5485 Iiter,
660 5425 772 5478 imo
799 5439 928 5477 vero
954 5421 1145 5476 eodem
1190 5421 1372 5481 modo,
1413 5420 1760 5474 immateriali
1789 5429 1844 5475 et
1874 5421 2048 5476 incor-

476 5535 638 5571 ,ενι-ρο
684 5517 1032 5586 propriorum
1091 5513 1452 5567 consiliorum
1506 5515 1776 5582 partiCeps
1823 5522 1878 5567 et
1918 5532 2049 5569 con-

523 5636 548 5655 νι
568 5628 594 5664 s
627 5629 640 5663 :
673 5611 718 5663 si
748 5607 966 5678 quidem
995 5623 1090 5676 per
1123 5621 1308 5660 vocem
1332 5605 1773 5659 communionem
1802 5603 2044 5666 haberet,

495 5705 599 5756 :'-i|
631 5700 1014 5762 intermedium
1052 5699 1299 5761 haberet,
1333 5713 1428 5768 per
1462 5696 1607 5765 quod
1644 5712 1840 5766 repens
1868 5713 2048 5751 sermo

474 5808 529 5850 et
555 5795 846 5849 dimanans
873 5794 927 5848 in
959 5808 1120 5846 aures
1156 5790 1432 5859 Unigeniti
1463 5789 1734 5853 inﬂueret,
1764 5798 1819 5843 et
1851 5789 2050 5842 admit-

473 5883 790 5956 teretur?5i
813 5884 1031 5958 quidem
1074 5883 1174 5939 hoc
1205 5890 1260 5937 ut
1293 5883 1732 5942 consLderatiunc
1769 5881 2049 5951 indignam

2141 4687 2199 4738 ὃν
2233 4690 2260 4739 6
2286 4687 2441 4752 λόγος
2460 4685 2669 4752 γίνεται
2701 4686 2792 4736 καὶ
2819 4685 3012 4746 αὐτοὺς
3040 4685 3352 4745 ὑποθέσθαι.
3379 4685 3470 4754 Μὴ
3504 4684 3611 4753 γὰρ
3631 4683 3717 4736 6v-

2141 4795 2230 4840 τος
2271 4777 2362 4829 τοῦ
2407 4776 2803 4846 μεσιτεύοντος,
2843 4774 2959 4839 πῶς
3001 4777 3063 4828 ἐκ
3096 4775 3187 4828 τοῦ
3213 4775 3495 4838 λαλοῦντος
3519 4777 3550 4845 ή
3572 4774 3722 4844 φωνὴ

2142 4867 2399 4920 διοδεύσει
2433 4867 2567 4937 πρὸς
2587 4866 2676 4919 τὸν
2708 4867 3008 4930 ἀκούοντα;
3040 4866 3104 4918 Τί
3127 4863 3218 4919 οὖν
3239 4866 3424 4936 ἐροῦσι
3456 4867 3514 4919 τὸ
3537 4867 3720 4936 μέσον,

2145 4953 2188 5025 ᾧ
2224 4959 2310 5011 τὸν
2338 4959 2462 5010 Υίὶν
2497 4959 2560 5010 ἐκ
2600 4959 2693 5010 τοῦ
2754 4959 2964 5026 Πατρὸς
2982 4959 3306 5030 διορίζουσι;
3340 4959 3461 5011 Τῶν
3497 4958 3722 5031 μὲνγὰρ

2149 5053 2432 5120 σωμάτιον,
2466 5053 2494 5103 6
2527 5053 2665 5104 κατά
2693 5053 2784 5104 τὸν
2813 5051 2954 5122 ἀέρα
2983 5052 3144 5114 τόπος
3164 5053 3370 5120 γίνεται
3391 5052 3571 5122 μέσος,
3598 5052 3727 5105 ἄλλο

2145 5162 2198 5196 τι
2222 5143 2293 5196 ὢν
2325 5145 2465 5196 κατά
2490 5143 2588 5214 τὴν
2627 5143 2761 5195 ἰδίαν
2797 5143 2956 5212 φύσιν
2996 5143 3144 5214 παρά
3182 5144 3280 5214 τὴν
3302 5144 3408 5196 τῶν
3450 5143 3722 5214 ἀνθρωπί-

2147 5253 2252 5288 νων
2284 5234 2548 5305 σωμάτων
2579 5235 2785 5298 οὐσίαν.
2815 5235 2873 5289 '0
2916 5235 2972 5288 δέ
2997 5235 3208 5306 ἀναφὴς
3253 5237 3346 5288 καὶ
3375 5237 3608 5298 ἀνείδεος
3631 5236 3725 5288 καὶ

2148 5329 2332 5398 πάσης
2389 5329 2689 5392 συνθέσεως
2737 5328 3056 5401 καθαρεύων
3118 5329 3270 5393 Θεὸς,
3323 5319 3405 5400 τῷ
3453 5331 3728 5399 μονογενεϊ

2149 5417 2266 5488 Θεῷ
2308 5417 2385 5488 τῷ
2424 5417 2834 5490 παραπλησίως,
2871 5419 3068 5490 μᾶλλον
3108 5420 3163 5472 δὲ
3201 5421 3461 5483 ὡσαύτως
3490 5421 3638 5490 acti?
3665 5437 3726 5480 τε

2149 5511 2243 5562 καὶ
2271 5510 2545 5580 ἀσωμάτῳ
2562 5510 2670 5563 τῶν
2695 5510 2838 5564 ίδίων
2858 5511 3129 5564 κοινωνῶν
3146 5512 3542 5581 βουλευμάτων,
3571 5509 3726 5582 εἴπερ

2149 5602 2237 5654 διὰ
2287 5602 2469 5671 φωνῆς
2518 5603 2753 5655 ἐποιεῖτο
2789 5601 2888 5673 τὴν
2936 5603 3240 5661 κοινωνίαν,
3275 5603 3328 5655 τί
3355 5604 3416 5655 τὸ
3449 5590 3728 5672 μεσιτεῦον

2149 5689 2285 5761 εἶχε,
2335 5692 2399 5744 δι’
2460 5687 2521 5745 οὗ
2566 5694 2748 5761 ῥέπων
2778 5694 2806 5745 6
2835 5694 2989 5760 λόγος
3039 5695 3134 5746 καὶ
3192 5693 3580 5764 μεθιστάμενος
3609 5695 3727 5756 ταῖς

2151 5785 2342 5844 ἀκοαῖς
2387 5781 2479 5834 τοῦ
2525 5783 2861 5849 Μονογενοῦς
2890 5783 3268 5847 eiset-45311:;
3335 5783 3460 5848 Εἴγε
3499 5783 3604 5852 χρὴ
3636 5783 3728 5834 καὶ

2220 5874 2242 5885 η

2155 5874 2308 5927 τυῦτο
2340 5874 2714 5944 παραδραμεῖν
2751 5873 3080 5945 ἀθεώρητον,
3121 5877 3181 5928 τὸ
3216 5875 3290 5946 μὴ
3321 5873 3646 5944 μεμερίσθαι
3671 5872 3730 5926 τὸ
