4146 6386
443 347 542 403 981

1541 356 1822 416 CONTBA
1860 350 2253 417 ΕυΝοΜιωι,
2289 351 2419 407 LIB.
2467 351 2580 406 Ill.

3601 338 3710 397 983

442 482 599 536 Θεῖον
640 489 762 550 ταῖς
792 488 1208 560 ἀντιληπτικαῖς
1264 495 1583 566 ἐνεργείαις,
1626 495 1703 558 ὼς
1732 494 1863 565 παρ’
1887 493 2020 564 ἡμῖν

2132 488 2404 558 praeterire
2435 495 2673 558 oportet,
2701 485 2870 541 Deum
2907 464 3321 555 operationibus
3350 478 3714 548 comprehen-

435 574 780 647 διῃρημένως
810 579 1043 636 ἕκαστον
1066 584 1176 637 τῶν
1202 586 1568 658 αἰσθητηρίων
1606 586 1700 640 τοῦ
1732 583 2028 655 συγγενοῦς

439 666 843 736 ὲπιδράσσεται,
867 672 960 725 τοῦ
986 673 1180 743 ὁρατοῦ
1215 676 1312 744 μὲν
1339 677 1371 746 ἡ
1396 677 1607 747 ὅρασις,
1637 676 1729 730 τοῦ
1761 673 2028 729 ἀκουστοῦ

438 753 494 806 δὲ
523 757 554 823 ἡ
589 758 728 810 κατὰ
787 761 885 831 τὴν
941 762 1111 833 ἀκοὴν
1152 763 1401 833 αἴσθησις
1422 782 1434 794 ·
1465 766 1556 818 καὶ
1589 765 1713 818 οὔτε
1742 765 1965 832 γεύεται
1993 764 2028 832 ὴ

443 847 575 915 διερὴν
601 848 725 902 οὔτε
755 852 787 921 ἡ
815 853 951 924 ἀκοὴ
975 854 1085 907 τῶν
1103 856 1292 924 ἀτμῶν
1324 857 1356 927 ἢ
1391 857 1500 910 τῶν
1531 857 1719 928 χυμῶν
1747 855 2030 928 ἀντίληψιν

442 937 574 1006 ἔχει,
606 940 740 995 ἀλλὰ
787 946 1091 1014 παραμένει
1143 947 1374 999 ἕκαστον
1401 950 1467 1017 τῇ
1510 949 1608 1018 μιᾷ
1647 945 1916 1017 ἐνεργείᾳ,
1946 947 2030 1000 εἰς

443 1029 508 1098 ἣν
542 1031 744 1102 ἐτάχθη
767 1035 918 1106 παρὰ
949 1037 1046 1105 τῆς
1079 1037 1312 1104 φύσεως,
1342 1039 1662 1107 ἀναίσθητον
1689 1039 1885 1108 τρόπον
1909 1036 2030 1090 τινὰ

443 1121 582 1190 πρὸς
600 1121 628 1174 ὂ
654 1124 726 1193 μὴ
749 1125 957 1192 πέφυκε
985 1127 1255 1197 διαμένον,
1277 1128 1371 1182 καὶ
1391 1128 1652 1196 ἄγευστον
1674 1129 1774 1198 τῆς
1789 1127 2028 1181 ἀπολαύ-

446 1226 582 1273 σεως
614 1207 682 1285 ἦς
716 1216 1018 1284 καρποῦται
1046 1219 1077 1286 ἡ
1107 1219 1303 1286 γείτων
1335 1219 1607 1290 αἴσθησις.
1671 1222 1817 1274 Ἐκεῖ
1848 1221 1904 1273 δὲ
1932 1221 2030 1290 οὐχ

443 1303 635 1369 οὕτως,
661 1306 773 1359 ἀλλ’
800 1308 918 1361 ὅλον
941 1310 1007 1362 δι’
1033 1311 1155 1363 ὅλου
1169 1311 1229 1364 τὸ
1250 1311 1402 1366 Θείον
1422 1315 1610 1384 ὅρασίς
1639 1315 1752 1366 ἐστι
1775 1313 1869 1366 καὶ
1891 1314 2028 1385 ἀκοὴ

445 1397 539 1450 καὶ
563 1399 782 1465 γνῶσις.
822 1401 896 1454 Οὑ
949 1402 1056 1472 γὰρ
1100 1404 1164 1473 δὴ
1200 1403 1354 1474 θέμις
1383 1409 1478 1457 καὶ
1511 1405 1608 1466 τὰς
1651 1405 2030 1475 ζωωδεστέρας

444 1488 553 1541 τῶν
575 1488 880 1560 αἰσθήσεων
913 1493 1242 1566 ἐφαρμόζειν
1271 1500 1337 1568 τῇ
1369 1499 1634 1570 ἀκηράτῳ
1665 1497 1843 1566 φύσει,
1893 1497 2030 1565 πλὴν

445 1582 493 1632 εἰ
520 1583 622 1653 χρή
653 1599 705 1634 τι
732 1585 824 1637 καὶ
847 1587 1097 1638 ταπεινὸν
1121 1587 1433 1655 ὑποθέσθαι,
1461 1591 1556 1643 καὶ¹
1590 1589 1920 1656 καταγαγεῖν
1952 1589 2031 1650 εἰς

444 1672 814 1744 χαμαιζήλους
861 1677 1156 1749 ὑπολήψεις
1203 1680 1264 1732 τὺ
1297 1680 1478 1734 θεῖον·
1522 1683 1662 1735 ὥστε
1712 1682 1886 1734 λαλεῖν
1933 1680 2032 1750 μὲν

443 1762 649 1817 οἴεσθαι
689 1767 908 1837 ῥήματα
949 1769 1037 1822 διὰ
1073 1770 1336 1838 στόματος
1380 1773 1472 1826 τὸν
1509 1774 1748 1843 Πατέρα,
1793 1775 2031 1842 ἐνεργεῖν

444 1853 618 1925 δὲτὴν
651 1857 822 1929 ἀκοὴν
856 1860 948 1912 τοῦ
977 1861 1130 1925 Υίοῦ,
1181 1862 1232 1915 τί
1259 1864 1318 1916 τὸ
1369 1865 1531 1936 μέσον
1579 1864 1946 1936 ὑποτιθέμεθα
1970 1864 2032 1917 τὸ
2063 1855 2105 1911 Β

445 1947 629 2017 διάγον
645 1951 742 2021 τὴν
778 1955 1044 2026 πατρικὴν
1081 1955 1260 2026 φωνὴν
1290 1959 1369 2021 είς
1392 1958 1491 2029 τὴν
1529 1958 1624 2012 τοῦ
1666 1959 1796 2012 Υίοῦ
1821 1960 2028 2028 ὰκοήν;

446 2039 679 2094 Κτιστὸν
728 2038 866 2096 εἶναι
909 2047 1012 2115 χρὴ
1047 2045 1204 2100 τοῦτο
1256 2047 1288 2119 ἢ
1329 2049 1612 2102 ἄκτιστον*
1645 2049 1781 2102 ἀλλὰ
1814 2049 2031 2102 κτιστὺν

451 2132 550 2202 μὲν
579 2135 679 2187 οὑκ
708 2135 854 2189 ἔστιν
885 2140 1079 2205 εἰπεῖν,
1120 2142 1226 2212 πρὸ
1258 2142 1367 2211 γὰρ
1393 2141 1486 2195 τοῦ
1518 2142 1886 2212 συστῆναιτὴν
1918 2140 2033 2195 κτί-

449 2239 534 2277 σιν
564 2225 592 2277 ό
623 2225 795 2292 Λόγος
823 2226 1057 2294 ἐγένετο.
1086 2230 1373 2285 Ἀκτιστον
1401 2232 1458 2284 δὲ
1479 2231 1617 2302 πλὴν
1637 2232 1736 2302 τῆς
1763 2231 1911 2294 θείας
1939 2229 2034 2301 φύ·

449 2331 608 2378 σεως,
635 2316 784 2370 ἐστὶν
805 2318 976 2371 οὐδέν.
1020 2321 1082 2372 Εἰ
1119 2317 1210 2374 οῦν
1239 2322 1416 2386 κτίσις
1445 2323 1544 2375 οὐκ
1575 2317 1662 2392 ἦν,
1687 2324 1714 2375 ὀ
1743 2321 1800 2374 δὲ
1824 2338 2034 2391 μνημο-

454 2407 655 2470 mea;
683 2410 740 2461 ἐν
769 2413 836 2479 τῇ
860 2415 1218 2483 κοσμογενείᾳ
1237 2414 1414 2483 λόγος,
1431 2415 1530 2485 τῆς
1543 2414 1770 2476 κτίσεως
1792 2412 2034 2483 πρεσϐύ-

447 2514 605 2568 τερος
622 2495 709 2570 ἦν.
743 2501 885 2571 ’Ἄρα
923 2504 951 2556 ό
982 2503 1153 2571 λέγων
1184 2507 1404 2576 ῥήματα
1440 2507 1533 2558 καὶ
1567 2508 1748 2575 φωνῆς
1775 2503 1911 2576 ἦχον
1944 2506 2033 2560 διὰ

447 2590 543 2646 τοῦ
589 2592 747 2660 λόγου
813 2595 1194 2663 σημαίνεσθαι,
1229 2598 1280 2650 τί
1328 2597 1388 2650 τὸ
1423 2598 1623 2666 μεταξὺ
1659 2598 1752 2650 τοῦ
1787 2598 1916 2650 Υίοῦ
1941 2600 2033 2652 καὶ

447 2683 541 2735 τοῦ
576 2684 788 2754 Πατρὸς
822 2685 1171 2756 ὑποθήσεται,
1195 2681 1238 2755 ᾧ
1267 2687 1584 2740 διετυποῦτο
1610 2691 1642 2758 ἡ
1666 2690 1815 2760 φωνὴ
1847 2690 1941 2742 καὶ
1963 2690 2032 2742 τὰ

449 2777 700 2846 ﬁmum;
736 2778 798 2830 Εἰ
821 2777 929 2849 γάρ
963 2780 1078 2831 ἐστι
1110 2780 1291 2849 μέσον,
1320 2781 1376 2831 ἐν
1407 2779 1682 2851 ίδιαξοὺσῃ
1710 2781 1869 2848 φύσει
1898 2781 2032 2834 πάν-

447 2884 555 2931 τως
577 2869 745 2932 ἐστὶν,
773 2869 848 2933 ὠς
872 2873 1008 2941 μήτε
1042 2870 1119 2940 τῷ
1154 2871 1357 2940 Πατέρι
1386 2872 1580 2924 ταύτὸν
1602 2868 1758 2932 εἶναι,
1786 2873 1923 2944 μήτε
1955 2873 2032 2944 τῷ

447 2955 564 3026 Υίῷ
586 2955 724 3009 κατὰ
751 2957 848 3028 τὴν
869 2958 1030 3026 φύσιν
1054 2958 1389 3028 συμῆαίνειν.
1433 2959 1571 3012 Ἀλλ’
1606 2960 1790 3030 ἕτερόν
1812 2979 1864 3014 τι
1898 2963 2034 3015 πάν-

448 3068 556 3112 τως
580 3051 639 3104 ὃν
665 3050 930 3122 διίστησιν
986 3052 1080 3105 ἀπ’
1127 3052 1368 3123 ἀλλήλων
1424 3054 1515 3106 τὸν
1545 3055 1764 3124 Πατέρα
1804 3057 1898 3109 καὶ
1942 3057 2033 3109 τὸν

451 3142 599 3208 Υὶδν,
638 3145 838 3214 μεταξὺ
866 3143 974 3196 τῶν
1006 3143 1098 3197 δύο
1145 3144 1614 3215 παρενειρόμενον.
1639 3146 1704 3197 Τί
1727 3142 1819 3198 οῦν
1850 3146 2028 3212 τοῦτος

449 3234 682 3287 Κτιστὸν
709 3236 806 3288 οὐκ
855 3235 968 3288 ἔστι
993 3252 1007 3265 '
1043 3235 1280 3306 νεωτέρα
1307 3237 1415 3307 γὰρ
1446 3239 1477 3308 ή
1509 3236 1684 3300 κτίσις
1715 3236 1806 3291 τοῦ
1832 3239 2028 3306 Λόγου,

449 3327 704 3396 γεννητὸν
740 3327 830 3378 τὸν
862 3329 1138 3398 Μονογενῆ
1168 3328 1542 3398 ἐδιδάχθημεν,
1577 3329 1868 3400 ἀγέννητον
1894 3331 2032 3403 πλὴν

450 3417 543 3469 τοῦ
580 3419 789 3490 Πατρός
815 3422 960 3472 ἐστιν
993 3421 1163 3473 οὐδέν.
1187 3420 1394 3474 Οὐκοῦν
1423 3421 1480 3486 ἐξ
1510 3420 1754 3490 ἀνάγκης
1781 3423 1842 3475 τὸ
1870 3424 2034 3494 μηδὲν

451 3505 590 3565 εἶναι
613 3511 776 3580 μέσον
807 3511 900 3564 τοῦ
930 3512 1140 3581 Πατρὸς
1170 3513 1262 3564 καὶ
1287 3511 1380 3565 τοῦ
1405 3513 1534 3565 Υἱοῦ
1554 3515 1693 3566 νοεῖν
1716 3514 1744 3565 ὁ
1778 3515 1875 3584 τῆς
1904 3515 2034 3587 ἁλη-

448 3601 602 3666 θείας
655 3603 806 3672 λόγος
861 3603 1274 3670 συναναγκάζει.
1324 3604 1496 3657 Ὅπου
1543 3605 1599 3657 δὲ
1625 3604 1903 3668 διάστασις
1933 3605 2033 3658 οὑκ

452 3692 769 3754 ἐπινοεῖται,
819 3691 880 3743 τὸ
928 3693 1271 3762 συνημμένον
1315 3692 1530 3756 πάντως
1560 3694 1938 3763 ὁμολογεῖται·
1970 3696 2031 3750 τὸ

450 3782 509 3834 δὲ
541 3782 630 3835 διὰ
653 3783 867 3836 πάντων
916 3784 1278 3853 συνημμένον,
1311 3787 1460 3856 φωνῇ
1492 3785 1584 3838 καὶ
1613 3784 1758 3854 λόγῳ
1787 3787 1847 3839 οὑ
1885 3804 2034 3856 μεσι-

453 3873 668 3927 τεὺεται
684 3891 700 3906 ο
722 3876 1063 3946 συνημμένον
1089 3875 1145 3928 δὲ
1171 3875 1312 3945 λέγω
1330 3876 1391 3929 τὺ
1419 3878 1476 3929 ἐν
1501 3879 1665 3930 πᾶσιν
1694 3876 1993 3947 ἀχώριστον
2014 3893 2028 3908 ⁶

453 3966 512 4018 οὑ
547 3966 654 4037 γὰρ
678 3968 993 4038 σωματικήν
1025 3985 1147 4020 τινα
1178 3969 1453 4037 συμφυΐαν
1485 3969 1578 4021 ἐπὶ
1609 3969 1707 4038 τῆς
1721 3970 1913 4039 νοερᾶς
1929 3968 2031 4038 ‘P‘s‘

452 4076 592 4122 σεως
627 4059 686 4111 τὸ
718 4061 888 4130 ὄνομα
913 4063 1010 4132 τῆς
1042 4061 1336 4130 συναφείας
1374 4061 1725 4127 ἐνδείκνυται,
1755 4060 1890 4115 ἀλλὰ
1930 4061 2031 4132 τὴν

453 4150 547 4205 τοῦ
582 4150 771 4221 νοητοῦ
810 4151 946 4222 πρὸς
987 4152 1048 4206 τὸ
1076 4152 1263 4222 νοητὸν
1301 4151 1388 4206 διὰ
1426 4153 1525 4222 τῆς
1564 4153 1888 4224 ταυτότητος
1923 4152 2033 4206 τῶν

456 4239 795 4312 θελημάτων.
826 4242 1018 4296 ἕνωσίν
1045 4260 1103 4297 τε
1131 4243 1222 4296 καὶ
1251 4241 1570 4314 ἁνάκρασιν.

2131 580 2264 635 sivis
2296 595 2404 633 non
2433 595 2556 634 esse
2588 578 2957 647 dispertitum,
3003 576 3146 631 sicut
3178 573 3322 645 apud
3353 587 3456 627 nos
3485 584 3714 641 separa-

2131 671 2227 725 tim
2259 671 2527 726 sentiendi
2549 670 3042 725 instrumentorum
3075 665 3530 736 unumquodque,
3561 662 3710 732 quod

2131 764 2235 818 sibi
2269 774 2558 834 cognatum
2590 764 2841 833 percipit,
2868 762 3084 817 visibile
3117 761 3339 831 quidem
3369 755 3589 814 videndi
3629 755 3710 808 fa-

2131 855 2330 917 cultas,
2387 855 2625 909 audibile
2673 853 2928 909 audiendi
2989 869 3186 908 sensus
3230 870 3248 904 :
3295 863 3471 917 neque
3529 853 3712 900 tactus

2133 956 2531 1018 gustat,neque
2558 947 2778 1001 auditus
2809 960 3038 1015 vapores
3082 951 3136 1000 et
3179 956 3406 1013 sapores
3450 937 3706 1009 percipit,

2133 1042 2228 1096 sed
2259 1041 2687 1110 unumquodque
2715 1041 2770 1094 in
2814 1055 2920 1093 una
2957 1036 3272 1108 operatione
3294 1041 3597 1104 permanet,
3641 1029 3710 1082 ad

2133 1152 2296 1205 quant
2343 1152 2375 1190 a
2429 1145 2625 1191 natura
2673 1134 2988 1190 ordinatum
3035 1141 3141 1196 est,
3190 1145 3254 1184 ac
3305 1125 3710 1198 quodammodo

2134 1243 2301 1283 sensu
2334 1239 2485 1283 caret
2529 1230 2593 1282 ad
2640 1227 2693 1282 id
2724 1229 2868 1298 quod
2903 1242 3014 1282 non
3043 1242 3075 1280 a
3104 1232 3300 1278 natura
3328 1227 3710 1290 comparatum

2133 1329 2238 1383 est,
2276 1337 2378 1376 nec
2405 1321 2526 1390 ejus
2562 1320 2849 1376 suavitatis
2884 1327 3101 1390 gustum
3146 1315 3332 1376 habet,
3378 1311 3538 1380 cujus
3580 1307 3712 1362 vici-

2134 1429 2239 1467 nus
2266 1429 2466 1468 sensus
2501 1415 2832 1482 voluptatem
2868 1411 3035 1480 capit.
3079 1409 3191 1463 lllic
3229 1413 3408 1460 autem
3455 1416 3564 1456 non
3605 1400 3708 1459 sic.

2135 1507 2228 1562 sed
2265 1515 2414 1559 totus
2445 1522 2537 1574 per
2568 1513 2742 1558 totum
2789 1505 2929 1557 Deus
2959 1511 3065 1565 est,
3112 1501 3265 1554 visus
3298 1505 3352 1552 et
3392 1495 3613 1550 auditus
3656 1499 3712 1546 et

2135 1598 2394 1667 cognitio.
2432 1595 2548 1650 Non
2583 1599 2726 1650 enim
2755 1595 2866 1664 jam
2906 1594 2986 1647 fas
3031 1600 3113 1648 est
3159 1598 3365 1644 naturae
3413 1580 3711 1639 immortali

2137 1705 2334 1744 sensus
2366 1689 2539 1758 magis
2567 1687 2833 1741 animales
2856 1684 3175 1745 attribuere,
3201 1679 3307 1734 nisi
3339 1693 3460 1732 cum
3495 1681 3714 1745 oportet

2137 1778 2344 1848 aliquid
2383 1777 2588 1831 humile
2621 1790 2949 1845 supponere,
2999 1780 3054 1827 et
3096 1772 3161 1824 ad
3218 1767 3366 1822 humi
3420 1767 3712 1836 depressas

2134 1871 2423 1941 Opiniones
2470 1867 2617 1937 quod
2657 1867 2903 1923 divinum
2945 1871 3028 1919 est
3080 1862 3373 1917 deducere.
3429 1860 3612 1924 Quare
3663 1855 3712 1911 si

2135 1974 2389 2037 putemus
2426 1963 2642 2018 Patrem
2677 1977 2774 2032 per
2815 1976 2879 2015 os
2929 1959 3094 2014 verba
3140 1955 3400 2015 fundere,
3435 1951 3712 2006 auditum-

2133 2073 2240 2129 que
2292 2056 2415 2111 Filii
2469 2053 2720 2109 audiendi
2753 2052 2902 2120 fungi
2954 2063 3181 2103 munere
3225 2043 3400 2115 :quid
3471 2041 3713 2097 medium

2133 2162 2531 2220 supponemus,
2571 2145 2718 2214 quod
2764 2144 2831 2198 ad
2865 2141 2986 2196 Filii
3020 2139 3265 2194 auditum
3305 2146 3582 2207 paternam
3617 2147 3714 2185 vo-

2131 2257 2251 2297 cem
2283 2239 2542 2296 deducit?
2571 2236 2687 2291 lloc
2727 2243 2943 2308 oportet
2963 2242 3208 2287 creatum
3236 2245 3360 2284 esse
3382 2227 3466 2282 vel
3500 2226 3715 2282 increa-

2131 2331 2395 2387 tumtsed
2429 2337 2672 2386 creatum
2699 2328 2886 2383 dicere
2937 2326 3019 2379 fas
3066 2339 3172 2378 non
3217 2329 3337 2388 est;
3391 2317 3712 2389 priusquam

2132 2423 2282 2478 enim
2338 2429 2592 2477 creatura
2642 2421 2993 2481 consisteret,
3028 2414 3266 2470 Verbum
3304 2419 3445 2467 erat.
3495 2408 3713 2463 lncrea-

2134 2518 2250 2562 tum
2286 2518 2469 2563 autem
2511 2509 2644 2562 nihil
2677 2517 2762 2563 est
2795 2515 3156 2576 pneterquam
3187 2501 3369 2556 divina
3403 2507 3617 2554 natura.
3654 2496 3714 2552 Si

2133 2601 2303 2671 igitur
2346 2615 2454 2652 non
2517 2609 2632 2652 erat
2685 2607 2957 2658 creatura,
3019 2608 3200 2648 sermo
3240 2592 3402 2660 cujus
3453 2589 3595 2642 facta
3628 2594 3716 2641 est

2134 2694 2341 2747 mentio
2366 2692 2418 2745 in
2445 2692 2632 2745 mundi
2664 2691 2957 2747 creatione,
2988 2686 3264 2754 antiquior
3289 2690 3406 2738 erat
3435 2687 3709 2734 creatura.

2134 2782 2276 2854 Ergo
2296 2783 2386 2852 qui
2420 2781 2584 2836 verba
2611 2781 2745 2834 dicit
2777 2787 2831 2834 et
2871 2776 3022 2832 vocis
3053 2791 3246 2832 sonum
3289 2789 3384 2843 per
3405 2783 3713 2826 sermonem

2134 2873 2455 2942 signiﬁcari,
2505 2872 2634 2942 quid
2705 2870 2944 2925 medium
2988 2869 3132 2922 inter
3160 2865 3376 2920 Patrem
3431 2872 3485 2917 et
3514 2861 3712 2914 Filium

2134 2964 2408 3035 subjiciat,
2439 2979 2546 3032 quo
2574 2978 2673 3015 vox
2705 2970 2760 3016 et
2791 2961 2956 3015 verba
2992 2954 3458 3013 elloru'nabanlur?
3485 2951 3543 3006 Si
3565 2952 3714 3006 enim

2134 3065 2217 3111 cst
2265 3055 2528 3119 medimn,
2583 3055 2636 3108 in
2684 3049 2949 3123 peculiari
2995 3060 3050 3104 et
3083 3058 3336 3118 separata
3385 3055 3581 3100 natura
3628 3051 3716 3097 est

2087 3205 2098 3224 ι
2135 3148 2324 3218 procul
2357 3147 2545 3202 dubio.
2573 3144 2648 3198 Ita
2699 3152 2758 3199 ut
2808 3145 3109 3212 contingat,
3159 3155 3335 3208 Itaque
3381 3153 3505 3191 cum
3550 3135 3714 3189 Patre

2134 3239 2276 3294 idem
2326 3255 2470 3305 esse,
2522 3253 2701 3308 neque
2750 3253 2874 3290 cum
2913 3231 3052 3288 Filio
3094 3231 3393 3286 secundum
3436 3236 3712 3286 naturam,

2133 3331 2230 3390 sed
2259 3331 2389 3401 quid
2411 3330 2634 3384 omnino
2658 3329 2934 3383 diversum
2960 3325 3102 3396 quod
3129 3325 3343 3378 Patrem
3376 3329 3430 3375 ct
3466 3319 3658 3372 Filium
3683 3332 3714 3370 a

2135 3439 2196 3478 se
2223 3421 2534 3491 distinguit,
2558 3420 2700 3490 quod
2724 3421 2866 3474 inter
2887 3419 3027 3473 duos
3050 3418 3332 3471 inseritur.
3370 3411 3510 3478 Quid
3547 3409 3718 3479 igitur

2135 3516 2240 3571 hoc
2257 3514 2457 3570 fuerit?
2477 3513 2593 3568 Non
2611 3523 2694 3568 est
2709 3519 2971 3576 creatum,
2992 3511 3177 3580 junior
3197 3508 3339 3562 enim
3366 3504 3543 3559 Verbo
3562 3517 3685 3555 crea
3701 3528 3718 3540 -

2137 3614 2280 3670 tura,
2307 3605 2597 3676 unigenam
2628 3604 2798 3657 Deum
2832 3603 3073 3672 genitum
3118 3616 3241 3656 esse
3280 3595 3457 3652 edocti
3499 3608 3712 3656 sumus,

2136 3698 2439 3768 ingenitum
2465 3704 2668 3761 autem,
2699 3696 2856 3750 Patre
2879 3703 3126 3763 excepto.
3156 3691 3291 3746 nihil
3321 3697 3425 3744 est.
3454 3685 3717 3741 Necessa-

2136 3789 2221 3842 rio
2253 3788 2421 3859 igitur
2447 3787 2579 3841 nihil
2601 3788 2742 3840 inter
2771 3786 2988 3840 Patrem
3017 3791 3071 3839 et
3096 3782 3296 3836 Filium
3326 3779 3566 3835 medium
3593 3789 3718 3861 esse

2136 3880 2383 3952 cogitare
2415 3893 2598 3934 sermo
2627 3877 2876 3932 veritatis
2917 3875 3105 3946 adigit.
3159 3873 3260 3929 [lbi
3294 3886 3425 3926 vero
3452 3866 3714 3924 distantia

2137 3988 2246 4027 non
2271 3971 2613 4041 intelligitur,
2642 3969 2747 4024 hoc
2775 3975 3119 4038 compactum
3149 3973 3204 4021 et
3227 3975 3534 4018 connexum
3561 3971 3716 4028 proro

2139 4081 2235 4123 sus
2264 4064 2618 4128 conceditur;
2648 4061 2793 4132 quod
2826 4069 3005 4115 autem
3037 4073 3133 4128 per
3163 4058 3342 4111 omnia
3369 4062 3712 4120 compactum

2137 4167 2244 4218 est.
2276 4157 2452 4211 media
2510 4170 2644 4209 voce
2699 4161 2754 4208 et
2807 4164 3060 4208 sermone
3099 4164 3206 4204 non
3252 4147 3440 4202 utitur.
3477 4143 3716 4209 Compao

2139 4256 2289 4302 ctum
2321 4255 2502 4301 autem
2530 4246 2653 4301 dico
2667 4244 2810 4316 quod
2842 4244 2894 4296 in
2918 4240 3175 4297 omnibus
3201 4247 3287 4295 est
3318 4233 3712 4305 inseparabile;

455 4347 562 4386 non
585 4335 730 4388 enim
763 4335 1100 4402 corporalem
1133 4335 1372 4405 aliquam
1401 4349 1718 4405 compagem
1753 4334 1806 4388 in
1840 4335 2174 4408 intelligente
2208 4349 2403 4394 natura
2473 4354 2671 4393 nomen
2729 4337 3008 4407 compagis
3054 4334 3282 4399 indicat,
3347 4329 3442 4386 sed
3512 4323 3714 4382 intelli~

452 4427 636 4497 gibilis
658 4429 782 4481 cum
811 4427 1159 4498 intelligibili,
1187 4445 1282 4498 per
1303 4428 1642 4483 identitatem
1667 4428 2030 4495 voluntatum,
2066 4435 2432 4503 unionemque
2452 4440 2506 4487 et
2539 4431 3013 4502 temperationem.

523 4541 668 4609 Διότι
717 4540 838 4592 οὐδέ
873 4541 990 4591 ἐστι
1018 4539 1247 4611 διαφορὰ
1278 4539 1372 4593 τοῦ
1397 4538 1527 4592 Υίοῦ
1567 4540 1663 4593 καὶ⁹
1693 4539 1787 4592 τοῦ
1823 4541 2032 4612 Πατρὸς

2206 4544 2477 4611 Quocirca
2507 4559 2685 4614 neque
2726 4550 2811 4598 est
2844 4540 3151 4597 dili'erentia
3189 4539 3311 4593 Filii
3344 4545 3398 4593 et
3439 4537 3615 4591 Patris
3656 4536 3708 4589 in

453 4637 511 4689 ὲν
536 4635 836 4704 θελήματι·
864 4634 998 4686 ἀλλά
1021 4634 1163 4687 κατὰ
1182 4633 1244 4686 τὸ
1255 4633 1562 4705 ἀρχέτυπον
1576 4634 1672 4704 τῆς
1701 4633 2036 4704 ἁγαθότητος

450 4727 666 4789 κάλλος,
704 4726 798 4778 καὶ
821 4727 853 4796 ἡ
884 4725 1048 4778 εἰκὼν
1074 4728 1192 4778 ἐστι
1213 4725 1314 4795 τῆς
1331 4725 1686 4795 ἀγαθότητος.
1718 4726 1828 4778 Καὶ
1848 4727 1996 4781 ὥσπε
2004 4745 2037 4799 ρ

452 4819 506 4870 εἴ
532 4836 614 4881 τις
635 4817 826 4870 ἑαυτὸν
860 4818 918 4868 ὲν
951 4816 1242 4888 κατόπτρῳ
1274 4815 1460 4886 βλέποι
1491 4816 1712 4885 (κωλύει
1747 4817 1854 4888 γὰρ
1883 4817 2037 4870 οὐδὲν

453 4911 786 4980 σωματικοῖς
820 4908 1182 4979 ὑποδείγμασι
1201 4909 1550 4979 παραστῆσαι
1572 4908 1631 4960 τὺ
1649 4910 1868 4979 νόημα),
1895 4910 2037 4964 κατὰ

455 5002 632 5056 πάντα
661 5004 798 5071 πρὸς
828 5001 889 5053 τὸ
912 5000 1268 5071 πρωτότυπον
1296 5001 1390 5052 καὶ
1416 5001 1450 5070 ή
1481 4998 1644 5053 εἰκὼν
1679 5001 2033 5072 μορφωθήσε-

451 5112 560 5159 ται,
596 5095 671 5157 ὡς
700 5093 876 5147 αἰτίαν
899 5093 997 5162 τῆς
1015 5095 1072 5146 ὲν
1095 5091 1174 5162 τῷ
1203 5092 1493 5163 κατόπτρῳ
1526 5092 1736 5162 μορφῆς
1765 5091 1903 5146 εἶναι
1933 5094 2033 5162 τὴν

453 5186 726 5254 ἐνορῶσαν
756 5185 970 5255 μορφήν
993 5199 1006 5212 ·
1038 5184 1132 5237 καὶ
1157 5185 1294 5254 μήτε
1334 5183 1619 5243 κινεῖσθαι,
1657 5185 1794 5254 μήτε
1817 5186 2031 5238 ἐπικλί-

453 5276 637 5330 νεσθαι
662 5276 784 5330 καθ’
812 5275 1008 5347 ἑαυτὴν
1040 5277 1135 5346 τὴν
1159 5276 1362 5340 εἰκόνα,
1396 5274 1469 5346 μὴ
1503 5274 1592 5327 τοῦ
1609 5274 1914 5345 ἀρχετύπου
1934 5277 2033 5346 τῆς

453 5367 833 5438 ὲπικλίσεωςῆ
867 5365 964 5436 τῆς
987 5368 1255 5436 κινήσεως
1299 5366 1580 5432 ἄρξαντος.
1608 5367 1670 5417 Ei
1691 5366 1746 5418 δὲ
1781 5366 2026 5437 κινηθείη

449 5458 512 5511 τὸ
555 5458 984 5528 προηγούμενον,
1026 5456 1395 5526 συγκινεῖσθαι
1424 5457 1640 5520 πάντως
1669 5459 1762 5510 καὶ
1782 5459 1842 5510 τὸ
1871 5460 1926 5509 ἐν
1950 5457 2028 5528 τῷ

453 5550 740 5622 κατόπτρῳ
769 5549 1136 5619 δεικνύμενον.
1175 5548 1330 5603 Οὖτω
1363 5548 1546 5617 φαμὲν
1578 5548 1672 5601 καὶ
1700 5547 1798 5618 τὴν
1843 5550 2026 5602 εἰκόνα

451 5643 546 5696 τοῦ
577 5641 713 5697 Θεοῦ
739 5642 831 5697 τοῦ
857 5643 1110 5714 ἀοράτου,
1141 5643 1230 5696 τόν
1271 5642 1490 5714 Κύριον,
1515 5641 1647 5712 πρὸς
1665 5643 1844 5697 πᾶσαν
1867 5641 2020 5714 θελή-

2131 4637 2435 4698 volnntate,
2462 4635 2558 4690 sed
2587 4633 2886 4691 secundum
2915 4630 3292 4702 primigeniam
3320 4629 3582 4683 bonitatis
3603 4628 3714 4698 pul-

2133 4729 2526 4792 chritudinem,
2548 4727 2717 4782 etiam
2741 4726 2919 4794 imago
2942 4731 3026 4779 est
3050 4722 3327 4778 bonitatis.
3358 4719 3423 4775 Et
3450 4719 3714 4790 quemad-

2133 4820 2353 4875 modum
2389 4821 2436 4876 si
2463 4819 2587 4891 quis
2616 4819 2858 4887 scipsum
2896 4821 2950 4870 in
2986 4816 3210 4886 speculo
3247 4815 3712 4883 contemplaretur

2137 4913 2294 4986 (nihil
2331 4913 2475 4966 enim
2507 4919 2654 4965 vetat
2684 4909 2964 4980 corporeis
3003 4908 3268 4977 exemplis
3312 4906 3590 4960 notionem
3625 4921 3714 4961 re-

2136 5004 2511 5074 praesentare),
2542 5018 2636 5072 per
2667 5003 2851 5055 omnia
2883 5002 2948 5054 ad
2982 5001 3259 5069 exemplar
3287 4999 3468 5067 imago
3506 4998 3714 5052 forma-

2135 5093 2300 5156 bitur,
2327 5103 2382 5146 ut
2411 5107 2578 5147 causa
2613 5091 2684 5146 sit
2718 5091 2906 5144 forma:
2935 5105 3057 5159 quae
3088 5097 3172 5144 est
3199 5088 3254 5142 in
3285 5087 3508 5157 speculo
3533 5087 3711 5141 forma

2134 5198 2256 5252 quae
2289 5183 2531 5236 intuetur
2573 5201 2586 5234 :
2631 5182 2707 5234 ita
2762 5189 2821 5234 ut
2855 5196 3032 5250 neque
3072 5189 3376 5242 moveatur,
3421 5195 3598 5248 neque
3627 5179 3713 5232 in-

2121 5275 2372 5328 .clinetur
2403 5290 2498 5344 per
2529 5275 2767 5344 seipsam
2804 5275 3002 5342 imago,
3053 5273 3159 5327 nisi
3192 5274 3472 5343 exemplar
3499 5273 3710 5343 princi—

2134 5367 2282 5437 pium
2318 5367 2530 5421 dederit
2569 5366 2939 5420 inclinationis
2995 5366 3078 5419 vel
3123 5366 3400 5419 molionis.
3452 5364 3605 5429 Quod
3661 5366 3708 5420 si

2135 5459 2279 5528 quod
2308 5461 2463 5528 praeit
2491 5466 2698 5511 motum
2719 5456 2904 5518 fuerit,
2930 5457 3091 5510 simul
3124 5457 3286 5510 etiam
3316 5456 3519 5508 moveri
3551 5457 3711 5524 plane

2133 5553 2276 5622 quod
2318 5553 2370 5606 in
2403 5552 2627 5623 speculo
2668 5558 3111 5620 reprasentatnr.
3157 5549 3247 5602 Sic
3287 5548 3524 5602 dicimus
3573 5548 3710 5600 ima-

2131 5647 2310 5716 ginem
2344 5643 2434 5698 Dci
2481 5643 2772 5698 invisibilis
2813 5642 3124 5705 Dominum,
3169 5639 3234 5694 ad
3265 5656 3480 5695 onmem
3516 5641 3708 5693 volun-
