4146 6386
426 417 537 472 €85

1492 428 1767 485 CONTRA
1807 422 2186 486 EUNOMiUM,
2212 421 2340 478 UB.
2366 416 2482 482 ΧΠ.

3545 423 3650 478 986
3696 462 3699 465 λ

407 539 588 592 τεκαὶ
610 538 928 610 διοικήσεως
956 538 1148 603 αἴτιον,
1191 534 1252 595 οὗ
1303 543 1448 594 πΞίσα
1478 543 1706 613 ἐξῆπται
1737 544 1768 611 ἡ
1803 541 1978 608 φύσις,

2091 545 2410 607 penetrante
2429 579 2443 603 ,
2474 536 2574 594 sed
2601 536 2847 606 quaedam
2875 545 2959 592 est
2983 537 3223 592 universi
3251 536 3659 591 constitutionis

410 632 662 685 κάκεῖθεν
698 632 795 694 τὰς
850 632 1025 703 ἀρχὰς
1072 635 1165 686 καὶ
1189 635 1286 697 τὰς
1312 634 1486 696 αἰτίας
1524 636 1653 705 ἔχει,
1704 638 1796 687 καὶ
1845 637 1981 706 πρὸς

410 724 621 776 ἐκεῖνον
663 724 882 777 νένευκέ
935 741 994 777 τε
1058 728 1151 778 καὶ
1189 727 1711 797 ἐπιστρέφεται,καὶ
1749 728 1805 779 ἐν
1834 726 1981 796 αὐτῷ

407 813 670 883 διαμένει.
729 814 838 865 Καὶ
873 816 1079 885 ἐπειδὴ,
1122 817 1301 878 καθώς
1334 834 1497 887 φησιν
1524 820 1551 868 ὁ
1584 818 1918 882 ’Λπόστολος,
1946 820 1980 889 ἡ

408 904 575 966 ἀΐδιος
604 905 764 957 αὑτοῦ
798 904 1026 976 δύναμις
1057 908 1149 960 καὶ
1183 908 1392 977 θειότης
1409 910 1513 962 ἀπὸ
1528 909 1626 978 τῆς
1654 909 1745 961 τοῦ
1774 911 1980 980 κόσμου

409 995 637 1058 κτίσεως
670 999 929 1068 νοουμένη
975 996 1293 1068 καθορᾶται,
1331 1001 1416 1054 διὰ
1445 1001 1604 1053 τοῦτο
1638 1005 1785 1055 πᾶσα
1810 1005 1841 1072 ἠ
1867 1003 1983 1055 κτί-

410 1104 514 1150 σις,
544 1090 638 1141 καὶ
679 1090 783 1158 πρό
813 1107 875 1157 γε
904 1090 1140 1152 πάντων,
1175 1092 1356 1156 καθώς
1388 1111 1549 1162 φησιν
1582 1097 1609 1147 ὁ
1660 1096 1835 1161 λόγος,
1867 1097 1899 1164 ἠ
1925 1098 1981 1147 ἐν

406 1179 520 1240 τοῖς
565 1179 811 1248 οὐρανοῖς
856 1179 1233 1250 διακόσμησις,
1289 1183 1377 1234 διὰ
1426 1184 1525 1251 τῆς
1580 1186 1981 1254 ἐμφαινομένης

407 1274 517 1325 τοῖς
581 1271 826 1339 γεγονόσι
878 1274 1091 1343 τέχνης,
1128 1276 1226 1345 τὴν
1257 1276 1349 1327 τοῦ
1407 1279 1761 1347 πεποιηκότος
1793 1280 1981 1347 σοφίαν

407 1362 760 1417 ἐνδείκνυται.
798 1365 906 1417 Καὶ
938 1366 1093 1417 τοῦτὸ
1130 1384 1216 1435 μοι
1251 1366 1395 1418 δοκεῖ
1438 1371 1780 1439 παραστῆσαι
1817 1371 1983 1423 θέλων

404 1453 504 1524 τὴν
534 1457 597 1505 ἐκ
641 1454 748 1506 τῶν
790 1457 1127 1525 φαινομένων
1158 1458 1481 1528 μαρτυρίαν,
1534 1460 1625 1511 τοῦ
1667 1461 1846 1528 σοφῶς
1890 1464 1983 1515 καὶ

406 1544 671 1613 ἐντέχνως
708 1544 778 1599 τὰ
820 1545 947 1599 ὄντα
992 1547 1446 1611 κατεσκευάσθαι,
1484 1552 1575 1601 καὶ
1608 1552 1780 1603 εἰσαεὶ
1806 1552 1985 1622 διαμέ-

405 1650 514 1687 νειν
541 1637 598 1687 ἐν
628 1638 690 1705 τῇ
730 1636 951 1706 δυνάμει
997 1638 1093 1689 ’τοῦ
1126 1640 1185 1690 τὸ
1220 1641 1328 1692 πᾶν
1372 1641 1721 1705 οίακίζοντος.
1754 1645 1960 1706 Αὐτοὺς

408 1732 544 1795 φησὶ
594 1730 718 1790 τοῦς
753 1730 1031 1799 οὐρανοὺς,
1066 1732 1132 1783 δι’
1164 1725 1236 1783 ὧν
1278 1732 1376 1802 τὴν
1414 1734 1603 1803 σοφίαν
1635 1733 1727 1787 τοῦ
1759 1752 1983 1805 πεποιη-

406 1819 560 1880 κότος
610 1818 963 1883 δεικνύουσιν,
1012 1823 1290 1892 μονονουχὶ
1338 1823 1518 1893 φωνὴν
1540 1826 1816 1892 ἀφιέντας.

2084 637 2137 683 et
2169 630 2666 685 administrationis
2696 646 2885 694 causa,
2926 647 2991 686 ex
3027 646 3132 701 qua
3165 630 3351 684 omnis
3385 630 3657 699 dependet

2084 730 2302 783 natura,
2333 730 2497 789 atque
2522 721 2671 775 illinc
2694 722 2960 791 principia
2984 731 3039 777 et
3062 736 3256 777 causas
3288 721 3475 783 habet,
3505 730 3556 776 et
3587 720 3655 773 ad

2084 811 2241 864 illum
2270 822 2443 874 nutat,
2478 822 2531 866 et
2570 815 2928 875 convertitur,
2966 822 3019 868 et
3053 815 3115 867 in-
3140 829 3205 867 eo
3240 822 3537 882 permanet.
3578 811 3654 864 Ae

2083 904 2367 972 quoniam,
2402 904 2544 958 sicut
2572 905 2649 957 ait
2688 906 2984 973 Apostolus
3006 906 3071 968 ’9,
3106 905 3437 973 sempiterna
3481 903 3654 956 vittas

2085 1004 2140 1050 et
2174 995 2350 1049 dcitas
2383 1012 2412 1047 a
2455 994 2642 1049 mundi
2675 1005 2928 1050 creatura
2966 997 3100 1049 dum
3133 996 3475 1065 intelligitur,
3522 1009 3656 1046 con-

2092 1088 2343 1157 spicitnr,
2380 1097 2665 1158 propterea
2696 1090 2875 1143 omnis
2908 1096 3179 1154 creatura,
3212 1097 3273 1142 et
3290 1099 3414 1141 ante
3446 1087 3654 1149 omnia,

2085 1180 2227 1233 sicut
2260 1182 2390 1234 dicit
2435 1197 2634 1244 sermo,
2670 1182 2723 1234 iu
2756 1182 2908 1235 caelis
2933 1192 3181 1243 ornatus,
3214 1196 3309 1250 per
3339 1190 3507 1233 artem
3535 1196 3656 1249 quae

2083 1273 2138 1326 in
2173 1275 2259 1327 his
2292 1289 2415 1342 qua:
2452 1275 2592 1327 facta
2640 1283 2768 1328 sunt
2812 1283 3058 1343 apparet,
3100 1273 3218 1342 ejus
3274 1273 3367 1342 qui
3411 1272 3655 1325 condidit

2085 1366 2407 1433 sapientiam
2459 1366 2815 1419 demonstrat.
2874 1368 3050 1434 Atque
3113 1366 3214 1417 hoc
3272 1364 3403 1417 mihi
3442 1365 3656 1417 videtur

2085 1458 2223 1510 velle
2276 1474 2339 1511 ex
2378 1459 2462 1512 his
2498 1476 2618 1531 quae
2664 1471 2927 1529 apparent
2972 1456 3343 1512 testimonium
3375 1456 3653 1518 exhibere,

2084 1546 2228 1613 quod
2247 1561 2307 1600 ea
2328 1564 2447 1617 qum
2466 1558 2593 1603 sunt
2623 1552 2898 1617 sapienter
2919 1560 2970 1603 et
2999 1548 3293 1603 artiiiciose
3316 1569 3327 1596 ‹
3348 1555 3652 1611 onstructa,

2084 1649 2405 1705 permanent
2439 1642 2491 1692 in
2526 1650 2845 1710 perpetuum
2873 1642 2925 1694 in
2964 1642 3160 1693 virtute
3194 1644 3313 1708 ejus
3343 1639 3434 1707 qui
3469 1640 3653 1691 omnia

2085 1729 2371 1796 gubernat.
2407 1731 2557 1799 ipsos
2609 1734 2786 1799 inquit
2838 1735 3029 1796 eteios,
3058 1746 3153 1801 per
3184 1748 3303 1800 quae
3329 1732 3653 1800 sapientiam

2083 1819 2202 1887 ejus
2229 1821 2318 1889 qui
2345 1823 2585 1876 condidit
2611 1823 3009 1885 demonstrant,
3040 1824 3432 1893 propemodum
3460 1836 3649 1876 vocem

406 1909 499 1960 καὶ
545 1908 927 1980 διακηρύσσειν
976 1911 1067 1963 τοῦ
1109 1912 1438 1982 δημιουργοῦ
1493 1915 1590 1984 τὴν
1644 1916 1831 1984 σοφίαν
1866 1915 1978 1984 δίχα

2089 1916 2401 1968 emittenles
2431 1917 2664 1970 clamare
2703 1926 2755 1970 et
2784 1916 3080 1986 praedicare
3107 1916 3224 1969 sine
3256 1930 3405 1978 voce,
3443 1915 3655 1982 opiiicis

406 2001 609 2070 φωνῆς.
672 2004 883 2066 Ἔξεστι
906 2004 1014 2073 γὰρ
1052 2006 1213 2056 οἱονεὶ
1258 2006 1399 2077 λόγῳ
1429 2006 1601 2059 ταῦτα
1630 2008 1984 2061 διδασκόντων

404 2092 643 2155 ἀκούειν,
672 2094 751 2145 ὅτι
773 2094 909 2164 Πρὸς
941 2097 1089 2164 ἡμᾶς
1115 2097 1370 2166 ὁρῶντες,
1406 2093 1451 2150 ὦ
1474 2098 1770 2170 ἄνθρωποι,
1802 2102 1896 2153 καὶ
1923 2102 1984 2153 τὸ

404 2185 463 2236 ὲν
490 2185 618 2253 ἡμῖν
652 2185 843 2248 κάλλος
876 2187 969 2239 καὶ
1002 2187 1249 2257 μέγεθος,
1283 2190 1376 2241 καὶ
1406 2192 1503 2259 τὴν
1529 2192 1833 2261 ἀεικίνητον
1850 2194 1982 2244 ταύ-

402 2291 501 2344 την
528 2277 849 2346 περιφορὰν,
890 2280 982 2331 καὶ
1021 2280 1117 2349 τὴν
1150 2279 1410 2333 εὔτακτόν
1438 2299 1496 2333 τε
1520 2284 1612 2335 καὶ
1642 2285 1987 2354 ἐναρμόνιον,

404 2370 499 2421 καὶ
531 2370 616 2422 ἀεὶ
648 2370 791 2423 κατὰ
820 2370 887 2424 τὰ
932 2372 1070 2423 αὐτὰ
1093 2374 1185 2425 καὶ
1209 2374 1466 2437 ὡσαύτως
1494 2375 1720 2445 ἔχουσαν
1748 2378 1985 2447 κίνησιν,

401 2463 630 2533 νοήσατε
664 2463 753 2516 τὴν
784 2465 1173 2517 ἐπιστατοῦντα
1211 2468 1309 2537 τῆς
1342 2468 1615 2538 ἡμετέρας
1649 2468 1979 2531 συστάσεως,

402 2557 501 2607 καὶ
524 2555 610 2608 διὰ
646 2556 739 2608 τοῦ
771 2558 1091 2628 φαινομένου
1141 2560 1389 2623 κάλλους,
1425 2560 1486 2611 τὸ
1516 2562 1867 2628 πρωτότυπον
1889 2562 1982 2614 καὶ

401 2647 632 2717 ἀόρατον
681 2648 874 2712 κάλλος
914 2650 1320 2718 ἀναλογίσασθε.
1370 2652 1535 2705 Οὐδὲν
1592 2653 1700 2722 γὰρ
1743 2653 1800 2704 ἐν
1848 2655 1980 2722 ἡμῖν

404 2740 699 2792 ἀδέσποτον
727 2742 759 2812 ἦ
793 2742 1162 2813 αὐτοκίνητον,
1186 2744 1216 2813 ἢ
1246 2744 1548 2813 αὐτόματον
1569 2762 1581 2774 ο
1624 2746 1757 2798 ἀλλὰ
1790 2749 1897 2799 πᾶν
1921 2748 1981 2800 τὸ

404 2833 725 2903 φαινόμενόν
752 2852 810 2887 τε
832 2836 959 2905 περὶ
986 2838 1135 2906 ἡμᾶς
1173 2838 1264 2889 καὶ
1304 2837 1607 2907 νοούμενον,
1643 2840 1739 2908 τῆς
1771 2840 1980 2910 ὑψηλῆς

402 2938 463 2977 τε
491 2925 585 2977 καὶ
615 2926 891 2995 ἀφράστου
925 2929 1203 2998 δυνάμεως
1224 2931 1474 3001 ἢρτηται.
1503 2932 1685 2983 Ταῦτα
1699 2933 1854 2999 λόγος
1882 2935 1985 3003 μὲν

404 3012 667 3087 ἔναρθρος
690 3017 789 3069 οὐκ
817 3018 983 3084 ἔστιν,
1026 3020 1265 3090 ἐντίθησι
1295 3021 1352 3073 δὲ
1392 3021 1480 3074 διὰ
1508 3020 1620 3072 τῶν
1644 3023 1985 3090 φαινομένων

402 3111 522 3170 ταῖς
551 3109 750 3177 ψυχαῖς
773 3109 871 3180 τὴν
899 3111 1100 3177 γνῶσιν
1129 3113 1225 3181 τῆς
1253 3112 1403 3176 θείας
1441 3114 1740 3183 δυνάμεως,
1780 3116 1977 3184 μᾶλλον

402 3200 437 3269 ἢ
466 3200 627 3252 εἰδιὰ
658 3202 839 3271 φωνῆς
881 3204 910 3253 ὁ
963 3202 1121 3269 λόγος
1169 3204 1492 3274 ἐκήρυσσεν.
1547 3206 1755 3277 Ὥσπερ
1801 3208 1978 3259 τοίνυν
2004 3241 2047 3300 G

400 3290 662 3361 διηγεῖται
690 3295 718 3345 ὁ
754 3293 999 3363 οὐρανὸς,
1030 3296 1123 3347 καὶ
1149 3296 1207 3347 οὐ
1243 3297 1557 3364 φθέγγεται,
1586 3300 1677 3350 καὶ
1716 3300 1977 3367 ἀναγγέλ-

402 3384 486 3436 λει
516 3384 577 3435 τὸ
616 3383 900 3455 στερέωμα
946 3386 1042 3457 τὴν
1074 3387 1167 3439 τοῦ
1200 3388 1334 3439 Θεοῦ
1374 3389 1610 3459 ποίησιν,
1663 3390 1755 3442 καὶ
1799 3393 1978 3462 φωνῆς

402 3476 463 3528 ού
513 3476 848 3547 προσδέεται,
889 3479 981 3531 καὶ
1009 3478 1162 3548 ῥῆμα
1190 3479 1249 3530 οὐ
1287 3481 1531 3549 προΐεται
1582 3483 1615 3551 ἡ
1655 3482 1853 3551 ἡμέρα,
1887 3486 1979 3535 καὶ

402 3568 561 3621 λαλιὰ
586 3572 684 3622 οὐκ
712 3570 884 3621 ἔστιν·
918 3573 1011 3624 καὶ
1039 3574 1135 3624 οῦκ
1168 3572 1232 3624 ἄν
1256 3589 1340 3635 τις
1384 3574 1526 3626 εἴποι
1560 3574 1977 3643 διασφάλλεσθαι

402 3659 502 3729 τὴν
546 3663 880 3732 προφητείαν
909 3675 922 3689 ⁸
949 3664 1088 3715 κατὰ
1122 3664 1209 3715 τὸν
1230 3665 1390 3716 αὑτὸν
1424 3667 1641 3735 τῷπον,
1678 3668 1863 3739 ἐπειδὴ
1898 3663 1977 3729 εἷς

404 3754 729 3824 ἀμφοτέροις
759 3755 836 3824 τῷ
856 3756 1041 3807 Μωσεί
1070 3757 1162 3808 καὶ
1191 3755 1268 3825 τῷ
1306 3755 1468 3808 Δαεὶδ
1499 3758 1526 3808 ὁ
1554 3757 1887 3821 διδάσκαλος,
1916 3760 1977 3811 τὸ

404 3845 627 3916 Πνεῦμα
658 3847 803 3914 λέγω
844 3847 904 3899 τὸ
942 3849 1112 3915 ἅγιον,
1149 3852 1177 3901 ὀ
1219 3850 1277 3901 τὸ
1313 3850 1637 3918 πῴσταγμα
1662 3852 1977 3921 καθηγήσα-

405 3936 526 3991 σθαι
555 3939 652 4006 τῆς
674 3940 902 4003 κτίσεως
921 3940 1112 4007 λέγων,
1141 3943 1202 3994 οὐ
1222 3944 1479 4012 ῥημάτων
1500 3944 1629 4012 ἡμῖν
1652 3944 1977 4016 δημιουργὸν

401 4029 493 4082 τὸν
522 4030 655 4082 Θεὸν
702 4031 1033 4093 ὑποτίθεται,
1074 4033 1211 4085 ἀλλὰ
1254 4037 1594 4105 πραγμάτων
1625 4035 1711 4089 διὰ
1742 4038 1839 4105 τῆς
1870 4037 1976 4089 τῶν

405 4122 664 4192 ῥημάτων
696 4124 968 4191 σημασίας
1020 4125 1451 4196 γνωριζομένων.
1479 4128 1591 4179 Ἵνα
1620 4128 1727 4197 γάρ
1753 4130 1825 4200 μη
1851 4128 1974 4181 ἁδέ-

404 4212 579 4265 σποτά
610 4230 729 4266 τινα
775 4215 867 4266 καὶ
889 4215 1133 4286 αὐτοφυῆ
1164 4216 1262 4286 τὴν
1292 4218 1466 4270 κτίσιν
1499 4215 1636 4271 εἶναι
1670 4221 1972 4289 νοήσωμεν,

400 4305 494 4358 καὶ
540 4304 866 4375 γεγενῆσθαι
922 4307 1126 4377 ταύτην
1178 4309 1326 4376 παρὰ
1353 4313 1451 4379 τῆς
1482 4311 1687 4376 τάξεως
1712 4312 1972 4383 φιλοσοφῇ

398 4392 509 4447 τῶν
537 4393 681 4447 κατὰ
706 4395 805 4465 τὴν
835 4396 1187 4465 κοσμοποιίαν
1218 4397 1322 4449 ὑπὸ
1355 4399 1448 4451 τοῦ
1470 4401 1711 4463 Μωσέως
1736 4405 1792 4454 ὲν
1834 4404 1975 4455 ἱστο-

401 4487 523 4559 ρίας
571 4489 874 4559 χαρακτῆρι
919 4489 1261 4560 δογματικῶς
1311 4492 1631 4563 εἰρημένων.
1668 4493 1735 4547 "ll
1769 4496 1877 4568 γὰρ
1907 4496 1972 4549 ἂν

2088 2007 2437 2074 sapientiam.
2472 2006 2624 2061 Licet
2656 2008 2801 2061 cnitn
2838 2009 2985 2062 velut
3012 2022 3262 2061 sermone
3300 2006 3415 2061 haec
3445 2006 3654 2059 docen-

2085 2103 2167 2150 tes
2202 2099 2411 2161 audire,
2452 2101 2596 2167 quod
2630 2101 2688 2154 in
2722 2114 2823 2155 nos
2868 2107 3174 2162 cernentes,
3220 2113 3251 2151 0
3298 2098 3566 2159 homines,
3600 2105 3656 2151 et

2085 2205 2205 2257 quae
2228 2192 2279 2243 in
2316 2191 2473 2246 nobis
2505 2199 2587 2246 est
2613 2192 3095 2261 pulchritudinem,
3129 2198 3183 2246 et
3221 2191 3653 2261 magnitudinem

2085 2298 2405 2352 semperque
2452 2284 2706 2338 mobilem
2754 2286 2895 2337 hanc
2945 2285 2996 2337 in
3049 2284 3235 2340 orbem
3294 2285 3572 2350 lationem,
3596 2291 3653 2337 et

2084 2373 2220 2427 bene
2252 2376 2587 2437 ordinatum,
2621 2390 2685 2429 ac
2723 2376 3050 2429 concinnum
3095 2390 3191 2445 per
3217 2374 3404 2429 eadem
3438 2389 3653 2442 semper

2083 2472 2138 2517 et
2168 2464 2358 2517 eodem
2389 2466 2550 2519 modo
2580 2465 2864 2519 habentem
2903 2475 3132 2531 motum,
3164 2466 3358 2519 animis
3388 2466 3654 2519 advertite

2083 2563 2283 2609 nostrae
2309 2557 2720 2611 constitutionis
2754 2566 3034 2611 auctorem
3064 2567 3117 2611 et
3139 2557 3447 2627 praesidem,
3472 2566 3524 2610 ct
3555 2572 3654 2625 per

2083 2649 2433 2716 apparentem
2460 2649 2920 2718 pulchritudinem
2951 2651 3268 2720 primariam
3299 2659 3353 2704 et
3373 2652 3654 2720 exempla-

2082 2754 2217 2803 rem,
2249 2748 2411 2809 atque
2430 2726 2762 2797 invisibiiem
2792 2743 3256 2811 pulchritudinem
3285 2742 3495 2797 ratione
3524 2757 3652 2812 per-

2080 2832 2319 2902 pendite.
2370 2831 2516 2887 Nihil
2563 2835 2618 2887 in
2663 2836 2822 2889 nobis
2885 2836 3092 2904 absque
3145 2834 3376 2889 Domino
3409 2844 3462 2890 et
3502 2843 3653 2890 certo

2081 2935 2326 2986 auctore,
2367 2926 2503 2978 nihil
2552 2943 2647 2996 per
2695 2942 2753 2981 se
2788 2928 2987 2981 mobile
3028 2930 3111 2981 vei
3151 2942 3283 2981 casu
3329 2936 3383 2981 et
3425 2927 3652 2981 fortuito

2078 3016 2407 3079 incitatum;
2452 3016 2545 3070 sed
2597 3018 2859 3087 quidquid
2910 3018 2967 3070 in
3010 3017 3169 3087 nobis
3211 3028 3437 3087 apparet
3484 3029 3537 3072 et
3568 3020 3653 3072 iu-

2078 3107 2355 3176 teiiigitur,
2383 3124 2449 3161 es
2476 3108 2699 3161 sublimi
2753 3118 2808 3162 et
2853 3107 3221 3177 inexplicabili
3246 3110 3483 3177 potentia
3515 3124 3650 3178 pen-

2080 3198 2189 3253 det.
2225 3199 2348 3253 llaec
2389 3202 2607 3269 quidem
2642 3217 2747 3253 non
2779 3208 2906 3253 sunt
2947 3216 3126 3255 sermo
3172 3201 3513 3264 at'ticttiatus,
3552 3200 3650 3255 sed

2079 3306 2176 3360 per
2208 3305 2270 3344 ea
2301 3307 2420 3360 qua:
2450 3300 2717 3359 apparent
2744 3292 2915 3361 magis
2946 3291 3195 3346 inserunt
3222 3292 3421 3345 animis
3448 3290 3649 3344 divinae

2079 3382 2301 3436 virtutis
2350 3384 2737 3451 cognitionem,
2799 3384 2979 3452 potius
3026 3398 3188 3453 quam
3241 3384 3287 3437 si
3325 3399 3418 3452 per
3464 3398 3648 3437 vocem

2078 3489 2259 3527 sermo
2306 3474 2665 3542 praedicaret.
2709 3475 3177 3538 Quemadmodum
3232 3475 3397 3544 igitur
3447 3474 3649 3530 cwlunt

2077 3573 2315 3628 enarrat,
2362 3579 2460 3616 nec
2502 3564 2765 3633 loquitur,
2813 3577 2867 3618 et
2905 3568 3195 3617 annuntiat
3246 3567 3649 3619 iirmamentunt

2080 3654 2171 3708 Dei
2202 3657 2597 3723 op.:rationem,
2637 3674 2812 3725 neque
2844 3674 2974 3711 voce
3016 3658 3241 3726 indiget,
3279 3674 3379 3711 nec
3419 3658 3649 3711 verbum

2077 3746 2194 3800 dies
2246 3749 2482 3815 proiicit,
2535 3758 2587 3801 et
2620 3765 2728 3801 non
2784 3758 2867 3802 est
2918 3750 3133 3819 loquela
3165 3790 3178 3808 .
3239 3764 3414 3818 neque
3447 3750 3650 3805 dixerit

2076 3838 2364 3907 quisquam
2412 3841 2726 3892 vaticinium
2774 3856 3032 3894 errasse:
3068 3840 3259 3896 eodem
3316 3843 3476 3896 modo
3511 3859 3649 3911 quo-

2076 3931 2223 3983 niam
2258 3946 2397 3985 unus
2435 3933 2701 3986 ambobus
2736 3932 2870 3985 Mosi
2905 3943 2959 3985 et
2994 3931 3454 4004 David(Spiritus,
3489 3936 3639 4002 dico,

2079 4019 2518 4085 sanetus)doctor
2548 4024 2669 4085 fuit,
2696 4023 2788 4092 qui
2813 4024 3028 4091 jussum
3065 4035 3327 4079 creatura:
3358 4027 3648 4095 praeiuisse

2077 4114 2233 4177 dicit,
2274 4130 2381 4167 non
2407 4116 2695 4169 verborum
2732 4118 2889 4171 nobis
2911 4119 3159 4186 opiiicem
3193 4118 3360 4173 Deum
3393 4123 3643 4191 subjicit,

2077 4207 2174 4262 sed
2216 4224 2397 4262 rerum
2448 4226 2570 4278 quin
2622 4210 2909 4263 verborum
2958 4212 3357 4281 signiﬁcatione
3427 4216 3646 4271 innote-

2075 4306 2255 4354 scunt.
2272 4300 2353 4352 Ne
2370 4301 2513 4352 enim
2547 4300 2790 4369 quaedam
2822 4300 2941 4354 sine
2966 4310 3116 4355 certo
3132 4310 3354 4357 auctore
3374 4312 3427 4359 et
3455 4316 3649 4374 sponte

2074 4404 2173 4443 sua
2200 4391 2349 4445 edita
2390 4406 2534 4455 esse,
2573 4393 2753 4460 quoad
2791 4393 3148 4455 creationem,
3198 4395 3381 4449 animo
3417 4413 3645 4465 capere-

2074 4498 2218 4544 mus,
2267 4484 2428 4537 etiam
2466 4484 2606 4538 hanc
2651 4484 2891 4554 genitam
2937 4502 3055 4540 CSoc
3100 4486 3170 4539 ab
3207 4486 3401 4543 ordine
3451 4504 3647 4549 eorum

401 4577 622 4648 μᾶλλον,
647 4578 714 4630 δι’
753 4580 982 4632 ἑκάστου
1009 4581 1117 4633 τῶν
1154 4585 1569 4653 γεγραμμένων,
1606 4585 1667 4637 τὸ
1696 4588 1972 4658 πεπλανη-

2079 4592 2195 4645 qua:
2229 4576 2286 4629 in
2339 4575 2527 4629 'nundi
2575 4577 2852 4630 creatione
2879 4592 2908 4630 a
2937 4576 3086 4631 Mose
3130 4579 3184 4631 in
3233 4579 3474 4634 historia:
3515 4582 3646 4636 cha-

400 4671 563 4740 μένον
599 4688 660 4724 τε
717 4674 808 4725 καὶ
840 4674 1065 4742 μάταιον
1101 4674 1201 4744 τῆς
1236 4675 1343 4726 τῶν
1370 4677 1625 4729 ἐναντίων
1654 4679 1970 4751 ὑπολήψεως

396 4762 644 4832 φανερῶς
705 4763 1016 4834 διηλέγχθη.
1058 4764 1274 4828 Ἔξεστι
1322 4766 1378 4818 δὲ
1417 4767 1495 4836 τῷ
1531 4767 1833 4841 βουλομένῳ
1856 4774 1969 4836 τοῖς

395 4856 475 4917 εἰς
499 4854 598 4925 τὴν
649 4854 864 4908 Γένεσιν
909 4857 1307 4925 πεπονημένοις
1337 4860 1467 4927 ἡμῖν
1500 4862 1793 4929 ἐντυχόντι,
1823 4862 1968 4915 δοκι-

398 4947 566 5021 μάσαι
592 4947 701 4999 τῶν
747 4964 806 4999 τε
842 4948 1123 5019 ἡμετέρων
1154 4952 1247 5002 καὶ
1276 4951 1384 5003 τῶν
1414 4952 1743 5004 ὑπεναντίων
1773 4954 1968 5024 δογμά-

393 5054 500 5088 των
523 5038 612 5090 τὸν
642 5037 1061 5109 άκολουθότερον
1098 5038 1272 5107 λόγον.
1313 5041 1449 5093 Ἀλλ’
1487 5043 1579 5094 ἐπὶ
1609 5044 1706 5112 τὴν
1745 5060 1968 5115 προκει-

397 5127 567 5198 μένην
588 5131 719 5199 ημῐν
749 5130 982 5201 σπουδὴν
1010 5131 1341 5185 ἐπανακτέον
1379 5134 1467 5185 τὸν
1501 5134 1669 5203 λόγον.

468 5385 589 5435 Ὅτι
622 5386 682 5437 ού
714 5386 931 5451 πάντως
965 5390 1057 5441 ἐπὶ
1096 5389 1227 5443 Θεοῦ
1268 5392 1452 5461 φωνὴν
1495 5395 1588 5447 καὶ
1623 5395 1774 5466 ῥῆμα
1803 5399 1836 5465 ἡ
1874 5398 1967 5451 τοῦ

390 5477 736 5546 είπεῖνλέξις
758 5482 1107 5548 ἐνδείκνυται,
1136 5485 1268 5539 ἀλλὰ
1292 5485 1367 5555 τῷ
1393 5488 1688 5557 βουλήματι
1716 5490 1808 5541 τοῦ
1835 5491 1968 5545 Θεοῦ

395 5572 690 5641 σύνδρομον
716 5575 1087 5643 ἀποφαίνουσα
1111 5580 1208 5651 τὴν
1237 5579 1483 5650 δύναμιν,
1511 5582 1968 5654 αἰσθητικώτερον

396 5663 523 5729 ἡμῖν
553 5662 651 5731 τὴν
680 5665 872 5735 νοητὴν
912 5668 1251 5723 ὑποδείκνυσι
1304 5670 1557 5743 θεωρίαν.
1603 5673 1814 5745 Ἐπειδὴ
1862 5677 1970 5746 γάρ

393 5751 655 5821 θελήματι
688 5753 781 5805 τοῦ
804 5756 935 5808 Θεοῦ
952 5761 1176 5831 συνέστη
1205 5763 1269 5815 τὰ
1300 5763 1497 5828 πάντα,
1528 5766 1753 5835 σύνηθες
1778 5768 1834 5819 δὲ
1856 5771 1968 5831 τοῖς

393 5843 697 5913 ἀνθρώποις
748 5845 889 5915 λόγῳ
929 5850 1142 5920 πρῶτον
1193 5854 1568 5926 διασημαίνειν
1604 5858 1663 5911 τὸ
1694 5856 1960 5931 βούλημα,

1360 5936 1374 5955 Ι

458 5955 511 5991 δ’
537 5952 695 6009 iiom.
728 5971 767 6024 ι,
795 5953 881 6011 ευ.

2070 4676 2284 4722 racterc
2341 4667 2648 4737 dogmatice
2682 4669 2827 4722 dicta
2867 4676 3017 4732 sunt,
3069 4671 3281 4725 discere
3316 4672 3462 4727 licet.
3521 4674 3648 4729 Ete-

2070 4762 2206 4825 nim,
2245 4778 2307 4814 ex
2347 4776 2680 4831 unoquoque
2725 4761 3023 4831 Scripturae
3056 4764 3201 4829 ioco,
3230 4779 3367 4819 vana
3408 4773 3462 4820 et
3494 4782 3649 4821 erro-

2073 4869 2170 4907 nea
2195 4852 2639 4906 adversariorum
2662 4853 2848 4922 Opinio
2872 4855 3042 4923 magis
3067 4863 3253 4924 aperte
3274 4856 3643 4927 redarguitur.

2066 4942 2222 4998 Licet
2252 4953 2436 4998 autem
2467 4945 2693 4998 cuilibet
2726 4949 2906 5014 legere
2932 4947 3135 5000 volenti
3168 4962 3289 5017 qua:
3321 4950 3644 5019 scripsimus

2074 5037 2129 5090 in
2161 5037 2411 5091 Genesim
2446 5039 2802 5106 perpendere,
2830 5040 3081 5108 nunquid
3107 5042 3180 5095 sit
3205 5054 3518 5097 nostrorum
3544 5044 3645 5099 de-

2073 5139 2345 5182 cretorum
2380 5128 2519 5181 ratio
2549 5129 2720 5198 magis
2746 5138 3141 5195 consentanea,
3183 5148 3254 5187 an
3297 5134 3644 5191 adversario-

2071 5236 2215 5274 rum.
2252 5218 2358 5274 Sed
2383 5218 2449 5272 ad
2480 5221 2823 5290 propositum
2856 5224 3019 5278 nobis
3064 5225 3304 5280 studium
3339 5230 3647 5284 revocanda

2069 5320 2154 5367 est
2188 5311 2384 5365 oratio.

2139 5402 2290 5467 Quod
2325 5402 2378 5455 in
2405 5400 2513 5455 Deo
2540 5417 2728 5456 vocem
2754 5412 2809 5458 ct
2832 5404 3056 5460 verbum
3087 5405 3256 5461 dictio
3287 5408 3421 5475 inec,
3452 5408 3605 5465 Dixit
3626 5452 3642 5477 ,

2071 5496 2292 5550 minime
2323 5496 2694 5557 demonstrat,
2727 5495 2821 5550 sed
2852 5496 2945 5549 Dei
2976 5498 3239 5552 voluntati
3271 5503 3523 5557 cotnitem
3555 5520 3649 5573 po-

2072 5587 2293 5641 tentiam
2315 5585 2601 5640 deciaraus
2625 5627 2641 5652 ,
2666 5586 2921 5640 sensibus
2946 5587 3416 5645 accommodatius
3442 5591 3645 5648 intelli-

2070 5678 2290 5744 gibiiem
2324 5677 2565 5732 ostendit
2595 5677 3131 5748 contemplationem.
3171 5679 3441 5747 Quoniam
3476 5684 3645 5754 igitur

2070 5769 2163 5823 Dei
2194 5769 2474 5824 voluntate
2511 5770 2819 5824 consistunt
2860 5772 3065 5837 omnia,
3109 5773 3420 5830 hominibus
3463 5789 3643 5831 autent

2072 5872 2391 5916 consuetum
2421 5871 2473 5915 et
2507 5860 2777 5919 familiare
2819 5878 3071 5921 sermone
3113 5866 3349 5936 primum
3398 5869 3648 5924 voluntav
