4146 6386
425 419 532 476 «sv

1633 407 1690 461 S.
1727 400 2052 460 GREGOBll
2107 399 2399 459 NYSSENI

3598 401 3702 458 933

431 534 539 579 tem
589 523 931 598 signiﬁcare,
989 531 1044 580 et
1099 523 1179 579 sic
1228 537 1367 594 opus
1392 521 1666 578 voluntati
1711 532 2017 575 consonum

2131 517 2217 570 καὶ
2236 516 2410 580 οὕτως
2425 516 2650 584 ἐπάγειν
2670 513 2730 569 τὸ
2745 516 2904 588 ἔργον
2933 514 3258 586 συμφωνοῦν
3277 514 3354 586 τῷ
3377 511 3537 586 βουλή
3547 529 3700 584 ματι’

432 619 732 686 inducere;
785 617 1072 688 Scriptura
1133 622 1316 669 autem
1373 614 1442 668 de
1501 611 1695 668 mundi
1741 610 2019 667 creatione

430 709 840 779 quodammodo
905 708 974 763 ad
1046 707 1141 762 Dei
1199 706 1569 778 cognitionem
1627 702 2016 773 incipientibus

430 802 836 859 introductoria
866 810 984 866 est,
1015 816 1112 870 per
1143 815 1206 855 ea
1233 815 1355 869 qua:
1399 806 1528 854 sunt
1571 797 1911 869 promptiora
1947 793 2018 848 ad

433 894 839 966 cognitionem,
888 893 1058 947 robur
1105 901 1159 946 et
1209 891 1510 962 potentiam
1557 890 1756 948 divinae
1805 896 2019 943 natura:

433 997 827 1058 reprzeseutat,
866 987 1171 1058 promptior
1206 995 1388 1040 autem
1431 993 1517 1040 est
1562 985 1629 1038 ad
1673 999 1864 1038 eorum
1896 997 2018 1053 quae

439 1081 822 1150 intelliguntur
861 1079 1229 1149 cognitionem
1273 1093 1336 1132 ea
1375 1093 1498 1148 qua:
1545 1077 1600 1130 lit
1655 1091 1750 1145 per
1794 1090 2016 1129 sensum

437 1173 887 1242 comprehensio:
916 1169 1086 1240 hujus
1117 1185 1285 1225 causa
1317 1169 1494 1224 Moses
1525 1185 1622 1239 per
1660 1167 1712 1221 id
1757 1167 1900 1236 quod
1931 1166 2018 1220 di-

436 1265 518 1319 xit
547 1265 713 1320 Deum
737 1265 972 1334 jussisse
1005 1263 1121 1319 ﬁeri
1143 1303 1157 1328 ,
1189 1265 1516 1318 excitantem
1547 1262 1844 1317 voluntatis
1869 1272 2020 1332 pote-

435 1365 634 1413 statem
661 1356 941 1427 exprimit.
966 1355 1102 1410 Cum
1139 1356 1366 1425 adjecit,
1404 1355 1471 1408 Et
1503 1356 1580 1408 ita
1611 1355 1813 1424 factum
1842 1364 1917 1408 est
1949 1353 2016 1416 '°,

436 1447 644 1502 nullam
672 1462 796 1502 esse
829 1447 1126 1501 voluntatis
1157 1455 1212 1501 et
1243 1455 1400 1502 actus
1445 1447 1500 1500 in
1547 1445 1733 1500 divina
1776 1445 2020 1516 potentia

436 1538 803 1594 differentiam
832 1539 1072 1594 os'endit
1093 1579 1108 1604 ,
1137 1539 1234 1594 sed
1266 1538 1426 1592 docet
1459 1537 1513 1590 in
1541 1536 1651 1592 Deo
1682 1537 2020 1592 intellectum

437 1631 583 1686 actui
610 1632 833 1700 praeire,
859 1646 967 1684 non
996 1637 1177 1686 tamen
1200 1639 1381 1684 actum
1408 1630 1630 1701 cognito
1659 1629 2018 1700 posteriorem

437 1740 594 1786 esse.
628 1723 722 1779 sed
758 1723 919 1779 simul
957 1723 1101 1789 duo,
1133 1733 1185 1778 et
1228 1723 1533 1778 secundum
1578 1723 1721 1777 idem
1764 1721 2022 1778 conside-

437 1818 579 1880 rari,
611 1827 664 1872 et
689 1817 973 1872 electivam
1009 1817 1210 1872 mentis
1245 1817 1542 1871 motionem
1581 1824 1636 1871 et
1665 1816 2017 1886 perfectivam

2117 610 2151 678 ἡ
2180 609 2238 662 δὲ
2288 607 2480 680 Γραφὴ
2534 609 2632 677 τῆς
2675 606 3062 677 κοσμογενείας
3096 605 3430 675 είσαγωγική
3479 621 3594 667 πως
3620 607 3698 667 εἰς

2119 698 2448 769 θεογνωσίαν
2477 699 2587 760 τοῖς
2614 697 2938 769 ἀρχομένοις
2952 698 3092 762 ἐστὶ,
3115 697 3205 750 διὰ
3217 698 3326 749 τῶν
3341 696 3697 767 ἑτοιμοτέρων
3758 745 3774 748 _

2118 793 2200 855 εἰς
2217 790 2545 860 κατανόησιν
2564 789 2661 859 τὴν
2683 790 2836 860 ἰσχὺν
2858 793 2958 861 τῆς
2979 790 3128 854 θείας
3145 789 3440 862 παρίστησι
3461 789 3696 858 φύσεως,

2118 883 2534 955 προχειρότερον
2554 881 2610 934 δέ
2641 884 2720 945 εἰς
2740 882 2940 950 γνῶσιν
2957 883 3064 934 τῶν
3092 881 3397 952 νοουμένων
3420 876 3453 945 ἡ
3495 879 3582 933 διὰ
3602 882 3700 949 τῆς

2119 978 2424 1047 αἰσθήσεως
2454 975 2758 1046 κατάληψις
2790 975 3031 1044 γίνεται·
3059 973 3248 1028 τούτου
3283 975 3444 1044 χάριν
3480 970 3510 1024 6
3538 973 3702 1026 Μωῦ-

2121 1071 2219 1140 σῆς
2247 1069 2334 1123 διὰ
2361 1069 2454 1122 τοῦ
2489 1070 2664 1121 εἰπεῖν
2684 1069 2774 1121 τὸν
2808 1067 2939 1120 Θεὸν
2960 1066 3078 1119 τόδε
3098 1066 3353 1134 γενέσθαι
3375 1063 3697 1135 προστάξαι,

2118 1163 2216 1234 τὴν
2247 1161 2553 1233 όρμητικὴν
2598 1160 2692 1213 τοῦ
2740 1161 3040 1231 θελήματος
3074 1157 3320 1224 ἐξουσίαν
3367 1157 3696 1229 παρίστησι·

2120 1254 2207 1311 διὰ
2248 1254 2302 1306 δὲ
2327 1253 2420 1306 τοῦ
2455 1253 2766 1324 προσθεῖναι
2794 1251 2992 1317 τὸ,Καὶ
3014 1249 3251 1321 ἐγένετο
3273 1251 3480 1316 οὕτως,
3503 1248 3564 1302 τὸ
3597 1266 3702 1320 μη-

2119 1346 2309 1418 δεμίαν
2353 1345 2493 1402 εἶναι
2536 1346 2800 1416 διαφορὰν
2836 1343 3174 1415 βουλήματός
3213 1361 3272 1396 τε
3299 1342 3392 1396 καλ¹
3421 1341 3698 1412 ἐνεργείας

2120 1442 2212 1494 ἐπὶ
2269 1441 2371 1510 τῆς
2421 1439 2568 1503 θείας
2601 1440 2933 1494 ἐνδείκνυται
2991 1436 3229 1505 φύσεως,
3283 1433 3419 1488 ἀλλὰ
3460 1433 3700 1486 διδάσκει

2121 1532 2478 1606 καθηγεῖσθαι
2529 1534 2626 1604 μὲν
2666 1532 2760 1585 ἐπὶ
2789 1531 2880 1585 τοῦ
2937 1529 3071 1584 Θεοῦ
3131 1531 3231 1599 τῆς
3271 1527 3550 1598 ἐνεργείας
3600 1525 3701 1595 τὴν

2119 1624 2325 1695 νόησιν,
2357 1624 2458 1678 οὐκ
2484 1622 2859 1694 ἐφυστερίζειν
2873 1622 2930 1675 δὲ
2954 1621 3092 1693 μετὰ
3111 1622 3171 1674 τὸ
3199 1619 3390 1690 νοηθὲν
3427 1618 3525 1687 τὴν
3545 1617 3700 1688 ἐνέρ-

2117 1735 2295 1788 γειαν.
2317 1716 2430 1770 ἀλλ’
2461 1717 2579 1787 ἅμα
2613 1715 2681 1768 τὰ
2702 1715 2816 1777 δύο,
2846 1715 2941 1768 καὶ
2967 1712 3108 1767 κατὰ
3129 1712 3322 1766 ταύτὸν
3360 1709 3702 1781 θεωρεῖσθαι,

2121 1812 2222 1882 τήν
2250 1827 2310 1863 τε
2344 1808 2734 1880 προαιρετικὴν
2756 1807 2850 1861 τοῦ
2890 1806 2978 1860 νοῦ
3010 1805 3223 1876 κίνησιν
3265 1806 3358 1857 καὶ
3384 1802 3481 1875 τὴν
3505 1804 3702 1856 ἀποτε-

437 1909 517 1963 rei
551 1909 872 1978 potentiam.
901 1908 1121 1963 Nullum
1166 1909 1314 1964 enim
1360 1908 1509 1964 dedit
1546 1884 1787 1962 med—ium
1830 1908 2025 1962 intelli-

2131 1903 2378 1974 λεστικὴν
2405 1900 2500 1955 τοῦ
2531 1901 2858 1973 πράγματος
2888 1897 3138 1970 δύναμιν.
3172 1896 3336 1949 Οὐδὲν
3362 1895 3470 1967 γὰρ
3503 1895 3702 1948 ἔδωκεν

438 2000 675 2072 gendum
719 2000 858 2054 ratio
897 2001 1187 2056 electionis
1233 2009 1288 2054 et
1318 2000 1595 2064 actionis;
1631 2000 1728 2056 sed
1759 1999 2025 2069 quemad-

439 2094 661 2149 modum
689 2108 812 2146 eum
846 2092 1174 2148 accensione
1209 2092 1439 2148 ﬂammae
1484 2094 1651 2149 etiam
1699 2094 1878 2164 fulgor
1926 2108 2026 2164 ap-

441 2191 624 2254 paret,
659 2184 753 2253 qui
781 2199 847 2238 ex
878 2184 969 2238 illa
999 2194 1084 2239 est
1107 2227 1120 2251 ,
1153 2195 1207 2240 et
1236 2200 1360 2239 cum
1393 2186 1512 2256 ipsa
1539 2184 1762 2258 en‘ulget
1785 2186 2024 2242 :-eodem

441 2275 604 2328 modo
630 2289 767 2342 opus
792 2274 1012 2344 quidem
1035 2275 1236 2330 divina:
1260 2277 1555 2334 voluntatis
1579 2287 1663 2332 est
1687 2293 1878 2333 eorum
1905 2292 2029 2347 qua

440 2364 586 2420 facta
629 2375 760 2421 sunt
789 2367 1100 2423 substantia
1129 2408 1144 2432 ,
1178 2385 1285 2423 non
1330 2378 1510 2426 tamen
1550 2370 1746 2428 ordine
1783 2371 2028 2427 secundo

441 2459 693 2529 sequitur
729 2467 851 2528 post
887 2460 1246 2518 voluntatem.
1288 2459 1408 2516 Non
1445 2463 1593 2517 enim
1617 2502 1632 2528 ,
1666 2465 2030 2534 quemadmo-

445 2550 577 2603 dum
610 2551 663 2604 in
692 2551 816 2606 aliis
843 2551 1043 2620 quibus
1070 2553 1252 2622 aliqua
1283 2555 1528 2623 potentia
1558 2556 1736 2609 activa
1767 2565 1852 2610 est
1882 2573 1910 2610 a
1940 2572 2030 2610 na-

444 2651 566 2696 tura
589 2683 603 2704 ,
640 2643 742 2698 hoc
770 2643 990 2713 quidem
1022 2645 1265 2713 potentia
1300 2647 1569 2711 cernitur,
1605 2647 1737 2701 illud
1770 2663 1900 2703 vero
1943 2665 2030 2705 se-

445 2735 688 2790 cundum
744 2743 899 2791 actus
955 2737 1468 2806 complementum;
1526 2717 1760 2809 exempli
1815 2740 2027 2810 gratia,

447 2843 665 2898 semper
691 2829 912 2898 quidem
942 2829 1176 2885 dicimus
1205 2845 1327 2884 esse
1375 2831 1594 2885 navium
1641 2832 2028 2894 fabricatorem

447 2919 502 2974 in
555 2919 792 2990 potentia
846 2921 1133 2976 habentem
1183 2931 1356 2977 artem
1408 2925 1631 2978 navium
1684 2924 2031 2980 fabricanda-

446 3027 609 3082 rum,
657 3013 873 3082 operari
922 3022 1101 3068 autem
1151 3029 1274 3069 cum
1325 3016 1381 3070 in
1428 3017 1687 3086 oneribus
1733 3020 2027 3074 scientiam

448 3106 708 3160 ostendit.
749 3104 866 3160 Non
911 3107 994 3160 sic
1035 3108 1086 3159 in
1136 3107 1293 3160 beata
1336 3109 1482 3173 vita,
1529 3109 1622 3164 sed
1668 3120 1838 3164 totum
1883 3111 2030 3181 quod

2124 1996 2374 2066 ἐννοῆσαι
2433 1994 2598 2067 μέσον
2643 1995 2673 2046 6
2707 1993 2865 2061 λόγος
2906 1991 3008 2061 τῆς
3049 1989 3427 2062 προαιρέσεως
3469 1987 3563 2041 καὶ
3602 1987 3703 2056 τῆς

2126 2088 2401 2161 πράξεως,
2451 2086 2568 2141 ἀλλ’
2607 2084 2797 2156 ὥσπερ
2828 2087 2894 2155 τῇ
2939 2082 3128 2153 ἐξάψει
3175 2085 3275 2152 τῆς
3317 2079 3514 2150 φλογὸς
3544 2079 3636 2132 καὶ
3667 2079 3703 2150 ή

2125 2185 2269 2257 αύγὴ
2290 2182 2724 2252 συνεκφαίνεται,
2745 2179 2842 2234 καὶ⁹
2867 2179 2926 2245 ἐξ
2943 2177 3158 2247 ἐκείνης
3177 2171 3332 2241 οὖσα,
3347 2175 3442 2229 καὶ
3467 2173 3582 2246 μετ’
3607 2173 3706 2226 αύ-

2124 2282 2224 2350 τῆς
2239 2275 2710 2343 συνεκλάμπουσα,
2744 2271 2885 2327 κατὰ
2908 2271 2999 2324 τὸν
3018 2269 3180 2324 αὑτὸν
3194 2269 3395 2341 τρόπον
3427 2267 3584 2338 ἔργον
3607 2267 3706 2336 μὲν

2125 2372 2219 2427 τοῦ
2246 2371 2392 2424 θείου
2416 2369 2719 2440 θελήματος
2751 2370 2785 2438 ἡ
2825 2365 2935 2418 τῶν
2963 2363 3264 2435 γεγονότων
3291 2361 3437 2415 ἐστὶν
3464 2361 3705 2415 ὑπόστα-

2130 2482 2232 2529 σις,
2265 2464 2325 2517 ού
2377 2464 2484 2535 μὴν
2524 2460 2830 2531 δευτερεύει
2871 2462 2939 2530 τῇ
2985 2457 3135 2522 τάξει
3169 2455 3306 2527 μετὰ
3341 2455 3404 2508 τὸ
3437 2453 3706 2526 βούλημα.

2129 2558 2203 2611 Ού
2232 2555 2361 2628 γὰρ,
2390 2554 2578 2626 ὥσπερ
2610 2555 2701 2607 ἐπὶ⁸
2739 2552 2847 2606 τῶν
2881 2551 3055 2606 ἄλλων
3079 2545 3163 2613 οἷς
3189 2566 3275 2612 τις
3306 2546 3585 2618 πρακτικὴ
3612 2545 3708 2600 δύ-⁸

2129 2667 2292 2719 ναμις
2327 2650 2392 2701 ἐκ
2419 2645 2634 2716 φύσεώς
2663 2647 2801 2708 ἐστι,
2827 2644 2887 2697 τὸ
2924 2644 3023 2714 μὲν
3054 2643 3281 2712 δυνάμει
3309 2641 3617 2712 θεωρεῖται,
3648 2638 3711 2692 τὸ

2129 2744 2185 2796 δέ
2225 2745 2368 2798 κατὰ
2400 2742 2498 2813 τὴν
2526 2741 2626 2810 τῆς
2660 2737 2942 2810 ἐνεργείας
2971 2735 3315 2807 ἐκπλήρωσιν
3335 2751 3350 2765 ο
3373 2732 3611 2802 ὡς,ι,ςέρε
3634 2732 3712 2784 εί-

2132 2844 2280 2906 πείν,
2307 2841 2395 2894 ἀεὶ
2440 2840 2537 2910 μὲν
2571 2831 2708 2890 εἶναι
2749 2834 3026 2905 ναυπηγόν
3057 2849 3235 2902 φαμεν
3265 2832 3330 2900 τῇ
3360 2827 3585 2898 δυνάμει
3617 2826 3712 2879 τὸν

2129 2933 2227 3004 τὴν
2257 2929 2602 3001 ναυπηγικὴν
2640 2927 3056 2999 ἔχοντατέχνην,
3085 2924 3322 2994 ἐνεργεῖν
3359 2920 3415 2973 δὲ
3437 2919 3559 2972 τότε
3584 2919 3714 2971 ὃταν

2131 3027 2224 3079 ἐπὶ
2254 3023 2364 3078 τῶν
2391 3023 2564 3094 ἔργων
2609 3021 2755 3090 δείξῃ
2785 3021 2882 3089 τὴν
2905 3018 3233 3086 ἐπιστήμην.
3268 3014 3380 3083 υύχ
3414 3011 3586 3073 οὕτως
3620 3009 3717 3063 καὶ

2133 3121 2224 3173 ἐπί
2248 3115 2348 3190 τῆς
2401 3117 2676 3189 μακαρίας
2707 3114 2873 3184 ζωῆς,
2906 3113 3018 3166 ἀλλ’
3044 3113 3162 3164 ὃ).ον
3195 3110 3222 3163 ὅ
3270 3126 3322 3161 τι
3350 3106 3454 3178 πέρ
3478 3109 3623 3159 ἐστιν
3652 3105 3714 3156 ἐν

449 3197 670 3268 quidem
725 3199 779 3252 in
833 3199 925 3252 illa
979 3199 1323 3268 intelligitur,
1376 3202 1566 3256 ellicax
1606 3211 1728 3267 est,
1777 3211 1832 3257 et
1873 3212 2029 3259 actus

2135 3213 2316 3284 ἐκείνῃ
2341 3211 2649 3282 νοούμενον,
2686 3209 2926 3279 ἐνεργὲς,
2961 3204 3054 3258 καὶ
3083 3201 3277 3275 πρᾶξίς
3306 3202 3474 3262 ἐστιν,
3495 3199 3716 3268 ἀμέσως

449 3297 567 3352 est,
599 3290 882 3343 voluntate
907 3290 1025 3343 sine
1056 3292 1235 3344 medio
1260 3291 1327 3344 ad
1361 3290 1520 3346 linem
1551 3293 1656 3348 sibi
1688 3297 2030 3364 propositum

450 3389 793 3435 transeunte.
828 3379 899 3435 Ut
934 3381 1102 3449 igitur
1136 3382 1227 3450 qui
1273 3382 1329 3436 in
1359 3385 1501 3438 malo
1541 3392 1625 3439 est
1654 3394 1885 3442 ornatus
1903 3388 2035 3458 Opi-

450 3468 542 3523 {lei
572 3470 801 3540 gloriam
834 3470 1178 3536 testificatur,
1203 3480 1256 3527 et
1285 3489 1409 3527 eum
1440 3475 1531 3544 qui
1567 3475 1693 3530 fecit
1719 3479 2031 3547 conlitetur,

451 3575 554 3614 nec
584 3573 764 3614 tamen
792 3577 928 3616 voce
957 3561 1162 3631 indiget
1187 3577 1201 3615 :
1229 3561 1310 3618 sie
1339 3574 1531 3619 contra
1562 3567 1686 3635 quis
1719 3577 1939 3639 smnpto
1967 3587 2034 3626 ex

451 3649 622 3706 Mosis
655 3651 939 3721 Scriptura
966 3651 1361 3719 loco,mecum
1405 3665 1658 3726 reputet,
1702 3661 1846 3730 quod
1892 3661 2035 3718 Deus

451 3744 546 3814 qui
580 3745 862 3815 suojussu
934 3747 1192 3802 universa
1235 3749 1289 3802 in
1331 3764 1515 3804 rerum
1551 3759 1802 3806 naturam
1841 3755 2040 3825 produ-

453 3839 567 3905 xit,
604 3841 865 3894 mundum
897 3839 1034 3894 dicit
1064 3856 1218 3896 suam
1253 3857 1377 3897 esse
1407 3852 1750 3911 creaturam,
1782 3863 1884 3901 nec
1917 3863 2039 3902 ver-

455 3932 542 3988 bis
577 3931 645 3986 ad
683 3933 844 4001 hujus
874 3933 1086 3987 notitiae
1117 3933 1542 3989 declarationem
1579 3933 1803 4007 indiget.
1835 3936 1907 3992 Ut
1943 3939 2039 4010 igi-

454 4031 548 4078 tur
575 4024 668 4094 qui
699 4025 906 4080 audivit
933 4026 1146 4080 caelum
1171 4041 1434 4082 enarrare
1455 4071 1469 4093 ,
1521 4042 1831 4084 sermonem
1874 4047 2037 4087 enar-

456 4116 693 4169 rativum
725 4130 832 4170 non
860 4116 1114 4185 quasivit
1133 4133 1146 4171 :
1167 4117 1402 4172 mundus
1425 4116 1570 4170 enim
1603 4130 1783 4174 mente
1812 4120 2038 4188 praedito

455 4209 699 4279 loquitur
732 4225 827 4277 per
869 4224 932 4264 ea
975 4225 1099 4281 qua:
1143 4207 1317 4273 ﬁunt,
1361 4209 1787 4266 declarationem
1827 4228 1947 4282 quae
1980 4214 2038 4267 lit

456 4301 640 4357 verbis
691 4303 873 4356 valere
916 4302 1144 4357 sinens:
1191 4302 1272 4358 sic
1309 4310 1366 4357 et
1415 4301 1619 4358 Mosem
1667 4302 1940 4360 dicentem
1988 4307 2035 4361 si

457 4395 582 4465 quis
609 4395 878 4458 audierit,
913 4393 1082 4449 Deum
1111 4394 1435 4449 nominatim
1466 4394 1535 4450 de
1567 4395 1808 4466 singulis
1841 4397 2036 4452 mundi

459 4489 712 4559 partibus
742 4487 1045 4542 edicentem
1074 4494 1128 4542 et
1151 4485 1430 4554 jubentem
1450 4529 1466 4552 ,
1499 4503 1676 4558 neque
1711 4489 2033 4559 prophetam

2134 3305 2230 3360 τοῦ
2267 3305 2606 3376 βουλήματος
2633 3303 2769 3372 πρὸς
2806 3300 2866 3353 τὸ
2913 3297 3054 3351 κατὰ
3101 3296 3354 3368 πρόθεσιν
3379 3294 3529 3358 τέλος
3581 3293 3713 3364 μεθ-

2139 3397 2449 3466 ισταμένου.
2480 3396 2568 3458 Ὠς
2629 3393 2808 3446 τοίνυν
2837 3393 3103 3463 μαρτυρεῖ
3137 3387 3218 3459 τῷ
3254 3385 3582 3458 Δημιουργῷ
3614 3386 3713 3456 τὴν

2134 3491 2291 3556 δόξαν
2315 3493 2348 3561 ἡ
2386 3488 2538 3560 ἐντῷ
2571 3485 2785 3558 οὐρανῷ
2806 3484 3184 3555 διακόσμησις,
3214 3484 3307 3536 καὶ
3339 3481 3592 3552 ὁμολογεῖ
3621 3481 3713 3532 τὸν

2137 3583 2496 3654 πεποιηκότα,
2535 3582 2630 3636 καὶ
2659 3579 2843 3650 φωνῆς
2887 3580 2947 3632 ού
2981 3577 3318 3650 προσ-δέεται,
3357 3574 3498 3628 οὕτω
3535 3591 3624 3645 μοι
3653 3573 3716 3626 τὸ

2138 3676 2373 3747 ἔμπαλιν
2435 3675 2499 3726 ἐκ
2546 3673 2646 3743 τῆς
2689 3670 2782 3724 τοῦ
2829 3669 3106 3730 Μωῦσέως
3139 3667 3362 3737 Γραφῆς
3396 3663 3714 3736 μεταλαϐὼν

2138 3771 2203 3824 ἄν
2229 3788 2312 3833 τις
2338 3768 2631 3836 λογίσαιτο,
2665 3767 2745 3818 ὅτι
2778 3763 2873 3817 καὶ
2905 3759 3098 3815 ἐαυτοῦ
3129 3759 3332 3830 κτίσμα
3359 3761 3386 3812 6
3406 3758 3536 3821 Θεὸς
3566 3757 3714 3824 λέγει

2137 3861 2228 3914 τὸν
2253 3861 2456 3930 κόσμον
2487 3861 2515 3911 6
2549 3856 2628 3928 τῷ
2673 3855 3051 3928 προστάγματι
3075 3851 3135 3905 τὸ
3161 3853 3270 3904 πᾶν
3292 3850 3579 3913 ούσιώσας,
3618 3849 3715 3902 καὶ

2141 3954 2400 4024 ῥημάτων
2447 3950 2580 4021 πρὸς
2609 3948 2836 4020 δήλωσιν
2866 3946 2966 4016 τῆς
3012 3944 3219 4007 ἐννοίας
3244 3943 3446 4012 ταύτης
3475 3943 3574 3996 οὐκ
3599 3944 3718 3994 ἐπι-

2139 4044 2338 4099 δέεται.
2379 4043 2468 4105 Ὠς
2497 4037 2590 4094 οὖν
2617 4042 2646 4093 ὁ
2678 4037 2916 4100 ἀκούσας
2939 4033 3170 4104 ούρανοῦ
3209 4033 3588 4104 διηγουμένου,
3637 4032 3717 4084 δι-

2139 4135 2376 4201 εξοδικὸν
2398 4133 2498 4187 οὐκ
2524 4130 2754 4201 ἐζήτησε
2775 4127 2931 4195 λόγον
2954 4139 2968 4152 ”
2992 4121 3144 4177 λαλεῖ
3167 4121 3272 4194 γὰρ
3288 4120 3365 4191 τῷ
3389 4120 3512 4174 νοῦν
3542 4119 3715 4190 ἔχοντι

2139 4229 2230 4282 διὰ
2259 4227 2366 4281 τῶν
2397 4224 2697 4295 γινομένων
2745 4221 2774 4273 6
2815 4221 3038 4288 κόσμος,
3071 4217 3170 4288 τὴν
3207 4215 3295 4269 διὰ
3323 4215 3431 4268 τῶν
3455 4213 3716 4285 ῥημάτων

2139 4322 2369 4393 δήλωσιν
2413 4317 2622 4390 χαίρειν
2661 4315 2827 4376 ἐάσας
2848 4333 2860 4343 ·
2897 4309 3038 4364 οὕτω
3075 4309 3180 4363 κᾶν
3206 4307 3296 4360 τοῦ
3325 4307 3599 4370 Μωῦσέως
3630 4306 3721 4359 λέο

2140 4412 2329 4481 γοντός
2362 4427 2444 4473 τις
2475 4406 2707 4477 ἀκούσῃ,
2755 4403 2832 4466 ὡς
2880 4399 2976 4454 τοῦ
3001 4397 3134 4453 Θεοῦ
3175 4397 3436 4469 ὀνομαστὶ
3463 4400 3590 4468 περὶ
3607 4396 3717 4450 τῶν

2141 4505 2261 4560 καθ’
2289 4503 2518 4556 ἕκαστον
2539 4499 2632 4551 τοῦ
2668 4496 2872 4566 κόσμου
2911 4491 3092 4564 μερῶν
3119 4489 3490 4552 διατάττοντός
3529 4506 3588 4542 τε
3622 4489 3720 4543 καὶ⁵

460 4580 682 4635 mentiri
734 4580 1066 4648 suspicetur,
1117 4593 1293 4648 neque
1340 4577 1576 4634 exilibus
1623 4589 1677 4635 et
1733 4580 2029 4636 humilibus

2139 4594 2469 4658 κελεύοντος,
2493 4591 2630 4661 μήτε
2655 4585 2946 4658 ψεύδεσθαι
2970 4583 3061 4638 τὸν
3093 4583 3378 4653 προφήτην
3401 4582 3717 4648 ύπονοείτω,

460 4671 780 4727 notionibus
809 4670 1018 4724 deterat
1044 4669 1356 4724 sublimium
1384 4671 1848 4740 speculationem,
1876 4671 2032 4742 quasi

460 4765 799 4819 divinitatem
821 4779 915 4834 per
937 4761 1248 4831 hujusmodi
1271 4763 1337 4816 ad
1360 4763 1598 4819 hominis
1623 4765 1840 4819 modum
1865 4776 2037 4822 trans-

462 4858 678 4921 ferens,
726 4866 780 4910 et
831 4863 1021 4910 nostro
1082 4870 1231 4910 more
1275 4855 1478 4910 emissa
1511 4857 1768 4910 mandata
1799 4864 1853 4911 et
1879 4857 2037 4926 jussa

464 4964 787 5020 percensere
817 4963 1150 5018 supponens.
1187 4946 1293 5003 Sed
1323 4947 1537 5016 jussum
1573 4949 1810 5017 explicet
1844 4952 2038 5003 volun-

467 5053 629 5095 tatem
659 5059 674 5108 ;
713 5056 895 5093 rerum
929 5047 1110 5092 autem
1145 5047 1454 5093 creaturutn
1489 5042 1710 5092 nomina
1743 5040 1916 5108 ipsam
1950 5057 2038 5094 re-

467 5150 583 5186 rum
624 5133 891 5185 factarum
937 5130 1299 5184 substantiam
1338 5131 1650 5199 significent
1677 5148 1689 5183 :
1721 5132 1798 5185 ita
1830 5143 1890 5186 ut
1933 5133 2043 5187 duo

466 5242 560 5296 per
592 5226 706 5278 haec
733 5224 877 5277 dicta
914 5223 1091 5278 discat
1114 5264 1128 5288 ,
1161 5222 1386 5291 etquod
1434 5223 1578 5277 Deus
1621 5223 1807 5277 omnia
1850 5225 2044 5280 volens

464 5323 725 5384 operatus
761 5326 878 5380 est,
912 5322 965 5368 et
993 5313 1138 5383 quod
1179 5314 1388 5382 absque
1431 5330 1597 5383 opera
1642 5323 1697 5369 et
1741 5315 1925 5369 labore
1968 5317 2044 5371 di-

461 5409 590 5461 vina
617 5407 872 5461 voluntas
895 5446 909 5471 ,
939 5413 1137 5458 natura
1172 5404 1333 5458 ﬁebat

534 5608 690 5672 Quod
734 5609 779 5663 si
829 5607 957 5677 quis
1001 5605 1129 5660 illud
1155 5646 1170 5669 ,
1205 5603 1351 5659 Dixit
1407 5603 1542 5658 Deus
1574 5604 1640 5666 3‘.
1668 5605 1947 5659 carnalius
1989 5613 2042 5658 et

460 5703 708 5758 crassius
739 5702 1150 5769 interpretetur,
1191 5706 1248 5751 ut
1281 5714 1375 5762 per
1405 5699 1506 5750 hoc
1538 5699 1886 5752 at'ticnlatum
1923 5713 2040 5754 scr-

500 5881 576 5916 ,ιο
607 5881 743 5938 Gen.
774 5899 818 5951 ι,
849 5881 879 5935 ’ἱ
913 5895 1032 5952 sqq.
1113 5879 1156 5912 ³⁸
1191 5876 1324 5934 Gen.
1362 5893 1398 5944 ι,
1429 5876 1464 5931 5
1497 5893 1617 5948 sqq,

2146 4690 2280 4761 μήτε
2318 4685 2530 4756 μικροῖς
2549 4682 2644 4735 καὶ
2681 4677 3038 4750 χαμαιζήλοις
3069 4677 3303 4746 νοήμασι
3341 4690 3719 4745 κατασμικρύ-

2141 4781 2279 4835 νέτω
2309 4779 2407 4849 τὴν
2440 4774 2548 4828 τῶν
2596 4771 2815 4843 ὑψηλῶν
2858 4769 3111 4840 θεωρίαν,
3156 4762 3267 4821 οἷον
3300 4766 3719 4838 ἐξανθρωπίζων

2142 4874 2233 4928 διὰ
2271 4871 2379 4924 τῶν
2429 4866 2686 4922 τοιούτων
2732 4863 2791 4916 τὸ
2822 4863 2996 4918 Θεῖον.
3028 4860 3125 4914 καὶ
3154 4858 3293 4913 κατὰ
3323 4857 3419 4929 τὴν
3445 4857 3719 4930 ἡμετέραν

2147 4963 2431 5036 συνήθειαν
2468 4960 2618 5028 φωνῇ
2656 4954 2727 5008 τὰ
2774 4953 3166 5024 προστάγματα
3197 4949 3511 5016 διεξοδεύειν
3537 4951 3720 5002 ὑποτι-

2143 5057 2386 5127 θέμενος,
2412 5050 2548 5106 ὰλλὰ
2579 5049 2639 5101 τὸ
2679 5047 2776 5118 μὲν
2810 5045 3137 5115 πρόσταγμα
3187 5043 3426 5112 δηλούτω
3455 5042 3554 5114 τὴν
3593 5041 3719 5110 βού-

2139 5149 2293 5217 λησιν
2313 5161 2326 5174 ·
2348 5142 2416 5196 τὰ
2434 5141 2489 5194 δὲ
2514 5139 2621 5192 τῶν
2642 5136 2968 5192 κτισθέντων
2984 5134 3220 5204 ὀνόματα
3246 5131 3414 5203 αὐτὴν
3432 5130 3587 5199 διαση
3597 5147 3722 5200 μαι-

2138 5240 2276 5295 νέτω
2305 5235 2403 5305 τὴν
2425 5233 2534 5286 τῶν
2563 5230 2864 5300 γεγονότων
2901 5227 3228 5280 ὑπόστασιν·
3254 5223 3392 5276 ὥστε
3417 5221 3485 5276 τὰ
3517 5221 3608 5274 δύο
3633 5221 3720 5272 διὰ

2139 5329 2247 5382 τῶν
2281 5326 2588 5398 εἰρημένων
2628 5321 2841 5392 μαθεῖν,
2887 5319 2980 5371 καὶ
3021 5319 3102 5370 ὅτι
3137 5314 3415 5387 βουληθεὶς
3440 5316 3468 5366 ό
3495 5313 3626 5375 Θεὸς
3651 5312 3721 5364 τὰ

2151 5419 2330 5470 πάντα
2353 5414 2765 5484 κατείργασται,
2789 5410 2884 5464 καὶ
2899 5411 2979 5463 ὅτι
3000 5405 3366 5478 ἀπραγμόνως
3393 5420 3451 5456 τε
3478 5404 3571 5456 καὶ
3591 5403 3724 5455 6x6-

2152 5527 2268 5570 πως
2297 5508 2359 5560 τὸ
2385 5507 2526 5561 θεῖον
2569 5504 2813 5576 βούλημα
2841 5501 3001 5572 φύσις
3033 5501 3257 5570 ἐγίνετο.

2222 5601 2284 5652 Εἰ
2311 5598 2366 5651 δέ
2399 5615 2482 5660 τις
2508 5597 2598 5661 τὸ,
2626 5592 2810 5648 Εἶπεν
2839 5597 2871 5648 ό
2917 5593 3080 5659 Θεὸς,
3115 5589 3513 5662 σαρκικὼτερον
3548 5587 3723 5657 ἑρμη-

2151 5690 2313 5758 νεύοι,
2341 5690 2414 5755 ὡς
2451 5689 2538 5744 διὰ
2566 5687 2754 5741 τούτου
2781 5687 2871 5740 τὸν
2915 5683 3171 5755 ἔναρθρον
3210 5682 3364 5744 λόγον
3394 5680 3522 5750 παρ’
3560 5675 3722 5731 αύτοῦ
