4146 6386
492 428 597 490 991

1738 415 1796 472 Ι.
1828 412 2149 472 GREGOBH
2178 409 2477 469 NYSSENI,

3632 403 3738 459 991

442 568 443 571 η
488 551 736 602 nostram
781 538 912 596 fecit
952 546 1206 594 naturam
1232 578 1251 605 ,
1291 536 1536 592 inventio
1583 550 1714 590 vero
1766 535 2063 590 verborum

2189 546 2396 586 ,xaotov
2438 531 2697 602 ῥημάτων
2723 527 2963 599 ε’ύρεσις,
3002 527 3138 597 πρὸς
3167 523 3267 595 τὴν
3287 523 3477 596 χρείαν
3504 524 3602 595 τῆς
3632 525 3741 577 τῶν

490 636 838 705 singulorum
882 632 949 686 ad
994 646 1174 686 rerum
1215 628 1596 699 significantia).
1637 641 1797 683 usum
1832 642 1863 680 a
1904 626 2062 680 nobis

493 729 631 797 ipsis
659 725 966 795 excogitata
994 733 1097 778 est.
1134 721 1290 788 Quod
1320 722 1451 775 hinc
1483 718 1772 774 manifeste
1799 725 2062 788 apparet,

495 820 624 889 quia
655 816 1058 887 quamplurima
1092 828 1212 884 quae
1234 814 1493 868 dicuntur
1518 812 1695 880 turpia
1728 818 1780 865 et
1810 811 2067 865 indecora

495 925 727 983 prorsus
757 924 884 963 esse
913 917 1231 969 censentur,
1257 921 1490 976 quorum
1516 906 1703 959 nullus
1723 912 1905 958 mente
1938 917 2071 972 prae-

498 1004 653 1058 ditus
692 1004 1037 1057 inventorem
1078 1001 1250 1056 Deum
1299 1001 1613 1069 suspicatus
1659 998 1841 1052 fuerit.
1890 996 2072 1062 Quare

496 1095 717 1150 tametsi
749 1110 816 1149 ex
852 1094 947 1148 Dei
979 1104 1217 1163 persona
1251 1092 1496 1162 quaedam
1531 1106 1560 1145 a
1594 1106 1750 1145 sacra
1785 1088 2073 1159 Scriptura

497 1189 663 1242 verba
697 1186 860 1240 nobis
893 1184 1183 1238 familiaria
1219 1193 1275 1239 et
1304 1193 1526 1238 assueta
1559 1183 1840 1244 dicantur,
1871 1190 2076 1250 cogno-

498 1280 763 1336 scendum
793 1286 877 1334 est
905 1278 1050 1348 quod
1083 1277 1323 1347 Spiritus
1353 1284 1577 1330 sanctus
1618 1291 1684 1329 ex
1729 1274 1933 1328 nostris
1971 1289 2076 1327 no-

500 1369 713 1429 bisvum
743 1368 965 1422 disserit
991 1386 1003 1420 :
1034 1365 1494 1436 quemadmodum
1528 1365 1580 1416 in
1612 1367 1872 1419 Actorum
1906 1364 2080 1418 histo-

501 1462 585 1515 ria
612 1459 909 1514 didicimus
929 1459 1003 1525 ³⁵,
1022 1457 1165 1527 quod
1199 1457 1578 1527 unusquisque
1603 1457 1657 1509 in
1683 1471 1782 1509 sua
1814 1456 1994 1525 lingua
2023 1456 2079 1509 in

503 1568 612 1623 qua
642 1559 803 1605 natus
831 1559 982 1611 erat,
1010 1550 1317 1603 doctrinam
1352 1547 1689 1616 accipiebat,
1722 1563 1818 1617 per
1849 1548 1951 1602 sibi
1984 1562 2079 1601 co-

502 1645 655 1717 gnita
689 1643 851 1697 t’erba
881 1642 985 1694 vim
1011 1656 1324 1695 sermonum
1356 1638 1608 1693 audiens.

582 1736 643 1789 Et
693 1735 838 1805 quod
889 1734 1003 1786 haec
1056 1746 1181 1786 vera
1238 1735 1367 1794 sint,
1423 1732 1601 1801 magis
1653 1730 1924 1793 didicerit,
1985 1730 2082 1800 qui

502 1828 827 1897 diligentius
874 1835 927 1879 et
968 1824 1279 1877 accuratius
1313 1822 1606 1875 Leviticam
1636 1824 1809 1891 legum
1845 1823 2084 1877 sanctio-

2167 622 2536 691 ὑποκειμένων
2578 620 2849 691 σημασίας
2887 620 3013 689 παρ’
3055 618 3208 689 ἡμῶν
3247 616 3425 671 αὐτῶν
3452 617 3738 686 ἐπενοήθη.

2166 716 2476 785 Τεκμήριον
2510 714 2566 765 δὲ
2586 755 2600 778 ,
2630 714 2711 766 ὅτι
2748 713 2920 765 πολλὰ
2952 713 3060 765 τῶν
3103 712 3412 782 λεγομένων
3457 712 3656 780 αἰσχρά
3680 726 3741 761 τε

2168 808 2261 859 καὶ
2290 806 2512 876 ἀπρεπῆ
2553 806 2892 859 παντάπασιν
2923 801 3058 857 εἶναι
3094 803 3402 873 νενόμισται
3426 844 3440 867 ,
3460 795 3532 854 ὧν
3558 802 3656 854 οὑκ
3677 801 3743 854 ἄν

2167 916 2251 961 τις
2296 898 2404 951 τῶν
2442 896 2565 951 νοῦν
2611 897 2839 968 ἑχόντων
2883 898 3111 969 εὑρετὴν
3156 894 3247 948 τὸν
3289 895 3419 947 Θεὸν
3464 892 3740 946 ὑπολάϐοι.

2172 989 2334 1040 Ὥστε
2362 987 2466 1040 κᾶν
2494 990 2557 1040 ἐκ
2586 985 2877 1058 προσώπου
2905 984 2997 1037 τοῦ
3026 984 3160 1036 Θεοῦ
3188 982 3416 1053 λέγηταί
3447 999 3570 1034 τινα
3593 978 3745 1050 παρὰ

2172 1083 2268 1151 τῆς
2296 1079 2444 1142 Θείας
2477 1079 2700 1150 Γραφῆς
2729 1077 2834 1130 τῶν
2859 1080 2989 1147 ἡμῖν
3026 1078 3269 1147 συνήθων
3300 1077 3575 1147 ῥημάτων,
3601 1091 3745 1143 γνω-

2178 1175 2330 1226 στέον
2365 1175 2447 1226 ὃτι
2479 1173 2538 1226 τὸ
2568 1172 2790 1242 Πνεῦμα
2813 1172 2872 1223 τὸ
2902 1172 3055 1239 ἆγιον
3087 1173 3150 1223 ἐκ
3173 1169 3279 1221 τῶν
3308 1169 3589 1240 ἡμετέρων
3616 1170 3747 1238 ἡμῖν

2169 1263 2500 1331 ⁸διαλέγεται.
2532 1261 2797 1331 Καθάπερ
2826 1261 2921 1313 καὶ
2944 1261 3035 1311 ἐπὶ
3059 1260 3155 1328 τῆς
3182 1258 3288 1310 τῶν
3318 1257 3574 1327 Πράξεων
3606 1260 3749 1309 ἱστο-

2180 1358 2301 1429 ρίας
2328 1354 2621 1426 ἐμάθομεν,
2646 1355 2725 1406 ὅτι
2754 1353 2980 1415 ἕκαστος
3014 1354 3069 1403 ἐν
3098 1354 3163 1421 τῇ
3196 1350 3300 1420 ἰδίᾳ
3336 1349 3600 1418 διαλέκτῳ
3630 1350 3685 1400 ἐν

2179 1447 2408 1517 ἐγενήθη
2432 1447 2530 1515 τὴν
2559 1445 2901 1498 διδασκαλίαν
2948 1443 3176 1512 ἐδέχετο,
3203 1442 3291 1494 διὰ
3325 1442 3432 1494 τῶν
3459 1440 3750 1511 γνωρίμων

2179 1537 2328 1608 αὐτῷ
2360 1536 2619 1609 ῥημάτων
2642 1539 2738 1607 τῆς
2760 1536 3039 1606 δυνάμεως
3063 1534 3266 1587 ἐπαΐων
3293 1532 3401 1586 τῶν
3433 1533 3625 1600 λόγων.

2252 1722 2365 1774 Καὶ
2402 1720 2483 1772 ὅτι
2518 1718 2692 1788 ἀληθῆ
2723 1717 2926 1778 ταῦτα,
2964 1718 3162 1788 μάλλον
3196 1717 3260 1771 ἂν
3291 1733 3373 1778 τις
3412 1714 3569 1786 μάθοι
3609 1713 3757 1782 φιλο-

2187 1814 2489 1885 πονώτερον
2528 1811 2627 1883 τὴν
2669 1810 2956 1880 Λευῖτικὴν
3000 1811 3321 1881 νομοθεσίαν
3362 1807 3755 1872 κατεξετάζων.

498 1938 633 1977 nem
688 1917 1052 1988 perpenderit.
1090 1915 1204 1968 lllie
1228 1916 1271 1946 ³⁷
1288 1915 1432 1969 enim
1466 1914 1788 1983 sartaginis,
1818 1922 1872 1968 et
1903 1913 2081 1983 lagani

2189 1907 2427 1974 Τηγάνου
2456 1904 2565 1975 γάρ
2588 1906 2724 1967 ἐκεῖ,
2757 1905 2849 1955 καί
2896 1902 3131 1969 λαγάνου
3175 1902 3267 1953 καὶ
3302 1901 3632 1970 σεμιδάλεως
3661 1900 3757 1951 καὶ

512 2014 631 2068 sive
671 2011 948 2080 placenta,
992 2017 1049 2062 ct
1091 2006 1305 2068 similae,
1363 2015 1418 2058 et
1466 2005 1734 2073 ejusmodi
1798 2006 2079 2058 nominum

508 2103 758 2159 meminit
808 2103 863 2156 in
907 2099 1154 2170 mysticis
1203 2096 1512 2158 sacrificiis,
1561 2097 1856 2167 symbolice
1903 2104 1957 2150 et
1991 2111 2084 2165 per

504 2196 798 2264 enigmata
848 2193 1044 2245 animae
1088 2190 1245 2243 utilia
1305 2189 1554 2258 quaedam
1595 2190 1848 2255 dogmata
1895 2190 2086 2242 subin—

508 2285 720 2339 dicans.
756 2284 1063 2349 Quinetiam
1093 2296 1380 2335 mensuras
1407 2280 1668 2349 quasdam
1710 2281 1954 2333 nominat
1993 2296 2085 2335 so-

509 2377 607 2433 lito
651 2385 761 2429 tum
814 2390 983 2439 more,
1034 2374 1200 2445 hyphi
1244 2372 1520 2441 quoddam
1575 2371 1762 2425 dicens
1809 2381 1862 2424 et
1907 2372 2083 2435 ncbel,

508 2475 564 2523 et
601 2467 677 2531 in,
711 2476 766 2521 et
796 2467 966 2519 inulta
1006 2466 1127 2535 ejus
1162 2466 1401 2535 generis.
1452 2463 1590 2516 Num
1640 2465 1735 2518 has
1768 2465 2087 2533 appellatio-

510 2575 609 2614 nes
646 2559 905 2628 imposuit
951 2566 1007 2611 ιιι
1058 2544 1482 2617 nominationes,
1513 2563 1566 2608 et
1612 2572 1641 2608 a
1698 2556 1966 2624 principio
2009 2557 2088 2609 sic

509 2649 845 2720 prazscripsit
875 2648 990 2702 tieri
1018 2654 1072 2701 et
1118 2646 1254 2709 dici,
1309 2647 1383 2698 ita
1414 2654 1473 2698 ut
1511 2645 1612 2698 hoc
1655 2645 1870 2713 quidem
1903 2660 2086 2700 scutett

512 2742 843 2795 frumentum
879 2739 1105 2799 diceret,
1154 2737 1320 2805 hujus
1353 2744 1533 2788 autem
1578 2724 1866 2787 tned'ullam
1911 2748 2089 2787 nonn-

509 2840 670 2889 naret
721 2830 997 2897 similam;
1038 2842 1160 2897 quae
1201 2842 1332 2881 vero
1376 2827 1431 2880 in
1477 2826 1764 2894 superficie
1804 2834 2086 2894 apparent,

510 2930 567 2978 et
595 2929 723 2977 sunt
749 2921 1133 2976 membranosa
1162 2927 1216 2973 et
1247 2926 1608 2987 supernatant
1628 2916 1870 2978 bellaria,
1899 2916 2089 2985 lagana

512 3014 811 3083 appellaret
835 3026 846 3062 :
870 3018 929 3065 et
950 3026 1046 3065 vas
1071 3010 1179 3064 tale
1224 3009 1277 3062 in
1312 3025 1423 3078 quo
1469 3023 1651 3063 massa
1690 3008 1909 3061 humida
1942 3022 2093 3061 exas-

512 3111 665 3156 satur
707 3108 870 3169 atque
919 3099 1257 3159 exsiccatur,
1296 3098 1627 3167 sartaginem
1658 3097 1885 3166 jusserit
1912 3097 2091 3150 nomi-

510 3194 668 3260 nari;
709 3190 915 3247 humidi
942 3205 1071 3245 vero
1101 3196 1303 3243 tantam
1335 3190 1691 3258 quantitatem
1730 3189 1783 3241 in
1821 3188 1904 3242 vel
1935 3189 2089 3242 nebel

2181 2000 2289 2051 τῶν
2320 1998 2574 2051 τοιούτων
2617 1996 2888 2067 μέμνηται
2918 1994 3194 2064 ὀνομάτων
3228 1995 3285 2046 ἐν
3318 1996 3435 2055 ταῖς
3469 1996 3758 2062 μυστικαῖς

2187 2087 2534 2160 ἱερουργίαις,
2559 2085 2895 2155 συμϐολικῶς
2920 2084 3012 2136 καὶ
3036 2083 3099 2134 δι’
3126 2084 3443 2151 αἰνίγματος
3464 2082 3757 2151 ψυχωιρελῆ

2183 2195 2304 2231 τινα
2336 2178 2580 2246 δόγματα
2612 2175 3006 2245 ὑφηγούμενος,
3036 2173 3145 2226 Καὶ
3178 2172 3351 2243 μέτρα
3394 2172 3512 2224 τινά
3546 2188 3763 2223 κατονο-

2190 2269 2349 2340 μάζει
2391 2268 2531 2321 κατὰ
2559 2268 2655 2337 τὴν
2692 2268 2809 2319 τότε
2861 2265 3166 2335 συνήθειαν,
3209 2265 3304 2333 ῦφι
3343 2282 3396 2316 τι
3438 2264 3629 2332 λέγων,
3669 2267 3762 2317 καὶ

2187 2361 2360 2422 νέϐελ,
2388 2362 2482 2412 καὶ
2513 2360 2586 2419 ἲν,
2619 2360 2711 2411 καὶ
2744 2358 2910 2410 πολλά
2936 2356 3178 2410 τοιαῦτα.
3215 2353 3363 2428 τΛρα
3401 2360 3629 2427 ποιήσας
3663 2360 3763 2421 τὰς

2188 2450 2555 2520 προσηγορίας
2577 2452 2776 2510 ταύτας
2805 2450 2897 2499 καὶ
2916 2448 3227 2517 ὀνομασίας,
3254 2448 3287 2519 ἢ
3312 2448 3408 2518 τὴν
3430 2449 3600 2519 ἀρχὴν
3623 2449 3764 2502 οῦτω

2188 2544 2573 2611 διαταξάμενος
2625 2543 2868 2611 γίνεσθαι
2905 2542 2998 2593 καὶ
3044 2541 3333 2608 λέγεσθαι,
3374 2542 3511 2595 ὥστε
3554 2544 3615 2595 τὸ
3665 2546 3763 2613 μὲν

2189 2635 2425 2686 τοιοῦτον
2458 2635 2676 2703 σπέρμα
2708 2636 2852 2685 σῖτον
2880 2636 3072 2686 εἰπεῖν·
3097 2633 3287 2687 τούτου
3323 2634 3379 2687 δὲ
3418 2634 3766 2706 τὴνέντεριώ-

2190 2742 2287 2795 νην
2316 2726 2573 2794 ὀνομάσαι
2618 2725 2912 2795 σεμίδαλιψ
2943 2729 3036 2779 καὶ
3073 2724 3141 2777 τά
3178 2726 3470 2778 ὲπιπόλαια
3507 2729 3600 2779 καὶ
3629 2728 3763 2795 ὑμε-

2191 2814 2331 2883 νώδη
2361 2816 2452 2868 καὶ
2478 2815 2829 2884 διηπλωμένα
2856 2814 2963 2866 τῶν
2989 2816 3315 2885 πεμμάτων,
3346 2815 3554 2882 λάγανα
3593 2832 3766 2884 προσ-

2194 2909 2367 2958 ειπεῖν
2396 2911 2410 2925 ’
2438 2905 2615 2957 καὶτὸ
2636 2906 2835 2957 τοιόνδε
2865 2905 3055 2968 σκεῦος
3087 2908 3144 2958 ὲν
3253 2905 3313 2958 τὸ
3347 2905 3511 2976 ὑγρὸν
3544 2906 3636 2958 τοῦ
3667 2924 3768 2974 φῦ»

2198 2998 2438 3069 ράματος
2470 2997 2761 3064 ἐξοπτᾶται
2795 3000 2888 3051 καὶ
2916 2997 3289 3068 ὲξικμάζεται,
3319 2999 3551 3068 τήγανον
3580 3000 3769 3069 ὀνομα-

2195 3090 2383 3161 σθῆναι
2409 3090 2726 3160 προστάξαι·
2751 3090 2843 3142 τοῦ
2864 3108 2922 3142 τε
2942 3090 3108 3160 ὑγροῦ
3134 3090 3233 3161 τὴν
3253 3092 3471 3160 τοσήνδε
3495 3092 3769 3161 ποσότητα

2192 3183 2271 3251 τῷ
2307 3183 2398 3233 τοῦ
2470 3182 2521 3233 ἲν
2573 3182 2605 3251 ἢ
2652 3181 2806 3233 νέὅελ
2850 3182 3071 3251 ὀνόματι
3112 3182 3467 3253 διαγορεύειν,
3512 3184 3607 3235 καὶ
3643 3183 3770 3246 τοὺς

512 3285 737 3342 nomine
770 3282 1064 3352 appellare,
1101 3288 1155 3335 et
1184 3280 1395 3334 fructus
1430 3278 1696 3333 aridiores
1728 3279 1907 3333 metiri
1936 3294 2087 3333 men-

2197 3250 2520 3344 ξηροτὲρους
2546 3250 2789 3344 καρποὺς
2820 3274 2903 3326 δια
2916 3250 3224 3343 μετρεῖσθαι
3352 3274 3561 3346 γόμορ;
3600 3274 3773 3329 Φλυα-

515 3392 644 3430 sura
680 3375 824 3429 dicta
866 3373 1096 3443 gomor?
1141 3370 1309 3440 Nugae
1347 3381 1397 3425 et
1438 3373 1650 3424 vanitas
1692 3369 1936 3433 Iudaica,
1975 3388 2092 3438 qua:

515 3466 845 3538 permultum
870 3481 902 3519 a
943 3464 1385 3518 Christianorum
1421 3462 1642 3515 sublimi
1676 3471 1869 3515 natura
1909 3474 1961 3517 et
1993 3479 2090 3517 ex-

514 3556 768 3611 cellentia
814 3555 1037 3621 excidit,
1081 3554 1339 3607 nimirum
1386 3560 1579 3621 putare
1625 3567 1880 3621 magnum
1914 3562 1967 3605 et
2002 3569 2094 3606 ex-

512 3645 914 3711 celsissimum,
979 3652 1035 3698 et
1100 3659 1263 3712 supra
1315 3657 1477 3696 omne
1542 3656 1737 3695 nomen
1806 3650 1861 3695 et
1923 3644 2092 3695 animi

515 3741 900 3810 cogitationem
949 3737 1141 3802 Deum,
1192 3740 1285 3806 qui
1330 3737 1444 3790 sola
1480 3736 1779 3789 voluntatis
1830 3745 2094 3804 potestate

516 3834 836 3887 universum
886 3838 1058 3896 creat,
1105 3838 1158 3885 et
1201 3830 1267 3884 ad
1311 3830 1715 3898 generationem
1760 3828 2000 3891 adducit,
2040 3837 2093 3883 et

516 3925 576 3981 in
620 3936 719 3979 sua
766 3932 965 3977 natura
1007 3925 1186 3993 ipsum
1216 3928 1529 3985 conservat,
1561 3929 1621 3972 ut
1651 3921 1886 3989 aliquem
1916 3936 2094 3989 gram-

516 4017 818 4079 ntatistam,
869 4014 923 4068 id
972 4025 1058 4068 est
1098 4013 1209 4067 ludi
1259 4012 1512 4066 litterarii
1553 4013 1893 4080 magistrum,
1947 4012 2094 4079 ejus-

519 4108 666 4162 modi
727 4108 1005 4161 nominum
1079 4106 1380 4175 positiones
1453 4104 1690 4157 inaniter
1752 4112 2091 4173 operantem,

516 4198 729 4255 sedere.
773 4196 880 4251 Sed
919 4196 1378 4266 quemadmodum
1424 4195 1603 4249 surdis
1640 4195 1811 4263 signis
1842 4204 1895 4249 et
1927 4195 2094 4263 gesti-

517 4290 620 4344 bus
653 4288 783 4359 quid
824 4304 984 4359 agere
1029 4288 1281 4349 debeant,
1318 4286 1645 4349 indicamus,
1688 4303 1794 4341 non
1827 4288 1956 4356 quia
1993 4288 2091 4356 ipsi

519 4396 707 4436 vocem
744 4395 850 4435 non
883 4380 1202 4446 habeamus,
1236 4395 1357 4433 cum
1408 4381 1512 4432 hoc
1552 4378 1803 4441 facimus,
1839 4379 1935 4433 sed
1964 4380 2094 4448 quia

514 4474 743 4528 otnnino
788 4473 860 4527 sit
900 4472 1107 4525 inutilis
1146 4487 1255 4525 non
1289 4471 1639 4525 audientibus
1663 4485 1783 4539 quae
1824 4470 1884 4524 fit
1916 4470 2095 4525 verbis

2199 3367 2287 3437 ρία
2310 3367 2480 3419 ταῦτα
2507 3367 2599 3417 καὶ
2629 3366 2925 3436 ματαιότης
2966 3365 3226 3436 Ἱουδαϊκὴ
3259 3367 3515 3436 πάμπολυ
3535 3368 3638 3437 τῆς
3662 3368 3771 3420 τῶν

2193 3458 2534 3528 Χριστιανῶν
2558 3457 2925 3527 μεγαλοφυῒας
2944 3459 3345 3522 ὲκπεπτωκυῖα,
3370 3461 3433 3512 τὸ
3457 3460 3660 3513 οἴεσθαι
3681 3461 3772 3514 τὸν

2198 3551 2392 3619 μέγαν,
2421 3548 2512 3601 καὶ
2537 3547 2779 3615 ὕψιστον,
2805 3549 2897 3599 καὶ
2915 3550 3054 3619 ὑπὲρ
3071 3550 3178 3602 πᾶν
3199 3550 3366 3621 ὄνομά
3384 3569 3441 3603 τε
3471 3554 3560 3604 καὶ
3591 3553 3768 3623 νόημα

2195 3640 2346 3704 Θεὸν,
2383 3641 2472 3692 τὸν
2511 3640 2644 3709 μόνῃ
2688 3644 2753 3711 τῇ
2798 3640 2891 3693 τοῦ
2926 3641 3263 3712 βουλήματος
3310 3644 3536 3714 δυνάμει
3562 3645 3623 3698 τὸ
3661 3649 3771 3700 πᾶν

2195 3728 2585 3799 διακρατοῦντα
2615 3730 2709 3782 καὶ
2733 3734 2808 3793 εἰς
2848 3731 3063 3797 γένεσιν
3086 3732 3305 3800 ἄγοντα,
3334 3734 3427 3786 καὶ
3449 3736 3504 3785 ὲν
3530 3734 3606 3804 τῷ
3632 3731 3771 3789 εἶναι

2194 3818 2573 3889 διατηροῦντα,
2620 3821 2807 3873 τοῦτον
2848 3821 2920 3883 ῶς
2938 3840 3059 3875 τινα
3094 3825 3511 3895 γραμματιστὴν
3533 3828 3630 3889 τὰς
3658 3845 3771 3880 τοι-

2196 3910 2323 3962 άσδε
2366 3911 2474 3963 τῶν
2530 3914 2807 3982 ὀνομάτων
2867 3914 3043 3978 θέσεις
3078 3916 3593 3988 διαλεπτουργοῦντα
3637 3919 3773 3971 καθ-

2194 4002 2378 4073 ῆσθαι.
2442 4004 2577 4057 Ἀλλ’
2608 4005 2796 4077 ὥσπερ
2833 4011 2943 4071 τοῖς
2987 4012 3187 4078 κωφοῖς
3225 4010 3772 4080 διασχηματιζόμενοι

2196 4095 2288 4145 καὶ
2318 4096 2759 4166 χειρονομοῦντες
2779 4098 2837 4149 τὸ
2866 4098 3135 4168 πρακτέον
3164 4100 3625 4169 ὑποσημαίνομεν,
3649 4101 3773 4169 οὑχ).

2195 4186 2272 4257 τῷ
2301 4187 2375 4257 μὴ
2403 4189 2545 4258 ἔχειν
2578 4190 2712 4242 ἰδίαν
2752 4191 2904 4244 αὑτοὶ
2931 4192 3135 4261 φωνὴν,
3166 4192 3292 4244 ὅταν
3326 4192 3481 4243 τοῦτο
3505 4192 3770 4262 ποιῶμεν,

2196 4281 2332 4333 ἀλλὰ
2349 4281 2425 4351 τῷ
2447 4286 2794 4337 παντάπασιν
2812 4285 3084 4356 ἄχρηστον
3106 4282 3244 4339 εἶναι
3264 4293 3374 4349 τοῖς
3393 4289 3491 4341 οὑκ
3513 4288 3770 4342 ἀκούουσι

2195 4373 2293 4445 τὴν
2322 4375 2410 4427 διὰ
2439 4376 2546 4429 τῶν
2582 4377 2843 4447 ῥημάτων
2879 4380 3170 4450 ὑφήγησιν·
3216 4379 3358 4434 οῦτω
3402 4382 3495 4434 καὶ
3535 4383 3631 4452 τῆς
3673 4383 3771 4434 άν-

2198 4464 2477 4537 θρωπίνης
2503 4468 2716 4535 φύσεως
2740 4471 3091 4540 κωιρευοῦπς
3116 4472 3312 4542 τρόπον
3344 4475 3471 4527 τινά
3502 4476 3592 4527 καὶ
3620 4476 3771 4530 οὐδὲν

518 4566 796 4621 enarratio
832 4583 845 4618 :
878 4565 959 4620 sic
1004 4572 1197 4617 natura
1249 4565 1485 4616 humana
1538 4577 1661 4617 cum
1708 4563 1779 4615 sit
1826 4561 2087 4631 quodam-

2199 4558 2305 4610 τῶν
2336 4558 2554 4629 ὑψηλῶν
2596 4563 2893 4633 ἐπαῖοὺσης
2916 4607 2931 4630 ,
2966 4564 3062 4635 τὴν
3090 4565 3182 4618 τοῦ
3227 4566 3361 4618 Θεοῦ
3398 4567 3556 4638 χάριν
3592 4570 3772 4640 φαμὲν

522 4659 686 4711 modo
722 4656 889 4712 surda
932 4663 986 4709 et
1026 4655 1160 4708 nihil
1207 4655 1485 4709 excelsum
1519 4662 1572 4708 et
1614 4653 1843 4708 sublime
1887 4653 2092 4715 audiat,

523 4750 617 4806 Dei
661 4749 890 4820 gratiam
924 4747 1159 4802 dicimus
1194 4746 1548 4800 multifariam
1580 4743 1878 4813 multisque
1921 4742 2096 4796 modis

522 4843 589 4897 in:
646 4840 924 4912 prophetis
977 4841 1291 4909 loquentem
1313 4837 1381 4901 ³⁸,
1420 4851 1519 4906 pro
1584 4843 1744 4904 captu
1799 4844 1992 4889 nostro
2043 4841 2097 4888 et

521 4934 824 4988 secundum
871 4932 923 4986 id
972 4932 1117 5002 quod
1151 4930 1309 4984 nobis
1357 4939 1440 4983 est
1477 4936 1806 4982 consuetum
1846 4933 1896 4980 et
1941 4926 2097 4979 fami-

521 5026 657 5080 liare
702 5030 1016 5080 sanctorum
1066 5021 1454 5092 prophetarum
1503 5019 1721 5088 linguas
1744 5017 2095 5072 conforman-

523 5126 655 5179 tem,
690 5128 789 5185 per
816 5115 932 5168 lucc
962 5128 1065 5168 nos
1104 5112 1173 5167 ad
1202 5112 1515 5167 sublimium
1549 5112 1913 5182 cognitionem
1948 5114 2098 5166 velut

522 5221 689 5261 manu
734 5205 957 5267 ducere,
1011 5220 1118 5258 non
1165 5217 1298 5257 vero
1350 5202 1653 5257 secundum
1690 5218 1844 5256 suam
1889 5204 2099 5273 rnagni-

521 5301 769 5355 tudinem
819 5307 875 5355 et
921 5298 1312 5355 sublimitatem
1346 5296 1650 5351 doctrinam
1700 5296 1920 5350 facere:
1962 5311 2101 5364 quo.

520 5395 682 5449 modo
704 5409 853 5448 enim
883 5393 938 5447 in
978 5392 1175 5461 exiguo
1199 5391 1347 5459 quod
1385 5405 1637 5461 magnum
1667 5401 1751 5443 est
1778 5386 2100 5459 caperetur?

520 5486 615 5544 sed
666 5488 794 5557 quia
853 5485 923 5540 ad
978 5484 1302 5555 parvitatem
1348 5490 1592 5537 nostram
1660 5498 1720 5538 se
1774 5483 1857 5535 vis
1915 5480 2099 5535 divina

519 5579 776 5635 demittit.
816 5576 882 5630 Et
926 5575 1383 5647 quemadmodum
1431 5575 1713 5628 motricem
1766 5572 1983 5627 animali
2018 5571 2095 5624 fa-

520 5672 780 5729 Cuitatem
832 5670 977 5726 Deus
1015 5683 1139 5724 cum
1192 5667 1364 5729 dedit,
1405 5682 1514 5721 non
1563 5666 1797 5737 amplius
1846 5663 2091 5733 singulos

595 5853 640 5884 “
667 5852 784 5910 Act.
830 5868 888 5913 It,
916 5851 969 5909 8.

1047 5854 1089 5887 ³⁷
1122 5852 1295 5910 chit.
1329 5868 1385 5918 ιι,
1431 5852 1464 5910 5
1491 5868 1610 5926 sqq.
1690 5854 1733 5886 ³³
1770 5851 1929 5908 ll’ebr.
1962 5865 2003 5915 ι.
2039 5852 2087 5906 1.

2200 4654 2524 4725 πολυμερῶς
2548 4657 2641 4708 καὶ
2671 4656 3018 4727 πολυτρόπως
3040 4660 3096 4712 ὲν
3121 4661 3233 4723 τοῖς
3261 4663 3562 4730 προφήταις
3581 4661 3775 4714 λαλοῦ-

2200 4762 2320 4807 σαν,
2348 4746 2487 4798 κατά
2515 4747 2574 4799 τὸ
2599 4749 2728 4817 ἡμῖν
2756 4750 3080 4803 εὐσύνοπτόν
3101 4769 3160 4804 τε
3188 4754 3282 4804 καὶ
3300 4752 3527 4823 σύνηθες
3545 4761 3643 4817 τάς
3663 4754 3773 4808 τῶν

2201 4838 2368 4906 ἁγίων
2396 4839 2686 4909 προφητῶν
2712 4840 3237 4912 διασχηματίζουσαν
3259 4844 3526 4912 γλώσσας,
3551 4846 3636 4898 διά
3657 4846 3776 4899 τοῦ·

2199 4947 2305 4982 των
2336 4931 2484 5000 ἡμᾶς
2513 4932 2592 4995 εἰς
2613 4933 2709 5004 τὴν
2733 4933 2839 4986 τῶν
2874 4935 3092 5006 ὑψηλῶν
3117 4941 3476 5008 χειραγωγεῖν
3506 4940 3775 5009 κατανόη-

2202 5038 2307 5086 σιν,
2343 5022 2403 5074 οὑ
2439 5024 2579 5077 κατὰ
2612 5024 2710 5095 τὴν
2737 5026 2872 5080 ἰδίαν
2913 5028 3280 5098 μεγαλοφυῒαν
3317 5031 3644 5102 ποιουμένην
3672 5032 3774 5101 τὴν

2195 5110 2563 5167 διδασκαλίαν.
2604 5114 2728 5177 Πῶς
2763 5116 2869 5186 γάρ
2898 5117 2963 5170 ἂν
2989 5120 3045 5170 ἐν
3074 5118 3151 5188 τῷ
3192 5119 3372 5190 μικρῷ
3402 5121 3674 5191 χωρηθείη
3708 5123 3773 5175 τὸ

2200 5207 2381 5275 μέγα;
2428 5207 2589 5259 Ἀλλά
2612 5211 2676 5279 τῇ
2710 5208 3007 5280 βραχύτητι
3030 5211 3125 5281 τῆς
3149 5213 3422 5283 ἡμετέρας
3452 5213 3776 5281 συγκατιοῦ-

2199 5312 2297 5349 σαν
2341 5298 2642 5369 δυνάμεως.
2698 5302 2808 5353 Καὶ
2849 5301 3037 5370 ὥσπερ
3079 5304 3176 5374 τὴν
3216 5307 3502 5375 κινητικὴν
3533 5307 3609 5376 τῷ
3647 5307 3773 5377 ζῶῳ

2197 5389 2426 5459 δύναμιν
2448 5392 2569 5454 δοὺς
2597 5395 2625 5445 ὁ
2667 5393 2819 5457 θεὸς,
2850 5395 3028 5447 οὑκέτι
3072 5395 3392 5466 δημιουργεῖ
3414 5400 3507 5450 καὶ
3544 5400 3611 5450 τὰ
3646 5400 3770 5452 καθ’

2198 5482 2427 5535 ’ἑκαστον
2477 5483 2811 5555 διαϐήματαο
2860 5485 3005 5551 ἅπαξ
3046 5488 3155 5557 γὰρ
3193 5487 3292 5558 τὴν
3322 5488 3494 5559 ἀρχὴν
3534 5489 3775 5544 λαϐοῦσα

2203 5575 2353 5645 παρὰ
2377 5575 2471 5627 τοῦ
2505 5578 2866 5646 πεποιηκότος
2903 5582 2934 5648 ἡ
2980 5579 3139 5647 φύσις
3184 5580 3380 5651 ἑαυτὴν
3415 5583 3555 5632 κινεῖ
3580 5597 3636 5632 τε
3680 5582 3777 5633 καὶ

2198 5666 2475 5738 διεξάγει,⁸
2511 5669 2646 5741 πρὸς
2677 5669 2739 5725 τὸ
2776 5671 2988 5743 ἑκάστῳ
3029 5689 3086 5723 τε
3123 5671 3312 5726 δοκοῦν
3346 5670 3644 5742 ἐνεργοῦσα
3678 5672 3775 5744 τὴν
