4146 6386
418 411 527 467 99⁸5

1506 415 1785 475 CONTRA
1843 420 2252 490 EUNGMIUM,
2292 422 2419 482 LIB.
2466 419 2572 482 ΧΠ.

3562 422 3670 483 99-!

416 525 632 594 κίνησιν
654 523 826 598 (πλὴν
849 534 1001 600 παρά
1026 529 1231 600 Κυρίου
1256 530 1469 600 λέγεται
1490 535 1559 590 τὰ
1575 535 1734 607 διασή
1746 555 1891 607 ματα
1917 540 1995 611 τῷ

2099 560 2321 613 gressus
2357 545 2539 603 edicit.
2586 541 2756 600 semel
2795 542 2941 599 enim
2990 537 3318 614 principium
3348 541 3420 598 ab
3457 556 3532 598 eo
3573 545 3668 614 qui

416 615 571 686 ἀνδρὶ
597 615 1018 673 κατευθύνεσθαι
1038 623 1053 689 l
1071 661 1085 684 ,
1116 621 1288 685 οὕτως
1322 626 1498 678 καὶτὸ
1527 627 1784 681 δύνασθαι
1809 630 1990 683 λαλεῖν

418 720 474 756 τε
532 705 625 757 καὶ
655 704 982 773 φθέγγεσθαι
1015 709 1108 761 καὶ
1135 709 1194 762 τὸ
1218 710 1306 762 διά
1347 714 1528 782 ιεωνῆς
1561 713 1900 783 ἐξαγγέλλειν
1933 702 1993 768 τὸ

420 792 665 864 βούλημα
693 796 843 864 παρὰ
867 796 961 849 τοῦ
1002 798 1135 853 Θεοῦ
1170 800 1426 865 λαϐοῦσα,
1461 803 1565 873 ὀδῷ
1591 806 1879 874 πορεύεται
1901 808 1989 860 διὰ

418 881 526 933 τῶν
567 885 966 956 πραγμάτωνή
1013 886 1172 951 φύσις
1209 892 1406 959 σημεῖά
1434 909 1553 944 τινα
1593 897 1705 957 τοῖς
1743 890 1862 948 οὖσι
1906 896 1993 950 διὰ

415 974 518 1043 τῆς
550 978 707 1039 ποιᾶς
743 975 850 1029 τῶν
887 977 1136 1046 φθόγγων
1167 980 1427 1051 διαφορᾶς
1460 983 1844 1042 ἑπιῦάλλουσα.
1885 988 1994 1040 Καὶ

419 1066 591 1119 ταῦτά
624 1069 737 1121 ἐστι
769 1067 834 1121 τά
867 1071 996 1140 παρ’
1031 1070 1184 1140 ἡμῶν
1223 1073 1490 1144 λεγόμενα
1535 1078 1754 1146 ῥήματά
1794 1095 1852 1131 τε
1900 1081 1994 1133 καὶ⁵

418 1158 656 1228 ὀνόματα
682 1155 762 1224 οἷς
788 1162 887 1231 τὴν
918 1162 1146 1232 δύναμιν
1176 1164 1282 1215 τῶν
1325 1168 1662 1236 πραγμάτων
1705 1169 1995 1240 διασημαί-

417 1266 597 1319 νομεν.
630 1252 744 1304 Κᾶν
766 1251 991 1320 λέγηται
1020 1253 1168 1322 παρὰ
1197 1253 1289 1305 τοῦ
1322 1257 1597 1320 Μωῦσέως
1623 1257 1729 1329 πρὸ
1757 1258 1858 1327 τῆς
1884 1258 1993 1311 τῶν

417 1341 642 1411 καρπῶν
673 1343 937 1410 γενέσεως
965 1345 991 1396 ό
1018 1344 1246 1414 καρπὸς,
1274 1347 1369 1399 καὶ
1402 1347 1504 1416 πρὸ
1525 1347 1632 1402 τῶν
1658 1349 1992 1420 σπερμάτων

415 1433 481 1486 τὰ
527 1434 835 1504 σπέρματα,
879 1435 976 1487 οὑκ
1002 1434 1209 1505 ἐλέγχει
1243 1438 1331 1489 τὸν
1358 1440 1624 1510 ἡμέτερον
1658 1440 1835 1508 λόγον,
1870 1442 1993 1494 οὑδὲ

419 1525 650 1596 μάχεται
683 1530 792 1589 τοῖς
815 1529 942 1598 περὶ
968 1530 1066 1596 τῆς
1097 1530 1336 1593 ἐπινοίας
1377 1531 1685 1601 εἰρημένοις
1715 1535 1748 1602 ἡ
1783 1533 1874 1585 τοῦ
1908 1551 1995 1585 νο-

419 1620 643 1686 μοθέτου
685 1620 908 1672 διάνοια.
962 1621 1026 1671 Ὃ
1074 1621 1182 1690 γάρ
1226 1623 1385 1690 ἡμεῖς
1437 1623 1608 1692 πέρας
1659 1624 1993 1694 ὀνομάζομεν

413 1711 512 1780 τῆς
554 1711 928 1784 παρελθούσης
954 1712 1225 1782 γεωργίας
1254 1713 1464 1785 καρπὸν
1510 1715 1756 1782 λέγοντες
1778 1756 1792 1781 9
1821 1717 1994 1788 ἀρχὴν

413 1799 470 1852 δὲ
499 1801 596 1870 τῆς
629 1800 922 1870 μελλούσης
954 1802 1172 1872 σπέρμα
1214 1804 1724 1874 προσαγορεύοντες,
1754 1805 1911 1859 τοῦτο
1937 1807 1995 1859 τὸ

2089 635 2222 690 fecit
2260 636 2453 706 adepta
2502 644 2696 690 natura
2736 635 2970 703 seipsam
3003 641 3182 688 movet
3218 643 3272 688 et
3320 633 3562 698 deducit,
3599 633 3670 688 ad

2091 728 2459 799 quodcunque
2489 729 2702 782 libitum
2735 737 2819 783 est
2847 737 3053 782 motum
3097 726 3338 782 efﬁciens
3362 725 3498 797 (nisi
3531 725 3668 781 forte

2093 833 2314 886 gressus
2367 817 2607 870 hominis
2655 831 2683 868 a
2741 815 2972 869 Domino
3028 815 3187 884 dirigi
3235 814 3532 883 dicantur),
3588 815 3670 868 sic

2088 911 2240 977 loqui
2285 925 2469 979 posse.
2521 917 2574 962 et
2611 923 2775 963 sonos
2825 908 2985 961 edere
3033 923 3095 961 ac
3123 923 3224 976 per
3250 921 3438 961 vocem
3471 905 3670 960 volun.-

2087 1012 2258 1057 tatem
2300 999 2589 1055 enuntiare
2637 1016 2667 1051 a
2729 999 2836 1053 Deo
2879 1014 3000 1051 eum
3050 998 3282 1068 accepit,
3314 999 3456 1051 viam
3495 996 3668 1067 pergit

2097 1101 2292 1145 natura
2323 1106 2417 1160 per
2443 1104 2530 1142 res
2557 1089 2710 1157 signa
2741 1089 2988 1156 quaedam
3035 1088 3200 1143 rebus
3235 1098 3386 1142 certa
3430 1088 3671 1156 quadam

2095 1200 2354 1240 sonorum
2395 1183 2695 1237 diﬂerentin
2750 1184 3056 1251 imponens.
3101 1180 3167 1234 Et
3220 1182 3334 1235 hzec
3386 1189 3516 1235 sunt
3547 1196 3674 1250 quae

2095 1293 2123 1328 a
2172 1277 2332 1330 nobis
2383 1277 2644 1330 dicuntur
2685 1276 2852 1329 verba
2903 1283 2958 1329 ct
2999 1280 3218 1328 nomina
3255 1276 3454 1342 quibus
3481 1289 3666 1328 rerum

2092 1369 2201 1422 vim
2252 1369 2642 1437 significamus.
2688 1368 2751 1423 Et
2790 1370 2915 1422 licet
2963 1385 2992 1421 a
3033 1369 3178 1423 Mose
3228 1378 3352 1423 an!e
3395 1367 3666 1422 fructuum

2098 1461 2508 1526 generationem
2567 1460 2772 1514 dicitur
2815 1461 3049 1523 fructus,
3107 1471 3160 1515 ct
3213 1471 3337 1513 ante
3394 1461 3666 1514 seminuiu

2093 1558 2272 1600 ortum
2325 1549 2556 1613 semina,
2616 1565 2721 1602 non
2771 1559 2956 1603 tamen
3013 1552 3114 1603 hoc
3165 1562 3408 1604 nostrum
3472 1551 3670 1604 refellit

2096 1656 2426 1702 sermonem,
2465 1656 2638 1710 neque
2672 1643 2757 1696 his
2795 1659 2916 1711 quze
2949 1644 3092 1696 dicta
3123 1652 3251 1698 sunt
3291 1643 3355 1696 dc
3387 1658 3668 1696 commen-

2097 1733 2302 1785 tatione
2347 1742 2614 1802 repugnat
2643 1734 2972 1803 legislatoris
3007 1736 3294 1788 sententia.
3323 1733 3481 1800 Quod
3521 1735 3667 1787 enim

2098 1839 2198 1876 nos
2239 1824 2531 1877 terminum
2576 1824 2921 1892 agriculturae
2961 1825 3248 1893 praeterita:
3294 1823 3530 1878 fructum
3565 1840 3665 1877 no--

376 1941 379 1945 .
415 1893 649 1961 πρᾶγμα
695 1891 756 1944 τὸ
795 1894 908 1955 τοῖς
947 1892 1204 1962 ὀνόμασιν
1253 1895 1625 1965 ὑποκείμενον,
1669 1899 1776 1950 εἴτε
1824 1901 1987 1960 σῖτον,

2097 1917 2388 1977 Ininamus,
2405 1915 2728 1984 principium
2748 1932 2875 1971 vero
2895 1917 3088 1969 futura:
3108 1932 3292 1970 semen
3307 1917 3665 1984 appellamus,

415 1981 526 2034 εἴτε
567 1999 616 2033 τι
649 1981 774 2036 ἄλλο
802 1982 910 2034 τῶν
951 1983 1037 2035 διὰ
1081 1985 1288 2052 σπορᾶς
1328 1983 1722 2054 πληθυνόντων,
1755 1986 1994 2039 διδάσκει

420 2071 493 2142 μὴ
535 2073 852 2143 αὐτομάτως
880 2076 1148 2142 γενέσθαι,
1193 2075 1305 2128 ἀλλ’
1348 2079 1404 2128 ἐν
1451 2075 1714 2146 θελήματι
1773 2078 1866 2132 τοῦ
1902 2095 1996 2130 περ·

418 2165 708 2234 ποιηκότος
751 2166 888 2236 μετὰ
932 2166 1032 2235 τῆς
1093 2167 1374 2235 δυνάμεως
1419 2167 1621 2238 ταύτης
1669 2169 1990 2237 ἀναφυῆναιο

415 2254 554 2307 ὥστε
579 2256 669 2309 τὸν
700 2256 858 2310 αὐτόν
890 2274 948 2309 τε
979 2257 1220 2326 γίνεσθαι
1249 2257 1480 2328 καρπὸν,
1513 2259 1703 2311 ἑαυτόν
1736 2276 1792 2312 τε
1838 2260 1996 2314 πάλιν

414 2348 568 2412 ἄγειν
599 2349 817 2417 σπέρμα
844 2350 1141 2418 γινόμενον,
1174 2351 1265 2403 καὶ
1287 2350 1360 2419 τῷ
1385 2368 1447 2402 πε
1459 2352 1753 2420 ριττεύοντι
1778 2354 1996 2423 τρέφειν

414 2437 505 2488 τὸν
538 2438 843 2508 ἄνθρωπον,
875 2439 1066 2506 φύεται
1099 2441 1154 2492 δὲ
1173 2440 1314 2493 κατὰ
1339 2441 1396 2492 τὸ
1419 2440 1561 2492 θεῖον
1581 2442 1822 2512 βούλημα
1853 2446 1995 2513 πρᾶ-

416 2546 532 2598 γμα
581 2531 680 2582 οὑκ
727 2531 914 2600 ὄνομα.
969 2533 1129 2584 Ὥστε
1175 2533 1236 2584 τὸ
1279 2534 1376 2601 μὲν
1421 2533 1541 2584 καθ’
1589 2535 1884 2586 ὑπόστασιν
1940 2534 1997 2586 ὃν

415 2624 647 2692 πρᾶγμα
685 2622 783 2692 τῆς
814 2624 908 2676 τοῦ
948 2625 1308 2694 πεποιηκότος
1341 2624 1624 2694 δυνάμεως
1657 2624 1812 2695 ἔργον
1835 2622 1995 2688 εἶναι,

416 2713 512 2773 τάς
537 2713 592 2765 δὲ
620 2714 984 2782 γνωριστικὰς
1010 2714 1119 2766 τῶν
1163 2715 1330 2767 ὄντων
1358 2716 1561 2782 φωνάς,
1593 2717 1658 2768 δι’
1681 2710 1754 2768 ὧν
1780 2716 1848 2768 τά
1877 2716 1998 2769 καθ’

417 2802 646 2856 ἕκαστον
675 2805 810 2873 πρὸς
840 2807 1039 2876 άκριὸῆ
1081 2823 1139 2858 τε
1174 2809 1265 2858 καὶ
1306 2806 1609 2876 άσὺγχυτον
1651 2808 1999 2860 διδασκαλίαν

418 2896 831 2965 ἐπισημειοῦται
860 2899 888 2948 ὀ
913 2897 1068 2964 λόγος
1088 2937 1102 2961 ,
1137 2897 1312 2950 ταῦτα
1337 2899 1436 2968 τῆς
1467 2898 1691 2968 λογικῆς
1719 2898 2001 2969 δυνάμεως

418 2990 556 3058 ἔργα
587 3007 646 3041 τε
672 2991 767 3043 καὶ
793 2992 1080 3061 εὑρήματα
1105 2991 1305 3062 ἀὐτὴν
1336 2991 1391 3044 δὲ
1421 2992 1624 3062 ταύτην
1655 2993 1752 3064 τὴν
1779 2993 1999 3063 λογικὴν

417 3082 644 3152 δύναμίν
677 3101 736 3135 τε
769 3085 860 3135 καὶ
901 3083 1081 3152 φύσιν,
1110 3084 1267 3154 ἔργον
1291 3083 1446 3139 Θεοῦ.
1484 3087 1592 3137 Καὶ
1617 3084 1801 3156 ἐπειδὴ
1821 3086 1881 3137 τὸ
1916 3086 2002 3137 λο-

418 3171 570 3238 γικὸν
603 3174 658 3224 ἐν
683 3174 846 3225 πᾶσιν
872 3173 1176 3243 ἀνθρώποις
1197 3216 1210 3238 ,
1242 3175 1547 3242 ἀναγκαίως
1579 3176 1718 3228 κατὰ
1756 3175 1854 3238 τὰς
1893 3176 2001 3228 τῶν

415 3261 586 3315 ἐθνῶν
623 3261 902 3332 διαφορὰς.
933 3263 1024 3316 καὶ
1059 3265 1113 3314 αἱ
1145 3263 1249 3314 τῶν
1285 3264 1562 3334 ὀνομάτων
1592 3265 1844 3334 διασοραὶ
1867 3266 2000 3317 θεω-
2027 3250 2069 3306 C

423 3351 659 3422 ροῦνται.
689 3354 750 3405 Εἰ
776 3353 837 3423 δή
866 3371 948 3416 τις
1003 3352 1364 3424 ἀνθρωπικῶς
1391 3355 1450 3406 τὸ
1475 3354 1609 3422 φῶς,
1648 3356 1680 3425 ἦ
1711 3358 1800 3408 τὸν
1832 3358 1996 3426 οὖρα-

417 3444 528 3508 νον,
556 3445 588 3513 ἢ
620 3444 714 3514 τὴν
743 3445 864 3514 γῆν,
890 3446 922 3514 ἢ
951 3445 1016 3497 τά
1043 3445 1331 3516 σπέρματα
1359 3447 1509 3518 παρὰ
1537 3447 1630 3500 τοῦ
1669 3448 1804 3500 Θεοῦ
1840 3467 2000 3519 προσ·

419 3533 669 3604 ειρῆσθαι
695 3534 864 3601 λέγοι,
911 3536 1126 3596 πάντως
1154 3536 1234 3588 ὅτι
1265 3537 1404 3588 κατὰ
1438 3538 1566 3605 μίαν
1596 3539 1715 3591 τινὰ
1749 3538 1998 3608 γλώσσης

424 3623 656 3694 ἰδιότητα
705 3625 1032 3694 γεγενῆσθαι
1082 3627 1477 3678 κατασκευάσει
1527 3629 1617 3678 τὸν
1665 3627 1839 3694 λόγον.
1900 3629 1995 3691 Τίς

418 3711 511 3768 οὖν
542 3715 682 3785 αὕτη
703 3757 717 3779 ,
751 3717 996 3782 δειξάτω.
1031 3717 1133 3768 Τὸν
1175 3719 1284 3788 γὰρ
1315 3719 1489 3771 έκεῖνο
1521 3719 1872 3786 γινώσκοντα,
1906 3721 1998 3773 καὶ

409 3808 574 3861 τοῦτο
606 3809 678 3880 μὴ
708 3811 918 3876 ἀγνοεῖν
963 3810 1180 3873 πάντως
1207 3813 1306 3864 οὐκ
1336 3812 1441 3878 ἔξω
1470 3811 1561 3864 τοῦ
1599 3813 1805 3873 εἰκότος
1859 3813 1994 3866 ἐστί.

421 3901 530 3952 Καὶ
560 3901 668 3972 γὰρ
700 3903 792 3954 καὶ
815 3905 874 3954 ἐν
898 3902 974 3972 τῷ
1017 3903 1254 3975 Ἰορδάνῃ
1281 3904 1416 3972 μετὰ
1441 3905 1540 3973 τὴν
1555 3903 1650 3955 τοῦ
1685 3903 1997 3973 Πνεύματος

419 3989 663 4060 δύναμιν,
699 3990 792 4044 καὶ
820 3991 981 4044 πάλιν
1025 3994 1082 4043 ὲν
1113 3993 1302 4053 ἀκοαῖς
1328 3991 1434 4044 τῶν
1488 3990 1773 4053 Ἰουδαίων,
1820 3991 1910 4044 καὶ
1941 3993 1997 4044 ἐν

421 4086 484 4152 τῇ
513 4081 928 4152 μεταμορφώσει
950 4123 962 4145 ,
1004 4084 1152 4151 φωνὴ
1182 4081 1391 4149 γίνεται
1429 4080 1634 4135 ἄνωθεν
1672 4080 1999 4138 διδάσκουσα

419 4176 544 4237 τοὺς
573 4174 911 4244 ἀνθρώπους,
943 4173 1033 4226 καὶ
1064 4173 1247 4243 σχῆμά
1271 4189 1320 4224 τι
1359 4172 1432 4243 μὴ
1456 4172 1515 4224 τὸ
1539 4171 1862 4240 φαινόμενον
1887 4171 1997 4224 οἱέ-

423 4267 546 4320 σθαι
581 4268 758 4336 μόνον,
802 4266 937 4319 ἀλλὰ
970 4269 1062 4318 καὶ
1093 4266 1184 4320 τὸν
1225 4265 1504 4335 ἀγαπητὸν
1555 4263 1682 4318 Υίὸν
1726 4263 1820 4318 τοῦ
1857 4262 1995 4318 Θεοῦ

421 4358 695 4411 πιστεύειν
731 4354 868 4412 εἶναι
899 4359 1092 4430 ἀληθῆ.
1137 4359 1373 4428 Τοιαύτη
1408 4359 1559 4428 φωνὴ
1593 4357 1728 4430 πρὸς
1755 4358 1856 4429 τὴν
1890 4358 1996 4412 τῶν

421 4448 724 4500 ἀκουόντων
757 4448 968 4500 σύνεσιν
1015 4451 1073 4501 ὲν
1114 4448 1190 4518 τῷ
1233 4449 1402 4518 άερίῳ
1446 4447 1656 4517 σώματι
1705 4448 1857 4516 παρὰ
1903 4447 1994 4502 τοῦ

421 4536 556 4591 Θεοῦ
594 4538 895 4610 διετυπώθη
922 4540 1058 4592 κατὰ
1080 4540 1177 4611 τὴν
1202 4538 1604 4608 ἐπικρατοῦσαν
1631 4538 1740 4592 τῶν
1765 4539 1993 4608 φθεγγο·

425 4629 598 4700 μένων
655 4631 940 4701 συνήθειαν
995 4630 1279 4700 γενομένη.
1339 4630 1497 4684 Οὑτω
1548 4629 1642 4682 τοῦ
1673 4629 1830 4692 Θεοῦ,
1889 4629 1994 4682 ταῦ

421 4719 652 4785 πάντας
677 4720 956 4787 θέλοντος
973 4721 1237 4789 σωθῆναι
1263 4721 1360 4775 καὶ
1389 4725 1476 4788 εὶς
1495 4722 1822 4792 ἐπίγνωσιν
1847 4723 1998 4788 ἀλη-

422 4812 583 4878 θείας
625 4811 843 4877 ἐλθεῐν,
884 4813 1017 4882 πρὸς
1059 4813 1150 4865 τὸν
1195 4815 1395 4867 σκοπὸν
1431 4816 1529 4884 τῆς
1571 4814 1843 4884 σωτηρίας
1887 4812 1996 4864 τῶν

419 4903 724 4956 ἀκουόντων
754 4904 811 4956 ὲν
839 4902 917 4973 τῷ
940 4904 1062 4976 ἀέρι
1083 4905 1173 4957 τὸν
1201 4905 1356 4972 λόγον
1380 4904 1781 4976 ἀρθρὼσαντος,
1816 4903 1998 4967 καθώς

421 5013 555 5064 φησι
594 4995 689 5047 καὶ
717 4995 853 5066 πρὸς
880 4996 1006 5058 τοὺς
1043 4994 1326 5059 Ἰουδαίους
1361 4999 1388 5050 ὁ
1421 4997 1622 5068 Κύριος
1663 4996 1787 5060 τοὺς
1815 4995 1997 5065 οἰομέ-

419 5104 541 5148 νους
573 5085 799 5157 βροντὴν
826 5087 1140 5154 γεγονέναι,
1169 5087 1255 5140 διὰ
1283 5089 1340 5141 τὸ
1370 5089 1427 5140 ἐν
1458 5088 1579 5158 ἀέρι
1619 5087 1882 5156 συστῆναι
1908 5085 2001 5138 τὸν

418 5173 571 5246 ἦχον,
601 5179 682 5230 ὄτι
719 5180 803 5230 Οὐ
831 5177 905 5230 δι’
937 5177 1043 5247 ἐμὲ
1068 5178 1106 5245 ὴ
1150 5182 1318 5247 φωνὴ
1355 5179 1506 5245 αῦτη
1536 5179 1801 5248 γέγονεν,
1841 5176 2001 5231 ἀλλὰ

419 5269 490 5319 δι’
517 5269 690 5338 ὑμᾶς.
726 5270 840 5341 Πρὸ
865 5270 920 5324 δὲ
955 5271 1049 5340 τῆς
1087 5271 1181 5325 τοῦ
1225 5271 1427 5334 παντὸς
1452 5271 1761 5332 συστάσεως
1790 5267 1998 5332 οὐδενὸς

420 5362 568 5423 δντος
613 5359 710 5414 τοῦ
753 5363 1148 5432 ὑποδεχομένου
1203 5363 1294 5416 τὸν
1341 5363 1517 5431 λόγον,
1561 5362 1595 5434 ἢ
1640 5359 1998 5431 σωματὼδους

422 5453 683 5522 στοιχείου
706 5453 847 5516 τινὸς
875 5453 967 5506 τοῦ
989 5439 1259 5507 ’τυπῶσαι
1286 5455 1384 5525 τὴν
1409 5454 1668 5526 ἔναρθρον
1695 5452 1993 5523 δυναμένου

422 5541 622 5612 φωνὴν,
671 5545 699 5596 ό
741 5543 912 5612 λέγων
949 5545 1155 5615 ῥήμασι
1195 5544 1287 5597 τὸν
1326 5544 1458 5598 Θεὸν
1502 5542 1836 5614 κεχρῆσθαι,
1875 5540 1995 5604 πῶς

420 5632 687 5690 ἀποδώσει
726 5634 788 5686 τδ
811 5635 955 5698 εἰκὸς
976 5633 1053 5706 τῷ
1073 5634 1245 5704 λόγῳ;
1281 5634 1449 5698 Αὑτὺς
1471 5632 1782 5704 ἀσώματος,
1811 5633 1844 5704 ή
1877 5635 1992 5684 κτι-

501 5817 534 5847 ³²
574 5819 762 5878 Matth.
805 5833 888 5887 nt,
919 5820 1024 5889 l7;
1061 5819 1227 5875 Marc.
1258 5833 1297 5886 ι,
1320 5818 1382 5885 9;
1437 5814 1571 5874 Luc.
1608 5829 1686 5882 ιιι,
1721 5813 1776 5869 5.
1853 5811 1898 5846 “
1929 5809 1950 5866 l
1983 5808 1997 5866 '.

2096 5810 2224 5868 Ioth.
2261 5825 2343 5878 tn,
2379 5809 2432 5864 4.

2095 2008 2237 2060 lmnc
2279 2023 2390 2060 rem
2423 2024 2542 2076 qua:
2571 2009 2879 2063 nominibus
2917 2009 3229 2076 subjici-tur,
3267 2009 3382 2064 sive
3425 2007 3666 2061 frumen-

2099 2108 2232 2159 tum,
2266 2099 2379 2152 sive
2433 2097 2634 2168 aliquid
2667 2115 2854 2152 eorum
2903 2115 3023 2167 quae
3055 2113 3151 2167 per
3181 2099 3444 2152 sationem
3483 2097 3671 2151 multi-

2093 2189 2388 2257 plicantur,
2437 2187 2596 2241 docet
2640 2202 2746 2240 non
2797 2203 2928 2240 casu
2979 2197 3033 2241 et
3088 2187 3314 2241 fortuito
3351 2187 3518 2256 gigni,
3568 2188 3665 2242 sed

2097 2282 2218 2348 ejus
2255 2281 2344 2350 qui
2403 2278 2530 2333 fecit
2580 2279 2858 2333 voluntate
2907 2295 3028 2332 cum
3090 2279 3191 2332 hac
3235 2279 3284 2332 vi
3342 2279 3666 2348 productum

2098 2388 2257 2427 esse:
2321 2373 2393 2424 ita
2443 2379 2496 2425 ut
2554 2373 2693 2426 idem
2733 2372 2947 2426 fruetus
2995 2382 3274 2434 nascatur,
3320 2373 3678 2442 seipsumque

2099 2481 2293 2519 rursus
2333 2465 2620 2534 producat,
2657 2481 2782 2519 cum
2827 2466 2882 2518 tit
2912 2481 3122 2529 semen,
3167 2476 3220 2520 et
3249 2483 3316 2519 eo
3345 2466 3487 2535 quod
3517 2482 3674 2521 exsu-

2099 2569 2256 2626 perat
2301 2557 2574 2610 hominem
2617 2557 2759 2624 alat;
2807 2556 2991 2610 divina
3040 2565 3218 2611 autem
3258 2557 3536 2612 voluntate
3583 2573 3674 2612 res

2101 2666 2211 2702 non
2255 2664 2451 2702 nomen
2494 2648 2761 2703 nascitur.
2803 2647 2985 2713 Quare
3013 2665 3098 2703 res
3139 2649 3356 2718 quidem
3389 2664 3510 2717 quae
3539 2648 3673 2703 sub-

2101 2751 2210 2796 stat
2252 2734 2555 2795 conditoris
2602 2757 2740 2809 opus
2786 2749 2872 2795 est
2924 2744 3164 2806 virtutis,
3202 2759 3362 2797 voces
3395 2760 3523 2798 vero
3552 2759 3674 2813 qute

2101 2849 2189 2888 res
2235 2833 2384 2903 ipsas
2431 2833 2732 2893 notificant,
2785 2849 2880 2902 per
2909 2850 3049 2903 quas
3081 2835 3296 2904 singula
3333 2835 3398 2890 ad
3425 2845 3673 2890 exnctam

2101 2937 2155 2980 et
2205 2925 2546 2980 inconfusam
2582 2926 2890 2980 doctrinam
2919 2943 3100 2982 sermo
3128 2929 3395 2996 designat,
3432 2928 3514 2982 ha:
3543 2935 3674 2982 sunt

2103 3018 2292 3085 logica!
2335 3017 2608 3070 facultatis
2639 3033 2802 3086 opera
2839 3026 2892 3072 et
2921 3018 3160 3075 inventa.
3192 3019 3317 3074 Haec
3342 3028 3520 3074 autem
3553 3021 3672 3089 ipsa

2102 3106 2409 3162 disserendi
2448 3115 2501 3160 et
2546 3108 2914 3161 ratiocinandi
2963 3108 3196 3163 facultas
3237 3119 3291 3163 et
3332 3118 3527 3164 natura
3575 3109 3671 3166 Dei

2103 3209 2187 3254 est
2217 3216 2374 3270 opus.
2407 3200 2471 3253 Et
2509 3201 2767 3270 quoniam
2817 3201 3074 3256 omnibus
3108 3202 3422 3257 hominibus
3453 3204 3677 3258 ratioci-

2104 3292 2270 3346 nandi
2295 3291 2526 3346 facultas
2559 3294 2720 3352 iuest,
2754 3293 3067 3347 necessario
3091 3293 3391 3346 secundum
3429 3294 3672 3364 gentium

2102 3388 2416 3451 varietates,
2452 3386 2616 3440 etiam
2665 3387 2943 3439 nominum
2983 3384 3300 3439 rliﬂ‘crentiaa
3333 3395 3672 3455 spectantur.

2102 3479 2257 3543 Quod
2306 3479 2351 3533 si
2402 3480 2524 3548 quis
2568 3479 2889 3532 humanitus
2943 3478 3140 3538 lucem,
3195 3479 3274 3531 vel
3338 3479 3558 3543 cmlum,
3591 3477 3678 3532 vel

2100 3581 2327 3629 terram.
2360 3573 2442 3624 vel
2477 3571 2685 3624 semina
2728 3585 2756 3622 a
2789 3569 2900 3624 Deo
2938 3569 3209 3638 appellata
3244 3568 3414 3623 fuisse
3440 3578 3674 3632 asserat,

2100 3666 2288 3734 procul
2323 3663 2489 3717 dubio
2523 3663 2826 3717 secundum
2857 3678 3017 3714 unam
3060 3663 3296 3730 aliquam
3326 3663 3520 3731 linguae
3550 3678 3680 3730 pro-

2100 3759 2383 3826 prictatetn
2414 3757 2615 3808 factum
2657 3771 2780 3808 esse
2811 3769 3118 3808 sermonem
3153 3761 3380 3806 astruet.
3410 3753 3671 3818 Qumnam

2100 3849 2266 3919 igitur
2306 3848 2444 3914 llIBC,
2485 3849 2842 3901 demonstret.
2892 3845 3026 3898 Eum
3078 3848 3222 3900 enim
3273 3847 3364 3914 qui
3418 3846 3548 3898 illud
3584 3863 3679 3898 co-

2099 3940 2333 4010 gnoscit,
2383 3948 2435 3994 et
2485 3939 2587 3992 hoc
2621 3954 2728 3991 nun
2758 3939 3010 4004 ignorare
3044 3937 3208 4006 plane
3241 3944 3325 3989 est
3354 3937 3676 3991 veﬁsimile.

2095 4031 2310 4086 Etenim
2334 4032 2383 4084 in
2411 4029 2647 4083 Jordane
2679 4037 2800 4098 post
2830 4028 3070 4098 Spiritus
3118 4028 3438 4096 potentiam,
3469 4038 3521 4080 et
3551 4041 3674 4080 rur-

2099 4139 2194 4179 sus
2236 4124 2292 4177 in
2351 4122 2580 4176 auribus
2628 4119 2962 4181 Judmorum,
3008 4128 3170 4188 atque
3221 4118 3276 4172 in
3318 4119 3678 4189 transfigura-

2098 4217 2246 4271 tione
2299 4231 2403 4268 vox
2455 4214 2514 4268 fit
2563 4215 2800 4282 desuper
2847 4213 3053 4266 decens
3116 4211 3364 4266 homines
3416 4227 3482 4265 ne
3529 4209 3674 4280 quod

2097 4307 2393 4373 apparebat
2419 4304 2645 4373 figuram
2669 4318 2790 4357 esse
2817 4301 3120 4371 simplicem
3145 4301 3546 4370 existimarent,
3579 4302 3677 4357 sed

2096 4397 2260 4450 etiam
2287 4394 2544 4448 dilectum
2572 4392 2771 4447 Filium
2804 4391 2897 4445 Dei
2929 4408 3115 4447 verum
3144 4407 3267 4447 esse
3288 4393 3575 4447 crederent
3606 4395 3674 4446 ³⁸.

2098 4487 2422 4558 Hujusmodi
2471 4503 2573 4540 vox
2629 4487 2692 4539 ad
2742 4485 3080 4540 audientium
3141 4484 3554 4553 intelligentiam
3619 4484 3675 4538 in

2024 4595 2070 4648 ί)
2101 4598 2262 4636 aereo
2313 4596 2542 4650 eorp0re
2574 4595 2601 4632 a
2646 4579 2756 4632 Deo
2787 4577 3019 4632 formata
3052 4587 3156 4638 est,
3189 4575 3492 4632 secundum
3521 4575 3677 4629 iuva-

2103 4677 2394 4732 lescentem
2453 4674 2790 4742 loquentium
2858 4669 3312 4725 consuetudinem
3362 4667 3530 4722 facta.
3585 4668 3678 4722 Sic

2100 4770 2262 4822 etiam
2307 4783 2430 4822 cum
2485 4765 2646 4824 litans,
2714 4765 2803 4834 qui
2861 4779 3037 4816 euntes
3093 4761 3204 4815 vult
3251 4760 3426 4815 saivos
3465 4762 3586 4830 ﬁeri
3629 4770 3676 4814 et

2101 4861 2170 4914 ud
2205 4861 2521 4931 agnitionem
2545 4856 2778 4910 veritatis
2809 4855 2980 4908 venire
3007 4854 3076 4917 ⁸⁸⁸,
3115 4853 3182 4907 ad
3222 4867 3447 4921 scopum
3481 4853 3680 4907 salutis

2101 4954 2436 5007 audientium
2473 4951 2526 5003 in
2576 4963 2701 5002 aere
2741 4961 3048 5002 sermonem
3098 4945 3463 5008 articulasset,
3487 4963 3678 5016 quem-

2102 5046 2394 5100 admodum
2427 5044 2502 5096 ait
2552 5042 2615 5095 ad
2637 5039 2855 5095 Judzcos
2891 5038 3154 5092 Dominus
3184 5037 3393 5091 tonitru
3442 5053 3566 5093 esse
3599 5036 3679 5091 fa-

2101 5149 2250 5194 ctum
2297 5143 2572 5208 putantes,
2603 5135 2730 5203 quia
2767 5133 2820 5185 in
2864 5148 2992 5184 aere
3027 5145 3198 5185 sonus
3240 5137 3491 5194 steterat,
3525 5130 3674 5200 quia,

2103 5230 2226 5285 Non
2249 5243 2460 5299 propter
2483 5244 2562 5281 me
2593 5229 2703 5281 [nec
2731 5240 2828 5279 vox
2852 5225 2998 5294 facta
3022 5232 3121 5287 est,
3149 5223 3238 5277 sed
3261 5234 3471 5293 propter
3500 5242 3586 5278 vos
3611 5224 3674 5280 ".

2099 5321 2242 5375 Ante
2263 5335 2390 5376 vero
2416 5318 2654 5372 universi
2685 5314 3138 5369 constitutionem
3159 5328 3289 5388 cum
3313 5313 3499 5367 nullus
3530 5322 3676 5368 esset

2100 5415 2192 5486 qui
2233 5427 2537 5470 sermonem
2585 5409 2911 5479 suseipcret,
2957 5410 3038 5462 vel
3087 5423 3410 5478 corporeum
3437 5409 3676 5465 clemen-

2100 5517 2218 5562 tum
2275 5509 2420 5576 quod
2476 5513 2658 5574 posset
2715 5518 2900 5557 vocem
2940 5501 3293 5556 articulatam
3341 5504 3673 5570 exprimere,

2100 5603 2192 5675 qui
2222 5601 2355 5658 dicit
2389 5599 2556 5655 Deum
2598 5598 2779 5653 verbis
2808 5612 2968 5658 usum
3001 5597 3193 5663 fuisse,
3221 5596 3499 5670 quomodo
3525 5604 3671 5667 quod

2512 5808 2554 5841 “
2587 5805 2744 5863 Joan.
2785 5823 2885 5871 ιιι,
2929 5806 3019 5862 29.
