  <div class='ocr_page' id='page_1' title='image "/cluster/home/n/w/nwhite01/storage/ocr_20150623/45/nnc1.0046978445/509.png"; bbox 0 0 4146 6386; ppageno 0'>
   <div class='ocr_carea' id='block_1_1' title="bbox 489 387 596 444">
    <p class='ocr_par' dir='ltr' id='par_1_1' title="bbox 489 387 596 444">
     <span class='ocr_line' id='line_1_1' title="bbox 489 387 596 444; baseline -0.028 0"><span class='ocrx_word' id='word_1_1' title='bbox 489 387 596 444; x_wconf 71' lang='lat' dir='ltr'><strong>9&#39;l5</strong></span> 
     </span>
    </p>
   </div>
   <div class='ocr_carea' id='block_1_2' title="bbox 1761 384 2544 444">
    <p class='ocr_par' dir='ltr' id='par_1_2' title="bbox 1761 384 2544 444">
     <span class='ocr_line' id='line_1_2' title="bbox 1761 384 2544 444; baseline -0.006 0"><span class='ocrx_word' id='word_1_2' title='bbox 1761 389 1815 444; x_wconf 79' lang='grc' dir='ltr'><strong>δ.</strong></span> <span class='ocrx_word' id='word_1_3' title='bbox 1863 385 2192 444; x_wconf 74' lang='lat' dir='ltr'><strong>GREGORII</strong></span> <span class='ocrx_word' id='word_1_4' title='bbox 2247 384 2544 440; x_wconf 69' lang='lat' dir='ltr'><strong>NYSSENI</strong></span> 
     </span>
    </p>
   </div>
   <div class='ocr_carea' id='block_1_3' title="bbox 2498 319 2539 352">
    <p class='ocr_par' dir='ltr' id='par_1_3' title="bbox 2498 319 2539 352">
     <span class='ocr_line' id='line_1_3' title="bbox 2498 319 2539 352; baseline 0 0"><span class='ocrx_word' id='word_1_5' title='bbox 2498 319 2539 352; x_wconf 60' lang='grc' dir='ltr'><em>φ</em></span> 
     </span>
    </p>
   </div>
   <div class='ocr_carea' id='block_1_4' title="bbox 3645 384 3748 442">
    <p class='ocr_par' dir='ltr' id='par_1_4' title="bbox 3645 384 3748 442">
     <span class='ocr_line' id='line_1_4' title="bbox 3645 384 3748 442; baseline -0.01 -1"><span class='ocrx_word' id='word_1_6' title='bbox 3645 384 3748 442; x_wconf 77' lang='grc'><strong>996</strong></span> 
     </span>
    </p>
   </div>
   <div class='ocr_carea' id='block_1_5' title="bbox 489 493 2064 572">
    <p class='ocr_par' dir='ltr' id='par_1_5' title="bbox 489 500 2061 572">
     <span class='ocr_line' id='line_1_5' title="bbox 489 500 2061 572; baseline -0.001 -16"><span class='ocrx_word' id='word_1_7' title='bbox 489 500 690 556; x_wconf 87' lang='lat' dir='ltr'><strong>rationi</strong></span> <span class='ocrx_word' id='word_1_8' title='bbox 718 505 1144 556; x_wconf 86' lang='lat' dir='ltr'><strong>consentaneum</strong></span> <span class='ocrx_word' id='word_1_9' title='bbox 1173 507 1257 554; x_wconf 90' lang='lat' dir='ltr'><strong>est</strong></span> <span class='ocrx_word' id='word_1_10' title='bbox 1282 500 1522 556; x_wconf 89' lang='lat' dir='ltr'><strong>sermoni</strong></span> <span class='ocrx_word' id='word_1_11' title='bbox 1550 515 1650 556; x_wconf 88' lang='lat' dir='ltr'><strong>suo</strong></span> <span class='ocrx_word' id='word_1_12' title='bbox 1681 501 1915 557; x_wconf 83' lang='lat' dir='ltr'><strong>reddet?</strong></span> <span class='ocrx_word' id='word_1_13' title='bbox 1945 503 2061 572; x_wconf 90' lang='lat' dir='ltr'><strong>ipse</strong></span> 
     </span>
    </p>
   </div>
   <div class='ocr_carea' id='block_1_6' title="bbox 2162 493 3750 572">
    <p class='ocr_par' dir='ltr' id='par_1_6' title="bbox 2163 493 3750 570">
     <span class='ocr_line' id='line_1_6' title="bbox 2163 493 3750 570; baseline 0.001 -20"><span class='ocrx_word' id='word_1_14' title='bbox 2163 514 2248 561; x_wconf 90' lang='grc' dir='ltr'><strong>σις</strong></span> <span class='ocrx_word' id='word_1_15' title='bbox 2285 498 2384 551; x_wconf 75' lang='grc' dir='ltr'>οὐκ</span> <span class='ocrx_word' id='word_1_16' title='bbox 2418 493 2506 568; x_wconf 79' lang='grc' dir='ltr'>ἦν,</span> <span class='ocrx_word' id='word_1_17' title='bbox 2546 497 2698 552; x_wconf 78' lang='grc' dir='ltr'>οὐδὲν</span> <span class='ocrx_word' id='word_1_18' title='bbox 2741 498 2866 570; x_wconf 79' lang='grc' dir='ltr'><strong>περῖ</strong></span> <span class='ocrx_word' id='word_1_19' title='bbox 2893 498 3050 552; x_wconf 72' lang='grc' dir='ltr'>αυτὸν</span> <span class='ocrx_word' id='word_1_20' title='bbox 3081 499 3279 563; x_wconf 78' lang='grc' dir='ltr'>ὑλῶδες</span> <span class='ocrx_word' id='word_1_21' title='bbox 3304 502 3332 553; x_wconf 87' lang='grc' dir='ltr'>ὁ</span> <span class='ocrx_word' id='word_1_22' title='bbox 3366 499 3522 568; x_wconf 75' lang='grc' dir='ltr'>λόγος</span> <span class='ocrx_word' id='word_1_23' title='bbox 3549 500 3750 554; x_wconf 78' lang='grc' dir='ltr'><strong>ἐννοεῖν</strong></span> 
     </span>
    </p>
   </div>
   <div class='ocr_carea' id='block_1_7' title="bbox 491 592 2067 662">
    <p class='ocr_par' dir='ltr' id='par_1_7' title="bbox 491 592 2067 662">
     <span class='ocr_line' id='line_1_7' title="bbox 491 592 2067 662; baseline -0.001 -16"><span class='ocrx_word' id='word_1_24' title='bbox 491 607 850 662; x_wconf 84' lang='lat' dir='ltr'><strong>tneorporeus</strong></span> <span class='ocrx_word' id='word_1_25' title='bbox 895 599 1000 657; x_wconf 89' lang='lat' dir='ltr'><strong>est,</strong></span> <span class='ocrx_word' id='word_1_26' title='bbox 1060 598 1312 646; x_wconf 75' lang='lat' dir='ltr'><strong>creatura</strong></span> <span class='ocrx_word' id='word_1_27' title='bbox 1359 606 1468 645; x_wconf 79' lang='lat' dir='ltr'><strong>non</strong></span> <span class='ocrx_word' id='word_1_28' title='bbox 1527 599 1668 656; x_wconf 86' lang='lat' dir='ltr'><strong>erat,</strong></span> <span class='ocrx_word' id='word_1_29' title='bbox 1733 592 1870 646; x_wconf 86' lang='lat' dir='ltr'><strong>nihil</strong></span> <span class='ocrx_word' id='word_1_30' title='bbox 1922 592 2067 646; x_wconf 91' lang='lat' dir='ltr'><strong>circa</strong></span> 
     </span>
    </p>
   </div>
   <div class='ocr_carea' id='block_1_8' title="bbox 489 682 2069 753">
    <p class='ocr_par' dir='ltr' id='par_1_8' title="bbox 489 682 2069 753">
     <span class='ocr_line' id='line_1_8' title="bbox 489 682 2069 753; baseline -0.001 -16"><span class='ocrx_word' id='word_1_31' title='bbox 489 685 668 753; x_wconf 86' lang='lat' dir='ltr'><strong>ipsum</strong></span> <span class='ocrx_word' id='word_1_32' title='bbox 703 682 983 736; x_wconf 88' lang='lat' dir='ltr'><strong>materiale</strong></span> <span class='ocrx_word' id='word_1_33' title='bbox 1010 683 1150 736; x_wconf 91' lang='lat' dir='ltr'><strong>ratio</strong></span> <span class='ocrx_word' id='word_1_34' title='bbox 1182 683 1448 752; x_wconf 89' lang='lat' dir='ltr'><strong>permittit</strong></span> <span class='ocrx_word' id='word_1_35' title='bbox 1473 683 1796 753; x_wconf 80' lang='lat' dir='ltr'><strong>intelligere,</strong></span> <span class='ocrx_word' id='word_1_36' title='bbox 1827 683 2069 737; x_wconf 89' lang='lat' dir='ltr'><strong>nondum</strong></span> 
     </span>
    </p>
   </div>
   <div class='ocr_carea' id='block_1_9' title="bbox 489 773 2069 844">
    <p class='ocr_par' dir='ltr' id='par_1_9' title="bbox 489 773 2069 844">
     <span class='ocr_line' id='line_1_9' title="bbox 489 773 2069 844; baseline 0.001 -17"><span class='ocrx_word' id='word_1_37' title='bbox 489 777 579 843; x_wconf 86' lang='lat' dir='ltr'><strong>qui</strong></span> <span class='ocrx_word' id='word_1_38' title='bbox 623 790 717 844; x_wconf 88' lang='lat' dir='ltr'><strong>per</strong></span> <span class='ocrx_word' id='word_1_39' title='bbox 749 775 994 827; x_wconf 86' lang='lat' dir='ltr'><strong>auditum</strong></span> <span class='ocrx_word' id='word_1_40' title='bbox 1030 773 1422 839; x_wconf 80' lang='lat' dir='ltr'><strong>adjuvarentur</strong></span> <span class='ocrx_word' id='word_1_41' title='bbox 1463 775 1556 827; x_wconf 81' lang='lat' dir='ltr'><strong>ulli</strong></span> <span class='ocrx_word' id='word_1_42' title='bbox 1604 781 1781 837; x_wconf 87' lang='lat' dir='ltr'><strong>erant,</strong></span> <span class='ocrx_word' id='word_1_43' title='bbox 1830 775 2069 828; x_wconf 92' lang='lat' dir='ltr'><strong>homini-</strong></span> 
     </span>
    </p>
   </div>
   <div class='ocr_carea' id='block_1_10' title="bbox 493 865 2066 937">
    <p class='ocr_par' dir='ltr' id='par_1_10' title="bbox 493 865 2066 937">
     <span class='ocr_line' id='line_1_10' title="bbox 493 865 2066 937; baseline 0.001 -19"><span class='ocrx_word' id='word_1_44' title='bbox 493 865 595 918; x_wconf 85' lang='lat' dir='ltr'><strong>bus</strong></span> <span class='ocrx_word' id='word_1_45' title='bbox 621 873 802 918; x_wconf 89' lang='lat' dir='ltr'><strong>autcm</strong></span> <span class='ocrx_word' id='word_1_46' title='bbox 833 881 939 917; x_wconf 90' lang='lat' dir='ltr'><strong>non</strong></span> <span class='ocrx_word' id='word_1_47' title='bbox 977 865 1394 930; x_wconf 83' lang='lat' dir='ltr'><strong>exsistentibus,</strong></span> <span class='ocrx_word' id='word_1_48' title='bbox 1439 881 1616 934; x_wconf 83' lang='lat' dir='ltr'><strong>neque</strong></span> <span class='ocrx_word' id='word_1_49' title='bbox 1641 868 1787 921; x_wconf 88' lang='lat' dir='ltr'><strong>ullus</strong></span> <span class='ocrx_word' id='word_1_50' title='bbox 1811 867 2066 937; x_wconf 89' lang='lat' dir='ltr'><strong>loquendi</strong></span> 
     </span>
    </p>
   </div>
   <div class='ocr_carea' id='block_1_11' title="bbox 491 955 2068 1026">
    <p class='ocr_par' dir='ltr' id='par_1_11' title="bbox 491 955 2068 1026">
     <span class='ocr_line' id='line_1_11' title="bbox 491 955 2068 1026; baseline 0.003 -18"><span class='ocrx_word' id='word_1_51' title='bbox 491 957 689 1010; x_wconf 90' lang='lat' dir='ltr'><strong>modus</strong></span> <span class='ocrx_word' id='word_1_52' title='bbox 734 955 1036 1009; x_wconf 85' lang='lat' dir='ltr'><strong>secundum</strong></span> <span class='ocrx_word' id='word_1_53' title='bbox 1075 957 1256 1026; x_wconf 79' lang='lat' dir='ltr'><strong>gentis</strong></span> <span class='ocrx_word' id='word_1_54' title='bbox 1287 956 1522 1024; x_wconf 78' lang='lat' dir='ltr'><strong>alicujus</strong></span> <span class='ocrx_word' id='word_1_55' title='bbox 1570 959 1955 1026; x_wconf 82' lang='lat' dir='ltr'><strong>proprietatem</strong></span> <span class='ocrx_word' id='word_1_56' title='bbox 1987 958 2068 1014; x_wconf 86' lang='lat' dir='ltr'><strong>cf-</strong></span> 
     </span>
    </p>
   </div>
   <div class='ocr_carea' id='block_1_12' title="bbox 490 1046 2068 1118">
    <p class='ocr_par' dir='ltr' id='par_1_12' title="bbox 490 1046 2068 1118">
     <span class='ocr_line' id='line_1_12' title="bbox 490 1046 2068 1118; baseline 0.004 -18"><span class='ocrx_word' id='word_1_57' title='bbox 490 1046 760 1100; x_wconf 89' lang='lat' dir='ltr'><strong>formattts</strong></span> <span class='ocrx_word' id='word_1_58' title='bbox 799 1055 918 1100; x_wconf 87' lang='lat' dir='ltr'><strong>crat</strong></span> <span class='ocrx_word' id='word_1_59' title='bbox 975 1063 1223 1116; x_wconf 86' lang='lat' dir='ltr'><strong>prorsus.</strong></span> <span class='ocrx_word' id='word_1_60' title='bbox 1272 1047 1375 1112; x_wconf 91' lang='lat' dir='ltr'><strong>Qui</strong></span> <span class='ocrx_word' id='word_1_61' title='bbox 1436 1048 1600 1118; x_wconf 81' lang='lat' dir='ltr'><strong>igitur</strong></span> <span class='ocrx_word' id='word_1_62' title='bbox 1643 1047 1710 1102; x_wconf 90' lang='lat' dir='ltr'><strong>ad</strong></span> <span class='ocrx_word' id='word_1_63' title='bbox 1755 1049 1948 1103; x_wconf 75' lang='lat' dir='ltr'><strong>exilem</strong></span> <span class='ocrx_word' id='word_1_64' title='bbox 2011 1057 2068 1106; x_wconf 82' lang='lat' dir='ltr'><strong>et</strong></span> 
     </span>
    </p>
   </div>
   <div class='ocr_carea' id='block_1_13' title="bbox 489 1137 2066 1208">
    <p class='ocr_par' dir='ltr' id='par_1_13' title="bbox 489 1137 2066 1208">
     <span class='ocr_line' id='line_1_13' title="bbox 489 1137 2066 1208; baseline 0.002 -16"><span class='ocrx_word' id='word_1_65' title='bbox 489 1137 691 1192; x_wconf 88' lang='lat' dir='ltr'><strong>nudam</strong></span> <span class='ocrx_word' id='word_1_66' title='bbox 740 1138 978 1191; x_wconf 80' lang='lat' dir='ltr'><strong>litteram</strong></span> <span class='ocrx_word' id='word_1_67' title='bbox 1028 1147 1260 1208; x_wconf 86' lang='lat' dir='ltr'><strong>spectat,</strong></span> <span class='ocrx_word' id='word_1_68' title='bbox 1307 1139 1511 1208; x_wconf 83' lang='lat' dir='ltr'><strong>quibus</strong></span> <span class='ocrx_word' id='word_1_69' title='bbox 1563 1140 1868 1194; x_wconf 76' lang='lat' dir='ltr'><strong>rationibus</strong></span> <span class='ocrx_word' id='word_1_70' title='bbox 1917 1141 2066 1195; x_wconf 91' lang='lat' dir='ltr'><strong>hunc</strong></span> 
     </span>
    </p>
   </div>
   <div class='ocr_carea' id='block_1_14' title="bbox 489 1229 2066 1302">
    <p class='ocr_par' dir='ltr' id='par_1_14' title="bbox 489 1229 2066 1302">
     <span class='ocr_line' id='line_1_14' title="bbox 489 1229 2066 1302; baseline 0.002 -20"><span class='ocrx_word' id='word_1_71' title='bbox 489 1229 664 1289; x_wconf 80' lang='lat' dir='ltr'><strong>fulcit,</strong></span> <span class='ocrx_word' id='word_1_72' title='bbox 699 1244 763 1282; x_wconf 88' lang='lat' dir='ltr'><strong>ac</strong></span> <span class='ocrx_word' id='word_1_73' title='bbox 805 1231 850 1283; x_wconf 91' lang='lat' dir='ltr'><strong>si</strong></span> <span class='ocrx_word' id='word_1_74' title='bbox 895 1229 1033 1285; x_wconf 88' lang='lat' dir='ltr'><strong>Deus</strong></span> <span class='ocrx_word' id='word_1_75' title='bbox 1074 1231 1188 1284; x_wconf 68' lang='lat' dir='ltr'><strong>haec</strong></span> <span class='ocrx_word' id='word_1_76' title='bbox 1219 1232 1384 1285; x_wconf 88' lang='lat' dir='ltr'><strong>verba</strong></span> <span class='ocrx_word' id='word_1_77' title='bbox 1421 1241 1476 1286; x_wconf 91' lang='lat' dir='ltr'><strong>ot</strong></span> <span class='ocrx_word' id='word_1_78' title='bbox 1513 1247 1674 1287; x_wconf 87' lang='lat' dir='ltr'><strong>sensa</strong></span> <span class='ocrx_word' id='word_1_79' title='bbox 1715 1233 2066 1302; x_wconf 84' lang='lat' dir='ltr'><strong>loqueretur?</strong></span> 
     </span>
    </p>
   </div>
   <div class='ocr_carea' id='block_1_15' title="bbox 559 1318 2067 1388">
    <p class='ocr_par' dir='ltr' id='par_1_15' title="bbox 559 1318 2067 1388">
     <span class='ocr_line' id='line_1_15' title="bbox 559 1318 2067 1388; baseline 0.005 -18"><span class='ocrx_word' id='word_1_80' title='bbox 559 1318 865 1383; x_wconf 81' lang='lat' dir='ltr'><strong>Quinetiam</strong></span> <span class='ocrx_word' id='word_1_81' title='bbox 897 1335 958 1374; x_wconf 77' lang='lat' dir='ltr'><strong>ex</strong></span> <span class='ocrx_word' id='word_1_82' title='bbox 988 1321 1074 1373; x_wconf 87' lang='lat' dir='ltr'><strong>his</strong></span> <span class='ocrx_word' id='word_1_83' title='bbox 1102 1336 1436 1388; x_wconf 80' lang='lat' dir='ltr'><strong>cognoscere</strong></span> <span class='ocrx_word' id='word_1_84' title='bbox 1465 1322 1593 1376; x_wconf 90' lang='lat' dir='ltr'><strong>licet</strong></span> <span class='ocrx_word' id='word_1_85' title='bbox 1627 1323 1928 1377; x_wconf 75' lang='lat' dir='ltr'><strong>vanitatem</strong></span> <span class='ocrx_word' id='word_1_86' title='bbox 1978 1338 2067 1377; x_wconf 85' lang='lat' dir='ltr'><strong>eo-</strong></span> 
     </span>
    </p>
   </div>
   <div class='ocr_carea' id='block_1_16' title="bbox 490 1409 2062 1480">
    <p class='ocr_par' dir='ltr' id='par_1_16' title="bbox 490 1409 2062 1480">
     <span class='ocr_line' id='line_1_16' title="bbox 490 1409 2062 1480; baseline 0.004 -20"><span class='ocrx_word' id='word_1_87' title='bbox 490 1422 611 1461; x_wconf 87' lang='lat' dir='ltr'><strong>rum</strong></span> <span class='ocrx_word' id='word_1_88' title='bbox 670 1409 764 1478; x_wconf 91' lang='lat' dir='ltr'><strong>qui</strong></span> <span class='ocrx_word' id='word_1_89' title='bbox 823 1410 952 1462; x_wconf 88' lang='lat' dir='ltr'><strong>talia</strong></span> <span class='ocrx_word' id='word_1_90' title='bbox 1013 1410 1332 1480; x_wconf 90' lang='lat' dir='ltr'><strong>loquuntur.</strong></span> <span class='ocrx_word' id='word_1_91' title='bbox 1392 1410 1859 1476; x_wconf 82' lang='lat' dir='ltr'><strong>Quemadmodum</strong></span> <span class='ocrx_word' id='word_1_92' title='bbox 1916 1414 2062 1468; x_wconf 91' lang='lat' dir='ltr'><strong>enim</strong></span> 
     </span>
    </p>
   </div>
   <div class='ocr_carea' id='block_1_17' title="bbox 485 1499 2060 1572">
    <p class='ocr_par' dir='ltr' id='par_1_17' title="bbox 485 1499 2060 1572">
     <span class='ocr_line' id='line_1_17' title="bbox 485 1499 2060 1572; baseline 0.001 -19"><span class='ocrx_word' id='word_1_93' title='bbox 485 1499 885 1554; x_wconf 86' lang='lat' dir='ltr'><strong>elementorum</strong></span> <span class='ocrx_word' id='word_1_94' title='bbox 913 1509 1141 1559; x_wconf 70' lang='lat' dir='ltr'><strong>natum.</strong></span> <span class='ocrx_word' id='word_1_95' title='bbox 1168 1515 1287 1570; x_wconf 77' lang='lat' dir='ltr'><strong>quzc</strong></span> <span class='ocrx_word' id='word_1_96' title='bbox 1316 1510 1443 1555; x_wconf 90' lang='lat' dir='ltr'><strong>sunt</strong></span> <span class='ocrx_word' id='word_1_97' title='bbox 1470 1516 1608 1570; x_wconf 90' lang='lat' dir='ltr'><strong>opus</strong></span> <span class='ocrx_word' id='word_1_98' title='bbox 1637 1500 1759 1569; x_wconf 89' lang='lat' dir='ltr'><strong>ejus</strong></span> <span class='ocrx_word' id='word_1_99' title='bbox 1786 1501 1877 1572; x_wconf 91' lang='lat' dir='ltr'><strong>qui</strong></span> <span class='ocrx_word' id='word_1_100' title='bbox 1912 1501 2060 1569; x_wconf 89' lang='lat' dir='ltr'><strong>fecit,</strong></span> 
     </span>
    </p>
   </div>
   <div class='ocr_carea' id='block_1_18' title="bbox 489 1589 2060 1663">
    <p class='ocr_par' dir='ltr' id='par_1_18' title="bbox 489 1589 2060 1663">
     <span class='ocr_line' id='line_1_18' title="bbox 489 1589 2060 1663; baseline 0.003 -20"><span class='ocrx_word' id='word_1_101' title='bbox 489 1589 746 1652; x_wconf 83' lang='lat' dir='ltr'><strong>omnibus</strong></span> <span class='ocrx_word' id='word_1_102' title='bbox 765 1591 953 1644; x_wconf 82' lang='lat' dir='ltr'><strong>eodem</strong></span> <span class='ocrx_word' id='word_1_103' title='bbox 980 1592 1143 1646; x_wconf 92' lang='lat' dir='ltr'><strong>modo</strong></span> <span class='ocrx_word' id='word_1_104' title='bbox 1170 1599 1456 1662; x_wconf 89' lang='lat' dir='ltr'><strong>apparent,</strong></span> <span class='ocrx_word' id='word_1_105' title='bbox 1482 1592 1740 1663; x_wconf 91' lang='lat' dir='ltr'><strong>nullaque</strong></span> <span class='ocrx_word' id='word_1_106' title='bbox 1761 1594 2060 1649; x_wconf 85' lang='lat' dir='ltr'><strong>secundum</strong></span> 
     </span>
    </p>
   </div>
   <div class='ocr_carea' id='block_1_19' title="bbox 487 1681 2062 1756">
    <p class='ocr_par' dir='ltr' id='par_1_19' title="bbox 487 1681 2062 1756">
     <span class='ocr_line' id='line_1_19' title="bbox 487 1681 2062 1756; baseline 0.004 -21"><span class='ocrx_word' id='word_1_107' title='bbox 487 1695 712 1736; x_wconf 85' lang='lat' dir='ltr'><strong>sensum</strong></span> <span class='ocrx_word' id='word_1_108' title='bbox 773 1681 1088 1738; x_wconf 90' lang='lat' dir='ltr'><strong>hominibus</strong></span> <span class='ocrx_word' id='word_1_109' title='bbox 1147 1693 1232 1737; x_wconf 89' lang='lat' dir='ltr'><strong>est</strong></span> <span class='ocrx_word' id='word_1_110' title='bbox 1280 1683 1589 1739; x_wconf 79' lang='lat' dir='ltr'><strong>differentia</strong></span> <span class='ocrx_word' id='word_1_111' title='bbox 1638 1685 1695 1739; x_wconf 90' lang='lat' dir='ltr'><strong>in</strong></span> <span class='ocrx_word' id='word_1_112' title='bbox 1755 1686 1918 1756; x_wconf 74' lang='lat' dir='ltr'><strong>ignis,</strong></span> <span class='ocrx_word' id='word_1_113' title='bbox 1979 1688 2062 1741; x_wconf 82' lang='lat' dir='ltr'><strong>rel</strong></span> 
     </span>
    </p>
   </div>
   <div class='ocr_carea' id='block_1_20' title="bbox 489 1773 2062 1845">
    <p class='ocr_par' dir='ltr' id='par_1_20' title="bbox 489 1773 2062 1845">
     <span class='ocr_line' id='line_1_20' title="bbox 489 1773 2062 1845; baseline 0.004 -20"><span class='ocrx_word' id='word_1_114' title='bbox 489 1773 656 1834; x_wconf 90' lang='lat' dir='ltr'><strong>aeris,</strong></span> <span class='ocrx_word' id='word_1_115' title='bbox 695 1774 774 1826; x_wconf 77' lang='lat' dir='ltr'><strong>vel</strong></span> <span class='ocrx_word' id='word_1_116' title='bbox 804 1789 957 1842; x_wconf 70' lang='lat' dir='ltr'><strong>aqua:</strong></span> <span class='ocrx_word' id='word_1_117' title='bbox 999 1775 1436 1845; x_wconf 81' lang='lat' dir='ltr'><strong>participatione,</strong></span> <span class='ocrx_word' id='word_1_118' title='bbox 1473 1776 1568 1832; x_wconf 89' lang='lat' dir='ltr'><strong>sed</strong></span> <span class='ocrx_word' id='word_1_119' title='bbox 1607 1791 1713 1830; x_wconf 91' lang='lat' dir='ltr'><strong>una</strong></span> <span class='ocrx_word' id='word_1_120' title='bbox 1759 1787 1842 1832; x_wconf 87' lang='lat' dir='ltr'><strong>est</strong></span> <span class='ocrx_word' id='word_1_121' title='bbox 1875 1788 1929 1834; x_wconf 92' lang='lat' dir='ltr'><strong>et</strong></span> <span class='ocrx_word' id='word_1_122' title='bbox 1962 1779 2062 1832; x_wconf 86' lang='lat' dir='ltr'><strong>int-</strong></span> 
     </span>
    </p>
   </div>
   <div class='ocr_carea' id='block_1_21' title="bbox 2165 589 3740 661">
    <p class='ocr_par' dir='ltr' id='par_1_21' title="bbox 2165 589 3740 661">
     <span class='ocr_line' id='line_1_21' title="bbox 2165 589 3740 661; baseline 0.001 -18"><span class='ocrx_word' id='word_1_123' title='bbox 2165 591 2400 655; x_wconf 84' lang='grc' dir='ltr'>δίδωσιν,</span> <span class='ocrx_word' id='word_1_124' title='bbox 2427 593 2476 644; x_wconf 90' lang='grc' dir='ltr'><strong>οἱ</strong></span> <span class='ocrx_word' id='word_1_125' title='bbox 2501 590 2870 660; x_wconf 78' lang='grc' dir='ltr'><strong>ὠφεληθέντες</strong></span> <span class='ocrx_word' id='word_1_126' title='bbox 2894 590 2959 643; x_wconf 84' lang='grc' dir='ltr'><strong>ἂν</strong></span> <span class='ocrx_word' id='word_1_127' title='bbox 2984 591 3071 643; x_wconf 72' lang='grc' dir='ltr'><strong>διὰ</strong></span> <span class='ocrx_word' id='word_1_128' title='bbox 3091 591 3189 661; x_wconf 81' lang='grc' dir='ltr'>τῆς</span> <span class='ocrx_word' id='word_1_129' title='bbox 3219 591 3406 661; x_wconf 80' lang='grc' dir='ltr'><strong>ἀκοῆς,</strong></span> <span class='ocrx_word' id='word_1_130' title='bbox 3433 589 3584 644; x_wconf 71' lang='grc' dir='ltr'>οὔπω</span> <span class='ocrx_word' id='word_1_131' title='bbox 3621 609 3740 644; x_wconf 81' lang='grc' dir='ltr'>συν-</span> 
     </span>
    </p>
   </div>
   <div class='ocr_carea' id='block_1_22' title="bbox 2165 681 3747 753">
    <p class='ocr_par' dir='ltr' id='par_1_22' title="bbox 2165 681 3747 753">
     <span class='ocr_line' id='line_1_22' title="bbox 2165 681 3747 753; baseline 0.001 -19"><span class='ocrx_word' id='word_1_132' title='bbox 2165 682 2422 752; x_wconf 80' lang='grc' dir='ltr'>έστησαν,</span> <span class='ocrx_word' id='word_1_133' title='bbox 2454 681 2752 752; x_wconf 83' lang='grc' dir='ltr'>ἀνθρώπων</span> <span class='ocrx_word' id='word_1_134' title='bbox 2778 681 2834 734; x_wconf 86' lang='grc' dir='ltr'><strong>δὲ</strong></span> <span class='ocrx_word' id='word_1_135' title='bbox 2862 683 2934 753; x_wconf 84' lang='grc' dir='ltr'>μὴ</span> <span class='ocrx_word' id='word_1_136' title='bbox 2962 682 3147 744; x_wconf 74' lang='grc' dir='ltr'>ὄντων,</span> <span class='ocrx_word' id='word_1_137' title='bbox 3169 681 3287 735; x_wconf 72' lang='grc' dir='ltr'>οὐδὲ</span> <span class='ocrx_word' id='word_1_138' title='bbox 3316 682 3596 736; x_wconf 77' lang='grc' dir='ltr'><strong>διαλέκτου</strong></span> <span class='ocrx_word' id='word_1_139' title='bbox 3621 685 3747 753; x_wconf 82' lang='grc' dir='ltr'>τρό-</span> 
     </span>
    </p>
   </div>
   <div class='ocr_carea' id='block_1_23' title="bbox 2165 773 3746 844">
    <p class='ocr_par' dir='ltr' id='par_1_23' title="bbox 2165 773 3746 844">
     <span class='ocr_line' id='line_1_23' title="bbox 2165 773 3746 844; baseline 0 -17"><span class='ocrx_word' id='word_1_140' title='bbox 2165 791 2267 837; x_wconf 87' lang='grc' dir='ltr'><strong>πος</strong></span> <span class='ocrx_word' id='word_1_141' title='bbox 2304 775 2446 828; x_wconf 87' lang='grc' dir='ltr'><strong>κατά</strong></span> <span class='ocrx_word' id='word_1_142' title='bbox 2474 791 2594 827; x_wconf 88' lang='grc' dir='ltr'>τινα</span> <span class='ocrx_word' id='word_1_143' title='bbox 2619 773 2785 827; x_wconf 78' lang='grc' dir='ltr'>ἐθνων</span> <span class='ocrx_word' id='word_1_144' title='bbox 2823 775 3056 844; x_wconf 79' lang='grc' dir='ltr'>ἰδιότητα</span> <span class='ocrx_word' id='word_1_145' title='bbox 3085 774 3363 826; x_wconf 79' lang='grc' dir='ltr'>τετύπωτσ</span> <span class='ocrx_word' id='word_1_146' title='bbox 3397 776 3633 837; x_wconf 84' lang='grc' dir='ltr'>πάντως.</span> <span class='ocrx_word' id='word_1_147' title='bbox 3685 776 3746 827; x_wconf 88' lang='lat' dir='ltr'><strong>&#39;U</strong></span> 
     </span>
    </p>
   </div>
   <div class='ocr_carea' id='block_1_24' title="bbox 2163 864 3746 936">
    <p class='ocr_par' dir='ltr' id='par_1_24' title="bbox 2163 864 3746 936">
     <span class='ocr_line' id='line_1_24' title="bbox 2163 864 3746 936; baseline -0.001 -18"><span class='ocrx_word' id='word_1_148' title='bbox 2163 867 2340 919; x_wconf 82' lang='grc' dir='ltr'>τοίνυν</span> <span class='ocrx_word' id='word_1_149' title='bbox 2368 866 2503 936; x_wconf 87' lang='grc' dir='ltr'>πρὸς</span> <span class='ocrx_word' id='word_1_150' title='bbox 2540 865 2600 917; x_wconf 90' lang='grc' dir='ltr'><strong>τὸ</strong></span> <span class='ocrx_word' id='word_1_151' title='bbox 2637 866 2868 936; x_wconf 83' lang='grc' dir='ltr'>γράμμα</span> <span class='ocrx_word' id='word_1_152' title='bbox 2891 866 3041 935; x_wconf 69' lang='grc' dir='ltr'>ψιλὸν</span> <span class='ocrx_word' id='word_1_153' title='bbox 3077 865 3306 936; x_wconf 85' lang='grc' dir='ltr'><strong>βλέπων,</strong></span> <span class='ocrx_word' id='word_1_154' title='bbox 3333 865 3440 917; x_wconf 87' lang='grc' dir='ltr'>τίσι</span> <span class='ocrx_word' id='word_1_155' title='bbox 3469 864 3746 935; x_wconf 80' lang='grc' dir='ltr'><strong>λογισμοῖς</strong></span> 
     </span>
    </p>
   </div>
   <div class='ocr_carea' id='block_1_25' title="bbox 2163 955 3744 1030">
    <p class='ocr_par' dir='ltr' id='par_1_25' title="bbox 2163 955 3744 1030">
     <span class='ocr_line' id='line_1_25' title="bbox 2163 955 3744 1030; baseline -0.001 -19"><span class='ocrx_word' id='word_1_156' title='bbox 2163 962 2230 1030; x_wconf 83' lang='grc' dir='ltr'>τῇ</span> <span class='ocrx_word' id='word_1_157' title='bbox 2267 957 2490 1028; x_wconf 80' lang='grc' dir='ltr'>τοιαύτῃ</span> <span class='ocrx_word' id='word_1_158' title='bbox 2526 958 2732 1029; x_wconf 73' lang='grc' dir='ltr'>διανοίᾳ</span> <span class='ocrx_word' id='word_1_159' title='bbox 2773 958 3100 1029; x_wconf 82' lang='grc' dir='ltr'>παρίσταται</span> <span class='ocrx_word' id='word_1_160' title='bbox 3145 957 3220 1019; x_wconf 82' lang='grc' dir='ltr'>ὡς</span> <span class='ocrx_word' id='word_1_161' title='bbox 3255 955 3348 1009; x_wconf 78' lang='grc' dir='ltr'><strong>τοῦ</strong></span> <span class='ocrx_word' id='word_1_162' title='bbox 3392 956 3526 1009; x_wconf 82' lang='grc' dir='ltr'>Θεοῦ</span> <span class='ocrx_word' id='word_1_163' title='bbox 3570 957 3744 1011; x_wconf 82' lang='grc' dir='ltr'>ταῦτα</span> 
     </span>
    </p>
   </div>
   <div class='ocr_carea' id='block_1_26' title="bbox 2165 1049 3498 1121">
    <p class='ocr_par' dir='ltr' id='par_1_26' title="bbox 2165 1049 3498 1121">
     <span class='ocr_line' id='line_1_26' title="bbox 2165 1049 3498 1121; baseline -0.003 -17"><span class='ocrx_word' id='word_1_164' title='bbox 2165 1049 2536 1121; x_wconf 79' lang='grc' dir='ltr'><strong>φθεγγομένου</strong></span> <span class='ocrx_word' id='word_1_165' title='bbox 2565 1049 2635 1102; x_wconf 75' lang='grc' dir='ltr'><strong>τὰ</strong></span> <span class='ocrx_word' id='word_1_166' title='bbox 2669 1051 2886 1121; x_wconf 80' lang='grc' dir='ltr'>ῥήματά</span> <span class='ocrx_word' id='word_1_167' title='bbox 2913 1067 2971 1102; x_wconf 92' lang='grc' dir='ltr'><strong>τε</strong></span> <span class='ocrx_word' id='word_1_168' title='bbox 3009 1050 3102 1103; x_wconf 74' lang='grc' dir='ltr'><strong>καὶ</strong></span> <span class='ocrx_word' id='word_1_169' title='bbox 3128 1049 3194 1102; x_wconf 72' lang='grc' dir='ltr'>τὰ</span> <span class='ocrx_word' id='word_1_170' title='bbox 3221 1051 3498 1119; x_wconf 89' lang='grc' dir='ltr'>νοήματα;</span> 
     </span>
    </p>
   </div>
   <div class='ocr_carea' id='block_1_27' title="bbox 2236 1313 3742 1386">
    <p class='ocr_par' dir='ltr' id='par_1_27' title="bbox 2236 1313 3742 1386">
     <span class='ocr_line' id='line_1_27' title="bbox 2236 1313 3742 1386; baseline 0.001 -20"><span class='ocrx_word' id='word_1_171' title='bbox 2236 1315 2428 1368; x_wconf 79' lang='grc' dir='ltr'><strong>Καίτοι</strong></span> <span class='ocrx_word' id='word_1_172' title='bbox 2477 1315 2571 1368; x_wconf 74' lang='grc' dir='ltr'><strong>καὶ</strong></span> <span class='ocrx_word' id='word_1_173' title='bbox 2615 1313 2706 1368; x_wconf 76' lang='grc' dir='ltr'><strong>διὰ</strong></span> <span class='ocrx_word' id='word_1_174' title='bbox 2746 1314 2950 1367; x_wconf 75' lang='grc' dir='ltr'>τούτων</span> <span class='ocrx_word' id='word_1_175' title='bbox 2999 1315 3148 1385; x_wconf 81' lang='grc' dir='ltr'>γνοίη</span> <span class='ocrx_word' id='word_1_176' title='bbox 3196 1331 3280 1377; x_wconf 85' lang='grc' dir='ltr'><strong>τις</strong></span> <span class='ocrx_word' id='word_1_177' title='bbox 3323 1315 3388 1369; x_wconf 85' lang='grc' dir='ltr'><strong>ἂν</strong></span> <span class='ocrx_word' id='word_1_178' title='bbox 3420 1315 3481 1368; x_wconf 80' lang='grc' dir='ltr'>τὸ</span> <span class='ocrx_word' id='word_1_179' title='bbox 3514 1314 3742 1386; x_wconf 85' lang='grc' dir='ltr'>μάταιον</span> 
     </span>
    </p>
   </div>
   <div class='ocr_carea' id='block_1_28' title="bbox 2167 1405 3746 1476">
    <p class='ocr_par' dir='ltr' id='par_1_28' title="bbox 2167 1405 3746 1476">
     <span class='ocr_line' id='line_1_28' title="bbox 2167 1405 3746 1476; baseline 0.001 -18"><span class='ocrx_word' id='word_1_180' title='bbox 2167 1406 2274 1458; x_wconf 85' lang='grc' dir='ltr'><strong>τῶν</strong></span> <span class='ocrx_word' id='word_1_181' title='bbox 2302 1405 2370 1459; x_wconf 84' lang='grc' dir='ltr'>τὰ</span> <span class='ocrx_word' id='word_1_182' title='bbox 2412 1407 2634 1458; x_wconf 73' lang='grc' dir='ltr'>τοιαῦτα</span> <span class='ocrx_word' id='word_1_183' title='bbox 2665 1405 2949 1474; x_wconf 84' lang='grc' dir='ltr'>λεγόντων.</span> <span class='ocrx_word' id='word_1_184' title='bbox 2983 1406 3193 1475; x_wconf 79' lang='grc' dir='ltr'>Ὥσπερ</span> <span class='ocrx_word' id='word_1_185' title='bbox 3219 1405 3326 1476; x_wconf 79' lang='grc' dir='ltr'><strong>γὰρ</strong></span> <span class='ocrx_word' id='word_1_186' title='bbox 3365 1407 3552 1459; x_wconf 87' lang='grc' dir='ltr'>αἰτῶν</span> <span class='ocrx_word' id='word_1_187' title='bbox 3600 1424 3746 1460; x_wconf 85' lang='grc' dir='ltr'>στοι-</span> 
     </span>
    </p>
   </div>
   <div class='ocr_carea' id='block_1_29' title="bbox 2165 1491 3742 1565">
    <p class='ocr_par' dir='ltr' id='par_1_29' title="bbox 2165 1491 3742 1565">
     <span class='ocr_line' id='line_1_29' title="bbox 2165 1491 3742 1565; baseline -0.001 -18"><span class='ocrx_word' id='word_1_188' title='bbox 2165 1495 2327 1564; x_wconf 84' lang='grc' dir='ltr'>χείων</span> <span class='ocrx_word' id='word_1_189' title='bbox 2375 1495 2565 1564; x_wconf 78' lang='grc' dir='ltr'>φυσεις</span> <span class='ocrx_word' id='word_1_190' title='bbox 2607 1494 2766 1565; x_wconf 76' lang='grc' dir='ltr'>ἔργον</span> <span class='ocrx_word' id='word_1_191' title='bbox 2804 1491 2957 1548; x_wconf 77' lang='grc' dir='ltr'>οὖσαι</span> <span class='ocrx_word' id='word_1_192' title='bbox 3008 1493 3102 1546; x_wconf 86' lang='grc' dir='ltr'><strong>τοῦ</strong></span> <span class='ocrx_word' id='word_1_193' title='bbox 3153 1496 3538 1564; x_wconf 79' lang='grc' dir='ltr'><strong>πεποιηκότος,</strong></span> <span class='ocrx_word' id='word_1_194' title='bbox 3575 1497 3742 1548; x_wconf 81' lang='grc' dir='ltr'>πᾶσιν</span> 
     </span>
    </p>
   </div>
   <div class='ocr_carea' id='block_1_30' title="bbox 2165 1584 3742 1658">
    <p class='ocr_par' dir='ltr' id='par_1_30' title="bbox 2165 1584 3742 1658">
     <span class='ocr_line' id='line_1_30' title="bbox 2165 1584 3742 1658; baseline 0.001 -22"><span class='ocrx_word' id='word_1_195' title='bbox 2165 1584 2426 1648; x_wconf 77' lang='grc' dir='ltr'><strong>ὡσαύτως</strong></span> <span class='ocrx_word' id='word_1_196' title='bbox 2457 1585 2760 1654; x_wconf 79' lang='grc' dir='ltr'>φαίνονται,</span> <span class='ocrx_word' id='word_1_197' title='bbox 2800 1586 2895 1638; x_wconf 76' lang='grc' dir='ltr'><strong>καὶ</strong></span> <span class='ocrx_word' id='word_1_198' title='bbox 2926 1587 3148 1656; x_wconf 76' lang='grc' dir='ltr'>οὐδεμία</span> <span class='ocrx_word' id='word_1_199' title='bbox 3191 1587 3329 1639; x_wconf 82' lang='grc' dir='ltr'>κατᾶ</span> <span class='ocrx_word' id='word_1_200' title='bbox 3356 1589 3454 1658; x_wconf 75' lang='grc' dir='ltr'><strong>τὴν</strong></span> <span class='ocrx_word' id='word_1_201' title='bbox 3492 1586 3742 1652; x_wconf 81' lang='grc' dir='ltr'>αίσθησιν</span> 
     </span>
    </p>
   </div>
   <div class='ocr_carea' id='block_1_31' title="bbox 2163 1675 3739 1747">
    <p class='ocr_par' dir='ltr' id='par_1_31' title="bbox 2163 1675 3739 1747">
     <span class='ocr_line' id='line_1_31' title="bbox 2163 1675 3739 1747; baseline -0.001 -17"><span class='ocrx_word' id='word_1_202' title='bbox 2163 1678 2276 1738; x_wconf 88' lang='grc' dir='ltr'>τοῖς</span> <span class='ocrx_word' id='word_1_203' title='bbox 2301 1675 2608 1746; x_wconf 88' lang='grc' dir='ltr'>ἀνθρώποις</span> <span class='ocrx_word' id='word_1_204' title='bbox 2647 1675 2762 1728; x_wconf 81' lang='grc' dir='ltr'>ἐστὶ</span> <span class='ocrx_word' id='word_1_205' title='bbox 2790 1675 3019 1746; x_wconf 77' lang='grc' dir='ltr'>διαφορά</span> <span class='ocrx_word' id='word_1_206' title='bbox 3051 1678 3109 1729; x_wconf 82' lang='grc' dir='ltr'><strong>ἐν</strong></span> <span class='ocrx_word' id='word_1_207' title='bbox 3141 1679 3207 1746; x_wconf 82' lang='grc' dir='ltr'>τῇ</span> <span class='ocrx_word' id='word_1_208' title='bbox 3231 1675 3325 1729; x_wconf 81' lang='grc' dir='ltr'><strong>τοῦ</strong></span> <span class='ocrx_word' id='word_1_209' title='bbox 3356 1675 3544 1746; x_wconf 83' lang='grc' dir='ltr'>πυρὸς,</span> <span class='ocrx_word' id='word_1_210' title='bbox 3579 1677 3610 1747; x_wconf 77' lang='grc' dir='ltr'>ἢ</span> <span class='ocrx_word' id='word_1_211' title='bbox 3644 1675 3739 1728; x_wconf 74' lang='grc' dir='ltr'><strong>τοῦ</strong></span> 
     </span>
    </p>
   </div>
   <div class='ocr_carea' id='block_1_32' title="bbox 2163 1765 3741 1839">
    <p class='ocr_par' dir='ltr' id='par_1_32' title="bbox 2163 1765 3741 1839">
     <span class='ocr_line' id='line_1_32' title="bbox 2163 1765 3741 1839; baseline 0.002 -21"><span class='ocrx_word' id='word_1_212' title='bbox 2163 1766 2358 1837; x_wconf 85' lang='grc' dir='ltr'>ἀέρος.</span> <span class='ocrx_word' id='word_1_213' title='bbox 2392 1767 2428 1836; x_wconf 74' lang='grc' dir='ltr'><strong>ἢ</strong></span> <span class='ocrx_word' id='word_1_214' title='bbox 2463 1765 2558 1818; x_wconf 82' lang='grc' dir='ltr'><strong>τοῦ</strong></span> <span class='ocrx_word' id='word_1_215' title='bbox 2603 1765 2796 1830; x_wconf 80' lang='grc' dir='ltr'>ὓδατος</span> <span class='ocrx_word' id='word_1_216' title='bbox 2849 1767 3134 1839; x_wconf 80' lang='grc' dir='ltr'>μετουσίᾳ.</span> <span class='ocrx_word' id='word_1_217' title='bbox 3182 1767 3318 1820; x_wconf 75' lang='grc' dir='ltr'>ἀλλὰ</span> <span class='ocrx_word' id='word_1_218' title='bbox 3364 1768 3463 1837; x_wconf 89' lang='grc' dir='ltr'><strong>μία</strong></span> <span class='ocrx_word' id='word_1_219' title='bbox 3494 1768 3607 1821; x_wconf 71' lang='grc' dir='ltr'>ἐστὶ</span> <span class='ocrx_word' id='word_1_220' title='bbox 3645 1770 3741 1821; x_wconf 72' lang='grc' dir='ltr'><strong>καὶ</strong></span> 
     </span>
    </p>
   </div>
   <div class='ocr_carea' id='block_1_33' title="bbox 489 1848 2064 1942">
    <p class='ocr_par' dir='ltr' id='par_1_33' title="bbox 489 1864 2058 1942">
     <span class='ocr_line' id='line_1_33' title="bbox 489 1864 2058 1942; baseline 0.006 -24"><span class='ocrx_word' id='word_1_221' title='bbox 489 1864 707 1918; x_wconf 86' lang='lat' dir='ltr'><strong>mobilis</strong></span> <span class='ocrx_word' id='word_1_222' title='bbox 747 1865 800 1918; x_wconf 90' lang='lat' dir='ltr'><strong>in</strong></span> <span class='ocrx_word' id='word_1_223' title='bbox 829 1867 1085 1921; x_wconf 89' lang='lat' dir='ltr'><strong>onmibus</strong></span> <span class='ocrx_word' id='word_1_224' title='bbox 1116 1875 1333 1930; x_wconf 87' lang='lat' dir='ltr'><strong>natura,</strong></span> <span class='ocrx_word' id='word_1_225' title='bbox 1377 1867 1568 1924; x_wconf 88' lang='lat' dir='ltr'><strong>eodem</strong></span> <span class='ocrx_word' id='word_1_226' title='bbox 1604 1870 1767 1925; x_wconf 89' lang='lat' dir='ltr'><strong>modo</strong></span> <span class='ocrx_word' id='word_1_227' title='bbox 1801 1887 2058 1942; x_wconf 88' lang='lat' dir='ltr'><strong>operans,</strong></span> 
     </span>
    </p>
   </div>
   <div class='ocr_carea' id='block_1_34' title="bbox 2162 1848 3741 1942">
    <p class='ocr_par' dir='ltr' id='par_1_34' title="bbox 2164 1859 3741 1932">
     <span class='ocr_line' id='line_1_34' title="bbox 2164 1859 3741 1932; baseline 0.001 -20"><span class='ocrx_word' id='word_1_228' title='bbox 2164 1859 2418 1930; x_wconf 85' lang='grc' dir='ltr'>ἀκίνητος</span> <span class='ocrx_word' id='word_1_229' title='bbox 2448 1859 2539 1912; x_wconf 67' lang='grc' dir='ltr'>ἐπὶ</span> <span class='ocrx_word' id='word_1_230' title='bbox 2577 1859 2792 1911; x_wconf 82' lang='grc' dir='ltr'>πάντων</span> <span class='ocrx_word' id='word_1_231' title='bbox 2840 1861 2873 1929; x_wconf 88' lang='grc' dir='ltr'><strong>ή</strong></span> <span class='ocrx_word' id='word_1_232' title='bbox 2914 1859 3102 1927; x_wconf 77' lang='grc' dir='ltr'>φύσις,</span> <span class='ocrx_word' id='word_1_233' title='bbox 3145 1859 3404 1922; x_wconf 80' lang='grc' dir='ltr'><strong>ὡσαύτως</strong></span> <span class='ocrx_word' id='word_1_234' title='bbox 3441 1861 3741 1932; x_wconf 79' lang='grc' dir='ltr'>ἐνεργοῦσα</span> 
     </span>
    </p>
   </div>
   <div class='ocr_carea' id='block_1_35' title="bbox 485 1955 2064 2032">
    <p class='ocr_par' dir='ltr' id='par_1_35' title="bbox 485 1955 2064 2032">
     <span class='ocr_line' id='line_1_35' title="bbox 485 1955 2064 2032; baseline 0.006 -25"><span class='ocrx_word' id='word_1_235' title='bbox 485 1963 542 2008; x_wconf 90' lang='lat' dir='ltr'><strong>ct</strong></span> <span class='ocrx_word' id='word_1_236' title='bbox 575 1956 628 2008; x_wconf 88' lang='lat' dir='ltr'><strong>in</strong></span> <span class='ocrx_word' id='word_1_237' title='bbox 669 1955 816 2009; x_wconf 89' lang='lat' dir='ltr'><strong>nulla</strong></span> <span class='ocrx_word' id='word_1_238' title='bbox 853 1971 912 2010; x_wconf 88' lang='lat' dir='ltr'><strong>re</strong></span> <span class='ocrx_word' id='word_1_239' title='bbox 956 1969 1175 2025; x_wconf 85' lang='lat' dir='ltr'><strong>propter</strong></span> <span class='ocrx_word' id='word_1_240' title='bbox 1225 1974 1415 2014; x_wconf 90' lang='lat' dir='ltr'><strong>eorum</strong></span> <span class='ocrx_word' id='word_1_241' title='bbox 1450 1962 1541 2031; x_wconf 93' lang='lat' dir='ltr'><strong>qui</strong></span> <span class='ocrx_word' id='word_1_242' title='bbox 1592 1962 1919 2032; x_wconf 89' lang='lat' dir='ltr'><strong>participant</strong></span> <span class='ocrx_word' id='word_1_243' title='bbox 1954 1964 2064 2017; x_wconf 85' lang='lat' dir='ltr'><strong>dif-</strong></span> 
     </span>
    </p>
   </div>
   <div class='ocr_carea' id='block_1_36' title="bbox 485 2043 2061 2124">
    <p class='ocr_par' dir='ltr' id='par_1_36' title="bbox 485 2043 2061 2124">
     <span class='ocr_line' id='line_1_36' title="bbox 485 2043 2061 2124; baseline 0.006 -26"><span class='ocrx_word' id='word_1_244' title='bbox 485 2043 751 2102; x_wconf 85' lang='lat' dir='ltr'><strong>ferentias</strong></span> <span class='ocrx_word' id='word_1_245' title='bbox 790 2049 1068 2102; x_wconf 89' lang='lat' dir='ltr'><strong>immutata</strong></span> <span class='ocrx_word' id='word_1_246' title='bbox 1121 2067 1136 2104; x_wconf 87' lang='lat'><strong>:</strong></span> <span class='ocrx_word' id='word_1_247' title='bbox 1169 2050 1252 2104; x_wconf 92' lang='lat' dir='ltr'><strong>sic</strong></span> <span class='ocrx_word' id='word_1_248' title='bbox 1291 2061 1347 2106; x_wconf 88' lang='lat' dir='ltr'><strong>et</strong></span> <span class='ocrx_word' id='word_1_249' title='bbox 1386 2053 1672 2110; x_wconf 90' lang='lat' dir='ltr'><strong>nominum</strong></span> <span class='ocrx_word' id='word_1_250' title='bbox 1707 2055 1930 2124; x_wconf 89' lang='lat' dir='ltr'><strong>positio,</strong></span> <span class='ocrx_word' id='word_1_251' title='bbox 2016 2054 2061 2110; x_wconf 87' lang='lat' dir='ltr'><strong>si</strong></span> 
     </span>
    </p>
   </div>
   <div class='ocr_carea' id='block_1_37' title="bbox 481 2138 2062 2214">
    <p class='ocr_par' dir='ltr' id='par_1_37' title="bbox 481 2138 2062 2214">
     <span class='ocr_line' id='line_1_37' title="bbox 481 2138 2062 2214; baseline 0.005 -24"><span class='ocrx_word' id='word_1_252' title='bbox 481 2139 704 2207; x_wconf 83' lang='lat' dir='ltr'><strong>quidem</strong></span> <span class='ocrx_word' id='word_1_253' title='bbox 735 2154 764 2191; x_wconf 90' lang='lat' dir='ltr'><strong>a</strong></span> <span class='ocrx_word' id='word_1_254' title='bbox 802 2138 909 2194; x_wconf 89' lang='lat' dir='ltr'><strong>Deo</strong></span> <span class='ocrx_word' id='word_1_255' title='bbox 941 2148 1088 2195; x_wconf 85' lang='lat' dir='ltr'><strong>esset</strong></span> <span class='ocrx_word' id='word_1_256' title='bbox 1116 2142 1280 2198; x_wconf 85' lang='lat' dir='ltr'><strong>rebus</strong></span> <span class='ocrx_word' id='word_1_257' title='bbox 1307 2145 1596 2214; x_wconf 86' lang='lat' dir='ltr'><strong>applicata,</strong></span> <span class='ocrx_word' id='word_1_258' title='bbox 1631 2149 1884 2201; x_wconf 84' lang='lat' dir='ltr'><strong>omnibus</strong></span> <span class='ocrx_word' id='word_1_259' title='bbox 1913 2153 2062 2202; x_wconf 88' lang='lat' dir='ltr'><strong>esset</strong></span> 
     </span>
    </p>
   </div>
   <div class='ocr_carea' id='block_1_38' title="bbox 493 2228 2063 2307">
    <p class='ocr_par' dir='ltr' id='par_1_38' title="bbox 493 2228 2063 2307">
     <span class='ocr_line' id='line_1_38' title="bbox 493 2228 2063 2307; baseline 0.008 -26"><span class='ocrx_word' id='word_1_260' title='bbox 493 2229 705 2284; x_wconf 78' lang='lat' dir='ltr'><strong>eadem.</strong></span> <span class='ocrx_word' id='word_1_261' title='bbox 751 2228 910 2285; x_wconf 75' lang='lat' dir='ltr'><strong>Nunc</strong></span> <span class='ocrx_word' id='word_1_262' title='bbox 957 2241 1139 2286; x_wconf 84' lang='lat' dir='ltr'><strong>autem</strong></span> <span class='ocrx_word' id='word_1_263' title='bbox 1190 2249 1372 2289; x_wconf 87' lang='lat' dir='ltr'><strong>rerum</strong></span> <span class='ocrx_word' id='word_1_264' title='bbox 1415 2245 1629 2299; x_wconf 90' lang='lat' dir='ltr'><strong>natura,</strong></span> <span class='ocrx_word' id='word_1_265' title='bbox 1664 2246 1857 2307; x_wconf 85' lang='lat' dir='ltr'><strong>utpote</strong></span> <span class='ocrx_word' id='word_1_266' title='bbox 1893 2256 1919 2289; x_wconf 91' lang='lat' dir='ltr'><strong>a</strong></span> <span class='ocrx_word' id='word_1_267' title='bbox 1954 2237 2063 2294; x_wconf 90' lang='lat' dir='ltr'><strong>Deo</strong></span> 
     </span>
    </p>
   </div>
   <div class='ocr_carea' id='block_1_39' title="bbox 471 2320 2063 2402">
    <p class='ocr_par' dir='ltr' id='par_1_39' title="bbox 471 2320 2063 2402">
     <span class='ocr_line' id='line_1_39' title="bbox 471 2320 2063 2402; baseline 0.008 -29"><span class='ocrx_word' id='word_1_268' title='bbox 471 2320 614 2386; x_wconf 88' lang='lat' dir='ltr'><strong>.fixa,</strong></span> <span class='ocrx_word' id='word_1_269' title='bbox 652 2332 833 2376; x_wconf 90' lang='lat' dir='ltr'><strong>manet</strong></span> <span class='ocrx_word' id='word_1_270' title='bbox 867 2324 1202 2391; x_wconf 87' lang='lat' dir='ltr'><strong>immobilis;</strong></span> <span class='ocrx_word' id='word_1_271' title='bbox 1231 2341 1396 2381; x_wconf 78' lang='lat' dir='ltr'><strong>voces</strong></span> <span class='ocrx_word' id='word_1_272' title='bbox 1429 2340 1614 2382; x_wconf 89' lang='lat' dir='ltr'><strong>autem</strong></span> <span class='ocrx_word' id='word_1_273' title='bbox 1665 2329 1858 2382; x_wconf 91' lang='lat' dir='ltr'><strong>horum</strong></span> <span class='ocrx_word' id='word_1_274' title='bbox 1894 2332 2063 2402; x_wconf 77' lang='lat' dir='ltr'><strong>signi-</strong></span> 
     </span>
    </p>
   </div>
   <div class='ocr_carea' id='block_1_40' title="bbox 487 2409 2059 2482">
    <p class='ocr_par' dir='ltr' id='par_1_40' title="bbox 487 2409 2059 2482">
     <span class='ocr_line' id='line_1_40' title="bbox 487 2409 2059 2482; baseline 0.006 -20"><span class='ocrx_word' id='word_1_275' title='bbox 487 2409 719 2464; x_wconf 71' lang='lat' dir='ltr'><strong>fieatira:</strong></span> <span class='ocrx_word' id='word_1_276' title='bbox 762 2411 829 2465; x_wconf 90' lang='lat' dir='ltr'><strong>ad</strong></span> <span class='ocrx_word' id='word_1_277' title='bbox 861 2419 939 2464; x_wconf 91' lang='lat' dir='ltr'><strong>tot</strong></span> <span class='ocrx_word' id='word_1_278' title='bbox 981 2412 1289 2482; x_wconf 80' lang='lat' dir='ltr'><strong>linguarum</strong></span> <span class='ocrx_word' id='word_1_279' title='bbox 1322 2413 1659 2471; x_wconf 68' lang='lat' dir='ltr'><strong>differentias</strong></span> <span class='ocrx_word' id='word_1_280' title='bbox 1699 2416 1886 2472; x_wconf 75' lang='lat' dir='ltr'><strong>divisa:</strong></span> <span class='ocrx_word' id='word_1_281' title='bbox 1911 2427 2059 2481; x_wconf 92' lang='lat' dir='ltr'><strong>sunt,</strong></span> 
     </span>
    </p>
   </div>
   <div class='ocr_carea' id='block_1_41' title="bbox 485 2503 2061 2575">
    <p class='ocr_par' dir='ltr' id='par_1_41' title="bbox 485 2503 2061 2575">
     <span class='ocr_line' id='line_1_41' title="bbox 485 2503 2061 2575; baseline 0.007 -22"><span class='ocrx_word' id='word_1_282' title='bbox 485 2508 546 2554; x_wconf 88' lang='lat' dir='ltr'><strong>ut</strong></span> <span class='ocrx_word' id='word_1_283' title='bbox 596 2517 770 2571; x_wconf 88' lang='lat' dir='ltr'><strong>neque</strong></span> <span class='ocrx_word' id='word_1_284' title='bbox 804 2503 1210 2558; x_wconf 88' lang='lat' dir='ltr'><strong>multitudinem</strong></span> <span class='ocrx_word' id='word_1_285' title='bbox 1242 2521 1534 2560; x_wconf 87' lang='lat' dir='ltr'><strong>numerare</strong></span> <span class='ocrx_word' id='word_1_286' title='bbox 1574 2506 1730 2562; x_wconf 82' lang='lat' dir='ltr'><strong>facile</strong></span> <span class='ocrx_word' id='word_1_287' title='bbox 1774 2509 1865 2564; x_wconf 88' lang='lat' dir='ltr'><strong>sit.</strong></span> <span class='ocrx_word' id='word_1_288' title='bbox 1907 2510 2061 2575; x_wconf 84' lang='lat' dir='ltr'><strong>Quod</strong></span> 
     </span>
    </p>
   </div>
   <div class='ocr_carea' id='block_1_42' title="bbox 483 2591 2062 2665">
    <p class='ocr_par' dir='ltr' id='par_1_42' title="bbox 483 2591 2062 2665">
     <span class='ocr_line' id='line_1_42' title="bbox 483 2591 2062 2665; baseline 0.006 -19"><span class='ocrx_word' id='word_1_289' title='bbox 483 2591 531 2646; x_wconf 92' lang='lat' dir='ltr'><strong>si</strong></span> <span class='ocrx_word' id='word_1_290' title='bbox 562 2592 686 2662; x_wconf 89' lang='lat' dir='ltr'><strong>quis</strong></span> <span class='ocrx_word' id='word_1_291' title='bbox 725 2594 1104 2648; x_wconf 88' lang='lat' dir='ltr'><strong>confusionem</strong></span> <span class='ocrx_word' id='word_1_292' title='bbox 1132 2611 1252 2665; x_wconf 77' lang='lat' dir='ltr'><strong>quae</strong></span> <span class='ocrx_word' id='word_1_293' title='bbox 1279 2596 1334 2650; x_wconf 91' lang='lat' dir='ltr'><strong>in</strong></span> <span class='ocrx_word' id='word_1_294' title='bbox 1361 2600 1738 2654; x_wconf 82' lang='lat' dir='ltr'><strong>exstructicne</strong></span> <span class='ocrx_word' id='word_1_295' title='bbox 1771 2601 1938 2656; x_wconf 90' lang='lat' dir='ltr'><strong>turris</strong></span> <span class='ocrx_word' id='word_1_296' title='bbox 1972 2617 2062 2656; x_wconf 88' lang='lat' dir='ltr'><strong>ae-</strong></span> 
     </span>
    </p>
   </div>
   <div class='ocr_carea' id='block_1_43' title="bbox 483 2685 2061 2761">
    <p class='ocr_par' dir='ltr' id='par_1_43' title="bbox 483 2685 2061 2761">
     <span class='ocr_line' id='line_1_43' title="bbox 483 2685 2061 2761; baseline 0.006 -23"><span class='ocrx_word' id='word_1_297' title='bbox 483 2685 616 2738; x_wconf 87' lang='lat' dir='ltr'><strong>cidit</strong></span> <span class='ocrx_word' id='word_1_298' title='bbox 660 2692 718 2737; x_wconf 88' lang='lat' dir='ltr'><strong>ut</strong></span> <span class='ocrx_word' id='word_1_299' title='bbox 763 2685 924 2740; x_wconf 86' lang='lat' dir='ltr'><strong>dictis</strong></span> <span class='ocrx_word' id='word_1_300' title='bbox 960 2689 1294 2740; x_wconf 88' lang='lat' dir='ltr'><strong>contrariam</strong></span> <span class='ocrx_word' id='word_1_301' title='bbox 1343 2688 1572 2757; x_wconf 76' lang='lat' dir='ltr'><strong>profert,</strong></span> <span class='ocrx_word' id='word_1_302' title='bbox 1605 2706 1782 2761; x_wconf 91' lang='lat' dir='ltr'><strong>neque</strong></span> <span class='ocrx_word' id='word_1_303' title='bbox 1811 2692 1924 2747; x_wconf 93' lang='lat' dir='ltr'><strong>illic</strong></span> <span class='ocrx_word' id='word_1_304' title='bbox 1953 2693 2061 2747; x_wconf 91' lang='lat' dir='ltr'><strong>lin-</strong></span> 
     </span>
    </p>
   </div>
   <div class='ocr_carea' id='block_1_44' title="bbox 483 2775 2064 2854">
    <p class='ocr_par' dir='ltr' id='par_1_44' title="bbox 483 2775 2064 2854">
     <span class='ocr_line' id='line_1_44' title="bbox 483 2775 2064 2854; baseline 0.006 -25"><span class='ocrx_word' id='word_1_305' title='bbox 483 2791 620 2844; x_wconf 79' lang='lat' dir='ltr'><strong>gnos</strong></span> <span class='ocrx_word' id='word_1_306' title='bbox 661 2775 942 2830; x_wconf 86' lang='lat' dir='ltr'><strong>hominum</strong></span> <span class='ocrx_word' id='word_1_307' title='bbox 999 2778 1178 2833; x_wconf 82' lang='lat' dir='ltr'><strong>facere</strong></span> <span class='ocrx_word' id='word_1_308' title='bbox 1221 2778 1367 2834; x_wconf 90' lang='lat' dir='ltr'><strong>Deus</strong></span> <span class='ocrx_word' id='word_1_309' title='bbox 1403 2781 1624 2846; x_wconf 89' lang='lat' dir='ltr'><strong>dicitur,</strong></span> <span class='ocrx_word' id='word_1_310' title='bbox 1671 2782 1766 2837; x_wconf 90' lang='lat' dir='ltr'><strong>sed</strong></span> <span class='ocrx_word' id='word_1_311' title='bbox 1799 2800 1919 2854; x_wconf 77' lang='lat' dir='ltr'><strong>qua:</strong></span> <span class='ocrx_word' id='word_1_312' title='bbox 1943 2793 2064 2840; x_wconf 84' lang='lat' dir='ltr'><strong>erat</strong></span> 
     </span>
    </p>
   </div>
   <div class='ocr_carea' id='block_1_45' title="bbox 479 2867 2060 2933">
    <p class='ocr_par' dir='ltr' id='par_1_45' title="bbox 479 2867 2060 2933">
     <span class='ocr_line' id='line_1_45' title="bbox 479 2867 2060 2933; baseline 0.006 -13"><span class='ocrx_word' id='word_1_313' title='bbox 479 2881 603 2920; x_wconf 82' lang='lat' dir='ltr'><strong>eam</strong></span> <span class='ocrx_word' id='word_1_314' title='bbox 673 2867 1040 2933; x_wconf 88' lang='lat' dir='ltr'><strong>confundere,</strong></span> <span class='ocrx_word' id='word_1_315' title='bbox 1091 2883 1151 2923; x_wconf 88' lang='lat' dir='ltr'><strong>ut</strong></span> <span class='ocrx_word' id='word_1_316' title='bbox 1209 2887 1318 2924; x_wconf 92' lang='lat' dir='ltr'><strong>non</strong></span> <span class='ocrx_word' id='word_1_317' title='bbox 1367 2887 1558 2927; x_wconf 89' lang='lat' dir='ltr'><strong>ontnes</strong></span> <span class='ocrx_word' id='word_1_318' title='bbox 1605 2889 1766 2928; x_wconf 89' lang='lat' dir='ltr'><strong>unam</strong></span> <span class='ocrx_word' id='word_1_319' title='bbox 1819 2876 2060 2930; x_wconf 88' lang='lat' dir='ltr'><strong>ontnium</strong></span> 
     </span>
    </p>
   </div>
   <div class='ocr_carea' id='block_1_46' title="bbox 483 2959 2063 3032">
    <p class='ocr_par' dir='ltr' id='par_1_46' title="bbox 483 2959 2063 3032">
     <span class='ocr_line' id='line_1_46' title="bbox 483 2959 2063 3032; baseline 0.008 -21"><span class='ocrx_word' id='word_1_320' title='bbox 483 2959 738 3014; x_wconf 87' lang='lat' dir='ltr'><strong>audirent</strong></span> <span class='ocrx_word' id='word_1_321' title='bbox 786 2960 854 3014; x_wconf 74' lang='lat'><strong>“.</strong></span> <span class='ocrx_word' id='word_1_322' title='bbox 910 2960 1162 3026; x_wconf 87' lang='lat' dir='ltr'><strong>Quandiu</strong></span> <span class='ocrx_word' id='word_1_323' title='bbox 1217 2964 1360 3016; x_wconf 89' lang='lat' dir='ltr'><strong>enim</strong></span> <span class='ocrx_word' id='word_1_324' title='bbox 1408 2973 1526 3017; x_wconf 86' lang='lat' dir='ltr'><strong>erat</strong></span> <span class='ocrx_word' id='word_1_325' title='bbox 1581 2966 1768 3020; x_wconf 87' lang='lat' dir='ltr'><strong>eadem</strong></span> <span class='ocrx_word' id='word_1_326' title='bbox 1818 2968 1950 3032; x_wconf 83' lang='lat' dir='ltr'><strong>vita,</strong></span> <span class='ocrx_word' id='word_1_327' title='bbox 2008 2977 2063 3023; x_wconf 86' lang='lat' dir='ltr'><strong>et</strong></span> 
     </span>
    </p>
   </div>
   <div class='ocr_carea' id='block_1_47' title="bbox 481 3049 2062 3126">
    <p class='ocr_par' dir='ltr' id='par_1_47' title="bbox 481 3049 2062 3126">
     <span class='ocr_line' id='line_1_47' title="bbox 481 3049 2062 3126; baseline 0.006 -25"><span class='ocrx_word' id='word_1_328' title='bbox 481 3051 724 3102; x_wconf 84' lang='lat' dir='ltr'><strong>nondum</strong></span> <span class='ocrx_word' id='word_1_329' title='bbox 781 3049 834 3102; x_wconf 92' lang='lat' dir='ltr'><strong>in</strong></span> <span class='ocrx_word' id='word_1_330' title='bbox 872 3051 1074 3105; x_wconf 91' lang='lat' dir='ltr'><strong>multas</strong></span> <span class='ocrx_word' id='word_1_331' title='bbox 1109 3053 1357 3120; x_wconf 80' lang='lat' dir='ltr'><strong>gentium</strong></span> <span class='ocrx_word' id='word_1_332' title='bbox 1391 3052 1730 3110; x_wconf 75' lang='lat' dir='ltr'><strong>differentias</strong></span> <span class='ocrx_word' id='word_1_333' title='bbox 1786 3055 2062 3126; x_wconf 89' lang='lat' dir='ltr'><strong>dispertiti</strong></span> 
     </span>
    </p>
   </div>
   <div class='ocr_carea' id='block_1_48' title="bbox 483 3139 2058 3214">
    <p class='ocr_par' dir='ltr' id='par_1_48' title="bbox 483 3139 2058 3214">
     <span class='ocr_line' id='line_1_48' title="bbox 483 3139 2058 3214; baseline 0.005 -21"><span class='ocrx_word' id='word_1_334' title='bbox 483 3139 728 3203; x_wconf 89' lang='lat' dir='ltr'><strong>fuerunt,</strong></span> <span class='ocrx_word' id='word_1_335' title='bbox 767 3157 872 3195; x_wconf 89' lang='lat' dir='ltr'><strong>una</strong></span> <span class='ocrx_word' id='word_1_336' title='bbox 905 3157 1038 3196; x_wconf 74' lang='lat' dir='ltr'><strong>voce</strong></span> <span class='ocrx_word' id='word_1_337' title='bbox 1068 3144 1372 3214; x_wconf 88' lang='lat' dir='ltr'><strong>eodemque</strong></span> <span class='ocrx_word' id='word_1_338' title='bbox 1402 3159 1658 3201; x_wconf 88' lang='lat' dir='ltr'><strong>sermone</strong></span> <span class='ocrx_word' id='word_1_339' title='bbox 1703 3159 1863 3201; x_wconf 87' lang='lat' dir='ltr'><strong>utens</strong></span> <span class='ocrx_word' id='word_1_340' title='bbox 1897 3147 2058 3203; x_wconf 90' lang='lat' dir='ltr'><strong>simul</strong></span> 
     </span>
    </p>
   </div>
   <div class='ocr_carea' id='block_1_49' title="bbox 482 3231 2062 3306">
    <p class='ocr_par' dir='ltr' id='par_1_49' title="bbox 482 3231 2062 3306">
     <span class='ocr_line' id='line_1_49' title="bbox 482 3231 2062 3306; baseline 0.005 -22"><span class='ocrx_word' id='word_1_341' title='bbox 482 3231 698 3286; x_wconf 83' lang='lat' dir='ltr'><strong>vivebat</strong></span> <span class='ocrx_word' id='word_1_342' title='bbox 719 3234 962 3287; x_wconf 91' lang='lat' dir='ltr'><strong>omnium</strong></span> <span class='ocrx_word' id='word_1_343' title='bbox 987 3233 1266 3287; x_wconf 88' lang='lat' dir='ltr'><strong>hominum</strong></span> <span class='ocrx_word' id='word_1_344' title='bbox 1288 3235 1599 3304; x_wconf 87' lang='lat' dir='ltr'><strong>plenitudo;</strong></span> <span class='ocrx_word' id='word_1_345' title='bbox 1620 3247 1907 3306; x_wconf 87' lang='lat' dir='ltr'><strong>postquam</strong></span> <span class='ocrx_word' id='word_1_346' title='bbox 1935 3253 2062 3293; x_wconf 88' lang='lat' dir='ltr'><strong>vero</strong></span> 
     </span>
    </p>
   </div>
   <div class='ocr_carea' id='block_1_50' title="bbox 481 3322 2064 3395">
    <p class='ocr_par' dir='ltr' id='par_1_50' title="bbox 481 3322 2064 3395">
     <span class='ocr_line' id='line_1_50' title="bbox 481 3322 2064 3395; baseline 0.004 -18"><span class='ocrx_word' id='word_1_347' title='bbox 481 3322 668 3378; x_wconf 84' lang='lat' dir='ltr'><strong>divina</strong></span> <span class='ocrx_word' id='word_1_348' title='bbox 697 3327 980 3378; x_wconf 80' lang='lat' dir='ltr'><strong>voluntate</strong></span> <span class='ocrx_word' id='word_1_349' title='bbox 1005 3327 1246 3395; x_wconf 89' lang='lat' dir='ltr'><strong>oportuit</strong></span> <span class='ocrx_word' id='word_1_350' title='bbox 1277 3342 1493 3382; x_wconf 86' lang='lat' dir='ltr'><strong>omnem</strong></span> <span class='ocrx_word' id='word_1_351' title='bbox 1521 3328 1588 3382; x_wconf 88' lang='lat' dir='ltr'><strong>ab</strong></span> <span class='ocrx_word' id='word_1_352' title='bbox 1616 3329 1930 3384; x_wconf 85' lang='lat' dir='ltr'><strong>hominibus</strong></span> <span class='ocrx_word' id='word_1_353' title='bbox 1956 3339 2064 3385; x_wconf 89' lang='lat' dir='ltr'><strong>ter-</strong></span> 
     </span>
    </p>
   </div>
   <div class='ocr_carea' id='block_1_51' title="bbox 482 3414 2064 3479">
    <p class='ocr_par' dir='ltr' id='par_1_51' title="bbox 482 3414 2064 3479">
     <span class='ocr_line' id='line_1_51' title="bbox 482 3414 2064 3479; baseline 0.004 -11"><span class='ocrx_word' id='word_1_354' title='bbox 482 3427 601 3468; x_wconf 88' lang='lat' dir='ltr'><strong>ram</strong></span> <span class='ocrx_word' id='word_1_355' title='bbox 633 3414 889 3479; x_wconf 84' lang='lat' dir='ltr'><strong>habitari,</strong></span> <span class='ocrx_word' id='word_1_356' title='bbox 917 3423 1046 3471; x_wconf 91' lang='lat' dir='ltr'><strong>tunc</strong></span> <span class='ocrx_word' id='word_1_357' title='bbox 1079 3418 1276 3472; x_wconf 80' lang='lat' dir='ltr'><strong>divulsi</strong></span> <span class='ocrx_word' id='word_1_358' title='bbox 1307 3422 1610 3474; x_wconf 86' lang='lat' dir='ltr'><strong>secundum</strong></span> <span class='ocrx_word' id='word_1_359' title='bbox 1633 3421 1787 3475; x_wconf 81' lang='lat' dir='ltr'><strong>vocis</strong></span> <span class='ocrx_word' id='word_1_360' title='bbox 1818 3436 2064 3476; x_wconf 85' lang='lat' dir='ltr'><strong>commu-</strong></span> 
     </span>
    </p>
   </div>
   <div class='ocr_carea' id='block_1_52' title="bbox 483 3503 2064 3576">
    <p class='ocr_par' dir='ltr' id='par_1_52' title="bbox 483 3503 2064 3576">
     <span class='ocr_line' id='line_1_52' title="bbox 483 3503 2064 3576; baseline 0.003 -18"><span class='ocrx_word' id='word_1_361' title='bbox 483 3503 710 3559; x_wconf 90' lang='lat' dir='ltr'><strong>nionem</strong></span> <span class='ocrx_word' id='word_1_362' title='bbox 749 3505 841 3558; x_wconf 90' lang='lat' dir='ltr'><strong>alii</strong></span> <span class='ocrx_word' id='word_1_363' title='bbox 894 3506 1003 3559; x_wconf 92' lang='lat' dir='ltr'><strong>alio</strong></span> <span class='ocrx_word' id='word_1_364' title='bbox 1047 3505 1286 3576; x_wconf 89' lang='lat' dir='ltr'><strong>dispersi</strong></span> <span class='ocrx_word' id='word_1_365' title='bbox 1339 3506 1582 3575; x_wconf 83' lang='lat' dir='ltr'><strong>fuerunt,</strong></span> <span class='ocrx_word' id='word_1_366' title='bbox 1609 3516 1663 3564; x_wconf 91' lang='lat' dir='ltr'><strong>et</strong></span> <span class='ocrx_word' id='word_1_367' title='bbox 1703 3525 1826 3563; x_wconf 91' lang='lat' dir='ltr'><strong>cum</strong></span> <span class='ocrx_word' id='word_1_368' title='bbox 1862 3510 1970 3564; x_wconf 87' lang='lat' dir='ltr'><strong>alio</strong></span> <span class='ocrx_word' id='word_1_369' title='bbox 2009 3517 2064 3565; x_wconf 92' lang='lat' dir='ltr'><strong>et</strong></span> 
     </span>
    </p>
   </div>
   <div class='ocr_carea' id='block_1_53' title="bbox 481 3595 2065 3669">
    <p class='ocr_par' dir='ltr' id='par_1_53' title="bbox 481 3595 2065 3669">
     <span class='ocr_line' id='line_1_53' title="bbox 481 3595 2065 3669; baseline 0.004 -19"><span class='ocrx_word' id='word_1_370' title='bbox 481 3595 595 3651; x_wconf 81' lang='lat' dir='ltr'><strong>alio</strong></span> <span class='ocrx_word' id='word_1_371' title='bbox 649 3598 942 3651; x_wconf 84' lang='lat' dir='ltr'><strong>verborum</strong></span> <span class='ocrx_word' id='word_1_372' title='bbox 1003 3605 1059 3652; x_wconf 82' lang='lat' dir='ltr'><strong>et</strong></span> <span class='ocrx_word' id='word_1_373' title='bbox 1104 3599 1257 3654; x_wconf 84' lang='lat' dir='ltr'><strong>vocis</strong></span> <span class='ocrx_word' id='word_1_374' title='bbox 1311 3600 1634 3656; x_wconf 80' lang='lat' dir='ltr'><strong>charactere</strong></span> <span class='ocrx_word' id='word_1_375' title='bbox 1681 3600 1960 3669; x_wconf 85' lang='lat' dir='ltr'><strong>conjuncti</strong></span> <span class='ocrx_word' id='word_1_376' title='bbox 2009 3610 2065 3658; x_wconf 90' lang='lat' dir='ltr'><strong>et</strong></span> 
     </span>
    </p>
   </div>
   <div class='ocr_carea' id='block_1_54' title="bbox 480 3687 2064 3761">
    <p class='ocr_par' dir='ltr' id='par_1_54' title="bbox 480 3687 2064 3761">
     <span class='ocr_line' id='line_1_54' title="bbox 480 3687 2064 3761; baseline 0.004 -21"><span class='ocrx_word' id='word_1_377' title='bbox 480 3687 880 3742; x_wconf 86' lang='lat' dir='ltr'><strong>accommodati</strong></span> <span class='ocrx_word' id='word_1_378' title='bbox 907 3688 1152 3754; x_wconf 87' lang='lat' dir='ltr'><strong>fuerunt,</strong></span> <span class='ocrx_word' id='word_1_379' title='bbox 1183 3690 1608 3746; x_wconf 89' lang='lat' dir='ltr'><strong>conciliatricem</strong></span> <span class='ocrx_word' id='word_1_380' title='bbox 1630 3692 1919 3761; x_wconf 89' lang='lat' dir='ltr'><strong>quamdam</strong></span> <span class='ocrx_word' id='word_1_381' title='bbox 1945 3708 2064 3746; x_wconf 91' lang='lat' dir='ltr'><strong>mu-</strong></span> 
     </span>
    </p>
   </div>
   <div class='ocr_carea' id='block_1_55' title="bbox 481 3777 2063 3846">
    <p class='ocr_par' dir='ltr' id='par_1_55' title="bbox 481 3777 2063 3846">
     <span class='ocr_line' id='line_1_55' title="bbox 481 3777 2063 3846; baseline 0.005 -16"><span class='ocrx_word' id='word_1_382' title='bbox 481 3783 592 3831; x_wconf 79' lang='lat' dir='ltr'><strong>tua:</strong></span> <span class='ocrx_word' id='word_1_383' title='bbox 638 3777 948 3833; x_wconf 63' lang='lat' dir='ltr'><strong>concordia</strong></span> <span class='ocrx_word' id='word_1_384' title='bbox 996 3779 1270 3835; x_wconf 88' lang='lat' dir='ltr'><strong>sermonis</strong></span> <span class='ocrx_word' id='word_1_385' title='bbox 1307 3780 1726 3835; x_wconf 89' lang='lat' dir='ltr'><strong>consonantiam</strong></span> <span class='ocrx_word' id='word_1_386' title='bbox 1771 3781 1974 3846; x_wconf 86' lang='lat' dir='ltr'><strong>sortiti,</strong></span> <span class='ocrx_word' id='word_1_387' title='bbox 2007 3783 2063 3838; x_wconf 90' lang='lat' dir='ltr'><strong>in</strong></span> 
     </span>
    </p>
   </div>
   <div class='ocr_carea' id='block_1_56' title="bbox 483 3867 2064 3940">
    <p class='ocr_par' dir='ltr' id='par_1_56' title="bbox 483 3867 2064 3940">
     <span class='ocr_line' id='line_1_56' title="bbox 483 3867 2064 3940; baseline 0.005 -18"><span class='ocrx_word' id='word_1_388' title='bbox 483 3882 666 3922; x_wconf 86' lang='lat' dir='ltr'><strong>rerum</strong></span> <span class='ocrx_word' id='word_1_389' title='bbox 695 3867 917 3937; x_wconf 90' lang='lat' dir='ltr'><strong>quidem</strong></span> <span class='ocrx_word' id='word_1_390' title='bbox 957 3869 1275 3940; x_wconf 77' lang='lat' dir='ltr'><strong>cognitione</strong></span> <span class='ocrx_word' id='word_1_391' title='bbox 1316 3885 1428 3926; x_wconf 91' lang='lat' dir='ltr'><strong>non</strong></span> <span class='ocrx_word' id='word_1_392' title='bbox 1449 3871 1850 3936; x_wconf 88' lang='lat' dir='ltr'><strong>discordantes,</strong></span> <span class='ocrx_word' id='word_1_393' title='bbox 1878 3875 1970 3930; x_wconf 87' lang='lat' dir='ltr'><strong>sed</strong></span> <span class='ocrx_word' id='word_1_394' title='bbox 2007 3877 2064 3930; x_wconf 89' lang='lat' dir='ltr'><strong>in</strong></span> 
     </span>
    </p>
   </div>
   <div class='ocr_carea' id='block_1_57' title="bbox 483 3960 2063 4035">
    <p class='ocr_par' dir='ltr' id='par_1_57' title="bbox 483 3960 2063 4035">
     <span class='ocr_line' id='line_1_57' title="bbox 483 3960 2063 4035; baseline 0.004 -21"><span class='ocrx_word' id='word_1_395' title='bbox 483 3962 767 4015; x_wconf 91' lang='lat' dir='ltr'><strong>nominum</strong></span> <span class='ocrx_word' id='word_1_396' title='bbox 817 3961 992 4016; x_wconf 84' lang='lat' dir='ltr'><strong>forma</strong></span> <span class='ocrx_word' id='word_1_397' title='bbox 1032 3961 1373 4018; x_wconf 85' lang='lat' dir='ltr'><strong>differentes.</strong></span> <span class='ocrx_word' id='word_1_398' title='bbox 1417 3960 1536 4016; x_wconf 80' lang='lat' dir='ltr'><strong>Non</strong></span> <span class='ocrx_word' id='word_1_399' title='bbox 1571 3964 1718 4018; x_wconf 88' lang='lat' dir='ltr'><strong>enim</strong></span> <span class='ocrx_word' id='word_1_400' title='bbox 1746 3964 1879 4035; x_wconf 89' lang='lat' dir='ltr'><strong>qttid</strong></span> <span class='ocrx_word' id='word_1_401' title='bbox 1915 3966 2063 4021; x_wconf 89' lang='lat' dir='ltr'><strong>aliud</strong></span> 
     </span>
    </p>
   </div>
   <div class='ocr_carea' id='block_1_58' title="bbox 483 4051 2063 4128">
    <p class='ocr_par' dir='ltr' id='par_1_58' title="bbox 483 4051 2063 4128">
     <span class='ocr_line' id='line_1_58' title="bbox 483 4051 2063 4128; baseline 0.003 -21"><span class='ocrx_word' id='word_1_402' title='bbox 483 4053 630 4122; x_wconf 80' lang='lat' dir='ltr'><strong>apud</strong></span> <span class='ocrx_word' id='word_1_403' title='bbox 675 4051 816 4108; x_wconf 90' lang='lat' dir='ltr'><strong>alios</strong></span> <span class='ocrx_word' id='word_1_404' title='bbox 862 4053 1028 4122; x_wconf 84' lang='lat' dir='ltr'><strong>lapis,</strong></span> <span class='ocrx_word' id='word_1_405' title='bbox 1081 4054 1163 4107; x_wconf 75' lang='lat' dir='ltr'><strong>vel</strong></span> <span class='ocrx_word' id='word_1_406' title='bbox 1215 4054 1420 4124; x_wconf 85' lang='lat' dir='ltr'><strong>lignum</strong></span> <span class='ocrx_word' id='word_1_407' title='bbox 1485 4054 1722 4117; x_wconf 88' lang='lat' dir='ltr'><strong>videtur,</strong></span> <span class='ocrx_word' id='word_1_408' title='bbox 1778 4055 1875 4111; x_wconf 90' lang='lat' dir='ltr'><strong>sed</strong></span> <span class='ocrx_word' id='word_1_409' title='bbox 1918 4058 2063 4128; x_wconf 86' lang='lat' dir='ltr'><strong>apud</strong></span> 
     </span>
    </p>
   </div>
   <div class='ocr_carea' id='block_1_59' title="bbox 482 4141 2064 4211">
    <p class='ocr_par' dir='ltr' id='par_1_59' title="bbox 482 4141 2064 4211">
     <span class='ocr_line' id='line_1_59' title="bbox 482 4141 2064 4211; baseline 0.003 -14"><span class='ocrx_word' id='word_1_410' title='bbox 482 4141 734 4211; x_wconf 78' lang='lat' dir='ltr'><strong>singulos</strong></span> <span class='ocrx_word' id='word_1_411' title='bbox 791 4143 1034 4197; x_wconf 70' lang='lat' dir='ltr'><strong>materia:</strong></span> <span class='ocrx_word' id='word_1_412' title='bbox 1085 4143 1307 4197; x_wconf 89' lang='lat' dir='ltr'><strong>nomina</strong></span> <span class='ocrx_word' id='word_1_413' title='bbox 1343 4143 1619 4200; x_wconf 65' lang='lat' dir='ltr'><strong>differunt.</strong></span> <span class='ocrx_word' id='word_1_414' title='bbox 1663 4144 1845 4211; x_wconf 86' lang='lat' dir='ltr'><strong>Quare</strong></span> <span class='ocrx_word' id='word_1_415' title='bbox 1883 4162 2064 4202; x_wconf 89' lang='lat' dir='ltr'><strong>sermo</strong></span> 
     </span>
    </p>
   </div>
   <div class='ocr_carea' id='block_1_60' title="bbox 483 4233 2062 4306">
    <p class='ocr_par' dir='ltr' id='par_1_60' title="bbox 483 4233 2062 4306">
     <span class='ocr_line' id='line_1_60' title="bbox 483 4233 2062 4306; baseline 0.005 -18"><span class='ocrx_word' id='word_1_416' title='bbox 483 4234 651 4288; x_wconf 86' lang='lat' dir='ltr'><strong>nobis</strong></span> <span class='ocrx_word' id='word_1_417' title='bbox 675 4233 816 4288; x_wconf 84' lang='lat' dir='ltr'><strong>ﬁxus</strong></span> <span class='ocrx_word' id='word_1_418' title='bbox 837 4244 1042 4298; x_wconf 85' lang='lat' dir='ltr'><strong>manet,</strong></span> <span class='ocrx_word' id='word_1_419' title='bbox 1071 4235 1166 4306; x_wconf 93' lang='lat' dir='ltr'><strong>qui</strong></span> <span class='ocrx_word' id='word_1_420' title='bbox 1189 4250 1352 4292; x_wconf 88' lang='lat' dir='ltr'><strong>voces</strong></span> <span class='ocrx_word' id='word_1_421' title='bbox 1382 4236 1655 4292; x_wconf 88' lang='lat' dir='ltr'><strong>humanas</strong></span> <span class='ocrx_word' id='word_1_422' title='bbox 1676 4249 1878 4294; x_wconf 70' lang='lat' dir='ltr'><strong>nostrae</strong></span> <span class='ocrx_word' id='word_1_423' title='bbox 1905 4256 2062 4296; x_wconf 89' lang='lat' dir='ltr'><strong>men-</strong></span> 
     </span>
    </p>
   </div>
   <div class='ocr_carea' id='block_1_61' title="bbox 488 4325 2063 4401">
    <p class='ocr_par' dir='ltr' id='par_1_61' title="bbox 488 4325 2063 4401">
     <span class='ocr_line' id='line_1_61' title="bbox 488 4325 2063 4401; baseline 0.006 -23"><span class='ocrx_word' id='word_1_424' title='bbox 488 4325 560 4380; x_wconf 87' lang='lat' dir='ltr'><strong>tis</strong></span> <span class='ocrx_word' id='word_1_425' title='bbox 601 4326 716 4380; x_wconf 85' lang='lat' dir='ltr'><strong>sive</strong></span> <span class='ocrx_word' id='word_1_426' title='bbox 768 4326 1144 4396; x_wconf 69' lang='lat' dir='ltr'><strong>intelligentiae</strong></span> <span class='ocrx_word' id='word_1_427' title='bbox 1190 4326 1412 4382; x_wconf 87' lang='lat' dir='ltr'><strong>inventa</strong></span> <span class='ocrx_word' id='word_1_428' title='bbox 1461 4344 1586 4384; x_wconf 87' lang='lat' dir='ltr'><strong>esse</strong></span> <span class='ocrx_word' id='word_1_429' title='bbox 1637 4329 1844 4384; x_wconf 88' lang='lat' dir='ltr'><strong>definit.</strong></span> <span class='ocrx_word' id='word_1_430' title='bbox 1875 4329 2063 4401; x_wconf 77' lang='lat' dir='ltr'><strong>Neque</strong></span> 
     </span>
    </p>
   </div>
   <div class='ocr_carea' id='block_1_62' title="bbox 484 4416 2063 4491">
    <p class='ocr_par' dir='ltr' id='par_1_62' title="bbox 484 4416 2063 4491">
     <span class='ocr_line' id='line_1_62' title="bbox 484 4416 2063 4491; baseline 0.003 -19"><span class='ocrx_word' id='word_1_431' title='bbox 484 4416 630 4472; x_wconf 88' lang='lat' dir='ltr'><strong>enim</strong></span> <span class='ocrx_word' id='word_1_432' title='bbox 661 4432 689 4470; x_wconf 90' lang='lat' dir='ltr'><strong>a</strong></span> <span class='ocrx_word' id='word_1_433' title='bbox 719 4417 990 4487; x_wconf 86' lang='lat' dir='ltr'><strong>principio</strong></span> <span class='ocrx_word' id='word_1_434' title='bbox 1013 4419 1256 4488; x_wconf 89' lang='lat' dir='ltr'><strong>quandiu</strong></span> <span class='ocrx_word' id='word_1_435' title='bbox 1283 4435 1584 4475; x_wconf 90' lang='lat' dir='ltr'><strong>consonum</strong></span> <span class='ocrx_word' id='word_1_436' title='bbox 1609 4421 1712 4476; x_wconf 88' lang='lat' dir='ltr'><strong>sibi</strong></span> <span class='ocrx_word' id='word_1_437' title='bbox 1739 4422 1841 4491; x_wconf 83' lang='lat' dir='ltr'><strong>ipsi</strong></span> <span class='ocrx_word' id='word_1_438' title='bbox 1872 4422 2063 4477; x_wconf 86' lang='lat' dir='ltr'><strong>Imma-</strong></span> 
     </span>
    </p>
   </div>
   <div class='ocr_carea' id='block_1_63' title="bbox 487 4507 2140 4588">
    <p class='ocr_par' dir='ltr' id='par_1_63' title="bbox 487 4507 2140 4588">
     <span class='ocr_line' id='line_1_63' title="bbox 487 4507 2140 4588; baseline 0.004 -29"><span class='ocrx_word' id='word_1_439' title='bbox 487 4521 617 4559; x_wconf 92' lang='lat' dir='ltr'><strong>num</strong></span> <span class='ocrx_word' id='word_1_440' title='bbox 659 4521 832 4576; x_wconf 77' lang='lat' dir='ltr'><strong>genus</strong></span> <span class='ocrx_word' id='word_1_441' title='bbox 869 4507 1188 4562; x_wconf 87' lang='lat' dir='ltr'><strong>universum</strong></span> <span class='ocrx_word' id='word_1_442' title='bbox 1222 4508 1344 4570; x_wconf 87' lang='lat' dir='ltr'><strong>fttit,</strong></span> <span class='ocrx_word' id='word_1_443' title='bbox 1377 4509 1666 4563; x_wconf 81' lang='lat' dir='ltr'><strong>verborum</strong></span> <span class='ocrx_word' id='word_1_444' title='bbox 1697 4509 1789 4565; x_wconf 89' lang='lat' dir='ltr'><strong>Dei</strong></span> <span class='ocrx_word' id='word_1_445' title='bbox 1824 4511 2060 4581; x_wconf 90' lang='lat' dir='ltr'><strong>aliquam</strong></span> <span class='ocrx_word' id='word_1_446' title='bbox 2091 4529 2140 4588; x_wconf 75' lang='grc' dir='ltr'>ο</span> 
     </span>
    </p>
   </div>
   <div class='ocr_carea' id='block_1_64' title="bbox 439 4597 2061 4671">
    <p class='ocr_par' dir='ltr' id='par_1_64' title="bbox 439 4597 2061 4671">
     <span class='ocr_line' id='line_1_64' title="bbox 439 4597 2061 4671; baseline 0.004 -21"><span class='ocrx_word' id='word_1_447' title='bbox 439 4597 794 4651; x_wconf 63' lang='lat' dir='ltr'><strong>‘doctrinam</strong></span> <span class='ocrx_word' id='word_1_448' title='bbox 868 4597 1066 4652; x_wconf 88' lang='lat' dir='ltr'><strong>factam</strong></span> <span class='ocrx_word' id='word_1_449' title='bbox 1124 4614 1248 4654; x_wconf 90' lang='lat' dir='ltr'><strong>esse</strong></span> <span class='ocrx_word' id='word_1_450' title='bbox 1298 4600 1612 4654; x_wconf 90' lang='lat' dir='ltr'><strong>hominibus</strong></span> <span class='ocrx_word' id='word_1_451' title='bbox 1661 4616 1728 4655; x_wconf 78' lang='lat' dir='ltr'><strong>ex</strong></span> <span class='ocrx_word' id='word_1_452' title='bbox 1781 4601 2061 4671; x_wconf 88' lang='lat' dir='ltr'><strong>Scriptura</strong></span> 
     </span>
    </p>
   </div>
   <div class='ocr_carea' id='block_1_65' title="bbox 481 4687 2060 4760">
    <p class='ocr_par' dir='ltr' id='par_1_65' title="bbox 481 4687 2060 4760">
     <span class='ocr_line' id='line_1_65' title="bbox 481 4687 2060 4760; baseline 0.002 -17"><span class='ocrx_word' id='word_1_453' title='bbox 481 4687 814 4754; x_wconf 88' lang='lat' dir='ltr'><strong>didicimus;</strong></span> <span class='ocrx_word' id='word_1_454' title='bbox 859 4703 1037 4756; x_wconf 87' lang='lat' dir='ltr'><strong>neque</strong></span> <span class='ocrx_word' id='word_1_455' title='bbox 1086 4698 1375 4758; x_wconf 86' lang='lat' dir='ltr'><strong>postquam</strong></span> <span class='ocrx_word' id='word_1_456' title='bbox 1429 4691 1482 4744; x_wconf 87' lang='lat' dir='ltr'><strong>in</strong></span> <span class='ocrx_word' id='word_1_457' title='bbox 1523 4691 1704 4746; x_wconf 82' lang='lat' dir='ltr'><strong>varias</strong></span> <span class='ocrx_word' id='word_1_458' title='bbox 1755 4692 2060 4760; x_wconf 73' lang='lat' dir='ltr'><strong>linguarum</strong></span> 
     </span>
    </p>
   </div>
   <div class='ocr_carea' id='block_1_66' title="bbox 485 4774 2061 4851">
    <p class='ocr_par' dir='ltr' id='par_1_66' title="bbox 485 4774 2061 4851">
     <span class='ocr_line' id='line_1_66' title="bbox 485 4774 2061 4851; baseline 0.005 -21"><span class='ocrx_word' id='word_1_459' title='bbox 485 4774 823 4830; x_wconf 67' lang='lat' dir='ltr'><strong>differentias</strong></span> <span class='ocrx_word' id='word_1_460' title='bbox 871 4776 1145 4845; x_wconf 86' lang='lat' dir='ltr'><strong>dispertiti</strong></span> <span class='ocrx_word' id='word_1_461' title='bbox 1205 4777 1425 4832; x_wconf 85' lang='lat' dir='ltr'><strong>fuerunt</strong></span> <span class='ocrx_word' id='word_1_462' title='bbox 1473 4780 1740 4846; x_wconf 88' lang='lat' dir='ltr'><strong>homines,</strong></span> <span class='ocrx_word' id='word_1_463' title='bbox 1787 4783 2061 4851; x_wconf 88' lang='lat' dir='ltr'><strong>quomodo</strong></span> 
     </span>
    </p>
   </div>
   <div class='ocr_carea' id='block_1_67' title="bbox 485 4867 2062 4940">
    <p class='ocr_par' dir='ltr' id='par_1_67' title="bbox 485 4867 2062 4940">
     <span class='ocr_line' id='line_1_67' title="bbox 485 4867 2062 4940; baseline 0.006 -20"><span class='ocrx_word' id='word_1_464' title='bbox 485 4867 725 4938; x_wconf 80' lang='lat' dir='ltr'><strong>quisque.</strong></span> <span class='ocrx_word' id='word_1_465' title='bbox 781 4870 1094 4937; x_wconf 85' lang='lat' dir='ltr'><strong>loqueretur</strong></span> <span class='ocrx_word' id='word_1_466' title='bbox 1139 4867 1323 4923; x_wconf 88' lang='lat' dir='ltr'><strong>divina</strong></span> <span class='ocrx_word' id='word_1_467' title='bbox 1358 4871 1442 4924; x_wconf 87' lang='lat' dir='ltr'><strong>lex</strong></span> <span class='ocrx_word' id='word_1_468' title='bbox 1483 4873 1800 4940; x_wconf 70' lang='lat' dir='ltr'><strong>praestituit,</strong></span> <span class='ocrx_word' id='word_1_469' title='bbox 1843 4873 1937 4927; x_wconf 87' lang='lat' dir='ltr'><strong>sed</strong></span> <span class='ocrx_word' id='word_1_470' title='bbox 1966 4890 2062 4929; x_wconf 87' lang='lat' dir='ltr'><strong>vo-</strong></span> 
     </span>
    </p>
   </div>
   <div class='ocr_carea' id='block_1_68' title="bbox 485 4960 2057 5044">
    <p class='ocr_par' dir='ltr' id='par_1_68' title="bbox 485 4960 2057 5035">
     <span class='ocr_line' id='line_1_68' title="bbox 485 4960 2057 5035; baseline 0.004 -22"><span class='ocrx_word' id='word_1_471' title='bbox 485 4961 605 5016; x_wconf 89' lang='lat' dir='ltr'><strong>lens</strong></span> <span class='ocrx_word' id='word_1_472' title='bbox 648 4960 792 5015; x_wconf 88' lang='lat' dir='ltr'><strong>Deus</strong></span> <span class='ocrx_word' id='word_1_473' title='bbox 842 4961 1096 5016; x_wconf 86' lang='lat' dir='ltr'><strong>homines</strong></span> <span class='ocrx_word' id='word_1_474' title='bbox 1145 4963 1378 5018; x_wconf 86' lang='lat' dir='ltr'><strong>diversis</strong></span> <span class='ocrx_word' id='word_1_475' title='bbox 1423 4965 1502 5017; x_wconf 87' lang='lat' dir='ltr'><strong>uti</strong></span> <span class='ocrx_word' id='word_1_476' title='bbox 1534 4965 1758 5035; x_wconf 81' lang='lat' dir='ltr'><strong>linguis,</strong></span> <span class='ocrx_word' id='word_1_477' title='bbox 1806 4976 2057 5020; x_wconf 88' lang='lat' dir='ltr'><strong>naturam</strong></span> 
     </span>
    </p>
   </div>
   <div class='ocr_carea' id='block_1_69' title="bbox 483 5051 2077 5126">
    <p class='ocr_par' dir='ltr' id='par_1_69' title="bbox 483 5051 2077 5126">
     <span class='ocr_line' id='line_1_69' title="bbox 483 5051 2077 5126; baseline 0.007 -23"><span class='ocrx_word' id='word_1_478' title='bbox 483 5051 715 5117; x_wconf 88' lang='lat' dir='ltr'><strong>dimisit,</strong></span> <span class='ocrx_word' id='word_1_479' title='bbox 771 5059 829 5105; x_wconf 91' lang='lat' dir='ltr'><strong>ut</strong></span> <span class='ocrx_word' id='word_1_480' title='bbox 879 5061 1130 5122; x_wconf 79' lang='lat' dir='ltr'><strong>pergeret</strong></span> <span class='ocrx_word' id='word_1_481' title='bbox 1184 5069 1282 5122; x_wconf 90' lang='lat' dir='ltr'><strong>pro</strong></span> <span class='ocrx_word' id='word_1_482' title='bbox 1338 5055 1566 5110; x_wconf 89' lang='lat' dir='ltr'><strong>arbitrio</strong></span> <span class='ocrx_word' id='word_1_483' title='bbox 1616 5057 1759 5126; x_wconf 83' lang='lat' dir='ltr'><strong>apud</strong></span> <span class='ocrx_word' id='word_1_484' title='bbox 1815 5057 2077 5126; x_wconf 80' lang='lat' dir='ltr'><strong>singulos</strong></span> 
     </span>
    </p>
   </div>
   <div class='ocr_carea' id='block_1_70' title="bbox 483 5143 2054 5217">
    <p class='ocr_par' dir='ltr' id='par_1_70' title="bbox 483 5143 2054 5217">
     <span class='ocr_line' id='line_1_70' title="bbox 483 5143 2054 5217; baseline 0.004 -19"><span class='ocrx_word' id='word_1_485' title='bbox 483 5158 684 5198; x_wconf 85' lang='lat' dir='ltr'><strong>sonum</strong></span> <span class='ocrx_word' id='word_1_486' title='bbox 759 5143 1060 5199; x_wconf 86' lang='lat' dir='ltr'><strong>articulare</strong></span> <span class='ocrx_word' id='word_1_487' title='bbox 1119 5144 1186 5199; x_wconf 91' lang='lat' dir='ltr'><strong>ad</strong></span> <span class='ocrx_word' id='word_1_488' title='bbox 1248 5148 1686 5217; x_wconf 85' lang='lat' dir='ltr'><strong>explanationem</strong></span> <span class='ocrx_word' id='word_1_489' title='bbox 1752 5149 2054 5205; x_wconf 89' lang='lat' dir='ltr'><strong>hominum.</strong></span> 
     </span>
    </p>
   </div>
   <div class='ocr_carea' id='block_1_71' title="bbox 484 5234 2059 5308">
    <p class='ocr_par' dir='ltr' id='par_1_71' title="bbox 484 5234 2059 5308">
     <span class='ocr_line' id='line_1_71' title="bbox 484 5234 2059 5308; baseline 0.002 -18"><span class='ocrx_word' id='word_1_490' title='bbox 484 5236 675 5306; x_wconf 83' lang='lat' dir='ltr'><strong>Itaque</strong></span> <span class='ocrx_word' id='word_1_491' title='bbox 716 5234 917 5299; x_wconf 83' lang='lat' dir='ltr'><strong>Moses,</strong></span> <span class='ocrx_word' id='word_1_492' title='bbox 965 5237 1155 5292; x_wconf 84' lang='lat' dir='ltr'><strong>multis</strong></span> <span class='ocrx_word' id='word_1_493' title='bbox 1202 5239 1421 5293; x_wconf 68' lang='lat' dir='ltr'><strong>saeculis</strong></span> <span class='ocrx_word' id='word_1_494' title='bbox 1469 5247 1592 5308; x_wconf 88' lang='lat' dir='ltr'><strong>post</strong></span> <span class='ocrx_word' id='word_1_495' title='bbox 1628 5239 1797 5293; x_wconf 91' lang='lat' dir='ltr'><strong>turris</strong></span> <span class='ocrx_word' id='word_1_496' title='bbox 1827 5240 2059 5294; x_wconf 66' lang='lat' dir='ltr'><strong>aedifica-</strong></span> 
     </span>
    </p>
   </div>
   <div class='ocr_carea' id='block_1_72' title="bbox 481 5326 2056 5400">
    <p class='ocr_par' dir='ltr' id='par_1_72' title="bbox 481 5326 2056 5400">
     <span class='ocr_line' id='line_1_72' title="bbox 481 5326 2056 5400; baseline 0.004 -20"><span class='ocrx_word' id='word_1_497' title='bbox 481 5326 688 5381; x_wconf 87' lang='lat' dir='ltr'><strong>tionem</strong></span> <span class='ocrx_word' id='word_1_498' title='bbox 741 5334 926 5393; x_wconf 80' lang='lat' dir='ltr'><strong>natus,</strong></span> <span class='ocrx_word' id='word_1_499' title='bbox 959 5341 1091 5380; x_wconf 73' lang='lat' dir='ltr'><strong>&#39;una</strong></span> <span class='ocrx_word' id='word_1_500' title='bbox 1140 5342 1203 5382; x_wconf 81' lang='lat' dir='ltr'><strong>ex</strong></span> <span class='ocrx_word' id='word_1_501' title='bbox 1251 5329 1651 5398; x_wconf 89' lang='lat' dir='ltr'><strong>posterioribus</strong></span> <span class='ocrx_word' id='word_1_502' title='bbox 1706 5330 1888 5400; x_wconf 75' lang='lat' dir='ltr'><strong>lingua</strong></span> <span class='ocrx_word' id='word_1_503' title='bbox 1924 5346 2056 5386; x_wconf 88' lang='lat' dir='ltr'><strong>usus</strong></span> 
     </span>
    </p>
   </div>
   <div class='ocr_carea' id='block_1_73' title="bbox 481 5417 2060 5489">
    <p class='ocr_par' dir='ltr' id='par_1_73' title="bbox 481 5417 2060 5489">
     <span class='ocr_line' id='line_1_73' title="bbox 481 5417 2060 5489; baseline 0 -15"><span class='ocrx_word' id='word_1_504' title='bbox 481 5425 590 5484; x_wconf 71' lang='lat' dir='ltr'><strong>est,</strong></span> <span class='ocrx_word' id='word_1_505' title='bbox 645 5417 911 5473; x_wconf 86' lang='lat' dir='ltr'><strong>historice</strong></span> <span class='ocrx_word' id='word_1_506' title='bbox 947 5417 1110 5474; x_wconf 90' lang='lat' dir='ltr'><strong>nobis</strong></span> <span class='ocrx_word' id='word_1_507' title='bbox 1153 5420 1344 5474; x_wconf 92' lang='lat' dir='ltr'><strong>mundi</strong></span> <span class='ocrx_word' id='word_1_508' title='bbox 1374 5419 1708 5474; x_wconf 89' lang='lat' dir='ltr'><strong>creationem</strong></span> <span class='ocrx_word' id='word_1_509' title='bbox 1759 5435 2060 5489; x_wconf 83' lang='lat' dir='ltr'><strong>exponens.</strong></span> 
     </span>
    </p>
   </div>
   <div class='ocr_carea' id='block_1_74' title="bbox 479 5509 2065 5582">
    <p class='ocr_par' dir='ltr' id='par_1_74' title="bbox 479 5509 2065 5582">
     <span class='ocr_line' id='line_1_74' title="bbox 479 5509 2065 5582; baseline 0.003 -18"><span class='ocrx_word' id='word_1_510' title='bbox 479 5517 646 5580; x_wconf 77' lang='lat' dir='ltr'><strong>atque</strong></span> <span class='ocrx_word' id='word_1_511' title='bbox 684 5509 899 5579; x_wconf 89' lang='lat' dir='ltr'><strong>aliquas</strong></span> <span class='ocrx_word' id='word_1_512' title='bbox 929 5524 1092 5565; x_wconf 86' lang='lat' dir='ltr'><strong>voces</strong></span> <span class='ocrx_word' id='word_1_513' title='bbox 1124 5509 1235 5565; x_wconf 91' lang='lat' dir='ltr'><strong>Deo</strong></span> <span class='ocrx_word' id='word_1_514' title='bbox 1275 5511 1533 5580; x_wconf 89' lang='lat' dir='ltr'><strong>applicat,</strong></span> <span class='ocrx_word' id='word_1_515' title='bbox 1581 5528 1680 5568; x_wconf 88' lang='lat' dir='ltr'><strong>sua</strong></span> <span class='ocrx_word' id='word_1_516' title='bbox 1730 5515 1901 5582; x_wconf 79' lang='lat' dir='ltr'><strong>Ipsius</strong></span> <span class='ocrx_word' id='word_1_517' title='bbox 1934 5529 2065 5568; x_wconf 76' lang='lat' dir='ltr'><strong>vote</strong></span> 
     </span>
    </p>
   </div>
   <div class='ocr_carea' id='block_1_75' title="bbox 479 5601 2063 5673">
    <p class='ocr_par' dir='ltr' id='par_1_75' title="bbox 479 5601 2063 5673">
     <span class='ocr_line' id='line_1_75' title="bbox 479 5601 2063 5673; baseline 0.002 -14"><span class='ocrx_word' id='word_1_518' title='bbox 479 5602 538 5659; x_wconf 72' lang='lat' dir='ltr'><strong>in</strong></span> <span class='ocrx_word' id='word_1_519' title='bbox 585 5618 692 5673; x_wconf 89' lang='lat' dir='ltr'><strong>qua</strong></span> <span class='ocrx_word' id='word_1_520' title='bbox 743 5602 1031 5658; x_wconf 90' lang='lat' dir='ltr'><strong>institutus</strong></span> <span class='ocrx_word' id='word_1_521' title='bbox 1084 5601 1190 5657; x_wconf 91' lang='lat' dir='ltr'><strong>fuit</strong></span> <span class='ocrx_word' id='word_1_522' title='bbox 1238 5612 1293 5660; x_wconf 90' lang='lat' dir='ltr'><strong>et</strong></span> <span class='ocrx_word' id='word_1_523' title='bbox 1335 5613 1590 5661; x_wconf 88' lang='lat' dir='ltr'><strong>assuetus</strong></span> <span class='ocrx_word' id='word_1_524' title='bbox 1627 5606 1741 5661; x_wconf 72' lang='lat' dir='ltr'><strong>haec</strong></span> <span class='ocrx_word' id='word_1_525' title='bbox 1773 5620 2063 5673; x_wconf 89' lang='lat' dir='ltr'><strong>cnarrans,</strong></span> 
     </span>
    </p>
   </div>
   <div class='ocr_carea' id='block_1_76' title="bbox 570 5784 1132 5858">
    <p class='ocr_par' dir='ltr' id='par_1_76' title="bbox 570 5784 1132 5858">
     <span class='ocr_line' id='line_1_76' title="bbox 570 5784 1132 5858; baseline 0.002 -20"><span class='ocrx_word' id='word_1_526' title='bbox 570 5787 616 5817; x_wconf 72' lang='grc' dir='ltr'><strong>δ’</strong></span> <span class='ocrx_word' id='word_1_527' title='bbox 648 5784 784 5840; x_wconf 80' lang='lat' dir='ltr'><strong>Gen.</strong></span> <span class='ocrx_word' id='word_1_528' title='bbox 816 5799 890 5848; x_wconf 68' lang='grc' dir='ltr'><strong>τι,</strong></span> <span class='ocrx_word' id='word_1_529' title='bbox 930 5785 978 5851; x_wconf 81' lang='grc' dir='ltr'><strong>ι,</strong></span> <span class='ocrx_word' id='word_1_530' title='bbox 1011 5802 1132 5858; x_wconf 81' lang='lat' dir='ltr'><strong>sqq.</strong></span> 
     </span>
    </p>
   </div>
   <div class='ocr_carea' id='block_1_77' title="bbox 2165 1949 3738 2021">
    <p class='ocr_par' dir='ltr' id='par_1_77' title="bbox 2165 1949 3738 2021">
     <span class='ocr_line' id='line_1_77' title="bbox 2165 1949 3738 2021; baseline 0.003 -19"><span class='ocrx_word' id='word_1_531' title='bbox 2165 1951 2260 2002; x_wconf 73' lang='grc' dir='ltr'><strong>καὶ</strong></span> <span class='ocrx_word' id='word_1_532' title='bbox 2296 1949 2448 2003; x_wconf 78' lang='grc' dir='ltr'>οὐδὲν</span> <span class='ocrx_word' id='word_1_533' title='bbox 2492 1951 2628 2021; x_wconf 79' lang='grc' dir='ltr'>πρὸς</span> <span class='ocrx_word' id='word_1_534' title='bbox 2670 1951 2767 2014; x_wconf 76' lang='grc' dir='ltr'><strong>τὰς</strong></span> <span class='ocrx_word' id='word_1_535' title='bbox 2807 1949 3068 2021; x_wconf 74' lang='grc' dir='ltr'>διαφορὰς</span> <span class='ocrx_word' id='word_1_536' title='bbox 3115 1951 3222 2003; x_wconf 85' lang='grc' dir='ltr'><strong>τῶν</strong></span> <span class='ocrx_word' id='word_1_537' title='bbox 3263 1952 3595 2021; x_wconf 84' lang='grc' dir='ltr'>μετεχόντων</span> <span class='ocrx_word' id='word_1_538' title='bbox 3641 1954 3738 2006; x_wconf 85' lang='grc' dir='ltr'>ἀλ-</span> 
     </span>
    </p>
   </div>
   <div class='ocr_carea' id='block_1_78' title="bbox 2163 2039 3738 2114">
    <p class='ocr_par' dir='ltr' id='par_1_78' title="bbox 2163 2039 3738 2114">
     <span class='ocr_line' id='line_1_78' title="bbox 2163 2039 3738 2114; baseline 0.002 -22"><span class='ocrx_word' id='word_1_539' title='bbox 2163 2039 2481 2110; x_wconf 82' lang='grc' dir='ltr'><strong>λοιουμένη⁹</strong></span> <span class='ocrx_word' id='word_1_540' title='bbox 2526 2040 2699 2103; x_wconf 75' lang='grc' dir='ltr'>οὕτως</span> <span class='ocrx_word' id='word_1_541' title='bbox 2737 2041 2891 2110; x_wconf 78' lang='grc' dir='ltr'>καὶὴ</span> <span class='ocrx_word' id='word_1_542' title='bbox 2927 2041 3036 2093; x_wconf 88' lang='grc' dir='ltr'><strong>τῶν</strong></span> <span class='ocrx_word' id='word_1_543' title='bbox 3073 2041 3350 2110; x_wconf 79' lang='grc' dir='ltr'><strong>ὀνομάτων</strong></span> <span class='ocrx_word' id='word_1_544' title='bbox 3383 2041 3548 2108; x_wconf 83' lang='grc' dir='ltr'>θέσις,</span> <span class='ocrx_word' id='word_1_545' title='bbox 3581 2043 3738 2114; x_wconf 79' lang='grc' dir='ltr'>εἴπερ</span> 
     </span>
    </p>
   </div>
   <div class='ocr_carea' id='block_1_79' title="bbox 2161 2129 3738 2206">
    <p class='ocr_par' dir='ltr' id='par_1_79' title="bbox 2161 2129 3738 2206">
     <span class='ocr_line' id='line_1_79' title="bbox 2161 2129 3738 2206; baseline -0.002 -19"><span class='ocrx_word' id='word_1_546' title='bbox 2161 2129 2228 2206; x_wconf 82' lang='grc' dir='ltr'>ἦν</span> <span class='ocrx_word' id='word_1_547' title='bbox 2255 2135 2319 2186; x_wconf 86' lang='grc' dir='ltr'><strong>ἐκ</strong></span> <span class='ocrx_word' id='word_1_548' title='bbox 2351 2134 2444 2186; x_wconf 75' lang='grc' dir='ltr'><strong>τοῦ</strong></span> <span class='ocrx_word' id='word_1_549' title='bbox 2471 2134 2605 2187; x_wconf 81' lang='grc' dir='ltr'>Θεοῦ</span> <span class='ocrx_word' id='word_1_550' title='bbox 2639 2137 2751 2194; x_wconf 87' lang='grc' dir='ltr'>τοῖς</span> <span class='ocrx_word' id='word_1_551' title='bbox 2780 2135 3099 2204; x_wconf 79' lang='grc' dir='ltr'>πράγμασιν</span> <span class='ocrx_word' id='word_1_552' title='bbox 3130 2134 3541 2204; x_wconf 83' lang='grc' dir='ltr'>ἐφηρμοσμένη,</span> <span class='ocrx_word' id='word_1_553' title='bbox 3572 2137 3738 2187; x_wconf 78' lang='grc' dir='ltr'>πᾶσιν</span> 
     </span>
    </p>
   </div>
   <div class='ocr_carea' id='block_1_80' title="bbox 2164 2221 3742 2298">
    <p class='ocr_par' dir='ltr' id='par_1_80' title="bbox 2164 2221 3742 2298">
     <span class='ocr_line' id='line_1_80' title="bbox 2164 2221 3742 2298; baseline 0.001 -20"><span class='ocrx_word' id='word_1_554' title='bbox 2164 2226 2230 2278; x_wconf 79' lang='grc' dir='ltr'><strong>ἂν</strong></span> <span class='ocrx_word' id='word_1_555' title='bbox 2260 2228 2293 2297; x_wconf 80' lang='grc' dir='ltr'>ἡ</span> <span class='ocrx_word' id='word_1_556' title='bbox 2324 2226 2462 2296; x_wconf 81' lang='grc' dir='ltr'>αὑτὴ</span> <span class='ocrx_word' id='word_1_557' title='bbox 2485 2221 2570 2298; x_wconf 74' lang='grc' dir='ltr'><strong>ἦν.</strong></span> <span class='ocrx_word' id='word_1_558' title='bbox 2602 2224 2736 2278; x_wconf 80' lang='grc' dir='ltr'>Νυνὶ</span> <span class='ocrx_word' id='word_1_559' title='bbox 2765 2225 2821 2278; x_wconf 82' lang='grc' dir='ltr'>δὲ</span> <span class='ocrx_word' id='word_1_560' title='bbox 2849 2225 2938 2278; x_wconf 75' lang='grc' dir='ltr'><strong>τὸν</strong></span> <span class='ocrx_word' id='word_1_561' title='bbox 2962 2224 3070 2278; x_wconf 87' lang='grc' dir='ltr'><strong>τῶν</strong></span> <span class='ocrx_word' id='word_1_562' title='bbox 3098 2225 3436 2296; x_wconf 82' lang='grc' dir='ltr'>πραγμάτων</span> <span class='ocrx_word' id='word_1_563' title='bbox 3456 2226 3489 2296; x_wconf 81' lang='grc' dir='ltr'><strong>ή</strong></span> <span class='ocrx_word' id='word_1_564' title='bbox 3513 2225 3669 2296; x_wconf 68' lang='grc' dir='ltr'>φίσις</span> <span class='ocrx_word' id='word_1_565' title='bbox 3687 2225 3742 2280; x_wconf 76' lang='grc' dir='ltr'><strong>ἆ-</strong></span> 
     </span>
    </p>
   </div>
   <div class='ocr_carea' id='block_1_81' title="bbox 2162 2313 3736 2388">
    <p class='ocr_par' dir='ltr' id='par_1_81' title="bbox 2162 2313 3736 2388">
     <span class='ocr_line' id='line_1_81' title="bbox 2162 2313 3736 2388; baseline -0.004 -18"><span class='ocrx_word' id='word_1_566' title='bbox 2162 2334 2223 2370; x_wconf 88' lang='grc' dir='ltr'><strong>τε</strong></span> <span class='ocrx_word' id='word_1_567' title='bbox 2244 2317 2308 2388; x_wconf 81' lang='grc' dir='ltr'>δὴ</span> <span class='ocrx_word' id='word_1_568' title='bbox 2328 2317 2478 2388; x_wconf 87' lang='grc' dir='ltr'><strong>παρά</strong></span> <span class='ocrx_word' id='word_1_569' title='bbox 2506 2315 2599 2369; x_wconf 80' lang='grc' dir='ltr'><strong>τοῦ</strong></span> <span class='ocrx_word' id='word_1_570' title='bbox 2620 2315 2754 2368; x_wconf 78' lang='grc' dir='ltr'>Θεοῦ</span> <span class='ocrx_word' id='word_1_571' title='bbox 2785 2317 3083 2385; x_wconf 79' lang='grc' dir='ltr'>πεπηγυῖα,</span> <span class='ocrx_word' id='word_1_572' title='bbox 3119 2316 3270 2386; x_wconf 85' lang='grc' dir='ltr'>μένει</span> <span class='ocrx_word' id='word_1_573' title='bbox 3295 2315 3568 2385; x_wconf 81' lang='grc' dir='ltr'>ἀκίνητος,</span> <span class='ocrx_word' id='word_1_574' title='bbox 3595 2315 3648 2365; x_wconf 89' lang='grc' dir='ltr'><strong>αί</strong></span> <span class='ocrx_word' id='word_1_575' title='bbox 3679 2313 3736 2365; x_wconf 82' lang='grc' dir='ltr'>δὲ</span> 
     </span>
    </p>
   </div>
   <div class='ocr_carea' id='block_1_82' title="bbox 2166 2403 3736 2480">
    <p class='ocr_par' dir='ltr' id='par_1_82' title="bbox 2166 2403 3736 2480">
     <span class='ocr_line' id='line_1_82' title="bbox 2166 2403 3736 2480; baseline -0.003 -20"><span class='ocrx_word' id='word_1_576' title='bbox 2166 2409 2498 2478; x_wconf 80' lang='grc' dir='ltr'>σημαντικαὶ</span> <span class='ocrx_word' id='word_1_577' title='bbox 2525 2407 2730 2460; x_wconf 84' lang='grc' dir='ltr'>τούτων</span> <span class='ocrx_word' id='word_1_578' title='bbox 2777 2407 2952 2476; x_wconf 74' lang='grc' dir='ltr'>φωναὶ</span> <span class='ocrx_word' id='word_1_579' title='bbox 2998 2407 3135 2480; x_wconf 79' lang='grc' dir='ltr'>πρὸς</span> <span class='ocrx_word' id='word_1_580' title='bbox 3179 2406 3444 2469; x_wconf 71' lang='grc' dir='ltr'>τοσαύτας</span> <span class='ocrx_word' id='word_1_581' title='bbox 3476 2403 3736 2472; x_wconf 84' lang='grc' dir='ltr'>γλωσσῶν</span> 
     </span>
    </p>
   </div>
   <div class='ocr_carea' id='block_1_83' title="bbox 2161 2495 3736 2571">
    <p class='ocr_par' dir='ltr' id='par_1_83' title="bbox 2161 2495 3736 2571">
     <span class='ocr_line' id='line_1_83' title="bbox 2161 2495 3736 2571; baseline -0.004 -17"><span class='ocrx_word' id='word_1_582' title='bbox 2161 2500 2423 2571; x_wconf 77' lang='grc' dir='ltr'>διαφορὰς</span> <span class='ocrx_word' id='word_1_583' title='bbox 2462 2498 2878 2570; x_wconf 81' lang='grc' dir='ltr'>διεσχίσθησαν,</span> <span class='ocrx_word' id='word_1_584' title='bbox 2927 2500 3004 2562; x_wconf 86' lang='grc' dir='ltr'>ὼς</span> <span class='ocrx_word' id='word_1_585' title='bbox 3053 2499 3186 2569; x_wconf 82' lang='grc' dir='ltr'>μηδὲ</span> <span class='ocrx_word' id='word_1_586' title='bbox 3239 2495 3643 2568; x_wconf 78' lang='grc' dir='ltr'>ἀριθμήσασθαι</span> <span class='ocrx_word' id='word_1_587' title='bbox 3674 2495 3736 2548; x_wconf 78' lang='grc' dir='ltr'><strong>τὸ</strong></span> 
     </span>
    </p>
   </div>
   <div class='ocr_carea' id='block_1_84' title="bbox 2162 2585 3736 2664">
    <p class='ocr_par' dir='ltr' id='par_1_84' title="bbox 2162 2585 3736 2664">
     <span class='ocr_line' id='line_1_84' title="bbox 2162 2585 3736 2664; baseline -0.003 -20"><span class='ocrx_word' id='word_1_588' title='bbox 2162 2593 2364 2664; x_wconf 79' lang='grc' dir='ltr'>πλῆθος</span> <span class='ocrx_word' id='word_1_589' title='bbox 2400 2591 2620 2646; x_wconf 75' lang='grc' dir='ltr'>εὔκολον</span> <span class='ocrx_word' id='word_1_590' title='bbox 2656 2585 2814 2644; x_wconf 80' lang='grc' dir='ltr'>εἶναι.</span> <span class='ocrx_word' id='word_1_591' title='bbox 2847 2592 2908 2643; x_wconf 82' lang='lat' dir='ltr'><strong>El</strong></span> <span class='ocrx_word' id='word_1_592' title='bbox 2937 2591 2994 2643; x_wconf 84' lang='grc' dir='ltr'><strong>δέ</strong></span> <span class='ocrx_word' id='word_1_593' title='bbox 3027 2607 3110 2652; x_wconf 90' lang='grc' dir='ltr'><strong>τις</strong></span> <span class='ocrx_word' id='word_1_594' title='bbox 3146 2589 3243 2660; x_wconf 71' lang='grc' dir='ltr'>τὴν</span> <span class='ocrx_word' id='word_1_595' title='bbox 3265 2589 3358 2641; x_wconf 70' lang='grc' dir='ltr'><strong>ἐπὶ</strong></span> <span class='ocrx_word' id='word_1_596' title='bbox 3392 2587 3488 2656; x_wconf 86' lang='grc' dir='ltr'><strong>τῆς</strong></span> <span class='ocrx_word' id='word_1_597' title='bbox 3528 2603 3736 2654; x_wconf 88' lang='grc' dir='ltr'>πυργο-</span> 
     </span>
    </p>
   </div>
   <div class='ocr_carea' id='block_1_85' title="bbox 2162 2675 3739 2752">
    <p class='ocr_par' dir='ltr' id='par_1_85' title="bbox 2162 2675 3739 2752">
     <span class='ocr_line' id='line_1_85' title="bbox 2162 2675 3739 2752; baseline -0.008 -15"><span class='ocrx_word' id='word_1_598' title='bbox 2162 2685 2345 2746; x_wconf 60' lang='lat' dir='ltr'><strong>netia;</strong></span> <span class='ocrx_word' id='word_1_599' title='bbox 2389 2682 2669 2752; x_wconf 83' lang='grc' dir='ltr'>σύγχυσιν,</span> <span class='ocrx_word' id='word_1_600' title='bbox 2719 2681 2795 2744; x_wconf 88' lang='grc' dir='ltr'>ὡς</span> <span class='ocrx_word' id='word_1_601' title='bbox 2836 2679 3251 2750; x_wconf 80' lang='grc' dir='ltr'>ἐναντιουμένην</span> <span class='ocrx_word' id='word_1_602' title='bbox 3283 2677 3395 2739; x_wconf 85' lang='grc' dir='ltr'>τοῖς</span> <span class='ocrx_word' id='word_1_603' title='bbox 3427 2675 3739 2746; x_wconf 84' lang='grc' dir='ltr'>εἰρημένοις</span> 
     </span>
    </p>
   </div>
   <div class='ocr_carea' id='block_1_86' title="bbox 2164 2766 3736 2849">
    <p class='ocr_par' dir='ltr' id='par_1_86' title="bbox 2164 2766 3736 2849">
     <span class='ocr_line' id='line_1_86' title="bbox 2164 2766 3736 2849; baseline -0.008 -19"><span class='ocrx_word' id='word_1_604' title='bbox 2164 2777 2458 2849; x_wconf 81' lang='grc' dir='ltr'>προφέρει,</span> <span class='ocrx_word' id='word_1_605' title='bbox 2504 2774 2622 2827; x_wconf 79' lang='grc' dir='ltr'>οὐδὲ</span> <span class='ocrx_word' id='word_1_606' title='bbox 2661 2775 2777 2827; x_wconf 83' lang='grc' dir='ltr'>ἐκεῖ</span> <span class='ocrx_word' id='word_1_607' title='bbox 2819 2775 2990 2826; x_wconf 81' lang='grc' dir='ltr'>ποιεῖν</span> <span class='ocrx_word' id='word_1_608' title='bbox 3032 2771 3246 2839; x_wconf 86' lang='grc' dir='ltr'>λέγεται</span> <span class='ocrx_word' id='word_1_609' title='bbox 3273 2767 3522 2838; x_wconf 86' lang='grc' dir='ltr'>γλώσσας</span> <span class='ocrx_word' id='word_1_610' title='bbox 3547 2771 3576 2822; x_wconf 83' lang='grc' dir='ltr'>ὁ</span> <span class='ocrx_word' id='word_1_611' title='bbox 3604 2766 3736 2828; x_wconf 67' lang='grc' dir='ltr'>Θεὸς</span> 
     </span>
    </p>
   </div>
   <div class='ocr_carea' id='block_1_87' title="bbox 2161 2857 3736 2940">
    <p class='ocr_par' dir='ltr' id='par_1_87' title="bbox 2161 2857 3736 2940">
     <span class='ocr_line' id='line_1_87' title="bbox 2161 2857 3736 2940; baseline -0.008 -18"><span class='ocrx_word' id='word_1_612' title='bbox 2161 2869 2270 2924; x_wconf 84' lang='grc' dir='ltr'><strong>τῶν</strong></span> <span class='ocrx_word' id='word_1_613' title='bbox 2307 2867 2632 2940; x_wconf 87' lang='grc' dir='ltr'>ἀνθρώπων,</span> <span class='ocrx_word' id='word_1_614' title='bbox 2677 2866 2813 2919; x_wconf 85' lang='grc' dir='ltr'>ἀλλὰ</span> <span class='ocrx_word' id='word_1_615' title='bbox 2849 2867 3067 2935; x_wconf 85' lang='grc' dir='ltr'>συγχεῖν</span> <span class='ocrx_word' id='word_1_616' title='bbox 3109 2863 3205 2934; x_wconf 82' lang='grc' dir='ltr'>τὴν</span> <span class='ocrx_word' id='word_1_617' title='bbox 3231 2858 3394 2915; x_wconf 80' lang='grc' dir='ltr'>οὖσαν</span> <span class='ocrx_word' id='word_1_618' title='bbox 3438 2861 3512 2922; x_wconf 85' lang='grc' dir='ltr'><strong>ὡς</strong></span> <span class='ocrx_word' id='word_1_619' title='bbox 3560 2858 3625 2912; x_wconf 81' lang='grc' dir='ltr'>ἂν</span> <span class='ocrx_word' id='word_1_620' title='bbox 3661 2857 3736 2928; x_wconf 84' lang='grc' dir='ltr'>μὴ</span> 
     </span>
    </p>
   </div>
   <div class='ocr_carea' id='block_1_88' title="bbox 2163 2949 3735 3025">
    <p class='ocr_par' dir='ltr' id='par_1_88' title="bbox 2163 2949 3735 3025">
     <span class='ocr_line' id='line_1_88' title="bbox 2163 2949 3735 3025; baseline -0.007 -12"><span class='ocrx_word' id='word_1_621' title='bbox 2163 2961 2362 3024; x_wconf 78' lang='grc' dir='ltr'>πάντες</span> <span class='ocrx_word' id='word_1_622' title='bbox 2405 2959 2622 3012; x_wconf 86' lang='grc' dir='ltr'>πάντων</span> <span class='ocrx_word' id='word_1_623' title='bbox 2663 2957 2932 3012; x_wconf 78' lang='grc' dir='ltr'>ἀκούοιεν.</span> <span class='ocrx_word' id='word_1_624' title='bbox 2966 2957 3114 3019; x_wconf 81' lang='grc' dir='ltr'>Ἕως</span> <span class='ocrx_word' id='word_1_625' title='bbox 3159 2954 3266 3025; x_wconf 81' lang='grc' dir='ltr'>γὰρ</span> <span class='ocrx_word' id='word_1_626' title='bbox 3313 2949 3381 3023; x_wconf 82' lang='grc' dir='ltr'>ἦν</span> <span class='ocrx_word' id='word_1_627' title='bbox 3424 2954 3557 3004; x_wconf 79' lang='grc' dir='ltr'>πᾶσι</span> <span class='ocrx_word' id='word_1_628' title='bbox 3613 2952 3735 3003; x_wconf 83' lang='grc' dir='ltr'>κατ’</span> 
     </span>
    </p>
   </div>
   <div class='ocr_carea' id='block_1_89' title="bbox 2163 3040 3737 3121">
    <p class='ocr_par' dir='ltr' id='par_1_89' title="bbox 2163 3040 3737 3121">
     <span class='ocr_line' id='line_1_89' title="bbox 2163 3040 3737 3121; baseline -0.006 -18"><span class='ocrx_word' id='word_1_629' title='bbox 2163 3049 2324 3102; x_wconf 80' lang='grc' dir='ltr'>αὑτὸν</span> <span class='ocrx_word' id='word_1_630' title='bbox 2347 3053 2380 3121; x_wconf 87' lang='grc' dir='ltr'><strong>ή</strong></span> <span class='ocrx_word' id='word_1_631' title='bbox 2400 3049 2548 3121; x_wconf 73' lang='grc' dir='ltr'><strong>¹ζωὴ,</strong></span> <span class='ocrx_word' id='word_1_632' title='bbox 2578 3050 2672 3103; x_wconf 81' lang='grc' dir='ltr'>καὶ</span> <span class='ocrx_word' id='word_1_633' title='bbox 2703 3049 2854 3102; x_wconf 72' lang='grc' dir='ltr'>οὔπω</span> <span class='ocrx_word' id='word_1_634' title='bbox 2885 3047 3020 3118; x_wconf 84' lang='grc' dir='ltr'>πρὸς</span> <span class='ocrx_word' id='word_1_635' title='bbox 3052 3045 3250 3108; x_wconf 82' lang='grc' dir='ltr'>πολλὰς</span> <span class='ocrx_word' id='word_1_636' title='bbox 3279 3043 3446 3097; x_wconf 81' lang='grc' dir='ltr'>ἐθνῶν</span> <span class='ocrx_word' id='word_1_637' title='bbox 3474 3040 3737 3112; x_wconf 72' lang='grc' dir='ltr'>διαφοράς</span> 
     </span>
    </p>
   </div>
   <div class='ocr_carea' id='block_1_90' title="bbox 2162 3131 3737 3213">
    <p class='ocr_par' dir='ltr' id='par_1_90' title="bbox 2162 3131 3737 3213">
     <span class='ocr_line' id='line_1_90' title="bbox 2162 3131 3737 3213; baseline -0.007 -18"><span class='ocrx_word' id='word_1_638' title='bbox 2162 3141 2552 3213; x_wconf 80' lang='grc' dir='ltr'>ἐμερίσθησαν,</span> <span class='ocrx_word' id='word_1_639' title='bbox 2595 3142 2692 3212; x_wconf 79' lang='grc' dir='ltr'>μιᾷ</span> <span class='ocrx_word' id='word_1_640' title='bbox 2727 3140 2960 3204; x_wconf 74' lang='grc' dir='ltr'>συνέζων</span> <span class='ocrx_word' id='word_1_641' title='bbox 2997 3140 3144 3207; x_wconf 67' lang='grc' dir='ltr'>φωνῇ</span> <span class='ocrx_word' id='word_1_642' title='bbox 3179 3137 3392 3190; x_wconf 86' lang='grc' dir='ltr'>πάντων</span> <span class='ocrx_word' id='word_1_643' title='bbox 3435 3131 3737 3206; x_wconf 72' lang='grc' dir='ltr'>ἀνθρώπων</span> 
     </span>
    </p>
   </div>
   <div class='ocr_carea' id='block_1_91' title="bbox 2163 3225 3738 3305">
    <p class='ocr_par' dir='ltr' id='par_1_91' title="bbox 2163 3225 3738 3305">
     <span class='ocr_line' id='line_1_91' title="bbox 2163 3225 3738 3305; baseline -0.006 -17"><span class='ocrx_word' id='word_1_644' title='bbox 2163 3237 2224 3290; x_wconf 82' lang='grc' dir='ltr'>τὸ</span> <span class='ocrx_word' id='word_1_645' title='bbox 2254 3234 2529 3305; x_wconf 86' lang='grc' dir='ltr'>πλήρωμα</span> <span class='ocrx_word' id='word_1_646' title='bbox 2549 3249 2561 3260; x_wconf 91' lang='grc'><strong>·</strong></span> <span class='ocrx_word' id='word_1_647' title='bbox 2590 3233 2709 3285; x_wconf 72' lang='grc' dir='ltr'>ἐπεὶ</span> <span class='ocrx_word' id='word_1_648' title='bbox 2729 3232 2784 3285; x_wconf 80' lang='grc' dir='ltr'>δὲ</span> <span class='ocrx_word' id='word_1_649' title='bbox 2810 3230 2952 3283; x_wconf 83' lang='grc' dir='ltr'>κατὰ</span> <span class='ocrx_word' id='word_1_650' title='bbox 2973 3229 3121 3282; x_wconf 81' lang='grc' dir='ltr'>θείαν</span> <span class='ocrx_word' id='word_1_651' title='bbox 3149 3228 3400 3298; x_wconf 77' lang='grc' dir='ltr'>βούλησιν</span> <span class='ocrx_word' id='word_1_652' title='bbox 3425 3225 3530 3278; x_wconf 81' lang='grc' dir='ltr'>ἔδει</span> <span class='ocrx_word' id='word_1_653' title='bbox 3557 3227 3738 3278; x_wconf 82' lang='grc' dir='ltr'>πᾶσαν</span> 
     </span>
    </p>
   </div>
   <div class='ocr_carea' id='block_1_92' title="bbox 2163 3318 3737 3396">
    <p class='ocr_par' dir='ltr' id='par_1_92' title="bbox 2163 3318 3737 3396">
     <span class='ocr_line' id='line_1_92' title="bbox 2163 3318 3737 3396; baseline -0.009 -14"><span class='ocrx_word' id='word_1_654' title='bbox 2163 3327 2269 3382; x_wconf 80' lang='grc' dir='ltr'>ὑπὸ</span> <span class='ocrx_word' id='word_1_655' title='bbox 2294 3327 2404 3381; x_wconf 86' lang='grc' dir='ltr'><strong>τῶν</strong></span> <span class='ocrx_word' id='word_1_656' title='bbox 2433 3324 2734 3396; x_wconf 84' lang='grc' dir='ltr'>ἀνθρώπων</span> <span class='ocrx_word' id='word_1_657' title='bbox 2766 3321 3155 3392; x_wconf 82' lang='grc' dir='ltr'>κατοικηθῆναι</span> <span class='ocrx_word' id='word_1_658' title='bbox 3183 3321 3282 3391; x_wconf 82' lang='grc' dir='ltr'><strong>τὴν</strong></span> <span class='ocrx_word' id='word_1_659' title='bbox 3310 3320 3436 3389; x_wconf 78' lang='grc' dir='ltr'>γῆν,</span> <span class='ocrx_word' id='word_1_660' title='bbox 3461 3318 3583 3370; x_wconf 77' lang='grc' dir='ltr'>τότε</span> <span class='ocrx_word' id='word_1_661' title='bbox 3622 3318 3737 3370; x_wconf 76' lang='grc' dir='ltr'>δια-</span> 
     </span>
    </p>
   </div>
   <div class='ocr_carea' id='block_1_93' title="bbox 2167 3408 3735 3486">
    <p class='ocr_par' dir='ltr' id='par_1_93' title="bbox 2167 3408 3735 3486">
     <span class='ocr_line' id='line_1_93' title="bbox 2167 3408 3735 3486; baseline -0.008 -13"><span class='ocrx_word' id='word_1_662' title='bbox 2167 3419 2500 3480; x_wconf 79' lang='grc' dir='ltr'>σπασθέντες</span> <span class='ocrx_word' id='word_1_663' title='bbox 2539 3416 2680 3470; x_wconf 86' lang='grc' dir='ltr'><strong>κατά</strong></span> <span class='ocrx_word' id='word_1_664' title='bbox 2719 3415 2816 3486; x_wconf 81' lang='grc' dir='ltr'>τὴν</span> <span class='ocrx_word' id='word_1_665' title='bbox 2866 3415 2968 3483; x_wconf 84' lang='grc' dir='ltr'>τῆς</span> <span class='ocrx_word' id='word_1_666' title='bbox 3013 3415 3194 3483; x_wconf 79' lang='grc' dir='ltr'>φωνῆς</span> <span class='ocrx_word' id='word_1_667' title='bbox 3243 3409 3524 3464; x_wconf 85' lang='grc' dir='ltr'>κοινωνίαν</span> <span class='ocrx_word' id='word_1_668' title='bbox 3577 3408 3735 3474; x_wconf 79' lang='grc' dir='ltr'>ἄλλος</span> 
     </span>
    </p>
   </div>
   <div class='ocr_carea' id='block_1_94' title="bbox 2163 3501 3734 3581">
    <p class='ocr_par' dir='ltr' id='par_1_94' title="bbox 2163 3501 3734 3581">
     <span class='ocr_line' id='line_1_94' title="bbox 2163 3501 3734 3581; baseline -0.009 -15"><span class='ocrx_word' id='word_1_669' title='bbox 2163 3511 2369 3581; x_wconf 84' lang='grc' dir='ltr'>ἀλλαχῆ</span> <span class='ocrx_word' id='word_1_670' title='bbox 2415 3510 2807 3579; x_wconf 81' lang='grc' dir='ltr'>διεσπάρησαν,</span> <span class='ocrx_word' id='word_1_671' title='bbox 2836 3508 2931 3560; x_wconf 72' lang='grc' dir='ltr'><strong>καὶ</strong></span> <span class='ocrx_word' id='word_1_672' title='bbox 2960 3505 3096 3576; x_wconf 85' lang='grc' dir='ltr'>πρὸς</span> <span class='ocrx_word' id='word_1_673' title='bbox 3125 3504 3281 3558; x_wconf 78' lang='grc' dir='ltr'>ἄλλον</span> <span class='ocrx_word' id='word_1_674' title='bbox 3315 3501 3409 3556; x_wconf 69' lang='grc' dir='ltr'><strong>καὶ</strong></span> <span class='ocrx_word' id='word_1_675' title='bbox 3442 3501 3600 3556; x_wconf 81' lang='grc' dir='ltr'>ἄλλον</span> <span class='ocrx_word' id='word_1_676' title='bbox 3635 3518 3734 3572; x_wconf 80' lang='grc' dir='ltr'>χα-</span> 
     </span>
    </p>
   </div>
   <div class='ocr_carea' id='block_1_95' title="bbox 2168 3593 3739 3673">
    <p class='ocr_par' dir='ltr' id='par_1_95' title="bbox 2168 3593 3739 3673">
     <span class='ocr_line' id='line_1_95' title="bbox 2168 3593 3739 3673; baseline -0.008 -16"><span class='ocrx_word' id='word_1_677' title='bbox 2168 3603 2412 3673; x_wconf 81' lang='grc' dir='ltr'>ρακτῆρα</span> <span class='ocrx_word' id='word_1_678' title='bbox 2440 3601 2702 3671; x_wconf 73' lang='grc' dir='ltr'>ῥημάτων</span> <span class='ocrx_word' id='word_1_679' title='bbox 2730 3600 2824 3653; x_wconf 79' lang='grc' dir='ltr'>καὶ</span> <span class='ocrx_word' id='word_1_680' title='bbox 2854 3599 3035 3668; x_wconf 65' lang='grc' dir='ltr'>φωνῆς</span> <span class='ocrx_word' id='word_1_681' title='bbox 3070 3594 3529 3668; x_wconf 83' lang='grc' dir='ltr'>μεθηρμόσθησαν</span> <span class='ocrx_word' id='word_1_682' title='bbox 3555 3593 3739 3645; x_wconf 84' lang='grc' dir='ltr'>συνδε-</span> 
     </span>
    </p>
   </div>
   <div class='ocr_carea' id='block_1_96' title="bbox 2161 3683 3733 3764">
    <p class='ocr_par' dir='ltr' id='par_1_96' title="bbox 2161 3683 3733 3764">
     <span class='ocr_line' id='line_1_96' title="bbox 2161 3683 3733 3764; baseline -0.008 -18"><span class='ocrx_word' id='word_1_683' title='bbox 2161 3695 2320 3764; x_wconf 84' lang='grc' dir='ltr'>τικήν</span> <span class='ocrx_word' id='word_1_684' title='bbox 2342 3709 2464 3746; x_wconf 90' lang='grc' dir='ltr'>τινα</span> <span class='ocrx_word' id='word_1_685' title='bbox 2481 3693 2578 3762; x_wconf 83' lang='grc' dir='ltr'>τῆς</span> <span class='ocrx_word' id='word_1_686' title='bbox 2603 3691 2738 3762; x_wconf 77' lang='grc' dir='ltr'>πρὸς</span> <span class='ocrx_word' id='word_1_687' title='bbox 2759 3689 3017 3760; x_wconf 83' lang='grc' dir='ltr'>ἀλλήλους</span> <span class='ocrx_word' id='word_1_688' title='bbox 3037 3687 3284 3756; x_wconf 85' lang='grc' dir='ltr'>ὁμονοίας</span> <span class='ocrx_word' id='word_1_689' title='bbox 3307 3685 3404 3755; x_wconf 79' lang='grc' dir='ltr'>τὴν</span> <span class='ocrx_word' id='word_1_690' title='bbox 3424 3683 3733 3753; x_wconf 63' lang='grc' dir='ltr'>ὁμοφωνίαν</span> 
     </span>
    </p>
   </div>
   <div class='ocr_carea' id='block_1_97' title="bbox 2163 3776 3735 3858">
    <p class='ocr_par' dir='ltr' id='par_1_97' title="bbox 2163 3776 3735 3858">
     <span class='ocr_line' id='line_1_97' title="bbox 2163 3776 3735 3858; baseline -0.008 -19"><span class='ocrx_word' id='word_1_691' title='bbox 2163 3786 2455 3858; x_wconf 85' lang='grc' dir='ltr'>λαχόντες,</span> <span class='ocrx_word' id='word_1_692' title='bbox 2501 3783 2639 3855; x_wconf 86' lang='grc' dir='ltr'>πρὸς</span> <span class='ocrx_word' id='word_1_693' title='bbox 2667 3784 2766 3854; x_wconf 83' lang='grc' dir='ltr'><strong>μὲν</strong></span> <span class='ocrx_word' id='word_1_694' title='bbox 2792 3783 2889 3852; x_wconf 82' lang='grc' dir='ltr'>τὴν</span> <span class='ocrx_word' id='word_1_695' title='bbox 2911 3781 3020 3834; x_wconf 89' lang='grc' dir='ltr'><strong>τῶν</strong></span> <span class='ocrx_word' id='word_1_696' title='bbox 3065 3778 3404 3852; x_wconf 86' lang='grc' dir='ltr'>πραγμάτων</span> <span class='ocrx_word' id='word_1_697' title='bbox 3439 3776 3501 3829; x_wconf 73' lang='grc' dir='ltr'><strong>οὐ</strong></span> <span class='ocrx_word' id='word_1_698' title='bbox 3529 3776 3735 3844; x_wconf 66' lang='grc' dir='ltr'>διαφω-</span> 
     </span>
    </p>
   </div>
   <div class='ocr_carea' id='block_1_98' title="bbox 2163 3867 3737 3946">
    <p class='ocr_par' dir='ltr' id='par_1_98' title="bbox 2163 3867 3737 3946">
     <span class='ocr_line' id='line_1_98' title="bbox 2163 3867 3737 3946; baseline -0.008 -14"><span class='ocrx_word' id='word_1_699' title='bbox 2163 3876 2382 3940; x_wconf 85' lang='grc' dir='ltr'>νοῠντες</span> <span class='ocrx_word' id='word_1_700' title='bbox 2402 3875 2624 3945; x_wconf 88' lang='grc' dir='ltr'>γνῶσιν,</span> <span class='ocrx_word' id='word_1_701' title='bbox 2649 3874 2785 3946; x_wconf 84' lang='grc' dir='ltr'>πρὸς</span> <span class='ocrx_word' id='word_1_702' title='bbox 2805 3874 2860 3926; x_wconf 82' lang='grc' dir='ltr'>δὲ</span> <span class='ocrx_word' id='word_1_703' title='bbox 2885 3872 2978 3926; x_wconf 84' lang='grc' dir='ltr'><strong>τὸν</strong></span> <span class='ocrx_word' id='word_1_704' title='bbox 3001 3871 3106 3924; x_wconf 87' lang='grc' dir='ltr'><strong>τῶν</strong></span> <span class='ocrx_word' id='word_1_705' title='bbox 3133 3869 3410 3939; x_wconf 84' lang='grc' dir='ltr'>ὀνομάτων</span> <span class='ocrx_word' id='word_1_706' title='bbox 3426 3867 3594 3922; x_wconf 75' lang='grc' dir='ltr'>τύπον</span> <span class='ocrx_word' id='word_1_707' title='bbox 3619 3868 3737 3921; x_wconf 66' lang='grc' dir='ltr'>διας</span> 
     </span>
    </p>
   </div>
   <div class='ocr_carea' id='block_1_99' title="bbox 2164 3958 3737 4038">
    <p class='ocr_par' dir='ltr' id='par_1_99' title="bbox 2164 3958 3737 4038">
     <span class='ocr_line' id='line_1_99' title="bbox 2164 3958 3737 4038; baseline -0.008 -16"><span class='ocrx_word' id='word_1_708' title='bbox 2164 3969 2476 4038; x_wconf 82' lang='grc' dir='ltr'>φερόμενοι.</span> <span class='ocrx_word' id='word_1_709' title='bbox 2507 3966 2581 4019; x_wconf 77' lang='grc' dir='ltr'><strong>Οὐ</strong></span> <span class='ocrx_word' id='word_1_710' title='bbox 2615 3965 2725 4036; x_wconf 85' lang='grc' dir='ltr'>γὰρ</span> <span class='ocrx_word' id='word_1_711' title='bbox 2758 3963 2885 4018; x_wconf 77' lang='grc' dir='ltr'>ἄλλο</span> <span class='ocrx_word' id='word_1_712' title='bbox 2911 3980 2964 4016; x_wconf 91' lang='grc' dir='ltr'><strong>τι</strong></span> <span class='ocrx_word' id='word_1_713' title='bbox 2992 3965 3121 4034; x_wconf 74' lang='grc' dir='ltr'>παρ’</span> <span class='ocrx_word' id='word_1_714' title='bbox 3144 3961 3321 4023; x_wconf 82' lang='grc' dir='ltr'>ἄλλοις</span> <span class='ocrx_word' id='word_1_715' title='bbox 3352 3962 3382 4013; x_wconf 88' lang='grc' dir='ltr'>ὁ</span> <span class='ocrx_word' id='word_1_716' title='bbox 3408 3959 3571 4022; x_wconf 84' lang='grc' dir='ltr'>λίθος,</span> <span class='ocrx_word' id='word_1_717' title='bbox 3612 3958 3645 4030; x_wconf 80' lang='grc' dir='ltr'>ἢ</span> <span class='ocrx_word' id='word_1_718' title='bbox 3673 3959 3737 4012; x_wconf 62' lang='grc' dir='ltr'><strong>το</strong></span> 
     </span>
    </p>
   </div>
   <div class='ocr_carea' id='block_1_100' title="bbox 2164 4051 3737 4128">
    <p class='ocr_par' dir='ltr' id='par_1_100' title="bbox 2164 4051 3737 4128">
     <span class='ocr_line' id='line_1_100' title="bbox 2164 4051 3737 4128; baseline -0.005 -15"><span class='ocrx_word' id='word_1_719' title='bbox 2164 4059 2319 4126; x_wconf 74' lang='grc' dir='ltr'>ξύλον</span> <span class='ocrx_word' id='word_1_720' title='bbox 2347 4059 2525 4118; x_wconf 82' lang='grc' dir='ltr'>δοκεῖ,</span> <span class='ocrx_word' id='word_1_721' title='bbox 2553 4057 2786 4128; x_wconf 79' lang='grc' dir='ltr'>διάφορα</span> <span class='ocrx_word' id='word_1_722' title='bbox 2812 4056 2871 4110; x_wconf 85' lang='grc' dir='ltr'>δὲ</span> <span class='ocrx_word' id='word_1_723' title='bbox 2913 4055 3045 4128; x_wconf 86' lang='grc' dir='ltr'>παρ’</span> <span class='ocrx_word' id='word_1_724' title='bbox 3083 4054 3331 4116; x_wconf 78' lang='grc' dir='ltr'>ἑκάστοις</span> <span class='ocrx_word' id='word_1_725' title='bbox 3360 4051 3427 4105; x_wconf 76' lang='grc' dir='ltr'>τὰ</span> <span class='ocrx_word' id='word_1_726' title='bbox 3468 4053 3568 4124; x_wconf 80' lang='grc' dir='ltr'>τῆς</span> <span class='ocrx_word' id='word_1_727' title='bbox 3605 4051 3737 4124; x_wconf 75' lang='grc' dir='ltr'>ὕλης</span> 
     </span>
    </p>
   </div>
   <div class='ocr_carea' id='block_1_101' title="bbox 2161 4143 3733 4219">
    <p class='ocr_par' dir='ltr' id='par_1_101' title="bbox 2161 4143 3733 4219">
     <span class='ocr_line' id='line_1_101' title="bbox 2161 4143 3733 4219; baseline -0.003 -18"><span class='ocrx_word' id='word_1_728' title='bbox 2161 4149 2424 4219; x_wconf 84' lang='grc' dir='ltr'>ὀνόματα.</span> <span class='ocrx_word' id='word_1_729' title='bbox 2474 4147 2638 4200; x_wconf 81' lang='grc' dir='ltr'>Ὥστε</span> <span class='ocrx_word' id='word_1_730' title='bbox 2688 4149 2837 4217; x_wconf 87' lang='grc' dir='ltr'>μένει</span> <span class='ocrx_word' id='word_1_731' title='bbox 2889 4145 3082 4214; x_wconf 83' lang='grc' dir='ltr'>πάγιος</span> <span class='ocrx_word' id='word_1_732' title='bbox 3126 4146 3256 4217; x_wconf 85' lang='grc' dir='ltr'>ήμῖν</span> <span class='ocrx_word' id='word_1_733' title='bbox 3296 4145 3324 4198; x_wconf 86' lang='grc' dir='ltr'>ὁ</span> <span class='ocrx_word' id='word_1_734' title='bbox 3363 4143 3544 4212; x_wconf 78' lang='grc' dir='ltr'>λόγος,</span> <span class='ocrx_word' id='word_1_735' title='bbox 3577 4148 3603 4198; x_wconf 87' lang='grc' dir='ltr'>ὀ</span> <span class='ocrx_word' id='word_1_736' title='bbox 3633 4144 3733 4208; x_wconf 75' lang='grc' dir='ltr'>τὰς</span> 
     </span>
    </p>
   </div>
   <div class='ocr_carea' id='block_1_102' title="bbox 2162 4238 3733 4312">
    <p class='ocr_par' dir='ltr' id='par_1_102' title="bbox 2162 4238 3733 4312">
     <span class='ocr_line' id='line_1_102' title="bbox 2162 4238 3733 4312; baseline -0.002 -18"><span class='ocrx_word' id='word_1_737' title='bbox 2162 4240 2508 4312; x_wconf 84' lang='grc' dir='ltr'>ἀνθρωπίνας</span> <span class='ocrx_word' id='word_1_738' title='bbox 2534 4239 2717 4309; x_wconf 82' lang='grc' dir='ltr'>φωνὰς</span> <span class='ocrx_word' id='word_1_739' title='bbox 2751 4239 2850 4310; x_wconf 86' lang='grc' dir='ltr'>τῆς</span> <span class='ocrx_word' id='word_1_740' title='bbox 2888 4240 3160 4310; x_wconf 78' lang='grc' dir='ltr'>ἡμετέρας</span> <span class='ocrx_word' id='word_1_741' title='bbox 3187 4238 3426 4301; x_wconf 85' lang='grc' dir='ltr'>διανοίας</span> <span class='ocrx_word' id='word_1_742' title='bbox 3450 4238 3733 4309; x_wconf 84' lang='grc' dir='ltr'>εὑρήματα</span> 
     </span>
    </p>
   </div>
   <div class='ocr_carea' id='block_1_103' title="bbox 2163 4329 3733 4405">
    <p class='ocr_par' dir='ltr' id='par_1_103' title="bbox 2163 4329 3733 4405">
     <span class='ocr_line' id='line_1_103' title="bbox 2163 4329 3733 4405; baseline -0.003 -19"><span class='ocrx_word' id='word_1_743' title='bbox 2163 4329 2302 4387; x_wconf 80' lang='grc' dir='ltr'>εἶναι</span> <span class='ocrx_word' id='word_1_744' title='bbox 2341 4333 2722 4405; x_wconf 80' lang='grc' dir='ltr'>διοριζόμενος.</span> <span class='ocrx_word' id='word_1_745' title='bbox 2757 4331 2896 4384; x_wconf 74' lang='grc' dir='ltr'>Οὔτε</span> <span class='ocrx_word' id='word_1_746' title='bbox 2928 4331 3034 4402; x_wconf 82' lang='grc' dir='ltr'>γὰρ</span> <span class='ocrx_word' id='word_1_747' title='bbox 3067 4330 3126 4397; x_wconf 81' lang='grc' dir='ltr'>ἐξ</span> <span class='ocrx_word' id='word_1_748' title='bbox 3167 4329 3338 4402; x_wconf 84' lang='grc' dir='ltr'>ἀρχῆς</span> <span class='ocrx_word' id='word_1_749' title='bbox 3385 4330 3487 4392; x_wconf 79' lang='grc' dir='ltr'>ἓως</span> <span class='ocrx_word' id='word_1_750' title='bbox 3517 4331 3733 4400; x_wconf 64' lang='grc' dir='ltr'>ὁμόφω-</span> 
     </span>
    </p>
   </div>
   <div class='ocr_carea' id='block_1_104' title="bbox 2161 4419 3734 4497">
    <p class='ocr_par' dir='ltr' id='par_1_104' title="bbox 2161 4419 3734 4497">
     <span class='ocr_line' id='line_1_104' title="bbox 2161 4419 3734 4497; baseline -0.005 -17"><span class='ocrx_word' id='word_1_751' title='bbox 2161 4443 2251 4480; x_wconf 89' lang='grc' dir='ltr'><strong>νον</strong></span> <span class='ocrx_word' id='word_1_752' title='bbox 2291 4425 2436 4480; x_wconf 78' lang='grc' dir='ltr'>ἆπαν</span> <span class='ocrx_word' id='word_1_753' title='bbox 2471 4421 2538 4497; x_wconf 80' lang='grc' dir='ltr'>ἦν</span> <span class='ocrx_word' id='word_1_754' title='bbox 2575 4423 2752 4494; x_wconf 87' lang='grc' dir='ltr'>ἐαυτῷ</span> <span class='ocrx_word' id='word_1_755' title='bbox 2791 4423 2853 4476; x_wconf 86' lang='grc' dir='ltr'><strong>τὸ</strong></span> <span class='ocrx_word' id='word_1_756' title='bbox 2893 4420 3248 4492; x_wconf 83' lang='grc' dir='ltr'>ἀνθρώπινον,</span> <span class='ocrx_word' id='word_1_757' title='bbox 3296 4419 3432 4473; x_wconf 75' lang='grc' dir='ltr'>Θεοῦ</span> <span class='ocrx_word' id='word_1_758' title='bbox 3472 4420 3734 4490; x_wconf 83' lang='grc' dir='ltr'>ῥημάτων</span> 
     </span>
    </p>
   </div>
   <div class='ocr_carea' id='block_1_105' title="bbox 2163 4509 3732 4583">
    <p class='ocr_par' dir='ltr' id='par_1_105' title="bbox 2163 4509 3732 4583">
     <span class='ocr_line' id='line_1_105' title="bbox 2163 4509 3732 4583; baseline -0.004 -13"><span class='ocrx_word' id='word_1_759' title='bbox 2163 4517 2284 4571; x_wconf 80' lang='grc' dir='ltr'>τινὰ</span> <span class='ocrx_word' id='word_1_760' title='bbox 2311 4515 2653 4570; x_wconf 81' lang='grc' dir='ltr'>διδασκαλίαν</span> <span class='ocrx_word' id='word_1_761' title='bbox 2701 4513 3027 4583; x_wconf 82' lang='grc' dir='ltr'>γεγενῆσθαι</span> <span class='ocrx_word' id='word_1_762' title='bbox 3063 4515 3174 4575; x_wconf 87' lang='grc' dir='ltr'>τοῖς</span> <span class='ocrx_word' id='word_1_763' title='bbox 3227 4509 3532 4580; x_wconf 74' lang='grc' dir='ltr'>ἀνθρώποις</span> <span class='ocrx_word' id='word_1_764' title='bbox 3582 4509 3732 4580; x_wconf 70' lang='grc' dir='ltr'>παρὰ</span> 
     </span>
    </p>
   </div>
   <div class='ocr_carea' id='block_1_106' title="bbox 2161 4601 3737 4680">
    <p class='ocr_par' dir='ltr' id='par_1_106' title="bbox 2161 4601 3737 4680">
     <span class='ocr_line' id='line_1_106' title="bbox 2161 4601 3737 4680; baseline -0.005 -19"><span class='ocrx_word' id='word_1_765' title='bbox 2161 4609 2261 4679; x_wconf 81' lang='grc' dir='ltr'><strong>τῆς</strong></span> <span class='ocrx_word' id='word_1_766' title='bbox 2289 4609 2511 4680; x_wconf 85' lang='grc' dir='ltr'>Γραφῆς</span> <span class='ocrx_word' id='word_1_767' title='bbox 2545 4606 2940 4678; x_wconf 84' lang='grc' dir='ltr'>μεμαθήκαμεν</span> <span class='ocrx_word' id='word_1_768' title='bbox 2961 4620 2976 4634; x_wconf 85' lang='lat'><strong><em>°</em></strong></span> <span class='ocrx_word' id='word_1_769' title='bbox 3012 4603 3134 4657; x_wconf 73' lang='grc' dir='ltr'>οὔτε</span> <span class='ocrx_word' id='word_1_770' title='bbox 3168 4604 3247 4666; x_wconf 86' lang='grc' dir='ltr'>εἰς</span> <span class='ocrx_word' id='word_1_771' title='bbox 3275 4601 3526 4664; x_wconf 88' lang='grc' dir='ltr'>ποικίλας</span> <span class='ocrx_word' id='word_1_772' title='bbox 3559 4601 3701 4669; x_wconf 89' lang='grc' dir='ltr'>γλωσ</span> 
     </span>
    </p>
   </div>
   <div class='ocr_carea' id='block_1_107' title="bbox 2165 4691 3737 4780">
    <p class='ocr_par' dir='ltr' id='par_1_107' title="bbox 2165 4691 3737 4780">
     <span class='ocr_line' id='line_1_107' title="bbox 2165 4691 3737 4780; baseline -0.005 -29"><span class='ocrx_word' id='word_1_773' title='bbox 2165 4699 2273 4752; x_wconf 87' lang='grc' dir='ltr'><strong>σῶν</strong></span> <span class='ocrx_word' id='word_1_774' title='bbox 2300 4700 2558 4770; x_wconf 76' lang='grc' dir='ltr'>διαφορὰς</span> <span class='ocrx_word' id='word_1_775' title='bbox 2587 4697 3013 4768; x_wconf 78' lang='grc' dir='ltr'>διατμηθέντων,</span> <span class='ocrx_word' id='word_1_776' title='bbox 3043 4695 3188 4756; x_wconf 83' lang='grc' dir='ltr'>ὅπως</span> <span class='ocrx_word' id='word_1_777' title='bbox 3215 4692 3281 4746; x_wconf 84' lang='grc' dir='ltr'>ἂν</span> <span class='ocrx_word' id='word_1_778' title='bbox 3307 4692 3535 4754; x_wconf 79' lang='grc' dir='ltr'>ἕκαστος</span> <span class='ocrx_word' id='word_1_779' title='bbox 3566 4691 3737 4780; x_wconf 56' lang='grc' dir='ltr'>φθέη</span> 
     </span>
    </p>
   </div>
   <div class='ocr_carea' id='block_1_108' title="bbox 2162 4781 3737 4874">
    <p class='ocr_par' dir='ltr' id='par_1_108' title="bbox 2162 4781 3737 4874">
     <span class='ocr_line' id='line_1_108' title="bbox 2162 4781 3737 4874; baseline -0.007 -29"><span class='ocrx_word' id='word_1_780' title='bbox 2162 4807 2311 4858; x_wconf 83' lang='grc' dir='ltr'>γοιτο</span> <span class='ocrx_word' id='word_1_781' title='bbox 2352 4791 2492 4853; x_wconf 80' lang='grc' dir='ltr'>θεῖος</span> <span class='ocrx_word' id='word_1_782' title='bbox 2525 4790 2860 4857; x_wconf 84' lang='grc' dir='ltr'>ἐπεστάτησε</span> <span class='ocrx_word' id='word_1_783' title='bbox 2899 4787 3080 4857; x_wconf 81' lang='grc' dir='ltr'>νόμος,</span> <span class='ocrx_word' id='word_1_784' title='bbox 3116 4784 3248 4838; x_wconf 81' lang='grc' dir='ltr'>ἀλλὰ</span> <span class='ocrx_word' id='word_1_785' title='bbox 3286 4783 3515 4854; x_wconf 84' lang='grc' dir='ltr'>θελήσας</span> <span class='ocrx_word' id='word_1_786' title='bbox 3545 4786 3573 4836; x_wconf 88' lang='grc' dir='ltr'>ὁ</span> <span class='ocrx_word' id='word_1_787' title='bbox 3599 4781 3737 4874; x_wconf 54' lang='grc' dir='ltr'>Θεὺςξ</span> 
     </span>
    </p>
   </div>
   <div class='ocr_carea' id='block_1_109' title="bbox 2161 4871 3736 4958">
    <p class='ocr_par' dir='ltr' id='par_1_109' title="bbox 2161 4871 3736 4958">
     <span class='ocr_line' id='line_1_109' title="bbox 2161 4871 3736 4958; baseline -0.005 -27"><span class='ocrx_word' id='word_1_788' title='bbox 2161 4880 2287 4941; x_wconf 73' lang='grc' dir='ltr'>τοὺς</span> <span class='ocrx_word' id='word_1_789' title='bbox 2310 4877 2628 4948; x_wconf 84' lang='grc' dir='ltr'>ἀνθρώπους</span> <span class='ocrx_word' id='word_1_790' title='bbox 2658 4879 2713 4930; x_wconf 85' lang='grc' dir='ltr'><strong>ἐν</strong></span> <span class='ocrx_word' id='word_1_791' title='bbox 2736 4875 2920 4938; x_wconf 78' lang='grc' dir='ltr'>ἄλλαις</span> <span class='ocrx_word' id='word_1_792' title='bbox 2941 4873 3188 4943; x_wconf 88' lang='grc' dir='ltr'>γενέσθαι</span> <span class='ocrx_word' id='word_1_793' title='bbox 3213 4871 3499 4939; x_wconf 85' lang='grc' dir='ltr'>γλώσσαις,</span> <span class='ocrx_word' id='word_1_794' title='bbox 3522 4871 3736 4958; x_wconf 29' lang='grc' dir='ltr'>ἁφῆκενέ</span> 
     </span>
    </p>
   </div>
   <div class='ocr_carea' id='block_1_110' title="bbox 2163 4963 3738 5038">
    <p class='ocr_par' dir='ltr' id='par_1_110' title="bbox 2163 4963 3738 5038">
     <span class='ocr_line' id='line_1_110' title="bbox 2163 4963 3738 5038; baseline -0.003 -20"><span class='ocrx_word' id='word_1_795' title='bbox 2163 4967 2267 5038; x_wconf 78' lang='grc' dir='ltr'><strong>ὁδῷ</strong></span> <span class='ocrx_word' id='word_1_796' title='bbox 2307 4968 2407 5038; x_wconf 82' lang='grc' dir='ltr'>τὴν</span> <span class='ocrx_word' id='word_1_797' title='bbox 2453 4967 2612 5036; x_wconf 81' lang='grc' dir='ltr'>φύσιν</span> <span class='ocrx_word' id='word_1_798' title='bbox 2651 4965 3007 5036; x_wconf 84' lang='grc' dir='ltr'>πορεύεσθαι,</span> <span class='ocrx_word' id='word_1_799' title='bbox 3037 4963 3177 5017; x_wconf 85' lang='grc' dir='ltr'><strong>κατά</strong></span> <span class='ocrx_word' id='word_1_800' title='bbox 3214 4963 3274 5015; x_wconf 86' lang='grc' dir='ltr'>τὸ</span> <span class='ocrx_word' id='word_1_801' title='bbox 3318 4963 3547 5034; x_wconf 83' lang='grc' dir='ltr'>ἀρέσκον</span> <span class='ocrx_word' id='word_1_802' title='bbox 3576 4963 3738 5030; x_wconf 64' lang='lat'><strong>6:19-</strong></span> 
     </span>
    </p>
   </div>
   <div class='ocr_carea' id='block_1_111' title="bbox 2167 5051 3738 5129">
    <p class='ocr_par' dir='ltr' id='par_1_111' title="bbox 2167 5051 3738 5129">
     <span class='ocr_line' id='line_1_111' title="bbox 2167 5051 3738 5129; baseline -0.003 -18"><span class='ocrx_word' id='word_1_803' title='bbox 2167 5057 2400 5129; x_wconf 80' lang='grc' dir='ltr'>θροῦσαν</span> <span class='ocrx_word' id='word_1_804' title='bbox 2432 5057 2562 5128; x_wconf 82' lang='grc' dir='ltr'>παρ’</span> <span class='ocrx_word' id='word_1_805' title='bbox 2585 5057 2833 5118; x_wconf 82' lang='grc' dir='ltr'>ἑκάστοις</span> <span class='ocrx_word' id='word_1_806' title='bbox 2861 5056 2948 5108; x_wconf 77' lang='grc' dir='ltr'><strong>τὸν</strong></span> <span class='ocrx_word' id='word_1_807' title='bbox 2973 5051 3103 5126; x_wconf 79' lang='grc' dir='ltr'>ἦχον</span> <span class='ocrx_word' id='word_1_808' title='bbox 3133 5054 3266 5125; x_wconf 87' lang='grc' dir='ltr'>πρὸς</span> <span class='ocrx_word' id='word_1_809' title='bbox 3284 5053 3382 5123; x_wconf 81' lang='grc' dir='ltr'>τὴν</span> <span class='ocrx_word' id='word_1_810' title='bbox 3410 5053 3516 5105; x_wconf 88' lang='grc' dir='ltr'><strong>τῶν</strong></span> <span class='ocrx_word' id='word_1_811' title='bbox 3545 5053 3738 5122; x_wconf 80' lang='grc' dir='ltr'>ὀνομά-’</span> 
     </span>
    </p>
   </div>
   <div class='ocr_carea' id='block_1_112' title="bbox 2132 5145 3734 5220">
    <p class='ocr_par' dir='ltr' id='par_1_112' title="bbox 2132 5145 3734 5220">
     <span class='ocr_line' id='line_1_112' title="bbox 2132 5145 3734 5220; baseline -0.003 -18"><span class='ocrx_word' id='word_1_812' title='bbox 2132 5187 2135 5190; x_wconf 94' lang='grc'><strong><em>-</em></strong></span> <span class='ocrx_word' id='word_1_813' title='bbox 2163 5167 2271 5203; x_wconf 88' lang='grc' dir='ltr'><strong>των</strong></span> <span class='ocrx_word' id='word_1_814' title='bbox 2307 5151 2622 5220; x_wconf 81' lang='grc' dir='ltr'>σαφήνειαν.</span> <span class='ocrx_word' id='word_1_815' title='bbox 2666 5149 2725 5200; x_wconf 90' lang='lat'>&#39;0</span> <span class='ocrx_word' id='word_1_816' title='bbox 2756 5149 2933 5200; x_wconf 87' lang='grc' dir='ltr'>τοίνυν</span> <span class='ocrx_word' id='word_1_817' title='bbox 2966 5147 3232 5216; x_wconf 78' lang='grc' dir='ltr'>Μωῦσῆς,</span> <span class='ocrx_word' id='word_1_818' title='bbox 3257 5145 3478 5208; x_wconf 86' lang='grc' dir='ltr'>πολλαῖς</span> <span class='ocrx_word' id='word_1_819' title='bbox 3508 5145 3734 5218; x_wconf 79' lang='grc' dir='ltr'>ὕστερον</span> 
     </span>
    </p>
   </div>
   <div class='ocr_carea' id='block_1_113' title="bbox 2163 5237 3737 5312">
    <p class='ocr_par' dir='ltr' id='par_1_113' title="bbox 2163 5237 3737 5312">
     <span class='ocr_line' id='line_1_113' title="bbox 2163 5237 3737 5312; baseline -0.004 -17"><span class='ocrx_word' id='word_1_820' title='bbox 2163 5245 2378 5310; x_wconf 83' lang='grc' dir='ltr'>γενεαῖς</span> <span class='ocrx_word' id='word_1_821' title='bbox 2425 5242 2521 5312; x_wconf 83' lang='grc' dir='ltr'>τῆς</span> <span class='ocrx_word' id='word_1_822' title='bbox 2563 5240 2921 5310; x_wconf 77' lang='grc' dir='ltr'>πυργοποιῖας</span> <span class='ocrx_word' id='word_1_823' title='bbox 2951 5239 3270 5308; x_wconf 85' lang='grc' dir='ltr'>γενόμενος,</span> <span class='ocrx_word' id='word_1_824' title='bbox 3315 5239 3412 5308; x_wconf 83' lang='grc' dir='ltr'>μιᾷ</span> <span class='ocrx_word' id='word_1_825' title='bbox 3460 5237 3566 5290; x_wconf 85' lang='grc' dir='ltr'><strong>τῶν</strong></span> <span class='ocrx_word' id='word_1_826' title='bbox 3595 5237 3737 5308; x_wconf 69' lang='grc' dir='ltr'>μετὰ</span> 
     </span>
    </p>
   </div>
   <div class='ocr_carea' id='block_1_114' title="bbox 2162 5328 3732 5404">
    <p class='ocr_par' dir='ltr' id='par_1_114' title="bbox 2162 5328 3732 5404">
     <span class='ocr_line' id='line_1_114' title="bbox 2162 5328 3732 5404; baseline -0.004 -18"><span class='ocrx_word' id='word_1_827' title='bbox 2162 5333 2336 5388; x_wconf 80' lang='grc' dir='ltr'>ταῦτα</span> <span class='ocrx_word' id='word_1_828' title='bbox 2375 5334 2638 5404; x_wconf 82' lang='grc' dir='ltr'>κέχρηται</span> <span class='ocrx_word' id='word_1_829' title='bbox 2672 5330 2913 5401; x_wconf 80' lang='grc' dir='ltr'>γλώσσῃ,</span> <span class='ocrx_word' id='word_1_830' title='bbox 2945 5329 3225 5400; x_wconf 87' lang='grc' dir='ltr'>ίστορικῶς</span> <span class='ocrx_word' id='word_1_831' title='bbox 3249 5329 3346 5399; x_wconf 82' lang='grc' dir='ltr'>τὴν</span> <span class='ocrx_word' id='word_1_832' title='bbox 3375 5328 3732 5398; x_wconf 77' lang='grc' dir='ltr'>κοσμογενίαν</span> 
     </span>
    </p>
   </div>
   <div class='ocr_carea' id='block_1_115' title="bbox 2160 5419 3729 5493">
    <p class='ocr_par' dir='ltr' id='par_1_115' title="bbox 2160 5419 3729 5493">
     <span class='ocr_line' id='line_1_115' title="bbox 2160 5419 3729 5493; baseline -0.003 -18"><span class='ocrx_word' id='word_1_833' title='bbox 2160 5425 2192 5493; x_wconf 86' lang='grc' dir='ltr'><strong>ή</strong></span> <span class='ocrx_word' id='word_1_834' title='bbox 2204 5426 2292 5492; x_wconf 88' lang='grc' dir='ltr'>μῖν</span> <span class='ocrx_word' id='word_1_835' title='bbox 2311 5422 2679 5492; x_wconf 81' lang='grc' dir='ltr'>διηγούμενος,</span> <span class='ocrx_word' id='word_1_836' title='bbox 2699 5421 2791 5474; x_wconf 87' lang='grc' dir='ltr'><strong>καί</strong></span> <span class='ocrx_word' id='word_1_837' title='bbox 2808 5437 2958 5482; x_wconf 87' lang='grc' dir='ltr'>τινας</span> <span class='ocrx_word' id='word_1_838' title='bbox 2977 5419 3053 5489; x_wconf 78' lang='grc' dir='ltr'>τῷ</span> <span class='ocrx_word' id='word_1_839' title='bbox 3073 5420 3189 5489; x_wconf 81' lang='grc' dir='ltr'><strong>Θεῷ</strong></span> <span class='ocrx_word' id='word_1_840' title='bbox 3211 5421 3510 5489; x_wconf 80' lang='grc' dir='ltr'>προσάπτει</span> <span class='ocrx_word' id='word_1_841' title='bbox 3528 5420 3729 5487; x_wconf 70' lang='grc' dir='ltr'>φωνὰς.</span> 
     </span>
    </p>
   </div>
   <div class='ocr_carea' id='block_1_116' title="bbox 2160 5510 3736 5585">
    <p class='ocr_par' dir='ltr' id='par_1_116' title="bbox 2160 5510 3736 5585">
     <span class='ocr_line' id='line_1_116' title="bbox 2160 5510 3736 5585; baseline -0.002 -19"><span class='ocrx_word' id='word_1_842' title='bbox 2160 5519 2224 5584; x_wconf 78' lang='grc' dir='ltr'>τῇ</span> <span class='ocrx_word' id='word_1_843' title='bbox 2257 5515 2447 5566; x_wconf 85' lang='grc' dir='ltr'>ἐαυτοῦ</span> <span class='ocrx_word' id='word_1_844' title='bbox 2478 5513 2699 5585; x_wconf 81' lang='grc' dir='ltr'>γλώσσῃ</span> <span class='ocrx_word' id='word_1_845' title='bbox 2737 5511 2854 5565; x_wconf 81' lang='grc' dir='ltr'>καθ’</span> <span class='ocrx_word' id='word_1_846' title='bbox 2885 5511 2951 5582; x_wconf 84' lang='grc' dir='ltr'>ἣν</span> <span class='ocrx_word' id='word_1_847' title='bbox 2977 5510 3304 5564; x_wconf 85' lang='grc' dir='ltr'>πεπαίδευτὸ</span> <span class='ocrx_word' id='word_1_848' title='bbox 3334 5528 3394 5563; x_wconf 83' lang='grc' dir='ltr'><strong>τε</strong></span> <span class='ocrx_word' id='word_1_849' title='bbox 3433 5511 3525 5564; x_wconf 76' lang='grc' dir='ltr'><strong>καὶ</strong></span> <span class='ocrx_word' id='word_1_850' title='bbox 3559 5512 3736 5564; x_wconf 87' lang='grc' dir='ltr'>συνεί-</span> 
     </span>
    </p>
   </div>
   <div class='ocr_carea' id='block_1_117' title="bbox 2164 5600 3732 5666">
    <p class='ocr_par' dir='ltr' id='par_1_117' title="bbox 2164 5600 3732 5666">
     <span class='ocr_line' id='line_1_117' title="bbox 2164 5600 3732 5666; baseline 0 -10"><span class='ocrx_word' id='word_1_851' title='bbox 2164 5605 2314 5658; x_wconf 90' lang='grc' dir='ltr'>θιστο</span> <span class='ocrx_word' id='word_1_852' title='bbox 2350 5603 2521 5658; x_wconf 78' lang='grc' dir='ltr'>ταῦτα</span> <span class='ocrx_word' id='word_1_853' title='bbox 2567 5602 2796 5666; x_wconf 80' lang='grc' dir='ltr'>διεξιὼν,</span> <span class='ocrx_word' id='word_1_854' title='bbox 2853 5601 2947 5655; x_wconf 77' lang='grc' dir='ltr'><strong>καὶ</strong></span> <span class='ocrx_word' id='word_1_855' title='bbox 2994 5601 3094 5654; x_wconf 75' lang='grc' dir='ltr'>οὐκ</span> <span class='ocrx_word' id='word_1_856' title='bbox 3150 5600 3436 5655; x_wconf 85' lang='grc' dir='ltr'>ἁλλάσσων</span> <span class='ocrx_word' id='word_1_857' title='bbox 3482 5601 3581 5665; x_wconf 74' lang='grc' dir='ltr'><strong>τὰς</strong></span> <span class='ocrx_word' id='word_1_858' title='bbox 3637 5603 3732 5662; x_wconf 68' lang='grc' dir='ltr'><strong>τοῦ</strong></span> 
     </span>
    </p>
   </div>
  </div>
