4146 6386
431 363 535 418 99Ἱ

1522 317 1804 418 conruit
1842 355 2247 423 EUNOMIUM,
2289 355 2418 411 LIB.
2456 356 2572 416 xu.

3576 358 3680 415 επ

430 481 568 536 Θεοῦ
598 481 782 551 φωνὰς
831 483 1198 556 ἀλλοιοτρόπῳ
1237 485 1344 538 τινὶ
1389 485 1485 539 καὶ⁵
1523 483 1780 550 ξενίζοντι
1829 483 2014 552 φωνῆς

2124 494 2218 534 nec
2247 479 2344 535 Dei
2372 495 2534 536 voces
2576 472 2878 536 immutans
2911 482 3016 536 alio
3044 479 3286 552 quodam"
3309 487 3361 535 et
3397 481 3690 550 peregrino

433 577 765 647 χαρακτῆρι,
799 576 938 630 ὥστε
969 576 1057 630 διά
1103 577 1196 630 τοῦ
1247 577 1398 642 ξένου
1443 577 1544 646 τῆς
1583 575 1871 647 συνηθείας
1918 575 2012 628 καὶ

435 669 889 740 παρηλλαγμένου
920 670 1028 722 τῶν
1052 670 1352 741 ὀνομάτων,
1386 668 1551 722 αὐτοῦ
1579 668 1668 721 τοῦ
1703 667 1839 721 Θεοῦ
1875 663 2012 721 εἶναι

433 762 530 824 τὰς
573 761 754 830 φωνὰς
808 761 1270 826 κατασκευάζειν,
1319 761 1454 814 ἀλλά
1499 763 1565 831 τῇ
1605 761 1822 830 συνήθει
1866 759 2009 832 χρῶ-

439 870 597 921 μενος
661 851 901 922 γλώσσῃ,
939 853 1139 924 ὁμοίως
1186 854 1256 907 τά
1297 870 1356 906 τε
1409 852 1603 907 ἑαυτοῦ
1658 853 1753 905 καὶ
1797 851 1864 904 τά
1918 851 2012 904 τοῦ

434 942 568 994 Θεοῦ
604 943 952 1013 διεξέρχεται.
983 945 1122 998 Φασὶ¹
1163 944 1223 997 δέ
1263 961 1408 1008 τινες
1445 945 1553 998 τῶν
1594 942 2014 1014 ἐπιμελέστερον

434 1037 553 1097 ταῖς
586 1035 827 1105 Γραφαίς
880 1035 1398 1107 ὲπηκολουθηκότων
1436 1037 1570 1108 μηδὲ
1603 1035 1884 1108 ἀρχαῒζειν
1915 1035 2013 1106 τὴν

445 1123 714 1195 Ἑϐραίων
757 1124 939 1195 φωνὴν
979 1127 1100 1180 καθ’
1139 1127 1430 1197 ὁμοιότητα
1470 1127 1579 1179 τῶν
1628 1126 1851 1190 λοιπῶν,
1878 1124 2015 1180 ἀλλά

438 1216 577 1286 μετά
604 1215 714 1268 τῶν
757 1215 932 1270 ἄλλων
984 1217 1299 1288 θαυμάτων,
1333 1219 1428 1271 καὶ
1460 1218 1617 1271 τοῦτο
1643 1221 1755 1282 τοῖς
1800 1217 2014 1288 Ἰσραη-

437 1305 609 1367 Λίταις
655 1304 1232 1378 θαυματοποιηθῆναι,
1284 1307 1346 1359 τὸ
1391 1307 1490 1376 τὴν
1526 1305 1776 1374 γλῶσσαν
1810 1305 2014 1375 ταύτην

438 1395 646 1466 ἀθρόως
671 1399 808 1467 μετᾶ
853 1399 952 1469 τὴν
994 1398 1267 1466 Αἴγυπτον
1301 1399 1682 1469 σχεδιασθῆναι
1725 1398 1802 1468 τῷ
1844 1397 2011 1451 ἔθνει.

440 1485 546 1538 Καί
578 1484 661 1548 τίς
691 1488 805 1539 ἐστι
830 1487 924 1540 τοῦ
950 1487 1232 1559 Προφήτου
1255 1487 1411 1556 λόγος
1441 1489 1502 1541 τὸ
1523 1488 1760 1540 τοιοῦτον
1794 1487 2016 1541 πιστού-

441 1589 634 1643 μενος·
671 1577 770 1630 Ἐν
797 1576 905 1649 γὰρ
938 1574 1016 1641 τῷ
1039 1575 1308 1641 ἐξελθεῖν
1344 1577 1549 1640 αὑτὸν,
1591 1578 1776 1646 φησὶν.
1807 1577 1875 1631 ἐκ
1904 1577 2016 1647 γῆς

359 1685 362 1688 '
439 1667 750 1735 Αἰγύπτου,
783 1663 926 1722 ’τότε
947 1669 1238 1740 γλῶσσαν
1279 1670 1359 1737 ἢν
1391 1675 1503 1725 οὐκ
1535 1671 1688 1738 ἔγνω
1726 1671 2011 1739 ἤκουσεν.

441 1753 502 1807 Εἰ
531 1752 623 1808 οῦν
661 1757 909 1828 Ἐϐραῖος
948 1761 1210 1830 Μωῦσῆς,
1240 1761 1522 1815 τελευταία
1548 1762 1604 1815 δὲ
1639 1761 1747 1814 τῶν
1778 1761 1952 1814 ἄλλων
1975 1763 2010 1833 ἡ

2114 571 2266 627 vocis
2319 571 2660 638 charactere,
2707 574 2782 627 ita
2826 582 2887 628 ut
2943 572 3246 644 peregrinis
3293 581 3349 628 et
3406 573 3687 628 inusitatis

2115 666 2434 720 nominibus
2485 666 2660 736 ipsius
2707 665 2803 720 Dei
2858 681 3021 721 voces
3066 681 3190 721 esse
3235 673 3542 735 prazstruat,
3591 664 3688 720 sed

2118 753 2374 810 familiari
2433 765 2591 811 utens
2633 757 2837 827 lingua,
2889 757 3147 812 similiter
3189 765 3240 812 et
3281 772 3400 825 quae
3429 771 3527 811 sua
3561 764 3688 808 sunt

2113 855 2167 901 et
2227 864 2346 917 qua:
2406 850 2577 919 ipsius
2629 849 2720 904 Dei
2779 858 3014 906 enarrat.
3070 848 3299 916 Quidam
3359 858 3539 903 autem
3593 847 3684 916 qui

2115 938 2451 991 exactiorem
2502 939 2908 1008 Scripturarum
2950 938 3316 1009 cognitionem
3356 947 3486 993 sunt
3540 953 3690 992 asse-

2114 1029 2225 1081 cuti
2257 1037 2513 1084 asserunt
2545 1030 2785 1100 linguam
2828 1028 3151 1084 llebraicam
3195 1045 3297 1084 non
3335 1030 3410 1082 ita
3442 1039 3686 1084 vetusta.

2116 1125 2222 1172 tetu
2263 1119 2511 1175 redolere
2540 1119 2683 1176 sicut
2707 1121 2954 1190 reliqum,
2977 1119 3070 1175 sed
3107 1136 3230 1173 cum
3255 1120 3381 1174 aliis
3411 1121 3688 1176 miraculis

2115 1218 2169 1264 et
2221 1211 2326 1265 hoc
2369 1210 2631 1267 lsraelitis
2662 1213 2992 1267 miraculose
3024 1212 3313 1275 accidisse,
3360 1227 3555 1281 nempe
3581 1212 3686 1266 lin-

2116 1315 2275 1369 guam
2321 1301 2462 1358 hanc
2505 1303 2791 1358 confertim
2840 1304 3002 1359 simul
3039 1311 3162 1374 post
3206 1303 3575 1373 egressionem
3621 1317 3690 1356 ex

2116 1392 2353 1464 Egypto
2413 1396 2559 1463 genti
2621 1396 3046 1466 extemporalem
3115 1395 3314 1450 factam
3377 1389 3567 1449 fuisse.
3622 1393 3691 1448 Et

2117 1484 2306 1537 nescio
2339 1485 2464 1554 quis
2489 1486 2776 1555 PrOpheta
2823 1501 3002 1541 sermo
3035 1487 3143 1540 tale
3191 1485 3324 1556 quid
3367 1486 3687 1552 conﬁrmat;

2118 1588 2268 1641 nam,
2311 1575 2453 1629 Dum
2499 1592 2565 1631 ea:
2597 1575 2830 1648 Egypto
2866 1581 2974 1647 ipse
3009 1577 3356 1650 egrederetur,
3405 1589 3556 1639 tunc.
3606 1578 3691 1632 itt-

2119 1665 2276 1735 quit,
2329 1666 2567 1736 linguam
2635 1685 2794 1737 quam
2849 1685 2952 1722 non
3003 1678 3218 1723 noverat
3264 1669 3466 1724 audivit
3507 1669 3572 1722 ⁸³.
3631 1667 3690 1722 Si

2125 1755 2290 1825 igitur
2346 1755 2526 1812 Moses
2579 1756 2864 1823 Hebraeus,
2907 1760 3028 1814 aliis
3077 1770 3258 1815 autem
3298 1762 3568 1828 posterior
3607 1769 3692 1814 est

439 1847 547 1900 τῶν
589 1848 856 1919 Ἐϐραίων
910 1851 1083 1923 φωνὴ,
1113 1853 1142 1904 ὁ
1181 1854 1318 1923 μετά
1363 1855 1460 1925 τὴν
1505 1855 1600 1907 τοῦ
1659 1854 1864 1924 κόσμου
1917 1855 2013 1907 σύ-

2124 1846 2474 1902 ilebrtnorum
2521 1850 2729 1919 lingua,
2764 1853 2853 1919 qtti
2904 1853 3063 1921 longe
3095 1861 3219 1922 post
3262 1852 3448 1906 mundi
3482 1853 3692 1906 consti-

439 1955 626 1992 στασιν
680 1940 903 2012 ὕστερον
943 1945 1215 2012 γεγονὼς,
1253 1947 1344 2000 καὶ
1387 1949 1451 2018 τῇ
1481 1949 1604 2000 κατ’
1637 1947 1828 2000 ἑαυτὸν
1864 1950 2014 2018 φωνῇ

440 2029 535 2092 τὰς
574 2029 667 2082 τοῦ
714 2031 847 2084 Θεοῦ
889 2032 1242 2103 διηγούμενος
1289 2037 1508 2106 ῥήσεις,
1557 2033 1647 2106 ἆρ’
1685 2037 1806 2106 οὐχὶ
1833 2038 2018 2106 σαφῶς

440 2121 676 2176 διδάσκει
713 2123 774 2176 τὸ
810 2122 884 2194 μὴ
917 2125 1169 2195 τοιαύτην
1216 2127 1398 2196 φωνὴν
1425 2128 1523 2197 τὴν
1549 2129 1689 2180 κατὰ
1735 2128 2019 2198 ἄνθρωπον

441 2213 916 2285 σχηματιζομένην
964 2216 1301 2287 ἀναγράφειν
1345 2218 1438 2269 ἐπὶ
1466 2217 1626 2276 Θεοῦ,
1666 2217 1801 2271 ἀλλά
1847 2218 2018 2271 ταῦτα

443 2304 541 2373 μὲν
602 2303 780 2373 λέγειν
828 2305 915 2359 διὰ
977 2309 1038 2360 τὸ
1090 2307 1223 2379 μηδὲ
1275 2307 1498 2361 δυνατὸν
1540 2305 1675 2362 εἶναι
1732 2309 1792 2361 τὸ
1832 2309 2019 2380 νοηθὲν

441 2394 639 2466 ἑτέρως
678 2397 852 2448 εἰπεῖν
895 2395 1321 2468 ἢάνθρωπίναις
1363 2403 1597 2469 φωναῖς·
1649 2400 1930 2470 σημαίνειν
1963 2401 2019 2453 δὲ

441 2485 528 2539 διὰ
565 2487 673 2540 τῶν
721 2487 1026 2559 λεγομένων
1083 2491 1357 2562 θεοπρεπῆ
1393 2510 1512 2545 τινα
1561 2493 1654 2546 καὶ
1688 2493 2023 2563 μεγαλοφυε-

441 2577 636 2650 στέραν
663 2579 899 2634 διάνοιαν
920 2598 934 2647 ;
958 2581 1030 2633 Τὸ
1059 2581 1167 2654 γὰρ
1197 2581 1403 2636 οἴεσθαι
1429 2587 1494 2654 τῇ
1539 2585 1776 2654 Ἐϐραΐδι
1802 2584 2022 2658 γλώσσῃ

443 2669 532 2722 τόν
581 2669 712 2723 Θεὸν
768 2671 1098 2741 κεχρῆσθαι,
1142 2675 1368 2744 μηδενὸς
1421 2675 1572 2737 ὄντος
1623 2675 1716 2728 τοῦ
1765 2676 2020 2747 τοιαύτης

445 2762 626 2832 φωνῆς
665 2763 967 2827 ἐπαϊοντος,
998 2765 1102 2816 οὐκ
1136 2762 1253 2818 οἶδα
1287 2766 1402 2829 πῶς
1431 2769 1458 2818 ό
1485 2767 1860 2837 λελογισμένος
1895 2786 2020 2820 συν-

445 2853 689 2924 θήσεται.
744 2856 830 2908 Ἑν
873 2861 990 2920 ταῖς
1022 2857 1256 2928 Πράξεσι
1293 2858 1694 2929 μεμαθήκαμεν
1740 2860 1828 2913 διὰ
1867 2861 2022 2914 τοῦτο

448 2947 544 3017 τὴν
578 2946 727 3000 θείαν
757 2948 982 3020 δύναμιν
1016 2953 1094 3014 είς
1134 2951 1333 3014 πολλὰς
1375 2951 1673 3021 διεσχίσθαι
1711 2953 1912 3023 φωνὰς,
1947 2955 2022 3018 ὡς

447 3036 513 3092 ἃν
541 3039 728 3109 μηδεὶς
756 3041 863 3093 τῶν
896 3041 1312 3112 ἐτερογλὼσσων
1352 3045 1703 3116 ἀποστεροῖτο
1747 3049 1848 3116 τῆς
1879 3047 2024 3115 ὠφε-

450 3130 625 3194 λείας.
665 3133 722 3185 Ὀ
748 3133 803 3185 δὲ
832 3134 964 3196 Θεὸς
1003 3135 1108 3206 πρὸ
1147 3135 1246 3205 τῆς
1276 3136 1505 3200 κτίσεως
1532 3138 1892 3208 ἀνθρωπικῶς
1917 3140 2024 3192 διε-

448 3222 654 3291 λέγετο,
687 3227 808 3278 τίνα
834 3226 1061 3295 ὠφελεῖν
1089 3226 1295 3296 μέλλων
1321 3228 1384 3280 ἐκ
1410 3228 1507 3298 τῆς
1529 3230 1780 3298 τοιαύτης
1805 3231 2019 3300 φωνῆς;

447 3315 510 3368 τὸ
562 3316 660 3387 μὲν
700 3317 808 3389 γάρ
861 3317 1290 3372 συνδιατίθεσθαι
1336 3321 1401 3390 τῇ
1445 3320 1552 3374 τῶν
1602 3322 1904 3373 ἀκουόντων
1932 3323 2024 3373 δυ-

449 3409 613 3480 νάμει
647 3408 739 3461 τὸν
772 3408 927 3477 λόγον
959 3410 1092 3481 πρὸς
1122 3409 1213 3461 τὸν
1239 3409 1339 3477 τῆς
1366 3409 1631 3477 ὠφελείας
1661 3412 1878 3475 σκοπὸν,
1905 3411 2024 3464 οὐδὲ

449 3499 516 3553 ἄν
541 3517 626 3562 τις
648 3497 864 3564 ἀνάξιον
908 3500 1008 3570 τῆς
1035 3499 1185 3563 θείας
1221 3495 1360 3552 εἶναι
1394 3501 1798 3572 φιλανθρωπίας
1829 3503 2024 3555 ὑποτο-

452 3590 700 3662 πήσειεν,
724 3590 847 3644 ἐπεὶ
877 3591 970 3644 καὶ
989 3590 1198 3654 Παῦλος
1225 3593 1254 3644 ὁ
1285 3592 1526 3662 μιμητὴς
1545 3591 1638 3646 τοῦ
1661 3594 1864 3664 Κυρίου
1889 3593 2024 3665 πρὸς

451 3679 550 3744 τὰς
576 3681 685 3734 τῶν
709 3682 1011 3735 ἀκουόντων
1048 3681 1210 3748 ἕξεις,
1247 3678 1386 3735 οἶδεν
1432 3684 1706 3756 ἁρμοδίως
1733 3684 1824 3738 τὸν
1869 3684 2025 3753 λόγον

457 3773 958 3845 μεταχειρίζεσθαι·
995 3775 1134 3842 γάλα
1165 3777 1277 3837 τοῖς
1313 3775 1529 3844 νηπίοις
1574 3777 1891 3846 γινόμενος,
1932 3778 2026 3830 καὶ

455 3865 650 3935 στερεὰ
678 3869 789 3928 τοῖς
829 3864 1052 3928 τελείοις
1087 3869 1281 3936 τροφή.
1332 3867 1404 3918 Τὸ
1455 3869 1681 3938 μηδενὸς
1730 3869 2027 3939 κατορθου-

457 3957 621 4024 μένου
657 3957 857 4010 σκοποῦ
889 3957 977 4010 διά
1006 3959 1105 4028 τῆς
1133 3958 1228 4011 τοῦ
1266 3959 1424 4028 λόγου
1462 3960 1716 4028 τοιαύτης
1753 3961 2020 4032 χρήσεως,

455 4048 644 4102 ἔπειτα
677 4049 1103 4114 κατασκευάζειν
1139 4050 1315 4103 τοιάδε
1347 4051 1469 4104 τινὰ
1513 4053 1734 4123 ῥήματα
1768 4053 1859 4104 τὸν
1897 4053 2028 4106 Θεὸν

455 4142 540 4210 ἐφ’
582 4141 772 4195 ἑαυτοῦ
797 4141 1084 4212 ῥαψῳδεῖν,
1111 4142 1211 4195 οὐκ
1240 4142 1391 4206 ὄντος
1416 4135 1509 4196 τοῦ
1538 4143 1789 4212 δεομένου
1813 4145 1911 4214 τῆς
1939 4145 2027 4198 διὰ

455 4232 565 4286 τῶν
598 4231 851 4285 τοιούτων
890 4231 1081 4300 φωνῶν
1138 4232 1445 4302 σημασίας,
1478 4233 1578 4284 οὐκ
1606 4227 1722 4285 οἶδα
1757 4232 1872 4292 πῶς
1913 4234 2027 4284 ἐστι

461 4325 534 4395 μὴ
566 4324 967 4392 καταγέλαστον
1017 4325 1131 4394 ἅμα
1171 4326 1265 4377 καὶ
1317 4325 1630 4394 βλάσφημον
1685 4325 1745 4378 τὸ
1791 4325 2028 4378 τοιοῦτον

455 4417 685 4469 οἴεσθαι.
735 4415 870 4469 Οὔτε
903 4411 994 4468 οὖν
1047 4416 1271 4486 Ἐϐραία
1303 4416 1396 4469 τοῦ
1439 4416 1572 4468 Θεοῦ
1618 4420 1650 4487 ἡ
1690 4419 1862 4487 φωνὴ,
1906 4417 2027 4470 οὔτε

456 4508 578 4562 καθ’
610 4507 868 4577 ἑκάτερόν
895 4525 1014 4560 τινα
1043 4507 1210 4560 τύπον
1237 4508 1342 4561 τῶν
1381 4510 1438 4561 ἐν
1471 4513 1582 4572 τοῖς
1615 4511 1790 4562 ἔθνεσι
1817 4527 2026 4579 νενομι-
2062 4499 2101 4550 Ῑ)

459 4597 672 4665 σμένων
706 4596 1106 4667 προφερομένη,
1132 4597 1245 4650 ἀλλ’
1271 4600 1385 4650 ὅσοι
1413 4598 1505 4650 τοῦ
1533 4599 1664 4652 Θεοῦ
1699 4600 1844 4668 λόγοι
1878 4600 2029 4670 παρά

456 4687 550 4740 τοῦ
584 4687 887 4752 Μωῡσέως,
1007 4688 1113 4740 τῶν
1152 4689 1448 4760 προφητῶν
1487 4691 1893 4762 ἀνεγράφησαν,
1945 4693 2031 4742 ὲν-

455 4780 647 4844 δείξεις
681 4781 787 4832 εἰσὶ
829 4779 923 4831 τοῦ
956 4779 1099 4832 θείου
1135 4780 1470 4851 θελήματος,
1518 4783 1692 4846 ἄλλως
1723 4785 1815 4837 καὶ
1856 4784 2028 4849 ἄλλως

457 4873 596 4926 κατά
630 4872 726 4941 τὴν
756 4871 911 4937 ἀξίαν
942 4871 1050 4925 τῶν
1084 4875 1416 4944 μετεχόντων
1447 4876 1544 4944 τῆς
1571 4876 1790 4945 χάριτος
1822 4876 1900 4946 τῷ
1934 4894 2030 4929 κα-

460 4964 610 5035 θαρῷ
649 4980 708 5016 τε
769 4965 862 5016 καὶ
910 4963 1218 5034 ἡγεμονικῷ
1261 4966 1369 5017 τῶν
1420 4967 1590 5034 ἀγίων
1631 4968 2024 5037 ὲλλάμπουται.

459 5057 665 5111 Οὐκοῦν
710 5057 1005 5126 ἐφθέγγετο
1049 5060 1147 5129 μὲν
1197 5060 1225 5110 ὀ
1271 5059 1509 5128 Μωϋσῆς
1541 5059 1615 5122 ὡς
1663 5061 1925 5128 ἐπεφύκει
1969 5078 2028 5112 τε

459 5152 554 5204 καὶ
606 5150 962 5204 πεπαίδευτο⁹
1011 5150 1318 5221 προσετίθει
1355 5151 1411 5203 δὲ
1454 5152 1530 5221 τῷ
1570 5151 1688 5221 Θεῷ
1718 5151 1814 5214 τὰς
1849 5150 2032 5220 φωνὰς

455 5240 689 5303 ταύτας,
722 5240 906 5305 καθὼς
955 5241 1171 5312 εἴρηται
1221 5240 1506 5302 πολλάκις,
1555 5239 1642 5292 διὰ
1669 5239 1729 5291 τὸ
1762 5239 2031 5308 νηπιῶδες

456 5331 565 5384 τῶν
602 5331 725 5403 ἄρτι
759 5336 825 5403 τῇ
852 5333 1151 5404 θεογνωσίᾳ
1178 5329 1625 5402 προσαγομένων,
1661 5330 1796 5401 πρὸς
1825 5331 2027 5402 ἐναργῆ

455 5437 514 5472 τε
565 5422 904 5491 παράστασιν
955 5421 1050 5476 τοῦ
1079 5421 1235 5479 Θείου
1289 5421 1653 5492 βουλήματος,
1706 5422 1800 5475 καὶ
1849 5421 1924 5484 ῶς
1963 5420 2029 5474 ἂν

456 5512 902 5585 εὐπειθεστέρους
920 5514 1293 5586 ἀπεργάσαιτο
1323 5516 1448 5577 τοὺς
1473 5514 1766 5579 ἀκούοντας
1791 5517 1858 5586 τῇ
1881 5515 2028 5582 ἀξιο-

456 5605 648 5676 πιστίᾳ
675 5606 768 5659 τοῦ
789 5607 1071 5679 εἰρηκότος
1092 5607 1560 5677 δυσωπουμένους.

528 5784 574 5817 ⁸³
599 5780 744 5841 Psai.
779 5800 942 5852 Lux,
975 5787 1026 5840 6.
1105 5785 1150 5819 “
1181 5785 1344 5844 Uebr.
1381 5803 1431 5853 ν,
1475 5786 1555 5841 19..

2121 1940 2390 1993 tutionem
2443 1948 2609 1995 natus
2670 1953 2772 2002 est,
2822 1952 2874 1997 et
2931 1946 3025 2012 qui
3086 1945 3302 2014 propria
3357 1944 3538 2013 lingua
3595 1942 3692 1999 Dei

2119 2031 2427 2089 locutiones
2459 2044 2703 2097 enarrat,
2732 2051 2799 2090 an
2830 2052 2935 2090 non
2966 2037 3112 2091 clare
3145 2038 3323 2097 docet,
3361 2037 3500 2090 banc
3530 2037 3690 2091 talem

2121 2137 2306 2176 vocem
2343 2122 2412 2177 ad
2470 2124 2767 2178 humanum
2819 2126 3038 2180 ntodt'tm
3091 2128 3377 2197 ﬁguratam
3425 2126 3534 2182 Deo
3582 2143 3692 2182 non

2120 2215 2418 2278 ascribere,
2469 2216 2563 2270 sed
2605 2216 2722 2271 hac
2763 2218 2983 2287 quidem
3033 2219 3238 2285 dicere,
3275 2220 3399 2288 quia
3441 2218 3552 2272 lieri
3584 2233 3695 2274 non

2121 2306 2293 2373 pOSsit
2326 2316 2383 2360 ut
2425 2309 2570 2378 quod
2600 2310 2897 2379 cogitatum
2942 2318 3026 2366 est
3077 2311 3232 2365 aliter
3266 2327 3427 2381 quam
3460 2313 3694 2365 vocibus

2125 2398 2386 2454 humanis
2419 2402 2789 2470 exprimatur;
2824 2418 2920 2471 per
2948 2419 3011 2456 ea
3058 2412 3241 2458 autem
3293 2418 3414 2473 qua:
3439 2403 3699 2457 dicuntur

2123 2489 2234 2543 Deo
2284 2491 2539 2546 decoram
2573 2501 2628 2547 et
2661 2493 3003 2563 ruaguzﬁeam
3051 2495 3345 2564 quamdam
3388 2495 3700 2562 intelligen-

2124 2582 2252 2635 tiam
2309 2583 2659 2653 signiiicare?
2714 2583 3006 2655 .Siquidetu
3052 2597 3243 2654 putare
3293 2585 3459 2640 Deum
3513 2585 3698 2654 lingua

2125 2674 2391 2729 llebraica
2433 2692 2591 2730 usum
2632 2676 2823 2740 fuisse,
2858 2693 2981 2732 cum
3017 2679 3202 2732 nullus
3231 2687 3376 2733 esset
3406 2678 3496 2746 qui
3534 2677 3697 2730 talem

2124 2780 2310 2820 vocem
2362 2766 2602 2833 audiret,
2636 2769 2827 2822 nescio
2865 2771 3136 2838 quomodo
3165 2770 3260 2838 qui
3308 2777 3456 2821 recta
3488 2770 3699 2822 ratione

2124 2873 2260 2912 usus
2311 2858 2474 2913 fuerit
2517 2864 2873 2915 assentietttr.
2918 2860 2974 2915 In
3025 2861 3173 2917 Actis
3202 2863 3569 2930 apostolorum
3614 2861 3699 2914 di-

2123 2951 2378 3014 dicimus,
2435 2950 2640 3005 idcirco
2689 2952 2794 3004 vim
2852 2950 3088 3006 divinant
3143 2954 3196 3005 in
3248 2954 3447 3006 multas
3484 2953 3702 3024 linguas

2124 3040 2356 3095 divisam
2382 3040 2571 3103 fuisse,
2602 3049 2660 3095 ut
2688 3042 2873 3096 nullus
2900 3057 3089 3096 eorum
3115 3042 3208 3112 qui
3233 3043 3464 3098 diversis
3496 3043 3698 3114 lingzi'e

2051 3165 2092 3222 ο
2127 3140 2413 3197 uterentur
2464 3133 2702 3187 utilitate
2757 3133 3084 3202 privaretur.
3146 3134 3288 3190 Deus
3338 3143 3520 3190 autem
3571 3145 3701 3190 ante

2124 3224 2461 3279 creationem
2529 3224 2768 3278 humano
2815 3241 2965 3280 more
3030 3226 3356 3290 disserebat,
3403 3243 3696 3298 quemnam

2125 3318 2228 3371 hac
2283 3318 2377 3370 tali
2407 3332 2540 3371 voce
2575 3318 2903 3386 adjuturos?
2935 3333 3239 3372 sermonem
3269 3320 3412 3373 eniut
3459 3319 3701 3374 aliectio—

2125 3423 2248 3462 nem
2289 3408 2582 3476 quamdam
2621 3409 2823 3464 habere
2869 3424 2992 3462 cum
3040 3409 3384 3464 audientium
3442 3409 3701 3465 facultate

2126 3499 2194 3552 ad
2238 3498 2492 3553 utilitatis
2543 3514 2796 3570 scopum,
2851 3501 3036 3555 nullus
3079 3501 3263 3556 divina
3322 3503 3700 3557 benevolentia

2126 3602 2255 3659 erga
2304 3603 2482 3660 genus
2532 3589 2828 3644 humanum
2875 3607 2998 3646 esse.
3048 3591 3329 3662 indignum
3390 3594 3702 3664 suspicatus

2129 3678 2317 3745 fuerit,
2364 3681 2621 3750 quoniam
2677 3680 2883 3738 Paulus
2931 3682 3141 3736 Domini
3195 3683 3438 3738 imitator
3494 3686 3558 3739 atl
3603 3701 3702 3740 au-

2130 3771 2393 3826 dientium
2430 3773 2651 3829 habitus
2705 3774 2854 3828 novit
2885 3775 3272 3830 convenienter
3299 3784 3352 3830 et
3389 3791 3702 3832 accommo-

2129 3865 2256 3918 date
2287 3879 2600 3919 sermonem
2641 3865 3048 3928 administrare,
3089 3866 3171 3920 lae
3197 3865 3418 3935 quidem
3457 3869 3702 3938 parvuli.

2131 3959 2336 4021 factus,
2382 3956 2583 4012 adultis
2625 3972 2755 4011 vero
2789 3967 2844 4012 et
2897 3956 3152 4026 perfectis
3193 3958 3350 4012 cibus
3380 3958 3588 4014 solidus
3630 3959 3699 4016 ⁸⁸.

2130 4047 2284 4114 Quod
2325 4049 2372 4104 si
2415 4064 2537 4102 cum
2595 4049 2778 4103 nullus
2827 4048 3096 4117 dirigatur
3148 4049 3348 4118 scoptts
3392 4065 3490 4119 per
3535 4050 3700 4105 talem

2131 4141 2401 4195 sermonis
2422 4129 2607 4207 usum,
2643 4141 2768 4209 quis
2796 4148 3010 4194 astruat
3043 4139 3212 4195 Deum
3245 4141 3302 4196 in
3338 4143 3518 4211 seipso
3549 4150 3700 4197 certa

2130 4231 2377 4300 quazdam
2429 4232 2593 4285 verba
2641 4247 2928 4295 censuere,
2990 4233 3036 4286 si
3087 4248 3194 4286 non
3245 4241 3330 4286 est
3395 4233 3490 4302 qui
3545 4243 3702 4304 egeat

2133 4323 2530 4391 signiﬁcatione
2587 4340 2709 4393 qua:
2756 4325 2812 4377 ﬁt
2852 4341 2946 4394 per
3003 4323 3272 4392 ejusmodi
3320 4340 3503 4386 voces,
3556 4321 3718 4380 haud

2133 4417 2248 4470 scio
2290 4416 2564 4483 quomodo
2613 4433 2719 4470 non
2763 4417 2865 4469 hoc
2906 4417 3064 4470 liceat
3107 4417 3394 4470 ridiculum
3438 4417 3601 4471 simul
3649 4425 3702 4471 et

2135 4511 2360 4578 impium
2406 4510 2705 4563 convitiunt
2757 4524 2967 4579 putare.
3024 4509 3208 4579 Neque
3255 4510 3421 4577 igitur
3471 4507 3697 4563 Hebraea

2137 4599 2227 4652 Dei
2274 4617 2398 4663 vox,
2451 4591 2628 4670 neque
2679 4602 2977 4656 secundum
3029 4602 3188 4654 aliam
3240 4601 3467 4654 fortnam
3511 4597 3710 4655 eorum'
3765 4609 3768 4612 '

2135 4707 2256 4760 qua:
2296 4693 2349 4745 in
2400 4693 2654 4762 gentibus
2697 4708 2797 4745 ttsu
2845 4701 3062 4760 recepta
3107 4698 3252 4753 sunt,
3306 4689 3700 4759 proferebatur,

2136 4782 2228 4835 sed
2261 4784 2578 4853 quicunque
2611 4782 2702 4836 Dei
2738 4797 3021 4836 sermones
3049 4797 3078 4834 a
3119 4781 3266 4835 Mose
3305 4783 3386 4835 vel
3422 4782 3702 4850 prophetis

2135 4874 2398 4944 descripti
2447 4883 2597 4935 sunt,
2625 4874 2820 4928 divina-
2843 4873 3137 4927 voluntatis
3163 4880 3290 4926 sunt
3321 4872 3701 4937 indicationes,

2132 4963 2290 5016 aliter
2333 4969 2498 5032 atque
2544 4963 2700 5017 aliter
2742 4978 2839 5032 pro
2893 4963 3104 5016 ratione
3149 4976 3338 5015 eorum
3388 4961 3479 5030 qui
3515 4968 3703 5034 grauat:

2135 5057 2269 5108 littnt
2298 5056 2616 5124 participes,
2649 5065 2965 5109 sanctorum
2997 5068 3132 5120 puro
3156 5061 3210 5106 et
3243 5053 3474 5107 rationis
3501 5055 3703 5108 tenenti

2133 5144 2501 5214 principatum
2546 5145 2846 5199 intellectui
2890 5145 3294 5200 iliucescentes.
3338 5143 3480 5214 Ergo
3521 5145 3706 5214 loque-

2133 5239 2296 5293 batur
2344 5235 2523 5291 Moses
2570 5236 2713 5291 sicut
2771 5245 2939 5290 natus
2990 5244 3106 5290 erat
3147 5243 3202 5288 et
3252 5234 3534 5300 eruditus;
3603 5233 3707 5284 Dim

2136 5341 2316 5388 autem
2342 5332 2675 5388 attribuebat
2699 5333 2800 5386 has
2830 5346 3014 5394 voces,
3039 5341 3098 5385 ut
3129 5331 3333 5385 dictum
3368 5337 3452 5384 est
3485 5329 3705 5396 saepius.

2137 5433 2360 5494 propter
2386 5423 2647 5493 puerilem
2691 5422 3120 5478 imbecillitatem
3160 5435 3350 5474 eorum
3385 5420 3476 5489 qui
3512 5421 3578 5472 ad
3615 5416 3707 5472 Dei

2135 5512 2502 5584 cognitionem
2552 5511 2996 5575 adducebantur,
3053 5519 3108 5565 et
3159 5511 3227 5564 ad
3293 5510 3601 5566 evidentem
3657 5514 3710 5561 et

2137 5605 2338 5661 claram
2375 5604 2572 5662 divina:
2620 5604 2917 5662 voluntatis
2949 5604 3384 5675 expressionem.
3415 5613 3468 5660 ct
3499 5611 3558 5657 ut
3588 5602 3702 5658 obe
