4146 6386
466 396 573 457 999

1679 388 1738 451 Β.
1771 382 2101 449 GREGOBJI
2141 379 2438 447 NYSSENI

3612 396 3752 451 ιοοιι

467 512 769 569 tlieutiores
805 520 861 568 et
916 511 984 567 ad
1056 510 1359 581 parendum
1425 509 1700 568 faciliores
1770 508 2009 567 ediceret
2079 507 2386 571 auditores,
2434 509 2646 566 veritos
2682 504 3091 567 "auctoritatem
3145 520 3204 569 et
3254 512 3576 584 dignitatem
3632 514 3754 580 eius

467 607 561 676 qui
620 608 773 675 ipsos
821 613 967 665 esset
1024 606 1319 659 allocutus.

534 698 648 755 Sed
701 707 859 769 negat
886 696 1216 760 .Eunomius,
1264 698 1359 767 qui
1410 697 1537 751 talia
1571 697 1626 751 in
1674 712 1777 753 nos
1825 694 2061 750 convitia
2091 696 2139 752 Α

468 791 697 861 profert,
763 792 854 861 qui
904 791 1109 845 illicita:
1159 799 1211 845 et
1261 790 1481 845 nefaria:
1528 789 1945 845 consuetudinis
1986 789 2072 841 est

472 885 642 940 haeres
685 892 740 938 et
782 892 1081 953 patronus;
1129 898 1392 937 conversa
1442 885 1590 937 enim
1638 882 1970 936 contumelia
2016 880 2071 932 in

473 978 647 1046 ipsius
690 977 1046 1046 ignominiam
1090 977 1331 1047 propriis
1376 991 1501 1030 eum
1544 974 1731 1030 verbis
1780 972 2068 1042 excipiam.

474 1067 578 1125 Sed
614 1070 792 1137 ipsum
826 1068 930 1122 sibi
976 1068 1179 1122 Mosem
1235 1067 1555 1123 testimonio
1603 1081 1706 1120 suo
1739 1060 2071 1133 patrocinari

470 1160 780 1221 confirmat,
819 1159 966 1231 quod
1002 1160 1257 1214 videlicet
1298 1174 1327 1212 a
1370 1159 1481 1213 Deo
1514 1159 1604 1227 qui
1649 1166 1900 1211 naturam
1941 1168 2074 1207 eon-

472 1255 631 1315 didit.
662 1263 718 1309 et
747 1269 936 1308 eorum
969 1268 1092 1322 quae
1120 1253 1477 1306 nominantur
1524 1259 1579 1305 et
1621 1250 1905 1303 nominum
1943 1261 2074 1299 usus

473 1344 785 1398 hominibus
815 1343 976 1397 datus
1005 1353 1107 1406 est,
1138 1350 1193 1396 et
1227 1342 1375 1412 quod
1408 1356 1598 1395 eorum
1626 1356 1749 1409 quae
1785 1339 1913 1392 data
1948 1344 2075 1393 sunt

476 1436 766 1504 appellatio
816 1436 1084 1490 utentium
1149 1435 1503 1499 generatione
1544 1439 1623 1487 est
1668 1432 1943 1501 superior,
1993 1431 2075 1485 sic

476 1529 660 1580 omnia
719 1526 786 1581 ad
848 1526 1074 1581 verbum
1132 1526 1395 1588 locutus,
1458 1525 1729 1594 siquidem
1793 1523 2075 1593 proprium

476 1631 675 1675 nactus
701 1627 785 1673 est
817 1620 1049 1687 aliquem
1086 1617 1312 1684 Mosem,
1340 1634 1369 1671 a
1399 1634 1510 1688 quo
1545 1618 1659 1671 haec
1714 1617 1931 1671 erudita
1973 1614 2074 1668 do-

478 1724 652 1777 cetur,
684 1720 845 1781 atque
872 1712 1028 1765 illinc
1068 1711 1331 1767 incitatus
1373 1713 1577 1765 talibus
1609 1709 1836 1764 conﬁdit
1864 1722 2077 1764 sermo-

479 1806 662 1864 nibus.
688 1805 833 1873 quod
874 1804 1014 1860 Deus
1062 1805 1179 1874 lege
1213 1805 1412 1865 sancit,
1450 1803 1593 1858 sicut
1623 1803 1712 1856 hic
1759 1803 1875 1870 ipse
1920 1801 2074 1863 dicit,

480 1897 761 1950 hominum
794 1895 1084 1960 dictiones,
1119 1896 1198 1950 sic
1233 1896 1434 1963 jubens
1468 1902 1521 1949 ct
1569 1895 1727 1947 aliter
1776 1893 2075 1963 prohibens

480 1988 645 2041 rebus
671 2002 833 2041 voces
866 1987 1070 2057 imponi
1110 1994 1296 2040 utatur
1331 2001 1433 2055 pro
1468 2002 1569 2041 suo
1600 1986 1864 2038 arbitratu
1895 1984 2074 2054 nugis,

482 2079 786 2147 adjutoretn
820 2079 1028 2133 habens
1053 2081 1320 2134 sermonis
1341 2078 1616 2131 occultum
1649 2077 1812 2131 istmn
1848 2074 2075 2130 Mosem.

493 2173 649 2240 Quod
685 2173 728 2226 si
752 2176 901 2226 solus
931 2180 1015 2225 est
1046 2170 1242 2233 Moses,
1268 2172 1428 2239 cujus
1460 2170 1741 2239 Scriptura
1769 2170 2078 2223 communis

480 2275 565 2321 cst
596 2265 884 2334 disciplina
917 2264 999 2318 his
1032 2264 1121 2332 qui
1156 2263 1401 2316 divinum
1433 2277 1739 2317 sermonem
1775 2260 1920 2313 docti
1948 2262 2078 2319 sint,

482 2357 988 2411 condemnationem
1015 2356 1371 2424 accipiemus,
1402 2355 1446 2407 si
1483 2369 1513 2406 a
1546 2353 1713 2408 Mosis
1739 2353 1855 2422 lege
1896 2353 2082 2406 redar-

482 2450 717 2517 guimur.
755 2446 985 2503 Ubinam
1008 2464 1139 2517 ergo
1167 2448 1235 2501 de
1261 2447 1441 2500 verbis
1471 2453 1525 2499 et
1567 2445 1880 2499 nominibus
1909 2444 2079 2514 lcgcm

483 2539 727 2595 invenit?
764 2539 821 2592 In
848 2539 968 2607 ejus
1008 2541 1230 2606 scriptis
1262 2538 1584 2607 proponitur
1614 2535 1800 2589 mundi
1849 2536 2077 2598 crcatio,

483 2640 538 2687 et
581 2632 839 2700 deinceps
893 2631 1175 2684 hominum
1238 2631 1652 2699 generationum
1709 2626 1979 2685 recensio,
2029 2634 2084 2680 et

484 2725 849 2795 quarumdam
919 2738 1104 2777 rerum
1162 2723 1414 2787 historia,
1474 2729 1528 2776 ct
1586 2721 1738 2774 varia
1794 2720 2080 2790 legislatio,

485 2818 661 2889 deque
688 2818 775 2872 bis
805 2831 924 2886 qua:
975 2816 1042 2869 ad
1078 2830 1271 2869 verum
1304 2814 1397 2869 Dei
1436 2813 1645 2866 cultum
1692 2811 1987 2880 pertinent,
2030 2816 2085 2863 et

485 2925 608 2979 quae
638 2909 689 2961 in
732 2908 855 2959 vitae
910 2907 1124 2959 ratione
1170 2911 1298 2958 sunt
1360 2900 1724 2965 observanda,
1784 2900 1899 2954 haec
1957 2905 2085 2954 sunt

489 3000 660 3055 llosis
688 2998 984 3067 Scriptura:
1022 2997 1297 3067 praecipua
1338 2995 1538 3063 capita.
1574 2992 1733 3058 Quod
1780 2993 1827 3045 si
1864 2991 1952 3045 hic
1985 3005 2085 3044 au-

488 3099 660 3147 tumat
685 3106 807 3145 esse
838 3090 1075 3160 aliquam
1118 3091 1412 3142 verborum
1449 3084 1864 3155 legislationem,
1901 3090 2087 3135 osten-

486 3184 581 3238 dat
614 3184 809 3253 legem,
839 3189 891 3235 et
922 3196 1023 3249 ego
1070 3179 1282 3233 tacebo.
1326 3178 1431 3232 Sed
1474 3193 1583 3230 non
1632 3182 1819 3245 posset
1864 3175 2082 3236 dicere;

489 3292 597 3329 non
629 3276 774 3331 enim
817 3272 1148 3328 clarioribus
1189 3271 1414 3325 omissis
1446 3266 1961 3323 confirmationibus
1994 3265 2084 3318 illa

2250 688 2389 745 Ἀλλ’
2421 691 2481 744 οὗ
2525 708 2692 763 φησιν
2729 694 2757 747 6
2785 693 3071 762 Εὐνόμιος,
3094 695 3121 746 6
3148 692 3406 757 τοιαύτας
3444 693 3567 746 καθ’
3595 692 3755 761 ἡμῶν

2171 781 2271 846 τάς
2302 782 2572 853 λοιδορίας
2624 785 2941 855 προφέρων,
2980 787 3008 839 6
3036 785 3136 854 τῆς
3168 784 3437 856 ἐκθέσμου
3469 784 3755 855 συνηθείας

2174 874 2505 943 κληρονόμος
2517 890 2574 926 τε
2593 875 2687 927 καὶ
2706 877 3019 946 συνήγορος·
3036 875 3347 942 ὑπαλλάξας
3364 876 3472 948 γὰρ
3484 875 3579 945 τὴν
3596 875 3662 927 65
3669 893 3754 946 ριν

2175 967 2255 1028 είς
2294 965 2520 1035 ἀτιμίαν
2549 970 2662 1029 τοῖς
2699 967 2848 1029 ἰδίοις
2880 967 3041 1020 αὑτὸν
3072 967 3419 1038 δεξιώσομαι.
3468 962 3606 1020 Ἀλλ’
3660 971 3757 1021 αὑ-

2174 1057 2265 1109 τὸν
2292 1056 2438 1126 αὖτῷ
2468 1062 2763 1128 μαρτυρεῖν
2789 1059 2881 1112 τὸν
2910 1060 3150 1113 Μωῦσέα
3171 1049 3581 1130 διῐσχυρίζεται,
3606 1060 3758 1131 παρᾶ

2175 1148 2269 1201 τοῦ
2331 1149 2867 1220 δημιουργήσαντος,
2908 1151 3005 1221 τὴν
3058 1150 3216 1221 φύσιν
3267 1150 3600 1223 δεδωρῆσθαι
3646 1155 3759 1215 τοῖς

2176 1241 2484 1313 ἀνθρώποις
2523 1243 2631 1295 τῶν
2660 1262 2717 1296 τε
2767 1245 3183 1314 ὀνομαζομένων
3220 1245 3315 1297 καὶ
3342 1245 3449 1297 τῶν
3478 1246 3757 1316 ὀνομάτων

2176 1332 2276 1402 τὴν
2299 1331 2514 1403 χρῆσιν,
2547 1330 2641 1385 καὶ
2671 1334 2768 1404 τήν
2807 1350 2871 1401 γε
2901 1334 3009 1386 τῶν
3047 1334 3345 1403 δεδομένων
3392 1335 3581 1405 κλῆσιν
3619 1338 3761 1389 ἀνω·

2178 1423 2341 1494 τέραν
2389 1420 2530 1479 εἶναι
2586 1424 2686 1493 τῆς
2736 1425 2842 1478 τῶν
2886 1425 3182 1495 χρωμένων
3227 1425 3513 1493 γενέσεως,
3561 1428 3760 1482 οὑτωσὶ

2179 1520 2357 1572 πάντα
2390 1518 2531 1571 κατὰ
2558 1518 2703 1585 λέξιν
2744 1518 2914 1571 εἰπάν
2938 1535 2951 1548 ·
2986 1520 3035 1571 εἰ
3069 1514 3166 1588 μὲν
3206 1514 3298 1572 οὖν
3331 1519 3456 1572 ἴδιον
3496 1520 3759 1589 κέκτηταί

2177 1629 2300 1665 τινα
2349 1611 2584 1664 Μωῧσέα
2634 1612 2763 1681 παρ’
2810 1603 2870 1661 οὗ
2912 1611 2980 1663 τά
3022 1610 3161 1679 σοφὰ
3209 1612 3382 1665 ταῦτα
3430 1613 3758 1676 διδάσκεται,

2178 1704 2431 1757 κάκεῖθεν
2478 1702 2795 1775 ὁρμώμενος
2846 1706 2959 1767 τοῖς
2998 1703 3256 1766 τοιούτοις
3310 1704 3598 1775 ἐπιθαρσεῖ
3650 1705 3761 1758 τῶν

2178 1795 2371 1863 λόγων,
2418 1796 2500 1847 ὅτι
2534 1796 2666 1858 Θεὸς
2709 1795 3153 1865 διαθεσμοθετεῖ,
3199 1795 3380 1859 καθὼς
3418 1788 3571 1860 οὗτος
3598 1798 3759 1860 αὐτὸς

2182 1905 2335 1955 φησι.
2363 1887 2471 1942 τῶν
2496 1886 2796 1958 ἀνθρώπων
2821 1887 2918 1951 τὰς
2947 1889 3150 1958 ῥήσεις.
3182 1887 3380 1940 οὑτωσί
3411 1906 3469 1940 τε
3502 1888 3757 1951 κελεύων,

2182 1980 2276 2031 καὶ
2319 1978 2519 2049 ἑτέρως
2564 1978 2920 2049 ἀπαγορεύων
2974 1980 3072 2041 τὰς
3122 1980 3215 2031 ἐπὶ
3264 1978 3372 2033 τῶν
3420 1982 3760 2051 πραγμάτιον

2185 2070 2395 2122 κεῖσθαι
2424 2070 2628 2138 φωνάς,
2654 2071 2939 2141 κεχρήσθω
2966 2070 3103 2142 πρὸς
3124 2072 3183 2124 τὸ
3209 2071 3397 2124 δοκοῦν
3418 2075 3529 2134 τοῖς
3552 2072 3759 2144 λήρῆῑς.

2189 2161 2475 2231 σύμμαχον
2516 2162 2653 2231 ἔχων
2685 2162 2775 2215 τοῦ
2809 2163 2969 2230 λόγου
3003 2162 3094 2215 τὸν
3134 2164 3376 2234 κρυπτὸν
3407 2163 3663 2217 Μωῦσέα.
3699 2165 3763 2221 Εἰ

2182 2254 2237 2306 δὲ
2272 2256 2430 2323 μόνον
2473 2256 2589 2306 ἐστί
2637 2256 2873 2323 Μωῦσῆς
2913 2250 3040 2325 οὗή
3083 2253 3271 2325 Γραιρὴ
3314 2254 3489 2309 κοινὸν
3534 2254 3764 2325 μάθημα

2182 2349 2295 2409 τοῖς
2323 2347 2412 2398 τὸν
2447 2346 2587 2399 θεῖον
2610 2346 2766 2403 λόγον
2794 2347 3203 2416 παιδευομένοις
3230 2348 3366 2412 ἐστὶ,
3388 2346 3647 2416 δεξόμεθα
3666 2347 3764 2416 τὴν

2183 2440 2553 2505 κατάγνωσιν,
2596 2441 2646 2491 εἰ
2688 2438 2793 2493 ὑπὸ
2834 2438 2943 2491 τῶν
2976 2438 3071 2491 τοῦ
3101 2438 3381 2503 Μωῦσέως
3428 2430 3765 2511 ἐλεγχόμεθα

2184 2532 2386 2601 νόμων.
2425 2531 2534 2582 Ποῦ
2563 2534 2743 2583 τοίνυν
2776 2531 2867 2584 τὸν
2899 2532 3028 2602 περί
3060 2532 3319 2602 ῥημάτων
3344 2550 3403 2585 τε
3438 2533 3529 2584 καὶ
3566 2533 3764 2602 ὀνομά-

2183 2641 2290 2675 των
2343 2622 2539 2693 εῢρατο
2579 2624 2773 2692 νόμον;
2844 2624 2960 2675 Ἐπ’
3009 2623 3188 2677 αὐτῶν
3226 2623 3484 2676 ἐκθέσθαι
3528 2623 3635 2675 τῶν
3670 2640 3764 2690 γε·

2184 2716 2536 2786 γραμμένων,
2568 2715 2927 2785 κοσμογένεια
2954 2716 3172 2769 καὶτῶν
3205 2716 3439 2785 καθεξῆς
3464 2715 3767 2786 ἀνθρώπων

2185 2809 2539 2877 γενεαλογία,
2576 2809 2668 2860 καὶ
2717 2808 3058 2878 πραγμάτων
3104 2807 3265 2861 τινῶν
3312 2807 3549 2877 ἱστορία,
3596 2807 3690 2858 καὶ
3734 2809 3766 2875 ὴ

2188 2900 2404 2971 ποικίλη
2448 2900 2757 2970 νομοθεσία,
2800 2900 2927 2971 περί
2953 2918 3009 2951 τε
3039 2899 3146 2952 τῶν
3175 2899 3314 2952 κατά
3348 2900 3446 2969 τὴν
3490 2898 3767 2970 λατρείαν,

2188 2995 2280 3046 καὶ
2314 2992 2421 3044 τῶν
2463 2991 2604 3045 κατὰ
2636 2991 2726 3044 τδν
2762 2991 2873 3061 βίον
2915 2992 3420 3063 παρατηρημάτων.
3447 2990 3632 3043 Ταῦτα
3667 2989 3771 3059 τῆς

2188 3086 2467 3147 Μωῦσέως
2500 3084 2723 3155 Γραφῆς
2762 3083 2830 3135 τά
2861 3084 3154 3152 κεφάλαια.
3208 3085 3268 3136 Εἰ
3306 3082 3364 3135 δέ
3414 3099 3576 3153 φησιν
3614 3077 3771 3146 οὗτος

2188 3175 2327 3231 εἷναί
2357 3193 2477 3229 τινα
2510 3175 2769 3245 ῥημάτων
2800 3176 3139 3244 νομοθεσίαν,
3184 3174 3411 3240 δειξάτω
3455 3174 3545 3227 τὸν
3584 3174 3768 3243 νόμον,

2188 3270 2343 3335 κάγὼ
2375 3269 2739 3340 σιωπήσομαι.
2785 3269 2925 3322 Ἀλλ’
2968 3270 3065 3321 οὐκ
3098 3268 3162 3320 ἂν
3195 3270 3368 3320 εἰπεῖν
3408 3266 3549 3337 ἔχον
3578 3267 3638 3319 οὐ
3660 3266 3772 3336 γάρ

492 3375 911 3437 persequeretur
960 3364 1165 3434 quibus
1212 3363 1483 3417 ridiculus
1525 3360 1701 3429 magis
1737 3373 1903 3428 quam
1950 3374 2081 3427 pro.

2189 3358 2252 3412 ἂν
2295 3358 2404 3410 τῶν
2444 3357 2851 3427 ἐναργεστέρων
2886 3358 3154 3428 ἀφέμενος
3182 3355 3538 3421 ἀποδείξεων,
3587 3357 3773 3408 ἐκεῖνα

490 3458 689 3513 habilis
724 3457 999 3510 videretur
1030 3457 1116 3510 his
1165 3456 1260 3525 qui
1301 3463 1481 3507 mente
1513 3461 1643 3507 sunt
1683 3452 1894 3522 praediti
1919 3462 1973 3506 et
2001 3468 2089 3505 sa--

490 3550 668 3619 piunt.
705 3547 839 3601 Nam
885 3548 985 3600 hoc
1023 3556 1215 3617 putare
1242 3562 1365 3599 csse
1418 3545 1635 3614 pietatis
1668 3552 1853 3613 caput,
1898 3559 2089 3612 nempe

492 3642 780 3696 verborum
807 3640 1172 3692 inventionem
1227 3636 1336 3691 Deo
1375 3636 1697 3697 attribuere,
1750 3635 1837 3688 cui
1891 3649 2090 3704 parvus

493 3734 559 3786 ad
582 3731 1001 3787 celebrationem
1038 3736 1186 3783 totus
1218 3728 1476 3788 mundus,
1512 3736 1566 3781 et
1599 3743 1720 3797 qua:
1746 3728 1798 3780 in
1829 3727 1945 3795 ipso
1963 3736 2092 3779 sunt

494 3825 779 3887 miracula,
843 3822 1119 3893 quomodo
1177 3835 1285 3874 non
1338 3830 1594 3874 extremae
1650 3828 1741 3875 est
1803 3820 2090 3883 l‘atuitatis,

495 3919 709 3989 magnis
755 3916 977 3971 omissis
1031 3930 1099 3969 ex
1155 3915 1413 3968 humanis
1468 3913 1637 3968 Deum
1699 3913 2095 3983 magniﬁcare?

492 4010 717 4066 Iussum
766 4009 1102 4061 creationem
1162 4004 1463 4075 praecessit,
1518 4003 1724 4057 dictum
1782 4003 2000 4071 quidem
2064 4016 2093 4053 a

495 4104 643 4157 Mose
683 4102 923 4154 humano
954 4113 1128 4164 more,
1171 4097 1281 4152 Deo
1316 4112 1445 4150 vero
1475 4097 1864 4150 convenienter
1903 4103 1959 4147 et
2002 4093 2096 4148 de-

495 4209 624 4249 core
650 4192 871 4249 factum.
903 4189 1103 4243 Eorum
1128 4189 1295 4259 igitur
1329 4202 1452 4256 qua:
1484 4187 1671 4241 divina
1699 4186 1939 4255 potentia
1968 4194 2097 4239 sunt

498 4285 798 4339 constituta
847 4281 1104 4336 voluntas
1155 4288 1240 4335 est
1286 4278 1570 4342 eﬂ‘ectrix;
1616 4278 1759 4331 hanc
1806 4278 2096 4331 verbormn

495 4376 803 4431 doctrinam
852 4382 1149 4428 accuratus
1172 4380 1225 4426 et
1255 4370 1487 4441 diligens
1552 4371 1961 4439 Scripturarum
2005 4384 2099 4424 co-

496 4469 679 4539 gnitor
707 4465 1044 4536 pronuntiat.
1076 4463 1143 4517 Et
1184 4463 1407 4533 perinde
1454 4478 1520 4516 ac
1562 4463 1608 4517 si
1655 4461 1798 4516 Deus
1848 4461 2097 4523 dixisset,

496 4560 619 4614 Fiat
673 4558 922 4623 verbum,
998 4556 1082 4611 vel
1151 4569 1332 4609 sermo
1386 4555 1792 4618 constituatur,
1850 4554 1934 4606 vel
1996 4553 2100 4605 hoc

494 4651 660 4705 talem
688 4648 979 4718 quamdam
1020 4646 1284 4703 sortiatur
1313 4646 1754 4715 appellationem,
1786 4645 1865 4698 sic
1902 4644 1969 4698 ad
2003 4661 2101 4714 pa-

2187 3448 2383 3520 διεξῄει
2410 3448 2476 3500 δι’
2509 3441 2584 3501 ὧν
2610 3447 3014 3515 καταγέλαστος
3046 3447 3263 3518 μᾶλλον,
3292 3446 3324 3517 ἥ
3349 3446 3571 3509 πιθανὸς
3600 3445 3772 3500 ἐδόκει

2187 3544 2299 3603 τοῖς
2337 3558 2399 3607 γε
2431 3540 2556 3594 νοῦν
2589 3540 2791 3609 έχουσι.
2829 3541 2901 3591 Τὸ
2933 3539 3041 3609 γὰρ
3071 3540 3277 3592 οἴεσθαι
3320 3538 3477 3591 τοῦτο
3504 3535 3646 3591 εἶναι
3672 3538 3773 3607 τῆς

2191 3632 2469 3696 εὐσεϐείας
2504 3633 2815 3700 κεφάλαιον,
2845 3632 2924 3693 τὸ,
2958 3631 3217 3701 ῥημάτων
3245 3631 3460 3702 εὖμσιν
3491 3649 3775 3703 προσμαρ-

2188 3728 2373 3795 τυρεῖν
2401 3724 2478 3793 τῷ
2502 3724 2641 3794 Θεῷ,
2668 3718 2711 3791 ᾧ
2738 3723 2933 3793 μικρὸς
2956 3726 3034 3785 είς
3057 3724 3330 3794 εὐφημίαν
3356 3724 3475 3787 ὅλος
3495 3726 3522 3776 ὁ
3547 3725 3772 3792 κόσμος,

2191 3818 2286 3871 καὶ
2343 3816 2413 3868 τὰ
2462 3818 2520 3868 ἐν
2580 3818 2730 3886 αὐτῷ
2771 3816 3049 3885 θαύματα,
3101 3816 3218 3879 πῶς
3264 3818 3323 3869 οὐ
3370 3817 3468 3885 τῆς
3534 3818 3777 3886 ἐσχάτης

2193 3909 2416 3979 εὐηθίας
2449 3910 2594 3971 ἐστὶ,
2627 3909 2733 3960 τῶν
2762 3908 3013 3978 μεγάλων
3044 3908 3315 3977 άςέμενον
3345 3910 3407 3961 ἐκ
3430 3908 3539 3960 τῶν
3560 3909 3774 3976 ἀνθρω-

2196 4004 2365 4055 πίνων
2398 4000 2684 4070 σεμνύνειν
2718 4000 2777 4052 ce.
2816 4001 3001 4063 Θεῖον;
3054 3998 3391 4069 Πρόσταγμα
3420 4001 3519 4071 τῆς
3547 4000 3777 4062 κτίσεως

2195 4095 2566 4165 καθηγήσατο,
2592 4093 2754 4163 ῥηθὲν
2780 4093 2876 4162 μὲν
2902 4092 3051 4162 παρὰ
3072 4091 3166 4144 τοῦ
3194 4093 3470 4155 Μωῦσέως
3503 4092 3779 4161 ἀνθρωπιο

2198 4189 2331 4253 κῶς,
2375 4185 2695 4257 θεοπρεπῶς
2724 4185 2779 4237 δὲ
2820 4185 3129 4253 γενόμενον.
3174 4184 3246 4236 Τὸ
3282 4184 3459 4235 τοίνυν
3496 4183 3779 4248 ποιητικὸν

2197 4280 2305 4333 τῶν
2334 4279 2455 4347 θείᾳ.
2494 4278 2724 4346 δυνάμει
2771 4276 3177 4345 συνεστηκότων
3208 4274 3417 4344 θέλημα
3439 4292 3452 4304 ”
3487 4275 3644 4327 τοῦτο
3678 4276 3779 4344 ῥη-

2205 4371 2385 4441 μάτων
2416 4368 2764 4421 διδασκαλίαν
2796 4369 2824 4419 ὀ
2852 4366 3085 4438 ἀκριϐὴς
3116 4368 3379 4435 ἐπιῖστωρ
3406 4365 3513 4417 τῶν
3548 4367 3585 4416 Γ
3591 4366 3781 4434 ραφῶν

2201 4462 2581 4530 ἀποφαίνεται.
2624 4462 2731 4512 Καὶ
2779 4458 2966 4528 ὥσπερ
3001 4457 3245 4518 εἰπόντος
3273 4456 3367 4509 τοῦ
3406 4456 3564 4521 Θεοῦ,
3612 4458 3781 4526 Γενη-

2203 4553 2349 4623 θήτω
2393 4551 2573 4622 ῥῆμα.
2610 4550 2642 4620 ἢ
2689 4550 2938 4617 συστήτω
2981 4548 3169 4614 λόγος,
3220 4547 3250 4617 ἡ
3289 4548 3402 4600 1:665
3439 4550 3644 4601 τοιάνδε
3682 4548 3782 4601 λα-

2203 4644 2344 4714 χέτω
2378 4640 2476 4710 τὴν
2502 4640 2713 4709 κλῆσιν,
2757 4638 2929 4699 οὕτως
2956 4640 3033 4699 εἰς
3068 4638 3393 4708 συνηγορίαν
3420 4638 3780 4709 προϐάλλεται

495 4742 790 4797 trocinium
810 4755 1030 4796 suarum
1056 4746 1323 4809 nugarum
1352 4738 1605 4808 proponit
1632 4738 1927 4791 motionem
1947 4737 2086 4789 illam

2198 4734 2304 4787 τῶν
2332 4732 2477 4787 ἰδίων
2504 4732 2682 4801 λήρων
2709 4730 2804 4801 τὴν
2830 4732 3197 4802 ὑποστατικῆν
3227 4733 3325 4802 τῆς
3358 4733 3585 4791 κτίσεως
3609 4734 3665 4785 ἐν
3704 4734 3783 4804 τῷ

496 4850 619 4907 qum
659 4841 745 4889 est
791 4834 848 4887 in
902 4833 1088 4887 divina
1144 4831 1424 4885 voluntate
1484 4845 1668 4884 rerum
1709 4828 2091 4892 conditricem,

496 4944 611 4999 pra:
653 4927 823 4981 multa
854 4926 1155 4979 attentione
1189 4922 1602 4991 Scripturarum
1648 4930 1704 4975 et
1732 4921 2090 4989 experientia,

500 5034 678 5091 neque
722 5019 828 5072 hoc
887 5018 1088 5080 sciens,
1149 5016 1293 5085 quod
1342 5016 1653 5069 intellectus
1685 5012 1939 5081 impulsio
1987 5026 2092 5064 vox

499 5128 644 5183 saepe
671 5128 702 5166 a
748 5111 1031 5181 Scriptura
1082 5116 1275 5164 sancta
1312 5108 1647 5162 nominetur.
1694 5103 1872 5174 Atque
1927 5102 2093 5171 hujus

500 5202 659 5258 testis
691 5200 869 5256 Moses
904 5201 1042 5270 ipse,
1079 5213 1241 5267 quem
1286 5196 1487 5265 passim
1537 5194 1869 5262 detorquens
1898 5193 1951 5246 in
1992 5193 2093 5246 hac

500 5300 657 5362 parte
683 5292 974 5362 ignoravit.
1010 5291 1146 5357 Quis
1188 5291 1331 5345 enim
1370 5290 1453 5343 vel
1474 5288 1747 5342 tantillum
1782 5287 1839 5341 in
1880 5287 2000 5356 ejus
2030 5287 2094 5341 li-

506 5388 727 5437 brorum
784 5384 1018 5439 lectione
1070 5389 1323 5437 versatus
1380 5382 1616 5450 ignorat,
1666 5380 1808 5449 quod
1862 5379 2095 5449 populus

502 5475 856 5540 lsraelitieus,
890 5475 987 5545 qui
1032 5488 1208 5543 nuper
1248 5490 1314 5528 ex
1364 5472 1600 5544 [Egypto
1640 5472 1874 5542 fugerat,
1924 5470 2095 5541 [Egy-

503 5567 742 5637 ptiorum
777 5569 1056 5621 incursum
1102 5564 1388 5620 confertim
1421 5566 1477 5618 in
1506 5564 1723 5619 deserto
1752 5564 2098 5619 vehementer

501 5658 795 5714 extimuit?
820 5656 956 5711 Cum
983 5667 1163 5711 autem
1191 5655 1431 5726 undique
1460 5656 1646 5725 gravia
1677 5655 1811 5725 ipsis
1856 5655 2097 5724 pericula

501 5751 898 5824 obiicerentur,
946 5748 1098 5803 illinc
1148 5750 1285 5803 mari
1334 5749 1627 5803 transitum
1682 5746 2009 5810 obvallante,
2066 5760 2096 5798 a

506 5850 660 5914 tergo
706 5841 956 5898 hostibus
1010 5840 1191 5912 fugam
1254 5838 1718 5910 impedientibus,
1772 5838 2092 5909 prophetam

2201 4824 2331 4895 θείῳ
2364 4824 2626 4894 θελήματι
2672 4824 2906 4893 κίνησιν,
2964 4825 3069 4876 ὑπὸ
3100 4824 3296 4895 πολλῆς
3350 4825 3623 4895 προσοχῆς
3674 4828 3788 4880 τῶν

2200 4916 2434 4987 Γραφῶν
2482 4915 2575 4969 καὶ
2628 4916 2922 4986 ἐμπειρίας
2969 4916 3091 4967 οὐδὲ
3134 4916 3294 4968 τοῦτο
3335 4915 3511 4979 εἰδὼς,
3549 4918 3631 4969 δτι
3688 4920 3791 4971 καὶ

2200 5010 2344 5079 ὁρμὴ
2399 5008 2635 5071 διανοίας
2693 5008 2844 5079 φωνὴ
2895 5009 3158 5072 πολλάκις
3208 5009 3361 5079 παρὰ
3409 5010 3506 5081 τῆς
3560 5011 3791 5081 Γραφῆς

2201 5099 2542 5171 ὀνομάζεται.
2596 5101 2703 5152 Καὶ
2742 5099 2930 5152 τούτου
2977 5102 3189 5171 μάρτυς
3221 5100 3459 5171 Μωῦσῆς
3505 5101 3692 5167 αὐτὸς,
3729 5103 3791 5154 ὃν

2201 5193 2441 5263 πολλαχῆ
2476 5192 2786 5263 περισύρων
2832 5193 2973 5245 κατὰ
3017 5193 3174 5245 τοῦτο
3209 5193 3269 5245 τὸ
3317 5193 3480 5263 μέρος
3529 5194 3787 5263 ἠγνόησε.

2201 5285 2295 5348 Τίς
2326 5286 2433 5354 γὰρ
2455 5286 2557 5337 οὑκ
2598 5279 2707 5337 οἶδε
2730 5284 2837 5336 τῶν
2863 5284 3110 5337 ὁπωσοῦν
3136 5285 3582 5356 καθομιληκότων
3612 5289 3676 5356 τῇ
3708 5286 3793 5355 βί-

2201 5379 2333 5448 ϐλῳ,
2359 5378 2439 5430 ὅτι
2467 5378 2890 5447 κατεπλάγησαν
2924 5378 3021 5447 μὲν
3053 5376 3263 5447 ἁθρόως
3287 5378 3346 5430 ἐν
3372 5380 3436 5447 τῇ
3457 5378 3652 5447 ἐρήμῳ
3678 5378 3792 5429 τῶν

2203 5468 2513 5536 Αἰγυπτίων
2546 5470 2643 5539 τὴν
2678 5469 2861 5538 ἔφοδον
2894 5470 2921 5522 6
2975 5470 3315 5542 ’ῐσραηλίτης
3346 5469 3503 5535 λαὸς,
3534 5469 3659 5539 ἄρτι
3687 5470 3790 5539 τὴν

2204 5562 2478 5629 Αἴγυπτον
2513 5560 2881 5631 ἀποδράντες;
2930 5562 3272 5630 Πανταχόθεν
3314 5562 3371 5614 δὲ
3412 5564 3791 5631 προσφερομέ-

2204 5673 2310 5708 νων
2343 5654 2526 5715 αὐτοῖς
2558 5652 2668 5706 τῶν
2718 5653 2943 5717 δεινῶν,
2976 5653 3185 5705 ἐκεῖθεν
3228 5656 3327 5723 τῆς
3352 5654 3629 5724 θαλάσσης
3654 5654 3791 5705 ἁπο-

2204 5743 2548 5815 τειχιζούσης
2570 5744 2666 5815 τῆν
2697 5744 2950 5815 πάροδον,
2987 5744 3217 5798 κατόπιν
3255 5746 3365 5799 τῶν
3399 5745 3668 5816 πολεμίων
3688 5746 3790 5814 τὴν

2208 5838 2385 5911 φυγὴν
2414 5838 2751 5905 κωλυόντων,
2781 5836 3072 5902 συστάντες
3100 5836 3236 5908 πρὶς
3261 5838 3350 5892 τὸν
3382 5840 3663 5911 προφήτην
3689 5839 3790 5910 τῆς
