4146 6386
507 302 646 357 {003

1744 306 1800 361 S.
1830 305 2158 363 GREGORH
2183 300 2480 363 NYSSENI

3627 314 3770 372 1001

505 415 757 483 quamvis
773 430 881 470 una
904 424 1106 472 natura
1131 415 1188 471 in
1215 429 1449 489 utroque
1472 421 1689 477 nomine
1719 424 2081 494 significetur,

2197 425 2277 480 :bv
2303 425 2465 479 αὑτὸν
2497 424 2698 497 τρόπον
2732 426 2826 479 καὶ
2854 425 2945 479 ἐπὶ
2976 424 3069 480 τοῦ
3099 425 3331 496 οὐρανοῦ
3361 466 3375 490 ,
3406 428 3500 480 καὶ
3531 428 3621 481 τοῦ
3650 447 3771 485 στει

505 517 688 562 tamen
711 508 997 580 proprium
1039 510 1297 580 quiddam
1333 527 1524 567 eorum
1552 529 1673 584 qua:
1698 515 1764 583 in
1797 516 1899 571 hac
1935 530 2091 572 crea-

505 615 627 657 tura
662 602 817 665 ﬁunt,
871 602 1155 657 nominum
1214 602 1521 660 diﬂ'erentia
1564 608 1841 678 exprimit.
1909 607 2090 676 Quare

507 711 608 750 nos
633 690 700 749 ad
730 695 833 750 hoc
864 694 1161 760 intuentes,
1194 696 1343 752 aliud
1373 698 1503 768 quid
1537 698 1802 757 discimus
1837 701 1963 757 ωειί
1991 716 2087 771 ap-

507 784 820 855 pellatione,
857 786 1007 842 aliud
1049 804 1178 843 vero
1231 787 1577 846 firmamenti.
1601 790 1737 846 Cum
1776 793 1924 850 enim
1967 811 2089 851 sen-

508 878 686 934 sibilis
741 888 1007 935 creaturae
1036 881 1328 936 terminum
1379 881 1644 937 describit
1701 898 1903 952 sermo,
1966 896 2091 958 post

507 985 671 1038 quam
702 971 1057 1041 intelligibilis
1073 982 1126 1026 et
1144 975 1576 1030 transmundana
1604 984 1858 1031 creatura
1890 994 2087 1035 succe-

508 1061 644 1117 dens
706 1063 931 1127 desinit,
980 1067 1389 1135 comparatione
1433 1068 1554 1138 ejus
1597 1068 1745 1139 quod
1786 1072 1933 1138 tangi
1979 1087 2088 1126 non

510 1165 687 1223 potest
717 1158 1171 1229 etincorporeum
1193 1169 1279 1214 est
1298 1169 1353 1215 et
1378 1159 1554 1216 forma
1583 1172 1756 1225 caret,
1787 1161 2092 1218 ﬁrmamen—

510 1258 623 1301 tum
652 1247 877 1315 dicitur,
938 1251 1265 1320 principium
1288 1262 1344 1307 et
1405 1251 1528 1307 ﬁnis
1558 1253 1740 1309 omnis
1789 1253 2090 1309 materialis

510 1339 849 1395 substantiae.
881 1340 1017 1396 Cum
1043 1349 1223 1398 autem
1277 1342 1597 1399 inferiorum
1643 1360 1936 1415 corporum
1972 1361 2088 1400 am-

511 1431 677 1485 bitum
704 1432 1066 1501 exquirimus,
1099 1448 1208 1503 quo
1237 1434 1416 1490 omnis
1452 1437 1751 1491 materialis
1778 1440 2091 1493 continetur

510 1531 725 1587 natura,
760 1520 861 1577 hoc
890 1526 1088 1577 emittm
1116 1526 1455 1595 appellamus
1482 1528 1627 1596 quod
1646 1528 1942 1583 visibilium
1974 1545 2092 1583 om-

508 1614 661 1667 nium
726 1616 994 1670 terminus
1021 1609 1273 1671 edicitur.
1318 1614 1521 1672 Eodem
1572 1618 1733 1673 modo
1763 1627 1817 1674 et
1852 1620 1905 1674 in
1946 1628 2092 1674 terra

511 1708 683 1775 arida,
714 1709 971 1777 quoniam
1011 1710 1065 1764 in
1099 1711 1213 1765 haec
1237 1711 1347 1765 duo
1372 1712 1637 1766 elementa
1676 1713 1930 1768 deorsum
1963 1729 2087 1769 ver-

510 1804 608 1870 git,
644 1807 699 1855 et
735 1802 917 1871 gravis
951 1812 1142 1857 natura
1172 1804 1466 1859 distributa
1505 1814 1610 1870 est,
1644 1814 1843 1861 terram
1878 1807 2002 1861 dico
2033 1816 2088 1863 et

509 1908 701 1963 aquas,
733 1894 849 1949 haec
871 1894 1090 1963 quidem
1128 1895 1294 1950 aridae
1319 1898 1608 1967 appellatio
1639 1898 1930 1968 distinguit
1963 1915 2095 1969 quo-

509 1982 800 2038 dammodo
839 1984 909 2038 ab
946 1999 1009 2039 ea
1044 1984 1306 2054 qualitate
1350 2001 1471 2055 qua!
1515 2002 1579 2041 ex
1612 1987 1839 2042 adverso
1871 1987 1975 2057 ipsi
2009 2003 2095 2042 re-

508 2073 769 2143 spondet;
792 2075 1137 2145 oppositione
1169 2077 1313 2130 enim
1344 2077 1409 2131 ad
1443 2076 1494 2130 id
1519 2077 1662 2146 quod
1694 2089 1779 2132 est
1809 2076 2092 2131 humidum

509 2167 662 2219 arida
688 2168 1070 2237 cognominata
1101 2178 1206 2233 est,
1228 2184 1351 2223 cum
1406 2168 1592 2223 divino
1620 2170 1875 2223 mandato
1898 2184 2092 2239 aquam

508 2256 902 2314 circumfusam
929 2274 1138 2315 exuens
1172 2260 1225 2314 iu
1258 2262 1474 2330 propria
1501 2260 1765 2329 qualitate
1819 2262 2090 2333 apparuit.

508 2346 716 2403 Nomen
764 2358 945 2405 autem
998 2359 1155 2405 terra:
1207 2367 1315 2404 non
1362 2351 1599 2420 amplius
1648 2352 1809 2405 unius
1862 2351 2094 2421 alicujus

508 2455 697 2494 earum
720 2441 1042 2510 qualitatum
1073 2458 1195 2511 qua:
1238 2442 1290 2495 in
1328 2443 1442 2511 ipsa
1475 2450 1625 2506 sunt,
1666 2441 2087 2511 signiﬁcautiam

509 2526 882 2597 tlemonstrat,
932 2528 1027 2583 sed
1074 2544 1171 2599 per
1215 2531 1322 2583 vim
1360 2530 1773 2599 signiﬁcativam
1811 2546 1932 2600 qua:
1965 2532 2094 2585 huic

509 2616 738 2671 dictioni
773 2619 935 2682 inest,
972 2634 1133 2674 omne
1160 2620 1562 2689 complectitur,
1595 2618 1737 2689 quod
1769 2619 1821 2672 in
1861 2618 1966 2674 hoc
1986 2621 2096 2675 ele-

512 2715 696 2764 mento
737 2708 1078 2781 intelligitur,
1119 2720 1179 2763 ut
1207 2711 1351 2779 quod
1381 2711 1602 2776 durum,
1638 2714 1781 2783 quod
1836 2712 2091 2772 densum,

511 2798 656 2869 quod
691 2812 875 2870 grave,
909 2802 1053 2871 quod
1095 2803 1325 2866 resistit,
1383 2805 1529 2874 quod
1581 2805 1650 2859 ad
1696 2820 1914 2860 omnem
1975 2803 2096 2857 fru-

510 2900 695 2945 ctuum
732 2902 786 2947 et
808 2893 1125 2948 animalium
1156 2896 1516 2951 nutritionem
1565 2906 1750 2968 aptqu
1785 2908 1891 2952 est.
1930 2896 2097 2967 Igitur

511 3000 621 3039 non
652 3000 683 3039 a
710 3001 961 3042 sermone
1009 2990 1391 3059 cognominata
1439 2998 1524 3045 est
1578 2992 1753 3053 arida,
1788 3000 1847 3045 ut
1879 2992 1951 3045 sit
1980 2992 2082 3045 hoc

512 3086 848 3148 postremum
898 3080 949 3134 ei
980 3096 1177 3136 nomen
1212 3080 1466 3137 inditmn.
1501 3082 1619 3139 Non
1671 3085 1816 3139 enim
1845 3083 2097 3154 deposuit

512 3186 609 3241 per
632 3170 935 3227 secundum
998 3188 1195 3228 nomen
1227 3182 1285 3227 ut
1310 3174 1462 3229 arida
1514 3178 1584 3232 sit
1618 3185 1671 3231 et
1695 3177 1934 3243 dicatur,
1968 3179 2089 3240 sed,

515 3274 763 3322 manente
790 3266 1151 3337 appellatione
1178 3275 1231 3320 ct
1259 3267 1359 3320 bac
1387 3275 1441 3321 et
1471 3268 1582 3333 illa,
1606 3270 1795 3339 utique
1821 3270 2099 3324 nominum

512 3360 731 3429 propria
763 3358 1009 3430 quaedam
1054 3359 1244 3413 subest
1292 3360 1619 3429 significatio
1682 3380 1696 3415 :
1730 3361 1844 3416 haec
1882 3361 2099 3431 quidem

513 3465 635 3520 qua:
658 3450 850 3505 dividit
897 3465 960 3503 ac
989 3451 1276 3520 distinguit
1296 3467 1324 3503 a
1355 3451 1557 3506 diversi
1586 3454 1801 3523 generis
1823 3462 2018 3508 natura
2048 3463 2103 3509 et

516 3541 894 3610 proprietate;
933 3542 1022 3593 illa
1082 3557 1211 3593 vero
1264 3557 1385 3610 qum
1422 3556 1638 3596 omnem
1690 3558 1810 3612 quae
1882 3546 1936 3598 iu
1983 3545 2102 3614 ipsa

515 3640 794 3704 spectatur
837 3633 1133 3702 potentiam
1193 3633 1617 3702 complectitur:
1660 3635 1739 3689 sic
1780 3645 1834 3691 et
1892 3638 1945 3691 in
1983 3639 2102 3693 luce

514 3733 569 3779 et
602 3726 716 3791 die,
745 3727 827 3781 sic
860 3740 1059 3781 rursus
1110 3728 1165 3779 in
1203 3736 1363 3781 nocte
1400 3736 1453 3781 et
1483 3727 1728 3782 tenebris
1769 3729 2098 3793 invenimus,

514 3834 622 3874 non
659 3818 878 3889 syllabae
912 3833 1108 3873 sonum
1146 3819 1213 3871 ab
1247 3820 1486 3874 universi
1546 3820 1831 3874 conditore
1870 3819 2096 3889 factum,

516 3912 610 3966 sed
649 3928 830 3966 rerum
864 3912 1229 3967 substantiam
1262 3929 1399 3981 quas
1438 3929 1531 3982 per
1576 3914 1674 3970 has
1704 3917 2100 3985 appellationes

515 4004 920 4073 cognoscimus.
951 4000 1251 4055 Solvuntur
1268 4000 1357 4056 Dei
1386 4004 1662 4057 voluntate
1681 4003 1818 4059 lucis
1848 4004 2099 4075 ingressu

516 4097 753 4151 tenebrae
786 4095 1143 4164 praevalentes
1170 4110 1266 4163 per
1316 4096 1550 4165 primum
1606 4104 1952 4163 creaturam;
2002 4098 2099 4151 sed

516 4174 772 4257 quoniam
809 4196 954 4243 terra
991 4188 1044 4241 in
1080 4186 1260 4240 medio
1312 4187 1815 4258 comprehenditur,
1846 4202 1907 4241 ac
1935 4190 2099 4241 undi-

516 4290 623 4343 que
643 4289 763 4328 eam
787 4273 1541 4328 diversorumelementorum
1578 4276 1813 4329 ambitus
1838 4278 2091 4343 sustinet,

516 4366 661 4420 sicut
692 4366 767 4417 ait
795 4362 897 4418 Job
940 4363 1076 4428 :Qui
1108 4365 1352 4432 appendit
1376 4376 1569 4418 terram
1595 4382 1750 4434 super
1776 4369 2001 4422 nihilum
2024 4372 2091 4433 ⁸⁸,

2192 515 2509 588 ρεὼματος,
2546 518 2676 589 μιᾶς
2719 517 2935 587 φύσεως
2975 519 3033 571 ὲν
3064 514 3310 589 ἑκατέρῳ
3352 517 3463 570 τῶν
3492 520 3773 590 ὀνομάτων

2192 610 2617 680 σημαινομένης,
2648 608 2778 662 ῐδιόν
2796 626 2849 662 τι
2872 607 2982 662 τῶν
3010 610 3067 663 ἐν
3085 610 3154 679 τῇ
3170 610 3341 662 κτίσει
3368 609 3544 682 ταύτῃ
3559 612 3773 682 γινομέ-

2190 718 2297 754 νων
2316 702 2350 772 ἡ
2379 701 2610 774 διαφορά
2635 700 2744 756 τῶν
2770 701 3050 772 ὀνομάτων
3081 702 3605 773 παρίστησιν.”οστε
3634 704 3773 775 πρὸς

2189 792 2347 847 τοῦτο
2388 793 2680 863 βλέποντας
2713 794 2860 864 ἡμᾶς
2885 834 2901 855 ,
2936 790 3064 846 ἄλλο
3099 810 3153 846 τι
3175 792 3383 863 ιμαθεῖν
3421 794 3508 847 διὰ
3541 796 3639 865 τῆς
3675 793 3771 847 τοῦ

2190 885 2418 957 ούρανοῦ
2442 885 2835 958 προσηγορίας,
2857 885 3044 956 ἓτερον
3070 884 3126 937 δὲ
3148 884 3233 937 διὰ
3253 884 3347 938 τοῦ
3372 884 3767 957 στερεώματος.

2193 978 2363 1030 Ὄταν
2392 976 2491 1047 μὲν
2511 976 2620 1048 γὰρ
2650 978 2711 1030 τὸ
2739 976 2914 1048 πέρας
2946 976 3049 1047 τῆς
3076 976 3343 1047 αίσθητῆς
3374 976 3607 1039 κτίσεως
3636 978 3771 1030 ὑπο-

2191 1070 2379 1143 γράφῃ
2404 1072 2433 1123 ὁ
2468 1070 2624 1137 λόγος
2646 1110 2659 1133 ,
2695 1069 2815 1141 μεθ’
2841 1069 2909 1140 ἢν
2940 1071 2974 1140 ἡ
3006 1069 3170 1141 νοητή
3198 1085 3258 1121 τε
3282 1069 3377 1121 καὶ
3404 1068 3773 1140 ὑπερκόσμιος

2191 1162 2492 1232 διαδέχεται
2534 1161 2685 1232 λῆξις
2712 1203 2726 1226 ,
2761 1160 3047 1232 συγκρίσει
3078 1162 3146 1231 τῇ
3188 1160 3324 1231 πρὸς
3364 1159 3426 1212 τὸ
3450 1160 3655 1228 ἀναφὲς
3679 1162 3774 1213 καὶ

2191 1254 2479 1323 ἀσώματον
2506 1253 2600 1306 καὶ
2626 1253 2884 1316 ἀνείδεον,
2910 1251 3199 1322 στερέωμα
3220 1251 3457 1320 λέγεται,
3487 1252 3522 1322 ή
3543 1251 3683 1322 ἀρχή
3711 1268 3771 1303 τε

2191 1346 2286 1399 καὶ
2316 1345 2378 1398 τὸ
2411 1345 2582 1417 πέρας
2611 1345 2792 1416 πάσης
2822 1344 2921 1415 τῆς
2959 1344 3150 1413 ὑλικῆς
3188 1344 3553 1405 ὑποστάσεως.
3602 1344 3773 1396 Ὅταν

2191 1437 2246 1490 δὲ
2284 1436 2382 1506 τὴν
2421 1436 2528 1489 τῶν
2580 1434 2957 1506 ὑποκειμένων
2999 1432 3261 1504 περιοχὴν
3304 1432 3673 1502 ἐξετάζωμεν,

2192 1531 2341 1583 πᾶσα
2375 1530 2408 1599 ή
2444 1526 2605 1599 ὑλικὴ
2652 1528 3067 1598 περικρατεῖται
3097 1524 3291 1594 φύσις,
3323 1524 3549 1595 οὐρανὸν
3582 1523 3773 1577 τοῦτον

2191 1618 2669 1692 προσαγορεύομεν
2703 1619 2795 1672 τὸν
2822 1617 2931 1672 τῶν
2968 1616 3178 1688 ὁρατῶν
3210 1616 3430 1670 πάντων
3466 1617 3591 1687 ὅρον
3623 1615 3772 1683 γινό-

2196 1730 2375 1785 μενον.
2414 1712 2518 1765 Τὸν
2564 1709 2730 1763 αὑτὸν
2775 1709 2975 1780 τρόπον
3021 1708 3115 1761 καὶ
3144 1709 3241 1761 ἐπὶ
3288 1708 3387 1778 τῆς
3415 1707 3519 1776 γῆς
3552 1706 3647 1758 καὶ
3672 1706 3774 1776 τῆς

2196 1808 2387 1880 ξηρᾶς,
2421 1803 2606 1876 ἐπειδὴ
2636 1803 2773 1874 πρὸς
2794 1802 2888 1856 δύο
2914 1801 3089 1855 ταῦτα
3120 1802 3362 1870 στοιχεῖα
3386 1800 3420 1869 ἡ
3447 1797 3773 1869 κατωφερὴς

2194 1902 2288 1955 καὶ
2319 1900 2509 1970 βαρεῖα
2546 1896 2707 1966 φύσις
2737 1893 3052 1967 διεμερίσθη
3072 1935 3087 1958 ,
3118 1892 3255 1964 πρός
3278 1909 3339 1944 τε
3378 1891 3475 1963 τὴν
3501 1891 3603 1961 γῆν
3629 1907 3773 1960 φημι

2194 1992 2376 2046 καὶτὰ
2406 1990 2594 2054 ὕδατα,
2620 1992 2652 2059 ὴ
2690 1988 2789 2059 μὲν
2809 1988 2911 2058 τῆς
2934 1986 3102 2057 ξηρᾶς
3130 1984 3492 2055 προσηγορία,
3522 1981 3775 2036 διασταλ-

2193 2084 2317 2154 τική
2351 2100 2468 2146 πως
2489 2082 2587 2151 τῆς
2606 2078 3048 2152 ἀντιστοιχούσης
3076 2078 3387 2146 ποιότητος,
3416 2078 3481 2145 τῇ
3505 2074 3612 2145 γάρ
3637 2074 3776 2145 πρὸς

2194 2177 2255 2228 τὸ
2299 2175 2462 2245 ὑγρὸν
2512 2170 2970 2242 ἀντιπαραθέσει,
3006 2170 3148 2242 ξηρά
3191 2168 3646 2238 κατωνόμασται,
3682 2166 3770 2218 ὅτε

2196 2266 2579 2335 ἀποδυσαμένη
2632 2263 2761 2334 θείῳ
2809 2264 3190 2334 προστάγματι
3241 2260 3300 2313 τὸ
3342 2258 3775 2329 περικεχυμένον

2197 2363 2339 2431 ὓδωρ
2365 2401 2377 2421 ,
2402 2359 2494 2411 ἐπὶ
2518 2358 2617 2426 τῆς
2643 2356 2780 2419 ἰδίας
2823 2356 3105 2425 ποιότητος
3141 2352 3335 2424 ἐφάνη.
3362 2354 3436 2405 Τὸ
3460 2352 3515 2405 δὲ
3538 2355 3637 2421 τῆς
3668 2349 3773 2422 γῆς

2195 2452 2385 2521 ὄνομα,
2432 2448 2614 2502 οὐκέτι
2650 2449 2778 2517 μιᾶς
2804 2463 2947 2509 τινος
2969 2445 3076 2498 τῶν
3116 2446 3243 2515 περὶ
3274 2443 3442 2509 αὐτὴν
3474 2442 3776 2512 ποιοτήτων

2194 2545 2293 2614 τὴν
2323 2560 2387 2613 ση
2399 2541 2598 2612 μασίαν
2624 2539 2976 2599 ἐνδείκνυται,
3002 2537 3138 2591 ἀλλά
3167 2538 3271 2590 πᾶν
3302 2534 3777 2606 ὲμπεριλαμόάνει

2195 2635 2282 2687 διὰ
2330 2634 2430 2704 τῆς
2476 2630 2799 2701 ἐγκειμένης
2847 2629 3139 2700 ἐμφάσεως
3178 2628 3240 2681 τὸ
3288 2630 3345 2679 ὲν
3396 2626 3474 2697 τῷ
3523 2625 3776 2696 στοιχείῳ

2196 2724 2505 2793 νοούμενον,
2529 2716 2639 2774 οἷον
2669 2721 2728 2773 τὸ
2750 2719 2963 2781 ναστὸν,
2993 2717 3053 2771 τὸ
3077 2718 3299 2781 πυκνὸν,
3332 2716 3392 2769 τὸ
3416 2715 3691 2786 ὲμὸριθὲς,
3717 2712 3781 2768 τὺ

2197 2814 2510 2876 ἀντίτυπον,
2533 2814 2595 2865 τὸ
2628 2814 2761 2884 πρὸς
2796 2814 2974 2865 πᾶσαν
3004 2809 3232 2880 καρπῶν
3256 2826 3315 2861 τε
3346 2809 3441 2861 καὶ
3470 2806 3623 2871 ζώων
3644 2808 3777 2861 ἀνα-

2196 2908 2399 2977 τροφὴν
2458 2906 2788 2975 ἐπιτήδειον.
2846 2898 3055 2957 Οὐκοῦν
3092 2902 3152 2954 ού
3191 2898 3581 2971 μετωνομάσθη
3628 2899 3782 2969 παρά

2196 2995 2289 3048 τοῦ
2320 2995 2479 3063 λόγου
2508 2996 2541 3065 ἡ
2566 2994 2722 3063 ξηρὰ,
2746 2994 2882 3061 πρὸς
2900 2993 2960 3045 τὸ
2987 2991 3293 3045 τελευταῖον
3323 2987 3613 3059 ἐπικληθὲν
3640 2988 3781 3059 αὐτῇ

2125 3112 2167 3168 C
2199 3087 2390 3157 ὄνομα.
2428 3087 2503 3138 Οὑ
2526 3086 2635 3156 γάρ
2661 3084 2894 3137 ἀπέθετο
2922 3081 3011 3136 διὰ
3037 3081 3131 3135 τοῦ
3159 3080 3412 3149 δευτέρου
3439 3078 3699 3149 ὀνόματος
3720 3077 3782 3130 τὸ

2207 3178 2347 3249 ξηρὰ
2380 3179 2473 3231 καὶ
2522 3174 2655 3230 εἶναι
2690 3177 2782 3229 καὶ
2828 3175 3115 3243 λέγεσθαι,
3157 3172 3324 3235 ἀλλά,
3365 3170 3635 3242 μενούσης
3681 3171 3782 3239 τῆς

2206 3271 2449 3340 κλήσεως
2472 3268 2563 3321 καὶ
2583 3268 2786 3338 ταύτης
2806 3265 3091 3333 κάκείνης,
3113 3264 3357 3334 ἐκατέρῳ
3381 3262 3489 3315 τῶν
3505 3260 3782 3332 ὀνομάτων

2207 3362 2309 3417 ίδία
2329 3380 2412 3425 τις
2442 3360 2651 3431 ὑπέστη
2688 3359 2965 3430 σημασία·
3008 3359 3043 3428 ἡ
3072 3358 3193 3427 μὲν,
3227 3352 3653 3427 ἀντιδιαιρετικὴ
3679 3352 3783 3422 τῆς

2204 3452 2547 3525 ἐτερογενοῦς
2572 3450 2785 3520 φύσεώς
2810 3466 2869 3502 τε
2899 3449 2993 3501 καὶ
3024 3448 3304 3520 ἰδιότητος.
3329 3447 3436 3517 ἡδὲ
3463 3444 3784 3517 περιεκτικὴ

2204 3544 2385 3613 πάσης
2432 3542 2533 3612 τῆς
2568 3543 2626 3595 ὲν
2665 3542 2801 3611 αὐτῇ
2848 3539 3229 3610 θεωρουμένης
3261 3538 3575 3607 δυνάμεως·
3608 3534 3784 3598 οὕτως

2202 3635 2298 3690 καὶ
2326 3635 2419 3686 ἐπὶ
2456 3632 2549 3686 τοῦ
2583 3632 2759 3703 φωτὸς
2804 3633 2898 3685 καὶ
2947 3631 3047 3701 τῆς
3080 3632 3313 3701 ἡμέρας,
3354 3630 3449 3682 καὶ
3499 3626 3659 3681 πάλιν
3688 3626 3784 3679 ἐπὶ

2200 3730 2299 3799 τῆς
2326 3727 2521 3789 νυκτὸς
2559 3728 2653 3779 καὶ
2684 3725 2776 3777 τοῦ
2823 3724 3047 3787 σκότους
3079 3723 3425 3794 εὑρίσκομεν,
3473 3720 3533 3773 ού
3584 3718 3782 3772 συλλα-

2202 3819 2313 3871 ϐῶν
2352 3814 2485 3890 ἦχον
2537 3817 2688 3887 παρὰ
2731 3815 2824 3868 τοῦ
2865 3813 3089 3885 ποιητοῦ
3124 3814 3233 3866 τῶν
3279 3813 3414 3866 ὅλων
3447 3812 3539 3865 ἐπὶ
3575 3809 3783 3864 τούτων

2201 3910 2731 3982 δημιουργούμενον,
2773 3908 2907 3961 ἀλλά
2955 3907 3298 3978 πραγμάτων
3343 3905 3640 3958 ὑπόστασιν
3692 3902 3783 3957 διὰ

2202 4004 2308 4057 τῶν
2342 4001 2724 4073 προσηγοριῶν
2757 4000 2962 4053 τούτων
2998 3996 3358 4068 γινώσκομεν.
3408 3995 3608 4049 Λύεται
3639 3995 3786 4049 κατά

2200 4095 2260 4148 τὸ
2298 4095 2508 4164 θέλημα
2536 4094 2628 4146 τοῦ
2652 4092 2785 4146 Θεοῦ
2814 4095 2880 4163 τῇ
2913 4091 3101 4161 εἰσόδῳ
3128 4089 3223 4142 τοῦ
3256 4089 3431 4158 φωτὸς
3455 4088 3516 4141 τὸ
3550 4090 3784 4158 ἐπικρα-

2200 4188 2328 4241 τοῦν
2360 4188 2551 4247 σκότος
2586 4185 2737 4255 παρά
2766 4185 2865 4254 τὴν
2892 4183 3116 4255 πρώτην
3146 4184 3342 4245 κτίσιν,
3374 4183 3472 4252 τῆς
3498 4181 3555 4235 δὲ
3588 4181 3694 4250 γῆς
3728 4182 3786 4232 ἐν

2200 4280 2276 4351 τῷ
2304 4279 2453 4350 μέσῳ
2486 4296 2549 4330 πε
2562 4276 2898 4348 ρισχεθείσης
2918 4318 2931 4341 ,
2960 4274 3054 4327 καὶ
3081 4277 3146 4345 τῇ
3175 4272 3506 4344 πανταχόθεν
3538 4271 3645 4326 τῶν
3666 4272 3788 4325 ἑτε-

2204 4372 2416 4443 ροφυῶν
2447 4370 2723 4440 στοιχείων
2748 4368 3003 4439 περιϐολῇ
3034 4367 3227 4437 ἑαυτὴν
3250 4367 3564 4436 ἀνεχούσης,
3600 4363 3786 4427 καθώς

516 4476 742 4520 necesse
764 4469 901 4525 erat,
939 4475 1061 4514 cum
1094 4475 1187 4527 per
1212 4477 1373 4513 unam
1430 4470 1635 4530 partem
1702 4464 1792 4516 lux
1839 4465 2014 4519 obiret
2044 4470 2094 4517 et

2203 4480 2366 4533 φησιν
2422 4464 2450 4513 ὁ
2502 4461 2651 4513 Ἰὼϐ·
2700 4461 2781 4513 ὅτι
2826 4458 3134 4529 Ιῇοεμάζων
3177 4458 3296 4529 γῆν
3344 4459 3441 4512 ἐπὶ
3490 4458 3783 4527 μηδενὸς,

516 4553 817 4621 oppositam
875 4561 1082 4621 partem
1144 4554 1286 4604 mole
1326 4567 1422 4604 sua
1454 4560 1598 4606 terra
1656 4554 1987 4621 Obstrueret,
2041 4564 2097 4608 ut

517 4645 919 4719 relinqueretur
949 4645 1128 4714 aliqua
1156 4659 1283 4714 pars
1313 4644 1659 4698 tenebrarum
1694 4662 1791 4714 per
1812 4647 2099 4701 obumbra-

517 4739 743 4792 tionem.
774 4736 1043 4802 Quoniam
1066 4753 1196 4791 vero
1217 4747 1474 4807 perpetuo
1506 4747 1653 4791 motu
1687 4740 1833 4793 circa
1858 4755 1916 4793 se
1940 4741 2098 4809 polus

516 4831 842 4899 circumagit
874 4831 1034 4885 istam
1066 4846 1185 4900 qua:
1215 4846 1279 4884 ex
1309 4831 1725 4885 obumbratioue
1751 4833 1970 4886 advenit
2005 4848 2097 4885 ca-

520 4921 762 4990 liginem,
817 4936 1042 4976 necesse
1105 4921 1205 4975 fuit
1238 4920 1405 4976 Deum
1447 4922 1593 4977 hunc
1624 4925 1949 4980 eireularem
1992 4944 2101 4979 am-

519 5012 689 5065 bilum
721 5011 1032 5077 ordinasse,
1065 5024 1125 5069 ut
1146 5029 1396 5067 mensura
1426 5018 1740 5084 temporalis
1763 5019 2100 5071 exlensionis

522 5106 693 5161 lieret.
726 5102 851 5157 llaec
866 5112 1048 5157 autem
1080 5119 1332 5158 mensura
1351 5114 1435 5159 est
1454 5122 1560 5160 uox
1576 5118 1629 5161 et
1649 5109 1785 5163 dies.
1808 5107 2099 5178 Propterea

520 5208 618 5262 pro
644 5208 743 5248 sua
779 5195 1046 5261 sapientia
1080 5196 1337 5250 historice
1364 5199 1491 5251 talia
1514 5200 1766 5270 dogmata
1793 5201 1969 5257 Moses
1999 5218 2099 5256 no-

516 5284 601 5339 bis
629 5284 937 5347 declarans,
959 5285 1099 5341 hanc
1122 5302 1189 5341 ex
1222 5288 1603 5346 obstructione
1624 5294 1943 5349 subeuntem
1971 5296 2101 5348 cali-

516 5375 697 5445 ginem
733 5375 939 5446 absque
977 5378 1098 5433 lucc
1145 5380 1363 5448 quidem
1398 5391 1453 5437 et
1512 5385 1749 5438 tenebris
1776 5386 2097 5451 nominavit,

517 5476 573 5523 et
599 5484 718 5524 eam
750 5485 874 5539 qua:
905 5470 965 5524 ﬁt
994 5473 1257 5529 continuo
1286 5476 1499 5531 circum
1542 5477 1723 5531 locum
1755 5486 2095 5543 terrestrem,

518 5558 658 5614 lucis
688 5561 756 5617 ad
779 5562 1038 5618 tenebras
1082 5575 1453 5622 mensuratam
1496 5568 1926 5636 successionem,
1956 5570 2096 5625 diem

590 5743 635 5773 “'
658 5742 757 5800 Job
784 5764 929 5818 xxvi,
964 5748 1015 5804 7.

2206 4558 2513 4624 ἐπάναγκες
2542 4551 2627 4625 ῆν,
2665 4554 2783 4607 καθ’
2827 4552 2884 4604 ἓν
2922 4553 3083 4623 μέρος
3114 4552 3208 4604 τοῦ
3236 4551 3411 4620 φωτὸς
3438 4550 3784 4614 διοδεύοντος,

2206 4645 2671 4719 ἀντιφραττούσης
2725 4644 2866 4696 κατά
2906 4643 2967 4694 τὸ
3012 4641 3384 4711 ἀντικείμενον
3438 4642 3496 4692 ὲν
3538 4639 3617 4711 τῷ
3666 4640 3787 4711 ἰδίῳ

2207 4739 2354 4807 ὄγκῳ
2388 4739 2483 4805 τῆς
2522 4737 2642 4807 γῆς,
2681 4732 3069 4801 ὑπολειφθῆναί
3097 4749 3220 4783 τινα
3264 4732 3350 4785 διὰ
3388 4730 3481 4783 τοῦ
3512 4731 3786 4784 ἀποσκιά-

2212 4847 2414 4901 σματος
2445 4830 2637 4898 μοῖραν
2663 4826 2755 4879 τοῦ
2781 4825 3022 4885 σκότους.
3060 4824 3169 4894 Τῆς
3203 4824 3259 4876 δὲ
3288 4825 3593 4892 ἀεικινήτου
3627 4839 3789 4893 περι-

2212 4922 2382 4992 φορᾶς
2414 4918 2508 4971 τοῦ
2532 4918 2691 4970 πόλου
2726 4916 3207 4988 συμπεριαγούσης
3246 4917 3409 4984 ἑαυτῇ
3458 4914 3579 4967 κατ’
3610 4915 3785 4981 ἀνάγ-

2207 5032 2308 5083 κην
2342 5013 2436 5063 καὶ
2476 5010 2565 5063 τὸν
2608 5014 2671 5061 ἐκ
2708 5008 2802 5061 τοῦ
2837 5008 3285 5078 ἀποσκιάσματος
3318 5005 3787 5075 ὲπισυμϐαίνοντα

2206 5104 2387 5172 ζόφον,
2420 5102 2516 5171 τὴν
2542 5099 2826 5168 ἐγκύκλιον
2854 5100 3057 5169 ταύτην
3091 5098 3334 5167 περίοδον
3360 5097 3517 5161 τάξαι
3539 5098 3629 5151 τὸν
3648 5098 3789 5153 Θεὸν

2205 5200 2284 5258 εἰς
2338 5196 2400 5248 τὸ
2442 5194 2693 5262 γενέσθαι
2727 5192 2922 5263 μέτρον
2967 5194 3065 5261 τῆς
3100 5192 3354 5262 χρονικῆς
3397 5191 3784 5263 παρατάσεως.

2207 5290 2281 5343 'l'b
2307 5290 2363 5342 δὲ
2406 5288 2600 5357 μέτρον
2637 5284 2792 5337 τοῦτό
2831 5286 2979 5337 ἐστιν
3011 5284 3195 5355 ἡμέρα
3225 5285 3317 5336 καὶ
3351 5282 3464 5347 νύξ.
3499 5282 3599 5337 Διά
3627 5286 3791 5336 τοῦτο

2208 5380 2350 5434 κατὰ
2367 5378 2463 5448 τὴν
2483 5376 2675 5429 ἑαυτοῦ
2702 5376 2890 5445 σοφίαν
2918 5375 3329 5447 ἱστορικώτερον
3350 5376 3414 5428 τά
3436 5376 3657 5429 τοιαῦτα
3676 5379 3789 5429 τῶν

2206 5472 2492 5543 δογμάτων
2532 5472 2559 5523 ὁ
2589 5469 2830 5539 Μωῦσῆς
2874 5471 3006 5539 ἡμῖν
3047 5468 3357 5540 σαφηνίζων
3398 5462 3487 5517 τον
3524 5464 3583 5528 ἐξ
3631 5470 3732 5523 ἀντ
3750 5500 3790 5515 ,-

2208 5562 2455 5635 φράξεως
2487 5558 2795 5615 ἐπεισιόντα
2827 5557 2990 5630 ζόφον
3011 5561 3177 5632 χωρὶς
3204 5558 3301 5631 μὲν
3334 5558 3510 5629 φωτὸς
3539 5560 3631 5612 καὶ
3661 5561 3793 5613 σχό-
