4146 6386
380 352 524 407 1005

1447 350 1725 406 CONTRA
1767 351 2172 417 EUNOMIUM,
2230 352 2356 408 ΗΒ.
2402 351 2516 404 ΧΗ.

3501 347 3640 402 ιυθε

380 485 505 531 τους
527 465 779 540 ὠνόμασε
804 509 819 532 ,
851 469 944 522 καὶ
973 468 1073 541 τὴν
1105 469 1191 523 ἀεὶ
1223 471 1514 543 γινομένην
1558 474 1684 544 περὶ
1715 473 1776 525 τὸ
1805 473 1962 544 περί-

2075 481 2120 527 et
2151 484 2364 527 noctein
2407 471 2719 542 appellavit.
2765 470 2945 535 Quare
3003 482 3108 522 non
3158 482 3278 536 quae
3306 467 3418 536 jam
3453 475 3641 520 vorata

381 569 530 622 γειον
557 555 734 626 χῶρον
764 555 858 609 τοῦ
882 557 1057 625 φωτὸς
1093 558 1228 628 πρὸς
1253 558 1312 611 τὸ
1340 559 1526 624 σκότος
1550 561 1823 634 ἔμμετρον
1849 562 1962 615 δια-

379 641 564 714 δοχὴν,
589 643 800 714 ἡμέραν
829 643 1114 710 καί-νύκτα
1147 648 1459 716 προσεῖπεν.
1494 649 1657 703 Ὥστε
1691 651 1812 720 οὐχὶ
1838 650 1956 703 ὲπί-

383 734 582 804 κλητον
626 735 687 787 τὸ
722 735 837 804 φῶς
881 736 1064 806 ἡμέρα
1117 738 1566 812 προσηγορεύθη,
1611 740 1726 794 ἀλλ’
1774 741 1962 812 ῶσπερ

384 825 603 892 ἐγένετο
633 826 769 895 φῶς,
789 828 884 881 καὶ
910 829 1031 898 οὐχὶ
1054 827 1182 900 ψιλὴ
1205 831 1546 902 προσηγορία
1569 833 1766 902 φωτὸς,
1790 832 1963 900 οὕτως

384 917 479 970 καὶ
508 917 726 986 ἐγένετο
753 918 846 972 τοῦ
878 919 1071 990 χρόνου
1101 921 1162 973 τὸ
1210 921 1408 994 μέτρον
1426 940 1438 955 ο
1473 923 1882 996 ἐπηκολούθησε
1904 925 1961 977 δὲ

383 1007 462 1078 τῷ
492 1008 674 1080 μέτρῳ
696 1009 756 1063 τὸ
775 1008 945 1080 ὄνομα
962 1052 976 1073 ,
1001 1012 1100 1066 οὐκ
1130 1011 1190 1065 ὲν
1221 1014 1480 1084 ῥημάτων
1501 1015 1658 1087 ψόφῳ
1684 1017 1836 1087 παρὰ
1866 1016 1962 1070 τοῦ

385 1101 750 1171 πεποιηκότος
785 1102 1077 1174 γενόμενον
1104 1142 1119 1167 ,
1149 1104 1264 1158 ἀλλ’
1297 1106 1466 1176 αὐτῆς
1497 1106 1596 1160 τοῦ
1638 1109 1963 1179 πράγματος

390 1191 604 1258 φύσεως
634 1192 1091 1267 ἐπισπασαμένης
1109 1196 1210 1266 τὴν
1224 1196 1314 1250 διὰ
1337 1197 1438 1267 τῆς
1461 1199 1646 1269 φωνῆς
1667 1201 1960 1272 σημασίαν.

391 1282 501 1336 Καὶ
535 1283 723 1356 ῶσπερ
747 1287 794 1338 εί
825 1286 984 1340 τοῦτο
1016 1288 1206 1357 σαφῶς
1234 1290 1418 1362 εἴρητο
1441 1291 1595 1364 παρὰ
1622 1293 1714 1346 τοῦ
1750 1295 1966 1367 νομοθέ-

388 1392 512 1441 του,
552 1377 634 1430 ὅτι
679 1380 788 1432 πᾶν
821 1378 882 1432 τὸ
925 1380 1247 1450 φαινόμενον
1279 1383 1374 1436 καὶ
1407 1382 1823 1455 ὀνομαζόμενον,
1864 1388 1965 1442 οὐκ

390 1465 662 1533 αὐτοφυές
709 1469 857 1521 ἐστιν
901 1469 1023 1522 οὐδὲ
1077 1471 1362 1542 ἀποίητον.
1414 1472 1641 1552 ἀλλ’-ὲκ
1688 1475 1821 1529 Θεοῦ
1863 1477 1966 1550 τὴν

391 1557 689 1611 ὑπόστασιν
744 1558 875 1630 ἔχει,
917 1561 1012 1630 ἀφ’
1062 1562 1278 1617 ἑαυτῶν
1338 1563 1405 1617 ἂν
1459 1565 1855 1637 συνεθήκαμεν,
1906 1570 1966 1624 τὸ

392 1645 569 1697 πάντα
599 1645 690 1698 τὸν
716 1646 916 1717 κόσμον
947 1649 1039 1702 καὶ
1081 1646 1149 1704 τὰ
1174 1652 1232 1704 έν
1264 1651 1412 1723 αὐτῷ
1437 1653 1598 1726 μέρη,
1630 1656 1724 1710 καλ⁸
1756 1656 1853 1727 τὴν
1882 1659 1968 1710 ὲν-

391 1733 773 1808 θεωρουμένην
814 1736 967 1804 τάξιν
1003 1740 1096 1800 καὶ
1123 1742 1222 1812 τὴν
1262 1745 1626 1817 γνωριστικὴν
1656 1745 1764 1800 τῶν
1799 1749 1966 1802 ὀντων

389 1822 621 1894 δύναμιν
638 1825 728 1879 τὸν
761 1827 892 1882 Θεὸν
923 1832 1280 1897 πεποιηκέναι
1296 1848 1308 1861 ·
1343 1833 1516 1898 οὕτως
1539 1838 1631 1890 καὶ
1657 1837 1724 1890 δι’
1748 1834 1822 1891 ὧν
1848 1835 1969 1893 εἷπε

393 1917 531 1986 πρὸς
561 1918 766 1989 ταύτην
805 1921 988 1990 ἐνάγει
1021 1922 1169 1993 ἡμᾶς
1209 1924 1307 1995 τὴν
1351 1925 1592 1980 διάνοιαν
1625 1928 1706 1990 είς
1743 1929 1803 1981 τὸ
1849 1947 1972 1982 πισ-

394 2009 570 2062 τεύειν
596 2010 656 2063 τὸ
689 2011 853 2082 μηδὲν
887 2013 995 2066 τῶν
1027 2013 1196 2067 ὄντων
1236 2014 1473 2086 ἄναρχον
1503 2013 1661 2074 εἶναι.
1692 2020 1802 2073 Καὶ
1837 2022 1973 2092 πρὸς

393 2099 552 2154 τοῦτο
585 2101 820 2171 βλέπων,
843 2103 947 2174 ὀδῷ
973 2103 1065 2157 καὶ
1085 2104 1235 2171 τάξει
1263 2107 1332 2160 τὰ
1351 2106 1587 2179 καθεξῆς
1613 2111 1969 2181 διεξέρχεται,

396 2191 492 2260 τὴν
559 2193 668 2246 τῶν
721 2195 1021 2263 γεγονότων
1081 2197 1401 2252 ἀκολουθίαν
1467 2201 1968 2273 ἀπαριθμούμενος.

394 2281 580 2337 Ταῦτα
606 2284 664 2338 δὲ
697 2286 796 2339 οὐκ
829 2281 898 2359 ἦν
921 2286 1093 2350 ἄλλως
1123 2291 1578 2361 παραστήσασθαι
1605 2292 1681 2362 τῷ
1705 2294 1868 2366 λόγῳ,
1897 2295 1972 2366 μὴ

393 2375 482 2428 διὰ
505 2375 612 2429 τῶν
633 2378 1008 2452 γνωριστικῶν
1036 2379 1315 2449 ὀνομάτων
1343 2381 1444 2452 τὴν
1479 2383 1756 2452 σημασίαν
1789 2385 1974 2438 ποιού-

391 2485 575 2538 μενον.
618 2469 770 2522 Ἐπεὶ
806 2466 901 2522 οὖν
936 2470 1243 2542 γέγραπται
1284 2472 1364 2526 ὅτι
1403 2473 1662 2528 ἐκάλεσεν
1693 2478 1720 2528 6
1750 2476 1882 2539 Θεὸς
1912 2477 1972 2529 τὸ

397 2561 512 2632 φῶς
559 2561 795 2633 ἡμέραν,
838 2563 1078 2632 νοητὲον,
1122 2564 1201 2616 ὅτι
1242 2564 1496 2635 ἐποίησεν
1537 2568 1564 2618 6
1604 2567 1735 2630 Θεὸς
1775 2571 1838 2620 ὲκ
1876 2567 1970 2621 τοῦ

396 2653 574 2719 φωτὸς
607 2653 839 2724 ἡμέραν,
870 2654 1054 2725 ἔτερόν
1077 2672 1129 2708 τι
1151 2652 1314 2709 οὖσαν
1341 2657 1482 2710 κατὰ
1505 2657 1595 2710 τὸν
1625 2658 1755 2711 ῖδιον
1783 2659 1968 2726 λόγον·

397 2744 454 2795 οὔ
486 2745 594 2814 γὰρ
637 2745 701 2797 ἂν
746 2746 839 2799 τὸν
882 2748 1044 2800 αὐτὸν
1078 2748 1338 2819 ἀποδοίης
1385 2748 1562 2818 φωτὸς
1608 2750 1702 2803 καὶ
1750 2751 1965 2821 ἡμέρας

395 2835 574 2905 λόγον,
606 2836 740 2890 ἀλλὰ
765 2837 879 2907 φῶς
910 2839 1008 2908 μὲν
1031 2839 1091 2892 τὸ
1116 2841 1180 2892 ὲκ
1211 2841 1302 2893 τοῦ
1334 2841 1575 2894 ἐναντίου
1603 2841 1738 2912 πρὸς
1759 2842 1820 2895 τὸ
1850 2844 1974 2896 σκό-

396 2943 489 2990 τος
521 2928 806 2998 νοούμενον
831 2946 845 2959 ·
877 2930 1058 3002 ἡμέρα
1081 2931 1166 2994 δὲ,
1197 2931 1255 2984 τὸ
1286 2932 1498 2985 τοσόνδε
1521 2931 1615 2985 τοῦ
1646 2933 1703 2984 ὲν
1731 2931 1808 3002 τῷ
1835 2933 1973 3002 φωτὶ

397 3021 761 3092 διαστήματος
794 3022 1009 3093 μέτρον,
1049 3025 1320 3088 Ὡσαύτως
1346 3025 1439 3078 καὶ
1467 3024 1636 3078 νύκτα
1661 3025 1755 3077 καὶ
1784 3025 1975 3088 σκότος

395 3111 542 3165 κατὰ
592 3113 691 3183 τὴν
725 3113 894 3185 αὐτὴν
936 3113 1029 3166 τοῦ
1068 3115 1228 3183 λόγου
1273 3116 1540 3187 διαίρεσιν
1581 3117 1970 3188 κατανοήσεις,

402 3204 593 3268 σκότος
629 3206 726 3275 μὲν
770 3204 830 3258 τὸ
877 3205 934 3272 ἐξ
968 3205 1211 3261 ἐναντίου
1258 3207 1393 3279 πρὸς
1430 3208 1492 3260 τὸ
1528 3209 1642 3276 φῶς
1686 3209 1974 3280 νοούμενον

400 3294 746 3365 ὁριζόμενοςο
779 3294 952 3350 νύκτα
980 3296 1035 3349 δὲ
1067 3297 1167 3367 τὴν
1190 3298 1412 3368 τοσήνδε
1441 3298 1532 3351 τοῦ
1568 3299 1792 3363 σκότους
1817 3317 1976 3371 περι-

403 3385 619 3458 γραφὴν
643 3385 943 3458 ὀνομάζων.
985 3388 1192 3443 Οὐκοῦν
1216 3388 1450 3462 ἔρρωται
1484 3391 1572 3445 διὰ
1601 3391 1818 3445 πάντων
1843 3393 1976 3463 ἡμῖν

401 3479 431 3530 6
464 3476 656 3546 λόγος,
690 3481 738 3533 εἰ
770 3480 864 3532 καὶ
901 3481 976 3552 μὴ
1005 3482 1270 3552 τεχνικῶς
1302 3483 1444 3536 κατὰ
1483 3482 1552 3536 τά
1585 3486 1844 3554 σχήματα
1879 3472 2005 3556 τῆς

404 3569 751 3643 διαλεκτικῆς
782 3573 1178 3643 συγκροτῆται·
1207 3573 1421 3637 δεικνὺς
1449 3575 1530 3627 ὅτι
1561 3574 1693 3639 Θεὸς
1718 3577 1979 3647 πραγμά-

403 3679 512 3716 των
557 3662 674 3716 ὲστὶ
714 3663 1077 3734 δημιουργὸς,
1123 3664 1183 3716 ού
1232 3665 1491 3734 ῥημάτων
1523 3664 1728 3735 ψιλῶν·
1771 3667 1832 3719 οὐ
1870 3667 1978 3738 γὰρ

405 3753 614 3806 ἐκείνου
638 3753 818 3824 χάριν,
842 3754 955 3808 ἀλλ’
983 3754 1138 3825 ἡμῶν
1155 3755 1339 3807 ἕνεκεν
1367 3754 1637 3808 ἐπίκειται
1663 3756 1776 3818 τοῖς
1799 3754 1979 3827 πράγ-

409 3863 541 3916 μασι
572 3845 639 3898 τὰ
667 3845 926 3914 ὀνόματα.

476 3938 575 3991 Διὰ
604 3938 708 4009 γὰρ
744 3938 805 3991 τὸ
837 3938 910 4009 μὴ
953 3938 1180 3991 πάντοτε
1207 3936 1429 3990 δυνατὸν
1461 3938 1593 4008 ἡμῖν
1627 3933 1767 3991 εἶναι
1804 3938 1982 3994 πάντα

406 4030 464 4082 ὲν
501 4029 798 4099 ὀφθαλμοῖς
829 4028 973 4100 ἔχειν
1002 4028 1070 4082 τὰ
1096 4029 1223 4082 ὂντα
1247 4069 1260 4090 .
1305 4030 1366 4082 τὸ
1402 4027 1506 4099 μέν
1533 4045 1585 4080 τι
1615 4027 1724 4081 τῶν
1760 4029 1847 4082 ἀεὶ
1884 4046 1984 4082 πα-

408 4123 608 4193 ρόντων
635 4119 992 4193 γινώσκομεν,
1016 4121 1084 4175 τὰ
1107 4121 1164 4174 δὲ
1194 4123 1259 4192 τῇ
1285 4121 1388 4191 μνή
1400 4138 1472 4192 μῃ
1505 4121 1978 4191 ὲναπογράφομεν.

413 4213 622 4277 Ἀλλως
645 4213 699 4267 δὲ
726 4214 826 4266 οὐκ
846 4213 991 4267 ἔστιν
1017 4212 1320 4283 ἀσύγχυτον
1343 4211 1684 4282 φυλαχθῆναι
1717 4213 1849 4282 ἡμῖν
1883 4212 1982 4282 τῆν

413 4306 654 4375 μνήμην,
686 4304 759 4374 μὴ
787 4304 890 4374 τῆς
910 4303 1018 4357 τῶν
1048 4304 1327 4374 ὀνομάτων
1354 4302 1626 4374 σημασίας
1649 4301 1986 4356 διαστελλού-

409 4415 509 4467 σης
525 4398 620 4450 ἀπ’
633 4395 873 4466 ἀλλήλων
885 4395 953 4448 τὰ
963 4397 1191 4449 ὲναποκε
1201 4395 1214 4447 ί
1222 4411 1357 4464 μενα
1369 4397 1432 4463 τῇ
1447 4394 1652 4465 διανοίᾳ
1665 4393 1984 4465 πράγματα.

2065 564 2234 618 fueral
2299 565 2411 625 lux,
2443 563 2561 617 dies
2603 561 2868 630 appellata
2906 568 3010 622 est,
3054 559 3146 614 sed
3175 559 3318 613 sicut
3368 558 3506 612 facta
3556 565 3642 612 est

2067 655 2180 715 lux,
2205 670 2378 723 neque
2411 653 2552 707 nuda
2591 654 2729 707 lucis
2754 651 3068 722 appellatio,
3103 650 3183 704 sic
3203 650 3366 703 etiam
3394 648 3534 703 facta
3558 659 3644 703 est

2067 746 2326 814 temporis
2374 759 2628 799 mensura
2667 756 3020 798 :mensuram
3057 749 3239 793 autem
3277 747 3525 794 secutum
3559 745 3646 793 εει

2065 849 2285 894 nomen,
2316 850 2424 887 non
2456 848 2520 886 ex
2555 832 2842 886 verborum
2877 846 3011 885 sono
3043 846 3072 882 a
3102 829 3385 883 conditore
3415 837 3642 888 laetum,

2066 925 2161 978 sed
2185 925 2301 994 ipsa
2337 925 2413 978 rei
2437 933 2630 979 natura
2659 923 2910 976 trahente
2930 923 3031 977 sibi
3064 938 3182 975 eam
3211 938 3332 991 quae
3356 922 3498 976 inest
3526 920 3645 974 voci

2067 1015 2538 1086 signiﬁcationem.
2571 1018 2649 1069 Ac
2681 1015 2826 1068 velut
2850 1015 2947 1068 sia
2973 1013 3284 1083 legislatore
3315 1013 3418 1066 hoc
3462 1019 3649 1081 aperte

2065 1108 2451 1172 dictumesset,
2477 1109 2620 1178 quod
2652 1105 2968 1175 omnequod
2993 1116 3214 1175 apparet
3239 1116 3287 1158 et
3312 1105 3646 1166 nominatur,

2065 1216 2173 1254 non
2204 1209 2399 1271 sponte
2445 1213 2628 1255 natum
2661 1217 2837 1270 neque
2877 1215 2984 1253 non
3015 1200 3216 1252 factum
3273 1207 3378 1257 est,
3441 1197 3535 1251 sed
3581 1214 3649 1250 ex

2068 1293 2177 1348 Deo
2206 1293 2616 1348 subsistentiam
2655 1292 2837 1350 habet.
2868 1307 2934 1345 ex
2972 1291 3130 1345 nobis
3152 1291 3286 1358 ipsis
3308 1304 3639 1358 componere

2067 1385 2229 1442 facile
2253 1385 2648 1456 potuissemus,
2684 1399 2875 1454 nempe
2923 1384 3238 1438 universum
3299 1381 3561 1436 mundum
3597 1389 3651 1436 et

2067 1492 2258 1533 omnes
2291 1493 2413 1547 quae
2439 1477 2492 1530 in
2525 1493 2593 1531 eo
2623 1485 2751 1531 sunt
2779 1482 2982 1542 partes,
3023 1483 3078 1529 et
3105 1477 3196 1544 qui
3231 1476 3284 1528 in
3319 1475 3437 1544 ipso
3470 1476 3654 1529 cerni-

2066 1574 2158 1619 tur
2189 1564 2438 1620 ordinem
2487 1572 2543 1620 et
2582 1565 2709 1629 vim,
2748 1580 2869 1634 quas
2921 1565 3164 1618 notiﬁcat
3221 1580 3283 1619 ea
3346 1580 3468 1633 qua}
3501 1571 3651 1632 sunt,

2068 1656 2236 1712 Deum
2261 1657 2454 1713 fecisse
2483 1676 2498 1712 :
2538 1657 2618 1711 sic
2645 1672 2862 1726 quoque
2889 1671 2984 1726 per
3006 1672 3069 1710 ea
3096 1671 3217 1724 quze
3249 1655 3386 1710 dixit
3416 1655 3480 1709 ad
3510 1656 3652 1709 hanc

2071 1764 2171 1803 nos
2201 1748 2413 1803 inducit
2443 1747 2876 1819 intelligentiam,
2905 1746 3266 1802 utcredamus
3303 1749 3434 1800 nihil
3462 1763 3650 1801 eorum

2003 1819 2045 1877 Β
2073 1856 2193 1909 qua:
2253 1849 2380 1894 sunt
2427 1839 2701 1909 principio
2755 1853 2966 1894 carere.
3013 1837 3078 1890 Et
3113 1839 3178 1891 ad
3212 1838 3316 1891 hoc
3354 1838 3654 1906 respiciens

2076 1933 2156 1988 via
2183 1941 2236 1986 et
2263 1932 2454 1986 ordine
2479 1946 2540 1986 ea
2573 1946 2695 2001 quas
2748 1930 3006 1999 deinceps
3051 1938 3356 2000 sequuntur
3407 1940 3652 1990 enarrat,

2073 2022 2467 2093 producturum
2531 2022 2729 2077 seriem
2768 2036 3117 2076 enumerans.
3179 2020 3303 2074 llaec
3338 2028 3517 2073 autem
3547 2036 3650 2074 non

2073 2110 2231 2164 aliter
2272 2110 2396 2180 quis
2431 2125 2684 2164 sermone
2743 2110 3049 2178 exprimere
3111 2116 3342 2178 poterat.
3399 2111 3502 2162 nisi
3542 2111 3655 2164 haec

2073 2218 2169 2272 per
2195 2203 2415 2257 nomina
2435 2216 2554 2271 quae
2579 2216 2691 2255 rem
2725 2200 2973 2254 indicant
3005 2199 3361 2269 signiﬁcaret.
3382 2198 3653 2262 Quoniam

2074 2294 2240 2364 igitur
2275 2294 2537 2363 scriptum
2569 2302 2654 2348 est
2683 2291 2829 2362 quod
2882 2290 3025 2346 Deus
3048 2293 3260 2344 vocavit
3293 2292 3464 2345 lucem
3489 2292 3654 2353 diem,

2075 2382 2484 2453 intelligendum
2519 2393 2604 2439 est
2633 2381 2803 2437 Deum
2838 2395 2904 2436 ex
2935 2381 3058 2436 luce
3088 2380 3231 2436 diem
3289 2382 3506 2438 fecisse.
3537 2395 3660 2451 qua:

2072 2482 2158 2528 est
2187 2473 2319 2543 quid
2349 2474 2578 2527 alterum
2638 2471 2940 2528 secundum
3003 2473 3282 2542 prepriam
3331 2474 3606 2526 rationem
3641 2486 3657 2528 τ

2073 2580 2183 2618 non
2213 2565 2357 2620 enim
2391 2565 2634 2619 eamdem
2669 2563 2974 2618 reddideris
2998 2563 3134 2619 lucis
3163 2571 3216 2618 et
3247 2564 3351 2618 diei
3387 2564 3660 2617 deﬁnitio-

2073 2672 2218 2719 nem,
2247 2656 2342 2711 sed
2362 2656 2453 2710 lux
2487 2657 2706 2726 quidem
2732 2663 2814 2710 est
2837 2654 2983 2725 quod
3016 2672 3084 2710 ex
3113 2657 3386 2709 contrario
3426 2655 3660 2711 tenebris

2074 2748 2384 2817 oppositum
2435 2746 2804 2816 intelligitur;
2861 2747 2980 2802 dies
3019 2762 3150 2799 vero
3204 2761 3462 2801 mensura
3509 2754 3660 2800 tanta
3728 2788 3738 2799 .

2076 2838 2344 2892 intervalli
2372 2838 2517 2906 quod
2546 2845 2630 2892 est
2654 2837 2708 2890 in
2745 2837 2886 2891 luce.
2921 2837 3186 2891 Similiter
3212 2844 3428 2892 noctem
3482 2845 3535 2891 et
3575 2846 3661 2891 te-

2075 2928 2270 2982 nebras
2305 2942 2400 2997 per
2454 2929 2699 2981 eamdem
2765 2927 3098 2983 deﬁnitionis
3178 2928 3500 2984 divisionem
3571 2943 3661 2982 co-

2075 3035 2324 3089 gnosces,
2359 3021 2402 3074 si
2427 3020 2683 3074 tenebras
2710 3020 2929 3089 quidem
2955 3018 3232 3075 deﬁnieris
3252 3021 3397 3090 quod
3419 3036 3485 3075 ex
3522 3035 3656 3074 con-

2076 3115 2247 3167 trario
2278 3113 2380 3166 luci
2416 3113 2724 3182 oppositum
2762 3112 3103 3182 intelligitur,
3135 3122 3350 3168 noctein
3379 3129 3508 3168 vero
3543 3121 3664 3166 tan-

2071 3216 2185 3256 tam
2245 3204 2590 3259 tenebrarum
2651 3205 3214 3274 circumscriptionem
3270 3205 3659 3260 nominaveris.

2078 3295 2259 3360 Quare
2290 3311 2386 3365 per
2427 3298 2610 3350 omnia
2648 3296 2807 3352 nobis
2840 3296 3161 3350 conﬁrmata
3204 3307 3287 3352 est
3311 3298 3508 3361 oratio,
3538 3298 3663 3353 licet

2078 3402 2186 3440 non
2223 3387 2519 3441 artihriose
2594 3403 2688 3456 per
2718 3387 2920 3458 ﬁguras
2978 3389 3114 3443 artis
3164 3387 3469 3443 disserendi
3525 3403 3661 3442 con-

2080 3485 2290 3533 structa
2309 3485 2414 3536 est.
2448 3478 2835 3535 demonstrans
2874 3479 3021 3549 quod
3070 3479 3217 3534 Deus
3248 3494 3428 3532 rerum
3464 3486 3520 3550 et
3540 3478 3662 3548 upi-

2080 3573 2168 3628 fex
2201 3582 2255 3628 et
2282 3573 2552 3636 conditor,
2595 3588 2704 3628 non
2735 3574 3022 3629 verborum
3047 3574 3350 3635 nudorum;
3377 3588 3485 3626 non
3518 3573 3661 3625 enim

2082 3664 2232 3720 illius
2255 3665 2455 3734 gratia.
2490 3665 2586 3718 sed
2637 3667 2811 3720 nostri
2844 3679 3009 3721 causa
3047 3665 3210 3721 rebus
3255 3676 3377 3719 sunt
3411 3663 3663 3734 imposita

2081 3769 2322 3810 nomina.

2153 3927 2422 3996 Quoniam
2449 3929 2594 3984 enim
2631 3944 2742 3984 non
2775 3943 2989 3999 semper
3017 3941 3307 3998 possumus
3325 3927 3507 3980 omnia
3543 3941 3665 3994 qua:

2084 4028 2211 4075 sunt
2263 4035 2374 4090 pra:
2423 4021 2599 4075 oculis
2660 4020 2884 4085 habere,
2941 4034 3155 4088 semper
3217 4017 3432 4087 quidem
3473 4031 3662 4070 eorum

2084 4125 2206 4180 quae
2264 4110 2464 4166 adsunt
2521 4111 2725 4181 aliquid
2783 4109 3189 4180 cognoscimus,
3244 4109 3350 4161 alia
3405 4121 3532 4161 vero
3606 4107 3662 4160 in

2087 4201 2348 4256 memoria
2402 4202 2778 4257 inscribimus.
2836 4201 3093 4271 Alioquin
3149 4199 3413 4254 memoria
3473 4199 3666 4252 incon-

2089 4291 2208 4347 l‘usa
2262 4292 2421 4347 aliter
2487 4292 2804 4347 conservari
2870 4306 2981 4346 non
3053 4299 3255 4360 posset,
3325 4288 3432 4344 nisi
3491 4289 3665 4342 nomi-

2087 4396 2216 4435 num
2244 4381 2571 4450 signiﬁcatio
2600 4396 2689 4436 res
2712 4396 2833 4450 qua:
2867 4380 2921 4434 in
2954 4389 3134 4436 mente
3160 4379 3495 4449 consignatae
3515 4385 3661 4439 sunt,

405 4486 526 4558 Θεῷ
549 4487 602 4540 δὲ
630 4486 803 4540 πάντα
827 4486 1075 4557 πάρεστι,
1095 4488 1184 4539 καὶ
1199 4486 1347 4539 οὐδὲν
1361 4486 1442 4539 δεῖ
1459 4486 1677 4557 μνήμης
1698 4485 1844 4555 αὐτῷ
1861 4485 1974 4538 πάν·

2093 4485 2123 4523 a
2158 4470 2462 4524 seinvicem
2485 4471 2862 4540 distingueret.
2902 4469 3015 4527 Deo
3036 4482 3213 4524 autem
3239 4469 3436 4522 adsunt
3459 4469 3661 4532 omnia,

407 4597 514 4633 των
554 4582 617 4650 τῇ
647 4579 924 4650 διορατικῇ
964 4578 1189 4648 δυνάμει
1233 4576 1749 4648 περικρατουμένων
1788 4594 1848 4628 τε
1888 4576 1984 4629 καὶ

409 4669 914 4741 θεωρουμένων.Τίς
929 4664 1020 4722 οὖν
1036 4668 1119 4721 ἐπ’
1137 4668 1298 4722 αὑτοῦ
1314 4668 1471 4740 χρεία
1486 4669 1729 4738 ῥήματος
1742 4668 1774 4739 ἣ
1789 4667 1986 4737 ὀνόμα-

407 4780 517 4825 τος,
535 4762 702 4824 αὐτῆς
723 4761 823 4830 τῆς
850 4761 907 4813 ὲν
923 4759 1069 4831 αὐτῷ
1098 4761 1285 4830 σοφίας
1310 4777 1368 4812 τε
1387 4760 1479 4813 καὶ
1494 4759 1793 4829 δυνάμεως,
1815 4758 1986 4826 ἀσύγ-

408 4855 568 4924 κντόν
594 4871 652 4907 τε
679 4854 773 4907 καὶ
796 4851 1214 4924 διακεκριμένην
1232 4852 1329 4922 τὴν
1356 4850 1464 4903 τῶν
1488 4849 1657 4902 ὀντων
1688 4849 1852 4916 φύσιν
1882 4865 1978 4899 πε-

413 4945 589 5018 ριεχού
597 4962 716 5016 σης;
730 4944 936 4998 Οὐκοῦν
954 4942 1102 5011 παρὰ
1113 4942 1246 4996 Θεοῦ
1266 4944 1361 5012 μὲν
1378 4942 1444 4995 τὰ
1457 4942 1584 4994 ὄντα
1597 4939 1688 4993 καὶ
1703 4938 1987 5008 ὑφεστῶτα

411 5036 618 5099 πάντα,
653 5035 753 5106 τῆς
780 5032 839 5087 δὲ.
872 5032 1149 5103 ἡμετέρας
1172 5031 1356 5083 ἕνεκεν
1383 5029 1626 5100 ὁδηγίας,
1663 5028 1852 5082 ἔπεστι
1875 5029 1986 5090 τοῖς

408 5124 529 5181 οὖσι
549 5127 616 5180 τὰ
647 5123 987 5196 σημειωτικὰ
1018 5123 1126 5177 τῶν
1148 5122 1486 5194 πραγμάτων
1507 5122 1764 5191 ὀνόματα.
1792 5117 1982 5172 Ταῦτα

409 5220 490 5284 δὲ,
519 5219 662 5274 κατὰ
691 5219 752 5272 τὸ
782 5218 1015 5291 ἀρέσκον
1043 5219 1162 5279 ταῖς
1189 5213 1295 5268 τῶν
1329 5214 1630 5286 ἀνθρώπων
1673 5210 1984 5282 συνηθείαις

413 5309 662 5380 γίνεσθαί
695 5327 779 5373 τις
801 5307 991 5370 εἰπὼν,
1025 5307 1177 5360 οὐδὲν
1205 5307 1286 5368 εἰς
1303 5305 1392 5357 τὸν
1417 5306 1513 5374 τῆς
1541 5303 1793 5374 προνοίας
1815 5302 1989 5372 πλημ-

417 5401 640 5472 μελήσει
663 5399 839 5468 λόγον.
867 5400 940 5452 Οὐ
973 5398 1082 5468 γὰρ
1105 5398 1204 5468 τὴν
1227 5396 1386 5464 φύσιν
1415 5396 1524 5446 τῶν
1548 5395 1717 5447 ὄντων
1740 5392 1987 5462 γίνεσθαι

422 5487 552 5558 παρ’
578 5486 756 5557 ἡμῶν,
786 5485 920 5538 ἀλλὰ
945 5485 1010 5539 τὰ
1041 5485 1274 5554 ὀνόματα
1295 5482 1761 5554 λέγομεν.”Αλλως
1791 5481 1986 5552 ὀνομά-

418 5580 499 5643 ζει
529 5577 620 5630 τὸν
642 5575 866 5646 οὐρανὸν
892 5578 919 5629 6
947 5575 1213 5646 Ἐϐραῖος,
1241 5574 1335 5627 καὶ¹
1365 5573 1564 5644 ἑτέρως
1590 5575 1618 5625 6
1647 5572 1983 5633 Χαναναῖος*

412 5667 521 5718 νοεῖ
540 5666 596 5718 δὲ
611 5664 868 5728 ὡσαύτως
887 5665 1044 5718 ὲκάτε
1054 5681 1162 5736 ρος,
1185 5663 1336 5716 οὐδὲν
1359 5665 1425 5734 τῇ
1441 5662 1674 5732 διαφορᾷ
1695 5660 1802 5712 τῶν
1823 5660 1986 5729 φθόγ-

415 5774 526 5826 γων
545 5757 671 5829 περὶ
697 5757 793 5828 τὴν
819 5755 1146 5826 κατανόησιν
1165 5754 1256 5809 τοῦ
1285 5754 1642 5826 ὑποκειμένου
1659 5751 1982 5822 διασφαλλό-

2094 4577 2268 4630 ηεψιε
2307 4561 2356 4616 ei
2405 4577 2542 4630 opus
2573 4570 2656 4617 est
2689 4563 2972 4623 memoria,
3006 4577 3128 4616 cum
3177 4561 3298 4629 ejus
3349 4563 3666 4630 perspicace-

2086 4652 2326 4722 potentia
2348 4653 2530 4705 omnia
2548 4652 2997 4707 contineanturet
3015 4661 3334 4706 cernantur.
3350 4651 3484 4716 Quis
3503 4650 3667 4719 igitur

2085 4746 2140 4799 in
2167 4760 2230 4799 eo
2255 4743 2406 4798 verbi
2437 4744 2782 4812 velnominis
2820 4761 2977 4807 usus,
3007 4759 3132 4797 cum
3165 4744 3280 4812 ipsa
3325 4758 3447 4812 qua:
3495 4743 3549 4795 in
3599 4757 3665 4794 eo

2085 4844 2169 4890 est
2224 4834 2492 4903 sapientia
2544 4843 2598 4887 et
2659 4835 2901 4903 potentia
2952 4832 3296 4888 inconfusam
3361 4840 3416 4886 et
3470 4831 3665 4886 distin—

2085 4935 2230 4980 ctam
2263 4941 2452 4981 eorum
2484 4940 2608 4996 quas
2652 4935 2780 4978 sunt
2809 4933 3065 4979 naturam
3101 4925 3421 4978 contineat?
3457 4923 3664 4989 Quam-

2084 5019 2271 5072 obrem
2322 5034 2352 5070 a
2395 5016 2502 5072 Deo
2551 5016 2771 5086 quidem
2830 5024 2956 5070 sunt
3014 5032 3077 5070 ea
3125 5031 3246 5084 quae
3324 5023 3453 5071 sunt
3513 5031 3663 5085 quae-

2085 5127 2191 5181 que
2247 5109 2560 5164 subsistunt
2608 5109 2830 5171 omnia,
2888 5107 2982 5162 sed
3046 5116 3247 5161 nostra:
3319 5106 3664 5162 deduetionis

2084 5216 2251 5255 causa
2273 5201 2356 5254 his
2387 5215 2508 5268 quae
2529 5210 2659 5254 sunt
2695 5198 3060 5270 signiﬁcativa
3091 5212 3276 5252 rerum
3305 5197 3666 5268 imponuntur

2085 5293 2325 5347 nomina.
2361 5291 2484 5346 Hzec
2511 5301 2712 5354 autem,
2761 5298 2818 5344 ut
2850 5290 3126 5344 hominum
3170 5289 3292 5343 usui
3323 5297 3378 5344 et
3430 5303 3665 5344 consue-

2085 5381 2265 5436 tudini
2319 5382 2519 5453 placet,
2551 5383 2594 5434 si
2629 5381 2756 5451 quis
2788 5379 2988 5435 dixerit
3029 5381 3167 5443 ﬁeri,
3225 5380 3360 5434 nihil
3394 5379 3447 5433 in
3484 5380 3665 5447 provi-

2087 5473 2280 5528 dentiae
2323 5475 2583 5529 ralionem
2610 5473 2944 5542 peccaverit.
2995 5471 3114 5526 Non
3156 5473 3299 5527 enim
3328 5487 3518 5527 eorum
3543 5487 3664 5540 qua:

2087 5573 2216 5620 sunt
2252 5575 2523 5628 naturam,
2551 5565 2644 5619 sed
2669 5565 2890 5618 nomina
2922 5564 3040 5618 ﬁeri
3074 5579 3103 5617 a
3142 5565 3302 5639 nobis
3332 5564 3658 5619 asserimus.

2086 5659 2260 5713 Aliter
2285 5658 2543 5714 Hebraeus
2582 5655 2781 5710 coelum
2808 5656 3076 5720 nominat,
3100 5655 3260 5710 aliter
3288 5653 3662 5719 Chananzeus;

2091 5751 2184 5807 sed
2235 5749 2428 5820 eodem
2483 5747 2645 5804 modo
2691 5745 2942 5817 intelligit
2973 5755 3222 5817 uterque,
3257 5745 3390 5800 nihil
3445 5752 3666 5816 propter
