4146 6386
459 379 593 434 1007

1695 378 1754 432 S.
1805 373 2135 431 GREGOkll
2181 373 2467 430 NYSSENI

3564 373 3703 428 ldos

451 512 710 551 sonorum
734 493 1095 549 differentiam
1135 497 1188 548 in
1229 495 1460 565 subjecti
1504 496 1815 565 cognitione
1871 496 2054 548 aber-.

2158 511 2315 557 ιενος.
2357 495 2420 548 Ἦ
2448 493 2504 548 δὲ
2530 494 2648 548 λίαν
2683 493 2915 562 εὐλαὸὴς
2941 490 3046 544 τῶν
3079 489 3257 557 σοφῶν
3281 489 3484 543 τούτων
3522 490 3705 543 ἐθελο-

453 605 599 644 rans.
643 589 747 643 Sed
780 589 972 643 horum
1003 590 1307 659 sapientum
1343 589 1572 642 nimium
1613 595 1773 642 cauta
1799 594 1854 640 et
1883 585 2029 639 timi-

450 678 522 732 da
570 679 910 746 superstitio,
953 693 1050 747 per
1106 693 1229 747 qua:
1280 679 1498 740 asserit,
1545 677 1692 747 quod
1735 677 1783 731 si
1836 676 2029 730 datum

455 771 620 824 fuerit
660 770 729 823 ab
762 771 1077 824 hominibus
1108 769 1312 834 inditas
1338 784 1460 824 esse
1499 768 1663 822 rebus
1699 782 1885 831 voces,
1933 766 2031 819 ho-

455 863 630 915 mines
679 861 788 916 Deo
827 862 1246 931 principaliores
1293 877 1438 924 esse,
1478 876 1620 913 vana
1661 874 1786 914 esse
1842 857 2030 912 redar-

455 956 658 1023 guitur,
692 962 744 1008 et
765 971 886 1025 qua:
903 955 1204 1010 subsistere
1225 954 1431 1024 nequit,
1451 969 1514 1006 ac
1529 959 1623 1022 par
1645 953 1824 1022 ipsum
1863 949 2030 1004 Mosis

455 1049 764 1116 exemplum
812 1049 958 1117 quod
1023 1048 1183 1112 nobis
1241 1048 1296 1101 in
1345 1047 1628 1115 Scriptura
1695 1059 2029 1098 commemo-

459 1149 609 1193 ratur
642 1141 702 1192 ⁸⁸³.
767 1139 901 1206 Quis
971 1140 1115 1194 enim
1179 1139 1280 1206 ipsi
1341 1139 1477 1194 Mosi
1539 1137 1737 1192 indidit
1793 1135 2034 1190 nomen?

457 1231 647 1284 Nonne
675 1232 780 1285 lilia
809 1230 1130 1295 Pharaonis,
1162 1247 1281 1300 qua:
1307 1247 1432 1285 eum
1453 1247 1515 1284 ex
1546 1238 1744 1284 eventu
1785 1227 2033 1280 nomina-

461 1324 574 1377 vit?
606 1324 781 1380 Moses
816 1326 959 1379 enim
993 1323 1374 1395 Egyptiorum
1409 1323 1590 1392 lingua
1625 1321 1827 1376 dicitur
1870 1335 2029 1388 aqua.

459 1415 724 1480 Quoniam
761 1417 927 1485 igitur
966 1414 1264 1470 secundum
1285 1414 1499 1485 tyranni
1520 1413 1755 1468 edictum
1784 1412 1838 1465 in
1868 1424 2032 1480 capsa

461 1512 575 1562 sive
603 1511 742 1562 cista
782 1510 1091 1576 impositum
1124 1507 1383 1561 infantem
1419 1513 1667 1575 parentes
1697 1503 1916 1557 ﬂuentis
1940 1503 2036 1556 de-

462 1599 654 1652 derant
690 1599 967 1666 (SiC‘ﬂllllll
1002 1597 1222 1666 quidam
1259 1596 1648 1650 historicorum
1676 1594 1743 1647 de
1773 1594 1891 1662 ipso
1917 1609 2036 1645 nar-

465 1693 762 1755 raverant),
803 1690 917 1744 lucc
967 1705 1094 1743 vero
1145 1689 1285 1746 cista,
1320 1687 1502 1742 divina
1536 1687 1813 1739 voluntate
1859 1684 2034 1738 unda-

463 1797 584 1834 rum
613 1783 821 1834 vortiee
848 1780 1138 1838 ﬂuctuans.
1195 1779 1326 1849 ripae
1360 1778 1576 1832 admota
1603 1785 1706 1840 est,
1736 1783 1790 1830 et
1839 1791 1869 1828 a
1928 1774 2035 1827 ﬁlia

465 1872 611 1942 regis
649 1872 886 1938 inventa,
919 1887 1040 1940 qua:
1079 1878 1208 1923 tunc
1233 1871 1286 1923 in
1316 1869 1410 1922 illo
1438 1866 1662 1920 ﬂumine
1691 1881 1891 1936 corpus
1939 1865 2038 1920 ab-
2071 1853 2116 1908 Β

466 1962 674 2027 luebat,
703 1975 756 2017 et
783 1963 927 2031 quod
956 1979 1021 2017 ex
1056 1977 1193 2031 aqua
1231 1976 1364 2030 puer
1396 1960 1500 2030 ipsi
1533 1959 1838 2029 acquisitus
1873 1969 2038 2022 esset,

468 2064 881 2109 monumentum
913 2054 1119 2109 fortuiti
1151 2063 1381 2108 eventus
1409 2067 1581 2123 puero
1630 2051 1830 2105 dicitur
1864 2052 2043 2119 impo-

472 2150 649 2202 suisse
687 2163 903 2201 nomen.
957 2146 1077 2212 Quo
1103 2148 1266 2200 etiam
1296 2145 1436 2210 Deus
1464 2145 1579 2213 ipse
1607 2143 1660 2196 in
1698 2157 1800 2198 suo
1841 2141 2045 2195 famulo

471 2240 546 2292 uti
586 2256 691 2293 non
725 2241 1052 2309 dedignatus
1077 2248 1180 2302 cst,
1239 2253 1416 2307 neque
1465 2235 1747 2305 indignum
1783 2232 2048 2303 judicavit

468 2330 716 2385 barbarae
744 2331 1167 2385 vocationem'in
1208 2329 1466 2398 propheta
1493 2327 1767 2396 propriam
1822 2325 2041 2379 sinere:

471 2423 552 2476 sic
582 2431 707 2476 ante
740 2425 882 2476 hunc
915 2422 1083 2477 Jacob
1115 2421 1302 2476 fratris
1340 2421 1524 2488 planta
1553 2432 1716 2470 manu
1752 2415 2048 2485 apprehen-

471 2530 552 2578 sa,
585 2515 964 2583 supplantator
992 2529 1057 2567 ex
1087 2512 1260 2582 ﬁgura
1296 2526 1405 2581 qua
1435 2511 1615 2564 editus
1651 2519 1736 2562 est
1763 2508 1816 2560 in
1848 2508 2046 2573 lucem,

473 2608 773 2676 appellatus
805 2613 890 2660 est
918 2604 988 2658 ⁵⁸.
1022 2605 1104 2658 Ad
1130 2605 1232 2658 hoc
1265 2619 1410 2656 enim
1439 2602 1580 2655 ferre
1610 2599 1848 2654 nominis
1875 2597 2048 2652 Jacob

472 2699 978 2767 interpretationem
1017 2697 1071 2751 in
1106 2695 1350 2750 Graecam
1382 2709 1572 2749 vocem
1616 2698 2046 2761 transsumptam

476 2793 551 2845 illi
584 2795 675 2861 qui
714 2792 842 2845 talia
871 2798 1143 2845 noverunt
1174 2790 1406 2854 docent;
1449 2796 1504 2843 et
1548 2787 1750 2842 Phares
1785 2784 2049 2840 obstetrix

474 2900 668 2939 rursus
697 2899 764 2938 ex
797 2890 992 2938 eventu
1030 2883 1124 2952 qui
1159 2882 1358 2935 accidit
1388 2883 1443 2934 in
1472 2888 1629 2950 partu
1653 2877 1957 2932 nominavit
1978 2875 2048 2930 δι.

476 2979 541 3031 lit
570 2967 756 3032 nullus
790 2977 942 3040 ideo,
971 2974 1270 3032 secundum
1297 2973 1648 3032 Eunomium,
1680 2971 1784 3025 sibi
1844 2967 2052 3039 princi-

476 3080 664 3138 patum
697 3067 790 3123 Dei
824 3076 1094 3137 potestate
1128 3067 1495 3135 antiquiorem
1543 3064 1832 3119 ambitiose
1884 3061 2056 3115 voluit

474 3179 754 3233 arrogare.
791 3161 898 3216 Sed
928 3169 981 3217 et
1016 3161 1346 3231 patriarchis
1389 3165 1595 3213 matres
1628 3158 1849 3211 nomina
1879 3155 2053 3224 impo-
2080 3193 2124 3252 Ο

477 3263 647 3320 nunt;
679 3255 893 3320 ltuben,
941 3253 1185 3316 Simeon,
1235 3251 1363 3306 Levi
1392 3252 1460 3316 ",
1505 3258 1560 3304 et
1612 3249 1842 3318 reliquis
1877 3249 2053 3299 omni-

479 3351 579 3404 bus
606 3349 865 3418 deinceps
907 3346 1179 3403 similiter.
1227 3343 1293 3396 Et
1337 3344 1522 3397 nullus
1565 3339 1866 3396 secundum
1907 3339 2057 3392 hunc

480 3452 800 3513 nugatorem
833 3442 884 3496 in
929 3441 1040 3495 illis
1069 3437 1410 3508 temporibus
1457 3435 1656 3489 divinae
1705 3431 2059 3502 providentiae

481 3535 750 3589 sollicitus
799 3541 1022 3584 curator
1070 3527 1303 3592 exstitit,
1353 3527 1448 3596 qui
1506 3524 1818 3594 prohiberet
1851 3537 1920 3576 ne
1965 3535 2060 3589 per

482 3628 623 3680 hanc
649 3624 930 3678 nominum
966 3619 1370 3690 imposilionem
1402 3615 1741 3671 muliercqu
1776 3612 1887 3667 Deo
1909 3611 2062 3681 prin-

482 3718 775 3789 cipaliorcs
805 3717 1013 3770 tierent.
1048 3713 1183 3780 Quis
1203 3720 1384 3765 autem
1416 3708 1632 3777 singula
1658 3721 1781 3776 quae
1812 3721 1877 3760 ex
1902 3717 2062 3759 sacra

485 3812 765 3882 Scriptura
793 3809 1036 3880 depromi
1065 3813 1316 3878 possunt,
1337 3803 1512 3858 valeat
1541 3814 1847 3856 recensere:
1865 3811 2062 3867 aquam

485 3902 958 3964 contradictiouis,
1010 3906 1064 3954 et
1093 3899 1274 3952 locum
1309 3897 1513 3959 luctus,
1542 3899 1598 3947 et
1623 3890 1814 3946 collem
1848 3903 2065 3958 prwpu-

488 4000 709 4060 tiorum,
746 4003 800 4050 et
832 3994 1030 4046 vallem
1060 3989 1286 4054 racemi,
1312 3996 1367 4042 et
1415 3999 1606 4056 agrum
1647 3979 1953 4052 sanguinis,
2012 3987 2066 4032 et

488 4093 670 4144 omnia
705 4085 1024 4157 bujusmodi
1059 4082 1304 4145 nomina,
1330 4095 1452 4148 quae
1481 4076 1700 4147 quidem
1725 4075 1796 4127 ab
1826 4070 2066 4126 homini-

491 4185 592 4237 bus
617 4181 891 4249 imposita,
927 4191 1070 4245 saepe
1094 4174 1258 4227 etiam
1309 4187 1370 4226 ex
1409 4181 1642 4240 ρει-ωηο
1685 4165 1778 4220 Dei
1825 4178 2067 4218 comme-

491 4278 816 4330 morantur?
857 4271 960 4324 Pcr
1011 4283 1131 4337 qua:
1171 4267 1297 4320 licet
1323 4264 1533 4318 discere
1567 4259 1710 4330 quod
1746 4271 1922 4325 neque
1973 4271 2068 4309 su-

493 4377 591 4433 pra
641 4361 935 4414 humanam
969 4356 1292 4426 diguitatem
1326 4361 1411 4408 est
1441 4367 1503 4407 ea
1535 4365 1655 4419 qua:
1700 4347 1757 4400 ﬁt
1804 4347 1869 4400 de
1904 4346 2068 4399 rebus

494 4470 592 4524 per
620 4453 785 4506 verba
817 4449 1136 4513 deeiaratio,
1171 4461 1346 4513 neque
1380 4460 1475 4510 per
1509 4442 1624 4496 haec
1673 4439 1874 4494 divina:
1913 4448 2071 4492 natu-

494 4561 566 4600 rzc
593 4543 830 4614 potentia
862 4542 984 4610 plus
1012 4537 1353 4592 auctoritatis
1388 4534 1572 4588 habet.

570 4635 675 4691 Sed
717 4637 850 4688 alias
880 4632 1096 4702 quidem
1148 4645 1323 4700 nugas
1379 4641 1516 4696 quas
1547 4632 1738 4680 contra
1783 4620 2071 4677 veritatem

495 4739 730 4798 nugatus
758 4737 840 4780 est
873 4727 1098 4791 delirus,
1133 4732 1194 4777 ut
1223 4722 1433 4776 nullunt
1460 4727 1650 4774 contra
1690 4717 1943 4785 dogmata
1984 4728 2075 4768 ro-

498 4825 597 4874 bur
635 4822 892 4872 habentes
922 4815 1142 4876 silentio
1165 4813 1481 4885 praeteribo,
1514 4823 1917 4880 supervacuum
1951 4821 2075 4862 esse

494 4915 747 4981 judicans
785 4913 837 4963 in
875 4909 1028 4964 vanis
1059 4909 1264 4963 diutius
1288 4904 1588 4960 iuunorari.
1638 4902 1772 4968 Quis
1805 4903 1949 4956 enim
2001 4903 2076 4954 ita

497 5006 721 5059 demens
755 5013 807 5056 et
840 5000 1158 5056 melioribus
1203 4999 1352 5054 curis
1380 5011 1607 5057 vacuus,
1638 5002 1698 5047 ut
1751 5007 1972 5062 operam
2023 4999 2078 5047 et

499 5097 739 5152 studium
776 5097 828 5148 in
870 5093 1216 5148 sermonibus
1249 5089 1559 5143 amentibus
1588 5095 1642 5142 et
1683 5085 1895 5140 insanis
1950 5100 2078 5154 per-

497 5190 627 5243 dere
658 5188 810 5247 velit,
857 5195 911 5238 et
946 5184 1197 5238 altercari
1247 5182 1510 5236 adversus
1544 5196 1639 5235 eos
1681 5179 1774 5250 qui
1822 5182 2079 5232 asserunt

500 5299 600 5336 nos
660 5280 934 5333 aﬂirmare
1000 5276 1146 5346 quod
1205 5275 1485 5346 hominum
1553 5287 1685 5326 cura
1743 5270 1840 5325 Dei
1927 5266 2079 5323 solli-

499 5371 740 5423 t-itudine
826 5375 880 5421 et
958 5379 1091 5418 cura
1156 5363 1509 5433 principalior
1584 5369 1688 5420 est,
1775 5368 1829 5413 et
1897 5358 2079 5428 potio-

502 5478 614 5517 rem
691 5461 1078 5522 auctoritatem
1143 5456 1350 5520 habet,
1435 5461 1490 5508 et
1566 5451 1712 5521 quod
1796 5451 2077 5521 negligen-

501 5555 631 5608 tiam
675 5569 798 5624 qute
845 5551 1140 5607 solutiores
1195 5549 1409 5602 animos
1462 5545 1758 5611 disturbat,
1815 5542 1885 5596 ad
1930 5542 2080 5596 illius

501 5644 892 5700 transierimus
941 5640 1376 5712 providentiam?
1430 5635 1558 5690 llaec
1607 5633 1675 5688 ad
1713 5633 1937 5688 verbum
1976 5650 2080 5686 vox

505 5736 895 5791 calumniantis
925 5749 1025 5787 nos
1049 5731 1293 5801 protulit.
1335 5727 1445 5796 Ego
1469 5734 1650 5780 autem
1679 5724 1887 5793 aequale
1936 5724 2083 5776 arbi-

576 5838 620 5867 "’
645 5835 817 5889 Exod.
856 5849 914 5899 ll,
948 5833 1036 5886 10.
1113 5831 1156 5860 ⁵ο
1191 5828 1326 5882 Gen.
1368 5841 1494 5887 xxv,
1533 5822 1624 5876 23.

1701 5823 1740 5854 ⁸¹
1774 5820 1909 5875 Gen.
1944 5837 2172 5890 xxxvm,
2211 5819 2302 5874 ‘29.

2135 586 2403 658 θρησκεία
2440 587 2506 640 δι’
2539 582 2613 640 ὧν
2644 588 2692 638 εί
2715 583 2891 655 δοθείη
2918 582 3070 653 παρὰ
3095 581 3394 652 ἀνθρώπων
3427 577 3565 634 εἶναι
3595 586 3705 644 τοῖς

2137 679 2427 748 πράγμασι
2470 675 2571 740 τὰς
2606 676 2810 746 φωνὰς,
2836 675 2898 727 τὸ
2935 671 3418 744 ἀρχηγικωτέρους
3449 667 3586 724 εἶναι
3611 673 3706 725 τοῦ

2135 769 2272 823 Θεοῦ
2303 771 2428 832 τοὺς
2471 768 2790 841 ἀνθρώπους
2829 766 3265 830 κατασκευάζει,
3295 764 3572 835 ἐλέγχεται
3607 783 3708 835 μα-

2136 861 2265 915 ταία
2304 878 2388 924 τις
2427 855 2562 914 οὖσα
2604 861 2697 913 καὶ
2740 859 3139 924 ἀνυπόστατος,
3171 856 3268 909 καὶ
3300 855 3367 909 δι’
3408 855 3572 909 αὐτοῦ
3613 855 3706 907 τοῦ

2140 955 2281 1008 κατὰ
2309 953 2400 1007 τὸν
2433 952 2680 1008 Μωῦσέα
2714 949 3177 1023 μνημονευθέντος
3207 949 3338 1018 ήμῖν
3374 948 3710 1017 ὑποδείγμα-

2138 1065 2250 1110 τος.
2272 1044 2429 1116 Αὐτῷ
2450 1044 2557 1116 γὰρ
2579 1043 2657 1114 τῷ
2675 1045 2882 1112 Μωῦσῇ
2911 1042 2994 1105 τίς
3016 1040 3167 1093 ἔθετο
3191 1039 3288 1110 τὴν
3310 1039 3710 1110 προσηγορίαν;

2140 1139 2252 1208 Οὐχ
2283 1141 2316 1208 ἡ
2353 1137 2595 1207 θυγάτηρ
2633 1134 2726 1188 τοῦ
2764 1133 2962 1204 Φαραὼ
2988 1135 3053 1186 ἐκ
3079 1131 3172 1185 τοῦ
3204 1130 3507 1202 συμϐάντος
3530 1133 3714 1182 ἐπονο-

2144 1232 2395 1301 μάσασα;
2429 1228 2666 1296 Μωῦσῆς
2710 1227 2819 1296 γάρ
2849 1225 2911 1278 τὸ
2949 1225 3105 1292 ὕδωρ
3141 1224 3358 1291 λέγεται
3386 1225 3452 1293 τῇ
3482 1221 3590 1274 τῶν
3620 1223 3714 1273 Ai-

2139 1321 2383 1390 γυπτίων
2430 1321 2601 1389 φωνῇ.
2640 1319 2793 1370 Ἐπεὶ
2837 1312 2930 1369 οὖν
2970 1315 3108 1369 κατὰ
3147 1314 3210 1366 τὸ
3260 1314 3583 1385 πρόσταγμα
3619 1311 3714 1365 τοῦ

2139 1413 2422 1483 τυράννου,
2449 1408 2740 1479 κιδωτῷτδ
2769 1407 2964 1477 βρέφος
2987 1405 3231 1467 ἐνθέντες
3255 1405 3305 1456 οί
3321 1403 3714 1472 γεννησάμενοι

2139 1508 2250 1567 τοῖς
2274 1502 2507 1574 ῥείθροις
2523 1500 2745 1553 ἔδωκαν·
2765 1497 2906 1551 οὕτω
2929 1497 3037 1567 γάρ
3053 1512 3196 1559 τινες
3217 1495 3324 1547 τῶν
3345 1493 3626 1564 ἱστορικῶν
3648 1493 3734 1566 τὰ,

2140 1599 2257 1650 κατ’
2290 1595 2450 1647 αὑτὸν
2478 1594 2832 1664 διηγήσαντο·
2861 1591 2894 1659 ή
2923 1589 2977 1642 δὲ
3001 1589 3142 1641 κατὰ
3170 1587 3312 1639 θεῖον
3340 1586 3586 1656 βούλημα
3608 1585 3714 1636 ὑπὸ

2139 1687 2241 1756 τῆς
2267 1686 2413 1756 δίνης
2440 1683 2548 1736 τῶν
2573 1682 2831 1753 κυμάτων
2855 1679 3256 1750 ἐκκυμανθείσα
3279 1672 3620 1747 προσηνέχθη
3647 1676 3716 1745 τῇ

2142 1778 2296 1849 ὄχθῃ,
2325 1778 2419 1829 καὶ
2443 1776 2660 1847 εὕρημα
2688 1771 2784 1841 τῆς
2824 1769 3092 1840 βασιλίδος
3113 1769 3233 1822 κατ’
3261 1767 3452 1837 ἐκείνῳ
3487 1764 3564 1834 τῷ
3595 1765 3718 1816 λου-

2142 1869 2256 1940 τρῷ
2281 1870 2342 1921 τὸ
2373 1867 2532 1938 σῶμα
2573 1863 3006 1936 φαιδρυνομένης
3047 1860 3290 1929 ἐγένετο,
3321 1858 3395 1921 ὡς
3424 1858 3482 1923 ἐξ
3526 1855 3718 1918 ὕδατος

2142 1963 2277 2031 αὐτῇ
2315 1959 2408 2012 τοῦ
2452 1957 2638 2020 παιδὸς
2663 1955 2973 2024 κτηθέντος,
3013 1951 3354 2022 μνημόσυνον
3392 1948 3493 2016 τῆς
3529 1962 3714 2000 συντυ-

2142 2055 2264 2125 χίας
2291 2052 2510 2120 λέγεται
2538 2049 2614 2120 τῷ
2641 2048 2789 2102 παιδὶ
2815 2046 2999 2101 θέσθαι
3030 2045 3091 2097 τὸ
3113 2043 3305 2112 ὄνομα.
3335 2034 3406 2110 ’ᾯ
3436 2039 3531 2092 καὶ
3557 2037 3718 2099 αὐτὸς

2142 2151 2170 2201 ὁ
2197 2147 2328 2210 Θεὸς
2356 2147 2449 2200 ἐπὶ
2467 2145 2560 2198 τοῦ
2579 2144 2908 2214 θεράποντος
2931 2135 3234 2208 κεχρῆσθαι
3257 2134 3357 2187 οὐκ
3385 2130 3718 2202 ἀπηξίωσεν,

2145 2240 2264 2293 οὐδὲ
2294 2237 2510 2303 ἀνάξιον
2539 2237 2722 2306 ἔκρινε
2745 2234 2844 2304 τὴν
2865 2233 2962 2301 τῆς
2994 2229 3267 2301 βαρϐάρου
3296 2225 3483 2293 κλῆσιν
3507 2223 3598 2275 ἐπὶ
3624 2220 3720 2273 τοῦ

2147 2331 2428 2404 προφήτου
2452 2328 2644 2399 κυρίαν
2674 2326 2830 2378 ἐάσαι
2852 2343 2866 2357 ο
2894 2321 3067 2384 οὕτως
3093 2320 3230 2390 πρὸς
3275 2317 3462 2370 τούτου
3502 2311 3718 2371 Ἰακὼϐ,

2145 2423 2245 2492 τῆς
2275 2420 2370 2473 τοῦ
2394 2420 2654 2487 συγγόνου
2687 2417 2924 2486 πτέρνης
2954 2409 3374 2481 ἐπειλημμένος,
3398 2404 3724 2476 πτερνιστὴς

2148 2517 2212 2567 ἐκ
2256 2512 2349 2565 τοῦ
2402 2511 2678 2581 σχήματος
2718 2500 2762 2574 ᾧ
2813 2502 3226 2572 συναπεκυήθη,
3283 2493 3720 2570 προσηγορεύθη.

2148 2606 2246 2666 Εἰς
2275 2600 2433 2655 τοῦτο
2465 2599 2572 2669 γάρ
2603 2597 2788 2667 φέρειν
2824 2595 2916 2648 τοῦ
2965 2591 3157 2646 Ἰακὼϐ
3191 2590 3291 2659 τὴν
3320 2586 3620 2658 ἑρμηνείαν
3647 2586 3727 2646 είς

2161 2693 2387 2748 Ἑλλάδα
2420 2690 2602 2760 φωνὴν
2649 2685 3082 2758 μεταληφθεῖσαν
3117 2684 3164 2734 οἱ
3202 2681 3268 2733 τὰ
3291 2677 3514 2732 τοιαῦτα
3541 2692 3727 2744 νενοη-

2149 2788 2306 2850 κότες
2338 2785 2678 2838 διδάσκουσιν
2699 2797 2712 2810 °
2751 2779 2845 2831 καὶ
2874 2777 2965 2829 τὸν
3001 2775 3176 2846 Φαρὲς
3209 2775 3242 2843 ἡ
3281 2771 3417 2842 μαία
3453 2768 3616 2848 πάλιν
3658 2769 3726 2819 ἐκ

2153 2877 2246 2932 τοῦ
2274 2877 2402 2946 περὶ
2440 2874 2531 2927 τὸν
2562 2874 2719 2926 τόκον
2752 2868 3054 2939 συμϐάντος
3083 2865 3355 2936 ὠνόμασε.
3395 2863 3506 2916 Καὶ
3533 2859 3728 2938 οὐδεὶς,

2153 2969 2297 3025 κατὰ
2340 2967 2620 3038 Εὐνόμιον,
2664 2965 2740 3025 ὡς
2782 2956 3233 3032 ἁρχηγικωτέραν
3285 2953 3456 3022 αὐτὴν
3501 2951 3600 3020 τῆς
3636 2948 3732 3002 τοῦ

2155 3063 2291 3117 Θεοῦ
2316 3058 2560 3125 ἐξουσίας
2584 3054 3000 3123 ὲζηλοτύπησεν.
3020 3048 3181 3102 Ἀλλὰ
3209 3049 3303 3100 καὶ
3328 3049 3438 3108 τοῖς
3462 3042 3734 3115 πατριάρ-

2161 3175 2282 3228 χαις
2333 3157 2388 3208 αἱ
2442 3151 2674 3224 μητέρες
2719 3147 2788 3200 τὰ
2839 3147 3080 3215 ὀνόματα
3134 3140 3405 3194 τίθενται·
3451 3134 3732 3204 Ῥουὸεὶρη

2160 3224 2413 3315 έυμεὼν,
2447 3240 2542 3294 καὶ
2565 3238 2715 3299 Λευὶ,
2757 3236 2850 3290 καὶ
2886 3237 3000 3296 τοῖς
3032 3231 3266 3299 καθεξῆς
3297 3229 3463 3280 πᾶσιν
3505 3224 3729 3295 ὁμοίως.

2160 3313 2268 3389 Καζι
2305 3333 2480 3395 οὐδεὶς
2530 3328 2672 3383 κατὰ
2717 3325 2806 3378 τὸν
2853 3323 2950 3378 νῦν
2994 3319 3335 3391 λογογράφον
3374 3317 3432 3368 ἐν
3465 3316 3578 3377 τοῖς
3613 3313 3737 3366 τότε

2158 3427 2369 3500 χρόνοις
2398 3424 2494 3494 τῆς
2522 3420 2672 3483 θείας
2701 3416 2956 3489 προνοίας
2997 3411 3249 3484 κηδεμὼν
3291 3410 3555 3479 ἀνεφάνη,
3597 3411 3738 3464 ὥστε

2161 3498 2402 3573 κωλύσαι
2436 3513 2524 3567 διὰ
2560 3511 2659 3582 τῆς
2689 3509 2797 3562 τῶν
2822 3505 3104 3577 ὀνομάτων
3147 3503 3348 3565 θέσεως
3371 3541 3385 3559 .
3422 3498 3738 3571 άρχηγικὼ-

2160 3627 2293 3681 τερα
2328 3606 2422 3662 τοῦ
2465 3603 2600 3658 Θεοῦ
2637 3599 2889 3672 γενέσθαι
2917 3597 2988 3651 τὰ
3028 3595 3248 3665 γύναια.
3278 3593 3342 3646 Τί
3377 3593 3419 3646 δ’
3460 3592 3525 3646 ἄν
3557 3606 3640 3652 τις
3670 3588 3740 3641 τά

2164 3678 2286 3753 καθ’
2303 3699 2543 3751 ,ἕκαστον
2570 3696 2634 3746 ἐκ
2663 3693 2761 3762 τῆς
2787 3688 3030 3760 ἱστορίας
3050 3685 3218 3754 λέγοι,
3247 3683 3390 3752 ὕδωρ
3415 3678 3740 3746 ἀντιλογίας,

2164 3791 2260 3844 καὶ
2287 3789 2450 3842 τόπον
2480 3784 2728 3848 πένθους,
2757 3783 2849 3834 καὶ
2880 3777 3065 3851 βουνὸν
3096 3772 3490 3845 ἀκροϐυστιῶν,
3522 3771 3616 3824 καὶ
3639 3769 3743 3837 φά-

2170 3898 2346 3954 ραγγα
2379 3879 2600 3950 βότρυος
2621 3918 2636 3944 ,
2671 3875 2767 3929 καὶ
2791 3871 2960 3943 ἀγρὸν
2996 3868 3228 3940 αἳματος
3248 3866 3389 3933 ,καὶ
3424 3864 3490 3916 τὰ
3518 3860 3744 3913 τοιαῦτα

2169 3975 2347 4027 πάντα
2371 3971 2479 4024 τῶν
2511 3968 2811 4038 ὀνομάτων,
2839 3961 3062 4017 τεθέντα
3095 3959 3194 4030 μὲν
3224 3958 3372 4029 παρὰ
3395 3957 3502 4009 τῶν
3538 3950 3745 4022 ἀνθρὼ-

2171 4082 2308 4129 πων,
2342 4059 2791 4133 μνημονευόμενα
2817 4055 2876 4108 δέ
2917 4052 3176 4114 πολλάκις
3212 4052 3306 4103 καὶ
3348 4051 3411 4102 ἐκ
3451 4046 3741 4117 προσώπου

2169 4156 2263 4210 τοῦ
2281 4154 2416 4208 Θεοῦ
2433 4171 2445 4216 ;
2465 4154 2541 4204 Δι’
2564 4144 2637 4204 ὧν
2661 4149 2776 4202 ἔστι
2802 4145 2994 4217 μαθεῖν
3017 4145 3090 4208 ὡς
3117 4143 3241 4196 οὕτε
3263 4141 3402 4212 ὑπὲρ
3423 4140 3520 4208 τὴν
3535 4139 3746 4207 ἀνθρω-

2172 4248 2333 4316 πίνην
2367 4243 2523 4308 ἀξίαν
2551 4240 2698 4293 ἐστὶν
2725 4241 2758 4309 ἡ
2786 4236 2874 4290 διὰ
2899 4234 3158 4306 ῥημάτων
3189 4230 3450 4300 γινομένη
3474 4227 3611 4280 κατά
3637 4226 3748 4278 τῶν

2173 4338 2515 4411 πραγμάτων
2561 4332 2899 4402 σημείωσις,
2936 4326 3060 4382 οὗτε
3104 4327 3138 4395 ἡ
3190 4325 3289 4392 τῆς
3338 4321 3488 4384 θείας
3534 4319 3750 4390 φύσεως

2173 4433 2398 4502 δύναμις
2431 4429 2518 4481 διὰ
2550 4426 2754 4479 τούτων
2780 4422 2878 4493 τὴν
2914 4417 3220 4492 μαρτυρίαν
3262 4416 3396 4485 ἔχει.

2261 4608 2424 4664 Ἀλλὰ
2454 4607 2578 4667 τοὺς
2617 4603 2714 4674 μὲν
2742 4600 2935 4663 ἄλλους
2967 4595 3279 4667 φληνάφους
3301 4634 3317 4657 ,
3346 4590 3440 4654 οὓς
3477 4587 3616 4642 κατὰ
3653 4589 3754 4657 τῆς

2177 4701 2434 4772 ἀληθείας
2474 4697 2759 4767 ἐλήρησεν,
2809 4691 2885 4753 ὡς
2920 4685 3175 4757 οὐδεμίαν
3215 4683 3437 4753 ἔχοντας
3460 4676 3602 4732 κατὰ
3643 4677 3755 4730 τῶν

2178 4769 2461 4864 δογμάτων
2507 4789 2679 4858 ἰσχὺν,
2722 4781 3136 4853 ὑπερὸήσομαι,
3173 4777 3428 4848 περιττὸν
3457 4769 3596 4826 εἷναι
3634 4771 3758 4841 κρί-

2345 4881 2742 4956 ὲμφιλοχωρεῖν
2799 4877 2912 4938 τοῖς
2967 4871 3236 4944 ματαίοις.
3280 4868 3377 4931 Τίς
3425 4865 3536 4936 γὰρ
3584 4862 3759 4925 οὕτως

2182 4982 2392 5050 ἄφρων,
2421 4976 2506 5036 τίς
2532 4972 2638 5024 τῶν
2670 4965 3100 5035 σπουδαιοτέρων
3133 4959 3449 5031 φροντίδων,
3478 4956 3620 5010 ὥστε
3645 4957 3760 5017 τοῖς

2183 5075 2429 5143 ἀνοήτοις
2456 5066 2565 5119 τῶν
2584 5064 2758 5132 λόγων
2779 5057 3230 5131 προσαναλίσκειν
3252 5053 3351 5123 τὴν
3384 5050 3638 5120 σπουδὴν,
3663 5047 3762 5100 καὶ

2183 5139 2547 5234 διαμάχεσθαι
2582 5154 2717 5226 πρὸς
2747 5153 2876 5214 τοὺς
2903 5149 3158 5218 λέγοντας
3195 5147 3276 5198 ὅτι
3304 5139 3762 5214 ἀρχηγικωτέραν

2189 5258 2288 5328 μὲν
2328 5255 2421 5307 καὶ
2444 5246 2782 5321 κυριωτέραν
2809 5241 3182 5310 ὰποφαίνομεν
3203 5237 3300 5306 τὴν
3323 5235 3430 5288 τῶν
3459 5230 3763 5300 ἀνθρώπων

2187 5346 2460 5420 φροντίδα,
2487 5344 2584 5411 τῆς
2615 5337 2710 5392 τοῦ
2745 5333 2878 5388 Θεοῦ
2911 5329 3255 5402 κηδεμονίας,
3285 5326 3380 5396 τὴν
3408 5325 3464 5377 δὲ
3491 5325 3600 5386 τοῖς
3626 5323 3766 5391 ἀμε-

2186 5441 2463 5508 λεστέροις
2495 5433 2816 5504 ἐνοχλοῦσαν
2843 5425 3157 5496 ὀλιγωρίαν,
3194 5423 3272 5483 εἰς
3293 5419 3391 5489 τὴν
3424 5417 3633 5470 ἐκείνου
3669 5431 3764 5483 μες

2187 5505 2500 5604 ταφέρομεν
2541 5527 2823 5599 πρόνοιαν;
2852 5519 3038 5574 Ταῦτα
3071 5517 3163 5569 ἐπὶ
3195 5511 3392 5577 λέξεως
3431 5507 3602 5604 ή-τοῦ
3651 5505 3769 5558 δια-

2191 5597 2475 5685 ϐάλλοντος
2494 5597 2640 5691 ήμάς
2667 5615 2777 5686 ἔχει
2807 5610 2979 5682 φωνή.
3007 5605 3148 5676 Ἐγὼ
3167 5604 3223 5657 δὲ
3243 5603 3356 5656 ἴσον
3376 5598 3512 5671 ἡγοῦ
3523 5616 3614 5668 μαι
3639 5597 3768 5666 περί

2190 5740 2247 5776 τε
2281 5720 2351 5770 τὰ
2377 5714 2600 5769 τοιαῦτα
2631 5703 2952 5766 σπουδάζειν
2985 5701 3078 5754 καὶ
3108 5695 3345 5769 γραΐδιον
3376 5691 3607 5762 ὀνείροις
3639 5690 3769 5741 ἁπο-

2381 5815 2426 5844 ⁵²
2462 5809 2597 5864 Gen.
2635 5819 2788 5865 nix,
2815 5798 3000 5853 52-5t.
