4146 6386
427 428 564 482 1000

1472 424 1750 480 CONTRA
1791 419 2169 480 EUNOMIUM
2199 463 2214 483 ,
2271 421 2407 476 LlB:
2450 421 2560 478 ΧΠ.

3558 425 3690 479 1014)

426 546 726 619 σχολάζειν.
764 548 837 600 Τὸ
869 549 975 619 γὰρ
1011 549 1066 600 ἐν
1101 547 1254 616 τύπῳ
1297 547 1550 616 φθόγγων
1595 547 1759 601 τινῶν
1803 548 2010 629 οἴεσθαι

2119 555 2235 598 tror
2261 545 2314 598 in
2351 545 2555 600 talibus
2585 544 2825 600 studium
2873 554 2925 599 et
2955 543 3177 629 operam
3231 561 3431 614 ponere
3467 561 3530 600 ac
3577 549 3695 602 ani-

425 643 491 709 τῇ
525 639 651 709 θείας
680 638 836 706 φύσει
869 639 930 690 τὸ
966 641 1066 708 τῆς
1095 639 1270 710 ἀρχῆς
1301 639 1393 691 καὶ
1434 639 1754 710 κυριότητος
1793 628 2010 708 ἆξίωμα

426 731 829 799 διαφυλάσσειν,
865 731 959 783 καὶ
986 732 1084 800 τὴν
1127 731 1370 800 μεγάλην
1399 730 1493 784 τοῦ
1522 731 1657 784 Θεοῦ
1685 731 1911 801 δύναμιν
1954 733 2011 785 ἐν

425 821 602 892 τούτῳ
629 821 915 883 δεικνύειν,
952 821 1174 891 ἀμελεῖν
1207 840 1266 875 τε
1297 823 1460 876 πάλιν
1491 822 1582 874 τὸν
1613 821 1745 874 Θεὸν
1789 823 1883 875 καὶ
1909 822 2011 874 ὀλι-

427 914 629 983 γωρεῖν
677 914 778 983 τῆς
822 914 1206 984 προσηκούσης
1248 913 1399 983 αῦτῷ
1446 913 1734 983 προνοίας,
1771 914 1916 984 ἡμᾶς
1951 931 2010 966 τε

426 1005 732 1059 διαϐάλλειν
752 1047 767 1071 ,
795 1007 877 1060 ὅτι
909 1008 1010 1076 τὴν
1049 1007 1274 1076 λογικὴν
1307 1007 1534 1076 δύναμιν
1566 1006 1718 1076 παρὰ
1753 1005 1847 1058 τοῦ
1873 1005 2009 1057 Θεοῦ

429 1095 684 1159 λαϋόντες
712 1099 760 1150 οἱ
801 1096 1101 1168 ἄνθρωποι,
1137 1098 1328 1150 ἔπειτα
1359 1098 1480 1151 κατ’
1512 1096 1759 1162 ἐξουσίαν
1784 1099 1894 1158 τοῖς
1921 1096 2009 1148 λό-

429 1206 548 1256 γοις
582 1189 720 1260 πρὸς
757 1188 856 1260 τὴν
890 1189 1000 1242 τῶν
1035 1188 1376 1259 πραγμάτων
1403 1187 1636 1260 δήλωσιν
1680 1189 2006 1258 κέχρηνταιο,

429 1279 480 1330 τί
528 1279 656 1333 ἄλλο
696 1279 729 1350 ἢ
770 1280 891 1351 οὐχὶ
930 1265 1192 1350 ’γραώδης
1267 1279 1434 1350 μῦθος
1493 1279 1527 1350 ἢ
1575 1278 2010 1350 κραιτφιλώντων

427 1372 637 1443 δνειρος
669 1373 728 1426 τὸ
771 1371 1009 1426 τοιοῦτόν
1038 1373 1184 1425 ἐστιν
1212 1389 1228 1438 ;
1270 1371 1334 1424 Ἡ
1362 1370 1472 1441 γάρ
1499 1369 1705 1442 ἀληθὴς
1746 1368 1840 1422 τοῦ
1871 1369 2007 1422 Θεοῦ

427 1462 656 1532 δύναμίς
685 1481 744 1516 τε
774 1464 868 1517 καὶ
900 1463 1137 1528 ἐξουσία,
1159 1464 1253 1517 καὶ
1290 1463 1432 1535 ἀρχὴ
1469 1464 1562 1515 καὶ
1587 1462 1844 1533 κυριότης
1867 1462 2010 1516 κατά

429 1576 493 1627 γε
521 1561 614 1614 τὸν
635 1562 902 1632 ἡμέτερον
923 1561 1080 1629 λόγον
1107 1562 1207 1615 οὐκ
1228 1561 1286 1613 ὲν
1312 1561 1600 1624 ωλλαῦαῖς
1620 1561 1678 1614 τὸ
1710 1557 1850 1614 εἶναι
1874 1560 2007 1629 ἔχει,

427 1652 462 1721 ἢ
496 1651 666 1716 οὕτως
695 1652 760 1706 ἂν
785 1655 864 1716 εἰς
882 1654 1150 1725 ὁμότιμον
1184 1651 1328 1706 έλθοι
1369 1651 1448 1722 τῷ
1473 1652 1592 1722 Θεῷ
1618 1653 1726 1716 πᾶς
1757 1649 2008 1706 ὁστισοῦν

428 1743 656 1815 εὑρετὴς
703 1743 965 1815 ῥημάτων
1003 1744 1284 1815 γινόμενος
1314 1783 1328 1807 ,
1361 1743 1476 1796 ἀλλ’
1520 1743 1718 1807 αἰῶνες
1755 1743 2005 1813 ἄπειροι,

428 1838 524 1891 καὶ
557 1837 760 1907 κόσμου
788 1836 960 1906 κάλλη
986 1878 1002 1902 ,
1031 1837 1122 1890 καὶ
1146 1837 1447 1908 φωστήρων
1471 1837 1658 1904 αὐγαὶ,
1699 1836 1794 1889 καὶ
1817 1836 1886 1888 τὰ
1913 1837 2006 1888 ἐπὶ

428 1930 530 2000 γῆς
558 1929 652 1981 καὶ
695 1927 960 1998 θαλάττης
1004 1928 1294 1998 θαύματα,
1337 1927 1584 1996 ἀγγέλων
1622 1945 1680 1980 τε
1713 1927 1998 1998 στρατιαὶ,

427 2023 525 2076 καὶ
561 2022 923 2093 ὑπερκόσμιοι
965 2022 1240 2092 δυνάμεις,
1269 2021 1365 2074 καὶ
1397 2022 1448 2074 εἴ
1480 2039 1532 2074 τι
1571 2019 1698 2076 ἄλλο
1733 2020 1873 2073 κατά
1903 2021 2002 2090 τὴν

429 2113 543 2167 ἄνω
583 2112 736 2184 λῆξιν
775 2114 927 2186 παρὰ
958 2114 1060 2182 τῆς
1105 2113 1330 2184 Γραφῆς
1374 2106 1513 2166 εἶναι
1549 2111 1617 2166 δι’
1663 2112 2000 2182 αἰνιγμάτων

430 2201 720 2273 ἀκούομεν,
765 2203 942 2257 ταῦτά
979 2206 1096 2257 ἐστι
1123 2204 1193 2257 τὰ
1235 2203 1617 2274 μαρτυροῦντα
1652 2203 1730 2273 τῷ
1758 2202 1876 2273 Θεῷ
1904 2202 2002 2273 τὴν

430 2295 570 2366 ὑπὲρ
610 2295 791 2348 πάντα
835 2295 1084 2366 δύναμιν.
1118 2297 1308 2366 Φωνῆς
1343 2296 1399 2349 δέ
1428 2291 1564 2368 ἦχον
1591 2299 1705 2358 τοῖς
1733 2296 2001 2365 πεφυκόσι

431 2385 761 2454 φθέγγεσθαι
790 2389 1080 2458 μαρτυρῶν
1099 2405 1203 2453 τις,
1225 2388 1376 2441 οὐδὲν
1401 2390 1480 2451 είς
1501 2389 1592 2442 τὸν
1617 2388 1884 2441 δεδωκότα
1903 2389 2003 2459 τὴν

430 2476 613 2549 φωνὴν
651 2478 940 2549 ἀσεϐήσειο
978 2481 1100 2532 ούδέ
1135 2480 1245 2551 γάρ
1286 2481 1431 2551 μέγα
1464 2498 1517 2533 τι
1551 2479 1709 2533 τοῦτο
1740 2481 2000 2551 οἰόμεθα,

430 2569 492 2621 τὸ
525 2570 861 2640 σημαντικὰς
895 2571 1004 2623 τῶν
1045 2571 1384 2642 πραγμάτων
1430 2571 1766 2643 ἐξευρίσκειν
1796 2573 2001 2641 φωνάς.

431 2653 502 2731 ᾭ
535 2662 640 2732 γάρ
674 2663 706 2732 ἡ
748 2662 936 2734 Γραφὴ
964 2664 1105 2716 κατὰ
1142 2664 1240 2732 τὴν
1269 2664 1548 2736 ἱστορικὴν
1587 2664 2000 2734 κοσμογένειαν,

430 2753 718 2825 ἀνθρώπου
747 2755 916 2825 ὄνομα
946 2756 1022 2826 τῷ
1045 2757 1166 2809 καθ’
1199 2759 1348 2828 ἡμᾶς
1377 2757 1528 2810 ἔθετο
1556 2757 1860 2829 πλάσματι,
1887 2757 2005 2811 τοῦ·

430 2863 524 2900 τον
557 2848 586 2900 ὁ
635 2846 754 2900 Ἰὼϐ
799 2847 986 2919 βροτὸν
1027 2849 1314 2919 ὀνομάζει,
1345 2851 1439 2904 καί
1472 2867 1617 2914 τινες
1661 2849 1770 2904 τῶν
1807 2849 2004 2914 ἔξωθεν

433 2935 608 3006 φῶτα,
642 2938 734 2991 καὶ
766 2939 976 3008 μέροπα
1013 2940 1186 3011 ἕτεροι
1209 2980 1224 3001 .
1259 2941 1348 2995 ἵνα
1379 2942 1525 2996 ἐάσω
1547 2942 1646 3006 τὰς
1679 2943 1820 2997 κατὰ
1853 2942 2006 3007 ἔθνος

431 3025 622 3079 τούτου
649 3027 938 3099 διαφοράςέ
978 3026 1101 3100 'Ap’
1140 3025 1231 3083 οῦν
1277 3033 1357 3095 είς
1391 3021 1505 3084 ἴσον
1543 3034 1749 3103 ἄγομεν
1775 3032 1852 3102 τῷ
1887 3033 2005 3103 Θεῷ

433 3119 527 3170 καὶ
563 3117 662 3180 τάς
693 3117 912 3172 ἐκείνων
951 3120 1115 3190 τιμὰς
1138 3162 1152 3185 ,
1180 3122 1262 3174 ὅτι
1297 3119 1411 3176 ἴσον
1436 3123 1779 3194 δυναμούσας
1810 3127 1876 3195 τῇ
1911 3122 2005 3178 τοῦ

2114 638 2363 691 cularum
2390 637 2618 693 somniis
2646 638 2924 707 occupari.
2957 638 3090 699 Nam
3116 639 3396 706 inJorma
3432 646 3692 694 sonerum

2114 729 2474 798 quorumdam
2512 736 2707 799 putare
2737 729 2934 783 divinae
2982 739 3190 784 naturae
3253 732 3592 800 principatus
3639 740 3694 785 et

2115 820 2510 876 dominationis
2539 821 2882 890 majestatem
2929 837 3277 885 conservare,
3332 833 3386 878 et
3441 840 3691 896 magnam

2117 909 2210 963 Dei
2242 910 2541 978 potentiam
2591 910 2648 964 in
2693 909 2798 963 hoc
2851 926 2973 964 esse
3009 911 3240 978 positam
3289 910 3689 974 demonstrare,

2113 1018 2419 1071 rursusque
2453 1017 2553 1056 nos
2589 1001 2760 1056 Deum
2789 1003 3064 1073 negligere
3083 1017 3146 1056 ac
3179 1019 3277 1072 pro
3297 1004 3468 1058 nihilo
3492 1005 3692 1059 habere

2116 1095 2218 1162 ipsi
2255 1095 2666 1148 convenientem
2717 1095 3140 1164 providentiam,
3192 1097 3431 1164 itemque
3484 1097 3688 1150 calum-

2113 1189 2274 1252 niari,
2309 1187 2458 1257 quod
2490 1187 2852 1241 ratiocinandi
2881 1188 3196 1243 facultatem
3229 1204 3260 1241 a
3293 1188 3401 1242 Deo
3440 1189 3690 1245 homines

2114 1279 2296 1348 adepti
2334 1278 2531 1334 exinde
2569 1294 2666 1348 pro
2717 1279 2946 1333 arbitrio
2990 1281 3337 1336 sermonibus
3385 1282 3450 1336 ad
3509 1298 3690 1337 rerum

2112 1368 2539 1425 declarationem
2592 1370 2676 1423 usi
2725 1379 2875 1437 sunt,
2925 1371 3057 1441 quid
3103 1373 3250 1425 aliud
3291 1373 3394 1427 hoc
3446 1382 3531 1428 est
3583 1375 3692 1429 nisi

2112 1461 2276 1515 anilis
2310 1460 2493 1515 fabula
2530 1462 2610 1515 vel
2641 1462 2982 1516 ebriosorum
3019 1463 3338 1518 somnium?
3371 1463 3511 1520 Vera
3544 1467 3690 1520 enim

2112 1552 2208 1608 Dei
2238 1554 2414 1609 virtus
2447 1563 2501 1609 et
2533 1563 2798 1624 potestas,
2827 1563 2880 1608 et
2909 1556 3250 1625 principatus
3287 1567 3342 1618 et
3391 1558 3694 1611 dominatio

2112 1646 2413 1700 secundum
2451 1655 2700 1700 nostrum
2739 1662 3045 1701 sermonem
3078 1663 3187 1702 nou
3222 1650 3276 1702 in
3309 1649 3533 1719 syllabis
3569 1665 3694 1705 esse

2112 1737 2296 1801 habet,
2335 1736 2419 1792 vel
2457 1737 2529 1789 ita
2557 1747 2705 1790 certe
2739 1738 2807 1791 ad
2860 1754 3045 1808 parem
3098 1739 3358 1795 honorem
3407 1755 3535 1795 cum
3582 1740 3695 1795 Deo

2109 1828 2322 1882 venerit
2383 1828 2698 1898 quicunque
2731 1830 3018 1883 verborum
3065 1829 3230 1885 fuerit
3262 1833 3553 1901 inventor;
3597 1833 3692 1888 sed

2109 1919 2328 1974 inﬁnita
2384 1922 2608 1984 saecula,
2646 1929 2701 1974 et
2739 1920 2929 1974 mundi
2969 1922 3345 1991 pulchritudo,
3383 1936 3435 1978 et
3463 1926 3696 1980 lumina-

2105 2012 2248 2066 rium
2287 2011 2631 2082 splendores,
2677 2020 2732 2067 et
2786 2028 2907 2082 qua:
2973 2025 3103 2068 sunt
3156 2017 3209 2069 in
3259 2018 3395 2069 mari
3444 2025 3497 2071 et
3547 1993 3694 2072 tensa

2107 2105 2392 2168 miracula,
2418 2106 2848 2175 angelorumque
2882 2106 3109 2170 militiae,
3159 2118 3213 2163 et
3269 2113 3693 2178 supermundia-

2110 2197 2190 2252 les
2220 2197 2472 2262 virtutes,
2504 2207 2559 2253 et
2589 2199 2637 2252 si
2668 2199 2800 2268 quid
2851 2206 2936 2255 est
2968 2199 3119 2254 aliud
3154 2201 3301 2270 quod
3344 2204 3398 2256 in
3456 2220 3693 2273 superna

2111 2290 2239 2345 sede
2268 2305 2297 2343 a
2321 2289 2606 2360 Scriptura
2647 2307 2744 2361 per
2767 2292 3054 2362 aenigmata
3096 2293 3370 2359 audimus,
3403 2295 3517 2350 lucc
3568 2304 3696 2351 sunt

2111 2397 2234 2452 quae
2263 2383 2629 2438 testiﬁcantur
2650 2383 2762 2438 Deo
2788 2399 2910 2454 qua:
2953 2392 3038 2439 est
3091 2401 3257 2456 supra
3291 2388 3473 2441 omnia
3529 2391 3696 2445 virtu-

2113 2484 2242 2530 tem.
2275 2473 2441 2530 Vocis
2470 2481 2863 2529 autemsonum
2889 2475 2974 2533 his
3001 2478 3095 2547 qui
3118 2479 3442 2533 naturaliter
3462 2481 3695 2548 loquart-

2115 2576 2206 2620 tur
2255 2565 2348 2636 qui
2394 2565 2664 2630 attribuit,
2721 2564 2856 2620 nihil
2891 2565 2946 2620 in
3003 2583 3126 2621 eum
3167 2568 3258 2637 qui
3305 2583 3490 2623 vocem
3546 2569 3696 2624 dedit

2118 2659 2281 2728 impie
2322 2659 2508 2724 dicet;
2549 2674 2727 2722 neque
2785 2657 2928 2712 enim
2971 2675 3227 2730 magnum
3283 2661 3487 2730 aliquid
3529 2673 3693 2731 puta-

2119 2767 2264 2817 mus,
2306 2765 2502 2820 nempe
2524 2749 2916 2819 signilicativas
2959 2766 3142 2805 rerum
3170 2767 3331 2806 voces
3363 2755 3690 2824 excogitare.

2117 2840 2217 2896 Cui
2261 2840 2407 2895 enim
2467 2839 2751 2910 Scriptura
2796 2841 3098 2896 secundum
3145 2842 3460 2898 hlstoricam
3506 2847 3694 2900 mundi

2117 2933 2453 2989 creationem
2478 2933 2721 2988 humano
2754 2933 2884 2989 huic
2916 2935 3174 3006 ﬁgmento
3196 2935 3483 3008 ἀνθρώπου
3519 2939 3693 2993 homi-

2115 3009 2197 3080 nis
2256 3041 2456 3080 nomen
2489 3025 2686 3079 indidit
2725 3025 2791 3091 ⁸³,
2825 3026 2974 3080 hunc
3012 3025 3114 3081 Joh
3167 3027 3378 3099 βροτόν,
3416 3031 3694 3085 mortalem

2117 3117 2364 3170 nominat
2397 3115 2467 3182 ",
2508 3125 2563 3171 et
2587 3115 2809 3186 quidam
2856 3118 3068 3172 externi
3113 3119 3289 3186 φῶτα,
3341 3122 3497 3191 quasi
3542 3122 3693 3178 dicas

433 3206 716 3276 ἀνθρώπου
740 3209 1081 3281 προσηγορίᾳ
1102 3212 1343 3266 κάκεῖνοί
1364 3231 1518 3277 τινας
1546 3214 1768 3286 ἐξεῦρον
1803 3215 2006 3285 φωνάς,

2118 3210 2380 3264 hominem
2417 3209 2713 3280 loquentem
2746 3219 2801 3264 et
2830 3210 2921 3264 alii
2963 3212 3174 3282 μέροπα
3213 3214 3267 3268 id
3311 3221 3415 3281 est,
3471 3214 3696 3271 dinersi-

431 3300 496 3352 δι’
532 3295 605 3354 ὧν
632 3301 831 3372 ὁμοίιος
853 3301 1104 3372 δηλοῦται
1132 3303 1195 3357 τὸ
1221 3303 1604 3376 ὑποκείμενονς
1642 3305 1778 3360 ἀλλὰ
1803 3306 2008 3378 ταύτην

436 3389 538 3458 μὲν
556 3388 654 3458 τὴν
693 3391 1076 3459 ματαιολογίαν
1103 3392 1288 3446 ἐατέον
1319 3395 1471 3464 ἡμῖν,
1508 3395 1688 3459 καθὼς
1724 3399 2006 3467 προεῖπον,

435 3484 529 3534 καὶ
555 3479 653 3542 τὰς
674 3479 870 3552 ἐφεξῆς
891 3481 1154 3553 λοιδορίας
1174 3486 1232 3537 ἐν
1259 3485 1472 3548 οὐδενὸς
1496 3486 1650 3558 μέρει
1675 3487 1876 3542 θετέον.
1923 3489 2012 3541 Ἐν

435 3566 524 3634 αἷς
550 3573 979 3643 καταψεύδεσθαι
1011 3575 1118 3626 τῶν
1150 3573 1310 3628 θείων
1340 3577 1489 3647 ἡμᾶς
1517 3578 1712 3648 λογίων
1733 3580 1890 3651 φησὶ,
1917 3581 2012 3634 καὶ

437 3663 576 3716 κατὰ
604 3665 784 3717 πᾶσαν
815 3664 997 3718 ἄδειαν
1044 3671 1423 3737 συκοφαντεῖν,
1447 3669 1519 3723 τά
1546 3687 1608 3724 τε
1635 3670 1770 3723 ἄλλα
1807 3671 2011 3735 πάντα,

437 3757 531 3894 :a‘t
555 3757 716 3810 αὐτὸν
739 3757 829 3811 τὸν
855 3759 1007 3813 Θεόν.
1033 3760 1395 3832 Μετέλθωμεν
1423 3761 1480 3814 δέ
1504 3760 1582 3831 τῷ
1615 3762 1758 3835 λόγῳ
1787 3765 1924 3835 πρὸς
1945 3766 2014 3819 τὰ

471 3844 752 3894 ειπόιιενα-

471 3844 752 3916 ειπόμενα.

2116 3304 2364 3374 tinguent,
2397 3303 2478 3356 vel
2509 3303 2779 3358 diversam
2809 3308 2864 3357 et
2888 3303 3230 3358 articulatam
3264 3320 3452 3360 vocem
3492 3307 3698 3363 haben-

2118 3400 2249 3456 tem,
2285 3400 2344 3445 ut
2375 3393 2624 3446 omittam
2656 3393 2958 3447 secundum
2997 3393 3245 3463 singulas
3291 3406 3481 3466 gentes
3534 3398 3698 3467 hujus

2121 3485 2362 3539 nominis
2396 3485 2757 3540 dilierentias.
2802 3483 2939 3540 Num
2993 3486 3159 3557 igitur
3190 3489 3542 3561 adaequamus
3588 3492 3698 3548 Deo

2116 3578 2282 3634 etiam
2317 3579 2537 3632 illorum
2575 3579 2837 3641 honores,
2863 3579 2989 3649 quia
3027 3582 3414 3651 aequivalentes
3463 3585 3698 3642 hominis

2123 3669 2476 3739 appellationi
2500 3671 2664 3723 etiam
2704 3670 2783 3722 illi
2809 3671 3341 3736 vocesinvenerunt,
3370 3677 3574 3745 quibus
3625 3677 3700 3731 si-

2123 3762 2323 3815 militer
2353 3760 2670 3815 declaratur
2698 3761 3038 3830 subjectum?
3069 3761 3176 3817 Sed
3210 3764 3326 3819 haec
3350 3768 3699 3838 vaniloquen-

2080 3856 2196 3908 ‘tia
2249 3853 2554 3908 omittenda
2591 3861 2678 3908 est
2717 3854 2900 3916 nobis,
2964 3854 3109 3909 sicut
3161 3857 3413 3926 praedixi,
3467 3870 3522 3914 et
3575 3878 3697 3931 qua:

447 3937 707 4007 deinceps
733 3947 1044 4009 sequuntur
1069 3939 1310 3994 convitia
1338 3955 1438 4010 pro
1496 3942 1667 3997 nihilo
1701 3953 1829 3998 sunt
1904 3948 2238 4018 reputanda,
2279 3945 2484 4015 quibus
2549 3961 2652 4000 nos
2730 3955 2922 4001 contra
2965 3947 3149 4002 divina
3196 3951 3419 4006 oracula
3479 3955 3700 4010 mentiri

439 4040 705 4098 autumat,
741 4040 904 4105 atque
955 4033 1104 4088 omni
1173 4041 1321 4089 metu
1386 4035 1603 4092 sublato
1651 4039 2004 4110 calumniari,
2047 4044 2263 4113 aliaque
2296 4040 2482 4096 omnia
2505 4048 2560 4095 et
2592 4040 2771 4111 ipsum
2805 4040 2992 4096 Deum.
3037 4041 3144 4098 Sed
3183 4045 3252 4098 ad
3316 4045 3527 4117 reliqua
3576 4063 3695 4117 per-

475 4141 651 4180 anius.

475 4144 651 4180 anius.

438 4144 470 4196 Β
509 4219 802 4290 Προτίθησι
848 4219 1010 4273 πάλιν
1054 4220 1149 4274 τοῦ
1195 4221 1514 4278 διδασκάλου
1572 4229 1730 4300 ῥῆσιν
1781 4233 2012 4305 ἔχουσαν

438 4313 639 4378 οὓτως·
666 4316 1106 4383 Παραπλησίως
1148 4315 1218 4369 δὲ
1250 4325 1348 4372 και
1395 4319 1577 4375 οὐδὲν
1625 4326 2015 4400 ἀλλοιότερον
2055 4322 2062 4331 ’

441 4407 554 4474 τὴν
597 4406 708 4474 τῆς
749 4407 1019 4474 ἐπινοίας
1067 4407 1290 4478 χρῆσιν
1321 4412 1479 4479 παρὰ
1524 4415 1630 4470 τοῦ
1668 4419 1832 4474 θείου
1862 4421 2016 4478 δεδι-

438 4499 701 4569 ὃάῃιεθα
727 4501 933 4570 λόγου.
951 4503 1003 4552 '0
1035 4503 1248 4568 Κύριος
1272 4503 1442 4571 ἡμῶν
1477 4505 1710 4574 Ἰησοῦς
1738 4513 2012 4582 Χριστὸς,

2191 4243 2456 4313 Proponit
2509 4255 2704 4295 rursus
2750 4237 2995 4306 magistri
3053 4236 3216 4291 verba
3253 4250 3373 4305 imae
3405 4236 3478 4289 ita
3507 4251 3567 4292 se
3599 4235 3700 4290 ha-

2122 4338 2251 4392 bent
2270 4353 2285 4390 :
2306 4335 2382 4403 (a)
2412 4332 2764 4388 Persimiliter
2793 4339 2966 4383 autent
3013 4337 3062 4382 et
3091 4344 3195 4381 non
3233 4327 3508 4381 diversiori
3542 4328 3698 4382 modo

2123 4425 2578 4478 commentatiohis
2616 4437 2769 4476 usum
2791 4437 2856 4474 ea:
2907 4419 3059 4474 verba
3092 4418 3268 4473 divino
3317 4419 3460 4472 docti
3490 4435 3695 4472 sumus.

2125 4515 2384 4568 Dominus
2439 4525 2615 4568 noster
2671 4511 2828 4566 Jesus
2879 4509 3124 4564 Christus
3183 4519 3432 4562 naturam
3484 4509 3698 4562 deitatis

437 4591 554 4659 τὴν
585 4593 774 4660 φύσιν
820 4591 929 4661 τῆς
968 4593 1245 4660 θεότητος
1287 4593 1411 4660 τοῖς
1455 4596 1784 4668 ἀνθρώποις
1828 4621 2010 4673 παρα-

2119 4607 2418 4662 hominibus
2457 4606 2762 4668 declarans,
2792 4604 3200 4673 proprietatibus
3240 4602 3555 4672 quibusdam
3582 4618 3701 4676 qua:

438 4683 682 4750 δηλῶν,
741 4683 1016 4753 ίὸιώμασί
1068 4701 1187 4738 τισι
1239 4685 1364 4751 τοῖς
1417 4692 1844 4761 θεωρουμένοις
1885 4701 2020 4767 περὶ

436 4776 626 4830 αὑτὸν
653 4776 1055 4844 ἀποσημαίνει
1108 4780 1368 4847 ταύτην·
1421 4785 1611 4850 θύραν
1659 4786 1877 4840 ἑαυτὸν
1919 4789 2020 4842 .ῖέ-

439 4883 558 4937 rm-
586 4864 686 4918 καί
715 4864 930 4932 ἄρτον,
965 4865 1065 4918 καὶ
1103 4865 1279 4934 ὀδόν,
1308 4870 1407 4922 καὶ
1431 4870 1728 4939 ἄμπελον,
1762 4876 1859 4928 καὶ
1890 4893 2019 4929 ποι-

433 4957 608 5025 μένα,
647 4955 746 5010 καὶ
771 4954 917 5025 φῶς.
955 4957 1035 5010 Τὰ
1070 4958 1168 5027 μὲν
1191 4954 1285 5011 οὖν
1325 4962 1409 5029 ἐφ’
1444 4961 1602 5033 ὕϐρει
1633 4964 1864 5035 ρηθέντα
1900 4968 2018 5020 καθ’

437 5051 593 5119 ἡμῶν
649 5050 777 5119 παρ’
825 5048 988 5100 αὐτοῦ
1021 5049 1114 5101 ἐπὶ
1159 5050 1366 5116 τούτοις
1401 5051 1584 5123 (οὕτω
1628 5056 1735 5127 γὰρ
1776 5057 1937 5111 αὑτὸν
1983 5061 2016 5132 ἡ

437 5141 745 5210 διαλεκτικὴ
781 5139 1046 5210 μάχεσθαι
1087 5143 1199 5204 τοῖς
1240 5141 1609 5210 ἀντιλέγουσιν
1661 5146 2017 5220 ἐδιδάξατο),

440 5234 682 5302 παριδεῖν
716 5229 868 5302 οἶμαι
901 5233 1130 5303 πρέπειν
1155 5272 1170 5296 ,
1207 5235 1301 5287 καὶ
1330 5235 1496 5304 μηδὲν
1526 5238 1663 5308 πρὸς
1689 5239 1789 5302 τὰς
1821 5258 2013 5312 μειρα-

439 5322 650 5387 κιώδεις
704 5323 889 5386 ἀνοίας
943 5323 1438 5393 ὑποταράσσεσθαι.
1508 5328 1666 5382 Ἀλλά
1728 5331 1791 5384 τὺ
1848 5332 2012 5405 δριμὺ

438 5419 595 5473 τοῦτο
643 5419 737 5473 καὶ
768 5420 1006 5486 ἄφυκτον
1052 5419 1204 5489 ῥῆμα
1237 5417 1682 5490 κατεξετάσωμεν
1708 5463 1724 5486 ,
1770 5423 1906 5495 ὅπερ
1935 5427 2016 5489 είς

438 5511 748 5582 ἀνατροπὴν
795 5511 888 5563 τοῦ
937 5510 1060 5563 καθ’
1106 5512 1252 5582 ἡμᾶς
1300 5511 1637 5583 προτείνεται
1683 5513 1860 5583 λόγου.
1895 5519 2010 5582 Τίς,

439 5604 590 5674 φησὶ,
619 5603 725 5656 τῶν
759 5603 927 5672 ἁγίων
954 5603 1120 5666 ἐστὶν,
1147 5603 1205 5667 ὃς
1237 5606 1354 5658 κατ’
1392 5604 1633 5658 ἐπίνοιαν
1659 5605 1908 5676 λέγεσθαι
1937 5611 2014 5683 τῷ

509 5741 554 5772 ³³
577 5737 712 5794 Gen.
751 5755 788 5803 ι,
817 5740 905 5793 26.
1016 5741 1063 5772 "
1089 5739 1190 5796 Job
1225 5757 1334 5806 xw,
1370 5743 1420 5795 l.

423 5945 428 5948 _
511 5886 588 5953 ta)
620 5880 676 5934 D.
713 5881 942 5940 Basilius
975 5896 1162 5939 contra
1197 5883 1534 5951 Eunomium,
1570 5886 1662 5941 lib.
1707 5911 1747 5942 ι.

2118 4701 2170 4751 in
2195 4702 2308 4768 ipso
2324 4699 2662 4766 peculiariter
2687 4706 3012 4764 spectantur,
3038 4697 3173 4748 hanc
3198 4695 3474 4764 designat:
3503 4695 3699 4748 ostium

2118 4792 2347 4858 seipsum
2380 4788 2580 4851 dicens,
2605 4798 2654 4842 et
2683 4803 2891 4856 panem,
2923 4797 2972 4842 et
2997 4788 3156 4850 viam,
3178 4798 3227 4841 et
3251 4791 3425 4848 vitem,
3443 4797 3491 4841 et
3520 4797 3700 4854 pasto-

2119 4898 2248 4946 rem,
2289 4890 2339 4934 et
2379 4882 2566 4935 lucem.
2601 4878 2734 4946 Quae
2777 4881 2943 4950 igitur
2979 4895 3080 4951 per
3104 4881 3486 4934 contumeliam
3508 4888 3699 4933 eontra

2119 4989 2220 5028 nos
2255 4973 2322 5027 ab
2347 4973 2464 5042 ipso
2497 4973 2566 5027 ob
2593 4971 2707 5036 hinc
2739 4973 2888 5027 dicta
2921 4980 3049 5029 sunt
3068 4971 3172 5041 (sic
3209 4973 3353 5027 enim
3385 4973 3562 5040 ipsum
3591 4971 3703 5025 dia-

2121 5064 2314 5118 lectica
2346 5063 2848 5120 contradicentibus
2874 5065 3158 5120 decertare
3185 5064 3392 5134 docuit.)
3418 5064 3700 5134 despicere

2121 5156 2362 5210 arbitror
2393 5155 2585 5210 decere
2607 5195 2622 5219 ,
2647 5164 2700 5211 et
2722 5155 2856 5210 nihil
2887 5155 2952 5210 ad
2981 5155 3254 5224 juveniles
3282 5157 3549 5210 amentias
3573 5154 3703 5210 sub-

2119 5247 2350 5300 turbari.
2387 5245 2492 5300 Sed
2527 5247 2630 5302 hoc
2662 5263 2787 5301 acre
2817 5247 3041 5301 verbum
3071 5254 3126 5301 et
3156 5247 3470 5302 inevitabile
3496 5247 3703 5298 exarui-

2118 5353 2332 5402 nemus,
2382 5338 2529 5407 quod
2573 5338 2640 5392 ad
2678 5339 3016 5394 eversionem
3050 5338 3224 5393 nostri
3276 5335 3547 5392 sermonis
3574 5347 3704 5401 pro-

2117 5430 2310 5483 tendit.
2345 5429 2480 5495 Quis
2514 5440 2857 5494 sanctorum,
2895 5431 3092 5500 inquit,
3127 5439 3230 5494 est,
3261 5430 3352 5498 qui
3402 5442 3498 5497 per
3548 5441 3704 5480 com-

2120 5521 2504 5576 mentationem
2534 5521 2647 5575 hanc
2668 5522 2887 5576 nomina
2922 5521 3148 5576 Domino
3172 5519 3397 5574 attribui
3433 5517 3706 5574 testatur?

2121 5612 2255 5680 Quis
2285 5625 2464 5670 autem
2514 5615 2796 5686 prohibet,
2851 5615 2919 5670 ad
2977 5615 3155 5686 ipsum
3213 5612 3396 5667 hercle
3442 5610 3699 5671 dixerim,
