4146 6386
468 446 597 500 1011

1705 460 1760 516 S.
1800 459 2127 521 GREGORll
2166 461 2468 521 NYSSENI'

3598 466 3736 517 TUI":

466 562 840 632 hlasphemum
871 581 994 622 esse
1027 565 1290 636 judicans
1322 569 1377 624 in
1437 579 1897 636 commentatione
1922 598 2049 652 spe-

2158 583 2338 652 Κυρίῳ
2371 580 2544 635 ταῦτα
2584 583 2854 652 μαρτυρεῖ
2887 581 2954 636 τὰ
2987 582 3259 652 ὀνόματα;
3297 581 3395 647 Τίς
3438 581 3495 635 δὲ
3525 582 3737 650 ἀπαγο-

465 663 618 711 ctare
652 659 935 712 nominum
987 663 1182 716 usum?
1212 662 1270 717 Si
1317 665 1462 720 enim
1516 670 1644 738 quia
1687 671 1891 726 dictum
1945 690 2050 728 non

465 755 572 813 est,
610 747 664 802 id
693 759 1072 820 argumentum
1101 769 1222 810 esse
1270 758 1490 827 asserit,
1523 762 1672 830 quod
1708 765 1780 820 sit
1806 767 2052 835 prohibi-

467 849 606 905 tum,
644 841 807 896 etiam
845 844 973 911 quia
1005 845 1234 900 vetitum
1286 858 1526 918 nonest,
1559 853 1614 907 id
1662 855 1877 926 signum
1924 874 2056 912 con-

468 942 684 983 cessum
703 945 826 986 esse
848 935 1222 1002 proculdubio
1248 940 1598 995 assentietur.
1624 941 1719 1000 His
1742 947 2055 1003 nominibus

475 1019 735 1077 Dominus
779 1026 1114 1094 nominatur,
1146 1044 1213 1083 an
1242 1030 1409 1086 etiam
1451 1032 1568 1089 haec
1616 1038 1837 1106 negabit
1871 1039 2056 1094 Euno-

471 1112 776 1169 mius?Sed
806 1117 851 1172 si
877 1127 1036 1188 neget
1067 1121 1165 1176 has
1193 1121 1262 1177 de
1288 1123 1510 1181 Christo
1523 1142 1684 1183 voces
1707 1146 1830 1186 esse
1856 1131 2055 1195 dictas,

472 1203 592 1258 sine
649 1222 828 1277 pugna
881 1209 1134 1267 vicimus.
1185 1213 1442 1278 Quanam
1484 1218 1629 1271 enim
1674 1212 2058 1279 illustrior'ﬁat

472 1297 700 1353 victoria
722 1313 882 1368 quam
914 1317 1034 1371 qure
1059 1303 1397 1360 demonstret
1426 1307 1802 1365 adversarium
1829 1311 1938 1368 Deo
1969 1331 2056 1370 re-

473 1387 696 1453 bellare,
732 1392 857 1461 quia
899 1393 1116 1450 divinas
1145 1395 1428 1468 Evangelii
1482 1417 1646 1457 voces
1690 1403 1874 1460 irritas
1929 1405 2059 1462 facit

471 1487 527 1534 et
555 1485 857 1552 pervertit?
887 1483 1042 1551 Quod
1077 1489 1121 1541 si
1169 1505 1290 1544 vere
1323 1491 1614 1547 conﬁtetur
1641 1493 1921 1550 Christum
1971 1498 2058 1554 his

475 1573 794 1630 nominibus
826 1579 1108 1646 appeilari,
1140 1579 1290 1634 dicat
1313 1584 1531 1637 modum
1557 1601 1666 1654 quo
1692 1588 1779 1656 pie
1806 1583 2059 1658 Unigeni-

475 1673 530 1717 to
581 1671 1068 1726 accommodantur
1103 1673 1216 1727 haec
1251 1677 1493 1730 nomina.
1525 1676 1666 1732 Num
1704 1691 1911 1736 natura:
1940 1684 2058 1750 ejus

475 1755 709 1825 .‘apidem
732 1775 854 1814 esse
878 1763 1108 1817 iudicem
1138 1764 1366 1820 deﬁnit?
1396 1784 1524 1822 num
1558 1772 1855 1826 essentiam
1881 1775 2057 1844 ipsius

474 1862 574 1916 per
606 1851 811 1905 asciam
846 1854 961 1908 sive
997 1858 1234 1910 securim
1267 1859 1718 1917 intellexit?num
1741 1879 1837 1935 per
1855 1868 2055 1920 ostium

477 1937 748 2012 Unigeniti
782 1945 1001 2001 deitatis
1048 1950 1351 2019 proprietas
1397 1954 1768 2023 signiﬁcatur,
1822 1959 1904 2012 vel
1953 1974 2052 2028 per

476 2036 905 2107 unumquodque
926 2039 1156 2095 aliorqu
1190 2044 1281 2110 (ne
1309 2045 1536 2098 multam
1563 2048 1781 2102 turbam
1808 2050 2049 2106 sermoni

477 2124 778 2180 interau'tus
809 2131 990 2183 omnia
1043 2142 1391 2190 recensentes
1443 2139 1686 2206 nomina)
1718 2155 1825 2195 non
1860 2153 2054 2197 natura

477 2215 754 2286 Unigeniti
789 2224 1211 2292 unumquodque
1247 2229 1441 2282 horum
1490 2232 1771 2288 nominum
1799 2243 1905 2300 est,
1944 2251 2051 2289 non

475 2309 672 2378 deitas,
717 2329 828 2368 non
875 2319 1128 2373 essentia;
1173 2323 1931 2390 proprietas?Verumtamen
1968 2331 2054 2386 his

475 2400 791 2457 nominibus
824 2414 1073 2472 vocatur,
1105 2417 1159 2464 et
1196 2411 1486 2480 appellatio
1529 2414 1735 2484 aliquid
1771 2420 2051 2487 proprium

475 2491 612 2547 inse
635 2495 900 2552 continet.
925 2496 1068 2554 Nihil
1096 2501 1238 2555 enim
1275 2504 1532 2565 otiosum,
1565 2507 1702 2560 nihil
1751 2510 1896 2578 quod
1944 2527 2051 2564 non

474 2584 761 2654 signiﬁcet,
816 2590 870 2642 in
905 2590 1106 2648 divinis
1137 2595 1360 2652 vocibus
1386 2598 1532 2666 pium
1575 2607 1659 2654 est
1695 2608 1750 2654 et
1800 2613 2053 2658 sanctum

472 2677 813 2735 existimare.
871 2681 1011 2753 Ergo
1085 2685 1349 2740 rationem
1405 2687 1553 2743 dicat
1609 2691 1654 2746 si
1702 2703 2051 2762 aspernatur,

474 2783 669 2837 nempe
702 2773 1000 2827 secundum
1044 2781 1563 2836 commentationem
1601 2783 1732 2850 dici,
1765 2787 1907 2841 unde
1940 2787 2055 2843 haec

474 2859 694 2914 nomina
742 2861 961 2919 Christo
1009 2879 1335 2939 congruunt.
1389 2873 1497 2928 Nos
1544 2875 1762 2944 quidem
1818 2878 2053 2935 dicimus

473 2952 638 3018 quod,
689 2969 812 3007 cum
862 2957 1268 3015 multiformiter
1319 2962 1580 3020 D'omiuus
1637 2966 1887 3024 humana:
1930 2972 2054 3025 vitae

475 3045 778 3110 provideat,
811 3063 1039 3118 quaeque
1071 3050 1319 3106 beneﬁcii
1349 3055 1562 3124 species
1590 3072 1688 3126 per
1710 3061 2054 3130 unumquod-

474 3151 580 3203 que
612 3138 798 3191 talium
822 3143 1103 3195 nominum
1134 3156 1498 3214 congruenter
1529 3148 1889 3217 dignoscitur,
1929 3167 2055 3222 pro-

476 3227 714 3281 videntia
769 3241 822 3285 et
872 3235 1188 3302 operatione
1244 3253 1365 3306 quae
1425 3239 1478 3292 in
1510 3239 1628 3309 ipso
1667 3250 1969 3310 spectatur,
1998 3243 2051 3297 in
2082 3279 2125 3339 ο

474 3321 714 3376 nominis
761 3321 990 3378 formam
1024 3334 1362 3388 transeunte.
1392 3328 1597 3387 Nomen
1649 3343 1829 3389 autem
1861 3335 2056 3406 hujus-

474 3414 617 3467 modi
649 3415 849 3470 dicitur
903 3421 1102 3475 mentis
1135 3424 1536 3492 excogitationc
1569 3427 1682 3482 sive
1719 3441 2057 3486 commenta-

475 3509 624 3561 tione
680 3508 971 3562 nominari.
1009 3509 1162 3575 Quod
1196 3513 1241 3567 si
1279 3513 1380 3568 lmc
1428 3514 1760 3573 adversariis
1793 3536 1900 3574 non
1938 3523 2054 3590 pla-

475 3607 580 3661 cet,
616 3599 890 3668 quomodo
943 3603 1142 3672 cuique
1176 3605 1448 3673 videatur,
1481 3609 1561 3664 sic
1599 3625 1658 3664 se
1685 3611 1900 3668 habeat.
1948 3614 2056 3670 Sed

477 3692 561 3746 his
591 3709 711 3762 qua:
753 3695 1012 3750 dicuntur
1041 3699 1384 3769 adversatur,
1409 3703 1501 3772 qui
1544 3705 1827 3760 nominum
1856 3724 1976 3778 qua:
2001 3710 2054 3764 in

476 3785 778 3854 Scripturis
800 3785 913 3842 Deo
937 3790 1329 3857 attribuuntur,
1365 3793 1518 3850 rudis
1547 3807 1630 3851 est
1653 3805 1706 3852 et
1725 3797 1966 3868 ignarus.
1998 3799 2055 3855 Si

475 3879 630 3936 enim
673 3880 884 3936 divinas
918 3897 1080 3938 voces
1123 3885 1425 3951 didicisset,
1457 3889 1644 3959 utique
1699 3904 1884 3947 nosset
1909 3895 2051 3964 quod

474 3973 636 4026 etiam
683 3973 1029 4036 maledictum
1076 3984 1128 4031 et
1162 3986 1478 4046 peccatum,
1524 3992 1577 4036 et
1605 3983 1836 4051 juvenca
1886 3997 2054 4044 uestro

476 4065 705 4133 percita,
734 4075 788 4121 et
815 4065 1033 4122 catulus
1082 4068 1322 4135 leonum,
1352 4079 1405 4126 et
1439 4088 1565 4128 ursa
1621 4075 1808 4143 dubia,
1839 4088 1893 4131 et
1927 4095 2055 4148 par-

475 4156 635 4218 dalis,
691 4167 740 4211 et
784 4173 905 4228 quae
956 4157 1222 4226 ejusmodi
1259 4163 1560 4218 secundum
1609 4166 1854 4224 diversas
1905 4186 2058 4225 com-

475 4249 838 4304 mentationes
872 4266 899 4301 a
934 4249 1215 4319 Scriptura
1248 4251 1744 4312 Dominusdicitur
1774 4276 1789 4313 :
1821 4277 1914 4330 per
1935 4279 2056 4333 qua:

475 4341 697 4394 nomina
733 4342 905 4396 sancti
935 4350 989 4396 et
1032 4351 1352 4410 praestantes
1382 4347 1486 4401 viri
1532 4364 1755 4419 scopum
1789 4355 2051 4419 notionis,

475 4434 530 4487 in
553 4449 712 4504 quem
733 4434 940 4489 directo
962 4435 1317 4504 aspiciebant,
1337 4437 1481 4493 clare
1499 4442 1809 4509 explanant.
1831 4445 2053 4502 Etiamsi

476 4527 679 4607 passim
731 4536 996 4597 usurpata
1032 4528 1320 4584 videantur
1358 4532 1762 4598 quodammodo
1802 4537 1913 4592 haac
1955 4556 2052 4594 no-

2159 675 2325 745 ρεύει,
2365 675 2499 745 πρὸς
2522 677 2681 728 αὑτὸν
2705 665 2917 745 ἐἴποιμ’
2949 674 3014 729 ἂν
3035 714 3050 739 ,
3083 675 3404 746 βλάσφημον
3439 671 3580 728 εἶναι
3615 675 3738 746 κρί-

2157 782 2262 818 νων
2283 765 2344 818 τὸ
2372 768 2430 818 ἐν
2461 767 2674 838 ἐπινοίᾳ
2705 768 2927 838 θεωρεῖν
2950 766 3060 820 τῶν
3085 766 3366 836 ὀνομάτων
3387 765 3484 837 τὴν
3506 767 3734 837 χρῆσιν;

2157 857 2219 910 Ei
2259 856 2370 928 γὰρ
2413 858 2473 911 τὸ
2523 859 2584 912 οὐ
2631 859 2705 929 μὴ
2751 859 3000 928 εἰρῆσθαι
3043 857 3138 912 τοῦ
3193 857 3534 911 κεκωλῦσθαι
3589 857 3736 926 λέγει

2157 951 2456 1020 τεκμήριον
2488 946 2650 1011 εἶναι,
2691 952 2784 1003 καὶ
2818 951 2878 1003 τὸ
2923 951 2996 1022 μὴ
3039 949 3382 1003 κεκωλῦσθαι
3409 949 3501 1002 τοῦ
3539 965 3738 1016 συγκε-

2157 1039 2436 1110 χωρῆσθαι
2472 1041 2695 1120 σημεῖον
2749 1038 2890 1092 εἶναι
2941 1040 3158 1103 πάντως
3204 1039 3545 1109 συνθήσεται.
3591 1039 3736 1091 Ὀνο-

2162 1128 2392 1198 μάζεται
2425 1132 2537 1192 τοῖς
2562 1129 2787 1200 ὀνόμασι
2822 1129 3034 1192 τούτοις
3063 1132 3091 1182 ὁ
3121 1131 3356 1200 Κύριος,
3397 1129 3430 1199 ἢ
3472 1131 3566 1182 καὶ
3607 1129 3735 1199 περὶ

2158 1220 2365 1273 τούτων
2417 1220 2641 1291 ἔξαρνος
2685 1225 2714 1275 δ
2770 1222 3033 1292 Εὑνόμιος
3086 1221 3330 1290 γίνεται;
3374 1223 3514 1275 Ἀλλ’
3552 1223 3600 1274 εί
3637 1225 3736 1290 μὲν

2160 1311 2405 1382 ἀρνεῖται
2436 1313 2498 1365 τὸ
2523 1313 2773 1382 λέγεσθαι
2799 1314 3003 1376 ταύτας
3029 1315 3121 1367 ἐπὶ
3148 1313 3384 1384 Χριστοῦ
3408 1314 3507 1376 τάς
3529 1315 3733 1382 φωνὰς,

2160 1403 2405 1473 ἀμαχητὶ
2447 1405 2883 1475 κεκρατήκαμεν.
2920 1405 3017 1469 Τίς
3061 1405 3170 1477 γὰρ
3198 1405 3264 1459 ἂν
3300 1406 3736 1475 περτφανεστέρα

2159 1491 2385 1562 γένηται
2437 1493 2558 1563 νίκη
2614 1495 2707 1546 τοῦ
2738 1495 2904 1558 δεῖξαι
2936 1495 3186 1566 φανερῶς
3244 1494 3611 1566 θεομαχοῦντα
3644 1496 3734 1548 τῖν

2159 1586 2552 1656 ἀντικείμενον,
2589 1586 2675 1640 διὰ
2705 1589 2796 1640 τοῦ
2825 1589 2922 1651 τὰς
2953 1589 3100 1651 θείας
3134 1588 3226 1642 τοῦ
3259 1588 3600 1658 Εὐαγγελίου·
3621 1607 3737 1658 φω-

2161 1677 2256 1739 νὰς
2283 1678 2769 1750 παραγράφεσθαι;
2812 1680 2872 1731 Εἰ
2910 1679 2964 1731 δὲ
3005 1678 3220 1748 ἀληθῶς
3264 1679 3516 1750 ὁμολογεῖ
3561 1680 3736 1733 ταῦτα

2158 1767 2253 1820 τὸν
2307 1771 2539 1839 Χριστὸν
2571 1771 2961 1842 ὀνομάζεσθαι,
2997 1771 3202 1840 λεγέτω
3235 1771 3326 1825 τὸν
3359 1771 3559 1842 τρόπον
3613 1769 3732 1824 καθ’

2159 1860 2218 1912 ὃν
2252 1861 2488 1924 εὐσεϐῶς
2518 1862 2884 1933 ἐφαρμόζει-αι
2916 1861 2992 1934 τῷ
3031 1865 3326 1933 Μονογενεῖ
3356 1862 3474 1934 Θεῷ
3514 1863 3581 1917 τά
3617 1861 3734 1914 6M-

2163 1968 2326 2020 ματα.
2359 1951 2450 2020 Μὴ
2489 1953 2587 2020 τῆς
2622 1951 2835 2020 φύσεως
2881 1950 3046 2004 αὐτοῦ
3084 1950 3176 2005 τὸν
3215 1951 3381 2004 λίθον
3409 1950 3736 2006 ἐνδεικτικδν

2158 2041 2485 2112 διορίζεται;
2519 2045 2628 2115 -Μὴ
2676 2044 2774 2114 τὴν
2820 2042 3016 2095 οὐσίαν
3056 2042 3221 2097 αὐτοῦ
3260 2042 3347 2097 διὰ
3397 2043 3496 2113 τῆς
3547 2041 3736 2110 ἀξίνης

2161 2135 2416 2204 ἐνόησεν;
2447 2134 2534 2204 Μὴ
2565 2135 2652 2188 διά
2678 2133 2778 2202 τῆς
2822 2134 2990 2205 θύρας
3015 2137 3047 2205 ἡ
3081 2135 3183 2204 τῆς
3217 2132 3469 2203 θεότητος
3496 2132 3590 2185 τοῦ
3618 2133 3737 2186 Mo-

2160 2226 2408 2294 νογενοῦς
2437 2226 2635 2295 ἰδιότης
2666 2225 3020 2296 σημαίνεται,
3066 2225 3099 2297 ἢ
3138 2225 3205 2278 δι’
3239 2225 3470 2278 ἑκάστου
3511 2224 3618 2277 τῶν
3646 2224 3738 2276 άλ-

2159 2320 2265 2373 λων
2293 2319 2401 2389 (ἴνα
2433 2318 2506 2390 μὴ
2548 2319 2712 2371 πολὺν
2755 2319 3050 2389 ἐπάγωμεν
3080 2318 3234 2389 ὄχλον
3263 2317 3342 2390 τῷ
3372 2317 3516 2388 λόγῳ
3560 2316 3738 2370 πάντα

2159 2413 2553 2482 καταλέγοντες
2604 2414 2674 2466 τὰ
2717 2413 3026 2484 ὀνόματα),
3058 2413 3119 2465 οὐ
3158 2412 3319 2481 φύσις
3365 2411 3461 2465 τοῦ
3499 2410 3737 2478 Μονογε-

2159 2502 2282 2565 νοῦς
2303 2502 2529 2555 ἕκαστον
2558 2501 2762 2556 τούτων
2795 2501 2905 2554 τῶν
2924 2501 3202 2572 ὀνομάτων
3223 2502 3371 2555 ἐστὶν
3389 2541 3404 2566 ,
3433 2500 3496 2553 οὐ
3521 2499 3735 2568 θεότης,

2159 2596 2258 2648 οὐκ
2301 2597 2486 2659 οὐσίας
2535 2595 2765 2666 ἰδίωμα;
2818 2594 2978 2647 Ἀλλά
3019 2593 3126 2666 μὴν
3168 2593 3490 2665 ὀνομάζεται
3538 2591 3732 2648 ταῦτα.

2161 2688 2253 2742 καὶ
2281 2689 2313 2758 ὴ
2346 2688 2536 2758 κλῆσις
2572 2687 2633 2740 τὸ
2673 2689 2863 2758 κύριον
2907 2686 3041 2757 ἔχει.
3087 2685 3253 2739 Ούδέν
3294 2684 3404 2754 γὰρ
3437 2683 3603 2756 ἀργὸν
3642 2683 3734 2736 καὶ

2161 2781 2470 2851 ἀσήμαντον
2503 2779 2561 2830 ἐν
2592 2781 2710 2840 ταῖς
2761 2777 2936 2840 θείαις
2981 2779 3185 2846 φωναῖς
3219 2776 3415 2844 εὐαγές
3445 2777 3592 2829 ἐστιν
3624 2775 3733 2827 ofs-

2162 2871 2306 2924 σθαι.
2366 2869 2576 2923 Οὐκοῦν
2619 2869 2831 2923 εἰπάτω
2874 2870 2966 2922 τὸν
2995 2868 3153 2936 λόγον
3193 2870 3241 2921 εί
3291 2867 3474 2921 ἀθετεῖ
3501 2867 3563 2921 τὸ
3612 2870 3734 2921 κατ’

2161 2961 2402 3015 ἐπίνοιαν
2452 2959 2748 3028 λέγεσθαι,
2799 2959 2962 3012 πόθεν
3011 2957 3377 3030 ἐφαρμόζεται
3438 2956 3609 3011 ταῦτα
3657 2957 3736 3028 τῷ

2159 3053 2379 3125 Χριστῷ
2419 3055 2489 3107 τὰ
2528 3054 2786 3124 ὀνόματα.
2831 3054 3022 3123 Ἡμεῖς
3067 3052 3165 3124 μὲν
3200 3054 3308 3124 γὰρ
3347 3052 3508 3106 τοῦτό
3533 3066 3736 3122 φαμεν,

2158 3145 2260 3206 ὅτι,
2289 3145 2580 3209 πολυειδῶς
2603 3145 2694 3198 τοῦ
2725 3145 2926 3216 Κυρίου
2953 3148 3051 3217 τῆς
3071 3144 3416 3215 ἀνθρωπίνης
3448 3142 3736 3214 προνοοῦν-

2158 3253 2251 3300 τος
2283 3235 2426 3307 ξωῆς
2445 3277 2460 3298 ,
2488 3236 2716 3290 ἕκαστον
2753 3237 3072 3308 εὐεργεσίας
3100 3233 3238 3300 εἶδος
3261 3237 3326 3290 δι’
3366 3236 3595 3290 ἑκάστου
3627 3236 3736 3288 τῶν

2156 3327 2413 3381 τοιούτων
2456 3328 2736 3399 ὀνομάτων
2793 3329 3144 3400 καταλλήλως
3203 3328 3529 3400 γνωρίζεται
3561 3368 3577 3392 ,
3635 3329 3735 3396 τῆς

2158 3419 2537 3490 θεωρουμένης
2566 3419 2715 3489 αὐτῷ
2761 3420 3019 3491 προνοίας
3053 3422 3147 3473 καὶ
3193 3419 3472 3489 ἐνεργείας
3506 3421 3584 3482 είς
3614 3419 3731 3472 ὀνό-

2161 3525 2331 3579 ματος
2371 3508 2542 3562 τύπον
2596 3510 3046 3580 μεταϐαινούσης.
3093 3510 3166 3562 Τὸ
3207 3509 3263 3562 δὲ
3293 3508 3530 3563 τοιοῦτον
3563 3508 3738 3579 ὄνομα

2158 3603 2290 3673 παρ’
2327 3601 2486 3672 ἡμῶν
2538 3603 2750 3656 ἐπίνοια
2788 3602 3004 3671 λέγεται
3050 3602 3430 3674 ὀνομάζεσθαι.
3470 3603 3534 3656 Εἰ
3562 3602 3618 3656 δὲ
3661 3601 3735 3672 μὴ

2156 3693 2314 3747 τοῦτο
2346 3693 2496 3764 φίλον
2544 3696 2658 3759 τοῖς
2715 3695 3100 3763 ἀντιλέγουσιν,
3155 3695 3305 3758 ὅπως
3356 3694 3421 3748 ἄν
3458 3711 3536 3764 τῳ
3579 3693 3734 3763 δοκῇ,

2158 3785 2346 3853 ἐχέτω.
2394 3783 2533 3837 Ἀλλ’
2567 3785 2841 3854 ἀντιλέγει
2873 3789 2986 3849 τοῖς
3033 3785 3346 3856 λεγομένοις
3377 3787 3406 3837 ὁ
3443 3783 3552 3837 τῶν
3596 3801 3735 3854 γρα-

2157 3878 2334 3947 φικῶν
2384 3879 2665 3949 ὀνομάτων
2714 3881 2962 3951 ἀνήκοος.
3011 3881 3073 3933 Εἰ
3125 3881 3234 3951 γὰρ
3280 3879 3607 3933 πεπαίδευτο
3635 3878 3736 3943 τάς

2157 3969 2306 4034 θείας
2337 3970 2554 4038 φωνὰς,
2590 3970 2736 4040 ἔγνω
2777 3973 2992 4035 πάντως
3034 3971 3099 4025 ἂν
3132 3973 3214 4025 ὅτι
3259 3972 3353 4025 καὶ
3399 3971 3613 4039 κατάρα
3643 3973 3737 4025 καὶ

2156 4058 2397 4131 ἁμαρτία
2425 4099 2439 4123 ,
2469 4061 2564 4114 καὶ
2609 4059 2999 4131 παροιστρῶσα
3039 4060 3308 4131 δάμαλις,
3352 4062 3446 4114 καὶ
3499 4059 3737 4131 σκύμνος

2154 4155 2405 4218 λεόντων,
2437 4153 2531 4206 καὶ
2555 4153 2753 4222 ἄρκτος
2781 4152 3152 4224 ἀπορουμένη,
3188 4154 3280 4207 καὶ
3311 4153 3610 4226 πάρδαλις,
3640 4155 3736 4207 καὶ

2153 4246 2222 4299 τά
2258 4244 2482 4298 τοιαῦτα
2515 4242 2654 4297 κατὰ
2680 4242 2970 4315 διαφόρους
2999 4245 3241 4307 ἐπινοίας
3266 4245 3419 4318 παρά
3454 4245 3555 4316 τῆς
3593 4246 3740 4323 Πρα-¹

2156 4338 2259 4410 φῆς
2299 4339 2328 4391 ὁ
2367 4338 2570 4409 Κύριος
2599 4336 2813 4405 λέγεται
2836 4353 2850 4367 ο
2879 4338 2987 4390 τῶν
3017 4338 3188 4407 άγίων
3225 4357 3284 4392 τε
3331 4338 3424 4392 καὶ
3458 4338 3731 4410 διαφόρων

2154 4431 2362 4503 ἀνδρῶν
2407 4432 2498 4485 τὸν
2533 4434 2732 4487 σκοπὸν
2781 4433 2873 4487 τοῦ
2916 4436 3215 4504 νοήματος,
3257 4434 3393 4505 πρὸς
3443 4434 3502 4489 ὃν
3553 4433 3736 4504 ἀφεώ-

2159 4542 2292 4596 ρων,
2325 4523 2626 4588 εύθυϐόλως
2651 4527 2761 4589 τοῖς
2787 4525 3013 4597 ὀνόμασι
3039 4525 3248 4592 τούτοις
3275 4529 3725 4600 διατρανούπων.

473 4621 642 4682 mina,
659 4620 957 4675 secundum
976 4630 1285 4690 promptam
1311 4630 1364 4677 et
1381 4624 1561 4678 tritam
1580 4626 2052 4696 signiﬁcationem,

2164 4616 2225 4668 Εἰ
2256 4614 2314 4668 δὲ
2369 4615 2468 4669 καὶ·
2506 4615 2889 4686 διαϐεϐλῆσθαι
2920 4616 3094 4670 ταῦτα
3126 4616 3274 4671 δοκεῖ
3300 4636 3418 4682 πως
3440 4618 3580 4673 κατά
3633 4621 3734 4690 τὴν

475 4712 848 4782 quaequidem
883 4712 1096 4782 singula
1133 4713 1381 4783 nisiquis
1408 4730 1505 4784 per
1539 4721 2054 4776 commentationem

475 4807 530 4860 in
556 4806 662 4861 Deo
685 4807 772 4876 pie
814 4805 919 4859 dici
964 4808 1326 4870 concesserit,
1356 4822 1462 4859 non
1501 4823 1630 4875 pura
1654 4809 1759 4863 erit
1790 4810 1956 4866 dictio
1988 4813 2057 4868 ab

474 4897 641 4966 impia
661 4897 995 4966 suspicione.
1016 4898 1093 4951 Ac
1120 4898 1391 4967 prolixum
1409 4898 1628 4966 quidem
1647 4910 1790 4954 esset
1811 4903 2053 4956 omnium
2089 4966 2097 4973 _

474 5001 869 5060 repraesentare
899 5002 951 5044 ct
975 4991 1253 5045 denudare
1275 4991 1389 5045 sive
1419 4994 1631 5060 aperire
1657 5008 1899 5058 sensum,
1919 5012 2054 5064 quo-

473 5081 638 5137 modo
693 5085 810 5137 hmc
855 5085 1019 5136 etiam
1051 5083 1214 5152 vulgo
1251 5094 1510 5153 usurpata
1572 5094 1700 5139 sunt
1752 5087 2053 5140 secundum

474 5190 818 5229 communem
875 5175 1334 5230 existimationem
1367 5192 1429 5230 ex
1478 5187 1727 5246 prompta
1776 5178 2054 5248 signiﬁca-

472 5269 654 5332 tione,
692 5268 949 5336 quoniam
1003 5269 1140 5322 ratio
1196 5269 1670 5323 commentationis
1718 5270 1901 5339 pietati
1955 5270 2049 5326 Dei

473 5360 690 5414 nomina
727 5361 1006 5414 conciliat.
1034 5359 1140 5415 Sed
1182 5360 1250 5414 ad
1281 5375 1343 5415 ea
1367 5375 1490 5431 quae
1529 5360 1786 5430 deinceps
1812 5376 2054 5432 sequun-

473 5459 579 5515 tur,
613 5449 1044 5519 progrediamur.

551 5541 764 5597 liursus
804 5544 1035 5611 repetito
1093 5558 1365 5606 sermone,
1411 5543 1680 5613 ejusmodi
1738 5546 1959 5598 nomina
1999 5545 2054 5599 in

477 5633 705 5688 Homine
739 5633 1016 5698 dicuntur,
1057 5650 1154 5690 nec
1185 5651 1374 5690 eorum
1428 5637 1716 5706 quisquam
1753 5639 1844 5705 qui
1883 5639 1935 5691 in
1967 5638 2052 5691 di-

477 5725 682 5778 vinitus
719 5723 1000 5793 inspiratis
1047 5724 1346 5795 Scripturis
1362 5734 1613 5780 versatus
1635 5724 1820 5786 fuerit,
1842 5727 2054 5781 inﬁcias

479 5818 597 5879 ibit,
632 5819 747 5872 haec
790 5820 919 5873 dici.
947 5819 1087 5884 Quid
1134 5821 1321 5888 igitur,
1353 5835 1480 5875 num
1517 5821 1691 5890 ipsius
1736 5827 1950 5873 naturae
1979 5818 2054 5872 si-

477 5911 818 5981 gniﬁcativas
871 5929 1028 5967 voces
1074 5912 1379 5967 deﬁniunt?
1415 5911 1574 5984 Ergo,
1617 5911 1813 5982 inquit,
1868 5909 2053 5964 multi-

2160 4705 2449 4776 πρόχειρον
2478 4703 2699 4770 ἔνδειξιν
2725 4706 2795 4758 τά
2820 4705 3058 4777 ὀνόματα
3082 4746 3097 4768 ,
3134 4708 3278 4779 ἆπερ
3311 4709 3537 4762 ἕκαστον
3575 4711 3623 4763 εί
3657 4714 3732 4782 μὴ

2161 4795 2303 4848 κατά
2331 4793 2454 4847 τινά
2478 4811 2564 4857 τις
2603 4794 2848 4849 ἐπίνοιαν
2874 4795 3090 4864 εὐαγῶς
3131 4797 3479 4867 ἐπιλέγεσθαι
3507 4799 3584 4872 τῷ
3616 4801 3735 4872 Θεῷ

2159 4887 2583 4958 συγχωρήσειεν,
2617 4885 2676 4937 οὺ
2712 4884 3042 4956 καθαρεύσει
3079 4887 3179 4956 τῆς
3203 4890 3572 4964 ἀσεϐεστέρας
3600 4893 3733 4945 ὑπο-

2159 4978 2304 5040 νοίας
2332 4979 2367 5048 ἡ
2392 4977 2556 5043 λέξις.
2592 4977 2702 5029 Καὶ
2733 4977 2940 5048 μακρὸν
2980 4977 3046 5031 ἂν
3088 4977 3172 5050 εἴη
3203 4981 3332 5052 περὶ
3377 4983 3592 5036 πάντων
3624 4999 3734 5036 πα-

2159 5071 2348 5142 ριστᾷν
2380 5085 2440 5121 τε
2465 5071 2559 5122 καὶ
2595 5067 2948 5138 ἀπογυμνοῦν
2981 5069 3078 5139 τὴν
3104 5070 3341 5125 διάνοιαν
3369 5113 3383 5136 ,
3416 5073 3533 5137 πῶς
3561 5074 3737 5128 ταῦτα

2156 5164 2251 5217 καί
2294 5163 2645 5233 διαϐέϐληται
2689 5161 2830 5215 κατὰ
2861 5161 2962 5232 τὴν
3008 5164 3192 5234 κοινὴν
3234 5165 3500 5236 ὑπόληψιν
3541 5167 3605 5219 ἐκ
3632 5167 3735 5236 τῆς

2157 5257 2449 5328 προχείρου
2476 5256 2786 5326 ἐμφάσεως,
2811 5255 2951 5307 καὶό
2973 5255 3071 5324 τῆς
3097 5256 3338 5318 ἐπινοίας
3363 5257 3520 5325 λόγος
3543 5259 3737 5312 οἰκειοῖ

2155 5353 2221 5421 τῇ
2273 5348 2523 5419 εὐσεϐείᾳ
2555 5347 2650 5401 τοῦ
2699 5346 2833 5400 Θεοῦ
2871 5347 2938 5401 τά
2973 5347 3228 5417 ὀνόματα.
3285 5348 3446 5403 Ἀλλά
3491 5350 3626 5422 πρὸς
3675 5352 3736 5403 τὸ

2159 5442 2379 5512 συνεχὲς
2401 5442 2500 5512 τῆς
2532 5440 2854 5504 ἀκολουθίας
2882 5439 3252 5513 προέλθωμεν.

2227 5535 2397 5590 Πάλιν
2425 5534 2854 5600 ἐπαναλαϐόντες
2874 5535 2962 5589 τὸν
2988 5537 3165 5606 λόγον,
3183 5537 3400 5605 λέγεται
3424 5537 3492 5591 τὰ
3511 5538 3735 5593 τοιαῦτα

2155 5629 2262 5682 τῶν
2292 5627 2572 5698 ὀνομάτων
2601 5627 2694 5680 ἐπὶ
2724 5627 2816 5680 τοῦ
2846 5629 3075 5700 Κυρίου,
3107 5628 3201 5681 καὶ
3225 5629 3326 5680 οὐκ
3356 5628 3421 5682 ἀν
3449 5645 3533 5692 τις
3564 5628 3737 5681 ἀντεί-

2157 5737 2248 5774 ποι
2280 5720 2386 5772 τῶν
2417 5717 2876 5789 καθωμιληκότων
2909 5721 3028 5782 ταῖς
3073 5718 3449 5781 θεοπνεύστοις
3487 5719 3732 5788 Γραφαῖς

2154 5811 2324 5867 ταῦτα
2373 5811 2448 5884 μὴ
2487 5811 2763 5880 λέγεσθαι.
2814 5811 2877 5863 Τί
2918 5807 3008 5865 οῦν
3044 5807 3151 5882 ἆρα
3181 5810 3349 5880 αὐτῆς
3379 5811 3478 5880 τῆς
3517 5811 3733 5878 φύσεως

2160 5905 2496 5978 σημαντικὰς
2521 5903 2702 5976 φωνάς
2731 5903 3052 5977 διορίζεται;
3079 5903 3284 5960 Οὐκοῦν
3315 5902 3568 5974 πολυειδῆ
3587 5921 3741 5969 τινα,
