4146 6386
442 334 580 395 1015

1510 343 1791 399 CONTRA
1822 346 2232 415 EUNOMIUM,
2276 350 2406 405 LIB.
2452 352 2567 407 ΧΠ.

3566 351 3703 405 {UH

439 452 613 523 φησὶ,
646 452 742 523 τὴν
773 452 922 507 Θείαν
966 456 1158 524 φύσιν,
1192 461 1285 511 καὶ
1324 462 1716 518 πολυσύνθετον
1747 466 1888 519 κατά
1918 468 2008 529 τὰς

2122 465 2351 523 formem
2383 468 2679 540 quamdam
2715 469 2956 525 divinam
2990 478 3269 532 naturam,
3314 468 3703 535 multiplicem-

437 543 697 613 διαφοράς
724 545 832 597 τῶν
861 546 918 597 ἐν
949 550 1063 611 τοῖς
1090 549 1314 619 ὀνόμασι
1344 556 1774 625 σημαινομένων,
1805 558 1866 610 τὸ
1896 576 2018 613 ποι-

440 633 587 686 κίλον
618 634 1052 707 ἐνδεικνυμένην.
1092 640 1165 693 Οὐ
1207 640 1318 712 γὰρ
1348 645 1381 713 ή
1418 645 1554 715 αὐτὴ
1595 645 1688 699 τοῦ
1729 648 1892 717 ἄρτου
1927 650 2019 702 καὶ

435 726 531 778 τοῦ
560 724 772 789 λέοντος
801 730 1044 797 σημασία
1070 771 1083 794 ,
1124 732 1243 785 οὐδὲ
1275 733 1445 804 θύρας
1489 754 1547 789 τε
1589 720 1685 791 καί
1712 739 2015 809 δαμάλεως,

436 814 557 867 οὐδὲ
593 815 781 884 ἁξίνης
816 819 908 871 καὶ
938 818 1160 887 ὓδατος,
1198 823 1311 877 ἀλλ’
1336 826 1565 880 ἑκάστου
1599 829 1706 882 τῶν
1740 831 2019 901 ὀνομάτων

439 905 569 957 ἴδιόν
598 909 745 961 ἐστιν
781 912 1007 981 ὁρισμὸν
1037 915 1351 974 ἀποδοῦναι.
1394 921 1513 971 κατ’
1545 920 1697 974 οὐδὲν
1735 924 2015 977 ἐπικοινω⁴

438 997 630 1050 νοῦντα
657 1002 768 1063 τοῖς
794 1000 992 1065 ἄλλοις.
1034 1006 1242 1058 Οὐκοῦν
1278 1008 1437 1077 φύσιν
1484 1012 1585 1082 μὲν
1620 1013 1681 1065 οὐ
1719 1015 2017 1084 σημαίνου-

439 1105 551 1140 σιν·
581 1090 783 1163 ἇκυρον
807 1093 862 1145 δέ
891 1112 976 1157 τις
1016 1098 1108 1149 καὶ
1137 1099 1451 1168 ἀσήμαντον
1480 1105 1655 1156 εἰπεῖν
1697 1105 1796 1176 τὴν
1824 1105 2017 1175 κλῆσιν

434 1180 545 1234 τῶν
574 1182 870 1253 ὀνομάτων,
901 1188 999 1240 οὐκ
1035 1189 1102 1241 ἂν
1126 1190 1467 1262 τολμήσειεν.
1500 1196 1563 1249 El
1588 1196 1766 1250 τοίνυν
1799 1196 2016 1266 λέγεται

441 1272 561 1342 μὲν,
595 1276 657 1328 οὐ
697 1278 837 1332 κατά
868 1278 1029 1346 φύσιν
1052 1280 1130 1344 δὲ,
1162 1284 1271 1336 πᾶν
1300 1284 1354 1337 δὲ
1394 1285 1455 1339 τὸ
1483 1287 1633 1358 παρᾶ
1670 1289 1772 1358 τῆς
1798 1290 2016 1360 Γραφῆς

438 1365 723 1436 λεγόμενον
758 1370 947 1440 κύριον
988 1372 1207 1438 πάντως
1237 1376 1356 1428 ἐστὶ
1386 1378 1478 1430 καὶ
1508 1380 1805 1450 προσφυῶς
1836 1383 2015 1435 ἐπιλέ-

437 1476 614 1529 γεται,
651 1464 737 1527 τίς
779 1462 962 1535 ἕτερος
990 1464 1336 1520 ὑπολείπεται
1364 1468 1519 1537 λόγος
1552 1471 1642 1523 τοῦ
1670 1473 2014 1542 ἁρμοζόντως

434 1550 514 1622 τῷ
554 1553 849 1621 Μονογενεῖ
901 1555 1019 1627 Θεῷ
1055 1557 1153 1619 τὰς
1191 1560 1444 1625 τοιαύτας
1503 1563 1760 1633 τετάχθαι
1807 1566 2012 1634 φωνὰς,

436 1646 575 1716 πλὴν
601 1644 693 1698 τοῦ
727 1650 846 1700 κατ’
875 1649 1117 1704 ἐπίνοιαν
1144 1652 1383 1722 τρόπους
1424 1655 1589 1725 Δῆλον
1622 1656 1730 1727 γὰρ
1760 1660 1840 1710 ὅτι
1875 1662 2013 1730 πρὸς

432 1736 496 1789 τὸ
524 1736 766 1790 ποικίλον
798 1739 906 1794 τῶν
937 1740 1227 1811 ἐνεργειῶν
1250 1745 1389 1796 κατά
1417 1745 1703 1816 διαφόρους
1739 1750 2012 1818 σημασίας

430 1829 897 1899 ὸνοματοποιείται
960 1832 1019 1885 τὸ
1052 1834 1214 1897 θεῖον,
1254 1836 1401 1899 ὅπως
1436 1836 1502 1889 ἂν
1532 1840 1815 1909 νοήσωμεν
1840 1840 2011 1904 οὕτως
2044 1816 2085 1869 Β

431 1920 849 1992 ὀνομαζόμενον.
887 1924 954 1977 Τί
989 1920 1081 1978 οὖν
1120 1926 1439 1995 λυμαίνεται
1465 1932 1577 1993 τοῖς
1606 1931 2010 2003 εὐσεϐεστέροις

432 2015 465 2084 ἡ
495 2013 589 2066 τοῦ
619 2014 711 2068 νοῦ
745 2014 902 2086 ἡμῶν
939 2017 1070 2088 πρὸς
1094 2018 1194 2090 τὴν
1223 2021 1547 2091 κατανόησιν
1572 2021 1680 2075 τῶν
1708 2024 2009 2093 γινομένων

430 2102 679 2174 ἐνέργεια
703 2145 718 2172 ,
753 2105 819 2177 ἢν
848 2109 1008 2176 ἡμεῖς
1048 2109 1144 2177 μὲν
1177 2110 1420 2163 ἐπίνοιαν
1454 2110 1703 2182 λέγομεν.
1740 2106 1803 2167 Εἰ
1836 2114 1893 2166 δέ
1926 2132 2011 2177 τις

430 2195 617 2267 ἔτερόν
653 2213 708 2249 τι
736 2197 921 2251 καλεῖν
950 2199 1141 2262 ἐθέλοι,
1176 2201 1236 2253 οὐ
1270 2201 1602 2272 διοισόμεθα.
1644 2203 1781 2257 Ἀλλ’
1811 2206 1871 2258 οὐ
1910 2224 2009 2276 με-

430 2288 598 2361 θίησι,
620 2290 870 2361 καθάπερ
890 2292 938 2342 οἱ
967 2291 1129 2343 δεινοὶ
1155 2292 1263 2344 τῶν
1286 2295 1623 2360 ἀγωνιστῶν,
1647 2295 1746 2365 τὴν
1770 2297 2007 2364 ἄφυκτον

426 2381 632 2453 ταύτην
662 2381 783 2435 καθ’
813 2384 970 2454 ἡμῶν
1007 2383 1194 2455 λαϐὴν,
1228 2385 1320 2437 καί
1354 2402 1516 2454 φησιν
1547 2385 1718 2448 οὕτως
1747 2388 1887 2440 κατά
1920 2387 2009 2440 λέ-

430 2474 511 2539 ξιν
536 2514 551 2539 ,
582 2478 665 2529 ὅτι
699 2475 890 2531 Ταῦτα
936 2476 1014 2531 δι’
1046 2477 1318 2543 ἐπινοίας
1351 2478 1729 2546 ἀνθρωπίνης
1777 2479 1908 2532 ἐστὶ
1936 2479 2008 2533 τὰ

428 2569 719 2638 ὀνόματα,
744 2570 843 2621 καὶ
876 2571 1000 2622 κατ’
1027 2570 1300 2623 ἐπίνοιαν
1328 2568 1568 2638 λέγεται
1600 2588 1799 2637 τινων,
1834 2570 1874 2625 ἂ
1903 2574 2006 2626 οὺ-

426 2659 553 2726 δεὶς
580 2660 943 2715 ἀποστόλων
972 2662 1110 2714 οὔτε
1139 2660 1256 2713 τῶν
1279 2663 1724 2731 εὐαγγελιστῶν
1746 2663 2003 2727 ἑδίδαξεέ

428 2754 540 2806 Καὶ
572 2754 711 2824 μετὰ
743 2753 841 2823 τὴν
876 2753 1089 2823 ἄμαχον
1121 2753 1324 2823 ταύτην
1354 2752 1715 2825 ἐπιχείρησιν,
1756 2755 2005 2826 ἐπιφέρει

425 2847 525 2917 τὴν
548 2844 698 2918 ίεράν
723 2844 935 2915 ἐκείνην
960 2845 1162 2915 φωνὴν,
1182 2849 1248 2917 τῇ
1272 2845 1528 2898 πεπαιδευ
1537 2846 1674 2917 μένῃ
1696 2847 1763 2900 τὰ
1784 2847 2005 2900 τοιαῦτα

428 2940 579 3008 φωνῇ
628 2937 727 3008 τὴν
773 2936 984 3007 δυσώδη
1037 2938 1200 2991 πάλιν
1244 2938 1368 2990 καθ’
1415 2937 1573 3008 ἡμῶν
1614 2938 1880 3010 λοιδορίαν
1908 2940 2004 2993 ὲκ·-

429 3031 632 3084 πτύων.
677 3030 965 3101 Τοιγάρτοι
992 3030 1126 3100 φησὶ
1148 3030 1248 3100 τὴν
1289 3030 1346 3096 ἐξ
1376 3030 1663 3097 ἀναλογίας
1689 3033 2004 3103 ὁμωνυμίαν

2122 576 2228 629 que
2256 562 2555 615 secundum
2586 560 2921 616 diﬁ'erentias
2961 562 3396 632 signiﬁcatorum
3432 574 3552 628 qum
3578 570 3705 612 sunt

2120 654 2176 707 in
2208 654 2293 709 his
2334 654 2652 709 nominibus
2675 655 2820 723 quod
2852 655 3063 707 varium
3097 663 3181 709 est
3208 654 3699 708 denionstrantcm.

2119 739 2237 795 Non
2266 743 2409 795 enim
2438 744 2628 797 eadem
2663 743 2819 811 panis
2864 750 2918 796 et
2960 743 3136 797 leonis
3180 741 3567 812 signiﬁcantia,
3605 754 3704 792 ne-

2119 849 2224 901 que
2263 835 2388 888 ostii
2436 843 2490 888 et
2521 835 2724 896 vitulzr,
2766 849 2942 903 neque
2968 834 3129 888 ascia:
3170 841 3223 887 et
3268 849 3441 903 aqum,
3474 831 3568 887 sed
3600 846 3700 883 cu-

2114 928 2316 995 jusque
2341 928 2579 980 nominis
2611 926 2829 996 propria
2862 926 3105 979 deﬁnitio
3144 925 3416 980 reddenda
3442 933 3547 989 est,
3581 939 3700 992 qua:

2120 1018 2269 1070 nulla
2313 1017 2367 1069 in
2392 1033 2449 1070 re
2496 1018 2618 1071 aliis
2668 1018 2961 1072 convenire
3006 1018 3197 1087 possit.
3251 1015 3393 1086 Ergo
3438 1025 3691 1070 naturam

2117 1107 2333 1177 quidem
2366 1122 2473 1160 non
2510 1106 2840 1177 signiﬁcant,
2870 1108 3226 1177 impropriam
3256 1118 3436 1160 autem
3460 1116 3517 1161 et
3556 1105 3693 1159 nihil

2118 1198 2513 1269 signiﬁcantem
2562 1199 2844 1254 nominum
2891 1200 3306 1268 appellationem
3338 1198 3518 1251 dicere
3574 1213 3685 1249 non

2117 1307 2291 1346 ausus
2325 1291 2508 1345 fuerit.
2550 1290 2607 1343 Si
2645 1291 2831 1359 itaque
2877 1291 3141 1345 dicuntur
3178 1289 3420 1358 quidem,
3461 1302 3569 1342 non
3599 1302 3696 1340 au-

2116 1392 2224 1438 tem
2249 1383 2550 1437 secundum
2571 1391 2842 1448 naturam,
2866 1382 3129 1452 quidquid
3159 1389 3339 1434 autem
3367 1394 3395 1431 a
3413 1377 3695 1447 Scriptura

2115 1476 2352 1541 dicitur,
2394 1477 2675 1546 proprium
2721 1489 2806 1532 est
2855 1476 3080 1530 omnino
3128 1486 3183 1529 et
3234 1481 3443 1526 natura:
3496 1485 3694 1525 conve-

2114 1569 2330 1623 nienter
2383 1569 2633 1627 dicitur:
2687 1580 2934 1639 quamam
2984 1568 3147 1637 igitur
3201 1566 3307 1619 alia
3364 1564 3694 1632 relinquitur

2114 1662 2252 1717 ratio
2268 1677 2367 1716 cur
2391 1660 2661 1730 ejusmodi
2689 1673 2851 1712 voces
2884 1656 2991 1712 Deo
3015 1656 3303 1726 Unigenito
3328 1662 3693 1725 congruenter

2114 1754 2386 1809 attributa:
2416 1753 2550 1816 sint,
2604 1757 2799 1821 praeter
2846 1748 3068 1803 modum
3118 1747 3211 1819 qui
3251 1747 3452 1801 dicitur
3495 1760 3693 1802 secun-

2115 1845 2244 1899 dutn
2272 1840 2826 1899 commentationem?
2860 1838 3217 1909 Perspicuum
3248 1837 3393 1892 enim
3421 1844 3506 1891 est
3543 1835 3688 1904 quod

2116 1951 2214 2005 pro
2265 1936 2529 1989 varietate
2580 1934 2960 2002 operationum
3016 1930 3319 1986 secundum
3381 1927 3693 1982 diﬁ‘erentis

2115 2027 2509 2096 signiﬁcantias
2537 2024 2683 2079 Deus
2712 2024 3046 2088 nominatur,
3087 2029 3145 2077 ut
3179 2021 3545 2090 intelligamus
3565 2034 3691 2073 eum

2114 2120 2194 2174 sic
2245 2119 2609 2171 nominatum.
2660 2115 2803 2182 Quid
2861 2115 3029 2185 igitur
3076 2114 3180 2184 piis
3207 2112 3483 2167 mentibus
3531 2120 3693 2164 nocet

2112 2212 2287 2265 nostri
2322 2210 2631 2264 intellectus
2680 2208 2926 2278 operatio
2970 2207 3037 2261 ad
3088 2204 3454 2276 cognitionem
3500 2218 3689 2258 eorum

2110 2318 2231 2371 qua:
2262 2309 2412 2362 sunt.
2451 2317 2615 2368 quam
2668 2315 2772 2355 nos
2810 2298 3034 2368 quidem
3066 2296 3305 2349 ἐπίνοιαν
3344 2293 3603 2355 dicimus,
3638 2291 3689 2345 id

2110 2401 2192 2447 est
2221 2392 2758 2447 commentationem?
2806 2389 2961 2456 Quod
2991 2390 3039 2445 si
3082 2388 3208 2458 quis
3254 2388 3414 2441 aliter
3444 2384 3574 2439 velit
3603 2400 3693 2435 vo-

2111 2501 2259 2547 care,
2299 2500 2407 2539 non
2455 2483 2877 2554 relragabimur.
2920 2480 3028 2535 Sed
3062 2495 3170 2534 non
3207 2478 3458 2540 remittit,
3503 2490 3693 2544 quem-

2110 2577 2403 2632 admodum
2484 2577 2836 2631 vehementer
2904 2580 3206 2629 certatores
3280 2568 3690 2625 ineluctabilem

2108 2671 2251 2724 banc
2305 2677 2496 2724 contra
2534 2683 2634 2723 nos
2670 2683 2860 2722 ansam
2916 2674 2970 2720 et
3014 2664 3433 2733 prebensionem
3478 2667 3533 2715 et
3561 2658 3694 2712 dicit

2108 2760 2187 2814 sic
2211 2759 2277 2812 ad
2313 2759 2559 2820 verbum,
2596 2760 2742 2827 quod
2772 2756 2901 2811 Ilwc
2933 2771 3025 2825 per
3056 2750 3543 2807 commentationem
3595 2747 3693 2799 Im-

2106 2869 2265 2905 mana
2297 2861 2418 2904 sunt
2458 2851 2672 2903 nomina
2699 2861 2748 2903 et
2800 2865 2890 2918 per
2922 2844 3411 2901 commentationem
3440 2857 3694 2911 quorum-

2104 2946 2229 2997 dant
2263 2944 2534 3008 dicuntur,
2561 2958 2677 3012 qua:
2710 2941 2887 2995 nullus
2932 2938 3291 3007 apostolorum
3330 2947 3491 3004 neque
3535 2948 3693 2986 evan-

2104 3035 2414 3103 gelistarum
2462 3032 2661 3086 docuit.
2718 3030 2785 3085 Et
2852 3038 2975 3100 post
3023 3030 3167 3084 hanc
3215 3023 3689 3095 inexpugnabilem

427 3122 724 3195 προφέρειν
753 3122 834 3185 είς
865 3121 1211 3193 ἀνθρωπίνην
1237 3122 1497 3189 ἐπίνοιαν,
1528 3122 1703 3194 ψυχῆς
1733 3124 1890 3195 ἔργον
1915 3126 2004 3177 τὸν

2109 3126 2542 3196 aggressionem.
2581 3138 2797 3179 sacram
2835 3122 2985 3176 illam
3016 3120 3184 3175 infert
3228 3133 3442 3179 vocem,
3478 3114 3691 3170 erudita

431 3217 530 3287 μὲν
558 3214 872 3286 ἐρρωμένον
903 3214 1029 3268 νοῦν
1068 3214 1210 3267 κατά
1237 3214 1393 3285 δίκην
1436 3232 1658 3287 παρῃρη
1670 3216 1835 3287 μένης
1860 3256 1875 3279 ,
1906 3217 2006 3288 ἀρ-

430 3308 621 3379 ρώστῳ
651 3307 709 3361 δὲ
754 3307 964 3378 διανοίᾳ
1017 3308 1113 3360 και
1166 3308 1539 3381 πεφωρημένῃ
1582 3310 1689 3361 τινὶ
1749 3308 2025 3381 συνηθείᾳ’

427 3401 553 3463 τοὺς
589 3397 680 3452 τοῦ
727 3397 936 3469 Κυρίου
984 3396 1176 3463 λόγους
1228 3397 1649 3467 ἐπισκοπούσης.
1690 3397 1858 3450 Βαϐαῖ
1906 3398 2004 3469 τῆς

426 3491 769 3563 διαλεκτικῆς
796 3490 1123 3554 ἀποδείξεως
1146 3529 1160 3553 ,
1212 3488 1287 3551 ὼς
1314 3488 1575 3559 τεχνικῶς
1606 3489 1635 3541 ὁ
1664 3490 1821 3558 λόγος
1857 3491 2005 3562 αὐτῷ

428 3585 563 3656 πρὸς
592 3584 683 3637 τὸν
715 3583 915 3635 σκοπὸν
948 3580 1408 3650 συμπεραίνεται;
1438 3580 1533 3644 Τίς
1566 3581 1631 3633 ἂν
1667 3580 1747 3635 ἔτι
1776 3584 2003 3653 συσταίη

426 3679 505 3749 τῷ
555 3678 676 3731 κατ’
710 3676 953 3728 ἐπίνοιαν
1000 3673 1182 3743 λόγῳ;
1238 3672 1519 3742 Τοσαύτης
1565 3673 1741 3744 ὀσμῆς
1795 3676 1861 3728 ὲκ
1909 3675 2003 3728 τοῦ

430 3769 696 3837 στόματος
720 3764 883 3819 αὑτοῦ
907 3766 1018 3828 τοῖς
1046 3763 1380 3834 ἐπιχειροῦσί
1414 3781 1466 3815 τι
1491 3763 1670 3832 λέγειν
1709 3765 2005 3835 προχεομέ-

428 3876 559 3931 νης;
612 3855 738 3929 'Ap’
782 3852 874 3910 οὖν
933 3855 1196 3925 ἀφεκτέον
1248 3855 1343 3907 καὶ
1381 3857 1509 3924 ἡμῖν
1560 3855 1647 3908 διὰ
1700 3855 1855 3909 τοῦτο
1891 3859 2004 3921 τοῖς

429 3946 1033 4022 ὲπιχειροῧσίτιλὲγειν
1064 3947 1163 4016 τῆς
1196 3946 1332 4016 πρὸς
1367 3945 1528 3998 αὑτὸν
1566 3946 1659 3999 τοῦ
1693 3947 1851 4015 λόγου
1878 3964 2005 4001 συν-

430 4044 726 4110 εξετάσεως
747 4082 761 4105 ,
786 4040 862 4104 ὡς
893 4040 959 4092 ἂν
997 4038 1070 4109 μὴ
1097 4039 1218 4091 καθ’
1248 4037 1403 4107 ἡμῶν
1436 4036 1532 4106 τὴν
1558 4038 1777 4109 ἀμάραν
1801 4039 2003 4109 ταύτην

426 4137 527 4206 τῆς
551 4132 816 4204 λοιδορίας
848 4131 1224 4201 ὑποκινήσειεν
1247 4169 1261 4192 ,
1300 4127 1332 4197 ἢ
1387 4128 1736 4197 μικροψύχων
1781 4129 1894 4182 ἐστὶ
1942 4129 2003 4182 τὸ

429 4228 563 4298 πρὸς
599 4225 698 4288 τὰς
729 4221 1017 4294 νηπιώδεις
1052 4218 1476 4290 παραφροσύνας
1499 4220 2000 4291 ἁντιτραχύνεσθαι.

427 4318 636 4374 Οὐκοῦν
669 4315 1047 4387 συγχωρητέον
1072 4313 1150 4383 τῷ
1181 4313 1407 4383 ὑϐριστῇ
1441 4312 1741 4384 κεχρῆσθαι
1782 4314 1917 4384 πρὸς
1943 4313 2003 4366 τὺ

424 4409 612 4463 δοκοῦν
657 4407 735 4479 τῷ
786 4407 993 4477 τρόπῳ.
1047 4402 1484 4475 Ἐπαναληπτέον
1538 4403 1595 4456 δὲ
1649 4404 1739 4457 τὸν
1792 4405 1999 4458 ἐκείνου

2106 3218 2172 3269 ad
2198 3218 2311 3270 lucc
2327 3231 2457 3269 voce
2489 3214 2714 3269 fetidum
2738 3221 2929 3267 contra
2951 3226 3049 3267 nos
3075 3209 3374 3265 convitium
3393 3219 3687 3275 exspuens.

2104 3305 2275 3371 Nam,
2334 3306 2538 3374 inquit,
2607 3303 3018 3375 homonymiam
3081 3316 3150 3357 ex
3209 3300 3393 3371 aliqua
3442 3297 3691 3367 analogia

2105 3399 2446 3468 desutuptatn
2501 3397 2556 3451 in
2606 3397 2845 3451 medium
2894 3394 3145 3464 proferre
3194 3394 3260 3447 ad
3307 3388 3689 3446 stabiliendam

2105 3490 2399 3544 humanam
2433 3490 2575 3543 hanc
2619 3486 3161 3553 commentationem,
3205 3482 3373 3536 animi
3417 3493 3556 3551 opus
3582 3485 3688 3540 est,

2106 3594 2285 3638 mente
2322 3580 2543 3651 quidem
2602 3581 2783 3633 valida
2832 3595 2887 3633 in
2914 3577 3126 3647 judicio
3182 3573 3429 3645 spoliati,
3474 3571 3689 3626 inﬁrma

2103 3689 2234 3728 vero
2288 3672 2649 3741 intelligentia
2696 3680 2751 3725 et
2797 3669 3137 3739 deprehensa
3187 3666 3421 3737 quadam
3459 3678 3692 3719 consue-

2105 3764 2299 3819 tudine
2335 3762 2550 3818 Domini
2593 3776 2875 3817 sermones
2928 3759 3291 3829 explorantis.
3320 3755 3506 3826 Papae!
3542 3770 3686 3825 qua»

2106 3871 2231 3910 nam
2268 3855 2383 3909 haec
2440 3853 2727 3908 dialectica
2780 3850 3220 3907 demonstratio?
3260 3849 3469 3903 siccine
3516 3845 3690 3900 artiﬁ-

2104 3948 2253 4003 ciose
2299 3947 2348 4001 ei
2396 3946 2535 4000 ratio
2586 3944 2655 3999 ad
2699 3959 2927 4014 secpum
2980 3940 3372 3997 concluditur?
3420 3939 3687 4009 Quisnam

2104 4038 2339 4108 amplius
2363 4038 2598 4108 probare
2636 4036 2870 4092 voluerit
2916 4050 3224 4090 sermonem
3265 4032 3688 4089 commentatio-

2103 4135 2209 4195 nis,
2240 4138 2350 4184 tam
2381 4129 2532 4199 gravi
2574 4129 2744 4184 odore
2790 4144 2858 4184 ex
2906 4142 3002 4182 ore
3053 4126 3175 4194 ejus
3219 4126 3277 4179 in
3310 4138 3406 4180 eos
3455 4122 3550 4193 qui
3588 4121 3689 4175 ali-

2102 4223 2236 4291 quid
2265 4220 2448 4276 dicere
2505 4220 2919 4291 aggrediuntur,
2970 4217 3317 4289 proﬂuente?
3351 4215 3493 4282 Quin
3521 4215 3687 4270 etiam

2102 4321 2265 4373 nobis
2309 4323 2597 4387 propterea
2622 4314 2825 4383 aliquid
2862 4313 3046 4367 dicere
3097 4308 3563 4382 aggredientibus,
3598 4307 3692 4361 ab-

2104 4410 2419 4465 stinendum
2456 4415 2540 4462 est
2591 4406 2659 4460 ab
2690 4405 3055 4460 examinando
3098 4412 3153 4458 et
3177 4398 3527 4457 discutiendo
3568 4398 3689 4467 ejus

424 4502 579 4571 λόγον
604 4540 618 4566 ,
656 4500 732 4564 ὡς
760 4499 825 4553 ἂν
872 4496 1123 4551 κάκεῖθεν
1154 4495 1362 4565 γένοιτο
1393 4495 1675 4566 συμμαχία
1721 4498 1857 4568 πρὸς
1896 4498 1996 4571 τὴν

2109 4516 2376 4563 sermone,
2414 4514 2483 4554 ne
2532 4506 2725 4552 contra
2773 4511 2873 4551 nos
2904 4496 3146 4550 cloacam
3190 4490 3416 4546 convitii
3449 4503 3690 4544 commo-

424 4594 702 4665 ἀλήθειαν.

2110 4601 2250 4660 veat,
2280 4593 2365 4647 vel
2393 4607 2464 4646 ne
2494 4590 2681 4659 pusilli
2710 4589 2875 4643 animi
2924 4603 3049 4643 esse
3082 4586 3329 4641 videatur
3363 4584 3430 4639 ad
3454 4581 3687 4653 puerilia

423 4684 616 4740 deliria
646 4690 839 4736 contra
885 4680 1219 4749 exasperari.
1294 4675 1437 4747 Ergo
1504 4680 1905 4736 contumelioso
1968 4684 2318 4738 convitiatori
2374 4679 2787 4736 concedendum
2839 4687 2963 4741 est,
3012 4693 3112 4747 pro
3179 4677 3403 4731 libidine
3456 4673 3536 4728 uti
3587 4688 3689 4727 suo

422 4772 607 4829 modo.
641 4771 1025 4826 Resumcndus
1091 4777 1176 4825 est
1230 4778 1411 4825 autem
1468 4770 1615 4826 illius
1686 4786 1901 4838 sermo,
1956 4779 2200 4831 utetiam
2236 4776 2388 4830 illinc
2414 4773 2633 4827 veritati
2676 4772 2884 4825 feratur
2916 4771 3203 4825 auxilium.

505 4869 822 4938 ’Δναλογίας
856 4866 1135 4938 ἐμνήσθη,
1175 4867 1269 4919 καὶ
1307 4867 1406 4937 τὴν
1450 4869 1514 4919 ἐκ
1545 4866 1751 4938 ταύτης
1788 4871 1998 4939 ὁμωνυ-

425 4960 555 5031 μίαν
583 4960 795 5031 ἐνόησε.
827 4957 998 5012 Πόθεν
1026 4956 1201 5010 ταῦτα
1236 4957 1441 5027 μαθὼν,
1470 4959 1562 5011 καὶ
1590 4960 1738 5029 παρὰ
1768 4960 1911 5025 τίνος
1933 4964 2000 5016 τὰ

424 5052 679 5122 ρήματας
716 5050 953 5120 Μωῦσῆς
983 5051 1085 5103 οὐκ
1112 5044 1232 5101 εἷπε
1252 5091 1269 5113 ,
1315 5050 1607 5120 προφητῶν
1638 5051 1733 5104 καὶ
1773 5052 2000 5107 ἀποστό-

422 5140 527 5193 λων
560 5143 659 5196 οὺκ
702 5143 955 5213 ἤκουσεν,
990 5141 1372 5209 εὐαγγελισταὶ
1403 5141 1502 5205 τὰς
1528 5143 1781 5207 τοιαύτας
1816 5146 1999 5213 φωνὰς

424 5236 776 5304 σεσιγήκασιν
794 5274 809 5298 ,
841 5234 1093 5304 οὐδεμιᾶς
1124 5231 1239 5285 ἐστι
1271 5232 1492 5303 Γραφῆς
1515 5232 1688 5287 ταῦτα
1710 5234 1996 5289 διδασκού-

423 5342 523 5395 σης
555 5326 765 5394 μαθεῖν.
795 5326 966 5378 Πόθεν
1007 5322 1099 5379 οὖν
1129 5324 1276 5395 αὐτῷ
1321 5325 1381 5378 τὸ
1426 5325 1598 5389 οὕτως
1633 5328 1843 5395 είπεῖν;
1870 5324 1997 5401 Ἆρ’

421 5418 543 5487 οὐχί
570 5417 670 5486 τῆς
713 5416 805 5469 τοῦ
850 5416 1094 5479 εἰπόντος
1124 5415 1366 5479 διανοίας
1400 5415 1619 5487 εὕρημα
1642 5458 1656 5482 ,
1701 5419 1729 5470 ὁ
1760 5420 2000 5484 τοιοῦτος

422 5509 581 5577 λόγος
630 5509 812 5573 ἐστὶν,
851 5511 879 5562 ό
921 5508 1019 5579 τὴν
1074 5509 1232 5562 ποιάν
1264 5507 1358 5561 τοῦ
1411 5510 1679 5579 νοήματος
1726 5514 1998 5583 σημασίαν

422 5600 716 5669 ἀναλογίαν
745 5601 1184 5672 προσαγορεύων.
1220 5601 1345 5666 Πῶς
1388 5598 1479 5655 οὖν
1529 5604 1586 5656 οὐ
1633 5604 1876 5675 συνίησιν
1918 5602 1999 5669 οἷς

424 5693 693 5763 πολεμεῖ,
726 5693 935 5758 τούτοις
974 5695 1277 5766 συμμάχοις
1311 5696 1446 5766 πρὸς
1473 5695 1563 5748 τὸν
1593 5695 1824 5765 πόλεμον
1856 5697 2000 5769 χρώ-

430 5801 615 5850 ιιενος;
655 5784 887 5853 Πολεμεῖ
918 5784 974 5838 δὲ
1025 5785 1142 5839 κατ’
1190 5785 1431 5841 ἐπίνοιαν
1484 5785 1626 5856 λόγῳ
1674 5786 1866 5851 αὐτὸς,
1911 5787 1997 5842 διὰ

2179 4871 2454 4943 Analogia:
2480 4870 2749 4933 meminit,
2763 4875 2818 4923 et
2839 4884 2904 4921 ex
2923 4882 2987 4921 ea
3004 4863 3431 4934 homonymiam.
3447 4860 3563 4916 sive
3576 4874 3681 4916 no-

2109 4963 2275 5019 minis
2322 4962 2764 5017 communionem
2807 4960 2978 5013 novit.
3011 4956 3171 5014 Unde
3204 4955 3396 5011 didicit
3425 4962 3479 5010 et
3511 4970 3541 5008 a
3581 4968 3690 5023 quo

2106 5054 2270 5108 verba
2300 5053 2447 5107 haec?
2468 5051 2643 5107 Moses
2674 5066 2783 5105 non
2806 5051 2973 5114 dixit,
3002 5049 3295 5119 prophetas
3317 5056 3372 5102 et
3403 5048 3681 5115 apostolos

2108 5146 2194 5200 bis
2224 5145 2450 5199 vocibus
2484 5151 2704 5199 utentes
2752 5157 2860 5197 non
2900 5140 3128 5205 audivit,
3170 5138 3517 5207 evangelista:
3552 5138 3688 5189 tales

2104 5251 2269 5293 voces
2325 5236 2544 5292 silentio
2572 5236 2881 5299 involvunt,
2929 5248 3105 5304 neque
3143 5247 3210 5287 ex
3258 5231 3367 5284 ulla
3401 5229 3684 5299 Scriptura

2108 5330 2222 5384 haec
2255 5329 2487 5385 docente
2521 5328 2650 5383 licet
2698 5326 2995 5398 percipere.
3034 5324 3192 5382 Unde
3217 5325 3383 5393 igitur
3410 5321 3611 5377 accidit
3636 5323 3689 5376 ei

2106 5422 2187 5475 sic
2213 5421 2436 5475 dicere?
2463 5421 2546 5475 An
2585 5435 2694 5474 non
2735 5420 3012 5475 inventum
3047 5416 3418 5487 intelligentia:
3450 5415 3568 5484 ejus
3590 5413 3687 5483 qui

2104 5528 2227 5567 eum
2264 5512 2508 5578 protulit,
2540 5513 2664 5565 talis
2705 5520 2789 5566 est
2826 5526 3026 5575 sermo,
3062 5509 3156 5579 qui
3198 5508 3357 5563 talem
3392 5504 3687 5575 quamdam

2106 5600 2346 5657 notionis
2396 5601 2813 5670 signiﬁcantiam
2871 5597 3179 5668 analogiam
3226 5594 3482 5664 appellat.
3524 5590 3676 5657 Quo-

2108 5696 2270 5750 modo
2327 5696 2491 5764 igitur
2544 5710 2652 5750 non
2730 5692 2983 5762 intelligit
3040 5705 3179 5760 quos
3236 5694 3513 5757 oppugnat
3596 5683 3682 5739 liis

2108 5786 2521 5843 auxiliatoribus
2543 5785 2606 5840 ad
2627 5785 2823 5841 bellum
2849 5781 3177 5845 uti?Bellum
3202 5787 3380 5836 autem
3402 5777 3537 5850 gerit
3565 5776 3681 5853 ipse
