4146 6386
520 430 653 487 10ῖό

1798 435 1857 490 S.
1897 434 2233 492 GREGORH
2275 435 2563 491 NYSSENI

3649 433 3791 488 tom

513 560 706 603 contra
750 564 1079 612 sermonem,
1120 551 1213 622 qui
1264 558 1348 606 est
1405 551 1705 606 secundum
1759 564 2072 609 commenta

2174 608 2175 611 η
2203 554 2311 607 τῶν
2338 556 2436 624 τῆς
2463 551 2707 614 ἐπινοίας
2734 549 2907 621 λόγων
2931 591 2944 606 .
2977 548 3037 602 τὸ
3068 549 3141 619 μὴ
3168 548 3278 602 δεῖν
3307 550 3427 602 κατ’
3456 548 3697 603 ἐπίνοιάν
3731 567 3791 605 τι

514 644 756 705 tionem,
797 657 892 710 per
945 657 1229 697 sermones
1275 643 1367 711 qui
1416 651 1545 697 sunt
1596 646 2097 709 commentationis,

513 747 623 786 non
677 742 928 801 eportere
970 736 1626 803 perteommentationem
1682 738 1889 808 aliquid
1916 739 2101 794 dicere

512 824 641 877 dum
665 824 886 878 astruit.
921 824 1027 879 Sed
1060 825 1261 891 nullus,
1287 827 1485 896 inquit,
1512 836 1830 883 sanctorum
1870 830 1973 884 hoc
2001 830 2099 883 do-

512 918 647 970 cuit.
701 914 784 970 'l‘u
853 932 983 971 vero
1042 918 1097 972 in
1164 933 1326 988 quem
1376 928 1619 973 veterum
1680 906 1885 975 referre
1947 931 2099 990 potes

510 1008 837 1079 ἁγεννησίας
862 1024 1071 1073 vocem,
1104 1017 1159 1063 et
1187 1010 1331 1080 quod
1360 1012 1466 1066 tale
1484 1025 1681 1065 nomen
1709 1012 1775 1065 de
1796 1011 1890 1066 Dei
1908 1027 2098 1067 essen-

510 1102 581 1152 tia
601 1100 947 1168 prredicatur,
972 1099 1080 1152 imo
1112 1115 1239 1154 vero
1271 1101 1451 1171 ipsum
1470 1100 1771 1171 ingenitum
1791 1110 1877 1157 est
1905 1119 2096 1159 essen-

510 1190 622 1241 tia?
650 1189 731 1242 An
759 1189 852 1243 tibi
895 1189 1111 1259 quidem
1147 1190 1294 1257 licet,
1334 1192 1389 1245 in
1411 1191 1610 1260 quibus
1636 1191 1840 1262 aliquid
1870 1192 2095 1263 impium

507 1281 949 1335 concludendum
1008 1290 1127 1345 est,
1176 1282 1454 1353 placentes
1503 1298 1663 1339 voces
1725 1284 1987 1341 innovare
2040 1294 2096 1339 et

506 1373 859 1442 excogitare?
910 1373 955 1428 si
1005 1381 1185 1427 autem
1231 1375 1435 1445 aliquid
1488 1375 1552 1429 ad
1605 1376 1901 1446 impietatis
1938 1394 2094 1435 ever-

505 1466 714 1519 sionem
745 1467 812 1519 ab
849 1466 956 1519 alio
1001 1465 1232 1530 dicatur,
1265 1467 1659 1523 contradicenti
1690 1468 1832 1523 hanc
1858 1478 2095 1540 potesta«

504 1566 609 1608 tem
647 1555 885 1618 auferre,
941 1571 1096 1610 saevae
1152 1556 1458 1627 tyrannidis
1523 1574 1651 1614 reus
1718 1558 2093 1629 deprehensus

504 1648 694 1714 fueris,
728 1648 774 1702 si
822 1648 965 1702 hanc
1017 1649 1113 1702 tibi
1166 1650 1268 1720 ipsi
1320 1660 1646 1719 potestatein
1704 1654 1982 1717 vindices,
2034 1659 2093 1707 ut

502 1755 621 1808 qua:
671 1740 727 1793 in
778 1740 899 1794 aliis
949 1741 1242 1809 prohibes,
1279 1742 1391 1796 haec
1446 1742 1624 1799 facere
1659 1745 1763 1799 soli
1801 1746 1897 1803 tibi
1928 1746 2093 1801 licere

500 1832 805 1898 existimes,
842 1842 895 1888 et
928 1848 1049 1901 quae
1086 1833 1202 1902 ipse
1241 1850 1343 1904 pro
1395 1836 1614 1889 licentia
1657 1836 1850 1903 audes,
1883 1838 1952 1892 ab
2002 1839 2088 1893 bis

2156 678 2173 695 ν
2205 646 2384 713 λέγειν
2413 645 2855 711 κατασκευάζων.
2888 642 3025 695 Ἀλλ’
3054 642 3231 703 οὐδεὶς
3256 680 3271 703 ,
3308 643 3462 711 φησὶ,
3489 641 3645 693 τοῦτο
3673 642 3789 694 τῶν

2201 736 2372 803 ἁγίων
2406 735 2685 807 ἐδίδαξεν.
2741 736 2811 787 Συ
2855 736 2911 789 δὲ
2942 736 3021 798 είς
3053 733 3173 787 τίνα
3211 733 3320 785 τῶν
3364 732 3606 803 ἀρχαίων
3651 733 3786 785 ἀνα-

2200 831 2385 900 φέρειν
2407 812 2549 899 ἔχεις
2578 829 2675 899 τὴν
2704 830 2802 898 τῆς
2820 829 3143 898 ἀγεννησίας
3160 826 3362 898 φωνὴν,
3391 827 3485 879 καὶ
3510 827 3589 879 ὅτι
3610 826 3786 897 αὐτῆς

2199 925 2582 991 κατηγορεῖται
2608 920 2667 972 τὸ
2693 921 2865 988 ὄνομα
2896 918 2985 972 τοῦ
3014 918 3149 971 Θεοῦ
3195 919 3292 988 τῆς
3318 917 3506 980 οὐσίας
3534 958 3548 981 ,
3578 916 3787 986 μᾶλλον

2197 1013 2253 1067 δὲ
2286 1013 2417 1066 αὑτό
2463 1015 2610 1067 ἐστιν
2660 1013 2952 1081 ἀγέννητον
2984 1014 3016 1082 ἡ
3074 1010 3268 1075 ούσία;
3313 1011 3386 1063 Ἤ
3420 1027 3501 1063 σοι
3563 1010 3661 1080 μὲν
3694 1010 3784 1074 ἔξ-

2197 1121 2344 1157 εστιν
2366 1100 2523 1167 ὲνοῖς
2552 1105 2617 1157 ἂν
2648 1104 2816 1174 μέλλῃ
2840 1120 2892 1155 τι
2919 1102 3025 1154 τῶν
3055 1100 3266 1154 ἀσεϐῶν
3291 1100 3779 1169 συμπεραίνεσθαι,

2196 1199 2540 1266 καινοτομεῖν
2596 1212 2654 1249 τε
2695 1196 2788 1249 καὶ
2844 1196 3232 1265 παρευρίσκειν
3287 1192 3387 1255 τάς
3437 1192 3779 1262 ἀρεσκούσας

2196 1285 2380 1354 φωνάς
2406 1302 2420 1349 ;
2474 1287 2520 1338 εί
2551 1285 2608 1338 δέ
2636 1302 2688 1337 τι
2722 1284 2857 1355 πρὸς
2906 1284 3007 1353 τὴν
3032 1286 3130 1353 τῆς
3174 1282 3429 1345 ἀσεϐείας
3458 1282 3779 1348 καθαίρεσιν

2196 1377 2326 1446 παρ’
2355 1375 2543 1447 ἐτέρου
2572 1376 2781 1440 λέγοιτο
2804 1418 2818 1439 ,
2854 1374 3242 1444 παραιρεῖσθαι
3283 1373 3383 1443 τῆς
3411 1373 3654 1439 ἐξουσίας
3683 1374 3778 1427 τὸν

2195 1468 2540 1537 ἀντιλέγοντα
2564 1510 2579 1531 ,
2631 1469 2873 1538 μεγάλης
2934 1467 2983 1521 τ’
3018 1467 3084 1519 ἂν
3118 1466 3236 1535 εἴης
3282 1465 3590 1535 τυραννίδος
3623 1468 3773 1518 ἐπειι

2193 1556 2500 1629 λημμένος,
2534 1562 2582 1611 εἰ
2627 1558 2831 1626 ταύτην
2880 1557 3089 1627 σεαυτῷ
3132 1557 3229 1627 τὴν
3273 1555 3522 1621 ἐξουσίαν
3566 1555 3777 1625 κρατύ-

2194 1667 2342 1713 νειας
2363 1690 2379 1714 ,
2414 1650 2489 1713 ὼς
2532 1650 2675 1720 ἀπερ
2726 1650 2818 1701 ἐπὶ
2855 1650 2961 1701 τῶν
2993 1649 3168 1701 ἄλλων
3195 1648 3423 1710 κωλύεις
3444 1688 3459 1711 ,
3494 1647 3575 1700 cmi.
3599 1647 3773 1700 ταῦτα

2194 1745 2363 1794 ποιεῖν
2393 1742 2593 1805 ἐξεῖναι
2639 1740 2820 1812 μόνῳ,
2862 1740 2953 1793 καὶ
2994 1743 3135 1810 άπερ
3169 1740 3328 1803 αὐτὸς
3368 1743 3484 1793 κατ’
3522 1741 3777 1807 ἐξουσίαν

2191 1832 2393 1901 τολμᾷς
2418 1872 2431 1895 ,
2456 1830 2658 1883 τούτων
2689 1832 2972 1901 ἀπείργειν
3006 1832 3130 1895 τοὺς
3158 1832 3368 1893 ἄλλους,
3401 1832 3497 1885 Διά
3528 1832 3768 1903 προστά-

500 1922 636 1975 alios
683 1938 890 1977 arcere.
931 1923 1097 1989 Quasi
1132 1940 1230 1995 per
1276 1925 1513 1981 edictum
1569 1928 1801 1999 abrogas
1846 1930 1961 1985 hazc
1990 1947 2072 1999 pct

2187 1939 2394 1991 γματος
2430 1922 2642 1985 ἀθετεῖς
2669 1922 2730 1974 τὸ
2759 1923 2879 1975 κατ’
2919 1923 3161 1977 ἐπίνοιαν
3192 1924 3446 1992 λέγεσθαι
3478 1925 3650 1978 ταῦτα
3688 1926 3769 1995 τῷ

497 2015 954 2084 excogitationem
1026 2016 1132 2069 dici
1214 2015 1281 2070 de
1348 2017 1573 2073 Christo
1632 2021 1893 2083 nomina,
1955 2025 2083 2092 quia

498 2108 677 2163 nullus
711 2116 1025 2161 sanctorum
1071 2118 1327 2177 oportere
1362 2110 1447 2166 sic
1478 2110 1590 2165 dici
1652 2114 1904 2168 edixerit.
1937 2114 2083 2180 Quo.

496 2198 655 2251 utodo
688 2199 856 2269 igitur
909 2216 1004 2268 per
1052 2202 1283 2272 ingeniti
1327 2220 1515 2261 vocem
1569 2208 1714 2261 velut
1751 2209 1920 2278 legem
1953 2226 2082 2279 pro—

494 2290 708 2358 mulgas
742 2290 809 2343 de
850 2291 1145 2345 verborum
1180 2295 1529 2362 rectitudine,
1569 2308 1625 2350 ut
1649 2314 1713 2352 ea
1752 2300 1867 2353 sola
1903 2302 2083 2369 profe-

493 2389 683 2433 rantur
709 2398 830 2447 quae
865 2399 893 2435 ιι
926 2382 1037 2437 Deo
1089 2384 1393 2454 inspiratus
1437 2405 1618 2444 sermo
1648 2390 1945 2461 Scriptura:
1984 2410 2081 2448 ex-

492 2474 779 2538 posuerit?
812 2473 886 2527 Ex
918 2476 1028 2530 tuis
1060 2475 1225 2546 igitur
1250 2480 1473 2549 scriptis
1503 2481 1726 2551 ingeniti
1759 2500 1953 2539 nomen
1984 2487 2081 2541 de-

491 2563 708 2616 lendqu
760 2572 863 2631 est,
900 2567 1029 2634 quia
1087 2569 1273 2623 nullus
1330 2580 1648 2626 sanctorum
1699 2591 1887 2630 vocem
1938 2577 2076 2633 hanc

488 2657 823 2711 auctoritate
868 2672 969 2710 sua
1014 2659 1302 2726 probavit:
1340 2660 1433 2714 sed
1477 2672 1695 2733 propter
1741 2666 2075 2722 intellectum

487 2750 577 2817 qui
618 2749 745 2802 huic
777 2749 1046 2804 vocabulo
1081 2752 1292 2812 subest.
1327 2754 1623 2809 dictionem
1654 2759 1949 2828 approbas.
1967 2760 2077 2816 Nos

487 2840 657 2893 simili
685 2839 847 2895 modo
870 2848 1097 2910 propter
1127 2859 1349 2897 sensum
1383 2845 1435 2898 in
1464 2848 1847 2914 ea,inclusum,
1888 2866 2074 2907 vocem

485 2932 625 2984 hanc
657 2932 919 2998 ἐπινοίας,
948 2933 999 2986 id
1023 2942 1106 2988 est
1134 2937 1595 2991 commentationis
1620 2941 1965 3008 admisimus,
1991 2943 2077 2999 vel

486 3023 595 3075 duo
627 3039 689 3076 ex
726 3041 827 3079 usu
878 3026 1205 3088 exiuit-ntus,
1240 3029 1323 3082 vel
1378 3037 1632 3084 neutrum
1675 3031 1892 3100 horum,
1924 3036 2073 3104 quia,

480 3114 525 3166 si
549 3114 660 3177 llat,
687 3131 783 3183 per
805 3124 1035 3185 utraque
1068 3118 1371 3173 vincemus.
1406 3118 1541 3173 Nam
1576 3121 1619 3175 si
1658 3123 1874 3191 penitus
1900 3124 2073 3180 dictio

480 3203 807 3274 ἀγεννησίας
843 3206 1064 3261 silentio
1093 3207 1383 3273 obruatur,
1420 3212 1602 3266 omnis
1627 3213 2068 3271 adversariorum

479 3302 669 3347 contra
703 3297 982 3352 veritatem
1034 3314 1136 3351 vox
1173 3302 1442 3355 exstincta
1488 3312 1595 3357 est.
1635 3306 1810 3375 Atque
1865 3305 2069 3379 Unige-

481 3384 595 3438 nito
633 3384 741 3441 Deo
773 3388 944 3454 gloria
975 3391 1044 3444 ab
1070 3393 1327 3447 omnibus
1370 3392 1667 3463 eﬂ‘ulgebit,
1697 3399 1823 3467 quia
1858 3402 2068 3455 nullum

477 3476 581 3527 erit
612 3492 809 3531 nomen
850 3495 917 3532 ex
950 3483 1227 3536 contraria
1266 3486 1632 3554 oppositione,
1668 3490 1812 3556 quod
1848 3489 2066 3547 Domini

484 3566 827 3635 tnajestatem
870 3569 1180 3626 imminuat.
1234 3572 1290 3627 Si
1342 3576 1504 3627 ambo
1553 3586 1831 3643 maneant,
1891 3591 1944 3636 et
1989 3584 2069 3639 sic

478 3658 765 3713 nobiscum
815 3660 997 3716 vincet
1029 3665 1255 3725 veritas.
1289 3665 1357 3719 ad
1403 3667 1672 3731 ἐπίνοιαν,
1706 3668 1759 3724 id
1789 3678 1893 3737 est,
1927 3689 2070 3727 com-

478 3753 868 3818 mentulionem,
902 3771 968 3809 ex
1014 3759 1256 3812 essentia
1302 3761 1570 3815 translato
1620 3764 2070 3834 ἀγεννησίαςιιο-

479 3842 641 3895 tuine.
687 3841 792 3896 Sed
833 3846 1072 3913 quandiu
1120 3863 1187 3903 ex
1229 3850 1345 3904 suis
1374 3852 1595 3921 scriptis
1626 3854 1853 3925 ingeniti
1879 3873 2066 3913 vocem

476 3948 582 3983 non
618 3933 829 3998 eximit,
880 3936 1121 4005 scipsum
1172 3939 1493 3995 abhortetur
1544 3943 1635 4013 qui
1693 3961 1794 4000 nos
1848 3947 2067 4005 lacessit

473 4018 802 4083 Pltarismus.
831 4042 898 4080 ne
924 4028 1077 4096 prius
1096 4029 1163 4081 ad
1190 4040 1431 4084 nostram
1458 4034 1725 4088 festucam
1746 4040 2061 4116 perSpiCiat.

470 4128 631 4179 quant
682 4117 889 4168 trabem
926 4116 1030 4172 sibi
1091 4118 1496 4176 incumbentem
1549 4134 1605 4179 et
1652 4128 1940 4181 molestam
1991 4144 2062 4182 ex

471 4208 652 4259 oculis
691 4206 965 4276 ejiciat".
999 4209 1106 4265 Sed
1142 4210 1308 4277 Deus,
1345 4213 1544 4283 inquit,
1580 4226 1633 4270 ct
1666 4218 2058 4275 inﬁrmissimis

469 4312 658 4349 enrtnn
710 4315 831 4367 quae
887 4300 1118 4356 interra
1173 4305 1471 4370 exsistunt,
1524 4310 1919 4377 pretiosissima
1966 4315 2061 4367 tri-

476 4391 592 4444 buit
623 4394 868 4456 nomina,
912 4410 1021 4450 non
1060 4396 1385 4467 dignitatum
1417 4402 1779 4468 aequalitatem
1818 4406 2061 4476 imperti—

469 4492 578 4545 tus,
627 4491 679 4537 et
731 4484 1212 4556 principalissimis
1262 4490 1565 4555 vilissima,
1614 4512 1719 4547 non
1771 4504 1949 4551 tamen
1993 4514 2058 4551 ex

2186 2013 2406 2085 Χριστῴ
2437 2013 2505 2066 τά
2533 2014 2772 2084 ὀνόματα
2798 2055 2811 2078 ,
2852 2017 2932 2068 ὅτι
2971 2017 3159 2086 μηδεὶς
3202 2017 3308 2069 τῶν
3344 2016 3512 2085 ἁγίων
3548 2017 3609 2070 τὸ
3656 2018 3769 2071 δεῖν

2184 2104 2325 2157 οὓτω
2353 2104 2606 2173 λέγεσθαι
2634 2106 2935 2173 διετάξατο.
2973 2106 3097 2170 Πῶς
3126 2102 3218 2160 οὖν
3243 2110 3310 2177 τῇ
3340 2106 3434 2159 τοῦ
3470 2109 3769 2178 ἀγεννήτου

2184 2198 2334 2264 φωνῇ
2362 2194 2672 2264 νομοθετεῖς
2705 2196 2808 2248 τῶν
2856 2196 3114 2266 ῥημάτων
3143 2196 3441 2267 ὀρθότητας
3466 2237 3480 2260 ,
3510 2198 3571 2251 τὸ
3606 2198 3768 2268 μόνον

2183 2288 2366 2339 ἐκεῖνα
2396 2288 2729 2356 φθέγγεσθαι
2763 2291 2905 2359 άπερ
2933 2289 2999 2341 ἂν
3027 2292 3055 2343 ὁ
3089 2289 3446 2355 θεόπνευστος
3486 2291 3639 2358 λόγος
3664 2292 3765 2359 τῆς

2184 2379 2406 2448 Γραφῆς
2440 2381 2787 2451 ὑφηγήσηται
2812 2399 2825 2446 ;
2869 2382 3240 2447 Ἐξαλειπτέον
3284 2381 3350 2435 ἂν
3382 2382 3467 2453 εἴη
3494 2382 3603 2435 τῶν
3632 2400 3763 2447 συγο

2180 2470 2523 2539 γραμμάτων
2564 2489 2658 2523 σου
2681 2512 2695 2536 ,
2720 2472 2781 2524 τὸ
2816 2473 3107 2542 ἀγέννητον
3132 2473 3301 2544 ὄνομα
3324 2514 3340 2540 ,
3379 2474 3606 2544 μηδενὸς
3652 2474 3766 2526 τῶν

2181 2561 2349 2629 ἁγίων
2370 2564 2466 2633 τὴν
2498 2565 2681 2634 ιρωνὴν
2707 2563 2908 2633 ταύτην
2941 2564 3436 2635 θεσμοθετήσαντος
3459 2582 3471 2595 ·
3505 2564 3644 2618 ἀλλά
3672 2565 3761 2617 διὰ

2178 2652 2269 2705 τὸν
2303 2656 2618 2726 ἐγκείμενον
2644 2655 2718 2726 τῷ
2750 2657 3099 2726 προσρήματι
3128 2657 3299 2727 τούτῳ
3325 2656 3448 2711 νοῦν
3479 2656 3761 2728 παραδέχῃ

2179 2745 2453 2814 τὴνλέξιν.
2488 2747 2594 2799 Καὶ
2629 2749 2787 2817 ἡμεῖς
2828 2748 3089 2809 ὡσαύτως
3137 2748 3225 2801 διά
3276 2748 3376 2817 τὴν
3430 2749 3758 2818 ἐγκειμένην

2180 2835 2402 2901 ἔννοιαν,
2430 2836 2526 2907 τὴν
2555 2839 2737 2908 φωνὴν
2762 2840 2859 2907 τῆς
2889 2840 3128 2901 ἐπινοίας
3159 2839 3592 2910 παρεδεξάμεθα.
3616 2841 3758 2893 05x-

2177 2926 2270 2979 οὖν
2301 2927 2333 2998 ἢ
2360 2928 2429 2980 τά
2453 2925 2545 2980 δύο
2572 2929 2672 2999 τῆς
2723 2930 2970 2999 χρήσεως
2998 2928 3384 3003 ἐξαιρήσομεν,
3417 2931 3450 3001 ἢ
3488 2929 3600 2983 οὔθ’
3636 2931 3755 2983 ἓτε-

2178 3035 2269 3088 ρον
2290 3036 2301 3048 ’
2326 3020 2353 3072 ὅ
2372 3034 2425 3069 τι
2449 3019 2494 3070 δ’
2535 3017 2600 3071 ἂν
2635 3019 2859 3088 γένηται
2908 3020 3111 3072 τούτων
3138 3061 3152 3084 ,
3186 3019 3253 3072 δι’
3282 3021 3559 3090 ἑκατέρων
3596 3021 3755 3090 νική-

2178 3127 2359 3178 σομεν.
2394 3110 2771 3179 Σιωπηθείσης
2829 3110 2928 3180 μὲν
2974 3111 3080 3182 γάρ
3131 3111 3355 3165 καθόλου
3385 3115 3482 3181 τῆς
3526 3114 3755 3179 ἁγεννη-

2178 3201 2296 3264 σίας
2317 3244 2330 3265 ,
2367 3203 2513 3253 πᾶσα
2541 3200 2985 3272 συγκατεσϐέσθη
3015 3201 3122 3254 τῶν
3144 3203 3398 3256 ἐναντίων
3429 3203 3461 3272 ή
3491 3203 3631 3255 κατὰ
3655 3204 3755 3272 τῆς

2174 3293 2428 3365 ἀληθείας
2449 3293 2619 3365 φωνὴ,
2650 3294 2742 3347 καὶ
2763 3293 3045 3367 πρέπουσα
3067 3296 3145 3365 τῷ
3170 3297 3463 3363 Μονογενεί
3482 3296 3598 3367 Θεῷ
3614 3297 3741 3363 δόξα

2173 3384 2321 3456 παρά
2356 3385 2577 3438 πάντων
2603 3386 2872 3457 ὲκλάμψει
2892 3427 2908 3452 ,
2937 3386 3163 3457 μηδενὸς
3192 3386 3343 3450 ὄντος
3372 3388 3631 3457 ὀνόματος
3656 3388 3753 3441 τοῦ

2174 3476 2235 3541 ἐξ
2263 3478 2701 3549 ἀντιδιαιρέσεως
2726 3479 2787 3532 τὸ
2822 3480 3107 3550 μεγαλεῖον
3135 3479 3227 3533 τοῦ
3248 3479 3453 3551 Κυρίου
3479 3498 3752 3550 κατασμι-

2173 3567 2485 3640 κρύνοντος.
2522 3570 2583 3622 Εἰ
2607 3570 2663 3622 δὲ
2696 3570 2845 3639 μένοι
2880 3570 3183 3641 ἀμφότερα,
3213 3574 3307 3625 καὶ
3329 3571 3499 3635 οὕτως
3527 3574 3750 3643 ἐπικραη

2170 3663 2321 3732 τήσει
2356 3661 2477 3732 μεθ’
2508 3662 2664 3732 ἡμῶν
2693 3664 2726 3733 ἡ
2764 3660 3026 3732 ἀληθεία,
3062 3664 3140 3726 εἰς
3166 3662 3263 3731 τὴν
3288 3664 3529 3716 ἐπίνοιαν
3556 3666 3618 3716 ἐκ
3650 3666 3753 3733 τῆς

2168 3754 2355 3816 οὐσίας
2414 3752 2800 3823 μετατεθέντος
2846 3753 2939 3805 τοῦ
2970 3754 3067 3825 τῆς
3099 3754 3424 3825 ἀγεννησίας
3464 3756 3748 3825 ὀνόματος.

2181 3844 2318 3897 Ἀλλ’
2365 3845 2469 3907 ἕως
2516 3845 2615 3897 οὐκ
2655 3843 2861 3915 ἐξαιρεῖ
2910 3844 3018 3898 τῶν
3084 3844 3227 3898 ίδίων
3272 3845 3448 3913 λόγων
3493 3846 3590 3919 τὴν
3650 3848 3747 3900 τοῦ

2167 3937 2460 4005 ἀγεννήτου
2516 3936 2730 4006 φωνὴν,
2787 3936 3161 4007 νουθετησάτω
3208 3937 3399 3991 ἑαυτὸν
3446 3939 3566 3991 καθ’
3597 3941 3750 4009 ἡμᾶς

2163 4028 2453 4096 Φαρισαῖος
2473 4067 2485 4088 ,
2514 4026 2587 4097 μὴ
2617 4027 2879 4096 πρότερον
2901 4027 3037 4099 πρὸς
3066 4024 3126 4079 τὸ
3152 4028 3415 4099 ἡμέτερον
3441 4029 3751 4084 διαϐλέπειν

2164 4120 2407 4188 κάρφος,
2460 4121 2595 4187 πρὸς
2628 4119 2725 4187 τὴν
2768 4118 3094 4188 ἐγκειμένην
3131 4118 3280 4189 αὐτῷ
3330 4120 3484 4173 δοκὸν
3539 4122 3747 4174 ἀποϐα-

2164 4209 2273 4262 λεῖν
2324 4210 2432 4262 τῶν
2488 4209 2772 4279 ὀμμάτων.
2818 4208 2955 4261 Ἀλλ’
3001 4211 3029 4261 ὁ
3062 4209 3233 4274 Θεὸς,
3291 4211 3459 4282 φησι,
3491 4214 3582 4266 καὶ
3632 4217 3747 4277 τοῖς

2162 4300 2570 4363 ἀσθενεστάτοις
2622 4300 2727 4353 τῶν
2762 4300 2888 4371 περὶ
2932 4300 3032 4369 γῆν
3064 4303 3405 4371 τιμιωτάτων
3442 4305 3743 4373 μεταδεδω-

2162 4411 2256 4446 κεν
2285 4393 2566 4462 ὀνομάτων
2586 4432 2599 4455 ,
2635 4391 2708 4462 μὴ
2745 4392 3122 4462 συμμεταδοὺς
3154 4396 3252 4464 τῆς
3280 4394 3387 4447 τῶν
3415 4395 3744 4465 ἀξιωμάτων

2163 4484 2498 4555 ἰσομοιρίας,
2552 4483 2644 4534 καὶ
2691 4485 2803 4545 τοῖς
2859 4483 3245 4552 κυριωτάτοις,
3288 4484 3396 4537 τῶν
3424 4486 3745 4540 εὐτελεστά-

468 4574 780 4632 nominibus
802 4578 1017 4631 coillata
1042 4582 1279 4635 naturali
1314 4582 1539 4639 vilitate.
1574 4584 1698 4639 llam
1728 4587 1791 4639 ad
1823 4590 2047 4641 verbum

2174 4592 2297 4640 των,
2331 4573 2405 4645 μὴ
2442 4574 2860 4643 συμφερομένης
2889 4574 2991 4626 ὑπὸ
3018 4574 3125 4627 τῶν
3170 4577 3449 4645 ὀνομάτων
3485 4578 3584 4647 τῆς
3636 4595 3741 4646 φυ-

466 4666 609 4719 diela
655 4675 804 4730 sunt,
838 4669 981 4723 sicut
1032 4671 1100 4725 ab
1150 4672 1303 4740 ipsis,
1354 4673 1435 4727 sic
1483 4690 1511 4726 a
1562 4677 1720 4731 nobis
1769 4676 2047 4748 descripta

466 4764 612 4809 sunt.
645 4755 700 4810 Si
734 4758 971 4828 aliquam
1004 4760 1057 4812 in
1117 4762 1388 4829 profundo
1420 4765 1729 4819 abstrusam
1774 4766 1933 4821 habet
1968 4770 2054 4822 in-

466 4849 820 4917 telligentiam
857 4866 979 4919 qua:
1009 4866 1110 4906 nos
1138 4852 1327 4922 fugiat,
1358 4855 1545 4909 dicant
1565 4858 1653 4925 qui
1690 4860 2051 4927 compreheno

464 4939 663 4992 derunt
687 4956 746 4994 ea
779 4956 897 5010 qua:
943 4942 1159 5012 longius
1208 4945 1409 4998 absunt
1445 4962 1473 4998 a
1511 4957 1701 5002 nostro
1730 4960 2048 5018 conspectu,

461 5032 553 5099 qui
585 5032 781 5085 initiati
811 5042 940 5087 sunt
970 5044 1023 5088 et
1050 5036 1227 5089 edocti
1280 5038 1529 5091 intimam
1568 5040 1749 5104 istam,
1773 5052 1826 5094 et
1858 5042 2049 5097 inetia-

464 5123 624 5177 hllem
659 5125 1040 5180 initiationem.
1087 5128 1240 5192 Quod
1275 5130 1320 5184 si
1372 5130 1505 5184 nihil
1542 5132 1775 5201 amplius
1818 5135 1901 5189 his
1928 5151 2049 5205 qua:

464 5217 514 5268 in
545 5224 797 5285 promptu
849 5218 1227 5288 intelliguntur
1267 5221 1723 5291 interpretantur,
1758 5225 1901 5280 haud
1932 5228 2048 5281 scio

461 5312 614 5358 utros
663 5306 851 5361 alteris
904 5308 1331 5366 miserabiliores
1383 5316 1781 5381 reputaverint,
1834 5333 1905 5371 an
1948 5333 2044 5373 eos

460 5396 549 5463 qui
577 5396 703 5449 talia
728 5395 940 5459 dicunt,
980 5414 1048 5452 an
1093 5416 1186 5455 eos
1216 5402 1311 5470 qui
1346 5418 1508 5459 aures
1539 5406 1741 5461 talibus
1776 5409 2038 5477 prazbcnt.

462 5486 875 5551 lulirmissimis,
912 5490 1008 5552 ait,
1039 5495 1382 5548 terrestrium
1422 5497 1817 5565 pretiosissima
1847 5500 2041 5556 tribuit

462 5580 705 5644 nomina,
761 5596 869 5635 non
921 5582 1081 5636 simul
1138 5585 1464 5655 dignitatum
1512 5591 1878 5661 tequalitatctn
1929 5594 2039 5650 lar-

459 5670 623 5740 gitus.

522 5875 567 5907 ⁸³
606 5874 789 5928 Matth.
828 5894 922 5942 vti,
959 5878 1007 5935 5.
1042 5895 1157 5949 sqq.

2158 4669 2313 4737 σικῆς
2368 4665 2657 4727 εὐτελείας.
2719 4666 2904 4717 Ταῦτα
2954 4669 3072 4718 κατ’
3132 4668 3301 4738 αὐτὴν
3357 4668 3572 4740 είρηται
3639 4670 3740 4741 τὴν

2156 4757 2321 4821 λέξιν,
2342 4756 2485 4810 οὕτω
2514 4759 2639 4827 παρ’
2661 4757 2840 4810 αὐτῶν
2869 4759 2943 4820 ὡς
2969 4761 3094 4827 παρ’
3120 4758 3276 4829 ἡμῶν
3301 4759 3734 4832 ἀναγέγραπται·

2157 4847 2221 4900 Εἰ
2261 4848 2359 4918 μέν
2386 4866 2507 4902 τινα
2543 4850 2681 4901 κατά
2715 4848 2775 4901 τὸ
2807 4850 2967 4918 βάθος
2994 4853 3448 4923 ὲγκεκρυμμένην
3475 4854 3587 4924 ἔχει
3623 4855 3739 4909 διά-

2155 4958 2305 4993 νοιαν
2339 4940 2437 5011 τὴν
2462 4942 2609 5011 ἡμᾶς
2640 4940 3035 5009 διαφεύγουσαν
3056 4983 3069 5004 ,
3113 4943 3422 5010 λεγέτωσαν
3454 4947 3503 4998 oi
3553 4964 3740 5000 κατει-

2157 5034 2391 5105 ληφότες
2439 5035 2505 5087 τὰ
2536 5034 2724 5105 πόρῤω
2762 5035 2862 5104 τῆς
2909 5037 3176 5107 ἡμετέρας
3217 5037 3494 5106 ἐπόψεως»
3538 5040 3587 5091 οι
3639 5057 3736 5108 με“

2160 5128 2427 5198 μυημένοι
2465 5128 2591 5198 παρ’
2619 5126 2783 5179 αὐτοῦ
2814 5128 2911 5197 τὴν
2950 5130 3281 5199 ἐσωτερικήν
3317 5146 3375 5181 τε
3423 5130 3516 5183 καὶ
3558 5131 3735 5203 ἀπόρ-

2157 5224 2319 5291 ρητον
2344 5220 2562 5291 μύησιν.
2580 5220 2641 5272 Εἰ
2670 5219 2725 5272 δὲ
2746 5220 2908 5272 πλέον
2934 5221 3086 5273 οὐδὲν
3106 5221 3212 5273 τῶν
3233 5224 3296 5275 ἐκ
3317 5222 3407 5276 τοῦ
3440 5225 3733 5293 προχείρου

2153 5309 2459 5381 νοουμένων
2488 5310 2954 5380 διερμηνεύουσιν,
2983 5311 3082 5363 οὐκ
3116 5307 3232 5364 οἶδα
3265 5312 3523 5382 ποτέρους
3553 5314 3618 5366 ἄν
3650 5330 3735 5376 τις

2153 5401 2547 5474 ἐλεεινοτέρους
2574 5401 2680 5453 τῶν
2717 5400 2918 5471 ἐτέρων
2942 5402 3244 5469 λογίσαιτο,
3290 5404 3414 5467 τοὺς
3459 5404 3529 5456 τά
3552 5404 3735 5457 τοιαῦθ

2146 5512 2212 5546 τα
2240 5493 2527 5561 λέγοντας,
2574 5492 2762 5561 ἥτοὺς
2802 5491 2898 5555 τὰς
2941 5494 3110 5557 ἀκοὰς
3155 5497 3266 5559 τοῖς
3313 5495 3569 5559 τοιούτοις
3599 5496 3730 5548 ὑπέ-

2145 5602 2357 5657 χοντας.
2400 5586 2525 5647 Τοῖς
2573 5583 3021 5647 ἀσθενεστάτοις,
3074 5587 3239 5656 φησὶ,
3282 5588 3389 5640 τῶν
3439 5586 3569 5655 περὶ
3599 5585 3730 5654 γῆν,

2146 5680 2251 5732 τῶν
2276 5678 2619 5749 τιμιωτάτων
2662 5677 3031 5747 μεταδέδωκεν
3068 5680 3377 5749 ὀνομάτων,
3431 5680 3511 5752 μὴ
3556 5696 3727 5750 μετα·-

2146 5770 2265 5831 δοϋς
2298 5774 2393 5840 τῆς
2429 5770 2535 5823 τῶν
2572 5770 2898 5841 ἀξιωμάτων
2934 5772 3260 5843 ἰσομοιρίας.
