4146 6386
530 443 671 500 1019

1789 438 1845 492 S.
1886 433 2215 491 GREGURII
2249 434 2547 490 NYSSENI

3651 430 3667 485 ί
3684 429 3793 485 020

532 579 561 617 a
603 562 713 616 Deo
757 559 1078 630 iudicantur
1107 568 1160 614 et
1208 558 1490 623 dicuntur,
1553 572 1662 610 non
1718 563 1777 609 ut
1824 553 2107 608 contrario

2215 552 2361 624 παρά
2392 554 2491 623 τῆς
2515 551 2662 615 θείας
2693 551 2875 621 φωνῆς
2906 548 3279 620 ἐτιμήθησαν;
3308 549 3425 600 Οὐκ
3452 546 3567 599 ἔστι
3595 546 3787 615 ταῦταζ

534 653 694 707 modo
719 668 778 708 se
802 653 1005 706 habent
1029 652 1343 713 nominata,
1366 652 1460 705 sed
1488 660 1545 703 ut
1566 663 1686 717 qua:
1727 648 2108 717 signiﬁcantur

532 743 823 797 manifesta
858 744 1011 806 ﬁant,
1054 743 1289 813 propriis
1336 740 1439 794 sibi
1476 748 1530 793 et
1556 738 1987 807 congruentibus
2015 752 2109 804 ap-

534 835 921 903 pellationibus
950 836 1329 889 enuntiantur.

606 1100 708 1155 Iste
722 1117 850 1155 vero
867 1102 957 1170 qui
988 1110 1166 1155 mente
1186 1101 1341 1154 ﬁrma
1361 1100 1618 1170 praeditus
1639 1108 1743 1166 est,
1769 1100 1861 1169 qui
1895 1100 2111 1153 usitatae

535 1195 951 1249 consuetudinis
979 1204 1382 1257 accusatorest,
1402 1195 1494 1266 qui
1519 1196 1571 1249 in
1588 1194 1797 1263 judicio
1815 1195 2113 1248 ratiocina-

534 1289 683 1342 tione
714 1289 976 1358 spoliatos
1021 1289 1377 1350 convitiatur,
1423 1289 1539 1343 haec
1573 1288 1640 1343 de
1672 1288 1858 1342 divina
1911 1295 2109 1341 natura

535 1395 868 1450 cognoscere
894 1380 1169 1450 supponit,
1196 1380 1292 1435 has
1312 1380 1380 1434 de
1411 1378 1520 1435 Deo
1540 1380 1830 1450 Opiniones
1863 1383 2109 1450 exponit,

537 1473 695 1540 quasi
728 1488 817 1527 res
847 1474 993 1542 ipsas
1020 1472 1456 1527 falsinominihus
1506 1473 1729 1527 vocibus
1759 1472 2025 1536 derideat,
2057 1484 2111 1528 et

538 1562 930 1617 inﬁrmissimis
984 1563 1493 1617 honorabilissimas
1559 1564 1952 1632 appellationes
2002 1565 2110 1617 lar-

536 1655 740 1723 giatur,
773 1664 826 1708 et
855 1653 1196 1708 honorabilia
1227 1654 1430 1724 probro
1464 1654 1660 1708 alliciat
1704 1671 1884 1709 rerum
1920 1657 2105 1709 vilium

538 1746 759 1800 nomina
808 1747 941 1815 ipsis
972 1748 1412 1803 communicans.
1466 1745 1609 1802 Fieri
1660 1748 1878 1817 quidem
1934 1756 2112 1819 potest

537 1845 599 1891 ut
627 1837 812 1900 homo,
860 1839 1075 1891 etiamsi
1114 1837 1277 1892 fuerit
1306 1855 1370 1893 ex
1406 1853 1596 1893 eorum
1627 1856 1858 1895 numero
1904 1841 1998 1909 qui
2054 1842 2105 1894 in

537 1934 821 1987 veritatem
874 1933 1175 1995 intuentur,
1228 1939 1382 1987 extra
1444 1933 1729 1986 veritatem
1782 1934 2109 2002 plerumque

538 2027 807 2081 abductus
837 2041 946 2095 prae
983 2025 1190 2094 pudore
1229 2025 1608 2080 absorbeatur.
1640 2025 1706 2078 At.
1726 2026 1827 2079 iste
1876 2024 1985 2078 Deo
2015 2025 2112 2080 de-

536 2132 725 2171 eorum
761 2117 1022 2171 honorem
1050 2116 1327 2170 existimat
1347 2115 1517 2170 videri
1546 2131 1631 2171 res
1653 2115 2110 2185 appellationibus

539 2210 692 2265 falsis
727 2208 999 2265 ementiri.
1048 2207 1165 2262 Non
1216 2208 1332 2261 haee
1380 2208 1831 2261 divinrednatura:
1886 2208 2109 2260 oracula

539 2300 805 2352 tribuunt.
830 2296 1175 2367 Longanimis
1203 2306 1250 2349 et
1279 2296 1503 2349 multum
1533 2297 1832 2349 misericors
1856 2307 1904 2349 et
1960 2314 2111 2350 verus

541 2391 704 2455 Deus,
736 2392 811 2444 ait
837 2389 1005 2444 David
1036 2390 1079 2421 ⁸⁷
1111 2408 1124 2442 :
1157 2390 1433 2460 quomodo
1464 2390 1629 2458 igitur
1661 2406 1845 2450 verus,
1879 2392 1971 2459 qui
2022 2408 2111 2447 res

537 2482 853 2544 ementitur,
892 2484 1095 2550 quique
1137 2480 1419 2535 nominum
1475 2479 1970 2549 signiﬁcationibus
2008 2481 2112 2533 ini-

540 2582 713 2629 mutat
745 2573 1065 2629 veritatem?
1095 2572 1300 2626 lleetus
1335 2572 1599 2627 Dominus
1639 2570 1783 2626 Deus
1818 2573 1887 2625 ab
1920 2573 2110 2627 eodem

543 2682 740 2723 rursus
778 2666 1085 2735 appellatur
1111 2666 1175 2717 ⁵⁸.
1209 2663 1403 2719 Utrum
1464 2664 1630 2733 igitur
1650 2664 1996 2719 rectitudinis
2032 2676 2115 2721 est

542 2757 1039 2813 honorabilissimis
1089 2757 1402 2810 nominibus
1477 2756 1771 2809 honestare
1826 2755 2110 2823 ignobilia,

539 2853 847 2919 exilemque
878 2850 1307 2904 nominationem
1363 2847 1607 2903 tribuere
1655 2858 1709 2902 et
1755 2856 2112 2917 apparentem

540 2945 597 2997 in
631 2943 798 2997 verbo
831 2941 1145 3011 dignitatem
1198 2939 1443 2993 invidere
1480 2940 1529 2994 ei
1564 2938 1657 3008 qui
1693 2940 2111 3008 appellationem

541 3033 793 3103 accepit?
826 3030 941 3087 Hoc
983 3032 1356 3101 theologorum
1413 3034 1644 3086 istorum
1676 3031 1746 3086 de
1794 3047 1935 3085 novo
2002 3030 2113 3084 Deo

541 3124 957 3188 testimonium;
1012 3124 1102 3177 hic
1158 3124 1487 3193 pervulgata:
1521 3122 1826 3178 dialectica:
1877 3124 2115 3177 solertiae

2211 644 2324 696 ἀλλ’
2363 648 2440 708 ὡς
2481 644 2592 714 ἔχει
2634 644 2794 713 φύσις
2820 662 2879 697 τε
2926 644 3019 695 καὶ
3051 641 3277 712 ἀλήθεια
3302 682 3317 706 ,
3360 638 3501 692 οῦτω
3545 638 3613 692 τά
3661 638 3794 691 ὄντα

2210 738 2362 807 παρὰ
2387 737 2480 790 τοῦ
2505 736 2639 789 Θεοῦ
2664 735 2911 806 κρίνεται
2934 752 2991 787 τε
3029 734 3122 786 καὶ
3149 732 3382 798 λέγεται,
3402 730 3502 782 οὐκ
3533 729 3793 785 ἐναντίως

2209 834 2319 892 τοῖς
2350 826 2498 883 οὖσιν
2528 827 2928 898 ὀνομαζόμενα,
2974 824 3087 878 ἀλλ’
3120 823 3194 886 ὡς
3238 821 3303 875 ἂν
3339 820 3573 891 μάλιστα
3622 834 3792 871 κατα·

2210 923 2355 992 φανῆ
2396 921 2608 991 γένοιτο
2653 919 2722 972 τά
2772 918 3143 988 σημαινόμενα
3189 918 3309 978 ταῖς
3348 914 3576 975 οἰκείαις
3617 926 3792 980 προσ-

2210 1012 2460 1082 ηγορίαις
2490 1009 2942 1080 ἐξαγγελλόμενα.

2280 1104 2467 1159 Ταῦτα
2494 1105 2521 1156 ὀ
2558 1102 2819 1173 εὐσθενὴς
2846 1101 2944 1171 τὴν
2978 1099 3236 1162 διάνοιαν,
3268 1098 3295 1150 6
3329 1096 3427 1165 τῆς
3457 1094 3792 1166 πεφωρημέ-

2210 1216 2306 1267 νης
2346 1195 2632 1267 συνηθείας
2680 1195 3005 1264 κατήγορος,
3038 1194 3066 1244 6
3104 1191 3229 1253 τοὺς
3262 1188 3687 1259 παρῃρημένους
3732 1187 3790 1237 ἐν

2210 1290 2331 1359 δίκῃ
2361 1289 2453 1342 τὸν
2494 1286 2751 1356 λογισμὸν
2783 1284 3075 1355 διασύρων,
3122 1280 3292 1335 ταῦτα
3330 1280 3617 1349 γινώσκειν
3660 1280 3791 1349 περὶ

2211 1382 2308 1452 τῆς
2342 1381 2491 1443 θείας
2519 1377 2831 1432 ὑποτίθεται
2866 1375 3099 1445 φύσεως,
3125 1372 3328 1435 ταύτας
3362 1370 3489 1441 περὶ
3530 1370 3664 1424 Θεοῦ
3692 1371 3792 1431 τὰς

2210 1474 2367 1540 δόξας
2394 1472 2686 1535 ἐκτίθεται,
2720 1468 2795 1531 ὡς
2837 1464 3369 1537 κατειρωνευομένου
3403 1463 3511 1515 τῶν
3541 1462 3792 1532 πραγμά-

2210 1585 2318 1621 των
2338 1569 2458 1628 ταῖς
2478 1562 2851 1635 ψευδωνύμως
2880 1561 3104 1628 φωναῖς,
3127 1558 3220 1611 καὶ⁵
3246 1558 3357 1618 τοῖς
3379 1554 3793 1615 ἀσθενεστάτοις

2209 1661 2309 1722 τὰς
2357 1658 2691 1729 τιμιωτάτας
2743 1652 3102 1725 χαριζομένου
3149 1646 3536 1718 προσηγορίας,
3580 1647 3671 1699 καὶ
3724 1647 3795 1698 τά

2209 1752 2365 1822 τίμια
2410 1747 2831 1819 καθυϐρίζοντες
2867 1747 2934 1815 τῇ
2985 1743 3121 1813 πρὸς
3163 1740 3231 1793 τά
3264 1740 3444 1809 φαῦλα
3484 1738 3592 1791 τῶν
3624 1737 3792 1790 ὀντων

2212 1838 2519 1912 ὁμωνυμία.
2555 1838 2663 1890 Καὶ
2701 1837 2986 1907 ἄνθρωπος
3024 1833 3123 1903 μέν
3155 1850 3237 1896 τις
3272 1831 3381 1883 τῶν
3428 1829 3563 1899 πρὸς
3590 1827 3791 1898 ἀρετὴν

2215 1933 2519 2005 βλεπόντων
2547 1930 2651 1994 ἔξω
2687 1929 2789 1999 τῆς
2821 1927 3077 1997 ἀληθείας
3099 1927 3194 1979 καὶ
3228 1923 3500 1986 ἀκουσίως
3532 1922 3793 1984 πολλάκις

2214 2024 2588 2096 παρενεχθεὶς,
2624 2022 2713 2075 ὐπ’
2754 2021 2936 2084 αἰδοῦς
2959 2019 3309 2073 καταδύεται.
3333 2016 3452 2087 Θεῷ
3476 2016 3532 2068 δὲ
3560 2016 3795 2087 πρέπουο

2214 2137 2314 2171 σαν
2347 2119 2563 2188 ἡγεῖται
2608 2115 2775 2186 τιμὴν
2818 2114 2880 2166 τὸ
2921 2113 3157 2182 φανῆναι
3208 2109 3621 2179 διαψευδόμενον
3670 2109 3793 2168 ταῖς

2213 2208 2548 2279 ἐπωνυμίαις
2570 2207 2636 2260 τὰ
2666 2207 2986 2278 πράγματα.
3020 2205 3095 2256 Οὐ
3123 2202 3296 2257 ταῦτα
3341 2200 3704 2273 μαρτυροῦσιν
3735 2201 3793 2251 αἱ

2214 2303 2542 2371 προφητεῖαι
2568 2303 2635 2371 τῇ
2676 2298 2793 2369 θείᾳ
2819 2296 2998 2366 φύσει.
3036 2298 3422 2363 Μακρόθυμος
3453 2292 3552 2345 καὶ
3583 2290 3796 2344 πολυέ-

2172 2418 2175 2419 ν
2212 2399 2353 2459 λεος
2395 2394 2491 2447 καὶ
2526 2393 2818 2461 ἀληθινὸς
2852 2390 3017 2455 Θεὸς,
3050 2390 3213 2462 φησιν
3252 2389 3281 2440 6
3313 2387 3494 2442 Δαϐίδ.
3539 2386 3664 2450 Πῶς
3700 2380 3795 2437 οῦν

2213 2485 2463 2557 ἀληθινὸς
2515 2487 2544 2539 ὀ
2602 2485 2711 2538 τῶν
2760 2483 3101 2554 πραγμάτων
3155 2480 3641 2551 καταψευδόμενος,
3698 2479 3795 2532 καὶ

2213 2578 2566 2633 ἐπαλλάσσων
2625 2580 2681 2629 ἐν
2730 2579 2849 2638 ταῖς
2898 2576 3006 2628 τῶν
3059 2576 3339 2645 ὀνομάτων
3382 2575 3652 2645 ἐμφάσεσι
3690 2574 3792 2643 τὴν

2214 2668 2505 2738 ἀλήθειαν;
2541 2666 2714 2731 Εὐθὺς
2748 2666 2951 2735 Κύριος
2980 2668 3007 2719 6
3035 2665 3165 2727 Θεὸς
3199 2664 3349 2736 παρά
3374 2664 3468 2717 τοῦ
3500 2664 3666 2718 αὐτοῦ
3689 2664 3796 2716 πά-

2214 2759 2297 2811 λιν
2328 2759 2813 2830 προσαγορεύεται*
2841 2755 2928 2829 ἆρ’
2946 2753 3038 2810 οὖν
3061 2757 3353 2827 εὐθύτητός
3382 2758 3496 2810 ἐστι
3522 2757 3582 2810 τὸ
3603 2758 3799 2826 σεμνύ-

2215 2868 2325 2905 νειν
2354 2853 2468 2913 τοῖς
2506 2851 2851 2918 τιμιωτάτοις
2897 2849 3004 2901 τῶν
3056 2848 3334 2917 ὀνομάτων
3370 2849 3438 2901 τά
3472 2848 3663 2919 ἄτιμα,
3696 2850 3796 2900 καὶ

2215 2942 2313 3012 τὴν
2342 2941 2655 3011 ἐπωνυμίαν
2680 2940 2887 2993 διδόντα
2908 2940 3067 3010 ψιλὴν
3090 2941 3186 3010 τῆς
3211 2940 3614 3010 ἐμφαινομένης
3636 2940 3797 3004 ἀξίας

2214 3032 2291 3101 τῷ
2322 3033 2524 3103 ῥήματι
2558 3031 2871 3101 βασκαίνειν
2897 3031 2976 3101 τῷ
3009 3031 3355 3102 μετειληφότι
3395 3031 3496 3101 τῆς
3528 3031 3797 3103 κλήσεως;

2216 3123 2365 3194 Αῦτη
2408 3122 2517 3177 τῶν
2555 3122 2820 3191 θεολόγων
2864 3121 3072 3174 τούτων
3119 3122 3153 3192 ἡ
3188 3123 3316 3192 περὶ
3360 3120 3455 3174 τοῦ
3504 3122 3625 3175 νέου
3658 3122 3796 3175 Θεοῦ

541 3215 832 3281 terminus,
891 3215 1270 3269 demonstrare
1304 3214 1472 3268 Deum
1526 3214 1769 3283 ipsorum
1830 3213 2112 3267 fraudibus

2222 3217 2531 3288 μαρτυρία’
2589 3215 2747 3269 τοῦτο
2805 3217 2902 3286 τῆς
2960 3215 3393 3287 πολυθρυλλήτου
3448 3215 3796 3286 διαλεκτικῆς

540 3306 822 3371 delectari,
859 3321 959 3360 nec
1017 3306 1231 3359 invidia:
1262 3306 1397 3359 vitio
1427 3322 1623 3375 purum
1677 3322 1820 3360 esse.
1883 3306 2115 3359 Fraudis

543 3399 715 3462 enim,
752 3412 859 3450 non
888 3408 946 3451 ut
979 3413 1037 3451 se
1069 3398 1231 3451 habet
1267 3406 1465 3451 natura
1493 3405 1547 3451 et
1568 3397 1808 3466 dignitas
1843 3414 1927 3452 res
1961 3400 2113 3451 intir—

547 3502 666 3542 mas
713 3488 1031 3548 nominare,
1065 3486 1159 3540 sed
1208 3502 1271 3541 ex
1309 3488 1742 3556 priecellentibus
1802 3489 2118 3559 dosumptas

547 3578 937 3647 appellationes
966 3578 1100 3647 ipsis
1140 3577 1339 3633 frustra
1373 3578 1557 3649 largiri
1585 3619 1601 3643 ,
1635 3596 1742 3633 non
1775 3595 1899 3634 cum
1929 3582 2118 3651 appel-

543 3669 747 3722 latione
798 3684 981 3723 rerum
1032 3684 1153 3737 qua:
1209 3669 1564 3722 nominantur
1618 3670 1818 3723 virtute
1869 3671 2114 3725 collata:

545 3754 760 3815 Invidiae
794 3771 999 3824 autem,
1033 3771 1090 3814 ut
1143 3765 1234 3832 qui
1283 3762 1454 3830 possit
1489 3762 1865 3817 honorabilius
1920 3780 2117 3818 nomen

543 3851 730 3916 rebus,
762 3852 1060 3906 secundum
1083 3851 1133 3906 id
1159 3855 1301 3920 quod
1333 3854 1773 3921 praestantiusest
1796 3855 2113 3919 nominatis,

544 3943 861 4013 gratiﬁcari,
907 3943 1085 4013 ipsum
1118 3946 1346 4013 gratiam
1376 3944 1506 3999 dare
1544 3946 1745 4016 pigeat.
1777 3962 1841 4001 ac
1890 3949 1936 4002 si
1991 3964 2119 4017 pro—

549 4035 726 4104 prium
758 4035 1017 4089 damnum
1057 4034 1331 4103 judicaret
1362 4037 1724 4091 inlirmiOrum
1776 4038 2113 4093 felicitatem.

548 4124 650 4180 Sed
680 4140 779 4196 ego
828 4126 1187 4195 prudentibus
1218 4129 1609 4187 consuluerim.
1636 4133 1854 4187 tametsi
1922 4134 2116 4188 horum

546 4214 916 4285 gnosticorum
977 4215 1123 4269 Deus
1169 4215 1294 4270 talis
1353 4233 1474 4271 esse
1530 4219 1804 4273 rationum
1859 4223 2116 4279 violentia

545 4306 781 4373 cogitur,
836 4320 943 4358 non
985 4305 1065 4359 sic
1098 4320 1283 4359 verum
1327 4305 1492 4360 Deum
1550 4308 1896 4380 Unigenitum
1952 4314 2117 4369 Deum

544 4405 760 4462 putare,
796 4395 892 4452 sed
935 4397 1115 4463 ipsum
1148 4400 1214 4451 ad
1265 4400 1637 4467 subjertornm
1675 4405 1956 4460 veritatem
1993 4424 2117 4462 cer-

544 4502 697 4551 nere,
726 4499 779 4541 et
810 4489 1007 4559 cuique
1038 4506 1134 4558 pro
1164 4493 1357 4546 merito
1381 4494 1646 4559 tribuere,
1678 4507 1840 4566 atque
1861 4516 1924 4553 ex
1953 4503 2118 4558 rebus

2219 3308 2495 3379 ἀγχινοίας
2536 3307 2596 3361 τὸ
2625 3309 2816 3378 πέρας,
2866 3308 2927 3360 τὸ
2963 3308 3133 3374 δεῖξαι
3166 3308 3258 3360 τὸν
3307 3307 3438 3361 Θεὸν
3487 3307 3665 3361 αὐτῶν
3698 3309 3796 3360 καὶ

2217 3404 2335 3462 ταῖς
2364 3400 2600 3462 ἀπάταις
2630 3399 3115 3470 περιτερπόμενον,
3150 3401 3243 3453 καὶ
3262 3400 3356 3452 τοῦ
3389 3401 3529 3453 κατὰ
3559 3400 3648 3454 τὸν
3671 3400 3798 3469 φθό-

2219 3509 2307 3545 νον
2336 3493 2540 3554 πάθους
2585 3492 2645 3544 οὐ
2696 3491 3090 3561 καθαρεύοντα.
3132 3492 3371 3562 Ἀπάτης
3411 3492 3508 3563 μὲν
3535 3493 3643 3564 γάρ
3678 3494 3797 3553 ἐστι

2220 3584 2278 3638 τὸ
2313 3584 2387 3656 μὴ
2416 3584 2492 3648 ὡς
2526 3583 2637 3655 ἔχει
2677 3583 2892 3654 φύσεώς
2923 3602 2981 3637 τε
3027 3586 3121 3637 καὶ
3153 3584 3308 3649 ἀξίας
3350 3584 3418 3638 τά
3445 3584 3645 3654 ἀσθενῆ
3686 3585 3797 3637 τῶν

2225 3676 2562 3746 πραγμάτων
2606 3677 3015 3747 κατονομάζειν,
3046 3678 3159 3731 ἀλλ’
3186 3680 3250 3731 ἐκ
3278 3676 3389 3729 τῶν
3417 3676 3798 3747 ὑπερεχόντων

2230 3770 2318 3830 εάς
2347 3768 2661 3839 ἐπωνυμίας
2699 3770 2882 3833 αὐτοῖς
2934 3769 3110 3841 μάτην
3141 3769 3482 3840 χαρίζεσθαι,
3528 3771 3602 3841 μὴ
3650 3789 3795 3840 συμ-

2242 3859 2577 3913 ιετατιθέντα
2627 3863 2692 3932 τῇ
2743 3861 2929 3933 κλήσει
2965 3862 3071 3914 τῶν
3122 3862 3642 3933 κατονομαζομένων
3694 3863 3797 3932 τὴν

2219 3951 2482 4020 ούναμιν·
2537 3951 2730 4021 φθόνου
2779 3952 2835 4004 δὲ
2888 3953 2948 4005 τὸ
2992 3953 3289 4023 δυνάμενον
3316 3953 3414 4024 τὴν
3463 3955 3795 4025 τιμιωτέραν

2220 4042 2364 4109 λέξιν
2402 4046 2511 4105 τοῖς
2542 4045 2677 4115 πρὸς
2702 4044 2762 4097 τὸ
2798 4047 3042 4116 κρεῖττον
3068 4045 3413 4115 ὀνομασθεῖσι
3448 4048 3793 4117 χαρίζεσθαι,

2221 4144 2398 4196 ὀκνεῖν
2437 4144 2533 4213 τὴν
2575 4143 2755 4213 χάριν,
2781 4145 2945 4196 οἱονεὶ
2986 4144 3189 4213 ζημίαν
3237 4142 3372 4195 ίδίαν
3414 4144 3670 4212 κρίνοντα
3695 4142 3795 4212 τὴν

2220 4238 2328 4291 τῶν
2353 4237 2594 4292 ἀσθενῶν
2622 4236 2948 4306 εὐπραγίαν.
2998 4235 3137 4288 Ἀλλ’
3177 4234 3287 4304 ἐγὼ
3333 4234 3796 4306 συμϐουλεύσαιμ’

2222 4330 2289 4384 ἂν
2320 4334 2433 4392 τοῖς
2461 4346 2525 4396 γε
2548 4328 2670 4381 νοῦν
2695 4328 2897 4399 έχουσι,
2931 4328 3033 4382 κᾶν
3063 4330 3092 4381 ὁ
3122 4329 3231 4382 τῶν
3271 4328 3646 4401 γνωριστικῶν
3672 4329 3797 4381 τού-

2221 4440 2327 4475 των
2349 4423 2482 4487 Θεὸς
2513 4422 2752 4485 τοιοῦτος
2788 4417 2926 4474 εἶναι
2961 4421 3064 4474 ὐπὸ
3092 4422 3190 4492 τῆς
3218 4420 3327 4474 τῶν
3365 4420 3640 4492 λογισμῶν
3674 4422 3798 4491 βίας

2223 4514 2724 4585 καταναγκάζηται,
2753 4514 2827 4585 μὴ
2856 4514 2999 4567 οῦτω
3024 4514 3229 4567 καὶτὸν
3255 4513 3503 4583 ἀληθινὸν
3530 4515 3682 4579 Θεὸν,
3704 4516 3800 4567 τὸν

543 4583 950 4651 cognominare.
1021 4581 1218 4649 Venite,
1251 4585 1446 4654 inquit,
1481 4586 1738 4642 benedicti
1771 4590 1814 4622 ⁵⁹
1843 4609 1856 4645 :
1886 4602 1957 4654 et,
2009 4592 2112 4660 Ite,

2219 4569 2496 4677 Μονογενῆ
2525 4569 2655 4659 Θεὸν
2682 4569 2910 4669 οιέσόαι,
2946 4606 3080 4658 ἀλλά
3105 4606 3241 4675 πρὸς
3267 4569 3365 4676 τὴᾲ
3394 4605 3653 4676 ἀλήθειαν
3670 4569 3801 4659 ’τῶν

548 4675 817 4728 maledicti
849 4677 927 4729 6°:
968 4693 1141 4744 neque
1186 4693 1309 4731 eum
1344 4679 1435 4747 qui
1484 4681 1866 4738 maledictione
1916 4686 2114 4757 dignus

542 4777 648 4831 est,
672 4767 1068 4821 benedictionis
1112 4770 1331 4823 nomine
1370 4771 1669 4838 honoraris,
1703 4791 1880 4846 neque
1920 4790 2110 4835 contra

540 4874 664 4911 eum
695 4860 785 4927 qui
812 4859 1239 4913 benedictionem
1264 4862 1365 4915 sibi
1401 4863 1810 4935 thesaurizavit,
1844 4887 1967 4925 cum
1996 4891 2117 4929 scc-

542 4950 729 5003 leratis
759 4950 1042 5016 abjiciens.

542 5042 789 5109 εὐλογίας
830 5045 1065 5113 τιμήσας
1096 5044 1350 5115 ὀνόματι,
1391 5047 1514 5100 οὔτε

541 5139 1025 5207 ἀποπεμψάμενος.

613 5229 716 5281 Sed
745 5229 874 5298 quid
906 5228 1051 5283 dicta
1070 5230 1319 5300 scriptori
1356 5235 1583 5291 volunt?
1614 5238 1678 5294 Et
1705 5243 1770 5297 ad
1795 5261 1955 5315 quem
1988 5268 2112 5307 sco-

542 5334 669 5390 pum
735 5327 944 5389 spectat
988 5321 1109 5390 ejus
1152 5324 1337 5378 ratio?
1370 5324 1449 5381 Ne
1492 5345 1624 5383 vero
1660 5335 1950 5407 quisquam
2010 5349 2116 5400 hoe

543 5413 873 5482 suspicetur,
936 5416 1083 5484 quod
1140 5420 1428 5475 verborum
1478 5424 1660 5494 inopia
1722 5429 2002 5499 laborans,
2062 5448 2119 5492 ut

539 5522 703 5575 quam
740 5508 973 5562 maxime
1034 5508 1280 5564 videatur
1330 5515 1385 5566 in
1430 5516 1773 5575 latitudinem
1824 5527 2118 5584 extendere

540 5599 867 5661 orationem,
895 5598 945 5651 in
980 5600 1305 5669 quihusdam
1352 5620 1516 5661 sensu
1570 5613 1887 5670 carentibus
1924 5616 2115 5672 debla-

540 5697 722 5743 terans
810 5692 1184 5760 garrulitatem
1227 5697 1489 5753 extendit.
1547 5702 1650 5757 Sed
1694 5707 1857 5759 etiam
1912 5709 2112 5766 aliquid

611 5851 655 5882 "
693 5850 833 5909 Psal.
867 5872 1060 5925 Lxxxv,
1099 5860 1150 5924 ὃ,
1186 5860 1281 5927 l5;
1306 5878 1485 5931 chiv,
1516 5864 1568 5921 8.
1645 5869 1690 5901 ⁸⁸
1730 5869 1873 5925 Psal.
1911 5888 2018 5940 κει,
2053 5875 2137 5929 16.

2220 4700 2595 4771 ὑποκειμένων
2621 4700 2773 4770 ὀρᾷν,
2803 4700 2898 4752 καὶ
2926 4700 2989 4751 τὸ
3030 4700 3150 4752 κατ’
3194 4698 3351 4765 ἀξίαν
3384 4700 3598 4768 ἑκάστῳ
3629 4717 3800 4772 προσ-

2224 4795 2539 4863 μαρτυρεῖν,
2584 4792 2678 4844 καὶ
2736 4791 2801 4843 ἐκ
2841 4789 2950 4843 τῶν
2996 4790 3337 4861 πραγμάτων
3385 4792 3798 4861 κατονομάζειν.

2218 4888 2416 4951 Δεῦτε,
2466 4886 2651 4956 φησὶν,
2681 4888 2735 4939 οἱ
2776 4883 3187 4953 εὐλογημένοι,
3211 4884 3326 4950 καὶ,
3360 4886 3711 4951 Πορεύεσθε,
3745 4889 3801 4938 cl

2220 4974 2614 5043 κατηραμένοι
2647 5014 2661 5037 ,
2716 4971 2838 5025 οὐτε
2888 4972 2980 5025 τὸν
3039 4973 3281 5043 κατάρας
3344 4974 3494 5039 ἄξιον
3560 4974 3639 5044 τῷ
3696 4976 3799 5044 τῆς

1552 5050 1612 5101 τὸ
1658 5050 1892 5123 ἔμπαλιν
1928 5062 2019 5115 τὸν
2053 5066 2150 5138 τὴν
2199 5070 2449 5138 εὐλογίαν
2498 5067 2676 5138 ἐαυτῷ
2709 5066 3116 5137 θησαυρίσαντα
3169 5067 3305 5137 μετά
3342 5068 3450 5120 τῶν
3494 5067 3797 5136 ἐξαγίστων

2298 5260 2458 5314 Ἀλλά
2478 5259 2529 5312 τί
2561 5259 2808 5330 βούλεται
2829 5258 2906 5328 τῷ
2938 5261 3263 5331 λογογράφῳ
3285 5258 3354 5313 τά
3374 5262 3660 5331 είρημένα;
3689 5266 3804 5319 Καὶ

2215 5351 2351 5423 πρὸς
2396 5352 2518 5405 τίνα
2546 5352 2729 5421 βλέπει
2774 5352 2974 5404 σκοπὸν
3002 5354 3030 5404 ὁ
3057 5352 3212 5419 λόγος
3238 5352 3401 5405 αὐτοῦ
3426 5372 3440 5421 ;
3477 5355 3567 5426 Μὴ
3597 5357 3705 5426 γάρ
3735 5358 3803 5429 δὴ

2212 5441 2368 5494 τοῦτό
2390 5459 2475 5504 τις
2513 5442 2830 5506 ὑπονοείτω,
2861 5443 2944 5496 ὅτι
2976 5444 3041 5497 δι’
3065 5445 3298 5515 ἀπορίαν
3334 5447 3596 5517 ῥημάτων
3624 5449 3700 5513 ὼς
3735 5451 3805 5502 ἂν

2217 5534 2452 5605 μάλιστα
2475 5534 2676 5599 δόξειεν
2697 5538 2777 5599 είς
2805 5536 3006 5601 πλάτος
3037 5538 3298 5593 ἐκτείνειν
3327 5542 3419 5595 τὸν
3446 5541 3621 5610 λόγον,
3650 5543 3806 5597 ἀδια-

2222 5623 2431 5693 νοήτοις
2460 5624 2600 5675 τισὶν
2624 5624 3059 5695 ἐμϐατταρίζων,
3088 5628 3188 5699 τὴν
3218 5631 3485 5701 φλυαρίαν
3510 5632 3802 5699 ἐξέτεινεν.

2234 5713 2372 5766 Ἀλλ’
2400 5712 2515 5783 ἕχει
2541 5732 2595 5767 τι
2622 5716 2718 5768 καὶ
2743 5716 2804 5769 τὸ
2834 5717 3058 5787 ἀνόητον
3084 5720 3194 5773 τῶν
3225 5724 3529 5795 εἰρημένων
3560 5725 3637 5790 ὡς
3664 5728 3803 5793 πρὸς

2218 5876 2259 5909 ’⁸³
2292 5875 2480 5932 Matth.
2515 5891 2641 5943 xxv,
2670 5878 2759 5933 55.
2836 5880 2883 5911 ⁶⁹
2913 5880 3045 5935 ibid.
3076 5882 3164 5936 41.
