4146 6386
340 466 469 523 {Otii

1417 464 1693 523 ουΝτιιΑ
1731 461 2131 556 EUNOMIUM,i
2155 464 2282 522 LIB.
2317 463 2437 522 XII.

3467 465 3608 522 1022

338 586 438 655 τὴν
484 584 697 656 αἵρεσιν
746 584 1001 639 ὕποπτον.
1042 582 1114 638 Τὸ
1156 583 1264 657 γὰρ
1297 586 1470 639 εἰπεῖν
1520 586 1589 640 τά
1618 582 1917 655 τιμιώτατα

2026 583 2189 639 habet
2237 585 2380 653 quod
2429 582 2594 640 etiam
2644 583 2923 639 dictorum
2958 589 3252 639 amentiam
3299 580 3510 637 redolet
3550 587 3608 636 et

338 676 447 730 τῶν
491 676 770 747 ὀνομάτων
818 678 909 730 καὶ
948 680 1058 741 τοῖς
1096 678 1506 741 ἀσθενεστάτοις
1550 677 1919 745 ἐπιλέγεσθαι,

341 769 444 823 κᾶν
474 769 547 841 μὴ
582 771 959 843 ἰσομοιροῦντα
990 770 1129 844 τύχῃ
1163 770 1303 825 κατὰ
1327 771 1424 843 τὴν
1454 771 1616 842 φύσιν
1646 769 1741 824 τοῦ
1768 769 1924 836 ἀξιώ-

345 877 533 929 ματος,
563 863 877 933 κατασκευή
905 862 986 926 τίς
1012 863 1163 915 ἐστιν
1188 862 1335 934 αὑτῷ
1360 864 1501 916 κατὰ
1525 863 1585 916 τὸ
1613 863 1835 933 λεληθὸς
1856 866 1921 934 τῇ

343 947 661 1024 βλασφημίᾳ
708 953 807 1025 τὴν
844 955 1161 1009 ἀκολουθίαν
1204 956 1698 1030 ὑπευτρεπίζουσα,
1738 956 1814 1019 ὠς
1859 956 1924 1010 ἂν

340 1042 497 1095 τοῦτο
536 1043 665 1115 παρ’
697 1044 865 1097 αὑτοῦ
910 1046 1131 1117 μάθοιεν
1176 1049 1224 1100 οἱ
1264 1048 1331 1100 τὰ
1377 1048 1585 1102 ἐκείνου
1627 1049 1923 1117 μανθάνον-

344 1148 471 1199 τες,
527 1137 606 1189 ὅτι
658 1137 758 1190 κᾶν
806 1138 937 1201 Θεὸς
985 1141 1013 1192 6
1062 1140 1371 1212 Μονογενὴς
1425 1141 1788 1212 ὀνομάζηται,
1833 1142 1925 1194 καὶ

344 1227 536 1297 σοφία,
590 1229 681 1281 καὶ
731 1229 995 1299 δύναμις,
1049 1233 1141 1284 καὶ
1194 1232 1342 1300 φῶς,
1393 1233 1487 1285 καὶ
1534 1233 1788 1304 ἀλήθεια,
1830 1233 1924 1286 καὶ

344 1320 537 1391 κριτὴς
560 1360 573 1383 ,
614 1321 706 1374 καλ⁸
757 1322 1011 1392 βασιλεὺς
1034 1363 1049 1384 ,
1108 1324 1201 1376 καὶ
1234 1326 1327 1377 ἐπὶ
1361 1324 1580 1377 πάντων
1629 1324 1792 1385 Θεὸς,
1830 1325 1924 1376 καὶ

348 1412 522 1481 μέγας
579 1412 711 1475 Θεὸς
769 1414 863 1467 καὶ
918 1414 1099 1484 ἄρχων
1157 1416 1409 1487 εἰρήνης,
1457 1415 1553 1468 κα)⁸
1590 1415 1777 1487 Πατὴρ
1830 1415 1922 1468 τοῦ

348 1502 630 1572 μέλλοντος
668 1504 884 1569 αἰῶνος,
918 1505 1010 1557 καὶ
1044 1504 1219 1558 πάντα
1246 1506 1314 1559 τὰ
1336 1506 1580 1571 τοιαῦτα,
1620 1508 1779 1578 μέχρι
1817 1508 1927 1560 ὀνό-

349 1612 518 1665 ματος
552 1596 700 1667 αὑτῷ
734 1597 893 1666 μόνον
926 1598 1131 1668 ἐστὶνὴ
1163 1598 1320 1669 τιμή.
1346 1600 1420 1651 Οὑ
1453 1600 1561 1672 γὰρ
1594 1602 1923 1671 συμμετέχει

346 1686 440 1738 καὶ
463 1686 563 1756 τῆς
588 1682 743 1752 ἀξίας
772 1688 840 1758 ἣν
872 1689 1127 1759 ἐμφαίνει
1168 1687 1276 1741 τῶν
1301 1688 1579 1760 ὀνομάτων
1606 1692 1637 1761 ἡ
1672 1690 1919 1759 δύναμις.

347 1774 459 1829 Καὶ
485 1776 620 1848 ὅπερ
652 1779 823 1832 ἐποίει
857 1782 971 1843 τοῖς
1019 1779 1382 1844 Βαϐυλωνίοις
1429 1783 1458 1832 ὁ
1493 1782 1654 1849 σοφὸς
1703 1782 1921 1853 Δανιὴλ,

344 1866 719 1939 διορθούμενος
752 1871 935 1925 αὑτῶν
969 1871 1067 1943 τὴν
1098 1872 1229 1942 περὶ
1254 1873 1322 1927 τὰ
1355 1873 1550 1927 εἴδωλα
1590 1875 1816 1947 πλάνην,
1848 1877 1923 1940 ὡς

345 1954 410 2008 ἂν
438 1957 511 2029 μὴ
548 1959 637 2011 τὸν
665 1960 885 2029 χαλκὸν,
917 1959 948 2032 ἢ
985 1963 1079 2015 τὸν
1109 1962 1377 2034 δράκοντα
1416 1964 1641 2031 σέϐοιεν,
1674 1967 1733 2020 τὸ
1754 1944 1923 2037 δνομα
1953 1944 1996 2000 Β

344 2047 439 2101 τοῦ
469 2050 625 2115 Θεοῦ,
660 2050 718 2105 τὸ
749 2054 899 2125 παρά
931 2053 1039 2106 τῶν
1081 2055 1326 2125 ματαίων
1366 2056 1549 2120 αὑτοῖς
1586 2059 1927 2128 ἐπιπεφημι-

348 2141 544 2209 σμένον
572 2142 898 2212 αἰδούμενοι,
929 2144 1022 2197 καὶ
1063 2144 1250 2213 σαφῶς
1279 2145 1347 2198 δι’
1385 2139 1459 2199 ὧν
1486 2146 1740 2218 ἐποίησεν
1788 2147 1927 2200 ἔδει·

347 2228 456 2296 ξεν,
484 2232 565 2285 ὅτι
597 2234 657 2286 οὑ
687 2235 973 2305 συμϐαίνει
1009 2235 1070 2288 τὸ
1100 2235 1301 2307 ὑψηλὸν
1327 2240 1426 2307 τῆς
1463 2237 1714 2309 θεότητος
1753 2238 1924 2311 ὄνομα

346 2323 482 2393 πρός
518 2341 576 2376 τε
620 2325 680 2378 τὸ
731 2326 957 2397 ἑρπετὸν
987 2329 1198 2401 θηρίου,
1232 2330 1326 2384 καὶ
1377 2330 1513 2400 πρὸς
1561 2331 1621 2384 τὸ
1670 2332 1851 2404 σχῆμα
1881 2326 1925 2401 ᾧ

343 2415 541 2485 χαλκὸς
592 2417 919 2474 ἐτετύπωτο.
968 2420 1155 2475 Ταῦτα
1202 2422 1336 2494 πρὸς
1372 2423 1433 2475 τὸ
1485 2421 1726 2476 ἐναντίον
1772 2425 1866 2477 καὶ
1898 2426 1926 2477 ὀ

343 2505 536 2579 ἐχθρὸς
565 2511 657 2563 τοῦ
680 2512 814 2565 θεοῦ
842 2514 934 2565 ἐπὶ
956 2513 1050 2567 τοῦ
1074 2514 1414 2583 Μονογενοῦς
1434 2514 1567 2568 Θεοῦ
1594 2518 1926 2571 κατασκευά-

343 2599 457 2663 ζειν
485 2601 572 2654 διὰ
622 2602 731 2657 τῶν
769 2604 1053 2674 δογμάτων
1086 2606 1400 2683 φιλονεικεῖ,
1452 2610 1608 2662 τοῦτο
1655 2608 1793 2679 βοῶν
1836 2610 1923 2664 διὰ

342 2693 543 2765 ταύτης
574 2695 674 2766 τῆς
696 2699 1064 2770 προκειμένης
1113 2698 1260 2770 αὑτῷ
1289 2701 1532 2771 ρήσεως,
1565 2702 1646 2754 ὅτι
1670 2702 1760 2772 Μὴ
1787 2702 1924 2774 πρὸς

342 2785 408 2838 τὰ
438 2786 676 2856 ὀνόματα
705 2788 797 2841 τοῦ
828 2788 1030 2860 Κυρίου
1077 2789 1304 2860 βλέπετε
1349 2786 1423 2844 ὧν
1463 2793 1806 2863 μετείληφεν,
1848 2793 1924 2856 ὡς

343 2879 405 2930 ὲκ
429 2880 630 2933 τούτων
656 2881 716 2933 τὸ
753 2881 1030 2947 ἄφραστον
1060 2882 1224 2935 αὑτοῦ
1261 2882 1349 2937 καὶ
1385 2883 1586 2955 ὑψηλὸν
1611 2884 1711 2954 τῆς
1737 2886 1922 2949 οὐσίας

340 2965 665 3038 λογίζεσθαι.
700 2971 877 3025 Πολλὰ
907 2973 1013 3043 γὰρ
1055 2975 1148 3027 καὶ
1181 2975 1313 3028 ἄλλα
1360 2975 1469 3028 τῶν
1516 2976 1922 3031 ἀσθενεστάτων

340 3065 460 3125 ταῖς
493 3064 885 3134 ὑπερεχούσαις
920 3066 1257 3136 ἐπωνυμίαις
1298 3068 1605 3140 τετίμηται,
1648 3064 1721 3123 ὧν
1759 3072 1792 3140 ἡ
1825 3072 1922 3141 μὲν

340 3155 536 3225 κλῆσις
564 3155 624 3209 τὸ
649 3156 851 3228 ὑψηλὸν
881 3156 1015 3227 ἔχει,
1044 3159 1075 3227 ή
1110 3159 1165 3211 δὲ
1199 3159 1359 3227 φύσις
1388 3162 1525 3231 πρὸς
1547 3161 1606 3215 τὸ
1639 3162 1921 3233 μεγαλεῖον

2024 675 2090 731 ad
2142 677 2392 732 haeresim
2426 686 2741 747 suspectum
2798 686 2901 733 est.
2947 676 3082 731 Nam
3142 676 3337 731 aﬁ‘erre
3384 677 3607 730 nomina

2024 769 2503 825 lionorabilissima
2565 770 2673 823 dici
2737 768 2805 825 de
2861 770 3286 833 inﬁrmissimis,
3356 768 3609 837 quamvis

2022 860 2288 928 aequalem
2325 858 2628 912 secundum
2677 857 2993 929 dignitatem
3031 867 3283 912 naturam
3344 874 3452 911 non
3506 858 3606 909 Ita-

2024 952 2206 1011 beant,
2239 950 2488 1018 quadam
2546 958 2631 1004 est
2677 950 2943 1004 astructio
2983 950 3214 1003 latenter
3255 947 3607 1017 blasphemiae

2024 1044 2469 1096 consecutionem
2504 1057 2842 1111 praaparans,
2877 1050 2948 1099 ut,
2986 1042 3089 1095 ltoc
3134 1041 3202 1095 ab
3239 1041 3359 1111 ipso
3388 1041 3606 1095 discant

2022 1133 2116 1200 qui
2148 1133 2297 1187 illius
2353 1134 2605 1203 dogmata
2640 1133 2982 1203 percipiunt,
3019 1134 3279 1202 quoniam
3329 1133 3434 1187 etsi
3462 1130 3604 1185 Deus

2030 1223 2359 1293 Unigenitus
2384 1225 2726 1288 nominatur,
2778 1234 2833 1278 et
2878 1225 3163 1294 sapientia,
3208 1234 3262 1279 et
3304 1224 3499 1284 virtus,
3549 1231 3604 1277 et.

2024 1316 2137 1377 lux.
2178 1327 2230 1371 et
2279 1316 2498 1378 veritas,
2547 1323 2600 1370 et
2652 1316 2840 1384 judex,
2872 1325 2927 1369 et
2980 1330 3096 1381 rex,
3143 1323 3199 1370 et
3252 1315 3307 1369 in
3344 1314 3605 1368 omnibus

2026 1405 2190 1469 Deus,
2224 1416 2279 1462 et
2317 1422 2545 1477 magnus
2575 1405 2742 1469 Deus,
2769 1414 2822 1460 et
2852 1406 3111 1475 princeps
3148 1405 3324 1475 pacis,
3357 1412 3412 1459 et
3440 1396 3602 1458 Pater

2024 1500 2195 1553 futuri
2223 1499 2429 1563 saeculi,
2460 1506 2514 1552 et
2534 1498 2854 1567 omniaquae
2884 1504 3010 1550 sunt
3036 1495 3365 1559 istiusmodi,
3384 1495 3601 1549 nomine

2024 1596 2184 1643 tenus
2217 1588 2320 1658 ipsi
2349 1588 2524 1642 solum
2561 1595 2645 1641 est
2673 1586 2868 1641 honor.
2901 1585 3020 1640 Non
3047 1588 3193 1639 enim
3219 1590 3303 1639 est
3329 1583 3604 1654 particeps

2023 1680 2303 1750 dignitatis
2358 1694 2519 1749 quam
2573 1677 2815 1733 ostendit
2872 1676 3153 1731 nominum
3206 1676 3309 1729 vis.
3367 1673 3431 1728 Et
3455 1675 3601 1743 quod

2028 1775 2342 1847 Babyloniis
2388 1774 2621 1829 faciebat
2670 1773 2888 1844 sapiens
2932 1770 3140 1835 Daniel,
3178 1771 3421 1841 ipsorum
3452 1771 3603 1824 circa

2026 1869 2170 1923 idola
2204 1881 2447 1923 errorem
2476 1867 2789 1930 emendans,
2823 1881 2891 1920 ne
2914 1880 2988 1921 ais
3018 1865 3104 1920 vel
3124 1864 3418 1919 draconem
3453 1864 3601 1917 cole-

2027 1968 2169 2027 rent,
2190 1975 2387 2014 nomen
2422 1958 2538 2025 Dei,
2573 1959 2718 2028 quod
2770 1972 2800 2011 a
2842 1958 2999 2013 vanis
3029 1957 3151 2010 istis
3192 1956 3505 2011 hominibus
3533 1955 3599 2009 de

2026 2046 2164 2120 ipsis
2212 2050 2620 2114 celebrabatur,
2670 2056 3005 2113 reverentes,
3059 2058 3113 2102 et
3149 2054 3335 2116 aperte
3387 2060 3485 2115 per
3535 2062 3599 2099 ea

2025 2158 2146 2213 qua:
2171 2141 2299 2198 fecit
2348 2141 2606 2206 ostendit,
2653 2140 2798 2210 quod
2845 2140 3124 2199 excelsum
3167 2138 3469 2192 divinitatis
3502 2152 3602 2191 no-

2025 2246 2151 2285 men
2184 2237 2239 2285 et
2268 2231 2323 2283 in
2364 2230 2613 2299 reptilem
2646 2229 2817 2283 teram
2862 2242 2975 2282 non
3006 2227 3174 2290 cadit,
3205 2238 3259 2281 et
3284 2227 3339 2279 in
3367 2226 3599 2295 ﬁguram

2026 2339 2134 2393 qua
2160 2338 2236 2377 tes
2262 2322 2606 2376 etIormatum
2655 2328 2795 2387 erat.
2832 2319 2956 2375 Hiec
2978 2321 3034 2374 in
3063 2317 3399 2373 contrarium
3433 2316 3603 2370 etiam

2027 2414 2120 2468 Dei
2151 2414 2409 2468 inimicus
2439 2413 2493 2466 in
2527 2411 2817 2483 Unigenito
2841 2412 2953 2466 Deo
2988 2420 3312 2481 praestruere
3353 2421 3448 2478 per
3467 2404 3601 2476 dog-

2026 2514 2168 2561 mata
2202 2520 2532 2577 magnOpere
2561 2503 2863 2567 contendit,
2891 2503 2994 2557 hoc
3025 2502 3311 2557 clamitans
3338 2513 3435 2570 per
3459 2498 3600 2550 bane

2024 2599 2128 2669 ipsi
2176 2598 2511 2669 propositam
2546 2596 2839 2651 dictionem
2875 2612 2888 2648 :
2932 2593 3010 2648 Ne
3052 2592 3360 2662 respiciatis
3405 2588 3474 2643 ad
3502 2603 3602 2642 no-

2025 2692 2170 2745 mina
2213 2689 2423 2744 Domini
2461 2703 2692 2759 quorum
2721 2694 2807 2742 est
2851 2687 3143 2757 particeps,
3191 2685 3263 2738 ita
3303 2691 3363 2737 ut
3412 2697 3475 2737 ex
3513 2681 3601 2736 bis

2025 2781 2349 2837 ineffabilem
2382 2782 2503 2848 ejus
2553 2789 2605 2834 et
2629 2780 2904 2834 excelsam
2933 2777 3230 2834 essentiam
3267 2774 3607 2845 cogitatione

2025 2873 2306 2941 percipere
2354 2871 2533 2924 liceat.
2584 2868 2749 2921 Multa
2794 2868 2939 2922 enim
2976 2868 3137 2922 etiam
3185 2866 3290 2919 alia
3319 2879 3440 2936 qua:
3472 2871 3604 2919 sunt

2025 2962 2401 3016 inﬁrmissima
2445 2960 2978 3030 supereminentibus
3016 2956 3470 3029 appellationibus
3503 2956 3602 3007 lm-

2024 3064 2216 3110 norata
2237 3064 2383 3120 sunt,
2406 3067 2639 3124 quorum
2668 3052 2958 3122 appellatio
2971 3051 3188 3122 quidem
3211 3049 3601 3104 sublimitatem

2024 3148 2079 3203 in
2132 3162 2191 3203 se
2247 3149 2518 3211 continet,
2565 3154 2761 3200 natura
2818 3156 2997 3200 autem
3042 3143 3097 3196 in
3146 3142 3464 3212 dignitatem
3504 3156 3602 3208 ap-

338 3248 438 3318 τῆς
468 3248 840 3318 προσηγορίας
873 3251 972 3302 οὑκ
1002 3248 1407 3316 ὲξαλλάσσεται.
1442 3253 1539 3306 Διά
1568 3252 1726 3306 τοῦτο
1772 3253 1917 3321 λέγει

2027 3241 2333 3310 pellationis
2364 3256 2471 3294 non
2512 3240 2851 3294 immutatur.
2902 3235 3196 3307 Propterea
3241 3234 3376 3289 dicit
3416 3233 3596 3286 nomi-

342 3340 535 3411 μέχρις
561 3340 839 3411 ὀνομάτων
868 3340 1039 3409 ψιλῶν
1069 3342 1315 3410 γίνεσθαι
1346 3344 1497 3416 παρά
1520 3344 1612 3397 τοῦ
1642 3344 1774 3398 Θεοῦ
1806 3349 1917 3409 τοῖς

341 3431 705 3505 ὑποϐεϐηκόσι
730 3434 826 3502 τὴν
844 3435 940 3504 τῆς
971 3434 1131 3505 τιμῆς
1154 3435 1461 3503 μετουσίαν,
1490 3434 1563 3507 μὴ
1590 3436 1915 3489 συνακολου-

340 3525 537 3595 θούσης
565 3529 629 3597 τῇ
659 3526 845 3596 κλήσει
871 3525 967 3594 τῆς
991 3526 1131 3579 κατά
1157 3525 1253 3597 τὴν
1282 3525 1437 3590 ἀξίαν
1462 3527 1721 3598 ἰσότητος.
1754 3528 1915 3580 Ὥστε

341 3620 517 3672 πάντα
553 3621 677 3689 περὶ
706 3617 798 3670 τοῦ
824 3617 956 3670 Tia?»
990 3618 1280 3687 μαθόντας,
1306 3618 1405 3671 ὅσα
1434 3616 1534 3688 τῆς
1557 3618 1767 3689 ὑψηλῆς
1798 3619 1915 3672 ἐστι

340 3712 637 3781 σημασίας,
692 3712 881 3782 μέχρις
910 3711 1174 3781 ὀνόματος
1198 3712 1402 3765 οἴεσθαι
1428 3712 1526 3783 τὴν
1563 3715 1619 3766 ὲν
1648 3716 1768 3778 ταῖς
1811 3732 1915 3782 φω-

338 3804 455 3865 ναῖς
476 3800 641 3872 τιμὴν
674 3800 1215 3872 προσμαρτυρεῖσθαι
1239 3800 1414 3871 αὐτῷ’
1438 3802 1537 3871 τῆς
1571 3802 1626 3854 δὲ
1656 3802 1796 3855 κατά
1816 3804 1913 3874 τὴν

337 3892 493 3956 ἀξίαν
529 3891 831 3962 ἰσομοιρίας
865 3888 1131 3961 ἀμέτοχον
1159 3891 1299 3946 κατά
1332 3893 1428 3964 τὴν
1455 3894 1512 3946 ὲν
1546 3894 1655 3957 τοῖς
1690 3894 1911 3965 εἰρημέ-

338 3999 443 4048 νοις
478 3983 841 4053 τεχνολογίαν.

416 4246 577 4301 Ἀλλά
626 4246 736 4320 γὰρ
790 4247 1127 4318 ὲνσχολάζων
1179 4251 1291 4313 τοῖς
1340 4250 1603 4321 ἀνοήτοις,
1657 4251 1807 4306 ἐοικά
1854 4269 1919 4305 τι-

335 4340 476 4392 κατά
514 4338 574 4392 τὸ
607 4339 831 4407 λεληθὸς
862 4343 975 4404 τοῖς
1008 4342 1064 4392 ἐν
1096 4341 1355 4404 ἐναντίοις
1397 4342 1735 4412 χαρίζεσθαι,
1766 4344 1910 4414 Πρὸς

333 4431 443 4503 γὰρ
472 4431 540 4484 τὰ
590 4432 792 4501 μάταια
832 4432 937 4484 τῶν
976 4433 1278 4505 εἰρημένων
1322 4432 1609 4497 ἀντιτιθεὶς
1635 4435 1733 4506 τὴν
1779 4435 1910 4507 ἀλή-

334 4523 505 4587 θειαν,
553 4524 868 4577 ἀποκναίειν
905 4542 993 4594 μοι
1037 4525 1176 4577 δοκῶ
1204 4526 1331 4589 τοὺς
1372 4524 1798 4595 καθομιλοῦντας
1830 4527 1907 4598 τῷ

2025 3334 2187 3388 nibus
2215 3332 2453 3388 exilibus
2500 3339 2662 3387 tenus
2704 3347 2733 3384 a
2786 3330 2896 3385 Deo
2922 3328 3277 3385 inferioribus
3326 3325 3600 3381 creaturis

2022 3426 2250 3480 bonorls
2293 3425 2763 3495 participationem
2814 3422 2964 3485 ﬁeri,
3007 3421 3260 3492 quamvis
3312 3419 3597 3490 aequalitas

2022 3521 2308 3591 dignitatis
2342 3519 2761 3588 appellationem
2796 3531 2902 3571 non
2935 3526 3217 3585 sequatur.
3250 3513 3430 3578 Quare
3472 3513 3598 3565 licvt

2020 3611 2087 3665 de
2144 3609 2279 3663 Filio
2333 3609 2689 3663 didicerimus
2743 3608 2926 3663 omnia
2983 3619 3323 3677 quaecunque
3368 3604 3599 3660 excelsa

2021 3712 2150 3758 sunt
2203 3702 2639 3773 signiﬁcationis,
2677 3712 2858 3755 tamen
2911 3700 3133 3754 nomine
3174 3710 3334 3755 tenus
3380 3708 3597 3769 oportet

2020 3804 2213 3865 putare
2241 3794 2502 3847 honorem
2550 3791 2780 3846 vocibus
2821 3791 3276 3861 comprehensum
3311 3790 3414 3860 ipsi
3456 3791 3600 3846 assi-

2020 3887 2197 3956 gnari,
2236 3884 2565 3954 acqualitatis
2602 3898 2731 3938 vero
2788 3882 3089 3938 secundum
3134 3881 3455 3952 dignitatem
3495 3898 3593 3936 ex-

1974 3968 1977 3969 ⁷
2021 3987 2226 4048 pertem
2260 3994 2382 4033 esse
2408 3977 2709 4032 secundum
2745 3975 3035 4030 artiﬁcium
3098 3975 3245 4046 quod
3318 3975 3371 4035 in
3433 3974 3599 4031 dictis

2018 4070 2237 4124 illorum
2276 4056 2549 4140 apparet}:

2089 4247 2194 4302 Sed
2257 4252 2400 4302 enim
2460 4248 2514 4303 in
2566 4248 2812 4305 futilibus
2853 4259 2907 4307 et
2944 4252 3214 4306 sententia
3276 4253 3599 4309 carentibus

2017 4343 2341 4406 immorans,
2388 4342 2577 4397 videor
2621 4343 2821 4413 aliquid
2861 4344 2999 4398 clam
3031 4346 3357 4401 adversariis
3387 4346 3598 4416 gratiﬁ-

2016 4436 2151 4490 cari.
2184 4433 2318 4489 Nam
2347 4436 2503 4489 vanis
2537 4445 2589 4490 et
2617 4436 2873 4491 inanibus
2904 4437 3067 4492 dictis
3095 4438 3380 4493 veritatem
3415 4454 3588 4510 oppo-

2015 4543 2173 4593 nens,
2198 4528 2415 4583 taedium
2452 4528 2584 4583 milti
2623 4529 2813 4585 videor
2845 4530 3039 4585 atl‘erre
3068 4530 3135 4586 iis
3161 4531 3253 4599 qui
3295 4546 3599 4601 praesentes

331 4613 474 4686 λόγῳ
522 4614 629 4686 πρὸ
679 4616 777 4685 τῆς
827 4615 934 4668 τῶν
980 4616 1406 4686 καρτερωτέρων
1460 4617 1657 4687 μάχης.
1699 4618 1908 4671 Οὐκοῦν

2018 4623 2212 4678 adsunt
2251 4622 2378 4677 huic
2428 4622 2807 4691 diSputationi,
2857 4630 3144 4691 antequam
3180 4622 3245 4676 ad
3301 4621 3584 4677 fortiorum

330 4702 502 4756 ταῦτα
521 4704 667 4767 ὅπως
688 4702 751 4756 ἂν
777 4703 895 4774 ἔχῃ,
918 4706 1029 4767 τοῖς
1055 4705 1567 4776 ὲπιστατικωτέροις
1582 4706 1688 4759 τῶν
1711 4708 1910 4777 ἀκροα-

328 4792 439 4846 τῶν
462 4794 667 4859 ὲατέον,
691 4796 825 4863 ἡμῖν
847 4794 903 4846 δὲ
934 4795 1071 4865 πρὸς
1092 4797 1159 4848 τὰ
1192 4796 1525 4867 προκείμενα
1562 4800 1910 4867 μετενεκτέον

327 4886 419 4940 τὸν
449 4887 633 4955 λόγον’
669 4886 909 4955 σιγάσθω
938 4887 995 4939 δὲ
1020 4888 1112 4940 καὶ
1151 4888 1212 4941 τὸ
1252 4891 1531 4961 προσεχῶς
1563 4894 1676 4954 τοῖς
1718 4892 1911 4963 ἐξητα-

332 4980 547 5049 σμένοις
584 4980 965 5050 προκείμενον,
1018 4980 1099 5032 ὅτι
1142 4980 1311 5033 ταῦτα
1347 4982 1528 5051 μέντοι
1562 4982 1747 5037 τοῦτον
1788 4985 1907 5039 δια-

328 5074 595 5126 τέτακταιο
615 5073 706 5125 τὸν
734 5073 953 5143 τρόπον,
990 5072 1048 5124 οὑ
1084 5073 1184 5141 τῆς
1208 5074 1450 5137 ἐπινοίας
1480 5074 1589 5127 τῶν
1607 5076 1907 5147 ἀνθρώπων

326 5166 595 5237 λαχούσης
622 5166 721 5236 τὴν
749 5166 996 5232 ἐξουσίαν
1027 5164 1134 5217 τῶν
1164 5166 1462 5235 ὀνομάτων.
1494 5168 1588 5231 Τίς
1614 5169 1721 5239 γὰρ
1748 5171 1907 5224 τοῦτό

327 5276 480 5329 φησι,
530 5258 588 5310 τὸ
624 5258 698 5329 μὴ
743 5259 862 5312 κατ’
900 5259 1033 5312 ἰδίαν
1077 5259 1372 5311 ὑπόστασιν
1425 5259 1813 5331 θεωρούμενον,
1847 5265 1905 5319 ἐν

325 5349 543 5419 ἐξουσίᾳ
588 5352 909 5421 πράγματος
939 5348 1077 5404 εἷναί
1122 5369 1295 5417 τινος;
1330 5352 1523 5405 Μόνων
1550 5354 1657 5424 γὰρ
1692 5355 1801 5410 τῶν
1826 5358 1904 5410 οἰ-

325 5440 450 5511 κεία
476 5442 580 5494 τινὶ
609 5443 922 5512 προαιρέσει
968 5443 1372 5512 διοικουμένων,
1413 5444 1474 5496 τὸ
1503 5447 1620 5497 κατ’
1654 5446 1903 5511 ἐξουσίαν

325 5548 375 5583 τι
411 5532 666 5601 πράττειν
713 5534 877 5586 ἐστίν.
919 5534 978 5587 Ἥ
1011 5535 1068 5588 δὲ
1106 5535 1316 5589 ἐπίνοια
1353 5535 1451 5605 τῆς
1493 5537 1767 5608 ἡμετέρας
1793 5541 1905 5593 δια-

326 5622 471 5686 νοίας
495 5625 639 5676 ἐστὶν
671 5626 936 5695 ἐνέργεια,
964 5626 1056 5679 καὶ
1078 5628 1175 5697 τῆς
1197 5626 1305 5679 τῶν
1329 5626 1716 5698 φθεγγομένων
1743 5634 1903 5705 ἤρτη-

327 5732 412 5767 ται
443 5715 830 5786 προαιρέσεως,
861 5717 922 5769 οὑ
968 5716 1086 5770 καθ’
1116 5717 1312 5787 ἑαυτὴν
1356 5720 1660 5787 ὑφεστῶσα,
1691 5723 1804 5777 ἀλλ’
1843 5728 1901 5779 ἐν

328 5809 386 5876 τῇ
444 5807 553 5858 τῶν
604 5808 909 5877 λεγομένων
962 5809 1105 5880 ὁρμῇ
1160 5811 1263 5883 ’τὴν
1317 5812 1613 5866 ὑπόστασιν
1680 5813 1896 5883 ἔχουσα.

334 5900 490 5953 Ἀλλ’
522 5899 729 5966 αὐτοῦ,
766 5900 919 5971 φησὶ,
951 5900 1137 5956 ταῦτα
1179 5901 1373 5956 πάντα
1420 5902 1903 5977 δημιοιιογήσαν-

2015 4725 2248 4780 pugnam
2286 4710 2661 4765 deveniamus.
2712 4710 2837 4765 llaec
2888 4710 3054 4781 igitur
3095 4710 3597 4780 quomodocunqne

2012 4818 2071 4858 se
2121 4804 2378 4865 habeant,
2430 4804 2770 4860 doctioribus
2827 4804 3171 4860 auditoribus
3229 4807 3595 4877 relinquenda

2010 4907 2159 4960 sunt,
2204 4898 2364 4951 nobis
2400 4909 2580 4952 autem
2644 4898 2707 4951 ad
2740 4899 3020 4968 proposita
3068 4898 3448 4955 transferenda
3502 4908 3587 4954 cst

2008 4989 2205 5042 oratio.
2258 4991 2520 5055 Quocirca
2557 4989 2775 5045 silentio
2814 4998 3221 5060 praetereamus,
3281 4992 3425 5062 quod
3456 5008 3585 5062 pro-

2010 5080 2151 5132 xime
2175 5087 2259 5133 est
2297 5079 2631 5147 conjunctim
2664 5095 2786 5134 cum
2817 5080 2900 5135 his
2926 5096 3047 5149 quae
3070 5082 3182 5149 jam
3216 5092 3345 5136 sunt
3374 5084 3586 5137 exami.

2008 5178 2133 5223 nata
2171 5171 2513 5239 proponitur,
2537 5170 2683 5240 quod
2718 5172 2829 5227 haec
2855 5171 3073 5241 quidem
3099 5172 3167 5226 ad
3191 5172 3337 5227 hunc
3358 5174 3593 5228 modum»

2006 5262 2253 5315 ordinata
2287 5271 2500 5327 sunt,ut
2534 5278 2643 5317 non
2672 5263 2919 5320 dicamus
2940 5266 3453 5321 commentationem
3483 5266 3588 5320 bo-

2006 5356 2210 5409 minnm
2254 5358 2501 5410 sortitam
2557 5372 2678 5413 esse
2707 5359 2988 5412 nominum
3045 5366 3388 5428 potestatem.
3446 5360 3584 5424 Quis

2004 5448 2149 5501 enim
2179 5448 2282 5502 hoc
2312 5448 2465 5512 dicit,
2502 5459 2560 5504 ut
2589 5450 2641 5503 id
2678 5450 2822 5519 quod
2843 5466 2951 5505 non
2990 5451 3044 5504 in
3080 5452 3298 5521 propria
3321 5452 3587 5507 substan-

2004 5542 2076 5593 tia
2107 5542 2508 5608 consideratur,
2561 5543 2640 5598 rei
2691 5543 2924 5613 alicujus
2963 5543 3159 5599 babeat
3214 5546 3585 5614 potestatem?

2003 5631 2203 5687 Eorum
2225 5634 2369 5687 enim
2401 5641 2485 5688 est
2507 5634 2682 5690 solum
2703 5636 2795 5706 qui
2820 5636 3037 5705 propria
3058 5634 3290 5706 quadam
3317 5636 3582 5692 electione

2002 5737 2055 5780 et
2081 5726 2362 5781 voluntate
2409 5736 2695 5798 reguntur,
2738 5744 2837 5798 pro
2888 5729 3117 5784 arbitrio
3144 5730 3349 5798 aliquid
3396 5744 3578 5798 agere.

2014 5818 2260 5873 Ἐπίνοια
2321 5829 2529 5885 autem,
2565 5819 2617 5875 id
2647 5829 2750 5889 est,
2800 5825 3190 5885 commentatio,
3242 5822 3439 5876 mentis
3496 5830 3585 5876 est

2002 5912 2266 5981 operatio,
2311 5920 2571 5983 atqueex
2611 5914 2877 5973 electione
2931 5916 3045 5972 sive
3075 5914 3326 5972 consilio
3354 5913 3578 5985 190mm»
