4146 6386
575 419 714 471 1023

1781 416 1838 471 S.
1871 413 2201 471 GREGORII
2237 412 2532 472 NYSSENI

3720 420 3873 477 ιοει

574 531 708 584 tium
744 530 962 598 pendet,
1014 546 1121 584 non
1159 546 1255 599 per
1283 546 1342 585 se
1365 531 1698 595 subsnstens,
1746 532 1840 586 sed
1878 533 1932 586 in
1964 547 2153 587 eorum

2259 550 2361 597 τος
2397 532 2569 597 Θεοῦ,
2607 530 2879 599 σχέσεώς
2912 548 2973 583 τε
3005 530 3103 584 καί
3142 532 3463 600 ἐνεργείας,
3503 530 3602 583 καὶ
3635 532 3872 586 ἀναλο-

570 636 693 691 quae
741 621 1001 674 dicuntur
1050 621 1381 690 impulsione
1432 622 1849 677 subsistentiam
1919 622 2153 676 habens.

572 714 697 779 Sed,
732 714 928 783 inquit,
965 714 1077 767 lucc
1128 716 1246 781 ipsa
1276 715 1453 767 omnia
1488 714 1586 767 Dei
1642 722 1767 767 sunt
1796 715 2157 768 universorum

569 807 880 867 conditoris,
915 817 1071 877 atque
1124 809 1290 875 ipsius
1321 808 1596 861 relationis
1626 816 1675 861 et
1732 811 2059 875 operationis
2110 820 2160 864 et

568 899 941 965 proportionis,
978 908 1027 951 et
1054 901 1140 967 qui
1159 898 1357 969 legibus
1388 910 1728 968 congruentes
1752 902 1937 972 cuique
1971 918 2157 955 eorum

567 1005 686 1055 qua:
718 992 1057 1042 nominantur
1081 991 1458 1057 appellationes
1491 992 1875 1047 accommodat.
1910 992 2033 1047 Haec
2059 1009 2159 1045 au-

568 1088 675 1130 tem
714 1080 795 1133 vel
846 1082 1072 1134 omnino
1106 1098 1329 1136 sensum
1390 1100 1495 1137 non
1532 1084 1755 1145 habent,
1784 1086 1868 1138 vel
1906 1086 1991 1139 his
2039 1102 2161 1155 qua:

565 1169 721 1235 prius
748 1170 817 1223 ab
871 1171 991 1239 ipso
1031 1173 1276 1241 exposita
1318 1182 1446 1227 sunt
1479 1174 1865 1230 adversantur.
1920 1174 1977 1228 Si
2013 1177 2159 1230 enim

564 1260 732 1314 rebus
764 1264 1148 1317 convenienter
1169 1272 1355 1333 aptare
1391 1266 1611 1319 nomina
1638 1265 1806 1320 Deum
1831 1267 1995 1320 modo
2033 1282 2161 1334 pro-

568 1354 772 1415 litetur,
801 1355 1077 1422 quomodo
1112 1355 1166 1407 in
1221 1357 1605 1427 superioribus
1645 1357 2159 1427 asseritwignobili-

568 1443 670 1495 lius
698 1441 865 1496 Deum
888 1445 1211 1499 sublimiora
1231 1448 1449 1500 nomina
1477 1446 1795 1516 gratiﬁcari,
1820 1418 1928 1500 ιιδῇ
1978 1454 2161 1500 tamen

562 1535 848 1605 dignitatis
877 1552 997 1606 quae
1025 1538 1076 1589 in
1098 1539 1377 1592 nominum
1407 1538 1806 1609 signiﬁcatione
1826 1537 2159 1599 declaratur.

569 1630 718 1698 ipsos
745 1631 1037 1700 participes
1077 1630 1257 1685 facere
1290 1649 1303 1684 :
1347 1639 1401 1685 et
1434 1639 1626 1684 contra
1658 1646 1781 1699 quae
1814 1644 2010 1699 magna
2037 1638 2163 1685 sunt

563 1730 781 1786 natura,
832 1722 1164 1791 ignobilibus
1202 1721 1432 1776 vocibus
1460 1720 1822 1780 dedecorare.
1884 1721 2011 1776 licet
2035 1736 2160 1777 cum

561 1816 769 1867 vilitate
831 1813 1120 1867 verborum
1168 1821 1361 1866 natura
1395 1828 1505 1866 non
1558 1812 1895 1867 immutetur.
1960 1812 2160 1869 Verum

562 1905 797 1959 fortasse
813 1905 935 1974 ejus
961 1905 1254 1960 amentiam
1286 1904 1483 1974 injuria
1515 1903 1803 1969 allicimus,
1841 1905 1983 1963 hanc
2030 1922 2157 1962 ver-

561 1997 754 2051 borum
813 2012 1130 2066 compagem
1162 1997 1368 2052 talibus
1402 1996 1853 2052 accusationibus
1880 1998 2159 2054 insectan-

561 2098 664 2142 tes.
701 2086 827 2143 llzec
880 2089 1025 2143 enim
1059 2091 1242 2143 omnia
1290 2090 1357 2143 ab
1388 2090 1533 2143 omni
1585 2104 1748 2145 sensu
1797 2100 1928 2147 sunt
1954 2094 2153 2159 aliena,

563 2194 671 2233 non
703 2180 878 2236 solum
904 2181 1028 2235 dico
1055 2195 1084 2233 a
1118 2188 1270 2235 recta
1298 2180 1353 2233 in
1381 2179 1545 2234 Deum
1582 2180 1805 2250 pietate,
1843 2184 1936 2237 sed
1974 2200 2151 2254 neque

559 2287 891 2340 quocunque
918 2272 1081 2326 modo
1110 2273 1277 2326 ullius
1311 2272 1544 2327 rationis
1581 2287 1705 2327 esse
1737 2274 2051 2344 participia,
2083 2277 2151 2329 ab

562 2360 649 2414 his
675 2361 766 2430 qui
791 2361 858 2414 ad
898 2360 1162 2414 amussim
1202 2360 1519 2414 examinare
1552 2362 1836 2425 sciverint,
1873 2363 2157 2419 imenicn-

563 2460 673 2506 tur.
708 2450 976 2517 Quoniam
1006 2452 1170 2521 igitur
1216 2450 1388 2504 instar
1445 2450 1763 2519 pulmonum
1814 2453 2153 2507 marinorum

561 2554 831 2600 tumorem
864 2545 1155 2615 quemdam
1206 2544 1405 2598 habere
1430 2543 1706 2607 videntur,
1758 2552 1939 2598 tumor
1966 2554 2147 2600 autem

558 2648 647 2693 est
684 2637 931 2708 phlegma
972 2636 1086 2691 sive
1103 2636 1301 2689 humor
1333 2635 1555 2705 quidam
1586 2651 1869 2704 spumeus.
1894 2636 2011 2690 visu
2038 2638 2157 2706 qui-

562 2730 685 2783 dem
724 2727 1124 2793 abominabilis,
1172 2726 1264 2782 sed
1301 2725 1744 2787 abominabilior,
1782 2726 1828 2779 si
1875 2726 1929 2779 in
1961 2741 2156 2782 manus

560 2822 880 2892 accipiatur.
918 2820 1212 2890 Propterea
1265 2818 1331 2872 ad
1385 2818 1501 2872 hac
1533 2832 1673 2872 vana
1702 2816 2152 2873 decentissimum

2262 624 2414 694 γίας,
2449 625 2549 677 καί
2594 624 2801 692 νόμοις
2833 621 3162 691 προσφυῶς
3192 622 3429 689 ἑκάστῳ
3475 622 3595 676 τῶν
3638 624 3871 692 ὀνομα-

2266 714 2524 784 ζομένων
2560 714 2667 780 τὰς
2700 717 3106 783 προσηγορίας
3146 715 3644 783 συναρμόζοντος,
3672 715 3872 769 Ταῦτα

2260 806 2314 858 δὲ
2346 806 2378 876 ἢ
2412 806 2641 858 καθόλου
2673 806 2795 859 νοῦν
2826 806 2926 859 οὐκ
2956 805 3092 875 ἔχει,
3135 806 3169 876 ἢ
3198 804 3535 867 ὑπεναντίως
3567 808 3678 868 τοῖς
3725 823 3870 875 προ-

2261 896 2559 950 εκτεθεῖσιν
2584 897 2719 967 ἔχει.
2749 898 2812 951 Ei
2837 898 2943 968 γὰρ
2977 897 3271 967 προσφυῶς
3294 895 3556 967 ἁρμόζειν
3585 900 3697 960 τοῖς
3727 898 3869 948 ὑπο-

2262 990 2535 1059 κειμένοις
2571 992 2842 1061 μαρτυρεί
2867 989 2962 1042 νῦν
3000 987 3078 1059 τῷ
3107 988 3224 1059 Θεῷ
3254 989 3323 1041 τά
3354 989 3619 1059 ὀνόματα,
3655 989 3771 1052 πῶς
3803 992 3867 1042 ὲν

2261 1084 2373 1144 τοῖς
2416 1082 2710 1149 άνωτέροις
2746 1080 3147 1144 κατασκευάζει
3180 1080 3271 1133 τὸν
3321 1081 3452 1133 Θεὸν
3494 1083 3608 1144 τοῖς
3637 1082 3866 1151 ἀτίμοις

2262 1172 2333 1223 τὰ
2360 1171 2667 1243 ὑψηλότερα
2702 1171 2807 1225 τῶν
2847 1172 3126 1241 ὀνομάτων
3183 1170 3530 1241 χαρίζεσθαι,
3586 1170 3661 1242 μῆ
3718 1188 3865 1241 συμ-

2267 1263 2613 1333 μεταδιδόντα
2631 1264 2728 1331 τῆς
2759 1263 3163 1333 ἐμφαινομένης
3179 1265 3244 1331 τῇ
3270 1262 3515 1334 σημασία
3537 1264 3644 1317 τῶν
3659 1263 3866 1333 ὀνομά-

2263 1373 2372 1407 των
2401 1353 2576 1418 ἀξίας,
2603 1354 2698 1406 καὶ
2727 1355 2889 1408 πάλιν
2915 1354 2984 1407 τὰ
3010 1354 3223 1424 μεγάλα
3251 1353 3393 1407 κατά
3429 1354 3527 1424 τὴν
3556 1354 3719 1423 φύσιν
3752 1372 3863 1408 κα-

2265 1445 2541 1516 θυϐρίζειν
2588 1448 2707 1509 ταῖς
2748 1446 2961 1515 ἀτίμοις
2996 1448 3219 1513 φωναῖς,
3250 1449 3318 1517 τῇ
3366 1446 3715 1517 ταπεινότητι
3747 1447 3862 1499 τῶν

2265 1531 2527 1602 ῥημάτων
2574 1532 2633 1584 οὐ
2678 1532 3221 1604 συμμετατιθεμένης
3267 1533 3369 1603 τῆς
3418 1533 3654 1603 φύσεως.
3714 1535 3859 1587 Ἀλλ’

2264 1622 2555 1694 ἀδικοῦμεν
2594 1625 2734 1694 τάχα
2778 1623 2876 1696 τήν
2924 1624 3239 1696 ἀδιανόητον
3285 1626 3453 1679 αὐτοῦ
3497 1626 3701 1698 ταύτην
3743 1628 3860 1681 τῶν

2268 1718 2529 1787 ῥημάτων
2555 1717 2852 1787 συνθήκην,
2883 1718 3001 1780 ταῖς
3029 1716 3306 1782 τοιαύταις
3332 1720 3685 1789 κατηγορίαις
3714 1721 3860 1773 ὑπά-

2265 1825 2473 1877 γοντες.
2502 1807 2687 1862 Ταῦτα
2712 1807 2820 1879 γὰρ
2848 1807 3080 1861 καθόλου
3104 1808 3285 1879 πάσης
3309 1810 3425 1862 ἐστὶ
3448 1810 3685 1874 διανοίας
3704 1812 3862 1864 ἀλλό-

2264 1901 2507 1969 τρια,.οὐ
2569 1900 2728 1971 μόνον
2768 1900 2868 1972 τῆς
2895 1899 3062 1973 ὀρθῆς
3104 1900 3248 1970 λέγω
3285 1900 3384 1972 τῆς
3424 1903 3502 1964 είς
3546 1902 3855 1968 εὐσέϐειαν,

2266 1992 2381 2045 ἀλλ’
2409 1992 2529 2045 οὐδὲ
2551 1991 2800 2046 ὁπωσοῦν
2830 1992 3124 2064 μετέχοντά
3145 2010 3289 2057 τινος
3313 1992 3572 2063 λογισμοῦ
3602 1995 3714 2056 τοῖς
3738 1993 3858 2059 ἐξε-

2261 2083 2445 2146 τάζειν
2482 2083 2725 2154 ἀκριϐῶς
2774 2083 3163 2154 ἐπισταμένοις
3202 2082 3536 2156 εὑρίσκεται.
3579 2084 3731 2136 Ἐπεὶ.
3758 2080 3855 2138 οῦν

2262 2174 2386 2226 καθ’
2416 2173 2707 2245 ὁμοιότητα
2733 2173 2843 2227 τῶν
2870 2171 3179 2227 θαλασσίων
3208 2171 3525 2242 πνευμόνων
3557 2173 3719 2241 ὄγκον
3753 2174 3855 2242 μέν

2260 2283 2384 2318 τινα
2421 2266 2481 2318 τὸ
2533 2264 2854 2335 φαινόμενον
2896 2264 3038 2334 ἔχειν
3084 2264 3252 2329 δοκεῖ,
3280 2266 3310 2317 ὁ
3355 2264 3412 2316 δὲ
3438 2264 3601 2332 ὄγκος
3632 2264 3857 2334 φλέγμα

2263 2356 2401 2418 ἐστὶ,
2434 2356 2718 2426 βδελυκτὸν
2755 2357 2851 2426 μὲν
2903 2356 3052 2421 ἰδεῖν,
3100 2354 3510 2427 βδελυκτότερον
3534 2355 3591 2409 δὲ
3629 2358 3707 2419 εἰς
3737 2359 3855 2427 χεῖ-

2265 2466 2365 2520 ρας
2407 2448 2613 2502 λαϐεῖν.
2642 2448 2741 2501 Διά
2773 2448 2930 2501 τοῦτο
2965 2447 3427 2519 πρεπωδεστάτην
3474 2447 3610 2519 πρὸς
3644 2448 3713 2501 τά
3746 2450 3856 2519 μά·

2260 2559 2390 2593 ταια
2408 2540 2506 2612 τὴν
2528 2540 2737 2611 σιωπὴν
2763 2540 2963 2611 κρίνων
2990 2540 3459 2612 παραδραμοῦμαι
3483 2542 3553 2594 τὰ
3582 2541 3855 2611 εἰρημένα

2263 2633 2411 2702 σιγῇ.
2449 2631 2567 2683 Τίνι
2601 2630 2708 2701 γὰρ
2742 2630 3026 2684 διοικεῖται
3053 2630 3205 2702 νόμῳ
3233 2631 3483 2701 ἐνέργειά
3507 2649 3565 2684 τε
3593 2633 3687 2685 καὶ
3722 2633 3858 2685 ἀνα-

2261 2723 2438 2792 λογία,
2471 2723 2565 2776 καὶ
2590 2722 2808 2792 σχέσις;
2836 2724 2947 2776 Καὶ
2972 2723 3056 2787 τίς
3085 2726 3113 2777 ὁ
3137 2723 3440 2794 νομοθετῶν
3474 2722 3551 2794 τῷ
3588 2724 3705 2792 Θεῷ
3726 2724 3856 2787 τοὺς

2261 2817 2362 2886 τῆς
2396 2815 2685 2883 ἀναλογίας
2719 2816 2812 2867 καὶ
2842 2815 3080 2885 σχέσεως
3110 2815 3308 2886 νόμους
3338 2814 3431 2867 καὶ
3450 2814 3716 2885 τρόπους;

563 2915 839 2968 silentium
870 2913 1145 2983 judicans.
1207 2926 1327 2981 qua:
1348 2909 1493 2964 dicta
1535 2915 1667 2964 sunt
1715 2908 1917 2964 tacitus
1958 2910 2269 2980 praeteribo.
2318 2907 2568 2974 Quanam
2621 2908 2769 2965 enim
2804 2909 2922 2979 lege
2981 2916 3247 2979 reguntur
3272 2907 3387 2960 haec
3421 2906 3646 2962 nomina
3677 2906 3750 2961 ab
3785 2921 3855 2960 eo

562 3008 813 3079 prolata:
851 3007 1115 3077 operatio,
1150 3005 1435 3076 proportio
1468 3015 1522 3060 et
1550 3005 1791 3061 relatio?
1827 3006 1892 3059 Et
1930 3009 2054 3076 quis
2089 3008 2462 3076 proportionis
2497 3013 2551 3061 et
2580 3005 2867 3062 relationis
2903 3006 3051 3075 leges
3100 3014 3153 3059 et
3181 3005 3375 3062 modos
3415 3005 3528 3060 Deo
3577 3005 3859 3075 imperat?

634 3097 747 3153 Hoc
778 3100 973 3154 melius
1006 3098 1171 3154 fuerit
1202 3114 1425 3155 manere
1459 3099 1814 3153 inexcussum
1851 3115 2015 3169 quam
2053 3116 2148 3169 per

2331 3101 2591 3171 Κρείττον
2651 3099 2717 3152 ἂν
2769 3099 2857 3169 εἴη
2912 3098 3091 3170 μένειν
3129 3099 3480 3163 ἀνεξέταστον
3526 3098 3560 3169 ἢ
3613 3098 3703 3152 διὰ
3752 3100 3855 3169 τῆς

561 3191 803 3245 studium
840 3191 895 3245 in
932 3192 1019 3246 his
1066 3206 1326 3247 nauseam
1378 3190 1728 3246 audientibus
1759 3207 2000 3254 movere,
2033 3201 2088 3245 et
2120 3208 2147 3244 a

2260 3191 2388 3261 περὶ
2408 3191 2579 3244 ταῦτα
2608 3191 2865 3262 σπουδῆς,
2889 3191 3113 3245 ναυτίαν
3140 3209 3199 3244 τε
3233 3193 3406 3245 ποιεῖν
3432 3193 3546 3255 τοῖς
3565 3190 3850 3254 ἀκούουσι,

564 3284 771 3353 majore
802 3284 985 3339 studio
1009 3283 1188 3354 dignis
1210 3299 1519 3339 sermonem
1543 3298 1795 3339 avocare.
1829 3282 1934 3338 Sed
1959 3300 2155 3340 vereor

561 3392 632 3430 ne
657 3375 837 3428 omnia
863 3374 1156 3428 identidem
1176 3389 1296 3443 qua:
1319 3389 1385 3427 ex
1416 3372 1716 3443 scriptione
1738 3372 1991 3427 Eunomii
2024 3384 2153 3428 sunt

561 3468 867 3538 preposita,
897 3468 1057 3522 nobis
1110 3467 1221 3522 sint
1253 3465 1495 3534 quasdam
1526 3466 1834 3535 phlegmata
1867 3475 1922 3519 et
1951 3468 2149 3520 marini

562 3561 871 3630 pulmones.
902 3557 1081 3625 Quare
1114 3558 1430 3612 necessario
1470 3559 1631 3614 nobis
1664 3558 1719 3612 in
1746 3558 1832 3613 his
1855 3575 1976 3628 quae
2006 3559 2151 3612 dicta

558 3659 711 3714 sunt,
738 3650 1039 3720 disputatio
1068 3648 1305 3709 desinat,
1343 3656 1402 3702 ut
1451 3664 1572 3718 quae
1602 3650 1806 3703 nullam
1834 3666 1899 3702 ex
1933 3651 2153 3719 scriptis

563 3744 845 3796 materiam
879 3740 946 3795 ad
982 3740 1319 3811 cperandum
1373 3740 1635 3794 inveniat.
1672 3739 1739 3795 Ut
1766 3741 1911 3794 enim
1948 3740 2149 3805 fuluus,

559 3835 645 3889 vel
677 3835 851 3905 caligo
877 3848 1123 3887 crassum
1159 3830 1378 3899 quidem
1410 3831 1539 3886 facit
1567 3840 1622 3887 et
1667 3832 1943 3887 turbidum
1976 3833 2156 3887 reddit

557 3942 741 3982 aerem
782 3946 793 3979 :
824 3927 877 3979 in
909 3939 1017 3995 quo
1038 3924 1083 3978 si
1109 3923 1443 3987 constiterit,
1468 3924 1631 3978 etiam
1661 3924 1964 3978 naturalem
2000 3924 2153 3978 visus

556 4021 863 4073 orationem
895 4016 1145 4086 impedit,
1176 4032 1283 4069 non
1312 4023 1492 4069 tamen
1515 4016 1588 4067 ita
1612 4013 1875 4068 densatur
1904 4013 1960 4067 in
1990 4029 2068 4077 se,
2095 4024 2155 4067 ut

559 4109 654 4177 qui
687 4107 816 4161 velit
858 4113 1047 4174 carpat
1073 4115 1126 4158 et
1166 4105 1361 4174 palmis
1408 4104 1707 4167 contineat,
1752 4111 1805 4157 et
1844 4102 2003 4157 reniti
2030 4117 2155 4173 per-

559 4196 791 4251 cutienti
824 4197 1016 4265 possit.
1053 4193 1184 4248 Tale
1238 4193 1371 4264 quid
1410 4194 1575 4248 etiam
1602 4193 1670 4248 de
1704 4194 1807 4247 hac
1837 4193 1989 4263 gravi
2018 4194 2156 4248 scri-

560 4288 747 4358 ptione
785 4287 831 4341 si
861 4287 987 4355 quis
1010 4284 1234 4348 dixerit,
1263 4299 1294 4337 a
1317 4284 1430 4338 veri
1451 4283 1769 4352 conjectura
1790 4298 1899 4337 non
1927 4283 2153 4338 aberra-

557 4383 719 4436 verit.
756 4378 936 4433 Multae
962 4386 1141 4432 autem
1190 4377 1244 4430 in
1278 4377 1382 4431 hoc
1411 4375 1624 4430 tumido
1655 4383 1710 4430 et
1734 4384 1998 4431 aestuante
2031 4391 2152 4431 ser-

557 4488 720 4528 mone
750 4486 907 4542 nugze
932 4480 1060 4525 sunt
1087 4470 1398 4533 elaboratae,
1420 4475 1475 4524 et
1496 4469 1546 4523 ei
1582 4468 1883 4539 praesertim
1917 4468 2011 4537 qui
2040 4483 2151 4523 non

551 4575 642 4622 est
671 4566 855 4619 animo
875 4563 1033 4618 valde
1059 4561 1384 4632 perspicaci,
1408 4559 1571 4614 veluti
1596 4559 1773 4629 caligo
1794 4575 1824 4613 e
1849 4559 2151 4629 longinquo

554 4658 802 4713 cernenti
840 4655 1252 4711 consistentiam
1284 4651 1578 4722 quamdam
1612 4660 1668 4706 et
1700 4651 2147 4721 imaginationem

556 4751 758 4805 habere
812 4749 1049 4803 videtur.
1088 4746 1245 4812 Quod
1300 4745 1347 4800 si
1403 4745 1529 4813 quis
1584 4744 1669 4799 sui
1700 4757 1929 4812 compos
1977 4742 2070 4797 liat
2098 4751 2152 4797 et

551 4840 803 4911 diligenti
838 4840 1194 4909 inquisitione
1222 4846 1276 4891 et
1305 4835 1663 4905 intelligentia
1692 4850 1815 4904 qua:
1845 4835 1992 4889 dicta
2022 4840 2153 4889 sunt

555 4933 812 5002 attingat,
827 4930 961 4984 fumi
979 4931 1156 4984 instar
1182 4928 1672 4998 apprehensionem
1695 4926 1962 4997 eﬂ‘ugiunt
1981 4927 2153 4983 notio-

554 5038 675 5083 nes,
710 5030 876 5091 atque
912 5023 966 5075 in
999 5021 1231 5075 nihilum
1266 5018 1647 5087 dissipantur;
1677 5034 1854 5087 neque
1881 5019 1992 5073 ulla
2022 5019 2151 5074 soli-

554 5117 724 5171 ditate
775 5124 829 5169 et
860 5114 1151 5169 renitentia
1183 5110 1464 5166 ferientem
1509 5110 1783 5179 recipiunt
1814 5126 2147 5167 sermonem.

554 5208 696 5274 Quid
722 5207 889 5277 igitur
918 5204 1191 5278 agendum
1236 5204 1328 5267 sit,
1384 5203 1610 5258 dubium
1650 5210 1706 5257 et
1735 5204 2152 5259 incertum.‘Est

556 5301 699 5353 enim
725 5298 868 5368 apud
894 5298 1153 5368 querulos
1185 5297 1240 5350 in
1276 5304 1565 5365 utramque
1611 5302 1817 5364 partem
1863 5296 2150 5350 calumniae

554 5391 806 5460 exposita
840 5392 1015 5460 optio,
1049 5389 1168 5445 sive
1186 5388 1333 5442 enim
1361 5387 1531 5442 veluti
1558 5401 1656 5457 per
1681 5387 1872 5441 vallem
1893 5387 2150 5443 salientes

556 5480 722 5536 istam
788 5496 985 5536 vocum
1049 5478 1367 5532 inanitatem
1424 5477 1491 5531 ad
1534 5477 1765 5530 liberum
1822 5476 2151 5546 planumque

554 5587 812 5643 campum
850 5584 1161 5627 sermonem
1183 5568 1507 5638 dirigamus,
1542 5567 1807 5622 adversus
1832 5582 1896 5621 ea
1924 5582 2046 5636 qua:
2071 5568 2152 5622 vi-

555 5665 760 5718 dentur
789 5663 897 5717 vim
922 5663 1162 5731 aliquam
1196 5660 1399 5714 habere
1424 5666 1617 5712 contra
1649 5660 1956 5725 veritatem,
1999 5668 2150 5714 stan-

557 5766 643 5809 tes
671 5769 765 5824 per
800 5751 1315 5816 contradictionem,
1370 5750 1482 5805 sive
1510 5750 1677 5803 etiam
1715 5750 1860 5803 omni
1914 5752 2150 5819 garruli-

558 5849 671 5898 tate
706 5857 938 5912 pugnam
970 5839 1037 5897 ad
1083 5854 1223 5895 vana
1253 5849 1308 5895 et
1361 5837 1536 5893 l'utilia
1582 5839 1980 5894 contendamus
2020 5858 2031 5893 :
2070 5841 2151 5895 sic

2258 3283 2352 3335 καὶ
2403 3276 2637 3351 ἁπάγειν
2683 3282 2793 3336 τῶν
2847 3283 3278 3353 σπουδαιοτέρων
3314 3283 3409 3335 τὸν
3449 3281 3630 3350 λόγον.
3684 3280 3853 3335 Ἀλλά

2255 3374 2467 3427 δέδοικα
2495 3375 2569 3445 μὴ
2600 3373 2777 3428 πάντα
2800 3376 2931 3445 ἡμῖν
2956 3374 3151 3444 ἐπίσης
3174 3374 3242 3427 τὰ
3267 3376 3331 3426 ἐκ
3349 3374 3449 3444 τῆς
3474 3372 3848 3443 λογογραφίας

2253 3466 2349 3520 τοῦ
2384 3466 2651 3537 Εὑνομίου
2687 3467 3046 3539 προκείμενα,
3082 3466 3370 3537 φλέγματά
3397 3484 3517 3520 τινα
3625 3467 3719 3519 καὶ
3756 3466 3849 3518 θα-

2254 3560 2468 3614 λάσσιοι
2521 3560 2840 3630 πνεύμονες.
2885 3561 3047 3612 Ὥστε
3100 3561 3219 3613 κατ’
3271 3560 3515 3631 ἀνάγκην
3574 3561 3706 3630 ἡμῖν
3756 3558 3848 3612 τὸν

2254 3652 2411 3722 λόγον
2437 3655 2551 3716 τοῖς
2592 3652 2904 3725 εἰρημένοις
2944 3650 3603 3721 ὲναπολῆξαι,-μηδεμίαν
3645 3653 3713 3703 ὲκ
3737 3650 3847 3702 τῶν

2254 3743 2658 3814 γεγραμμένων
2687 3742 2819 3812 ὕλην
2842 3744 2922 3807 εἰς
2949 3743 3213 3813 ἐργασίαν
3240 3743 3581 3813 εὑρίσκοντα.
3619 3742 3846 3811 Ὦςγάρ

2252 3854 2336 3898 τις
2368 3835 2573 3899 καπνὸς
2615 3834 2874 3905 ῆόμίχλη
2912 3834 3130 3904 βαθύνει
3184 3835 3282 3904 μὲν
3320 3836 3415 3888 καὶ
3458 3833 3709 3888 ἀναθολοί
3753 3834 3845 3887 τὸν

2255 3929 2393 3998 ἀέρα
2412 3944 2424 3957 ·
2463 3930 2521 3980 ὲν
2548 3920 2703 3998 ᾧπερ
2746 3927 2811 3981 ἂν
2840 3927 2938 3998 τὴν
2970 3926 3228 3982 σύστασιν
3262 3927 3424 4001 λάϐῃ,
3458 3928 3553 3980 καὶ
3580 3929 3716 3999 πρὸς
3748 3927 3845 3997 τὴν

2255 4017 2396 4070 κατά
2448 4017 2611 4085 φύσιν
2646 4017 2926 4088 ἐνέργειαν
2975 4017 3173 4070 κωλύει
3224 4018 3323 4088 τὴν
3360 4018 3566 4088 ὅρασιν,
3621 4018 3681 4069 οὐ
3734 4016 3844 4087 μὴν

2253 4108 2397 4161 οὕτω
2427 4096 2869 4163 καταπυκνοῦται
2892 4109 3029 4179 πρὸς
3058 4108 3276 4180 ἑαυτὴν,
3299 4109 3374 4173 ὼς
3413 4110 3507 4163 καὶ
3538 4108 3844 4178 δράξασθαι

2255 4201 2603 4272 βουλόμενον,
2630 4202 2727 4255 καὶ
2759 4204 3040 4272 περισχεῖν
3070 4202 3192 4265 ταῖς
3228 4202 3527 4272 παλάμαις,
3563 4201 3657 4253 καὶ
3686 4201 3843 4253 ἀντι-

2253 4295 2486 4365 τοπῆσαι
2539 4294 2618 4365 τῷ
2666 4294 2971 4364 πλήττοντι.
3010 4293 3262 4348 Τοιοῦτόν
3314 4312 3369 4347 τι
3419 4295 3511 4347 καὶ
3560 4296 3690 4366 περὶ
3745 4295 3844 4363 τῆς

2255 4389 2457 4458 σεμνῆς
2507 4386 2708 4457 ταύτης
2739 4387 3104 4458 λογογραφίας
3153 4387 3321 4440 εἰπών
3361 4405 3464 4450 τις.
3500 4387 3599 4440 οὐκ
3644 4385 3713 4440 ἂν
3744 4388 3844 4454 τῆς

2254 4478 2487 4549 ἀληθοῦς
2507 4479 2758 4543 εἰκασίας
2786 4479 3041 4550 ἁμάρτοι.
3074 4479 3246 4542 Πολὺς
3278 4481 3306 4532 ό
3336 4477 3491 4540 ὕθλος
3527 4478 3584 4529 ἐν
3610 4475 3843 4544 ὀγκώδει

2181 4591 2231 4651 D
2257 4571 2349 4622 καὶ
2378 4570 2763 4640 φλεγμαίνοντι
2796 4570 2939 4642 λόγῳ
2970 4570 3367 4642 πεπονημένος,
3390 4569 3485 4623 καὶ
3509 4567 3584 4637 τῷ
3614 4568 3689 4638 μὴ
3719 4568 3843 4620 λίαν

2253 4660 2545 4733 διορατικῷ
2576 4664 2676 4732 τὴν
2723 4661 2924 4731 ψυχὴν,
2966 4661 3156 4733 ὥσπερ
3206 4660 3374 4731 ἀχλὺς
3424 4658 3502 4729 τῷ
3555 4658 3843 4728 πόρρωθεν

2254 4748 2524 4818 βλέποντι,
2558 4748 2818 4803 σύστασιν
2856 4749 3000 4820 ἔχειν
3040 4750 3162 4803 τινὰ
3198 4750 3290 4803 καὶ
3320 4747 3621 4818 φαντασίαν
3666 4746 3837 4801 δοκεῖ.

2251 4843 2315 4895 El
2353 4843 2410 4895 δέ
2437 4860 2522 4904 τις
2550 4844 2668 4895 κατ’
2705 4842 2866 4895 αὐτὸν
2896 4842 3127 4911 γένοιτο,
3160 4842 3253 4895 καὶ
3281 4845 3346 4912 τῇ
3383 4840 3704 4910 ἐξεταστικῇ
3729 4838 3842 4893 δια-

2251 4934 2368 5004 νοίᾳ
2394 4932 2504 4986 τῶν
2532 4933 2837 5004 εἰρημένων
2868 4933 3418 5003 ὲφάπτοιτο,-καπνοῦ
3442 4932 3596 5001 δίκην
3621 4932 3841 5002 διαρρεῖ

2249 5025 2350 5093 τῆς
2387 5022 2557 5092 λαϐῆς
2588 5024 2658 5076 τά
2694 5026 2960 5095 νοήματα,
2999 5026 3094 5079 καὶ
3123 5027 3203 5089 εἰς
3236 5025 3297 5077 τὸ
3334 5025 3409 5095 μὴ
3438 5024 3497 5077 ὃν
3523 5024 3839 5077 διασκίδνα-

2250 5134 2360 5178 ται,
2390 5116 2483 5169 καὶ
2519 5117 2579 5169 οὐ
2612 5116 2825 5187 δέχεται
2871 5117 2960 5170 διά
2990 5134 3133 5180 τινος
3167 5117 3521 5188 στερρότητος
3560 5116 3654 5168 καὶ
3679 5116 3836 5169 ἀντι-

2249 5208 2451 5272 τυπίας
2488 5209 2581 5262 τὸν
2626 5209 2931 5280 πλήττοντα
2968 5209 3145 5277 λόγον.
3180 5210 3244 5262 Τί
3274 5205 3365 5263 οὖν
3408 5211 3513 5279 χρὴ
3547 5210 3833 5279 πράττειν,

2251 5297 2475 5370 ἄπορον.
2529 5299 3012 5370 Εὐσυκοφάντητος
3044 5300 3153 5370 γὰρ
3200 5300 3335 5371 πρὸς
3382 5301 3639 5370 ἑκάτερον
3681 5302 3839 5369 παρά

2249 5393 2360 5454 τοῖς
2383 5389 2666 5458 φιλαιτίοις
2691 5393 2724 5461 ή
2757 5390 2988 5461 αἵρεσις,
3013 5391 3122 5445 εἴτε
3152 5392 3400 5461 καθάπερ
3427 5390 3549 5443 τινὰ
3574 5392 3838 5460 φάραγγα

2249 5479 2678 5549 διαπηδήσαντες
2731 5481 2829 5551 τήν
2880 5481 3232 5549 κενοφωνίαν,
3267 5482 3360 5534 ἐπὶ
3410 5480 3477 5534 τὰ
3512 5481 3690 5551 πρανῆ
3740 5483 3837 5533 καὶ

2251 5572 2519 5643 έπίδρομα
2535 5572 2626 5625 τὸν
2646 5572 2800 5641 λόγον
2823 5573 3153 5645 εὐθύνωμεν,
3174 5577 3286 5637 τοῖς
3306 5573 3518 5627 δοκοῦσί
3546 5590 3670 5627 τινα
3694 5573 3838 5626 κατά

2251 5664 2348 5733 τῆς
2378 5662 2633 5733 ἀληθείας
2685 5664 2837 5735 ἰσχὺν
2866 5664 3030 5735 ἔχειν,
3079 5666 3432 5729 συσταθέντες
3470 5665 3560 5719 διὰ
3605 5664 3707 5735 τῆς
3737 5666 3836 5718 ἀν-

2252 5755 2577 5826 τιρρήσεως,
2600 5754 2710 5807 εἴτε
2731 5756 2825 5810 καὶ
2849 5758 2996 5829 πάσῃ
3026 5759 3556 5829 συμπαρατείνωμεν
3584 5760 3650 5827 τῇ
3672 5756 3838 5824 φλυα-

2256 5847 2346 5917 ρίᾳ
2384 5846 2482 5917 τὴν
2522 5847 2659 5917 πρὸς
2686 5847 2755 5901 τὰ
2786 5849 2987 5920 μάταια
3017 5851 3195 5922 μάχην
3216 5867 3227 5881 ·
3264 5852 3403 5906 οὕτω
3435 5852 3531 5920 μὲν
3562 5850 3669 5922 γὰρ
3701 5850 3837 5904 ἐπε-
