4146 6386
303 360 443 408 ιυῖῦ

1458 354 1739 408 CONTRA
1770 356 2163 425 EUNOMIUM,
2208 360 2333 415 LIB.
2376 360 2489 416 XII.

3426 367 3445 420 Ι
3458 366 3565 420 09.6

301 469 437 541 χθὴς
467 468 618 523 ἔσται
657 473 769 533 τοῖς
796 469 1138 540 ἀφιλοπὸνοις
1172 472 1207 542 ὴ
1242 468 1445 540 σπουδὴ
1480 471 1574 523 καὶ
1603 470 1881 541 ἀνόνητος,

1994 473 2210 542 quidem
2244 474 2332 528 his
2361 473 2455 544 qui
2481 472 2720 528 laborem
2760 476 3090 540 detrectant,
3124 474 3365 531 studium
3397 482 3567 533 mole-

302 564 359 616 ἐν
393 561 615 626 πολλαῖς
656 564 803 617 ἐπῶν
838 563 1071 635 χιλιάσιν
1096 564 1182 616 ἐπ’
1211 563 1385 617 οὑδενὶ
1411 565 1667 635 χρησίμῳ
1710 581 1886 635 μηκυ-

301 656 521 726 νομένη.
568 657 632 709 Ei
671 656 729 709 δὲ
767 658 874 710 τῶν
916 656 1216 711 δοκούντων
1249 656 1394 726 ἔχειν
1438 658 1561 709 τινὰ
1608 655 1750 710 κατά
1790 658 1886 727 τῆς

300 746 559 816 ἀληθείας
614 750 767 819 ίσχὺν
815 751 991 819 μόνων
1039 749 1494 819 ἀπιλαὸοίμεθα,
1550 749 1887 820 κατηγορίας

302 839 559 910 ἀφορμὴν
584 843 697 903 τοῖς
722 840 1063 899 ὑπεναντίοις
1096 841 1429 912 παρέξομεν,
1460 841 1536 903 ὡς
1564 841 1886 911 παρεικότες

301 932 422 983 τινὰ
466 933 573 986 τῶν
609 934 669 986 οὑ
713 933 1017 1003 δεχομένων
1056 934 1395 1005 ἀντίρρησιν.
1444 934 1660 1004 Ἐπειδὴ
1710 934 1889 986 τοίνυν

300 1022 393 1075 δύο
422 1025 800 1094 προκειμένων
831 1027 981 1095 ἡμῖν,
1015 1026 1109 1079 τοῦ
1142 1043 1200 1079 τε
1229 1027 1316 1079 διὰ
1366 1027 1583 1079 πάντων
1615 1026 1706 1079 τὸν
1731 1025 1886 1093 λόγον

302 1116 496 1181 ἐλθεῖν,
534 1118 750 1171 καὶτοῦ
791 1122 904 1182 τοῖς
958 1120 1406 1190 ἀναγκαιοτέροις
1447 1119 1628 1189 μόνοις
1666 1119 1889 1188 ἐπιδρα-

304 1210 425 1277 μεῖν
446 1224 460 1238 ⁸
498 1209 553 1262 τὸ
584 1210 683 1280 μὲν
716 1212 951 1280 ἐπαχθὲς
992 1214 1106 1275 τοῖς
1133 1208 1413 1275 ἀκούουσι,
1446 1211 1507 1264 τὸ
1538 1211 1595 1264 δὲ
1620 1213 1731 1273 τοῖς
1759 1210 1888 1280 βάλ-

299 1299 483 1353 λουσιν
525 1300 787 1365 ὓποπτον,
819 1304 1001 1367 καλῶς
1044 1304 1187 1374 ἔχειν
1220 1304 1363 1375 φημὶ
1412 1303 1583 1374 μέσην
1610 1302 1732 1355 τινὰ
1758 1319 1890 1373 τρα-

302 1392 372 1444 πό
380 1410 537 1462 μενον
560 1396 815 1463 ἐκφυγεῖν
833 1396 1194 1467 ἑκατέρωθεν,
1212 1396 1288 1457 ὡς
1303 1398 1524 1459 οἴονται,
1541 1395 1601 1448 τὸ
1619 1394 1885 1447 ὑπαίτιον.

301 1483 398 1547 Τίς
432 1481 524 1539 οὖν
570 1489 603 1557 ἡ
656 1488 915 1557 μέθοδος;
953 1489 1177 1543 Πάντων
1215 1488 1324 1541 τῶν
1361 1488 1504 1540 κατὰ
1547 1487 1609 1539 τὸ
1662 1488 1889 1557 μάταιον

302 1579 694 1649 πεπονημένων
720 1580 869 1650 αὑτῷ
902 1581 1254 1651 συντεμόντες
1280 1581 1355 1643 ὡς
1382 1574 1491 1633 οἷόν
1516 1596 1575 1631 τε
1607 1580 1699 1631 τὸν
1722 1578 1890 1630 πολὺν

304 1669 587 1740 συρφετὸν,
617 1670 683 1722 δι’
701 1672 896 1739 όλίγων
926 1671 1378 1743 ἐπιδραμούμεθα
1411 1670 1797 1744 κεφαλαιωδῶς
1821 1668 1890 1721 τά

301 1763 583 1830 νοήματα·
615 1761 689 1824 ὡς
740 1764 876 1833 μήτε
924 1767 1041 1827 τοῖς
1086 1766 1334 1834 ἀνοήτοις
1367 1761 1692 1833 ἐμϐαθύνειν
1742 1762 1888 1831 εἰκῆ,

306 1853 445 1922 μήτε
473 1871 525 1904 τι
561 1854 668 1905 τῶν
699 1855 1004 1925 εἰρημένων
1044 1855 1297 1919 καθάπαξ
1331 1854 1592 1923 περιιδεῖν
1640 1852 1892 1916 ἀνεξέτα-
1927 1832 1964 1884 Β

304 1960 448 1997 στον.
482 1946 661 2007 ’Ἅπας
702 1946 879 1999 τοίνυν
903 1950 931 1999 ό
969 1947 1127 2014 λόγος
1152 1947 1299 2017 αὑτῴ
1330 1946 1557 2016 ἄσχολός
1605 1947 1720 1997 ἐστι
1757 1944 1894 2015 πρὸς

300 2035 503 2105 ταύτην
545 2037 642 2107 τὴν
674 2039 933 2107 σπουδὴν,
962 2037 1131 2103 δεῖξαι
1167 2038 1486 2106 φιλονεικῶν
1531 2034 1894 2107 ἀνθρωπικῶς

300 2128 363 2180 τὸ
391 2128 543 2181 Θεῖον
575 2130 976 2200 διαλεγόμενον,
1007 2131 1099 2185 καὶ
1129 2130 1227 2195 τὰς
1256 2129 1594 2202 σημαντικὰς
1623 2128 1730 2180 τῶν
1757 2144 1895 2198 πρα-

301 2224 527 2292 γμάτων
571 2224 753 2291 φωνὰς
784 2225 945 2277 αὑτὸν
978 2228 1090 2287 τοῖς
1116 2220 1236 2277 οὖσι
1276 2226 1367 2276 τὸν
1396 2223 1503 2276 τῶν
1549 2221 1894 2290 πραγμάτων

300 2315 628 2385 δημιουργὸν
677 2316 1079 2388 ἐφαρμόζοντα.
1112 2318 1223 2370 Καὶ
1254 2315 1342 2368 διὰ
1380 2315 1538 2367 τοῦτο
1583 2313 1887 2383 μαχόμενος

304 2406 441 2477 πρὸς
469 2407 558 2460 τὸν
605 2409 827 2461 εἰπόντα
848 2409 947 2478 τῆς
977 2409 1202 2479 λογικῆς
1233 2404 1372 2461 εἶναι
1410 2406 1647 2475 φύσεως,
1679 2406 1746 2475 ἢν
1769 2403 1891 2455 θεό-

302 2500 395 2554 θεν
420 2500 703 2569 ἐλάϐομεν,
732 2502 801 2554 τά
826 2500 1050 2555 τοιαῦτα
1067 2502 1175 2553 τῶν
1195 2500 1496 2569 ὀνομάτων,
1522 2496 1615 2550 καὶ
1637 2493 1738 2563 τῆς
1766 2492 1894 2561 ἀλη-

303 2592 455 2655 θείας
500 2593 891 2663 διαμαρτάνειν
940 2594 1094 2663 φησὶ,
1145 2591 1241 2644 καὶ
1286 2593 1384 2660 τῆς
1421 2588 1555 2649 ιδίας
1603 2584 1765 2639 αὑτὸν
1816 2583 1891 2652 μὴ

302 2686 525 2753 κρατεῖν
549 2683 879 2749 ὑποθέσεως,
905 2684 999 2736 καὶ
1022 2681 1228 2754 ταύτην
1245 2679 1539 2749 ἐπαγαγὼν
1558 2679 1657 2748 τὴν
1684 2676 1890 2746 μέμψιν

302 2773 474 2843 αὑτῷ,
502 2774 763 2837 τοιούτοις
804 2775 1067 2847 κέχρηται
1110 2774 1388 2843 λογισμοῖς
1416 2772 1554 2841 πρὸς
1590 2767 1885 2831 ἀπόδειξιν·

1989 574 2134 620 stum
2190 566 2293 620 erit
2337 576 2391 621 et
2424 565 2637 631 inutile,
2671 567 2727 620 in
2775 568 2966 623 multis
3005 584 3262 624 versuum
3327 571 3572 627 millibus

1988 657 2125 711 nihil
2160 655 2532 725 profuturum,
2569 657 2616 711 si
2667 659 3043 726 protrahatur.
3092 657 3246 724 Quod
3279 662 3323 715 si
3353 677 3415 715 ea
3451 680 3574 730 qua:

1986 749 2155 803 robur
2185 749 2403 816 aliquod
2424 756 2685 819 putantur
2709 749 2907 805 habere
2928 759 3119 804 contra
3142 752 3423 807 veritatem
3456 756 3571 807 sola

1989 841 2445 910 corripuerimus,
2476 842 2847 897 accusationis
2866 844 3212 899 occasionem
3241 846 3574 902 adversariis

1989 934 2374 1003 prmbebimus,
2400 945 2457 988 ut
2476 935 2569 1004 qui
2588 936 3096 1003 praetermiserimus
3120 939 3363 1005 quaedam
3383 955 3571 993 eorum

1990 1041 2111 1094 quae
2150 1026 2644 1082 contradictionem
2673 1043 2779 1081 non
2811 1027 3128 1083 admittunt.
3163 1031 3434 1096 Quoniam
3475 1034 3574 1104 igi-

1991 1129 2083 1172 tur
2114 1118 2224 1173 duo
2246 1119 2402 1173 nobis
2423 1129 2552 1174 sunt
2574 1122 2875 1189 proposita,
2903 1130 2957 1176 et
2992 1132 3050 1176 ut
3073 1124 3139 1176 ad
3174 1126 3359 1180 omnia
3393 1141 3575 1181 sermo

1990 1219 2176 1265 noster
2210 1220 2487 1275 occurrat,
2545 1222 2601 1266 et
2662 1221 2723 1267 ut
2751 1215 2865 1268 sola
2896 1216 3068 1286 magis
3113 1218 3423 1272 necessaria
3453 1234 3575 1288 per-

1990 1312 2219 1358 currat:
2254 1303 2387 1358 illud
2430 1305 2650 1373 quidem
2705 1308 3051 1363 auditoribus
3109 1310 3422 1373 molestum,
3472 1311 3574 1365 hoc

1990 1411 2120 1449 vero
2141 1396 2513 1538 jacﬂ‘antibus
2543 1408 2884 1468 suspectum,
2937 1402 3197 1469 praeclare
3225 1411 3409 1455 actum
3447 1404 3573 1467 erit,

1992 1486 2035 1538 si
2074 1486 2230 1538 medi-
2338 1489 2628 1538 quamdam
2679 1491 2820 1538 viam
2859 1492 3108 1538 ingressi-
3142 1494 3398 1538 ntrinmm
3429 1495 3572 1538 n'nml

1992 1486 2035 1540 si
2074 1486 2305 1540 medim
2338 1489 2628 1557 quamdam
2679 1491 2820 1545 viam
2859 1492 3110 1559 ingressi,
3142 1494 3398 1556 utrinque
3429 1495 3573 1562 q'uod

1990 1578 2209 1631 crimini
2239 1586 2324 1632 est
2353 1580 2671 1646 obnoxium,
2704 1592 2968 1651 quantum
3001 1584 3117 1637 lieri
3173 1587 3410 1653 poterit.
3442 1584 3578 1639 em.-

1991 1669 2225 1738 giamus.
2259 1671 2520 1735 Quaenam
2551 1674 2718 1743 igitur
2744 1674 2851 1729 erit
2890 1676 3216 1731 methodus?
3250 1676 3324 1730 Ex
3362 1678 3429 1732 iis
3456 1693 3578 1731 om-

1995 1764 2159 1817 nibus
2192 1780 2313 1833 qum
2341 1765 2409 1818 ab
2430 1765 2549 1833 ipso
2578 1768 2857 1821 incassum
2896 1769 3173 1821 elaborata
3203 1776 3352 1831 sunt,
3386 1783 3578 1838 ampu-

1992 1862 2172 1909 tantes
2201 1859 2381 1925 quoad
2435 1859 2552 1912 ﬁeri
2583 1860 2782 1927 poterit
2809 1858 3052 1913 sordium
3087 1860 3350 1921 illuviem.
3387 1863 3587 1930 paucis

1991 1951 2045 1998 et
2075 1947 2389 2000 summatim
2420 1950 2674 2003 notiones
2706 1957 2760 2003 et
2791 1950 3092 2004 sententias
3126 1966 3516 2020 percurremus
3559 1971 3570 2004 :

1992 2038 2064 2090 ita
2096 2046 2154 2091 ut
2177 2054 2352 2107 neque
2381 2042 2433 2093 in
2457 2057 2621 2095 sensu
2646 2043 2963 2097 carentibus
2983 2044 3579 2103 Iemereimmoremnr,

1993 2146 2171 2199 neque
2200 2132 2496 2201 quidquam
2532 2134 2802 2188 dictorum
2830 2151 3055 2204 prorsus
3088 2137 3393 2202 neglexisse
3424 2137 3575 2190 inex-

1992 2236 2214 2275 cussum
2243 2222 2545 2277 videamur.
2582 2224 3053 2290 Quemadmodum
3088 2229 3253 2297 igitur
3308 2229 3430 2297 ejus
3460 2244 3577 2282 ser-

1994 2328 2083 2367 mo
2109 2314 2161 2367 in
2188 2329 2253 2368 eo
2290 2316 2633 2385 potissimum
2667 2327 2934 2383 versatur,
2963 2328 3023 2372 ut
3054 2319 3431 2374 demonstrare
3464 2336 3585 2373 am-

1993 2403 2191 2458 bitiose
2230 2405 2526 2459 contendat
2561 2406 2801 2459 bmuano
2825 2422 2975 2459 more
3004 2409 3168 2461 Deum
3203 2408 3496 2470 disserere,
3524 2416 3579 2461 et

1993 2508 2177 2547 rerum
2210 2494 2605 2563 signiﬁcativas
2637 2512 2799 2551 voces
2830 2499 3005 2565 ipsum
3043 2512 3225 2551 rerum
3246 2497 3495 2565 Opilicem
3522 2510 3579 2551 et

1997 2595 2277 2641 auctorem
2301 2587 2387 2642 bis
2422 2606 2543 2656 qua:
2574 2597 2703 2643 sunt
2735 2591 3031 2659 applicare;
3057 2591 3289 2660 ideoque
3329 2607 3578 2660 pugnans

1996 2695 2120 2731 cum
2157 2694 2223 2733 eo
2270 2680 2361 2749 qui
2403 2681 2543 2734 dixit
2586 2682 2869 2736 rationalis
2919 2698 3040 2736 esse
3089 2691 3319 2744 naturie,
3352 2700 3515 2752 quam
3549 2702 3580 2736 ιι

1996 2766 2108 2822 Deo
2145 2770 2476 2837 accepimus,
2510 2770 2638 2822 talia
2671 2772 2915 2834 nomina,
2947 2787 3071 2825 eum
3100 2786 3129 2824 a
3158 2773 3385 2827 veritate
3414 2774 3580 2827 abi-r-

306 2880 428 2919 rare
482 2864 636 2929 dicit,
672 2875 726 2920 et
765 2882 925 2921 suum
959 2882 1069 2920 non
1100 2874 1287 2921 tenere
1318 2866 1734 2918 fundamentum
1784 2876 1798 2925 ;
1835 2870 1888 2914 et
1927 2857 2069 2914 hanc
2101 2861 2378 2929 querelam
2413 2860 2467 2915 in
2485 2861 2663 2931 ipsum
2695 2879 2818 2916 cum
2853 2864 3079 2918 adduxit
3137 2865 3337 2919 talibus
3407 2868 3579 2920 ratii-

304 2963 469 3018 nibus
496 2962 559 3017 ad
588 2963 1116 3018 demonstrationem
1150 2978 1285 3017 usus
1325 2972 1411 3016 est
1449 2979 1461 3015 :

372 3048 543 3116 Εἷπε,
568 3054 751 3123 φησὶν,
771 3056 803 3107 ό
824 3055 1165 3119 Βασίλειος,
1181 3054 1330 3122 μετὰ
1357 3054 1419 3107 τὸ
1456 3051 1693 3122 πρῶτον
1718 3050 1878 3119 erra-

300 3146 561 3215 νόμενον
608 3146 754 3215 ἡμῖν
787 3147 919 3212 περὶ
968 3147 1075 3201 τοῦ
1129 3146 1467 3215 πράγματος
1510 3146 1726 3212 νόημα,
1775 3142 1891 3207 τὴν

301 3238 671 3306 λεπτοτέραν
694 3237 794 3291 καὶ
827 3239 1258 3306 ἀκριϐεστέραν
1294 3238 1397 3291 τοῦ
1446 3236 1768 3304 νοηθέντος
1796 3235 1891 3298 ἐξ·

302 3329 532 3393 ἐτασιν,
566 3329 839 3382 ἐπίνοιαν
868 3329 1170 3398 λέγεσθαι.
1211 3331 1323 3383 Καὶ
1364 3333 1428 3399 τῇ
1469 3328 1696 3399 τοιαύτῃ
1725 3344 1893 3379 κατα-

303 3424 471 3493 σκευῇ
501 3423 764 3493 διελέγχει
789 3422 1080 3491 τὸνλόγον,
1113 3423 1188 3485 ὡς
1214 3422 1385 3474 οἴεται
1410 3421 1693 3492 Εὑνόμιος,
1728 3421 1809 3472 ὅτι
1833 3422 1892 3472 ὲν

300 3508 384 3577 οἷς
411 3515 511 3568 οὑκ
533 3515 647 3568 ἐστι
679 3514 894 3587 πρῶτον
920 3516 1015 3568 καὶ
1039 3515 1292 3585 δεύτερον
1315 3517 1513 3584 νόημα,
1548 3512 1669 3567 οὔτε
1701 3513 1890 3565 λεπτός

300 3622 461 3678 τερον
490 3607 678 3669 ἓτερον
720 3608 908 3678 ἐτέρου
943 3608 1039 3661 καὶ
1081 3606 1493 3677 ἀκριϐέστερον,
1528 3608 1627 3658 οὑκ
1659 3604 1725 3658 ἂν
1755 3605 1888 3674 ἔχοι,

306 3700 461 3769 φησι,
489 3699 672 3770 χώραν
713 3700 775 3752 τὸ
818 3701 938 3753 κατ’
977 3700 1219 3753 ἐπίνοιαν
1242 3716 1256 3731 ·
1304 3699 1442 3761 τέως
1472 3698 1570 3770 μὲν
1617 3698 1710 3751 καὶ
1735 3697 1893 3749 τοῦτο

305 3792 535 3863 δολερῶς
565 3792 895 3863 ὑφαρπάσας
926 3792 1076 3864 παρὰ
1108 3793 1214 3845 τῶν
1245 3794 1475 3863 ἐχόντων
1504 3790 1673 3861 ἀκοὴν
1704 3806 1890 3858 φωρα-

307 3883 550 3952 θήσεται.
601 3884 675 3935 Οὑ
708 3883 818 3954 γὰρ
852 3884 1033 3954 πάσης
1079 3883 1321 3946 ἐπινοίας
1366 3883 1555 3936 τοῦτον
1596 3881 1891 3951 πεποίηται

306 3975 396 4028 τὸν
422 3976 648 4047 ὁρισμὸν
682 3978 710 4028 ὁ
743 3976 1056 4039 διδάσκαλος
1083 3974 1260 4045 ήμῶν,
1282 3974 1395 4027 ἀλλ’
1426 3969 1536 4026 οἷον
1578 3973 1749 4043 ίδικήν
1772 3990 1893 4026 τινα

308 4067 415 4119 τῶν
444 4068 563 4119 κατ’
591 4067 833 4119 ἐπίνοιαν
855 4065 1242 4136 θεωρουμένων
1268 4064 1639 4134 ὑποδιαίρεσιν
1665 4064 1892 4133 ποιησά-

312 4175 490 4228 μενος,
528 4159 602 4219 ὡς
632 4158 697 4210 ἂν
730 4156 804 4227 μὴ
837 4155 1002 4209 πολὺν
1035 4156 1191 4227 ὄχλον
1228 4156 1506 4223 ἐπεισάγοι
1536 4155 1615 4225 τῷ
1645 4156 1805 4225 λόγῳ,
1832 4155 1892 4208 τὸ

311 4250 475 4320 μέρος
518 4249 674 4301 τοῦτο
716 4248 1077 4317 διασαφήσας,
1114 4249 1293 4318 ἀφῆκε
1329 4248 1454 4309 τοὺς
1497 4246 1621 4300 νοῦν
1669 4246 1891 4315 ἔχοντας

308 4343 372 4393 ἐκ
403 4340 498 4391 τοὺ
542 4340 740 4409 μέρους
772 4338 831 4391 τὸ
871 4338 991 4391 ὅλον
1028 4337 1451 4405 ἐπιλογίζεσθαι.
1483 4337 1593 4390 Καὶ
1630 4336 1705 4399 ὡς
1748 4336 1891 4389 κατά

306 4430 568 4482 πλειόνων
592 4431 685 4481 καὶ
706 4429 1070 4498 διαφερόντων
1094 4427 1171 4497 τῷ
1202 4428 1329 4479 εῖδει
1352 4427 1775 4496 κατηγορεῖσθαί
1807 4444 1891 4489 τις

2059 3042 2234 3108 Dixit,
2267 3045 2363 3108 ait,
2425 3044 2685 3112 Basilius,
2740 3057 2859 3115 post
2886 3048 3114 3116 primam
3148 3067 3265 3120 qua!
3292 3054 3357 3106 de
3398 3055 3581 3124 aliqua

1996 3154 2052 3190 re
2083 3137 2232 3191 nobis
2256 3140 2590 3208 ingeneratur
2622 3140 2906 3201 notionem,
2942 3142 3081 3209 quod
3102 3143 3349 3197 subtilior
3399 3157 3448 3199 et
3489 3166 3581 3201 ac-

1997 3230 2236 3283 curatior
2272 3231 2348 3284 rei
2388 3231 2669 3285 intellecta:
2715 3231 2987 3301 indagatio
3039 3235 3252 3289 ὲπίνοια
3301 3238 3407 3292 sive
3438 3257 3584 3294 com-

1992 3322 2245 3375 mentatio
2274 3321 2505 3388 dicitur;
2533 3330 2587 3377 et
2629 3324 2731 3377 hac
2791 3326 3209 3393 praestructione
3264 3345 3576 3386 sermonem

1993 3414 2191 3484 arguit,
2217 3422 2275 3467 ιιι
2303 3426 2460 3485 putat
2493 3415 2816 3478 Eunomius,
2853 3420 2999 3489 quod
3031 3421 3083 3473 in
3111 3423 3314 3489 quibus
3358 3441 3464 3478 non
3499 3435 3584 3479 est

1992 3508 2166 3576 prima
2200 3517 2253 3561 et
2285 3510 2526 3563 secunda
2557 3511 2729 3573 notio,
2763 3528 2942 3580 neque
2969 3513 3225 3567 subtilior
3255 3515 3449 3572 altera.
3486 3534 3583 3570 ne-

1991 3616 2098 3668 que
2128 3603 2461 3665 accuratior,
2488 3618 2594 3655 non
2619 3603 2861 3667 haberet,
2888 3605 3084 3674 inquit,
3109 3606 3286 3661 locum
3312 3610 3455 3677 quod
3491 3626 3584 3680 per

1991 3697 2506 3751 commentationem
2538 3696 2739 3749 dicitur
2766 3714 2781 3763 ;
2816 3706 2945 3750 tunc
2980 3698 3148 3766 igitur
3172 3707 3227 3752 et
3263 3700 3368 3754 hoc
3394 3701 3586 3758 dolose

1993 3786 2301 3855 abripuisse
2329 3786 2397 3837 ab
2438 3786 2521 3838 bis
2551 3786 2642 3854 qui
2680 3800 2786 3839 non
2814 3786 3001 3840 auditu
3061 3798 3251 3842 carent
3276 3790 3585 3860 deprehen-

1992 3879 2173 3943 ditur;
2202 3894 2310 3931 non
2358 3878 2504 3933 enim
2535 3878 2714 3931 omnis
2743 3881 3222 3935 commentationis
3279 3882 3422 3937 banc
3456 3884 3585 3939 fecit

1992 3970 2363 4025 definitionem
2401 3970 2596 4023 doctor
2623 3980 2831 4031 noster.
2877 3972 2973 4025 sed
3022 3974 3169 4026 velut
3196 3976 3417 4041 speciali
3447 3994 3582 4044 qna-

1992 4062 2115 4113 dam
2162 4075 2350 4114 eorum
2384 4073 2504 4128 qua:
2538 4074 2633 4127 per
2688 4060 3204 4114 commentationem
3263 4071 3585 4131 spectantur

1994 4152 2372 4206 subdivisiohe
2418 4150 2585 4212 facta,
2617 4166 2687 4205 ne
2725 4152 2954 4205 multam
2985 4153 3222 4208 orationi
3249 4155 3463 4209 turbam
3495 4157 3583 4209 in-

1992 4243 2237 4308 duceret,
2291 4244 2392 4295 bac
2462 4251 2614 4312 parte
2665 4242 2959 4296 dilucidius
3007 4244 3299 4311 explicata,
3369 4246 3582 4301 dimisit

1994 4342 2174 4386 mente
2200 4332 2458 4401 praaditos
2499 4348 2561 4385 ex
2597 4340 2751 4400 parte
2799 4339 2972 4386 totum
3017 4334 3399 4389 ratiocinando
3427 4338 3585 4389 colli-

1995 4440 2153 4493 gere;
2184 4433 2350 4492 atque
2401 4433 2457 4476 ut
2508 4424 2575 4476 de
2605 4422 2855 4491 pluribus
2888 4432 2942 4477 et
2971 4424 3156 4493 specie
3202 4424 3584 4485 dill'erentibus

306 4524 368 4576 τὸ
400 4521 536 4586 ζῶον
583 4520 785 4582 εἰπὼν,
818 4521 916 4573 οὑκ
947 4519 1011 4571 ἂν
1054 4518 1130 4582 ὡς
1169 4517 1481 4589 διαμαρτὼν
1518 4517 1772 4587 ἀληθείας
1812 4519 1891 4571 δι-

1997 4515 2196 4568 animal
2219 4515 2490 4569 enuntiari
2521 4516 2565 4569 si
2592 4516 2715 4584 quis
2748 4515 3081 4578 dixerit,uon
3108 4532 3139 4569 a
3170 4521 3396 4573 veritate
3428 4522 3587 4575 aber-

306 4610 611 4681 ἐλεγχθείη,
635 4610 777 4674 ἰδίως
794 4610 883 4662 τὸν
906 4610 1186 4678 ἄνθρωπον
1207 4611 1286 4670 εἰς
1305 4607 1624 4678 ὑπογραφὴν
1641 4606 1884 4676 ἀγαγών·

306 4703 414 4757 οὐδ’
443 4704 508 4757 ἄν
558 4720 641 4766 τις
670 4703 832 4755 αὑτὸν
878 4700 953 4764 ὡς
981 4700 1361 4768 ἀποσφαλέντα
1406 4699 1498 4751 τοῦ
1542 4701 1693 4762 ὄντος
1726 4701 1887 4753 εὑθύ-

308 4812 447 4847 νοιεν
478 4794 564 4859 ἂν,
597 4795 645 4846 εί
684 4794 757 4864 μὴ
801 4793 943 4846 κατά
974 4791 1177 4863 πτηνοῦ
1216 4810 1275 4845 τε
1302 4794 1393 4845 καὶ
1416 4792 1766 4863 τετράποδος,
1798 4793 1892 4844 καὶ

308 4887 531 4955 ἐνύδρου
560 4886 651 4938 τὸν
685 4884 847 4938 αὑτὸν
876 4885 1151 4955 ἀποδιδοίη
1185 4885 1359 4951 λόγον,
1393 4884 1450 4937 ὃν
1482 4884 1577 4936 ἐπὶ
1622 4883 1715 4937 τοῦ
1751 4884 1892 4936 κατά

305 4980 396 5031 τὸν
432 4979 715 5049 ἄνθρωπον
745 4978 1089 5049 ἀπεφήνατο·
1124 4977 1265 5029 οὑτω
1298 4977 1632 5046 πολυσχιδῶς
1658 4978 1750 5029 καὶ
1776 4995 1894 5029 ποι-

309 5072 473 5132 κίλως
511 5068 604 5121 τοῦ
641 5071 760 5121 κατ’
797 5067 1039 5120 ἐπίνοιαν
1070 5066 1442 5137 θεωρουμένου
1485 5068 1666 5135 λόγου,
1698 5068 1799 5120 οὑκ
1830 5067 1896 5120 ἂν

309 5163 525 5231 ἔλεγχος
560 5162 644 5230 εἴη
677 5161 737 5213 τὸ
764 5161 977 5231 ἐκείνην
1008 5161 1083 5230 μὴ
1117 5155 1257 5211 εἶναι
1287 5161 1489 5229 κυρίως
1522 5161 1787 5225 ἐπίνοιαν,
1818 5159 1896 5230 τῷ

312 5255 404 5307 καὶ
449 5254 634 5324 ἕτερον
671 5248 808 5305 εἶναι
841 5254 1032 5304 εἰπεῖν.
1067 5252 1229 5303 Ὥστε
1274 5251 1374 5304 κᾶν
1413 5250 1541 5304 ἄλλο
1566 5270 1619 5303 τι
1653 5252 1895 5313 ἐπινοίας

312 5339 450 5405 εἶδος
490 5342 764 5414 θεωρηθῇ,
812 5343 872 5394 τὸ
918 5341 1285 5412 προαποδοθέν
1322 5342 1420 5410 οὑχ
1456 5341 1790 5411 ἡμάρτηται.
1834 5343 1895 5393 Εἰ

312 5437 412 5508 μὲν
448 5433 540 5490 οὖν
581 5454 687 5503 τις,
713 5439 865 5507 φησὶ,
899 5435 1008 5488 τῶν
1041 5436 1354 5488 ἀποστόλων
1383 5436 1416 5505 ἢ
1453 5436 1560 5487 τῶν
1601 5435 1897 5506 προφητῶν

309 5527 520 5590 τούτοις
568 5528 913 5598 χρησάμενος
964 5528 1057 5579 ἐπὶ
1088 5526 1182 5580 τοῦ
1212 5527 1448 5598 Χριστοῦ
1486 5530 1595 5590 τοῖς
1640 5528 1897 5598 ὀνόμασιν

310 5620 687 5681 ἀπεδείκνυτο,
720 5617 863 5690 εἶχεν
893 5621 958 5673 ἂν
996 5620 1351 5692 παραμυθίαν
1378 5620 1439 5673 τὸ
1466 5620 1681 5688 ψεῦδος.
1725 5622 1898 5691 Ὅσην

318 5715 583 5784 μαρτυρεῖ
630 5712 710 5782 τῷ
760 5713 1084 5784 λογογράφῳ
1114 5713 1181 5767 τὰ
1231 5713 1498 5784 εἰρημένα
1541 5713 1638 5783 τὴν
1679 5716 1735 5765 ἐν
1777 5716 1899 5777 ταῖς

317 5803 559 5874 Γραφαῐς
588 5804 681 5857 τοῦ
711 5806 845 5858 Θεοῦ
878 5805 1218 5874 φιλοπονίανε
1254 5806 1442 5868 Οὐδεὶς
1482 5803 1598 5858 εἷπε
1633 5806 1739 5858 τῶν
1770 5823 1900 5876 προ⁴

2002 4620 2155 4660 rasse
2191 4606 2553 4676 reprehensus
2580 4605 2765 4668 fuerit,
2808 4606 2854 4660 si
2886 4608 3193 4675 specialiter
3222 4610 3495 4666 hominem
3529 4614 3583 4667 in

2000 4699 2309 4767 exemplum
2341 4699 2660 4763 adduxerit;
2690 4714 2865 4767 neque
2896 4700 3023 4769 quis
3060 4699 3261 4769 ipsum,
3295 4711 3353 4755 ut
3398 4722 3427 4755 ιι
3456 4720 3585 4759 vero

2001 4790 2308 4845 tleviantem
2362 4791 2416 4844 in
2455 4790 2598 4843 viam
2630 4798 2837 4844 rectam
2868 4792 3169 4855 reduxerit,
3207 4792 3312 4846 nisi
3340 4798 3407 4847 de
3436 4798 3587 4850 vola-

2001 4884 2080 4935 tili
2112 4888 2165 4935 et
2186 4882 2537 4950 quadrupede
2562 4890 2617 4936 et
2642 4882 2710 4937 de
2742 4885 2967 4952 aquatili
3007 4886 3178 4954 ipsum
3210 4886 3584 4940 detinitioumu

2000 4974 2319 5037 reddiderit,
2351 4990 2513 5044 quam
2548 4974 2613 5029 de
2644 4977 2864 5031 homine
2896 4979 3198 5046 protulerat
3231 4998 3243 5032 :
3290 4980 3369 5033 sic
3401 4982 3587 5034 multi-

2000 5067 2215 5136 pliciter
2242 5076 2295 5120 et
2336 5067 2486 5120 varie
2512 5082 2635 5119 cum
2665 5076 2942 5137 spectetur
2982 5069 3214 5135 ἐπίνοια,
3248 5084 3585 5127 commenta-

2001 5161 2101 5222 tio,
2122 5173 2229 5212 non
2260 5168 2642 5228 argumentum
2684 5161 2848 5215 fuerit
2886 5162 3035 5215 illam
3072 5179 3179 5216 non
3213 5179 3338 5218 esse
3368 5167 3586 5234 proprie

2001 5251 2265 5311 ἐπίνοιαν,
2301 5252 2427 5319 quia
2460 5252 2659 5305 dixerit
2686 5254 2850 5306 etiam
2888 5255 3031 5307 aliud
3067 5254 3197 5323 quid
3223 5271 3365 5310 esse.
3406 5255 3587 5322 Quare

2001 5343 2215 5397 etiamsi
2251 5344 2355 5397 alia
2400 5346 2646 5413 quaedam
2706 5345 2918 5414 species
2951 5347 3196 5409 ἐπινοίας
3239 5350 3585 5403 considerata

2006 5436 2188 5500 fuerit,
2224 5453 2347 5506 qute
2386 5438 2541 5507 prius
2594 5436 2801 5491 reddita
2835 5446 2941 5501 est,
2994 5454 3103 5492 non
3138 5438 3490 5494 falsaluerit.
3528 5440 3585 5495 Si

2003 5531 2186 5598 igitur,
2224 5531 2420 5600 inquit,
2458 5531 2829 5600 apostolorum
2862 5532 2944 5585 vel
2969 5532 3356 5601 prophetarum
3386 5534 3590 5601 aliquis

2004 5622 2091 5677 bis
2128 5637 2262 5676 usus
2320 5622 2372 5674 in
2422 5618 2644 5675 Christo
2708 5621 3025 5675 nominibus
3085 5622 3582 5685 demonstraretur,

2006 5714 2349 5768 mendacium
2402 5714 2627 5767 haberet
2680 5713 3135 5768 consolationem.
3196 5714 3471 5778 Quantum
3517 5730 3584 5767 ex

2005 5809 2120 5863 suis
2145 5808 2303 5861 dictis
2336 5809 2571 5877 scriptor
2610 5806 2694 5861 bic
2728 5806 2779 5860 in
2832 5806 3031 5862 divinis
3074 5807 3372 5877 Scripturis
3406 5824 3589 5863 versa-
