4146 6386
541 343 680 398 1027

1847 343 1905 397 S.
1935 343 1974 397 G
1987 342 2266 400 lllEGOBll
2323 341 2610 399 NYSSENI

3676 341 3832 398 1028

540 472 632 520 tus
660 462 1014 535 intelligitur!
1051 462 1251 520 Nullus
1284 464 1676 536 prophetarum
1729 468 1810 521 vel
1843 468 2117 537 apostolo-

2232 467 2410 538 ?‘ittl'iv
2435 467 2472 538 ἢ
2520 465 2630 520 τῶν
2661 462 2997 529 ἀποστόλων,
3032 464 3218 538 ἄρτον,
3250 464 3282 537 ἢ
3329 464 3498 529 λίθον,
3526 463 3560 534 ἦ
3607 465 3828 536 πηγὴν,

539 571 664 610 runt
689 555 844 622 dixit,
867 569 1086 626 panem,
1109 556 1196 612 vel
1219 556 1474 627 lapidem,
1495 557 1583 613 vel
1607 557 1833 622 fontem,
1858 559 1942 613 vel
1966 575 2116 614 secu-

542 646 667 711 rim,
704 645 790 702 vel
821 645 1018 714 lucem,
1048 647 1135 702 vel
1160 657 1436 718 pastorem
1460 647 1776 702 Dominum.
1799 647 1939 714 Quid
1961 649 2125 719 igitur

541 734 714 791 David
742 743 797 792 et
829 736 897 792 de
923 753 1032 807 quo
1058 737 1212 802 dicit,
1267 738 1529 792 Dominus
1585 740 1759 808 pascit
1806 756 1886 794 me
1916 740 1995 807 ⁶¹;
2045 749 2123 802 et,

543 829 649 894 Qui
698 830 873 900 pascis
905 827 1114 896 Israel,
1141 830 1349 884 intende
1373 831 1530 885 ’πῖθι
1559 830 1691 901 quid
1729 830 1909 886 diﬁert
1938 842 2124 899 pasto-

545 937 653 974 rem
685 920 888 985 dicere,
921 924 1006 977 vel
1037 925 1126 992 qui
1143 925 1360 992 pascis?
1391 923 1478 988 Et,
1498 923 1652 993 Apud
1685 934 1730 978 te
1760 925 1878 994 fons
1905 927 2024 980 vita:
2055 927 2122 982 ⁸³.

542 1010 715 1080 Igitur
749 1014 988 1068 admittit
1021 1013 1311 1069 Dominum
1341 1015 1549 1070 dictum
1610 1032 1733 1071 esse
1773 1016 2000 1071 fontem.
2037 1017 2124 1081 Et,

542 1101 798 1170 Lapidem
831 1121 983 1175 quem
1009 1108 1419 1175 reprobaverunt
1441 1106 1768 1176 aediﬁcantes
1801 1108 1864 1160 “.
1885 1106 2126 1164 Joannes

545 1193 882 1268 [Mattheus]
913 1205 1094 1252 autem
1129 1196 1342 1252 Domini
1397 1199 1654 1253 virtutem
1715 1200 1975 1253 vitiorum
2011 1215 2128 1254 am-

543 1288 890 1358 putatricent,
943 1289 1155 1344 securis
1212 1291 1431 1345 nomine
1477 1290 1815 1361 signiﬁcans,
1874 1293 1962 1347 ubi
2019 1295 2124 1348 ait:

545 1382 681 1434 Ecce
714 1381 911 1436 securis
935 1379 1104 1434 radici
1135 1381 1341 1435 arboris
1369 1382 1586 1435 admota
1603 1391 1682 1436 est
1709 1383 1755 1414 “
1782 1400 1797 1449 ;
1851 1400 1958 1439 non
1985 1385 2131 1439 locu-

543 1475 661 1543 ples
687 1482 742 1528 et
769 1473 873 1528 ﬁde
905 1473 1103 1543 dignus
1122 1475 1278 1529 testis
1307 1475 1579 1529 dictorum
1606 1475 1848 1530 videtur?
1864 1476 2043 1531 Moses
2072 1478 2128 1531 in

545 1567 668 1621 luce
703 1565 875 1620 Deutn
897 1565 1160 1630 videns“,
1195 1563 1501 1620 etJoannes
1519 1581 1702 1620 veram
1737 1568 1912 1623 lucem
1940 1570 2130 1623 nomi-

544 1673 684 1712 nans
723 1658 801 1724 ‘7;
852 1656 956 1711 hoc
981 1655 1173 1711 eodem
1217 1658 1382 1711 etiam
1438 1655 1641 1714 Paulus
1696 1659 1749 1712 in
1810 1661 1983 1730 prima
2037 1661 2127 1718 Dei

545 1749 885 1819 apparitione
916 1748 1036 1804 luce
1069 1748 1459 1811 circumfusus,
1485 1757 1539 1804 et
1565 1759 1754 1820 postea
1796 1753 1934 1809 lucis
1966 1770 2128 1811 voces

2227 559 2260 631 ἦ
2283 558 2495 629 ἀξίνην,
2523 557 2556 629 ἢ
2585 557 2723 627 φῶς,
2749 558 2782 628 ἢ
2816 556 3048 627 ποιμένα
3074 557 3165 610 τὸν
3193 555 3416 626 Κύριον.
3449 555 3514 609 Τί
3545 551 3640 609 οὖν
3660 557 3689 608 6
3714 559 3833 608 Δα-

2227 649 2332 715 6ὶδ,
2361 650 2457 702 καὶ
2479 648 2608 719 περὶ
2627 648 2772 712 τίνος
2799 649 2986 716 φησὶν,
3019 648 3103 700 ὅτι
3134 647 3350 715 Κύριος
3378 648 3675 716 ποιμαίνει
3716 663 3826 714 με,

2228 742 2366 805 καὶ,
2419 743 2471 792 '0
2514 740 2844 809 ποιμαίνων
2883 739 2991 792 τὸν
3030 739 3299 806 Ἰσραὴλ,
3336 738 3637 807 πρόσχες;
3676 739 3833 809 "Aper.

2227 833 2279 886 τί
2325 832 2570 902 διαφέρει
2623 830 2877 900 ποιμένα
2922 833 3097 884 εἰπεῖν
3154 830 3659 902 ἢποιμαίνοντας
3701 833 3827 896 καὶ,

2227 923 2394 991 Παρὰ
2427 923 2526 976 σοὶ
2569 921 2730 991 πηγὴ
2761 920 2930 989 ζωῆς.
2968 923 3110 992 Ἀρά
3137 921 3350 991 δέχεται
3383 921 3444 974 τὸ
3469 922 3651 992 πηγὴν
3673 921 3830 992 εἰρῆ-

2231 1013 2354 1066 σθαι
2400 1014 2492 1066 τὸν
2519 1012 2717 1084 Κύριον
2739 1029 2754 1042 ’
2801 1013 2919 1079 καὶ,
2958 1013 3140 1090 Λίθον
3168 1012 3240 1066 ὃν
3269 1012 3725 1081 ἀπεδοκίμασαν
3766 1014 3834 1067 οἱ

2229 1104 2707 1174 οἰκοδομοῦντες.
2748 1105 2805 1158 '0
2828 1105 2885 1158 δὲ
2919 1105 3173 1175 Ἰωάννης
3198 1103 3521 1176 [Ματθαῖος]
3552 1105 3646 1176 τὴν
3667 1107 3830 1159 ἀναι-

2231 1197 2452 1268 ρετικὴν
2480 1199 2578 1266 τῆς
2613 1195 2812 1260 κακίας
2836 1195 3067 1266 δύναμιν
3097 1195 3190 1249 τοῦ
3229 1195 3434 1266 Κυρίου
3467 1195 3546 1266 τῷ
3575 1202 3672 1267 τῆς
3700 1195 3826 1262 ἀξί-

2230 1305 2326 1358 νης
2349 1287 2718 1357 διασημαίνων
2741 1289 2988 1358 ὀνόματι,
3012 1290 3069 1341 ὲν
3093 1283 3174 1350 οἷς
3195 1305 3378 1357 φησιν,
3407 1288 3562 1356 Ἤδη
3582 1290 3619 1356 ὴ
3641 1289 3827 1357 ἀξίνη

2230 1379 2382 1447 πρὸς
2407 1380 2522 1446 τὴν
2553 1378 2726 1448 ῥίζαν
2755 1379 2876 1434 τῶν
2908 1380 3174 1448 δένδρων
3211 1381 3418 1441 κεῖται,
3470 1383 3569 1434 οὐκ
3609 1381 3828 1446 ἀξιόπι-

2232 1487 2354 1534 στος
2377 1470 2554 1540 τούτῳ
2580 1472 2794 1542 μάρτυς
2819 1471 2928 1523 τῶν
2953 1471 3257 1541 εἰρημένων
3281 1471 3460 1538 δοκεῖ;
3498 1473 3554 1524 ’0
3582 1472 3639 1524 δὲ
3663 1473 3829 1525 Μωῦ-

2233 1562 2332 1632 σῆς
2376 1563 2434 1614 ἐν
2477 1563 2618 1630 φωτὶ
2665 1562 2757 1614 τὸν
2791 1563 2924 1616 Θεὸν
2980 1563 3214 1633 βλέπων,
3263 1564 3358 1616 καὶ
3400 1565 3652 1635 Ἰωάννης
3704 1565 3825 1632 φῶς

2231 1652 2484 1721 ἀληθινὸν
2524 1653 2810 1724 ὀνομάζων
2835 1673 2848 1686 ο
2883 1654 2961 1724 τῷ
2992 1655 3050 1708 δὲ
3085 1655 3232 1726 αὐτῷ
3269 1656 3456 1732 τούτῳ.
3493 1658 3583 1709 καὶ
3612 1656 3825 1720 Παῦλος

2232 1745 2290 1798 ὲν
2318 1747 2384 1815 τῇ
2418 1744 2611 1818 πρώτῃ
2651 1744 2942 1816 θεοφανείᾳ
2991 1745 3388 1817 περιλαμφθεὶς
3419 1747 3498 1817 τῷ
3536 1748 3695 1815 φωτὶ,
3725 1748 3825 1799 καὶ

544 1818 775 1896 audiens
813 1855 826 1892 :
857 1838 970 1910 Ego
1019 1855 1136 1894 sum
1167 1837 1349 1902 Jesus,
1374 1857 1526 1910 quem
1565 1818 1625 1894 tu
1649 1846 1975 1913 persequeris
2025 1846 2070 1878 ⁸⁸
2111 1864 2125 1900 :

2234 1835 2376 1905 μετά
2403 1837 2576 1889 ταῦτα
2606 1837 2706 1902 τὰς
2740 1838 2834 1890 τοῦ
2869 1837 3046 1907 φωτὸς
3075 1838 3289 1893 ἀκούων
3329 1840 3530 1908 φωνὰς,
3562 1841 3643 1892 ὅτι
3679 1840 3825 1910 Ἐγὼ

548 1951 658 1988 nun
687 1932 755 1989 ad
788 1933 1161 1988 testimonium
1204 1933 1434 1988 idoneus
1457 1935 1582 1988 est?
1621 1934 1696 1990 De
1728 1952 1868 2006 pane
1896 1953 2026 1992 vero
2053 1938 2130 1993 lea

544 2034 636 2097 gat
670 2024 1022 2096 Evangelium
1061 2043 1076 2080 :
1134 2026 1278 2095 quod
1312 2040 1341 2078 a
1385 2024 1532 2081 Mose
1560 2027 1717 2082 cibus
1748 2029 1840 2098 qui
1897 2029 1965 2084 de
1987 2032 2129 2086 coelo

553 2119 820 2174 lsraelitis
845 2116 1316 2188 suppeditabatur,
1339 2118 1393 2172 itt
1424 2117 1635 2172 Domini
1662 2119 1887 2190 ﬁguram
1913 2123 1982 2177 ab
2012 2125 2129 2194 ipso

546 2211 780 2265 Domino
835 2218 1242 2278 transsumptus
1295 2217 1396 2264 est.
1436 2208 1561 2263 Non
1588 2211 1725 2265 enim
1757 2210 1934 2266 Moses
1983 2215 2128 2268 vobis

545 2302 688 2356 dedit
716 2317 942 2370 panem;
972 2300 1062 2355 sed
1103 2300 1268 2355 Pater
1297 2317 1439 2354 meus
1480 2300 1573 2354 dat
1601 2318 1788 2370 panem
1819 2320 2017 2371 verum,
2045 2321 2132 2360 sc-

549 2399 727 2464 ipsum
753 2394 974 2458 dicens,
1003 2394 1093 2463 qui
1125 2393 1189 2448 de
1218 2394 1347 2447 caelo
1389 2393 1679 2456 descendit,
1719 2403 1768 2448 et
1810 2397 1900 2464 qui
1934 2398 2130 2451 mundo

545 2491 639 2543 dat
669 2489 832 2543 vitam
860 2487 904 2519 ‘9
939 2528 954 2540 .
1011 2484 1117 2540 Sed
1153 2488 1422 2556 ingenuus
1482 2485 1615 2555 legis
1648 2486 1886 2549 auditor,
1919 2490 2128 2543 nullum

545 2583 682 2637 dicit
716 2581 798 2634 vel
822 2579 1195 2650 apostolorum
1227 2578 1310 2632 vel
1345 2577 1729 2647 prophetarum
1780 2580 2000 2634 Christo
2027 2581 2130 2633 im-

547 2675 799 2747 posuisse
856 2672 972 2725 ltaec
1004 2671 1244 2724 nomina.
1297 2669 1436 2734 Quid
1474 2669 1638 2739 igitur
1683 2671 1828 2740 quod
1869 2670 2130 2742 deinceps

547 2762 833 2836 sequitur?
850 2762 915 2815 Et
937 2762 982 2816 si
1006 2761 1120 2830 ipse
1144 2761 1385 2831 scipsum
1415 2759 1676 2815 Dominus
1705 2762 1788 2815 his
1815 2762 2130 2818 nominibus

545 2855 1226 2927 vocavit,quandoquidem
1250 2853 1318 2908 de
1340 2853 1657 2908 nominibus
1680 2855 1989 2910 Servatoris
2019 2871 2128 2910 non

544 2960 632 3004 est
663 2947 813 3004 aliud
870 2946 1090 3016 quidem
1147 2945 1405 3015 primum,
1439 2944 1585 2998 aliud
1630 2958 1758 2999 vero
1785 2947 2125 3013 secundum;

546 3055 725 3111 neque
755 3037 1016 3094 subtilius
1046 3035 1195 3090 aliud
1224 3037 1354 3098 alio,
1405 3051 1580 3106 neque
1624 3037 1972 3106 exquisitius,
2033 3041 2128 3094 sed

548 3129 712 3185 simul
737 3127 920 3182 omnia
986 3134 1041 3180 et
1071 3140 1196 3179 cum
1242 3126 1438 3194 aequali
1472 3126 1777 3181 subtilitate
1805 3129 2125 3198 cognoscit:
2157 3164 2199 3220 ο

547 3221 743 3275 horum
768 3218 1048 3274 nominum
1080 3216 1215 3271 nulli
1237 3218 1642 3272 accommodari
1680 3227 1879 3287 potest,
1913 3237 2036 3290 qua:
2062 3222 2131 3278 de

548 3310 1008 3367 commentatione
1036 3309 1248 3364 reddita
1267 3317 1353 3364 est
1381 3311 1450 3364 ab
1484 3310 1602 3381 ipso
1623 3310 1888 3368 deﬁnitio.

623 3600 820 3656 Multas
849 3616 916 3654 ex
950 3600 1070 3670 ejus
1112 3613 1364 3656 sermone
1394 3612 1572 3668 nugas
1606 3599 1867 3667 exhausi;
1917 3601 2012 3656 sed
2056 3602 2130 3657 le-

550 3703 736 3748 ctores
763 3707 958 3762 precor
989 3694 1202 3747 veniam
1232 3692 1386 3752 dare,
1421 3691 1468 3745 si
1503 3705 1678 3760 neque
1705 3707 1767 3746 ea
1797 3709 1917 3761 quae
1943 3707 2130 3764 aperte

549 3800 691 3838 vana
745 3793 876 3840 sunt
915 3785 1252 3854 inexplorata
1303 3784 1668 3855 praeterimus,
1710 3801 1818 3839 non
1871 3796 1929 3840 ut
1967 3787 2130 3842 dede-

550 3889 679 3929 core
710 3874 874 3943 hujus
915 3875 1202 3943 scriptoris
1234 3883 1290 3928 et
1321 3874 1662 3944 impudentia
1697 3876 1935 3930 nitentes
1976 3878 2130 3931 eahi-

549 3966 886 4020 larescatnus
943 3964 1107 4036 (quid
1158 3963 1303 4018 enim
1344 3965 1485 4018 lucri
1538 3965 1696 4020 nobis
1738 3965 1893 4021 aﬁ‘ert
1950 3968 2126 4038 palam

546 4055 878 4125 reprehensa
933 4054 1381 4108 adversariorum
1439 4056 1736 4126 amentia?)
1786 4056 1879 4111 sed
1939 4065 1995 4110 tit
2041 4059 2126 4110 via

547 4147 809 4219 procedat
862 4162 955 4218 per
997 4147 1182 4200 omnia
1224 4146 1464 4215 seipsam
1515 4146 1852 4202 conﬁrmans
1902 4149 2124 4202 veritas.

547 4241 835 4307 Quoniam,
889 4239 1089 4308 inquit,
1145 4237 1246 4290 sibi
1290 4236 1390 4305 ipsi
1445 4237 1542 4291 has
1587 4237 1848 4293 Dominus
1889 4241 2130 4310 appella-

547 4337 714 4389 tiones
746 4332 1008 4396 attribuit,
1048 4345 1210 4400 neque
1249 4330 1375 4400 quid
1416 4333 1652 4400 primum
1681 4331 2001 4401 intelligens,
2039 4350 2129 4387 ne-

544 4442 643 4495 que
673 4424 984 4486 secundum,
1017 4439 1180 4492 neque
1205 4422 1476 4485 subtilius,
1512 4439 1674 4492 neque
1701 4426 1978 4489 exactius;
2022 4441 2126 4479 non

2245 1925 2498 1992 Ἰησοῦς,
2537 1925 2611 1980 ὃν
2637 1926 2719 1980 σὺ
2753 1926 2986 1993 διώκεις
3005 1945 3019 1959 ’
3044 1931 3141 1999 οὐχ
3176 1929 3357 1994 ἱκανὸς
3389 1931 3495 2002 ἄρα
3524 1932 3660 2001 πρὸς
3686 1948 3826 2001 μαρ-

2229 2017 2422 2086 τυρίαν
2464 2018 2617 2084 Euri;
2653 2019 2788 2090 Περὶ
2815 2019 2871 2072 δὲ
2899 2018 2991 2072 τοῦ
3025 2021 3190 2091 ἄρτου
3230 2022 3528 2089 ἀναγνώτω
3558 2023 3619 2074 τὸ
3641 2023 3822 2088 Εὐαγ-

2229 2107 2407 2176 γέλιον
2427 2125 2440 2139 °
2469 2110 2552 2163 ὅτι
2581 2113 2613 2181 ἡ
2652 2113 2804 2182 παρά
2825 2111 2919 2164 τοῦ
2947 2114 3222 2176 Μωῦσέως
3247 2115 3445 2185 τροφὴ,
3467 2117 3499 2183 ή
3527 2115 3823 2186 οὐρανόθεν

2230 2199 2308 2270 τῷ
2354 2201 2570 2274 Ἰσραὴλ
2609 2204 3009 2275 χορηγουμένη,
3042 2207 3122 2269 εἰς
3153 2205 3244 2258 τὸν
3285 2206 3378 2259 τοῦ
3411 2207 3616 2279 Κυρίου
3648 2207 3824 2262 τύπον

2233 2290 2323 2342 ὑπ’
2348 2291 2514 2345 αὑτοῦ
2538 2293 2629 2345 τοῦ
2655 2295 2860 2363 Κυρίου
2890 2295 3281 2366 μετείληπται·
3317 2299 3398 2350 Οὐ
3419 2298 3528 2366 γὰρ
3558 2297 3824 2366 Μωῦσῆς

2231 2383 2492 2439 δέδωκεν
2521 2386 2668 2455 ἡμῖν
2717 2388 2826 2441 τόν
2855 2387 3064 2456 ἄρτον
3102 2391 3241 2444 ἀλλ’
3271 2394 3304 2444 ὀ
3351 2391 3552 2459 Πατήρ
3582 2409 3704 2460 ⁶μου
3729 2391 3822 2444 δί-

2233 2475 2384 2530 δωσι
2429 2479 2538 2534 τὸν
2565 2477 2747 2546 ἄρτον
2773 2479 2881 2532 τὸν
2926 2480 3436 2548 ἄληθινὸν,ὲαυτὸν
3465 2481 3661 2549 λέγων,
3713 2483 3824 2535 τὸν

2230 2567 2299 2620 ἐκ
2329 2569 2436 2623 τοῦ
2481 2571 2740 2636 οὐρανοῦ
2773 2571 3130 2636 καταϐάντα,
3173 2573 3272 2627 καί
3299 2573 3451 2642 ζωὴν
3469 2574 3714 2627 διδόντα
3741 2574 3823 2640 τῷ

2231 2663 2456 2730 κόσμῳ.
2509 2662 2650 2714 Ἀλλ’
2686 2664 2714 2714 6
2739 2665 2958 2732 γνήσιος
2985 2664 3258 2735 ἀκροατὴς
3288 2665 3384 2718 τοῦ
3407 2667 3571 2736 νόμου
3616 2667 3822 2738 μηδένα

2234 2752 2368 2822 φησι
2405 2753 2515 2807 τῶν
2549 2754 2842 2825 προφητῶν
2874 2755 2906 2826 ἢ
2942 2755 3050 2808 τῶν
3091 2757 3401 2811 ἀποστόλων
3437 2759 3606 2810 ταῦτα
3641 2762 3823 2812 ἐπιτε-

2233 2842 2474 2896 θεικέναι
2498 2843 2576 2913 τῷ
2607 2842 2828 2916 Χριστῷ
2854 2846 2922 2898 τὰ
2970 2846 3227 2917 ὀνόματα.
3263 2849 3328 2901 Τί
3357 2845 3452 2902 οὖν
3489 2850 3550 2904 τὸ
3585 2850 3820 2921 ἐφεξῆςς

2233 2937 2296 2988 Εἰ
2326 2935 2490 3000 αὐτὸς
2528 2936 2720 2990 ἑαυτὸν
2758 2937 2968 3002 τούτοις
2996 2939 3249 3010 ὠνόμασε
3274 2940 3480 3011 Κύριος
3501 2959 3514 2974 ·
3540 2943 3726 3014 ἐπειδή
3756 2961 3823 3012 γε

2232 3027 2341 3080 τῶν
2365 3027 2459 3081 τοῦ
2483 3027 2734 3100 Σωτῆρος
2761 3027 3064 3100 ὀνομάτων,
3097 3032 3198 3084 ούκ
3225 3032 3339 3086 ἔστι
3367 3034 3429 3087 τὸ
3457 3035 3554 3104 μὲν
3581 3036 3818 3106 πρῶτον,

2233 3115 2293 3169 τὸ
2324 3116 2381 3168 δὲ
2422 3116 2695 3188 δεύτερον,
2725 3116 2849 3170 οὒτε
2887 3118 3209 3190 λεπτότερον
3265 3123 3449 3193 ἕτερον
3489 3124 3583 3176 τοῦ
3628 3126 3821 3197 ἑτέρου

2235 3213 2326 3263 καὶ
2354 3210 2773 3282 ἀκριϐέστερον·
2805 3210 2940 3282 ὁμοῦ
2962 3213 3032 3265 τά
3057 3213 3256 3279 πάντα,
3285 3216 3380 3269 καὶ
3410 3216 3547 3286 μετὰ
3573 3218 3673 3287 τῆς
3697 3218 3822 3290 ίσης

2232 3302 2520 3374 ἀκριϐείας
2551 3301 2933 3373 γινώσκοντος,
2974 3305 3097 3359 οὐδὲ
3141 3305 3344 3360 τούτων
3373 3308 3547 3361 οὐδενὶ
3593 3310 3822 3364 δυνατὸν

2235 3395 2572 3465 συναρμόσαι
2616 3396 2707 3450 τὸν
2757 3398 2884 3469 περὶ
2929 3397 3030 3468 τῆς
3081 3399 3323 3464 ἐπινοίας
3378 3401 3527 3472 αὐτῷ
3580 3402 3823 3473 ρηθέντα

2231 3485 2406 3556 λόγον.

2302 3601 2478 3655 Πολὺν
2534 3601 2846 3674 ὲπήντλησα
2899 3602 2976 3673 τῷ
3025 3603 3169 3676 λόγῳ
3222 3605 3312 3658 τὸν
3361 3606 3570 3660 ἐκεῖθεν
3625 3607 3817 3678 λῆρον·

2232 3693 2366 3748 ἀλλά
2419 3695 2788 3766 παραιτοῦμαι
2841 3697 2968 3760 τοὺς
3021 3697 3445 3769 ἐντυγχάνοντας
3488 3691 3822 3771 συγγνώμην

2231 3786 2393 3857 ἔχειν,
2430 3789 2476 3840 εἰ
2514 3787 2645 3858 μηδὲ
2688 3787 2754 3841 τὰ
2791 3789 3032 3860 πρόδηλα
3065 3789 3170 3846 τῶν
3202 3794 3444 3863 ματαίων
3475 3795 3822 3868 περιορῶμεν

2230 3878 2594 3949 ἀκατανόητα,
2627 3880 2725 3949 οὐχ
2753 3881 2830 3943 ὠς
2857 3883 3346 3954 ὲμφαιδρυνόμενοι
3372 3889 3436 3958 τῇ
3465 3887 3823 3961 ἀσχημοσύνῃ

2228 3971 2322 4022 τοῦ
2358 3969 2696 4040 λογογράφου
2730 3972 2802 4040 (τί
2842 3972 2950 4044 γὰρ
2985 3974 3142 4045 φέρει
3188 3976 3377 4046 κέρδος
3421 3981 3552 4050 ἡμῖν
3601 3983 3826 4053 ἐλεγχο-

2233 4061 2368 4131 μένη
2393 4061 2499 4113 τῶν
2525 4063 2780 4116 ἐναντίων
2809 4065 2842 4134 ἡ
2877 4063 3031 4118 ἄνοια
3053 4065 3116 4136 ;),
3155 4067 3272 4120 ἀλλ’
3297 4070 3372 4132 ὡς
3403 4070 3468 4123 ἂν
3505 4072 3609 4143 ὀδῷ
3641 4078 3823 4146 προῖοι

2233 4152 2538 4206 συνιστῶσα
2565 4154 2631 4206 δι’
2667 4155 2922 4208 ἁπάντων
2956 4158 3154 4229 ἑαυτὴν
3197 4161 3230 4230 ή
3268 4161 3513 4233 ἀλήθεια.
3563 4165 3821 4233 Ἐπειδὴ,

2231 4244 2416 4312 φησὶν,
2445 4244 2636 4311 ἑαυτῷ
2672 4248 2892 4313 ταύτας
2918 4250 3254 4318 προσέθηκε
3281 4253 3385 4320 τὰς
3422 4260 3827 4326 προσηγορίας

2231 4339 2264 4389 ὁ
2293 4337 2525 4405 Κύριος,
2562 4337 2701 4391 οὔτε
2729 4356 2782 4392 τι
2813 4340 3049 4408 πρῶτον
3075 4344 3320 4408 ἐννοῶν,
3349 4349 3487 4402 οὔτε
3518 4349 3823 4419 δεύτερον,

2231 4428 2368 4481 οὔτε
2405 4433 2770 4499 λεπτότερον
2823 4434 2862 4501 ἣ
2911 4434 3350 4506 ἀκριϐέστερον,
3381 4443 3491 4494 οὐκ
3547 4443 3722 4496 ἐστιν
3755 4445 3828 4508 ἐξ

546 4517 672 4570 licet
715 4515 826 4569 haec
880 4514 1098 4567 nomina
1137 4529 1253 4566 esse
1305 4529 1337 4565 a
1381 4514 1822 4568 commentatione
1869 4531 2122 4570 asserere.

2232 4518 2500 4586 ἐπινοίας
2559 4519 2710 4575 εἶναι
2765 4525 2953 4578 ταῦτα
3004 4529 3194 4582 εἰπεῖν
3243 4533 3316 4584 τὰ
3367 4533 3646 4602 ὀνόματα.
3700 4537 3828 4600 Πῶς

547 4608 832 4675 Quomodo
883 4606 1135 4661 meminit
1181 4606 1267 4660 sui
1321 4605 1510 4674 scopi?
1561 4606 1836 4675 quomodo
1882 4609 2126 4665 rationes

549 4699 750 4768 quibus
785 4697 981 4751 bellum
1013 4695 1271 4760 instituit,
1302 4690 1716 4749 nevit?Horum
1745 4695 1981 4765 alicujus
2003 4713 2126 4767 qua:

549 4791 606 4845 in
665 4787 1120 4844 consuetudinem
1182 4787 1420 4852 cadunt,
1496 4785 1565 4839 ad
1617 4787 2123 4857 interpretationem

545 4880 645 4950 τῆς
666 4878 908 4940 ἐπινοίας
938 4877 1194 4948 magister
1223 4885 1410 4929 noster
1441 4877 1771 4929 mentionem
1810 4875 2036 4944 fecerat,
2068 4891 2126 4933 et

549 4972 603 5025 itt
639 4970 901 5038 exemplis
945 4967 1340 5038 posterioribus
1392 4973 1631 5021 mentem
1676 4969 1997 5038 explicans,
2043 4973 2124 5026 sic

548 5061 822 5116 sermonis
851 5059 1370 5127 contemplationem
1414 5058 1480 5112 ad
1527 5060 1810 5128 superiora
1854 5062 2122 5129 provehit.

550 5152 696 5204 Dixit
729 5150 873 5204 enim
903 5151 1048 5219 quod
1087 5149 1190 5202 hoc
1225 5164 1422 5204 nomen
1461 5151 1604 5212 σῖτος
1637 5166 1732 5219 per
1760 5167 1820 5206 se
1848 5169 1954 5206 una
1985 5171 2126 5224 quae-

544 5246 669 5296 dam
706 5258 796 5300 res
829 5241 1130 5296 secundum
1163 5241 1581 5295 subsistentiant
1617 5253 1866 5312 apparet,
1915 5247 2011 5299 sed
2055 5247 2124 5302 ad

532 5335 726 5404 \vurias
777 5333 1163 5403 proprietates,
1216 5347 1337 5401 quae
1393 5333 1447 5386 in
1500 5333 1621 5402 ipso
1675 5335 2122 5404 considerantur,

545 5428 799 5486 immutat
816 5427 1236 5495 appellationes,
1261 5424 1391 5477 dum
1416 5423 1474 5476 ﬁt
1497 5435 1551 5477 et
1579 5440 1787 5489 semen,
1812 5435 1866 5481 et
1891 5427 2122 5495 fructus,

540 5527 594 5572 ct
629 5518 806 5579 cibus,
855 5525 910 5571 et
953 5531 1294 5587 quacunque
1348 5515 1428 5579 ﬁt,
1485 5515 1711 5572 totidem
1755 5521 2072 5578 nominatur
2107 5545 2120 5578 :

2239 4611 2510 4680 μέμνηται
2541 4613 2633 4666 τοῦ
2681 4616 2811 4668 ἰδίου
2857 4620 3094 4683 exemi);
3135 4621 3260 4685 Πῶς
3309 4619 3416 4677 οἶδε
3464 4627 3588 4690 τοὺς
3633 4627 3828 4696 λόγους

2237 4705 2356 4758 καθ’
2405 4700 2480 4757 ὧν
2523 4705 2613 4756 τὸν
2661 4707 2892 4778 πόλεμον
2954 4711 3315 4783 ἐνεστήσατος
3357 4715 3629 4790 Ἐμνήσθη
3682 4721 3828 4786 τινὸς

2235 4794 2346 4846 τῶν
2391 4795 2750 4864 ἑντρεχόντων
2795 4800 2860 4867 τῇ
2912 4801 3170 4872 συνηθείᾳ
3216 4804 3351 4874 πρὸς
3389 4805 3488 4877 τὴν
3529 4809 3830 4879 ἑρμηνείαν

2234 4887 2333 4956 τῆς
2360 4886 2597 4950 ἐπινοίας
2637 4888 2665 4938 ὁ
2697 4887 3017 4960 καθηγητὴς
3047 4893 3088 4942 ’ὁ
3133 4893 3420 4965 ἡμέτερος,
3471 4898 3568 4952 καὶ
3614 4901 3671 4953 έν
3712 4904 3830 4964 τοῖς

2237 4979 2565 5047 κατωτέροις
2601 4979 2709 5032 τῶν
2749 4981 3158 5052 ὑποδειγμάτων
3187 4987 3277 5039 τὸν
3307 4989 3431 5040 νοῦν
3461 4990 3828 5064 διασαφήσας,

2234 5068 2406 5130 οὕτως
2440 5067 2762 5139 προϐιϐάζει
2803 5072 2916 5132 τοῖς
2960 5071 3072 5124 ἄνω
3099 5073 3194 5142 τὴν
3226 5073 3457 5145 Θεωρίαν
3499 5077 3594 5129 τοῦ
3643 5079 3826 5146 λόγου.

2237 5156 2373 5214 Eine
2400 5159 2509 5230 γὰρ
2537 5160 2619 5212 ὅτι
2646 5159 2768 5212 καθ’
2794 5161 2982 5214 ἑαυτὸν
3009 5164 3038 5215 ὁ
3069 5166 3214 5226 σῖτος
3248 5165 3305 5217 ἓν
3339 5184 3390 5218 τι
3421 5170 3649 5238 πρᾶγμα
3688 5174 3834 5226 κατὰ

2236 5251 2334 5322 τὴν
2359 5251 2656 5303 ὑπόστασιν
2685 5251 2932 5319 φαίνεται
2953 5269 2966 5281 ο
2996 5254 3135 5324 πρὸς
3171 5255 3226 5307 δὲ
3273 5257 3372 5319 τὰς
3419 5258 3831 5331 ὲπιθεωρουμέ-

2236 5361 2332 5407 νας
2360 5341 2508 5413 αὐτῷ
2533 5342 2781 5406 ποικίλας
2804 5343 3089 5414 ἰδιότητας,
3113 5345 3429 5412 ἐξαλλάσσει
3458 5352 3555 5414 τὰς
3584 5353 3830 5424 κλήσεις,

2237 5437 2331 5489 καὶ
2370 5434 2568 5503 σπόρος
2601 5435 2902 5504 γινόμενος,
2943 5436 3035 5488 καί¹
3086 5439 3316 5507 καρπὸς,
3360 5442 3452 5494 καὶ
3499 5446 3696 5514 τροφὴ,
3733 5447 3831 5498 καὶ

2231 5528 2333 5581 ὅσα
2378 5527 2609 5596 γίνεται,
2662 5525 2899 5580 τοσαῦτα
2949 5527 3364 5601 ὀνομαζόμενος.
3423 5534 3831 5606 Παραπλησίως

617 5693 1099 5788 “"llsaluflxttij.
1136 5695 1604 5788 _::_?S:ICLLKX‘I'X,
1764 5698 1810 5731 ⁸³
1850 5698 2000 5788 Ριξξι.
2039 5721 2201 5788 risv,
2220 5707 2320 5788 Δ10.
2476 5706 2807 5788 Psalvau,
2831 5710 3172 5788 “Hibiatth.
3210 5735 3322 5788 XXI,
3357 5718 3445 5775 42.
3527 5721 3572 5753 ⁸⁵
3605 5721 3802 5778 Matth.

549 5779 634 5828 tu,
674 5767 757 5821 10.
837 5765 883 5797 ⁸⁸
918 5766 1086 5820 t.xod.
1133 5781 1322 5833 xxxiii,
1354 5769 1442 5825 23.
1523 5771 1566 5802 ⁵⁷
1641 5769 1799 5826 Joan.
1855 5786 1890 5835 ι,
1925 5771 1977 5826 9.
2058 5775 2103 5806 ³⁸

2243 5819 2255 5832 .
2292 5794 2366 5842 tx,
2399 5778 2454 5832 5.

2532 5778 2576 5810 "
2609 5778 2767 5848 Joan.
2796 5797 2871 5849 vt,
2904 5782 2971 5836 3'2
3004 5800 3126 5854 sqq.
