  <div class='ocr_page' id='page_1' title='image "/cluster/home/n/w/nwhite01/storage/ocr_20150623/45/nnc1.0046978445/526.png"; bbox 0 0 4146 6386; ppageno 0'>
   <div class='ocr_carea' id='block_1_1' title="bbox 335 360 477 416">
    <p class='ocr_par' dir='ltr' id='par_1_1' title="bbox 335 360 477 416">
     <span class='ocr_line' id='line_1_1' title="bbox 335 360 477 416; baseline 0.014 -2"><span class='ocrx_word' id='word_1_1' title='bbox 335 360 477 416; x_wconf 70' lang='grc' dir='ltr'><strong>Ιθῖθ</strong></span> 
     </span>
    </p>
   </div>
   <div class='ocr_carea' id='block_1_2' title="bbox 1428 349 2431 415">
    <p class='ocr_par' dir='ltr' id='par_1_2' title="bbox 1428 349 2431 415">
     <span class='ocr_line' id='line_1_2' title="bbox 1428 349 2431 415; baseline -0.007 -4"><span class='ocrx_word' id='word_1_2' title='bbox 1428 352 1711 411; x_wconf 69' lang='lat' dir='ltr'><strong>CONTRA</strong></span> <span class='ocrx_word' id='word_1_3' title='bbox 1740 349 2130 415; x_wconf 83' lang='lat' dir='ltr'><strong>EUNOMIUM,</strong></span> <span class='ocrx_word' id='word_1_4' title='bbox 2161 349 2290 405; x_wconf 86' lang='lat' dir='ltr'><strong>LIB.</strong></span> <span class='ocrx_word' id='word_1_5' title='bbox 2322 349 2431 404; x_wconf 78' lang='lat' dir='ltr'><strong>X&#39;ll.</strong></span> 
     </span>
    </p>
   </div>
   <div class='ocr_carea' id='block_1_3' title="bbox 3466 354 3604 410">
    <p class='ocr_par' dir='ltr' id='par_1_3' title="bbox 3466 354 3604 410">
     <span class='ocr_line' id='line_1_3' title="bbox 3466 354 3604 410; baseline 0.007 -1"><span class='ocrx_word' id='word_1_6' title='bbox 3466 354 3604 410; x_wconf 74' lang='grc'><strong>1050</strong></span> 
     </span>
    </p>
   </div>
   <div class='ocr_carea' id='block_1_4' title="bbox 329 468 1925 549">
    <p class='ocr_par' dir='ltr' id='par_1_4' title="bbox 329 472 1925 549">
     <span class='ocr_line' id='line_1_4' title="bbox 329 472 1925 549; baseline -0.006 -17"><span class='ocrx_word' id='word_1_7' title='bbox 329 478 408 543; x_wconf 67' lang='grc' dir='ltr'><strong>δὲ,</strong></span> <span class='ocrx_word' id='word_1_8' title='bbox 426 479 583 549; x_wconf 65' lang='grc' dir='ltr'>φησι,</span> <span class='ocrx_word' id='word_1_9' title='bbox 620 477 714 532; x_wconf 70' lang='grc' dir='ltr'>καὶ</span> <span class='ocrx_word' id='word_1_10' title='bbox 738 479 767 531; x_wconf 99' lang='lat'><strong>6</strong></span> <span class='ocrx_word' id='word_1_11' title='bbox 793 476 1019 549; x_wconf 81' lang='grc' dir='ltr'>Κύριος·</span> <span class='ocrx_word' id='word_1_12' title='bbox 1046 477 1159 532; x_wconf 78' lang='grc' dir='ltr'>ἔστι</span> <span class='ocrx_word' id='word_1_13' title='bbox 1194 476 1291 548; x_wconf 80' lang='grc' dir='ltr'>μὲν</span> <span class='ocrx_word' id='word_1_14' title='bbox 1318 475 1439 530; x_wconf 77' lang='grc' dir='ltr'>καθ’</span> <span class='ocrx_word' id='word_1_15' title='bbox 1458 474 1649 529; x_wconf 81' lang='grc' dir='ltr'>ἐαυτὸν</span> <span class='ocrx_word' id='word_1_16' title='bbox 1673 473 1702 527; x_wconf 87' lang='grc' dir='ltr'>ὅ</span> <span class='ocrx_word' id='word_1_17' title='bbox 1723 472 1773 525; x_wconf 90' lang='grc' dir='ltr'><strong>τί</strong></span> <span class='ocrx_word' id='word_1_18' title='bbox 1797 485 1925 524; x_wconf 85' lang='grc' dir='ltr'>ποτε</span> 
     </span>
    </p>
   </div>
   <div class='ocr_carea' id='block_1_5' title="bbox 2027 468 3607 549">
    <p class='ocr_par' dir='ltr' id='par_1_5' title="bbox 2028 468 3607 540">
     <span class='ocr_line' id='line_1_5' title="bbox 2028 468 3607 540; baseline 0.004 -17"><span class='ocrx_word' id='word_1_19' title='bbox 2028 469 2304 535; x_wconf 74' lang='lat' dir='ltr'><strong>similiter,</strong></span> <span class='ocrx_word' id='word_1_20' title='bbox 2360 469 2557 540; x_wconf 90' lang='lat' dir='ltr'><strong>inquit,</strong></span> <span class='ocrx_word' id='word_1_21' title='bbox 2598 468 2764 524; x_wconf 85' lang='lat' dir='ltr'><strong>etiam</strong></span> <span class='ocrx_word' id='word_1_22' title='bbox 2814 469 3120 537; x_wconf 84' lang='lat' dir='ltr'><strong>Dominus;</strong></span> <span class='ocrx_word' id='word_1_23' title='bbox 3177 478 3264 527; x_wconf 83' lang='lat' dir='ltr'><strong>est</strong></span> <span class='ocrx_word' id='word_1_24' title='bbox 3313 473 3459 527; x_wconf 92' lang='lat' dir='ltr'><strong>enim</strong></span> <span class='ocrx_word' id='word_1_25' title='bbox 3517 492 3607 530; x_wconf 81' lang='lat' dir='ltr'><strong>se—</strong></span> 
     </span>
    </p>
   </div>
   <div class='ocr_carea' id='block_1_6' title="bbox 331 565 1925 640">
    <p class='ocr_par' dir='ltr' id='par_1_6' title="bbox 331 565 1925 640">
     <span class='ocr_line' id='line_1_6' title="bbox 331 565 1925 640; baseline -0.004 -17"><span class='ocrx_word' id='word_1_26' title='bbox 331 570 476 623; x_wconf 76' lang='grc' dir='ltr'>κατά</span> <span class='ocrx_word' id='word_1_27' title='bbox 498 572 597 640; x_wconf 79' lang='grc' dir='ltr'><strong>τὴν</strong></span> <span class='ocrx_word' id='word_1_28' title='bbox 619 570 779 640; x_wconf 87' lang='grc' dir='ltr'>φύσιν</span> <span class='ocrx_word' id='word_1_29' title='bbox 804 571 949 625; x_wconf 78' lang='grc' dir='ltr'>ἐστί’</span> <span class='ocrx_word' id='word_1_30' title='bbox 975 571 1094 633; x_wconf 86' lang='grc' dir='ltr'>ταῖς</span> <span class='ocrx_word' id='word_1_31' title='bbox 1114 570 1171 622; x_wconf 86' lang='grc' dir='ltr'><strong>δέ</strong></span> <span class='ocrx_word' id='word_1_32' title='bbox 1194 569 1301 622; x_wconf 89' lang='grc' dir='ltr'><strong>τῶν</strong></span> <span class='ocrx_word' id='word_1_33' title='bbox 1326 567 1614 639; x_wconf 79' lang='grc' dir='ltr'>ἐνεργειῶν</span> <span class='ocrx_word' id='word_1_34' title='bbox 1641 565 1925 635; x_wconf 75' lang='grc' dir='ltr'><strong>διαφοραῖς</strong></span> 
     </span>
    </p>
   </div>
   <div class='ocr_carea' id='block_1_7' title="bbox 333 659 1927 732">
    <p class='ocr_par' dir='ltr' id='par_1_7' title="bbox 333 659 1927 732">
     <span class='ocr_line' id='line_1_7' title="bbox 333 659 1927 732; baseline -0.004 -18"><span class='ocrx_word' id='word_1_35' title='bbox 333 661 850 732; x_wconf 80' lang='grc' dir='ltr'>συνονομαζόμενος,</span> <span class='ocrx_word' id='word_1_36' title='bbox 880 660 940 714; x_wconf 78' lang='grc' dir='ltr'>οὗ</span> <span class='ocrx_word' id='word_1_37' title='bbox 985 661 1114 732; x_wconf 90' lang='grc' dir='ltr'>μίαν</span> <span class='ocrx_word' id='word_1_38' title='bbox 1159 659 1254 713; x_wconf 70' lang='grc' dir='ltr'><strong>ἐπὶ</strong></span> <span class='ocrx_word' id='word_1_39' title='bbox 1304 659 1519 714; x_wconf 80' lang='grc' dir='ltr'>πάντων</span> <span class='ocrx_word' id='word_1_40' title='bbox 1571 659 1711 727; x_wconf 72' lang='grc' dir='ltr'>ἴσχει</span> <span class='ocrx_word' id='word_1_41' title='bbox 1758 671 1927 727; x_wconf 87' lang='grc' dir='ltr'>προσ-</span> 
     </span>
    </p>
   </div>
   <div class='ocr_carea' id='block_1_8' title="bbox 330 746 1925 823">
    <p class='ocr_par' dir='ltr' id='par_1_8' title="bbox 330 746 1925 823">
     <span class='ocr_line' id='line_1_8' title="bbox 330 746 1925 823; baseline -0.003 -18"><span class='ocrx_word' id='word_1_42' title='bbox 330 753 563 823; x_wconf 86' lang='grc' dir='ltr'>ηγορίαν</span> <span class='ocrx_word' id='word_1_43' title='bbox 584 770 595 781; x_wconf 93' lang='grc'><strong>·</strong></span> <span class='ocrx_word' id='word_1_44' title='bbox 630 752 765 807; x_wconf 75' lang='grc' dir='ltr'><strong>ἀλλά</strong></span> <span class='ocrx_word' id='word_1_45' title='bbox 792 752 913 807; x_wconf 86' lang='grc' dir='ltr'>καθ’</span> <span class='ocrx_word' id='word_1_46' title='bbox 937 752 1175 823; x_wconf 79' lang='grc' dir='ltr'>ἑκάστην</span> <span class='ocrx_word' id='word_1_47' title='bbox 1199 750 1408 804; x_wconf 68' lang='grc' dir='ltr'>ἔννοιαν</span> <span class='ocrx_word' id='word_1_48' title='bbox 1432 751 1530 822; x_wconf 86' lang='grc' dir='ltr'>τὴν</span> <span class='ocrx_word' id='word_1_49' title='bbox 1559 749 1621 814; x_wconf 80' lang='grc' dir='ltr'>ἐξ</span> <span class='ocrx_word' id='word_1_50' title='bbox 1643 746 1925 820; x_wconf 82' lang='grc' dir='ltr'>ἐνεργείας</span> 
     </span>
    </p>
   </div>
   <div class='ocr_carea' id='block_1_9' title="bbox 332 834 1924 916">
    <p class='ocr_par' dir='ltr' id='par_1_9' title="bbox 332 834 1924 916">
     <span class='ocr_line' id='line_1_9' title="bbox 332 834 1924 916; baseline -0.001 -21"><span class='ocrx_word' id='word_1_51' title='bbox 332 845 691 916; x_wconf 82' lang='grc' dir='ltr'>ἐγγινομένην</span> <span class='ocrx_word' id='word_1_52' title='bbox 742 847 876 916; x_wconf 80' lang='grc' dir='ltr'>ἡμῖν</span> <span class='ocrx_word' id='word_1_53' title='bbox 925 844 1329 915; x_wconf 75' lang='grc' dir='ltr'>μεταλαμϐάνει</span> <span class='ocrx_word' id='word_1_54' title='bbox 1374 842 1435 895; x_wconf 87' lang='grc' dir='ltr'><strong>τὸ</strong></span> <span class='ocrx_word' id='word_1_55' title='bbox 1486 842 1676 912; x_wconf 77' lang='grc' dir='ltr'>ὄνομα.</span> <span class='ocrx_word' id='word_1_56' title='bbox 1720 840 1786 893; x_wconf 89' lang='grc' dir='ltr'>Τί</span> <span class='ocrx_word' id='word_1_57' title='bbox 1831 834 1924 894; x_wconf 80' lang='grc' dir='ltr'><strong>οὖν</strong></span> 
     </span>
    </p>
   </div>
   <div class='ocr_carea' id='block_1_10' title="bbox 334 934 1925 1009">
    <p class='ocr_par' dir='ltr' id='par_1_10' title="bbox 334 934 1925 1009">
     <span class='ocr_line' id='line_1_10' title="bbox 334 934 1925 1009; baseline -0.001 -21"><span class='ocrx_word' id='word_1_58' title='bbox 334 937 363 988; x_wconf 92' lang='lat'><strong>6</strong></span> <span class='ocrx_word' id='word_1_59' title='bbox 394 936 547 1004; x_wconf 89' lang='grc' dir='ltr'>λόγος</span> <span class='ocrx_word' id='word_1_60' title='bbox 576 937 731 1007; x_wconf 80' lang='grc' dir='ltr'>ἡμῶν</span> <span class='ocrx_word' id='word_1_61' title='bbox 775 937 863 991; x_wconf 84' lang='grc' dir='ltr'>διὰ</span> <span class='ocrx_word' id='word_1_62' title='bbox 908 937 1017 990; x_wconf 88' lang='grc' dir='ltr'><strong>τῶν</strong></span> <span class='ocrx_word' id='word_1_63' title='bbox 1065 937 1371 1009; x_wconf 75' lang='grc' dir='ltr'><strong>εἰρημένων</strong></span> <span class='ocrx_word' id='word_1_64' title='bbox 1399 935 1710 1005; x_wconf 79' lang='grc' dir='ltr'>ἐλέγχεταις</span> <span class='ocrx_word' id='word_1_65' title='bbox 1759 935 1817 987; x_wconf 90' lang='lat'><strong>&#39;0</strong></span> <span class='ocrx_word' id='word_1_66' title='bbox 1849 934 1925 986; x_wconf 89' lang='grc' dir='ltr'>εί-</span> 
     </span>
    </p>
   </div>
   <div class='ocr_carea' id='block_1_11' title="bbox 334 1023 1925 1099">
    <p class='ocr_par' dir='ltr' id='par_1_11' title="bbox 334 1023 1925 1099">
     <span class='ocr_line' id='line_1_11' title="bbox 334 1023 1925 1099; baseline 0 -20"><span class='ocrx_word' id='word_1_67' title='bbox 334 1027 450 1079; x_wconf 85' lang='grc' dir='ltr'><strong>πὼν</strong></span> <span class='ocrx_word' id='word_1_68' title='bbox 478 1027 699 1080; x_wconf 83' lang='grc' dir='ltr'>δυνατὸν</span> <span class='ocrx_word' id='word_1_69' title='bbox 729 1023 866 1081; x_wconf 81' lang='grc' dir='ltr'>εἶναι</span> <span class='ocrx_word' id='word_1_70' title='bbox 889 1029 1089 1092; x_wconf 83' lang='grc' dir='ltr'>πολλὰς</span> <span class='ocrx_word' id='word_1_71' title='bbox 1117 1029 1521 1099; x_wconf 73' lang='grc' dir='ltr'>ἐφαρμόιζεσθαι</span> <span class='ocrx_word' id='word_1_72' title='bbox 1556 1026 1925 1099; x_wconf 79' lang='grc' dir='ltr'><strong>προσηγορίας</strong></span> 
     </span>
    </p>
   </div>
   <div class='ocr_carea' id='block_1_12' title="bbox 332 1119 1925 1191">
    <p class='ocr_par' dir='ltr' id='par_1_12' title="bbox 332 1119 1925 1191">
     <span class='ocr_line' id='line_1_12' title="bbox 332 1119 1925 1191; baseline 0.001 -20"><span class='ocrx_word' id='word_1_73' title='bbox 332 1119 472 1172; x_wconf 75' lang='grc' dir='ltr'>κατα</span> <span class='ocrx_word' id='word_1_74' title='bbox 507 1120 604 1182; x_wconf 74' lang='grc' dir='ltr'>τὰς</span> <span class='ocrx_word' id='word_1_75' title='bbox 630 1120 738 1173; x_wconf 89' lang='grc' dir='ltr'><strong>τῶν</strong></span> <span class='ocrx_word' id='word_1_76' title='bbox 768 1121 1056 1189; x_wconf 82' lang='grc' dir='ltr'>ἐνεργειῶν</span> <span class='ocrx_word' id='word_1_77' title='bbox 1098 1121 1381 1191; x_wconf 76' lang='grc' dir='ltr'>διαφορὰς,</span> <span class='ocrx_word' id='word_1_78' title='bbox 1416 1122 1510 1173; x_wconf 61' lang='grc' dir='ltr'><strong>καὶ⁸</strong></span> <span class='ocrx_word' id='word_1_79' title='bbox 1553 1121 1652 1191; x_wconf 80' lang='grc' dir='ltr'>τὴν</span> <span class='ocrx_word' id='word_1_80' title='bbox 1684 1120 1821 1191; x_wconf 75' lang='grc' dir='ltr'>πρὸς</span> <span class='ocrx_word' id='word_1_81' title='bbox 1856 1119 1925 1172; x_wconf 77' lang='grc' dir='ltr'>τὰ</span> 
     </span>
    </p>
   </div>
   <div class='ocr_carea' id='block_1_13' title="bbox 332 1210 1923 1283">
    <p class='ocr_par' dir='ltr' id='par_1_13' title="bbox 332 1210 1923 1283">
     <span class='ocr_line' id='line_1_13' title="bbox 332 1210 1923 1283; baseline -0.001 -20"><span class='ocrx_word' id='word_1_82' title='bbox 332 1210 698 1281; x_wconf 73' lang='grc' dir='ltr'>ἐνεργούμενα</span> <span class='ocrx_word' id='word_1_83' title='bbox 743 1211 945 1283; x_wconf 83' lang='grc' dir='ltr'><strong>σχέσιν,</strong></span> <span class='ocrx_word' id='word_1_84' title='bbox 992 1213 1074 1265; x_wconf 79' lang='grc' dir='ltr'>ἐνὶ</span> <span class='ocrx_word' id='word_1_85' title='bbox 1126 1213 1266 1266; x_wconf 86' lang='grc' dir='ltr'><strong>κατά</strong></span> <span class='ocrx_word' id='word_1_86' title='bbox 1310 1214 1370 1266; x_wconf 85' lang='grc' dir='ltr'>τὸ</span> <span class='ocrx_word' id='word_1_87' title='bbox 1418 1212 1773 1282; x_wconf 85' lang='grc' dir='ltr'>ὑποκείμενον</span> <span class='ocrx_word' id='word_1_88' title='bbox 1810 1212 1923 1264; x_wconf 74' lang='grc' dir='ltr'>ὄντι</span> 
     </span>
    </p>
   </div>
   <div class='ocr_carea' id='block_1_14' title="bbox 331 1299 1926 1371">
    <p class='ocr_par' dir='ltr' id='par_1_14' title="bbox 331 1299 1926 1371">
     <span class='ocr_line' id='line_1_14' title="bbox 331 1299 1926 1371; baseline 0.001 -19"><span class='ocrx_word' id='word_1_89' title='bbox 331 1300 409 1371; x_wconf 84' lang='grc' dir='ltr'><strong>τῷ</strong></span> <span class='ocrx_word' id='word_1_90' title='bbox 439 1300 554 1370; x_wconf 82' lang='grc' dir='ltr'>Υίῷ</span> <span class='ocrx_word' id='word_1_91' title='bbox 578 1301 672 1354; x_wconf 77' lang='grc' dir='ltr'>τοῦ</span> <span class='ocrx_word' id='word_1_92' title='bbox 704 1301 838 1355; x_wconf 82' lang='grc' dir='ltr'>Θεοῦ</span> <span class='ocrx_word' id='word_1_93' title='bbox 859 1319 873 1331; x_wconf 87' lang='grc'><strong>·</strong></span> <span class='ocrx_word' id='word_1_94' title='bbox 902 1301 977 1365; x_wconf 85' lang='grc' dir='ltr'><strong>ὡς</strong></span> <span class='ocrx_word' id='word_1_95' title='bbox 1002 1303 1095 1356; x_wconf 78' lang='grc' dir='ltr'>καὶ</span> <span class='ocrx_word' id='word_1_96' title='bbox 1126 1306 1155 1356; x_wconf 92' lang='lat'><strong>6</strong></span> <span class='ocrx_word' id='word_1_97' title='bbox 1182 1306 1325 1366; x_wconf 87' lang='grc' dir='ltr'>σῖτος</span> <span class='ocrx_word' id='word_1_98' title='bbox 1364 1299 1443 1367; x_wconf 78' lang='grc' dir='ltr'><strong>είς</strong></span> <span class='ocrx_word' id='word_1_99' title='bbox 1468 1302 1543 1355; x_wconf 86' lang='grc' dir='ltr'><strong>ῶν</strong></span> <span class='ocrx_word' id='word_1_100' title='bbox 1577 1305 1642 1355; x_wconf 87' lang='grc' dir='ltr'><strong>ἐκ</strong></span> <span class='ocrx_word' id='word_1_101' title='bbox 1674 1302 1782 1354; x_wconf 89' lang='grc' dir='ltr'><strong>τῶν</strong></span> <span class='ocrx_word' id='word_1_102' title='bbox 1812 1319 1926 1354; x_wconf 87' lang='grc' dir='ltr'>ποι-</span> 
     </span>
    </p>
   </div>
   <div class='ocr_carea' id='block_1_15' title="bbox 332 1392 1924 1465">
    <p class='ocr_par' dir='ltr' id='par_1_15' title="bbox 332 1392 1924 1465">
     <span class='ocr_line' id='line_1_15' title="bbox 332 1392 1924 1465; baseline 0.001 -22"><span class='ocrx_word' id='word_1_103' title='bbox 332 1392 498 1444; x_wconf 84' lang='grc' dir='ltr'>κίλων</span> <span class='ocrx_word' id='word_1_104' title='bbox 549 1392 675 1460; x_wconf 73' lang='grc' dir='ltr'>περὶ</span> <span class='ocrx_word' id='word_1_105' title='bbox 722 1393 886 1445; x_wconf 79' lang='grc' dir='ltr'>αὑτοῦ</span> <span class='ocrx_word' id='word_1_106' title='bbox 928 1394 1237 1465; x_wconf 82' lang='grc' dir='ltr'><strong>νοημάτων,</strong></span> <span class='ocrx_word' id='word_1_107' title='bbox 1276 1395 1551 1465; x_wconf 77' lang='grc' dir='ltr'>διαφόροις</span> <span class='ocrx_word' id='word_1_108' title='bbox 1589 1394 1924 1463; x_wconf 76' lang='grc' dir='ltr'>ἐπωνυμίαις</span> 
     </span>
    </p>
   </div>
   <div class='ocr_carea' id='block_1_16' title="bbox 335 1480 1925 1557">
    <p class='ocr_par' dir='ltr' id='par_1_16' title="bbox 335 1480 1925 1557">
     <span class='ocr_line' id='line_1_16' title="bbox 335 1480 1925 1557; baseline 0.003 -23"><span class='ocrx_word' id='word_1_109' title='bbox 335 1483 733 1554; x_wconf 78' lang='grc' dir='ltr'>ἐπιμερίζεται.</span> <span class='ocrx_word' id='word_1_110' title='bbox 778 1484 903 1548; x_wconf 86' lang='grc' dir='ltr'>Πῶς</span> <span class='ocrx_word' id='word_1_111' title='bbox 952 1480 1046 1538; x_wconf 81' lang='grc' dir='ltr'>οὖν</span> <span class='ocrx_word' id='word_1_112' title='bbox 1096 1486 1389 1556; x_wconf 81' lang='grc' dir='ltr'>ἀνατρέπει</span> <span class='ocrx_word' id='word_1_113' title='bbox 1444 1486 1512 1539; x_wconf 87' lang='grc' dir='ltr'><strong>τά</strong></span> <span class='ocrx_word' id='word_1_114' title='bbox 1566 1486 1853 1557; x_wconf 70' lang='grc' dir='ltr'>εἰρημένα,</span> <span class='ocrx_word' id='word_1_115' title='bbox 1896 1488 1925 1539; x_wconf 93' lang='lat'><strong>6</strong></span> 
     </span>
    </p>
   </div>
   <div class='ocr_carea' id='block_1_17' title="bbox 334 1573 1926 1647">
    <p class='ocr_par' dir='ltr' id='par_1_17' title="bbox 334 1573 1926 1647">
     <span class='ocr_line' id='line_1_17' title="bbox 334 1573 1926 1647; baseline 0.004 -23"><span class='ocrx_word' id='word_1_116' title='bbox 334 1573 506 1642; x_wconf 82' lang='grc' dir='ltr'>λέγων</span> <span class='ocrx_word' id='word_1_117' title='bbox 542 1576 669 1644; x_wconf 73' lang='grc' dir='ltr'>περὶ</span> <span class='ocrx_word' id='word_1_118' title='bbox 720 1576 912 1629; x_wconf 78' lang='grc' dir='ltr'>ἐαυτοῦ</span> <span class='ocrx_word' id='word_1_119' title='bbox 957 1576 1131 1630; x_wconf 83' lang='grc' dir='ltr'>ταῦτα</span> <span class='ocrx_word' id='word_1_120' title='bbox 1175 1577 1267 1629; x_wconf 74' lang='grc' dir='ltr'>τὸν</span> <span class='ocrx_word' id='word_1_121' title='bbox 1297 1576 1532 1647; x_wconf 76' lang='grc' dir='ltr'>Χριστὸν</span> <span class='ocrx_word' id='word_1_122' title='bbox 1576 1577 1647 1630; x_wconf 75' lang='grc' dir='ltr'>τὰ</span> <span class='ocrx_word' id='word_1_123' title='bbox 1686 1577 1926 1647; x_wconf 85' lang='grc' dir='ltr'>ὀνόματα</span> 
     </span>
    </p>
   </div>
   <div class='ocr_carea' id='block_1_18' title="bbox 332 1666 1925 1740">
    <p class='ocr_par' dir='ltr' id='par_1_18' title="bbox 332 1666 1925 1740">
     <span class='ocr_line' id='line_1_18' title="bbox 332 1666 1925 1740; baseline 0.003 -23"><span class='ocrx_word' id='word_1_124' title='bbox 332 1666 539 1734; x_wconf 79' lang='grc' dir='ltr'>λέγειν;</span> <span class='ocrx_word' id='word_1_125' title='bbox 566 1667 640 1719; x_wconf 81' lang='grc' dir='ltr'><strong>Οὐ</strong></span> <span class='ocrx_word' id='word_1_126' title='bbox 672 1667 781 1737; x_wconf 76' lang='grc' dir='ltr'>γὰρ</span> <span class='ocrx_word' id='word_1_127' title='bbox 815 1668 964 1731; x_wconf 83' lang='grc' dir='ltr'>ὅστις</span> <span class='ocrx_word' id='word_1_128' title='bbox 999 1670 1028 1722; x_wconf 88' lang='grc' dir='ltr'><strong>ὁ</strong></span> <span class='ocrx_word' id='word_1_129' title='bbox 1061 1670 1455 1740; x_wconf 84' lang='grc' dir='ltr'>κατονομάσας,</span> <span class='ocrx_word' id='word_1_130' title='bbox 1502 1669 1565 1722; x_wconf 81' lang='grc' dir='ltr'><strong>τὸ</strong></span> <span class='ocrx_word' id='word_1_131' title='bbox 1596 1668 1925 1739; x_wconf 81' lang='grc' dir='ltr'>ζητούμενον</span> 
     </span>
    </p>
   </div>
   <div class='ocr_carea' id='block_1_19' title="bbox 334 1751 1925 1830">
    <p class='ocr_par' dir='ltr' id='par_1_19' title="bbox 334 1751 1925 1830">
     <span class='ocr_line' id='line_1_19' title="bbox 334 1751 1925 1830; baseline 0.003 -24"><span class='ocrx_word' id='word_1_132' title='bbox 334 1751 423 1825; x_wconf 79' lang='grc' dir='ltr'>ἦν,</span> <span class='ocrx_word' id='word_1_133' title='bbox 449 1756 583 1810; x_wconf 74' lang='grc' dir='ltr'>ἀλλὰ</span> <span class='ocrx_word' id='word_1_134' title='bbox 620 1757 748 1827; x_wconf 80' lang='grc' dir='ltr'>περὶ</span> <span class='ocrx_word' id='word_1_135' title='bbox 794 1758 892 1822; x_wconf 78' lang='grc' dir='ltr'>τῆς</span> <span class='ocrx_word' id='word_1_136' title='bbox 938 1757 1045 1811; x_wconf 89' lang='grc' dir='ltr'><strong>τῶν</strong></span> <span class='ocrx_word' id='word_1_137' title='bbox 1086 1760 1365 1829; x_wconf 82' lang='grc' dir='ltr'>ὀνομάτων</span> <span class='ocrx_word' id='word_1_138' title='bbox 1400 1760 1605 1823; x_wconf 89' lang='grc' dir='ltr'>ἐννοίας</span> <span class='ocrx_word' id='word_1_139' title='bbox 1643 1761 1677 1829; x_wconf 81' lang='grc' dir='ltr'><strong>ἡ</strong></span> <span class='ocrx_word' id='word_1_140' title='bbox 1725 1759 1925 1830; x_wconf 83' lang='grc' dir='ltr'>Θεωρία</span> 
     </span>
    </p>
   </div>
   <div class='ocr_carea' id='block_1_20' title="bbox 336 1849 1924 1925">
    <p class='ocr_par' dir='ltr' id='par_1_20' title="bbox 336 1849 1924 1925">
     <span class='ocr_line' id='line_1_20' title="bbox 336 1849 1924 1925; baseline 0.002 -24"><span class='ocrx_word' id='word_1_141' title='bbox 336 1849 620 1920; x_wconf 79' lang='grc' dir='ltr'>προέκειτο</span> <span class='ocrx_word' id='word_1_142' title='bbox 639 1869 651 1879; x_wconf 91' lang='grc'><strong>·</strong></span> <span class='ocrx_word' id='word_1_143' title='bbox 680 1850 907 1918; x_wconf 85' lang='grc' dir='ltr'>πότερον</span> <span class='ocrx_word' id='word_1_144' title='bbox 943 1852 1101 1919; x_wconf 81' lang='grc' dir='ltr'>φύσιν</span> <span class='ocrx_word' id='word_1_145' title='bbox 1134 1853 1483 1912; x_wconf 84' lang='grc' dir='ltr'>ἐνδείκνυται,</span> <span class='ocrx_word' id='word_1_146' title='bbox 1509 1854 1543 1924; x_wconf 81' lang='grc' dir='ltr'>ἢ</span> <span class='ocrx_word' id='word_1_147' title='bbox 1569 1853 1924 1925; x_wconf 82' lang='grc' dir='ltr'>ἐπινοητικῶς</span> 
     </span>
    </p>
   </div>
   <div class='ocr_carea' id='block_1_21' title="bbox 336 1941 1926 2018">
    <p class='ocr_par' dir='ltr' id='par_1_21' title="bbox 336 1941 1926 2018">
     <span class='ocr_line' id='line_1_21' title="bbox 336 1941 1926 2018; baseline 0.005 -26"><span class='ocrx_word' id='word_1_148' title='bbox 336 1941 401 1992; x_wconf 88' lang='grc' dir='ltr'>ἐκ</span> <span class='ocrx_word' id='word_1_149' title='bbox 433 1942 540 1993; x_wconf 88' lang='grc' dir='ltr'><strong>τῶν</strong></span> <span class='ocrx_word' id='word_1_150' title='bbox 590 1943 879 2012; x_wconf 77' lang='grc' dir='ltr'>ἐνεργειῶν</span> <span class='ocrx_word' id='word_1_151' title='bbox 918 1944 1261 2014; x_wconf 77' lang='grc' dir='ltr'>ὀνομάζεται.</span> <span class='ocrx_word' id='word_1_152' title='bbox 1306 1945 1445 1997; x_wconf 81' lang='grc' dir='ltr'>Ἀλλ’</span> <span class='ocrx_word' id='word_1_153' title='bbox 1479 1950 1507 2000; x_wconf 91' lang='lat'><strong>6</strong></span> <span class='ocrx_word' id='word_1_154' title='bbox 1537 1946 1734 2018; x_wconf 87' lang='grc' dir='ltr'>δριμὺς</span> <span class='ocrx_word' id='word_1_155' title='bbox 1775 1942 1926 2012; x_wconf 76' lang='grc' dir='ltr'>οὗτος</span> 
     </span>
    </p>
   </div>
   <div class='ocr_carea' id='block_1_22' title="bbox 337 2032 1927 2108">
    <p class='ocr_par' dir='ltr' id='par_1_22' title="bbox 337 2032 1927 2108">
     <span class='ocr_line' id='line_1_22' title="bbox 337 2032 1927 2108; baseline 0.004 -23"><span class='ocrx_word' id='word_1_156' title='bbox 337 2032 433 2085; x_wconf 76' lang='grc' dir='ltr'><strong>καὶ</strong></span> <span class='ocrx_word' id='word_1_157' title='bbox 473 2032 795 2104; x_wconf 65' lang='grc' dir='ltr'>ἀμφιλαφὴς</span> <span class='ocrx_word' id='word_1_158' title='bbox 842 2035 941 2104; x_wconf 76' lang='grc' dir='ltr'><strong>τὴν</strong></span> <span class='ocrx_word' id='word_1_159' title='bbox 996 2035 1253 2099; x_wconf 83' lang='grc' dir='ltr'>διάνοιαν,</span> <span class='ocrx_word' id='word_1_160' title='bbox 1287 2037 1608 2108; x_wconf 79' lang='grc' dir='ltr'>ἀνατρέπων</span> <span class='ocrx_word' id='word_1_161' title='bbox 1650 2038 1743 2090; x_wconf 86' lang='grc' dir='ltr'><strong>τὸν</strong></span> <span class='ocrx_word' id='word_1_162' title='bbox 1789 2039 1927 2091; x_wconf 87' lang='grc' dir='ltr'>ἀπο-</span> 
     </span>
    </p>
   </div>
   <div class='ocr_carea' id='block_1_23' title="bbox 335 2124 1929 2195">
    <p class='ocr_par' dir='ltr' id='par_1_23' title="bbox 335 2124 1929 2195">
     <span class='ocr_line' id='line_1_23' title="bbox 335 2124 1929 2195; baseline 0.004 -19"><span class='ocrx_word' id='word_1_163' title='bbox 335 2124 559 2177; x_wconf 77' lang='grc' dir='ltr'>δοθέντα</span> <span class='ocrx_word' id='word_1_164' title='bbox 589 2126 713 2193; x_wconf 78' lang='grc' dir='ltr'>περὶ</span> <span class='ocrx_word' id='word_1_165' title='bbox 744 2124 844 2193; x_wconf 77' lang='grc' dir='ltr'>τῆς</span> <span class='ocrx_word' id='word_1_166' title='bbox 874 2126 1115 2189; x_wconf 77' lang='grc' dir='ltr'>ἐπινοίας</span> <span class='ocrx_word' id='word_1_167' title='bbox 1152 2127 1330 2195; x_wconf 90' lang='grc' dir='ltr'>λόγον,</span> <span class='ocrx_word' id='word_1_168' title='bbox 1362 2128 1454 2180; x_wconf 78' lang='grc' dir='ltr'><strong>τὸν</strong></span> <span class='ocrx_word' id='word_1_169' title='bbox 1501 2129 1741 2192; x_wconf 78' lang='grc' dir='ltr'>εἰπόντα,</span> <span class='ocrx_word' id='word_1_170' title='bbox 1772 2128 1929 2182; x_wconf 85' lang='grc' dir='ltr'>δυνα-</span> 
     </span>
    </p>
   </div>
   <div class='ocr_carea' id='block_1_24' title="bbox 336 2211 1931 2294">
    <p class='ocr_par' dir='ltr' id='par_1_24' title="bbox 336 2211 1931 2294">
     <span class='ocr_line' id='line_1_24' title="bbox 336 2211 1931 2294; baseline 0.006 -28"><span class='ocrx_word' id='word_1_171' title='bbox 336 2216 426 2267; x_wconf 80' lang='grc' dir='ltr'><strong>τὸν</strong></span> <span class='ocrx_word' id='word_1_172' title='bbox 458 2211 592 2268; x_wconf 72' lang='grc' dir='ltr'>εἶναι</span> <span class='ocrx_word' id='word_1_173' title='bbox 623 2218 702 2269; x_wconf 86' lang='grc' dir='ltr'><strong>ἐνί</strong></span> <span class='ocrx_word' id='word_1_174' title='bbox 734 2218 811 2288; x_wconf 81' lang='grc' dir='ltr'><strong>τῷ</strong></span> <span class='ocrx_word' id='word_1_175' title='bbox 839 2219 1181 2289; x_wconf 78' lang='grc' dir='ltr'>ὑποκειμένῳ</span> <span class='ocrx_word' id='word_1_176' title='bbox 1229 2219 1428 2284; x_wconf 79' lang='grc' dir='ltr'>πολλὰς</span> <span class='ocrx_word' id='word_1_177' title='bbox 1474 2222 1713 2293; x_wconf 76' lang='grc' dir='ltr'>ἐξευρεῖν</span> <span class='ocrx_word' id='word_1_178' title='bbox 1760 2240 1931 2294; x_wconf 84' lang='grc' dir='ltr'>προσ-</span> 
     </span>
    </p>
   </div>
   <div class='ocr_carea' id='block_1_25' title="bbox 336 2309 1929 2386">
    <p class='ocr_par' dir='ltr' id='par_1_25' title="bbox 336 2309 1929 2386">
     <span class='ocr_line' id='line_1_25' title="bbox 336 2309 1929 2386; baseline 0.005 -27"><span class='ocrx_word' id='word_1_179' title='bbox 336 2309 582 2380; x_wconf 77' lang='grc' dir='ltr'>ηγορίας,</span> <span class='ocrx_word' id='word_1_180' title='bbox 635 2311 775 2363; x_wconf 86' lang='grc' dir='ltr'><strong>κατά</strong></span> <span class='ocrx_word' id='word_1_181' title='bbox 817 2312 915 2374; x_wconf 85' lang='grc' dir='ltr'><strong>τὰς</strong></span> <span class='ocrx_word' id='word_1_182' title='bbox 962 2312 1071 2364; x_wconf 87' lang='grc' dir='ltr'><strong>τῶν</strong></span> <span class='ocrx_word' id='word_1_183' title='bbox 1108 2314 1395 2383; x_wconf 78' lang='grc' dir='ltr'>ἐνεργειῶν</span> <span class='ocrx_word' id='word_1_184' title='bbox 1448 2314 1743 2385; x_wconf 85' lang='grc' dir='ltr'>σημασίας,</span> <span class='ocrx_word' id='word_1_185' title='bbox 1783 2317 1929 2386; x_wconf 84' lang='grc' dir='ltr'>ἰσχυ-</span> 
     </span>
    </p>
   </div>
   <div class='ocr_carea' id='block_1_26' title="bbox 341 2398 1927 2478">
    <p class='ocr_par' dir='ltr' id='par_1_26' title="bbox 341 2398 1927 2478">
     <span class='ocr_line' id='line_1_26' title="bbox 341 2398 1927 2478; baseline 0.006 -29"><span class='ocrx_word' id='word_1_186' title='bbox 341 2398 450 2469; x_wconf 82' lang='grc' dir='ltr'><strong>ρῶς</strong></span> <span class='ocrx_word' id='word_1_187' title='bbox 491 2400 751 2469; x_wconf 85' lang='grc' dir='ltr'>κέχρηται</span> <span class='ocrx_word' id='word_1_188' title='bbox 796 2401 916 2454; x_wconf 84' lang='grc' dir='ltr'>καθ’</span> <span class='ocrx_word' id='word_1_189' title='bbox 946 2402 1101 2472; x_wconf 82' lang='grc' dir='ltr'>ἡμῶν</span> <span class='ocrx_word' id='word_1_190' title='bbox 1152 2406 1216 2473; x_wconf 81' lang='grc' dir='ltr'>τῇ</span> <span class='ocrx_word' id='word_1_191' title='bbox 1270 2404 1441 2477; x_wconf 82' lang='grc' dir='ltr'>μάχῃ,</span> <span class='ocrx_word' id='word_1_192' title='bbox 1488 2404 1660 2472; x_wconf 83' lang='grc' dir='ltr'>λέγων</span> <span class='ocrx_word' id='word_1_193' title='bbox 1692 2406 1765 2477; x_wconf 84' lang='grc' dir='ltr'>μὴ</span> <span class='ocrx_word' id='word_1_194' title='bbox 1797 2406 1927 2478; x_wconf 85' lang='grc' dir='ltr'>παρ’</span> 
     </span>
    </p>
   </div>
   <div class='ocr_carea' id='block_1_27' title="bbox 339 2491 1927 2565">
    <p class='ocr_par' dir='ltr' id='par_1_27' title="bbox 339 2491 1927 2565">
     <span class='ocr_line' id='line_1_27' title="bbox 339 2491 1927 2565; baseline 0.004 -23"><span class='ocrx_word' id='word_1_195' title='bbox 339 2492 529 2561; x_wconf 81' lang='grc' dir='ltr'>ἐτέρου</span> <span class='ocrx_word' id='word_1_196' title='bbox 565 2491 704 2555; x_wconf 81' lang='grc' dir='ltr'>τινὸς</span> <span class='ocrx_word' id='word_1_197' title='bbox 740 2492 1011 2545; x_wconf 80' lang='grc' dir='ltr'>τεθεῖσθαι</span> <span class='ocrx_word' id='word_1_198' title='bbox 1039 2494 1117 2564; x_wconf 82' lang='grc' dir='ltr'>τῷ</span> <span class='ocrx_word' id='word_1_199' title='bbox 1152 2494 1341 2565; x_wconf 80' lang='grc' dir='ltr'>Κυρίῳ</span> <span class='ocrx_word' id='word_1_200' title='bbox 1381 2494 1479 2558; x_wconf 82' lang='grc' dir='ltr'>τὰς</span> <span class='ocrx_word' id='word_1_201' title='bbox 1524 2497 1778 2560; x_wconf 83' lang='grc' dir='ltr'>τοιαύτας</span> <span class='ocrx_word' id='word_1_202' title='bbox 1812 2514 1927 2565; x_wconf 73' lang='grc' dir='ltr'><strong>φω-</strong></span> 
     </span>
    </p>
   </div>
   <div class='ocr_carea' id='block_1_28' title="bbox 339 2579 1925 2661">
    <p class='ocr_par' dir='ltr' id='par_1_28' title="bbox 339 2579 1925 2661">
     <span class='ocr_line' id='line_1_28' title="bbox 339 2579 1925 2661; baseline 0.005 -27"><span class='ocrx_word' id='word_1_203' title='bbox 339 2584 454 2645; x_wconf 77' lang='grc' dir='ltr'>νάς.</span> <span class='ocrx_word' id='word_1_204' title='bbox 490 2584 554 2635; x_wconf 88' lang='grc' dir='ltr'>Τί</span> <span class='ocrx_word' id='word_1_205' title='bbox 593 2579 685 2637; x_wconf 79' lang='grc' dir='ltr'><strong>οὖν</strong></span> <span class='ocrx_word' id='word_1_206' title='bbox 716 2585 888 2638; x_wconf 78' lang='grc' dir='ltr'>ταῦτα</span> <span class='ocrx_word' id='word_1_207' title='bbox 923 2586 1059 2657; x_wconf 73' lang='grc' dir='ltr'>πρὸς</span> <span class='ocrx_word' id='word_1_208' title='bbox 1100 2588 1199 2656; x_wconf 76' lang='grc' dir='ltr'><strong>τὴν</strong></span> <span class='ocrx_word' id='word_1_209' title='bbox 1247 2588 1613 2659; x_wconf 82' lang='grc' dir='ltr'>προκειμένην</span> <span class='ocrx_word' id='word_1_210' title='bbox 1660 2590 1925 2661; x_wconf 86' lang='grc' dir='ltr'>σπουδήν;</span> 
     </span>
    </p>
   </div>
   <div class='ocr_carea' id='block_1_29' title="bbox 338 2676 1927 2750">
    <p class='ocr_par' dir='ltr' id='par_1_29' title="bbox 338 2676 1927 2750">
     <span class='ocr_line' id='line_1_29' title="bbox 338 2676 1927 2750; baseline 0.004 -22"><span class='ocrx_word' id='word_1_211' title='bbox 338 2676 429 2746; x_wconf 74' lang='grc' dir='ltr'>Μὴ</span> <span class='ocrx_word' id='word_1_212' title='bbox 475 2676 660 2747; x_wconf 80' lang='grc' dir='ltr'>ἐπειδὴ</span> <span class='ocrx_word' id='word_1_213' title='bbox 713 2677 861 2747; x_wconf 85' lang='grc' dir='ltr'>παρὰ</span> <span class='ocrx_word' id='word_1_214' title='bbox 910 2678 1005 2730; x_wconf 75' lang='grc' dir='ltr'>τοῦ</span> <span class='ocrx_word' id='word_1_215' title='bbox 1053 2679 1257 2750; x_wconf 84' lang='grc' dir='ltr'>Κυρίου</span> <span class='ocrx_word' id='word_1_216' title='bbox 1297 2679 1367 2733; x_wconf 76' lang='grc' dir='ltr'>τὰ</span> <span class='ocrx_word' id='word_1_217' title='bbox 1407 2680 1644 2750; x_wconf 79' lang='grc' dir='ltr'>ὀνόματα</span> <span class='ocrx_word' id='word_1_218' title='bbox 1689 2681 1927 2750; x_wconf 86' lang='grc' dir='ltr'>λέγεται,</span> 
     </span>
    </p>
   </div>
   <div class='ocr_carea' id='block_1_30' title="bbox 340 2768 1927 2845">
    <p class='ocr_par' dir='ltr' id='par_1_30' title="bbox 340 2768 1927 2845">
     <span class='ocr_line' id='line_1_30' title="bbox 340 2768 1927 2845; baseline 0.004 -26"><span class='ocrx_word' id='word_1_219' title='bbox 340 2768 459 2820; x_wconf 78' lang='grc' dir='ltr'>οὐδὲ</span> <span class='ocrx_word' id='word_1_220' title='bbox 493 2768 732 2837; x_wconf 84' lang='grc' dir='ltr'>ὀνόματα</span> <span class='ocrx_word' id='word_1_221' title='bbox 764 2769 921 2823; x_wconf 85' lang='grc' dir='ltr'>δώσει</span> <span class='ocrx_word' id='word_1_222' title='bbox 950 2770 1123 2825; x_wconf 83' lang='grc' dir='ltr'>ταῦτα</span> <span class='ocrx_word' id='word_1_223' title='bbox 1171 2770 1331 2834; x_wconf 77' lang='grc' dir='ltr'>εἶναι,</span> <span class='ocrx_word' id='word_1_224' title='bbox 1368 2772 1490 2826; x_wconf 77' lang='grc' dir='ltr'>οὔτε</span> <span class='ocrx_word' id='word_1_225' title='bbox 1532 2774 1927 2845; x_wconf 79' lang='grc' dir='ltr'>προσηγορίας,</span> 
     </span>
    </p>
   </div>
   <div class='ocr_carea' id='block_1_31' title="bbox 339 2859 1927 2939">
    <p class='ocr_par' dir='ltr' id='par_1_31' title="bbox 339 2859 1927 2939">
     <span class='ocr_line' id='line_1_31' title="bbox 339 2859 1927 2939; baseline 0.004 -27"><span class='ocrx_word' id='word_1_226' title='bbox 339 2859 460 2913; x_wconf 68' lang='grc' dir='ltr'>οἶδδέ</span> <span class='ocrx_word' id='word_1_227' title='bbox 489 2862 670 2930; x_wconf 76' lang='grc' dir='ltr'>φωνὰς</span> <span class='ocrx_word' id='word_1_228' title='bbox 716 2864 1001 2933; x_wconf 83' lang='grc' dir='ltr'>νοημάτων</span> <span class='ocrx_word' id='word_1_229' title='bbox 1052 2865 1426 2934; x_wconf 76' lang='grc' dir='ltr'>σημαντικὰς;</span> <span class='ocrx_word' id='word_1_230' title='bbox 1461 2866 1521 2918; x_wconf 71' lang='lat' dir='ltr'><strong>Et</strong></span> <span class='ocrx_word' id='word_1_231' title='bbox 1570 2866 1667 2936; x_wconf 86' lang='grc' dir='ltr'><strong>μὲν</strong></span> <span class='ocrx_word' id='word_1_232' title='bbox 1712 2866 1820 2939; x_wconf 76' lang='grc' dir='ltr'>γὰρ</span> <span class='ocrx_word' id='word_1_233' title='bbox 1865 2866 1927 2918; x_wconf 86' lang='grc' dir='ltr'><strong>ού</strong></span> 
     </span>
    </p>
   </div>
   <div class='ocr_carea' id='block_1_32' title="bbox 339 2949 1928 3028">
    <p class='ocr_par' dir='ltr' id='par_1_32' title="bbox 339 2949 1928 3028">
     <span class='ocr_line' id='line_1_32' title="bbox 339 2949 1928 3028; baseline 0.003 -24"><span class='ocrx_word' id='word_1_234' title='bbox 339 2951 551 3023; x_wconf 79' lang='grc' dir='ltr'>δέχεται</span> <span class='ocrx_word' id='word_1_235' title='bbox 580 2954 649 3006; x_wconf 72' lang='grc' dir='ltr'>τδ</span> <span class='ocrx_word' id='word_1_236' title='bbox 664 2949 804 3008; x_wconf 77' lang='grc' dir='ltr'>εἶναι</span> <span class='ocrx_word' id='word_1_237' title='bbox 832 2954 1002 3007; x_wconf 83' lang='grc' dir='ltr'>ταῦτα</span> <span class='ocrx_word' id='word_1_238' title='bbox 1023 2954 1282 3025; x_wconf 82' lang='grc' dir='ltr'>ὀνόματα,</span> <span class='ocrx_word' id='word_1_239' title='bbox 1312 2958 1377 3027; x_wconf 85' lang='grc' dir='ltr'>τῇ</span> <span class='ocrx_word' id='word_1_240' title='bbox 1417 2957 1524 3009; x_wconf 88' lang='grc' dir='ltr'><strong>τῶν</strong></span> <span class='ocrx_word' id='word_1_241' title='bbox 1551 2956 1928 3028; x_wconf 90' lang='grc' dir='ltr'>προσηγοριῶν</span> 
     </span>
    </p>
   </div>
   <div class='ocr_carea' id='block_1_33' title="bbox 341 3043 1929 3119">
    <p class='ocr_par' dir='ltr' id='par_1_33' title="bbox 341 3043 1929 3119">
     <span class='ocr_line' id='line_1_33' title="bbox 341 3043 1929 3119; baseline 0.003 -22"><span class='ocrx_word' id='word_1_242' title='bbox 341 3043 619 3116; x_wconf 79' lang='grc' dir='ltr'>ἀναιρέσει</span> <span class='ocrx_word' id='word_1_243' title='bbox 642 3045 789 3117; x_wconf 81' lang='grc' dir='ltr'>καὶή</span> <span class='ocrx_word' id='word_1_244' title='bbox 819 3047 1029 3100; x_wconf 86' lang='grc' dir='ltr'>ἐπίνοια</span> <span class='ocrx_word' id='word_1_245' title='bbox 1063 3046 1445 3119; x_wconf 72' lang='grc' dir='ltr'>συνανῄρηται.</span> <span class='ocrx_word' id='word_1_246' title='bbox 1480 3048 1542 3101; x_wconf 72' lang='lat' dir='ltr'><strong>Et</strong></span> <span class='ocrx_word' id='word_1_247' title='bbox 1571 3048 1627 3101; x_wconf 86' lang='grc' dir='ltr'><strong>δέ</strong></span> <span class='ocrx_word' id='word_1_248' title='bbox 1650 3049 1750 3101; x_wconf 80' lang='grc' dir='ltr'>οὐκ</span> <span class='ocrx_word' id='word_1_249' title='bbox 1780 3051 1929 3102; x_wconf 83' lang='grc' dir='ltr'>ἀντι-</span> 
     </span>
    </p>
   </div>
   <div class='ocr_carea' id='block_1_34' title="bbox 2028 562 3610 633">
    <p class='ocr_par' dir='ltr' id='par_1_34' title="bbox 2028 562 3610 633">
     <span class='ocr_line' id='line_1_34' title="bbox 2028 562 3610 633; baseline 0.003 -16"><span class='ocrx_word' id='word_1_250' title='bbox 2028 562 2268 618; x_wconf 92' lang='lat' dir='ltr'><strong>cundum</strong></span> <span class='ocrx_word' id='word_1_251' title='bbox 2318 563 2559 633; x_wconf 88' lang='lat' dir='ltr'><strong>seipsum</strong></span> <span class='ocrx_word' id='word_1_252' title='bbox 2608 562 2975 633; x_wconf 86' lang='lat' dir='ltr'><strong>quodcunque</strong></span> <span class='ocrx_word' id='word_1_253' title='bbox 3009 565 3226 619; x_wconf 87' lang='lat' dir='ltr'><strong>tandem</strong></span> <span class='ocrx_word' id='word_1_254' title='bbox 3270 577 3355 621; x_wconf 88' lang='lat' dir='ltr'><strong>est</strong></span> <span class='ocrx_word' id='word_1_255' title='bbox 3409 583 3610 621; x_wconf 83' lang='lat' dir='ltr'><strong>secun-</strong></span> 
     </span>
    </p>
   </div>
   <div class='ocr_carea' id='block_1_35' title="bbox 2027 656 3606 727">
    <p class='ocr_par' dir='ltr' id='par_1_35' title="bbox 2027 656 3606 727">
     <span class='ocr_line' id='line_1_35' title="bbox 2027 656 3606 727; baseline 0.002 -16"><span class='ocrx_word' id='word_1_256' title='bbox 2027 656 2157 711; x_wconf 87' lang='lat' dir='ltr'><strong>dum</strong></span> <span class='ocrx_word' id='word_1_257' title='bbox 2205 665 2492 721; x_wconf 85' lang='lat' dir='ltr'><strong>naturam;</strong></span> <span class='ocrx_word' id='word_1_258' title='bbox 2526 658 2907 727; x_wconf 88' lang='lat' dir='ltr'><strong>operationum</strong></span> <span class='ocrx_word' id='word_1_259' title='bbox 2940 673 3074 712; x_wconf 84' lang='lat' dir='ltr'><strong>vero</strong></span> <span class='ocrx_word' id='word_1_260' title='bbox 3125 658 3452 715; x_wconf 81' lang='lat' dir='ltr'><strong>diﬂ‘erentiis</strong></span> <span class='ocrx_word' id='word_1_261' title='bbox 3481 676 3606 714; x_wconf 91' lang='lat' dir='ltr'><strong>cum</strong></span> 
     </span>
    </p>
   </div>
   <div class='ocr_carea' id='block_1_36' title="bbox 2028 749 3607 821">
    <p class='ocr_par' dir='ltr' id='par_1_36' title="bbox 2028 749 3607 821">
     <span class='ocr_line' id='line_1_36' title="bbox 2028 749 3607 821; baseline 0.002 -19"><span class='ocrx_word' id='word_1_262' title='bbox 2028 749 2365 814; x_wconf 90' lang='lat' dir='ltr'><strong>nominatur,</strong></span> <span class='ocrx_word' id='word_1_263' title='bbox 2402 765 2517 804; x_wconf 88' lang='lat' dir='ltr'><strong>non</strong></span> <span class='ocrx_word' id='word_1_264' title='bbox 2550 764 2713 803; x_wconf 91' lang='lat' dir='ltr'><strong>uuam</strong></span> <span class='ocrx_word' id='word_1_265' title='bbox 2761 750 2815 802; x_wconf 91' lang='lat' dir='ltr'><strong>in</strong></span> <span class='ocrx_word' id='word_1_266' title='bbox 2842 749 3100 805; x_wconf 87' lang='lat' dir='ltr'><strong>omnibus</strong></span> <span class='ocrx_word' id='word_1_267' title='bbox 3128 750 3330 804; x_wconf 90' lang='lat' dir='ltr'><strong>retinet</strong></span> <span class='ocrx_word' id='word_1_268' title='bbox 3364 754 3607 821; x_wconf 87' lang='lat' dir='ltr'><strong>appella-</strong></span> 
     </span>
    </p>
   </div>
   <div class='ocr_carea' id='block_1_37' title="bbox 2029 840 3608 911">
    <p class='ocr_par' dir='ltr' id='par_1_37' title="bbox 2029 840 3608 911">
     <span class='ocr_line' id='line_1_37' title="bbox 2029 840 3608 911; baseline 0.001 -16"><span class='ocrx_word' id='word_1_269' title='bbox 2029 841 2252 900; x_wconf 90' lang='lat' dir='ltr'><strong>tionem.</strong></span> <span class='ocrx_word' id='word_1_270' title='bbox 2306 840 2399 895; x_wconf 90' lang='lat' dir='ltr'><strong>sed</strong></span> <span class='ocrx_word' id='word_1_271' title='bbox 2433 840 2737 896; x_wconf 87' lang='lat' dir='ltr'><strong>secundum</strong></span> <span class='ocrx_word' id='word_1_272' title='bbox 2785 856 3059 910; x_wconf 82' lang='lat' dir='ltr'><strong>quamque</strong></span> <span class='ocrx_word' id='word_1_273' title='bbox 3096 843 3346 895; x_wconf 91' lang='lat' dir='ltr'><strong>notitiam</strong></span> <span class='ocrx_word' id='word_1_274' title='bbox 3376 859 3498 911; x_wconf 76' lang='lat' dir='ltr'><strong>qua:</strong></span> <span class='ocrx_word' id='word_1_275' title='bbox 3542 860 3608 896; x_wconf 78' lang='lat' dir='ltr'><strong>ex</strong></span> 
     </span>
    </p>
   </div>
   <div class='ocr_carea' id='block_1_38' title="bbox 2026 931 3608 1003">
    <p class='ocr_par' dir='ltr' id='par_1_38' title="bbox 2026 931 3608 1003">
     <span class='ocr_line' id='line_1_38' title="bbox 2026 931 3608 1003; baseline 0.001 -17"><span class='ocrx_word' id='word_1_276' title='bbox 2026 932 2352 1003; x_wconf 84' lang='lat' dir='ltr'><strong>operatione</strong></span> <span class='ocrx_word' id='word_1_277' title='bbox 2389 932 2551 986; x_wconf 90' lang='lat' dir='ltr'><strong>nobis</strong></span> <span class='ocrx_word' id='word_1_278' title='bbox 2583 932 2957 1001; x_wconf 82' lang='lat' dir='ltr'><strong>ingeneratur,</strong></span> <span class='ocrx_word' id='word_1_279' title='bbox 3012 948 3208 986; x_wconf 91' lang='lat' dir='ltr'><strong>nomen</strong></span> <span class='ocrx_word' id='word_1_280' title='bbox 3245 934 3498 988; x_wconf 86' lang='lat' dir='ltr'><strong>assumit.</strong></span> <span class='ocrx_word' id='word_1_281' title='bbox 3550 931 3608 987; x_wconf 90' lang='lat' dir='ltr'><strong>l&#39;u</strong></span> 
     </span>
    </p>
   </div>
   <div class='ocr_carea' id='block_1_39' title="bbox 2025 1022 3607 1095">
    <p class='ocr_par' dir='ltr' id='par_1_39' title="bbox 2025 1022 3607 1095">
     <span class='ocr_line' id='line_1_39' title="bbox 2025 1022 3607 1095; baseline 0.001 -18"><span class='ocrx_word' id='word_1_282' title='bbox 2025 1040 2136 1093; x_wconf 87' lang='lat' dir='ltr'><strong>quo</strong></span> <span class='ocrx_word' id='word_1_283' title='bbox 2169 1022 2338 1095; x_wconf 86' lang='lat' dir='ltr'><strong>igitur</strong></span> <span class='ocrx_word' id='word_1_284' title='bbox 2388 1024 2528 1077; x_wconf 87' lang='lat' dir='ltr'><strong>ratio</strong></span> <span class='ocrx_word' id='word_1_285' title='bbox 2564 1032 2753 1077; x_wconf 90' lang='lat' dir='ltr'><strong>nostra</strong></span> <span class='ocrx_word' id='word_1_286' title='bbox 2783 1040 2881 1094; x_wconf 84' lang='lat' dir='ltr'><strong>per</strong></span> <span class='ocrx_word' id='word_1_287' title='bbox 2933 1039 2996 1078; x_wconf 90' lang='lat' dir='ltr'><strong>ea</strong></span> <span class='ocrx_word' id='word_1_288' title='bbox 3054 1041 3175 1094; x_wconf 62' lang='lat' dir='ltr'><strong>qua:</strong></span> <span class='ocrx_word' id='word_1_289' title='bbox 3202 1026 3271 1079; x_wconf 81' lang='lat' dir='ltr'><strong>ab</strong></span> <span class='ocrx_word' id='word_1_290' title='bbox 3313 1026 3433 1095; x_wconf 88' lang='lat' dir='ltr'><strong>ipso</strong></span> <span class='ocrx_word' id='word_1_291' title='bbox 3460 1027 3607 1080; x_wconf 80' lang='lat' dir='ltr'><strong>dit-ta</strong></span> 
     </span>
    </p>
   </div>
   <div class='ocr_carea' id='block_1_40' title="bbox 2025 1112 3610 1183">
    <p class='ocr_par' dir='ltr' id='par_1_40' title="bbox 2025 1112 3610 1183">
     <span class='ocr_line' id='line_1_40' title="bbox 2025 1112 3610 1183; baseline 0.003 -18"><span class='ocrx_word' id='word_1_292' title='bbox 2025 1118 2176 1172; x_wconf 90' lang='lat' dir='ltr'><strong>sunt,</strong></span> <span class='ocrx_word' id='word_1_293' title='bbox 2228 1112 2615 1181; x_wconf 85' lang='lat' dir='ltr'><strong>redarguitur?</strong></span> <span class='ocrx_word' id='word_1_294' title='bbox 2642 1113 2749 1178; x_wconf 88' lang='lat' dir='ltr'><strong>.Qui</strong></span> <span class='ocrx_word' id='word_1_295' title='bbox 2786 1112 2927 1167; x_wconf 79' lang='lat' dir='ltr'><strong>dixit</strong></span> <span class='ocrx_word' id='word_1_296' title='bbox 2973 1114 3087 1168; x_wconf 84' lang='lat' dir='ltr'><strong>ﬁeri</strong></span> <span class='ocrx_word' id='word_1_297' title='bbox 3133 1129 3296 1183; x_wconf 84' lang='lat' dir='ltr'><strong>posse</strong></span> <span class='ocrx_word' id='word_1_298' title='bbox 3328 1125 3385 1167; x_wconf 90' lang='lat' dir='ltr'><strong>ut</strong></span> <span class='ocrx_word' id='word_1_299' title='bbox 3426 1116 3610 1169; x_wconf 65' lang='lat' dir='ltr'><strong>multm</strong></span> 
     </span>
    </p>
   </div>
   <div class='ocr_carea' id='block_1_41' title="bbox 2025 1204 3605 1275">
    <p class='ocr_par' dir='ltr' id='par_1_41' title="bbox 2025 1204 3605 1275">
     <span class='ocr_line' id='line_1_41' title="bbox 2025 1204 3605 1275; baseline 0.001 -18"><span class='ocrx_word' id='word_1_300' title='bbox 2025 1204 2421 1273; x_wconf 85' lang='lat' dir='ltr'><strong>appellationes</strong></span> <span class='ocrx_word' id='word_1_301' title='bbox 2471 1206 2774 1259; x_wconf 91' lang='lat' dir='ltr'><strong>secundum</strong></span> <span class='ocrx_word' id='word_1_302' title='bbox 2820 1207 3203 1275; x_wconf 89' lang='lat' dir='ltr'><strong>operationum</strong></span> <span class='ocrx_word' id='word_1_303' title='bbox 3244 1205 3605 1271; x_wconf 76' lang='lat' dir='ltr'><strong>diﬂerentias,</strong></span> 
     </span>
    </p>
   </div>
   <div class='ocr_carea' id='block_1_42' title="bbox 2026 1287 3608 1367">
    <p class='ocr_par' dir='ltr' id='par_1_42' title="bbox 2026 1287 3608 1367">
     <span class='ocr_line' id='line_1_42' title="bbox 2026 1287 3608 1367; baseline 0.001 -16"><span class='ocrx_word' id='word_1_304' title='bbox 2026 1303 2081 1351; x_wconf 90' lang='lat' dir='ltr'><strong>et</strong></span> <span class='ocrx_word' id='word_1_305' title='bbox 2113 1294 2435 1349; x_wconf 83' lang='lat' dir='ltr'><strong>relationem</strong></span> <span class='ocrx_word' id='word_1_306' title='bbox 2470 1296 2536 1349; x_wconf 91' lang='lat' dir='ltr'><strong>ad</strong></span> <span class='ocrx_word' id='word_1_307' title='bbox 2565 1310 2627 1349; x_wconf 89' lang='lat' dir='ltr'><strong>ea</strong></span> <span class='ocrx_word' id='word_1_308' title='bbox 2657 1311 2780 1366; x_wconf 62' lang='lat' dir='ltr'><strong>quae</strong></span> <span class='ocrx_word' id='word_1_309' title='bbox 2821 1312 2886 1350; x_wconf 82' lang='lat' dir='ltr'><strong>ex</strong></span> <span class='ocrx_word' id='word_1_310' title='bbox 2920 1287 3239 1367; x_wconf 86' lang='lat' dir='ltr'><strong>operatione</strong></span> <span class='ocrx_word' id='word_1_311' title='bbox 3275 1297 3431 1363; x_wconf 84' lang='lat' dir='ltr'><strong>ﬁunt,</strong></span> <span class='ocrx_word' id='word_1_312' title='bbox 3469 1312 3608 1351; x_wconf 89' lang='lat' dir='ltr'><strong>con-</strong></span> 
     </span>
    </p>
   </div>
   <div class='ocr_carea' id='block_1_43' title="bbox 2026 1390 3609 1459">
    <p class='ocr_par' dir='ltr' id='par_1_43' title="bbox 2026 1390 3609 1459">
     <span class='ocr_line' id='line_1_43' title="bbox 2026 1390 3609 1459; baseline 0.002 -17"><span class='ocrx_word' id='word_1_313' title='bbox 2026 1396 2229 1457; x_wconf 84' lang='lat' dir='ltr'><strong>gruant</strong></span> <span class='ocrx_word' id='word_1_314' title='bbox 2266 1390 2356 1443; x_wconf 93' lang='lat' dir='ltr'><strong>uni</strong></span> <span class='ocrx_word' id='word_1_315' title='bbox 2388 1390 2691 1445; x_wconf 84' lang='lat' dir='ltr'><strong>secundum</strong></span> <span class='ocrx_word' id='word_1_316' title='bbox 2722 1390 3032 1459; x_wconf 86' lang='lat' dir='ltr'><strong>subjectum</strong></span> <span class='ocrx_word' id='word_1_317' title='bbox 3066 1392 3350 1445; x_wconf 80' lang='lat' dir='ltr'><strong>exsistenti</strong></span> <span class='ocrx_word' id='word_1_318' title='bbox 3401 1391 3489 1445; x_wconf 89' lang='lat' dir='ltr'><strong>Dei</strong></span> <span class='ocrx_word' id='word_1_319' title='bbox 3522 1390 3609 1445; x_wconf 81' lang='lat' dir='ltr'><strong>Fi-</strong></span> 
     </span>
    </p>
   </div>
   <div class='ocr_carea' id='block_1_44' title="bbox 2027 1482 3609 1549">
    <p class='ocr_par' dir='ltr' id='par_1_44' title="bbox 2027 1482 3609 1549">
     <span class='ocr_line' id='line_1_44' title="bbox 2027 1482 3609 1549; baseline 0.002 -14"><span class='ocrx_word' id='word_1_320' title='bbox 2027 1482 2121 1541; x_wconf 88' lang='lat' dir='ltr'><strong>lio,</strong></span> <span class='ocrx_word' id='word_1_321' title='bbox 2172 1482 2319 1535; x_wconf 88' lang='lat' dir='ltr'><strong>sicut</strong></span> <span class='ocrx_word' id='word_1_322' title='bbox 2371 1498 2571 1536; x_wconf 89' lang='lat' dir='ltr'><strong>nomen</strong></span> <span class='ocrx_word' id='word_1_323' title='bbox 2606 1484 2751 1545; x_wconf 86' lang='grc' dir='ltr'>σῖτος</span> <span class='ocrx_word' id='word_1_324' title='bbox 2795 1496 2920 1536; x_wconf 92' lang='lat' dir='ltr'><strong>cum</strong></span> <span class='ocrx_word' id='word_1_325' title='bbox 2970 1484 3043 1537; x_wconf 85' lang='lat' dir='ltr'><strong>sit</strong></span> <span class='ocrx_word' id='word_1_326' title='bbox 3091 1500 3279 1549; x_wconf 90' lang='lat' dir='ltr'><strong>unum,</strong></span> <span class='ocrx_word' id='word_1_327' title='bbox 3339 1500 3404 1538; x_wconf 66' lang='lat' dir='ltr'><strong>ex</strong></span> <span class='ocrx_word' id='word_1_328' title='bbox 3443 1484 3609 1538; x_wconf 84' lang='lat' dir='ltr'><strong>variis</strong></span> 
     </span>
    </p>
   </div>
   <div class='ocr_carea' id='block_1_45' title="bbox 2026 1573 3607 1642">
    <p class='ocr_par' dir='ltr' id='par_1_45' title="bbox 2026 1573 3607 1642">
     <span class='ocr_line' id='line_1_45' title="bbox 2026 1573 3607 1642; baseline 0.001 -16"><span class='ocrx_word' id='word_1_329' title='bbox 2026 1573 2345 1627; x_wconf 80' lang='lat' dir='ltr'><strong>nationibus</strong></span> <span class='ocrx_word' id='word_1_330' title='bbox 2406 1589 2528 1641; x_wconf 66' lang='lat' dir='ltr'><strong>qua:</strong></span> <span class='ocrx_word' id='word_1_331' title='bbox 2576 1573 2644 1627; x_wconf 93' lang='lat' dir='ltr'><strong>de</strong></span> <span class='ocrx_word' id='word_1_332' title='bbox 2705 1574 2823 1642; x_wconf 85' lang='lat' dir='ltr'><strong>ipso</strong></span> <span class='ocrx_word' id='word_1_333' title='bbox 2876 1573 3221 1638; x_wconf 84' lang='lat' dir='ltr'><strong>formantur,</strong></span> <span class='ocrx_word' id='word_1_334' title='bbox 3288 1575 3340 1628; x_wconf 91' lang='lat' dir='ltr'><strong>in</strong></span> <span class='ocrx_word' id='word_1_335' title='bbox 3392 1575 3607 1631; x_wconf 78' lang='lat' dir='ltr'><strong>diversa</strong></span> 
     </span>
    </p>
   </div>
   <div class='ocr_carea' id='block_1_46' title="bbox 2027 1665 3609 1736">
    <p class='ocr_par' dir='ltr' id='par_1_46' title="bbox 2027 1665 3609 1736">
     <span class='ocr_line' id='line_1_46' title="bbox 2027 1665 3609 1736; baseline 0.002 -17"><span class='ocrx_word' id='word_1_336' title='bbox 2027 1665 2249 1719; x_wconf 91' lang='lat' dir='ltr'><strong>nomina</strong></span> <span class='ocrx_word' id='word_1_337' title='bbox 2288 1665 2570 1719; x_wconf 84' lang='lat' dir='ltr'><strong>dividitur.</strong></span> <span class='ocrx_word' id='word_1_338' title='bbox 2610 1665 2899 1730; x_wconf 83' lang='lat' dir='ltr'><strong>Quomodo</strong></span> <span class='ocrx_word' id='word_1_339' title='bbox 2948 1666 3119 1735; x_wconf 82' lang='lat' dir='ltr'><strong>igitur</strong></span> <span class='ocrx_word' id='word_1_340' title='bbox 3150 1682 3270 1736; x_wconf 82' lang='lat' dir='ltr'><strong>quae</strong></span> <span class='ocrx_word' id='word_1_341' title='bbox 3300 1667 3446 1721; x_wconf 90' lang='lat' dir='ltr'><strong>dicta</strong></span> <span class='ocrx_word' id='word_1_342' title='bbox 3481 1679 3609 1722; x_wconf 89' lang='lat' dir='ltr'><strong>sunt</strong></span> 
     </span>
    </p>
   </div>
   <div class='ocr_carea' id='block_1_47' title="bbox 2028 1756 3607 1827">
    <p class='ocr_par' dir='ltr' id='par_1_47' title="bbox 2028 1756 3607 1827">
     <span class='ocr_line' id='line_1_47' title="bbox 2028 1756 3607 1827; baseline 0.002 -17"><span class='ocrx_word' id='word_1_343' title='bbox 2028 1756 2243 1820; x_wconf 87' lang='lat' dir='ltr'><strong>evertit,</strong></span> <span class='ocrx_word' id='word_1_344' title='bbox 2282 1757 2377 1826; x_wconf 87' lang='lat' dir='ltr'><strong>qui</strong></span> <span class='ocrx_word' id='word_1_345' title='bbox 2421 1758 2497 1811; x_wconf 80' lang='lat' dir='ltr'><strong>ait</strong></span> <span class='ocrx_word' id='word_1_346' title='bbox 2542 1757 2611 1812; x_wconf 91' lang='lat' dir='ltr'><strong>de</strong></span> <span class='ocrx_word' id='word_1_347' title='bbox 2654 1759 2836 1827; x_wconf 89' lang='lat' dir='ltr'><strong>seipso</strong></span> <span class='ocrx_word' id='word_1_348' title='bbox 2889 1757 3003 1812; x_wconf 67' lang='lat' dir='ltr'><strong>haec</strong></span> <span class='ocrx_word' id='word_1_349' title='bbox 3051 1758 3329 1813; x_wconf 88' lang='lat' dir='ltr'><strong>Christum</strong></span> <span class='ocrx_word' id='word_1_350' title='bbox 3387 1761 3607 1813; x_wconf 90' lang='lat' dir='ltr'><strong>nomina</strong></span> 
     </span>
    </p>
   </div>
   <div class='ocr_carea' id='block_1_48' title="bbox 2027 1846 3607 1922">
    <p class='ocr_par' dir='ltr' id='par_1_48' title="bbox 2027 1846 3607 1922">
     <span class='ocr_line' id='line_1_48' title="bbox 2027 1846 3607 1922; baseline 0.003 -20"><span class='ocrx_word' id='word_1_351' title='bbox 2027 1847 2251 1902; x_wconf 85' lang='lat' dir='ltr'><strong>dicere?</strong></span> <span class='ocrx_word' id='word_1_352' title='bbox 2276 1846 2397 1904; x_wconf 76' lang='lat' dir='ltr'><strong>Non</strong></span> <span class='ocrx_word' id='word_1_353' title='bbox 2421 1849 2566 1904; x_wconf 92' lang='lat' dir='ltr'><strong>enim</strong></span> <span class='ocrx_word' id='word_1_354' title='bbox 2595 1850 2721 1920; x_wconf 88' lang='lat' dir='ltr'><strong>quis</strong></span> <span class='ocrx_word' id='word_1_355' title='bbox 2748 1851 2842 1905; x_wconf 92' lang='lat' dir='ltr'><strong>ille</strong></span> <span class='ocrx_word' id='word_1_356' title='bbox 2872 1861 2955 1905; x_wconf 91' lang='lat' dir='ltr'><strong>est</strong></span> <span class='ocrx_word' id='word_1_357' title='bbox 2978 1851 3070 1920; x_wconf 91' lang='lat' dir='ltr'><strong>qui</strong></span> <span class='ocrx_word' id='word_1_358' title='bbox 3102 1852 3425 1911; x_wconf 83' lang='lat' dir='ltr'><strong>nominavit,</strong></span> <span class='ocrx_word' id='word_1_359' title='bbox 3455 1868 3607 1922; x_wconf 82' lang='lat' dir='ltr'><strong>qua:-</strong></span> 
     </span>
    </p>
   </div>
   <div class='ocr_carea' id='block_1_49' title="bbox 2028 1940 3608 2013">
    <p class='ocr_par' dir='ltr' id='par_1_49' title="bbox 2028 1940 3608 2013">
     <span class='ocr_line' id='line_1_49' title="bbox 2028 1940 3608 2013; baseline 0.002 -19"><span class='ocrx_word' id='word_1_360' title='bbox 2028 1940 2269 2005; x_wconf 88' lang='lat' dir='ltr'><strong>rebatur,</strong></span> <span class='ocrx_word' id='word_1_361' title='bbox 2303 1941 2400 1995; x_wconf 88' lang='lat' dir='ltr'><strong>sed</strong></span> <span class='ocrx_word' id='word_1_362' title='bbox 2431 1942 2499 1997; x_wconf 92' lang='lat' dir='ltr'><strong>de</strong></span> <span class='ocrx_word' id='word_1_363' title='bbox 2528 1942 2724 1996; x_wconf 89' lang='lat' dir='ltr'><strong>notitia</strong></span> <span class='ocrx_word' id='word_1_364' title='bbox 2767 1943 3052 1997; x_wconf 89' lang='lat' dir='ltr'><strong>nominum</strong></span> <span class='ocrx_word' id='word_1_365' title='bbox 3083 1943 3457 1997; x_wconf 83' lang='lat' dir='ltr'><strong>consideratio</strong></span> <span class='ocrx_word' id='word_1_366' title='bbox 3483 1960 3608 2013; x_wconf 88' lang='lat' dir='ltr'><strong>pro-</strong></span> 
     </span>
    </p>
   </div>
   <div class='ocr_carea' id='block_1_50' title="bbox 2028 2028 3610 2104">
    <p class='ocr_par' dir='ltr' id='par_1_50' title="bbox 2028 2028 3610 2104">
     <span class='ocr_line' id='line_1_50' title="bbox 2028 2028 3610 2104; baseline 0.003 -21"><span class='ocrx_word' id='word_1_367' title='bbox 2028 2028 2333 2101; x_wconf 77' lang='lat' dir='ltr'><strong>ponebatur</strong></span> <span class='ocrx_word' id='word_1_368' title='bbox 2375 2051 2388 2087; x_wconf 89' lang='lat'><strong>:</strong></span> <span class='ocrx_word' id='word_1_369' title='bbox 2428 2043 2609 2087; x_wconf 87' lang='lat' dir='ltr'><strong>tttrutu</strong></span> <span class='ocrx_word' id='word_1_370' title='bbox 2665 2042 2859 2088; x_wconf 86' lang='lat' dir='ltr'><strong>natura</strong></span> <span class='ocrx_word' id='word_1_371' title='bbox 2908 2034 3351 2096; x_wconf 80' lang='lat' dir='ltr'><strong>demonstratur,</strong></span> <span class='ocrx_word' id='word_1_372' title='bbox 3389 2051 3456 2087; x_wconf 89' lang='lat' dir='ltr'><strong>an</strong></span> <span class='ocrx_word' id='word_1_373' title='bbox 3515 2049 3610 2104; x_wconf 89' lang='lat' dir='ltr'><strong>per</strong></span> 
     </span>
    </p>
   </div>
   <div class='ocr_carea' id='block_1_51' title="bbox 2027 2124 3606 2195">
    <p class='ocr_par' dir='ltr' id='par_1_51' title="bbox 2027 2124 3606 2195">
     <span class='ocr_line' id='line_1_51' title="bbox 2027 2124 3606 2195; baseline 0.001 -18"><span class='ocrx_word' id='word_1_374' title='bbox 2027 2124 2552 2178; x_wconf 91' lang='lat' dir='ltr'><strong>commentationem</strong></span> <span class='ocrx_word' id='word_1_375' title='bbox 2588 2139 2654 2179; x_wconf 82' lang='lat' dir='ltr'><strong>ex</strong></span> <span class='ocrx_word' id='word_1_376' title='bbox 2685 2125 3100 2195; x_wconf 84' lang='lat' dir='ltr'><strong>operationibus</strong></span> <span class='ocrx_word' id='word_1_377' title='bbox 3131 2127 3467 2179; x_wconf 81' lang='lat' dir='ltr'><strong>nominatur.</strong></span> <span class='ocrx_word' id='word_1_378' title='bbox 3500 2125 3606 2178; x_wconf 88' lang='lat' dir='ltr'><strong>Sed</strong></span> 
     </span>
    </p>
   </div>
   <div class='ocr_carea' id='block_1_52' title="bbox 2028 2217 3605 2288">
    <p class='ocr_par' dir='ltr' id='par_1_52' title="bbox 2028 2217 3605 2288">
     <span class='ocr_line' id='line_1_52' title="bbox 2028 2217 3605 2288; baseline 0 -17"><span class='ocrx_word' id='word_1_379' title='bbox 2028 2217 2118 2271; x_wconf 84' lang='lat' dir='ltr'><strong>hic</strong></span> <span class='ocrx_word' id='word_1_380' title='bbox 2162 2232 2288 2271; x_wconf 89' lang='lat' dir='ltr'><strong>acer</strong></span> <span class='ocrx_word' id='word_1_381' title='bbox 2337 2224 2392 2272; x_wconf 86' lang='lat' dir='ltr'><strong>et</strong></span> <span class='ocrx_word' id='word_1_382' title='bbox 2436 2232 2670 2288; x_wconf 87' lang='lat' dir='ltr'><strong>magnus</strong></span> <span class='ocrx_word' id='word_1_383' title='bbox 2718 2226 2773 2273; x_wconf 88' lang='lat' dir='ltr'><strong>et</strong></span> <span class='ocrx_word' id='word_1_384' title='bbox 2819 2219 2994 2273; x_wconf 89' lang='lat' dir='ltr'><strong>solers</strong></span> <span class='ocrx_word' id='word_1_385' title='bbox 3042 2217 3109 2272; x_wconf 91' lang='lat' dir='ltr'><strong>ad</strong></span> <span class='ocrx_word' id='word_1_386' title='bbox 3162 2219 3605 2288; x_wconf 79' lang='lat' dir='ltr'><strong>excogitandum,</strong></span> 
     </span>
    </p>
   </div>
   <div class='ocr_carea' id='block_1_53' title="bbox 2028 2307 3610 2380">
    <p class='ocr_par' dir='ltr' id='par_1_53' title="bbox 2028 2307 3610 2380">
     <span class='ocr_line' id='line_1_53' title="bbox 2028 2307 3610 2380; baseline 0.003 -19"><span class='ocrx_word' id='word_1_387' title='bbox 2028 2315 2282 2363; x_wconf 86' lang='lat' dir='ltr'><strong>evertens</strong></span> <span class='ocrx_word' id='word_1_388' title='bbox 2337 2307 2674 2377; x_wconf 80' lang='lat' dir='ltr'><strong>assignatam</strong></span> <span class='ocrx_word' id='word_1_389' title='bbox 2730 2309 2995 2371; x_wconf 85' lang='grc' dir='ltr'>ἐπινοίας,</span> <span class='ocrx_word' id='word_1_390' title='bbox 3054 2309 3435 2378; x_wconf 80' lang='lat' dir='ltr'><strong>deﬁnitionem,</strong></span> <span class='ocrx_word' id='word_1_391' title='bbox 3487 2328 3610 2380; x_wconf 80' lang='lat' dir='ltr'><strong>qua:</strong></span> 
     </span>
    </p>
   </div>
   <div class='ocr_carea' id='block_1_54' title="bbox 2028 2399 3608 2469">
    <p class='ocr_par' dir='ltr' id='par_1_54' title="bbox 2028 2399 3608 2469">
     <span class='ocr_line' id='line_1_54' title="bbox 2028 2399 3608 2469; baseline 0.003 -16"><span class='ocrx_word' id='word_1_392' title='bbox 2028 2399 2188 2463; x_wconf 81' lang='lat' dir='ltr'><strong>dixit,</strong></span> <span class='ocrx_word' id='word_1_393' title='bbox 2228 2399 2492 2469; x_wconf 88' lang='lat' dir='ltr'><strong>possibile</strong></span> <span class='ocrx_word' id='word_1_394' title='bbox 2534 2416 2659 2455; x_wconf 88' lang='lat' dir='ltr'><strong>esse</strong></span> <span class='ocrx_word' id='word_1_395' title='bbox 2695 2402 2786 2454; x_wconf 92' lang='lat' dir='ltr'><strong>uni</strong></span> <span class='ocrx_word' id='word_1_396' title='bbox 2829 2401 3082 2469; x_wconf 71' lang='lat' dir='ltr'><strong>subjecto</strong></span> <span class='ocrx_word' id='word_1_397' title='bbox 3128 2403 3331 2457; x_wconf 88' lang='lat' dir='ltr'><strong>multas</strong></span> <span class='ocrx_word' id='word_1_398' title='bbox 3374 2404 3608 2457; x_wconf 90' lang='lat' dir='ltr'><strong>commi-</strong></span> 
     </span>
    </p>
   </div>
   <div class='ocr_carea' id='block_1_55' title="bbox 2029 2492 3611 2565">
    <p class='ocr_par' dir='ltr' id='par_1_55' title="bbox 2029 2492 3611 2565">
     <span class='ocr_line' id='line_1_55' title="bbox 2029 2492 3611 2565; baseline 0.003 -20"><span class='ocrx_word' id='word_1_399' title='bbox 2029 2492 2169 2546; x_wconf 92' lang='lat' dir='ltr'><strong>nisci</strong></span> <span class='ocrx_word' id='word_1_400' title='bbox 2218 2493 2634 2563; x_wconf 88' lang='lat' dir='ltr'><strong>appellationes,</strong></span> <span class='ocrx_word' id='word_1_401' title='bbox 2670 2494 2972 2547; x_wconf 81' lang='lat' dir='ltr'><strong>secundum</strong></span> <span class='ocrx_word' id='word_1_402' title='bbox 3015 2495 3396 2562; x_wconf 88' lang='lat' dir='ltr'><strong>operationum</strong></span> <span class='ocrx_word' id='word_1_403' title='bbox 3439 2494 3611 2565; x_wconf 86' lang='lat' dir='ltr'><strong>signi-</strong></span> 
     </span>
    </p>
   </div>
   <div class='ocr_carea' id='block_1_56' title="bbox 2030 2584 3609 2654">
    <p class='ocr_par' dir='ltr' id='par_1_56' title="bbox 2030 2584 3609 2654">
     <span class='ocr_line' id='line_1_56' title="bbox 2030 2584 3609 2654; baseline 0.001 -17"><span class='ocrx_word' id='word_1_404' title='bbox 2030 2584 2337 2648; x_wconf 84' lang='lat' dir='ltr'><strong>ﬁcationes,</strong></span> <span class='ocrx_word' id='word_1_405' title='bbox 2387 2593 2579 2639; x_wconf 82' lang='lat' dir='ltr'><strong>contra</strong></span> <span class='ocrx_word' id='word_1_406' title='bbox 2616 2600 2717 2640; x_wconf 90' lang='lat' dir='ltr'><strong>nos</strong></span> <span class='ocrx_word' id='word_1_407' title='bbox 2745 2600 2925 2654; x_wconf 79' lang='lat' dir='ltr'><strong>pugna</strong></span> <span class='ocrx_word' id='word_1_408' title='bbox 2974 2589 3188 2640; x_wconf 71' lang='lat' dir='ltr'><strong>fortiter</strong></span> <span class='ocrx_word' id='word_1_409' title='bbox 3218 2601 3351 2640; x_wconf 90' lang='lat' dir='ltr'><strong>usus</strong></span> <span class='ocrx_word' id='word_1_410' title='bbox 3383 2595 3490 2649; x_wconf 91' lang='lat' dir='ltr'><strong>est,</strong></span> <span class='ocrx_word' id='word_1_411' title='bbox 3523 2587 3609 2639; x_wconf 90' lang='lat' dir='ltr'><strong>di-</strong></span> 
     </span>
    </p>
   </div>
   <div class='ocr_carea' id='block_1_57' title="bbox 2030 2672 3609 2743">
    <p class='ocr_par' dir='ltr' id='par_1_57' title="bbox 2030 2672 3609 2743">
     <span class='ocr_line' id='line_1_57' title="bbox 2030 2672 3609 2743; baseline 0.001 -16"><span class='ocrx_word' id='word_1_412' title='bbox 2030 2690 2163 2729; x_wconf 76' lang='lat' dir='ltr'><strong>cens</strong></span> <span class='ocrx_word' id='word_1_413' title='bbox 2220 2690 2328 2727; x_wconf 90' lang='lat' dir='ltr'><strong>non</strong></span> <span class='ocrx_word' id='word_1_414' title='bbox 2391 2673 2463 2729; x_wconf 91' lang='lat' dir='ltr'><strong>ab</strong></span> <span class='ocrx_word' id='word_1_415' title='bbox 2517 2674 2704 2743; x_wconf 88' lang='lat' dir='ltr'><strong>aliquo</strong></span> <span class='ocrx_word' id='word_1_416' title='bbox 2760 2675 2960 2729; x_wconf 90' lang='lat' dir='ltr'><strong>inditas</strong></span> <span class='ocrx_word' id='word_1_417' title='bbox 2999 2691 3122 2728; x_wconf 76' lang='lat' dir='ltr'><strong>esse</strong></span> <span class='ocrx_word' id='word_1_418' title='bbox 3174 2672 3409 2728; x_wconf 88' lang='lat' dir='ltr'><strong>Domino</strong></span> <span class='ocrx_word' id='word_1_419' title='bbox 3473 2676 3609 2729; x_wconf 83' lang='lat' dir='ltr'><strong>tales</strong></span> 
     </span>
    </p>
   </div>
   <div class='ocr_carea' id='block_1_58' title="bbox 2030 2765 3609 2836">
    <p class='ocr_par' dir='ltr' id='par_1_58' title="bbox 2030 2765 3609 2836">
     <span class='ocr_line' id='line_1_58' title="bbox 2030 2765 3609 2836; baseline 0 -17"><span class='ocrx_word' id='word_1_420' title='bbox 2030 2781 2216 2820; x_wconf 87' lang='lat' dir='ltr'><strong>voces.</strong></span> <span class='ocrx_word' id='word_1_421' title='bbox 2251 2766 2391 2833; x_wconf 89' lang='lat' dir='ltr'><strong>Quid</strong></span> <span class='ocrx_word' id='word_1_422' title='bbox 2430 2766 2598 2836; x_wconf 84' lang='lat' dir='ltr'><strong>igitur</strong></span> <span class='ocrx_word' id='word_1_423' title='bbox 2646 2765 2714 2819; x_wconf 89' lang='lat' dir='ltr'><strong>ad</strong></span> <span class='ocrx_word' id='word_1_424' title='bbox 2768 2767 3105 2836; x_wconf 90' lang='lat' dir='ltr'><strong>propositum</strong></span> <span class='ocrx_word' id='word_1_425' title='bbox 3149 2765 3429 2821; x_wconf 87' lang='lat' dir='ltr'><strong>studium?</strong></span> <span class='ocrx_word' id='word_1_426' title='bbox 3456 2765 3609 2832; x_wconf 79' lang='lat' dir='ltr'><strong>Quo-</strong></span> 
     </span>
    </p>
   </div>
   <div class='ocr_carea' id='block_1_59' title="bbox 2030 2856 3610 2928">
    <p class='ocr_par' dir='ltr' id='par_1_59' title="bbox 2030 2856 3610 2928">
     <span class='ocr_line' id='line_1_59' title="bbox 2030 2856 3610 2928; baseline 0.002 -18"><span class='ocrx_word' id='word_1_427' title='bbox 2030 2856 2177 2910; x_wconf 86' lang='lat' dir='ltr'><strong>niam</strong></span> <span class='ocrx_word' id='word_1_428' title='bbox 2212 2872 2241 2910; x_wconf 90' lang='lat' dir='ltr'><strong>a</strong></span> <span class='ocrx_word' id='word_1_429' title='bbox 2277 2856 2509 2911; x_wconf 77' lang='lat' dir='ltr'><strong>liomino</strong></span> <span class='ocrx_word' id='word_1_430' title='bbox 2545 2856 2659 2911; x_wconf 62' lang='lat' dir='ltr'><strong>haec</strong></span> <span class='ocrx_word' id='word_1_431' title='bbox 2691 2859 2912 2911; x_wconf 92' lang='lat' dir='ltr'><strong>nomina</strong></span> <span class='ocrx_word' id='word_1_432' title='bbox 2966 2874 3075 2911; x_wconf 92' lang='lat' dir='ltr'><strong>non</strong></span> <span class='ocrx_word' id='word_1_433' title='bbox 3110 2858 3389 2921; x_wconf 80' lang='lat' dir='ltr'><strong>dicuntur,</strong></span> <span class='ocrx_word' id='word_1_434' title='bbox 3433 2875 3610 2928; x_wconf 90' lang='lat' dir='ltr'><strong>neque</strong></span> 
     </span>
    </p>
   </div>
   <div class='ocr_carea' id='block_1_60' title="bbox 2030 2947 3607 3018">
    <p class='ocr_par' dir='ltr' id='par_1_60' title="bbox 2030 2947 3607 3018">
     <span class='ocr_line' id='line_1_60' title="bbox 2030 2947 3607 3018; baseline 0.003 -19"><span class='ocrx_word' id='word_1_435' title='bbox 2030 2947 2256 3001; x_wconf 88' lang='lat' dir='ltr'><strong>nomina</strong></span> <span class='ocrx_word' id='word_1_436' title='bbox 2298 2947 2451 3001; x_wconf 87' lang='lat' dir='ltr'><strong>dabit</strong></span> <span class='ocrx_word' id='word_1_437' title='bbox 2486 2947 2603 3002; x_wconf 56' lang='lat' dir='ltr'><strong>haec</strong></span> <span class='ocrx_word' id='word_1_438' title='bbox 2652 2963 2797 3008; x_wconf 88' lang='lat' dir='ltr'><strong>esse,</strong></span> <span class='ocrx_word' id='word_1_439' title='bbox 2831 2963 3008 3017; x_wconf 90' lang='lat' dir='ltr'><strong>neque</strong></span> <span class='ocrx_word' id='word_1_440' title='bbox 3056 2949 3472 3018; x_wconf 80' lang='lat' dir='ltr'><strong>appellationes,</strong></span> <span class='ocrx_word' id='word_1_441' title='bbox 3508 2966 3607 3004; x_wconf 88' lang='lat' dir='ltr'><strong>ne—</strong></span> 
     </span>
    </p>
   </div>
   <div class='ocr_carea' id='block_1_61' title="bbox 2030 3037 3608 3109">
    <p class='ocr_par' dir='ltr' id='par_1_61' title="bbox 2030 3037 3608 3109">
     <span class='ocr_line' id='line_1_61' title="bbox 2030 3037 3608 3109; baseline 0.003 -20"><span class='ocrx_word' id='word_1_442' title='bbox 2030 3052 2139 3106; x_wconf 91' lang='lat' dir='ltr'><strong>que</strong></span> <span class='ocrx_word' id='word_1_443' title='bbox 2184 3052 2350 3093; x_wconf 84' lang='lat' dir='ltr'><strong>voces</strong></span> <span class='ocrx_word' id='word_1_444' title='bbox 2408 3037 2693 3092; x_wconf 88' lang='lat' dir='ltr'><strong>notiouum</strong></span> <span class='ocrx_word' id='word_1_445' title='bbox 2733 3038 3147 3109; x_wconf 69' lang='lat' dir='ltr'><strong>signiﬁcativas.</strong></span> <span class='ocrx_word' id='word_1_446' title='bbox 3196 3040 3251 3092; x_wconf 93' lang='lat' dir='ltr'><strong>Si</strong></span> <span class='ocrx_word' id='word_1_447' title='bbox 3305 3039 3449 3093; x_wconf 92' lang='lat' dir='ltr'><strong>enim</strong></span> <span class='ocrx_word' id='word_1_448' title='bbox 3498 3056 3608 3094; x_wconf 92' lang='lat' dir='ltr'><strong>non</strong></span> 
     </span>
    </p>
   </div>
   <div class='ocr_carea' id='block_1_62' title="bbox 341 3129 1925 3217">
    <p class='ocr_par' dir='ltr' id='par_1_62' title="bbox 341 3136 1925 3212">
     <span class='ocr_line' id='line_1_62' title="bbox 341 3136 1925 3212; baseline 0.004 -23"><span class='ocrx_word' id='word_1_449' title='bbox 341 3136 488 3205; x_wconf 88' lang='grc' dir='ltr'>λέγει</span> <span class='ocrx_word' id='word_1_450' title='bbox 526 3137 586 3190; x_wconf 83' lang='grc' dir='ltr'>τὸ</span> <span class='ocrx_word' id='word_1_451' title='bbox 616 3137 715 3202; x_wconf 86' lang='grc' dir='ltr'><strong>τάς</strong></span> <span class='ocrx_word' id='word_1_452' title='bbox 741 3138 923 3207; x_wconf 80' lang='grc' dir='ltr'>φωνὰς</span> <span class='ocrx_word' id='word_1_453' title='bbox 949 3138 1150 3203; x_wconf 75' lang='grc' dir='ltr'>ταύτας</span> <span class='ocrx_word' id='word_1_454' title='bbox 1178 3140 1416 3210; x_wconf 77' lang='grc' dir='ltr'>ὀνόματα</span> <span class='ocrx_word' id='word_1_455' title='bbox 1442 3138 1597 3207; x_wconf 76' lang='grc' dir='ltr'>εἶναι,</span> <span class='ocrx_word' id='word_1_456' title='bbox 1626 3141 1677 3195; x_wconf 90' lang='grc' dir='ltr'><strong>τί</strong></span> <span class='ocrx_word' id='word_1_457' title='bbox 1701 3141 1925 3212; x_wconf 83' lang='grc' dir='ltr'>βλάπτει</span> 
     </span>
    </p>
   </div>
   <div class='ocr_carea' id='block_1_63' title="bbox 2027 3129 3608 3217">
    <p class='ocr_par' dir='ltr' id='par_1_63' title="bbox 2032 3129 3608 3199">
     <span class='ocr_line' id='line_1_63' title="bbox 2032 3129 3608 3199; baseline 0.001 -16"><span class='ocrx_word' id='word_1_458' title='bbox 2032 3129 2271 3184; x_wconf 90' lang='lat' dir='ltr'><strong>admittit</strong></span> <span class='ocrx_word' id='word_1_459' title='bbox 2303 3145 2427 3184; x_wconf 90' lang='lat' dir='ltr'><strong>esse</strong></span> <span class='ocrx_word' id='word_1_460' title='bbox 2475 3129 2590 3183; x_wconf 69' lang='lat' dir='ltr'><strong>haec</strong></span> <span class='ocrx_word' id='word_1_461' title='bbox 2641 3145 2902 3194; x_wconf 76' lang='lat' dir='ltr'><strong>nomina,</strong></span> <span class='ocrx_word' id='word_1_462' title='bbox 2934 3131 3361 3199; x_wconf 80' lang='lat' dir='ltr'><strong>appellationum</strong></span> <span class='ocrx_word' id='word_1_463' title='bbox 3420 3130 3608 3184; x_wconf 85' lang='lat' dir='ltr'><strong>subla-</strong></span> 
     </span>
    </p>
   </div>
   <div class='ocr_carea' id='block_1_64' title="bbox 340 3227 1927 3308">
    <p class='ocr_par' dir='ltr' id='par_1_64' title="bbox 340 3227 1927 3308">
     <span class='ocr_line' id='line_1_64' title="bbox 340 3227 1927 3308; baseline 0.006 -28"><span class='ocrx_word' id='word_1_464' title='bbox 340 3227 433 3282; x_wconf 81' lang='grc' dir='ltr'><strong>τὸν</strong></span> <span class='ocrx_word' id='word_1_465' title='bbox 462 3228 582 3282; x_wconf 79' lang='grc' dir='ltr'>κατ’</span> <span class='ocrx_word' id='word_1_466' title='bbox 610 3228 854 3283; x_wconf 87' lang='grc' dir='ltr'>ἐπίνοιαν</span> <span class='ocrx_word' id='word_1_467' title='bbox 881 3232 1056 3299; x_wconf 85' lang='grc' dir='ltr'>λόγον.</span> <span class='ocrx_word' id='word_1_468' title='bbox 1088 3231 1175 3285; x_wconf 78' lang='grc' dir='ltr'><strong>διὰ</strong></span> <span class='ocrx_word' id='word_1_469' title='bbox 1214 3233 1306 3285; x_wconf 78' lang='grc' dir='ltr'>τοῦ</span> <span class='ocrx_word' id='word_1_470' title='bbox 1336 3232 1503 3297; x_wconf 81' lang='grc' dir='ltr'>δεῖξαι</span> <span class='ocrx_word' id='word_1_471' title='bbox 1537 3233 1610 3305; x_wconf 86' lang='grc' dir='ltr'>μὴ</span> <span class='ocrx_word' id='word_1_472' title='bbox 1653 3238 1784 3308; x_wconf 88' lang='grc' dir='ltr'>παρ’</span> <span class='ocrx_word' id='word_1_473' title='bbox 1820 3237 1927 3290; x_wconf 87' lang='grc' dir='ltr'>ἐτέ-</span> 
     </span>
    </p>
   </div>
   <div class='ocr_carea' id='block_1_65' title="bbox 344 3318 1928 3392">
    <p class='ocr_par' dir='ltr' id='par_1_65' title="bbox 344 3318 1928 3392">
     <span class='ocr_line' id='line_1_65' title="bbox 344 3318 1928 3392; baseline 0.004 -21"><span class='ocrx_word' id='word_1_474' title='bbox 344 3335 439 3388; x_wconf 89' lang='grc' dir='ltr'><strong>ρου</strong></span> <span class='ocrx_word' id='word_1_475' title='bbox 463 3318 625 3383; x_wconf 84' lang='grc' dir='ltr'>τινὸς,</span> <span class='ocrx_word' id='word_1_476' title='bbox 653 3318 786 3372; x_wconf 84' lang='grc' dir='ltr'><strong>ἀλλά</strong></span> <span class='ocrx_word' id='word_1_477' title='bbox 818 3320 946 3389; x_wconf 83' lang='grc' dir='ltr'>παρ’</span> <span class='ocrx_word' id='word_1_478' title='bbox 972 3320 1135 3373; x_wconf 77' lang='grc' dir='ltr'>αὑτοῦ</span> <span class='ocrx_word' id='word_1_479' title='bbox 1169 3320 1260 3373; x_wconf 77' lang='grc' dir='ltr'>τοῦ</span> <span class='ocrx_word' id='word_1_480' title='bbox 1303 3322 1506 3392; x_wconf 82' lang='grc' dir='ltr'>Κυρίου</span> <span class='ocrx_word' id='word_1_481' title='bbox 1536 3324 1636 3386; x_wconf 78' lang='grc' dir='ltr'>τὰς</span> <span class='ocrx_word' id='word_1_482' title='bbox 1675 3324 1928 3390; x_wconf 78' lang='grc' dir='ltr'>τοιαύτας</span> 
     </span>
    </p>
   </div>
   <div class='ocr_carea' id='block_1_66' title="bbox 340 3408 1923 3488">
    <p class='ocr_par' dir='ltr' id='par_1_66' title="bbox 340 3408 1923 3488">
     <span class='ocr_line' id='line_1_66' title="bbox 340 3408 1923 3488; baseline 0.006 -27"><span class='ocrx_word' id='word_1_483' title='bbox 340 3408 613 3462; x_wconf 82' lang='grc' dir='ltr'>τεθεῖσθαι</span> <span class='ocrx_word' id='word_1_484' title='bbox 651 3410 909 3481; x_wconf 75' lang='grc' dir='ltr'>κλήσειςς</span> <span class='ocrx_word' id='word_1_485' title='bbox 950 3412 1022 3464; x_wconf 84' lang='grc' dir='ltr'>Τὸ</span> <span class='ocrx_word' id='word_1_486' title='bbox 1054 3413 1161 3483; x_wconf 75' lang='grc' dir='ltr'>γὰρ</span> <span class='ocrx_word' id='word_1_487' title='bbox 1196 3412 1484 3483; x_wconf 86' lang='grc' dir='ltr'>λεγόμενον</span> <span class='ocrx_word' id='word_1_488' title='bbox 1512 3410 1600 3487; x_wconf 77' lang='grc' dir='ltr'>ἦν,</span> <span class='ocrx_word' id='word_1_489' title='bbox 1630 3416 1711 3469; x_wconf 81' lang='grc' dir='ltr'>ὅτι</span> <span class='ocrx_word' id='word_1_490' title='bbox 1745 3434 1923 3488; x_wconf 87' lang='grc' dir='ltr'>παρα-</span> 
     </span>
    </p>
   </div>
   <div class='ocr_carea' id='block_1_67' title="bbox 342 3499 1929 3577">
    <p class='ocr_par' dir='ltr' id='par_1_67' title="bbox 342 3499 1929 3577">
     <span class='ocr_line' id='line_1_67' title="bbox 342 3499 1929 3577; baseline 0.007 -26"><span class='ocrx_word' id='word_1_491' title='bbox 342 3499 586 3571; x_wconf 88' lang='grc' dir='ltr'>πλησίως</span> <span class='ocrx_word' id='word_1_492' title='bbox 632 3501 708 3573; x_wconf 81' lang='grc' dir='ltr'><strong>τῷ</strong></span> <span class='ocrx_word' id='word_1_493' title='bbox 750 3504 893 3557; x_wconf 75' lang='grc' dir='ltr'>κατὰ</span> <span class='ocrx_word' id='word_1_494' title='bbox 935 3504 1025 3557; x_wconf 73' lang='grc' dir='ltr'>τὸν</span> <span class='ocrx_word' id='word_1_495' title='bbox 1076 3508 1218 3557; x_wconf 86' lang='grc' dir='ltr'>σῖτον</span> <span class='ocrx_word' id='word_1_496' title='bbox 1265 3506 1639 3577; x_wconf 81' lang='grc' dir='ltr'>ὑποδείγματι.</span> <span class='ocrx_word' id='word_1_497' title='bbox 1681 3507 1739 3561; x_wconf 86' lang='grc' dir='ltr'>ἒν</span> <span class='ocrx_word' id='word_1_498' title='bbox 1789 3508 1929 3562; x_wconf 81' lang='grc' dir='ltr'><strong>κατά</strong></span> 
     </span>
    </p>
   </div>
   <div class='ocr_carea' id='block_1_68' title="bbox 343 3589 1929 3669">
    <p class='ocr_par' dir='ltr' id='par_1_68' title="bbox 343 3589 1929 3669">
     <span class='ocr_line' id='line_1_68' title="bbox 343 3589 1929 3669; baseline 0.006 -27"><span class='ocrx_word' id='word_1_499' title='bbox 343 3589 404 3643; x_wconf 84' lang='grc' dir='ltr'>τὸ</span> <span class='ocrx_word' id='word_1_500' title='bbox 434 3590 789 3662; x_wconf 83' lang='grc' dir='ltr'>ὑποκείμενον</span> <span class='ocrx_word' id='word_1_501' title='bbox 817 3595 845 3645; x_wconf 93' lang='lat'><strong>6</strong></span> <span class='ocrx_word' id='word_1_502' title='bbox 884 3593 1085 3665; x_wconf 86' lang='grc' dir='ltr'>Κύριος</span> <span class='ocrx_word' id='word_1_503' title='bbox 1132 3595 1228 3656; x_wconf 84' lang='grc' dir='ltr'><strong>ὢν,</strong></span> <span class='ocrx_word' id='word_1_504' title='bbox 1274 3596 1561 3668; x_wconf 78' lang='grc' dir='ltr'>πρόσφορα</span> <span class='ocrx_word' id='word_1_505' title='bbox 1611 3599 1731 3661; x_wconf 88' lang='grc' dir='ltr'>ταῖς</span> <span class='ocrx_word' id='word_1_506' title='bbox 1782 3600 1929 3669; x_wconf 88' lang='grc' dir='ltr'>ἐνερ-</span> 
     </span>
    </p>
   </div>
   <div class='ocr_carea' id='block_1_69' title="bbox 342 3684 1927 3763">
    <p class='ocr_par' dir='ltr' id='par_1_69' title="bbox 342 3684 1927 3763">
     <span class='ocr_line' id='line_1_69' title="bbox 342 3684 1927 3763; baseline 0.008 -29"><span class='ocrx_word' id='word_1_507' title='bbox 342 3684 517 3751; x_wconf 85' lang='grc' dir='ltr'>γείαις</span> <span class='ocrx_word' id='word_1_508' title='bbox 554 3685 666 3755; x_wconf 80' lang='grc' dir='ltr'>ἔχει</span> <span class='ocrx_word' id='word_1_509' title='bbox 696 3687 790 3740; x_wconf 75' lang='grc' dir='ltr'><strong>καὶ</strong></span> <span class='ocrx_word' id='word_1_510' title='bbox 828 3687 895 3741; x_wconf 86' lang='grc' dir='ltr'><strong>τά</strong></span> <span class='ocrx_word' id='word_1_511' title='bbox 923 3688 1181 3757; x_wconf 81' lang='grc' dir='ltr'>ὀνόματα.</span> <span class='ocrx_word' id='word_1_512' title='bbox 1222 3687 1326 3740; x_wconf 76' lang='grc' dir='ltr'><strong>Τοῦ</strong></span> <span class='ocrx_word' id='word_1_513' title='bbox 1374 3688 1430 3740; x_wconf 83' lang='grc' dir='ltr'><strong>δέ</strong></span> <span class='ocrx_word' id='word_1_514' title='bbox 1468 3688 1615 3742; x_wconf 88' lang='grc' dir='ltr'>σίτου</span> <span class='ocrx_word' id='word_1_515' title='bbox 1652 3690 1792 3744; x_wconf 81' lang='grc' dir='ltr'><strong>κατά</strong></span> <span class='ocrx_word' id='word_1_516' title='bbox 1829 3692 1927 3763; x_wconf 82' lang='grc' dir='ltr'>τὴν</span> 
     </span>
    </p>
   </div>
   <div class='ocr_carea' id='block_1_70' title="bbox 341 3775 1928 3853">
    <p class='ocr_par' dir='ltr' id='par_1_70' title="bbox 341 3775 1928 3853">
     <span class='ocr_line' id='line_1_70' title="bbox 341 3775 1928 3853; baseline 0.008 -28"><span class='ocrx_word' id='word_1_517' title='bbox 341 3775 451 3826; x_wconf 88' lang='grc' dir='ltr'><strong>τῶν</strong></span> <span class='ocrx_word' id='word_1_518' title='bbox 484 3778 610 3847; x_wconf 71' lang='grc' dir='ltr'>περὶ</span> <span class='ocrx_word' id='word_1_519' title='bbox 639 3779 799 3831; x_wconf 70' lang='grc' dir='ltr'>αὐτὸν</span> <span class='ocrx_word' id='word_1_520' title='bbox 826 3778 1208 3849; x_wconf 86' lang='grc' dir='ltr'>θεωρουμένων</span> <span class='ocrx_word' id='word_1_521' title='bbox 1238 3780 1476 3834; x_wconf 86' lang='grc' dir='ltr'>ἐπίνοιαν</span> <span class='ocrx_word' id='word_1_522' title='bbox 1505 3780 1603 3844; x_wconf 82' lang='grc' dir='ltr'><strong>τὰς</strong></span> <span class='ocrx_word' id='word_1_523' title='bbox 1632 3783 1928 3853; x_wconf 71' lang='grc' dir='ltr'>ὀνομασίας</span> 
     </span>
    </p>
   </div>
   <div class='ocr_carea' id='block_1_71' title="bbox 346 3866 1925 3947">
    <p class='ocr_par' dir='ltr' id='par_1_71' title="bbox 346 3866 1925 3947">
     <span class='ocr_line' id='line_1_71' title="bbox 346 3866 1925 3947; baseline 0.006 -29"><span class='ocrx_word' id='word_1_524' title='bbox 346 3866 487 3936; x_wconf 74' lang='grc' dir='ltr'>ἔχειν</span> <span class='ocrx_word' id='word_1_525' title='bbox 518 3867 965 3939; x_wconf 81' lang='grc' dir='ltr'>ὁμολογουμένου,</span> <span class='ocrx_word' id='word_1_526' title='bbox 1012 3871 1546 3940; x_wconf 78' lang='grc' dir='ltr'>συγκατεσκευάζετο</span> <span class='ocrx_word' id='word_1_527' title='bbox 1598 3874 1694 3927; x_wconf 76' lang='grc' dir='ltr'>καὶ</span> <span class='ocrx_word' id='word_1_528' title='bbox 1743 3873 1803 3927; x_wconf 76' lang='grc' dir='ltr'>τὸ</span> <span class='ocrx_word' id='word_1_529' title='bbox 1851 3875 1925 3947; x_wconf 83' lang='grc' dir='ltr'><strong>μὴ</strong></span> 
     </span>
    </p>
   </div>
   <div class='ocr_carea' id='block_1_72' title="bbox 346 3950 1926 4037">
    <p class='ocr_par' dir='ltr' id='par_1_72' title="bbox 346 3950 1926 4037">
     <span class='ocr_line' id='line_1_72' title="bbox 346 3950 1926 4037; baseline 0.006 -27"><span class='ocrx_word' id='word_1_530' title='bbox 346 3958 558 4027; x_wconf 76' lang='grc' dir='ltr'>φύσεως</span> <span class='ocrx_word' id='word_1_531' title='bbox 581 3950 717 4012; x_wconf 76' lang='grc' dir='ltr'>εἶναι</span> <span class='ocrx_word' id='word_1_532' title='bbox 744 3961 946 4025; x_wconf 86' lang='grc' dir='ltr'>ταύτας</span> <span class='ocrx_word' id='word_1_533' title='bbox 984 3963 1075 4016; x_wconf 76' lang='grc' dir='ltr'>ἐπὶ</span> <span class='ocrx_word' id='word_1_534' title='bbox 1100 3963 1192 4016; x_wconf 76' lang='grc' dir='ltr'>τοῦ</span> <span class='ocrx_word' id='word_1_535' title='bbox 1232 3965 1436 4035; x_wconf 83' lang='grc' dir='ltr'>Κυρίου</span> <span class='ocrx_word' id='word_1_536' title='bbox 1466 3966 1798 4037; x_wconf 67' lang='grc' dir='ltr'>σημαντικὰς</span> <span class='ocrx_word' id='word_1_537' title='bbox 1828 3966 1926 4030; x_wconf 77' lang='grc' dir='ltr'>τὰς</span> 
     </span>
    </p>
   </div>
   <div class='ocr_carea' id='block_1_73' title="bbox 348 4048 1925 4127">
    <p class='ocr_par' dir='ltr' id='par_1_73' title="bbox 348 4048 1925 4127">
     <span class='ocr_line' id='line_1_73' title="bbox 348 4048 1925 4127; baseline 0.006 -27"><span class='ocrx_word' id='word_1_538' title='bbox 348 4048 549 4116; x_wconf 77' lang='grc' dir='ltr'>φωνὰς,</span> <span class='ocrx_word' id='word_1_539' title='bbox 578 4049 713 4104; x_wconf 83' lang='grc' dir='ltr'>ἀλλὰ</span> <span class='ocrx_word' id='word_1_540' title='bbox 736 4051 813 4123; x_wconf 82' lang='grc' dir='ltr'>τῷ</span> <span class='ocrx_word' id='word_1_541' title='bbox 842 4052 983 4123; x_wconf 84' lang='grc' dir='ltr'>λόγῳ</span> <span class='ocrx_word' id='word_1_542' title='bbox 1009 4053 1109 4123; x_wconf 80' lang='grc' dir='ltr'>τῆς</span> <span class='ocrx_word' id='word_1_543' title='bbox 1143 4054 1384 4117; x_wconf 80' lang='grc' dir='ltr'>ἐπινοίας</span> <span class='ocrx_word' id='word_1_544' title='bbox 1422 4056 1480 4107; x_wconf 84' lang='grc' dir='ltr'><strong>ἐν</strong></span> <span class='ocrx_word' id='word_1_545' title='bbox 1516 4058 1630 4119; x_wconf 82' lang='grc' dir='ltr'>τοῖς</span> <span class='ocrx_word' id='word_1_546' title='bbox 1668 4057 1795 4127; x_wconf 77' lang='grc' dir='ltr'>περὶ</span> <span class='ocrx_word' id='word_1_547' title='bbox 1825 4059 1925 4110; x_wconf 80' lang='grc' dir='ltr'>αὑ-</span> 
     </span>
    </p>
   </div>
   <div class='ocr_carea' id='block_1_74' title="bbox 344 4140 1927 4217">
    <p class='ocr_par' dir='ltr' id='par_1_74' title="bbox 344 4140 1927 4217">
     <span class='ocr_line' id='line_1_74' title="bbox 344 4140 1927 4217; baseline 0.008 -26"><span class='ocrx_word' id='word_1_548' title='bbox 344 4140 435 4192; x_wconf 74' lang='grc' dir='ltr'>τὸν</span> <span class='ocrx_word' id='word_1_549' title='bbox 483 4143 787 4212; x_wconf 86' lang='grc' dir='ltr'>νοουμένοις</span> <span class='ocrx_word' id='word_1_550' title='bbox 831 4145 1195 4201; x_wconf 85' lang='grc' dir='ltr'>συνίστασθαι.</span> <span class='ocrx_word' id='word_1_551' title='bbox 1248 4148 1305 4200; x_wconf 90' lang='lat'>&#39;0</span> <span class='ocrx_word' id='word_1_552' title='bbox 1358 4147 1415 4199; x_wconf 81' lang='grc' dir='ltr'><strong>δὲ</strong></span> <span class='ocrx_word' id='word_1_553' title='bbox 1474 4148 1765 4217; x_wconf 86' lang='grc' dir='ltr'>ἀντιλέγων</span> <span class='ocrx_word' id='word_1_554' title='bbox 1824 4150 1927 4203; x_wconf 82' lang='grc' dir='ltr'><strong>ὑπὸ</strong></span> 
     </span>
    </p>
   </div>
   <div class='ocr_carea' id='block_1_75' title="bbox 347 4232 1925 4312">
    <p class='ocr_par' dir='ltr' id='par_1_75' title="bbox 347 4232 1925 4312">
     <span class='ocr_line' id='line_1_75' title="bbox 347 4232 1925 4312; baseline 0.008 -29"><span class='ocrx_word' id='word_1_555' title='bbox 347 4232 546 4303; x_wconf 76' lang='grc' dir='ltr'>πολλῆς</span> <span class='ocrx_word' id='word_1_556' title='bbox 591 4237 880 4307; x_wconf 77' lang='grc' dir='ltr'>προσοχῆς,</span> <span class='ocrx_word' id='word_1_557' title='bbox 915 4237 974 4289; x_wconf 83' lang='grc' dir='ltr'><strong>ού</strong></span> <span class='ocrx_word' id='word_1_558' title='bbox 1006 4238 1139 4307; x_wconf 70' lang='grc' dir='ltr'>πρὸς</span> <span class='ocrx_word' id='word_1_559' title='bbox 1183 4238 1253 4291; x_wconf 74' lang='grc' dir='ltr'><strong>τὰ</strong></span> <span class='ocrx_word' id='word_1_560' title='bbox 1294 4238 1518 4293; x_wconf 84' lang='grc' dir='ltr'>τεθέντα</span> <span class='ocrx_word' id='word_1_561' title='bbox 1559 4243 1790 4295; x_wconf 85' lang='grc' dir='ltr'>ποιεῖται</span> <span class='ocrx_word' id='word_1_562' title='bbox 1830 4242 1925 4312; x_wconf 83' lang='grc' dir='ltr'>τὴν</span> 
     </span>
    </p>
   </div>
   <div class='ocr_carea' id='block_1_76' title="bbox 350 4324 1925 4398">
    <p class='ocr_par' dir='ltr' id='par_1_76' title="bbox 350 4324 1925 4398">
     <span class='ocr_line' id='line_1_76' title="bbox 350 4324 1925 4398; baseline 0.006 -22"><span class='ocrx_word' id='word_1_563' title='bbox 350 4324 545 4394; x_wconf 68' lang='grc' dir='ltr'>μάχην.</span> <span class='ocrx_word' id='word_1_564' title='bbox 604 4327 763 4380; x_wconf 80' lang='grc' dir='ltr'>Ἀλλά</span> <span class='ocrx_word' id='word_1_565' title='bbox 801 4346 963 4398; x_wconf 85' lang='grc' dir='ltr'>φησιν</span> <span class='ocrx_word' id='word_1_566' title='bbox 1004 4328 1164 4384; x_wconf 79' lang='grc' dir='ltr'>αὐτὸν</span> <span class='ocrx_word' id='word_1_567' title='bbox 1208 4330 1299 4398; x_wconf 70' lang='grc' dir='ltr'><strong>ὑφ’</strong></span> <span class='ocrx_word' id='word_1_568' title='bbox 1349 4330 1542 4384; x_wconf 82' lang='grc' dir='ltr'>ἐαυτοῦ</span> <span class='ocrx_word' id='word_1_569' title='bbox 1576 4331 1750 4386; x_wconf 80' lang='grc' dir='ltr'>ταῦτα</span> <span class='ocrx_word' id='word_1_570' title='bbox 1796 4351 1925 4387; x_wconf 88' lang='grc' dir='ltr'>κατ-</span> 
     </span>
    </p>
   </div>
   <div class='ocr_carea' id='block_1_77' title="bbox 346 4416 1923 4491">
    <p class='ocr_par' dir='ltr' id='par_1_77' title="bbox 346 4416 1923 4491">
     <span class='ocr_line' id='line_1_77' title="bbox 346 4416 1923 4491; baseline 0.004 -23"><span class='ocrx_word' id='word_1_571' title='bbox 346 4416 721 4487; x_wconf 76' lang='grc' dir='ltr'>ονομαζεσθαι,</span> <span class='ocrx_word' id='word_1_572' title='bbox 755 4419 938 4487; x_wconf 80' lang='grc' dir='ltr'>ὅμοιον</span> <span class='ocrx_word' id='word_1_573' title='bbox 971 4418 1159 4491; x_wconf 83' lang='grc' dir='ltr'>ὥσπερ</span> <span class='ocrx_word' id='word_1_574' title='bbox 1199 4419 1265 4473; x_wconf 86' lang='grc' dir='ltr'>ἂν</span> <span class='ocrx_word' id='word_1_575' title='bbox 1298 4420 1353 4472; x_wconf 79' lang='grc' dir='ltr'><strong>εί</strong></span> <span class='ocrx_word' id='word_1_576' title='bbox 1382 4436 1467 4483; x_wconf 85' lang='grc' dir='ltr'><strong>τις</strong></span> <span class='ocrx_word' id='word_1_577' title='bbox 1514 4419 1609 4473; x_wconf 80' lang='grc' dir='ltr'>τοῦ</span> <span class='ocrx_word' id='word_1_578' title='bbox 1654 4420 1793 4475; x_wconf 82' lang='grc' dir='ltr'><strong>κατά</strong></span> <span class='ocrx_word' id='word_1_579' title='bbox 1832 4422 1923 4476; x_wconf 81' lang='grc' dir='ltr'><strong>τὸν</strong></span> 
     </span>
    </p>
   </div>
   <div class='ocr_carea' id='block_1_78' title="bbox 2030 3222 3608 3294">
    <p class='ocr_par' dir='ltr' id='par_1_78' title="bbox 2030 3222 3608 3294">
     <span class='ocr_line' id='line_1_78' title="bbox 2030 3222 3608 3294; baseline 0.003 -19"><span class='ocrx_word' id='word_1_580' title='bbox 2030 3223 2182 3277; x_wconf 90' lang='lat' dir='ltr'><strong>tione</strong></span> <span class='ocrx_word' id='word_1_581' title='bbox 2226 3222 2392 3277; x_wconf 89' lang='lat' dir='ltr'><strong>etiam</strong></span> <span class='ocrx_word' id='word_1_582' title='bbox 2421 3224 2455 3294; x_wconf 81' lang='grc' dir='ltr'>ἡ</span> <span class='ocrx_word' id='word_1_583' title='bbox 2489 3222 2700 3275; x_wconf 87' lang='grc' dir='ltr'>ἐπίνοια</span> <span class='ocrx_word' id='word_1_584' title='bbox 2736 3222 2899 3277; x_wconf 89' lang='lat' dir='ltr'><strong>simul</strong></span> <span class='ocrx_word' id='word_1_585' title='bbox 2954 3223 3169 3277; x_wconf 86' lang='lat' dir='ltr'><strong>sublata</strong></span> <span class='ocrx_word' id='word_1_586' title='bbox 3219 3233 3323 3278; x_wconf 87' lang='lat' dir='ltr'><strong>est.</strong></span> <span class='ocrx_word' id='word_1_587' title='bbox 3366 3222 3522 3289; x_wconf 86' lang='lat' dir='ltr'><strong>Quod</strong></span> <span class='ocrx_word' id='word_1_588' title='bbox 3562 3225 3608 3279; x_wconf 90' lang='lat' dir='ltr'><strong>si</strong></span> 
     </span>
    </p>
   </div>
   <div class='ocr_carea' id='block_1_79' title="bbox 2030 3315 3611 3387">
    <p class='ocr_par' dir='ltr' id='par_1_79' title="bbox 2030 3315 3611 3387">
     <span class='ocr_line' id='line_1_79' title="bbox 2030 3315 3611 3387; baseline -0.001 -17"><span class='ocrx_word' id='word_1_589' title='bbox 2030 3331 2139 3370; x_wconf 94' lang='lat' dir='ltr'><strong>non</strong></span> <span class='ocrx_word' id='word_1_590' title='bbox 2199 3316 2532 3371; x_wconf 90' lang='lat' dir='ltr'><strong>contradicit</strong></span> <span class='ocrx_word' id='word_1_591' title='bbox 2576 3330 2742 3370; x_wconf 86' lang='lat' dir='ltr'><strong>voces</strong></span> <span class='ocrx_word' id='word_1_592' title='bbox 2794 3315 2898 3372; x_wconf 84' lang='lat' dir='ltr'><strong>has</strong></span> <span class='ocrx_word' id='word_1_593' title='bbox 2945 3316 3166 3370; x_wconf 93' lang='lat' dir='ltr'><strong>nomina</strong></span> <span class='ocrx_word' id='word_1_594' title='bbox 3212 3332 3358 3379; x_wconf 83' lang='lat' dir='ltr'><strong>esse,</strong></span> <span class='ocrx_word' id='word_1_595' title='bbox 3401 3318 3455 3371; x_wconf 93' lang='lat' dir='ltr'><strong>in</strong></span> <span class='ocrx_word' id='word_1_596' title='bbox 3500 3332 3611 3387; x_wconf 90' lang='lat' dir='ltr'><strong>quo</strong></span> 
     </span>
    </p>
   </div>
   <div class='ocr_carea' id='block_1_80' title="bbox 2031 3407 3611 3478">
    <p class='ocr_par' dir='ltr' id='par_1_80' title="bbox 2031 3407 3611 3478">
     <span class='ocr_line' id='line_1_80' title="bbox 2031 3407 3611 3478; baseline 0.001 -18"><span class='ocrx_word' id='word_1_597' title='bbox 2031 3407 2179 3461; x_wconf 67' lang='lat' dir='ltr'><strong>laedit</strong></span> <span class='ocrx_word' id='word_1_598' title='bbox 2230 3407 2283 3461; x_wconf 89' lang='lat' dir='ltr'><strong>id</strong></span> <span class='ocrx_word' id='word_1_599' title='bbox 2320 3407 2465 3478; x_wconf 93' lang='lat' dir='ltr'><strong>quod</strong></span> <span class='ocrx_word' id='word_1_600' title='bbox 2520 3407 2586 3462; x_wconf 91' lang='lat' dir='ltr'><strong>de</strong></span> <span class='ocrx_word' id='word_1_601' title='bbox 2639 3410 3105 3463; x_wconf 88' lang='lat' dir='ltr'><strong>commentatione</strong></span> <span class='ocrx_word' id='word_1_602' title='bbox 3152 3409 3377 3470; x_wconf 88' lang='lat' dir='ltr'><strong>dicitur,</strong></span> <span class='ocrx_word' id='word_1_603' title='bbox 3426 3425 3491 3464; x_wconf 81' lang='lat' dir='ltr'><strong>ex</strong></span> <span class='ocrx_word' id='word_1_604' title='bbox 3545 3426 3611 3463; x_wconf 93' lang='lat' dir='ltr'><strong>eo</strong></span> 
     </span>
    </p>
   </div>
   <div class='ocr_carea' id='block_1_81' title="bbox 2028 3497 3612 3572">
    <p class='ocr_par' dir='ltr' id='par_1_81' title="bbox 2028 3497 3612 3572">
     <span class='ocr_line' id='line_1_81' title="bbox 2028 3497 3612 3572; baseline 0.003 -20"><span class='ocrx_word' id='word_1_605' title='bbox 2028 3497 2179 3567; x_wconf 90' lang='lat' dir='ltr'><strong>quod</strong></span> <span class='ocrx_word' id='word_1_606' title='bbox 2222 3499 2566 3553; x_wconf 87' lang='lat' dir='ltr'><strong>demonstrat</strong></span> <span class='ocrx_word' id='word_1_607' title='bbox 2606 3516 2714 3553; x_wconf 92' lang='lat' dir='ltr'><strong>non</strong></span> <span class='ocrx_word' id='word_1_608' title='bbox 2748 3500 2816 3553; x_wconf 89' lang='lat' dir='ltr'><strong>ab</strong></span> <span class='ocrx_word' id='word_1_609' title='bbox 2848 3500 2957 3555; x_wconf 90' lang='lat' dir='ltr'><strong>alio</strong></span> <span class='ocrx_word' id='word_1_610' title='bbox 2987 3502 3195 3570; x_wconf 83' lang='lat' dir='ltr'><strong>aliquo,</strong></span> <span class='ocrx_word' id='word_1_611' title='bbox 3247 3502 3339 3557; x_wconf 88' lang='lat' dir='ltr'><strong>sed</strong></span> <span class='ocrx_word' id='word_1_612' title='bbox 3378 3503 3447 3557; x_wconf 91' lang='lat' dir='ltr'><strong>ab</strong></span> <span class='ocrx_word' id='word_1_613' title='bbox 3490 3505 3612 3572; x_wconf 80' lang='lat' dir='ltr'><strong>ipso</strong></span> 
     </span>
    </p>
   </div>
   <div class='ocr_carea' id='block_1_82' title="bbox 2030 3589 3608 3663">
    <p class='ocr_par' dir='ltr' id='par_1_82' title="bbox 2030 3589 3608 3663">
     <span class='ocr_line' id='line_1_82' title="bbox 2030 3589 3608 3663; baseline 0.004 -21"><span class='ocrx_word' id='word_1_614' title='bbox 2030 3589 2263 3645; x_wconf 88' lang='lat' dir='ltr'><strong>Domino</strong></span> <span class='ocrx_word' id='word_1_615' title='bbox 2294 3591 2433 3646; x_wconf 91' lang='lat' dir='ltr'><strong>tales</strong></span> <span class='ocrx_word' id='word_1_616' title='bbox 2462 3591 2753 3663; x_wconf 88' lang='lat' dir='ltr'><strong>impositas</strong></span> <span class='ocrx_word' id='word_1_617' title='bbox 2780 3608 2904 3648; x_wconf 88' lang='lat' dir='ltr'><strong>esse</strong></span> <span class='ocrx_word' id='word_1_618' title='bbox 2929 3593 3608 3662; x_wconf 77' lang='lat' dir='ltr'><strong>nomenclationes?Quod</strong></span> 
     </span>
    </p>
   </div>
   <div class='ocr_carea' id='block_1_83' title="bbox 2029 3682 3609 3754">
    <p class='ocr_par' dir='ltr' id='par_1_83' title="bbox 2029 3682 3609 3754">
     <span class='ocr_line' id='line_1_83' title="bbox 2029 3682 3609 3754; baseline 0.003 -18"><span class='ocrx_word' id='word_1_619' title='bbox 2029 3682 2175 3736; x_wconf 85' lang='lat' dir='ltr'><strong>enim</strong></span> <span class='ocrx_word' id='word_1_620' title='bbox 2212 3682 2519 3747; x_wconf 79' lang='lat' dir='ltr'><strong>dicebatur,</strong></span> <span class='ocrx_word' id='word_1_621' title='bbox 2572 3684 2622 3737; x_wconf 92' lang='lat' dir='ltr'><strong>id</strong></span> <span class='ocrx_word' id='word_1_622' title='bbox 2673 3691 2813 3749; x_wconf 89' lang='lat' dir='ltr'><strong>erat,</strong></span> <span class='ocrx_word' id='word_1_623' title='bbox 2847 3683 2995 3753; x_wconf 89' lang='lat' dir='ltr'><strong>quod</strong></span> <span class='ocrx_word' id='word_1_624' title='bbox 3046 3688 3506 3754; x_wconf 86' lang='lat' dir='ltr'><strong>quemadmodum</strong></span> <span class='ocrx_word' id='word_1_625' title='bbox 3553 3688 3609 3743; x_wconf 90' lang='lat' dir='ltr'><strong>in</strong></span> 
     </span>
    </p>
   </div>
   <div class='ocr_carea' id='block_1_84' title="bbox 2030 3770 3607 3840">
    <p class='ocr_par' dir='ltr' id='par_1_84' title="bbox 2030 3770 3607 3840">
     <span class='ocr_line' id='line_1_84' title="bbox 2030 3770 3607 3840; baseline 0.004 -17"><span class='ocrx_word' id='word_1_626' title='bbox 2030 3770 2279 3839; x_wconf 65' lang='lat' dir='ltr'><strong>evetnplo</strong></span> <span class='ocrx_word' id='word_1_627' title='bbox 2341 3771 2503 3840; x_wconf 83' lang='lat' dir='ltr'><strong>hujus</strong></span> <span class='ocrx_word' id='word_1_628' title='bbox 2548 3772 2789 3825; x_wconf 91' lang='lat' dir='ltr'><strong>nominis</strong></span> <span class='ocrx_word' id='word_1_629' title='bbox 2846 3775 3010 3837; x_wconf 82' lang='grc' dir='ltr'>σῖτος,</span> <span class='ocrx_word' id='word_1_630' title='bbox 3077 3790 3246 3828; x_wconf 82' lang='grc' dir='ltr'>ιιιιιιιι]</span> <span class='ocrx_word' id='word_1_631' title='bbox 3303 3777 3607 3831; x_wconf 82' lang='lat' dir='ltr'><strong>secundum</strong></span> 
     </span>
    </p>
   </div>
   <div class='ocr_carea' id='block_1_85' title="bbox 2029 3860 3609 3934">
    <p class='ocr_par' dir='ltr' id='par_1_85' title="bbox 2029 3860 3609 3934">
     <span class='ocr_line' id='line_1_85' title="bbox 2029 3860 3609 3934; baseline 0.005 -20"><span class='ocrx_word' id='word_1_632' title='bbox 2029 3860 2335 3925; x_wconf 79' lang='lat' dir='ltr'><strong>subjectum</strong></span> <span class='ocrx_word' id='word_1_633' title='bbox 2381 3877 2505 3914; x_wconf 90' lang='lat' dir='ltr'><strong>cum</strong></span> <span class='ocrx_word' id='word_1_634' title='bbox 2559 3862 2631 3917; x_wconf 91' lang='lat' dir='ltr'><strong>sit</strong></span> <span class='ocrx_word' id='word_1_635' title='bbox 2675 3862 2961 3927; x_wconf 89' lang='lat' dir='ltr'><strong>Dominus,</strong></span> <span class='ocrx_word' id='word_1_636' title='bbox 3010 3867 3428 3934; x_wconf 82' lang='lat' dir='ltr'><strong>operationibus</strong></span> <span class='ocrx_word' id='word_1_637' title='bbox 3473 3884 3609 3922; x_wconf 90' lang='lat' dir='ltr'><strong>cou-</strong></span> 
     </span>
    </p>
   </div>
   <div class='ocr_carea' id='block_1_86' title="bbox 2028 3951 3611 4019">
    <p class='ocr_par' dir='ltr' id='par_1_86' title="bbox 2028 3951 3611 4019">
     <span class='ocr_line' id='line_1_86' title="bbox 2028 3951 3611 4019; baseline 0.006 -17"><span class='ocrx_word' id='word_1_638' title='bbox 2028 3966 2165 4019; x_wconf 87' lang='lat' dir='ltr'><strong>grua</strong></span> <span class='ocrx_word' id='word_1_639' title='bbox 2198 3951 2361 4005; x_wconf 82' lang='lat' dir='ltr'><strong>liabet</strong></span> <span class='ocrx_word' id='word_1_640' title='bbox 2386 3952 2549 4006; x_wconf 92' lang='lat' dir='ltr'><strong>etiam</strong></span> <span class='ocrx_word' id='word_1_641' title='bbox 2593 3954 2835 4008; x_wconf 89' lang='lat' dir='ltr'><strong>nomina.</strong></span> <span class='ocrx_word' id='word_1_642' title='bbox 2872 3953 3007 4009; x_wconf 90' lang='lat' dir='ltr'><strong>Cum</strong></span> <span class='ocrx_word' id='word_1_643' title='bbox 3052 3965 3234 4010; x_wconf 86' lang='lat' dir='ltr'><strong>autem</strong></span> <span class='ocrx_word' id='word_1_644' title='bbox 3280 3958 3352 4012; x_wconf 92' lang='lat' dir='ltr'><strong>sit</strong></span> <span class='ocrx_word' id='word_1_645' title='bbox 3391 3959 3611 4013; x_wconf 80' lang='lat' dir='ltr'><strong>confes-</strong></span> 
     </span>
    </p>
   </div>
   <div class='ocr_carea' id='block_1_87' title="bbox 2030 4044 3610 4117">
    <p class='ocr_par' dir='ltr' id='par_1_87' title="bbox 2030 4044 3610 4117">
     <span class='ocr_line' id='line_1_87' title="bbox 2030 4044 3610 4117; baseline 0.004 -19"><span class='ocrx_word' id='word_1_646' title='bbox 2030 4059 2151 4098; x_wconf 89' lang='lat' dir='ltr'><strong>sum</strong></span> <span class='ocrx_word' id='word_1_647' title='bbox 2185 4047 2329 4106; x_wconf 88' lang='grc' dir='ltr'>σῖτος</span> <span class='ocrx_word' id='word_1_648' title='bbox 2374 4044 2676 4098; x_wconf 90' lang='lat' dir='ltr'><strong>secundum</strong></span> <span class='ocrx_word' id='word_1_649' title='bbox 2712 4047 3232 4102; x_wconf 86' lang='lat' dir='ltr'><strong>commentationem</strong></span> <span class='ocrx_word' id='word_1_650' title='bbox 3266 4063 3459 4103; x_wconf 91' lang='lat' dir='ltr'><strong>eorum</strong></span> <span class='ocrx_word' id='word_1_651' title='bbox 3487 4065 3610 4117; x_wconf 73' lang='lat' dir='ltr'><strong>qua:</strong></span> 
     </span>
    </p>
   </div>
   <div class='ocr_carea' id='block_1_88' title="bbox 2028 4137 3608 4208">
    <p class='ocr_par' dir='ltr' id='par_1_88' title="bbox 2028 4137 3608 4208">
     <span class='ocr_line' id='line_1_88' title="bbox 2028 4137 3608 4208; baseline 0.004 -17"><span class='ocrx_word' id='word_1_652' title='bbox 2028 4137 2084 4191; x_wconf 91' lang='lat' dir='ltr'><strong>iu</strong></span> <span class='ocrx_word' id='word_1_653' title='bbox 2134 4137 2253 4206; x_wconf 90' lang='lat' dir='ltr'><strong>ipso</strong></span> <span class='ocrx_word' id='word_1_654' title='bbox 2307 4144 2651 4206; x_wconf 79' lang='lat' dir='ltr'><strong>spectantur,</strong></span> <span class='ocrx_word' id='word_1_655' title='bbox 2704 4139 3102 4208; x_wconf 85' lang='lat' dir='ltr'><strong>appellationes</strong></span> <span class='ocrx_word' id='word_1_656' title='bbox 3159 4139 3381 4205; x_wconf 87' lang='lat' dir='ltr'><strong>habere,</strong></span> <span class='ocrx_word' id='word_1_657' title='bbox 3445 4141 3608 4197; x_wconf 87' lang='lat' dir='ltr'><strong>simul</strong></span> 
     </span>
    </p>
   </div>
   <div class='ocr_carea' id='block_1_89' title="bbox 2028 4228 3610 4289">
    <p class='ocr_par' dir='ltr' id='par_1_89' title="bbox 2028 4228 3610 4289">
     <span class='ocr_line' id='line_1_89' title="bbox 2028 4228 3610 4289; baseline 0.005 -8"><span class='ocrx_word' id='word_1_658' title='bbox 2028 4230 2191 4281; x_wconf 89' lang='lat' dir='ltr'><strong>etiam</strong></span> <span class='ocrx_word' id='word_1_659' title='bbox 2223 4228 2651 4283; x_wconf 90' lang='lat' dir='ltr'><strong>construebatur</strong></span> <span class='ocrx_word' id='word_1_660' title='bbox 2683 4228 2781 4284; x_wconf 88' lang='lat' dir='ltr'><strong>bas</strong></span> <span class='ocrx_word' id='word_1_661' title='bbox 2808 4229 2862 4283; x_wconf 91' lang='lat' dir='ltr'><strong>in</strong></span> <span class='ocrx_word' id='word_1_662' title='bbox 2899 4229 3131 4283; x_wconf 90' lang='lat' dir='ltr'><strong>Domino</strong></span> <span class='ocrx_word' id='word_1_663' title='bbox 3154 4245 3318 4286; x_wconf 88' lang='lat' dir='ltr'><strong>voces</strong></span> <span class='ocrx_word' id='word_1_664' title='bbox 3352 4247 3457 4285; x_wconf 90' lang='lat' dir='ltr'><strong>non</strong></span> <span class='ocrx_word' id='word_1_665' title='bbox 3489 4249 3610 4289; x_wconf 86' lang='lat' dir='ltr'><strong>esse</strong></span> 
     </span>
    </p>
   </div>
   <div class='ocr_carea' id='block_1_90' title="bbox 2028 4319 3608 4388">
    <p class='ocr_par' dir='ltr' id='par_1_90' title="bbox 2028 4319 3608 4388">
     <span class='ocr_line' id='line_1_90' title="bbox 2028 4319 3608 4388; baseline 0.005 -16"><span class='ocrx_word' id='word_1_666' title='bbox 2028 4327 2240 4373; x_wconf 68' lang='lat' dir='ltr'><strong>naturae</strong></span> <span class='ocrx_word' id='word_1_667' title='bbox 2273 4319 2688 4388; x_wconf 82' lang='lat' dir='ltr'><strong>signiﬁcativas,</strong></span> <span class='ocrx_word' id='word_1_668' title='bbox 2722 4320 2819 4375; x_wconf 90' lang='lat' dir='ltr'><strong>sed</strong></span> <span class='ocrx_word' id='word_1_669' title='bbox 2866 4324 3080 4377; x_wconf 90' lang='lat' dir='ltr'><strong>ratione</strong></span> <span class='ocrx_word' id='word_1_670' title='bbox 3126 4326 3608 4381; x_wconf 90' lang='lat' dir='ltr'><strong>commentationis</strong></span> 
     </span>
    </p>
   </div>
   <div class='ocr_carea' id='block_1_91' title="bbox 2029 4410 3607 4486">
    <p class='ocr_par' dir='ltr' id='par_1_91' title="bbox 2029 4410 3607 4486">
     <span class='ocr_line' id='line_1_91' title="bbox 2029 4410 3607 4486; baseline 0.006 -22"><span class='ocrx_word' id='word_1_671' title='bbox 2029 4412 2084 4465; x_wconf 91' lang='lat' dir='ltr'><strong>in</strong></span> <span class='ocrx_word' id='word_1_672' title='bbox 2126 4411 2212 4465; x_wconf 90' lang='lat' dir='ltr'><strong>bis</strong></span> <span class='ocrx_word' id='word_1_673' title='bbox 2251 4428 2372 4476; x_wconf 77' lang='lat' dir='ltr'><strong>qua:</strong></span> <span class='ocrx_word' id='word_1_674' title='bbox 2418 4410 2486 4465; x_wconf 91' lang='lat' dir='ltr'><strong>de</strong></span> <span class='ocrx_word' id='word_1_675' title='bbox 2535 4412 2655 4481; x_wconf 92' lang='lat' dir='ltr'><strong>ipso</strong></span> <span class='ocrx_word' id='word_1_676' title='bbox 2702 4414 3088 4484; x_wconf 84' lang='lat' dir='ltr'><strong>intelliguntur</strong></span> <span class='ocrx_word' id='word_1_677' title='bbox 3140 4421 3468 4473; x_wconf 87' lang='lat' dir='ltr'><strong>consistere.</strong></span> <span class='ocrx_word' id='word_1_678' title='bbox 3502 4419 3607 4486; x_wconf 89' lang='lat' dir='ltr'><strong>Qui</strong></span> 
     </span>
    </p>
   </div>
   <div class='ocr_carea' id='block_1_92' title="bbox 359 4504 1925 4584">
    <p class='ocr_par' dir='ltr' id='par_1_92' title="bbox 359 4507 1925 4584">
     <span class='ocr_line' id='line_1_92' title="bbox 359 4507 1925 4584; baseline 0.006 -25"><span class='ocrx_word' id='word_1_679' title='bbox 359 4507 538 4560; x_wconf 73' lang='grc' dir='ltr'>Ἰσαὰκ</span> <span class='ocrx_word' id='word_1_680' title='bbox 580 4508 837 4578; x_wconf 80' lang='grc' dir='ltr'>ὀνόματος</span> <span class='ocrx_word' id='word_1_681' title='bbox 882 4510 979 4581; x_wconf 81' lang='grc' dir='ltr'>τὴν</span> <span class='ocrx_word' id='word_1_682' title='bbox 1026 4511 1320 4582; x_wconf 78' lang='grc' dir='ltr'>ἑρμηνείαν</span> <span class='ocrx_word' id='word_1_683' title='bbox 1348 4510 1547 4583; x_wconf 76' lang='grc' dir='ltr'>ζητῶν,</span> <span class='ocrx_word' id='word_1_684' title='bbox 1585 4514 1809 4584; x_wconf 88' lang='grc' dir='ltr'>πότερον</span> <span class='ocrx_word' id='word_1_685' title='bbox 1834 4515 1925 4583; x_wconf 84' lang='grc' dir='ltr'>γέ-</span> 
     </span>
    </p>
   </div>
   <div class='ocr_carea' id='block_1_93' title="bbox 2027 4504 3611 4584">
    <p class='ocr_par' dir='ltr' id='par_1_93' title="bbox 2029 4504 3611 4575">
     <span class='ocr_line' id='line_1_93' title="bbox 2029 4504 3611 4575; baseline 0.008 -19"><span class='ocrx_word' id='word_1_686' title='bbox 2029 4513 2209 4557; x_wconf 90' lang='lat' dir='ltr'><strong>autem</strong></span> <span class='ocrx_word' id='word_1_687' title='bbox 2241 4504 2571 4559; x_wconf 86' lang='lat' dir='ltr'><strong>contradicit</strong></span> <span class='ocrx_word' id='word_1_688' title='bbox 2617 4522 2727 4575; x_wconf 79' lang='lat' dir='ltr'><strong>pra:</strong></span> <span class='ocrx_word' id='word_1_689' title='bbox 2773 4510 2944 4561; x_wconf 88' lang='lat' dir='ltr'><strong>multa</strong></span> <span class='ocrx_word' id='word_1_690' title='bbox 2989 4512 3315 4573; x_wconf 86' lang='lat' dir='ltr'><strong>attentione,</strong></span> <span class='ocrx_word' id='word_1_691' title='bbox 3364 4529 3471 4567; x_wconf 93' lang='lat' dir='ltr'><strong>non</strong></span> <span class='ocrx_word' id='word_1_692' title='bbox 3512 4515 3611 4568; x_wconf 86' lang='lat' dir='ltr'><strong>ad-</strong></span> 
     </span>
    </p>
   </div>
   <div class='ocr_carea' id='block_1_94' title="bbox 344 4598 1926 4676">
    <p class='ocr_par' dir='ltr' id='par_1_94' title="bbox 344 4598 1926 4676">
     <span class='ocr_line' id='line_1_94' title="bbox 344 4598 1926 4676; baseline 0.006 -26"><span class='ocrx_word' id='word_1_693' title='bbox 344 4598 467 4661; x_wconf 82' lang='grc' dir='ltr'>λως,</span> <span class='ocrx_word' id='word_1_694' title='bbox 504 4598 578 4663; x_wconf 79' lang='grc' dir='ltr'>ὥς</span> <span class='ocrx_word' id='word_1_695' title='bbox 606 4600 735 4668; x_wconf 80' lang='grc' dir='ltr'>φασί</span> <span class='ocrx_word' id='word_1_696' title='bbox 762 4618 925 4667; x_wconf 87' lang='grc' dir='ltr'>τινες,</span> <span class='ocrx_word' id='word_1_697' title='bbox 962 4602 1340 4673; x_wconf 78' lang='grc' dir='ltr'>ἑρμηνεύεται,</span> <span class='ocrx_word' id='word_1_698' title='bbox 1381 4603 1414 4673; x_wconf 81' lang='grc' dir='ltr'><strong>ἦ</strong></span> <span class='ocrx_word' id='word_1_699' title='bbox 1453 4604 1581 4658; x_wconf 80' lang='grc' dir='ltr'>ἄλλο</span> <span class='ocrx_word' id='word_1_700' title='bbox 1628 4622 1678 4658; x_wconf 87' lang='grc' dir='ltr'><strong>τι</strong></span> <span class='ocrx_word' id='word_1_701' title='bbox 1724 4607 1926 4676; x_wconf 88' lang='grc' dir='ltr'>σημαί-</span> 
     </span>
    </p>
   </div>
   <div class='ocr_carea' id='block_1_95' title="bbox 342 4691 1927 4764">
    <p class='ocr_par' dir='ltr' id='par_1_95' title="bbox 342 4691 1927 4764">
     <span class='ocr_line' id='line_1_95' title="bbox 342 4691 1927 4764; baseline 0.004 -22"><span class='ocrx_word' id='word_1_702' title='bbox 342 4709 420 4743; x_wconf 86' lang='grc' dir='ltr'><strong>νει</strong></span> <span class='ocrx_word' id='word_1_703' title='bbox 442 4691 501 4743; x_wconf 79' lang='grc' dir='ltr'>τὸ</span> <span class='ocrx_word' id='word_1_704' title='bbox 525 4692 714 4762; x_wconf 73' lang='grc' dir='ltr'>ὄνομα,</span> <span class='ocrx_word' id='word_1_705' title='bbox 735 4694 763 4745; x_wconf 88' lang='lat'><strong>6</strong></span> <span class='ocrx_word' id='word_1_706' title='bbox 786 4693 842 4744; x_wconf 87' lang='grc' dir='ltr'>δέ</span> <span class='ocrx_word' id='word_1_707' title='bbox 868 4711 949 4755; x_wconf 90' lang='grc' dir='ltr'><strong>τις</strong></span> <span class='ocrx_word' id='word_1_708' title='bbox 976 4693 1083 4745; x_wconf 90' lang='grc' dir='ltr'><strong>τῶν</strong></span> <span class='ocrx_word' id='word_1_709' title='bbox 1106 4694 1247 4747; x_wconf 84' lang='grc' dir='ltr'>κατά</span> <span class='ocrx_word' id='word_1_710' title='bbox 1278 4695 1537 4764; x_wconf 81' lang='grc' dir='ltr'>Εὐνόμιον</span> <span class='ocrx_word' id='word_1_711' title='bbox 1564 4695 1927 4761; x_wconf 85' lang='grc' dir='ltr'>ἐπιστατικῶς</span> 
     </span>
    </p>
   </div>
   <div class='ocr_carea' id='block_1_96' title="bbox 343 4784 1927 4859">
    <p class='ocr_par' dir='ltr' id='par_1_96' title="bbox 343 4784 1927 4859">
     <span class='ocr_line' id='line_1_96' title="bbox 343 4784 1927 4859; baseline 0.004 -25"><span class='ocrx_word' id='word_1_712' title='bbox 343 4784 687 4851; x_wconf 71' lang='grc' dir='ltr'>ἀποκρίνοιτο</span> <span class='ocrx_word' id='word_1_713' title='bbox 713 4786 859 4856; x_wconf 72' lang='grc' dir='ltr'>παρὰ</span> <span class='ocrx_word' id='word_1_714' title='bbox 891 4786 987 4854; x_wconf 78' lang='grc' dir='ltr'>τῆς</span> <span class='ocrx_word' id='word_1_715' title='bbox 1014 4784 1215 4855; x_wconf 85' lang='grc' dir='ltr'>μητρὸς</span> <span class='ocrx_word' id='word_1_716' title='bbox 1247 4786 1515 4840; x_wconf 85' lang='grc' dir='ltr'>τεθεῖσθαι</span> <span class='ocrx_word' id='word_1_717' title='bbox 1544 4786 1623 4857; x_wconf 84' lang='grc' dir='ltr'>τῷ</span> <span class='ocrx_word' id='word_1_718' title='bbox 1655 4788 1805 4841; x_wconf 70' lang='grc' dir='ltr'>παιδὶ</span> <span class='ocrx_word' id='word_1_719' title='bbox 1830 4790 1927 4859; x_wconf 77' lang='grc' dir='ltr'><strong>τὴν</strong></span> 
     </span>
    </p>
   </div>
   <div class='ocr_carea' id='block_1_97' title="bbox 343 4875 1922 4949">
    <p class='ocr_par' dir='ltr' id='par_1_97' title="bbox 343 4875 1922 4949">
     <span class='ocr_line' id='line_1_97' title="bbox 343 4875 1922 4949; baseline 0.003 -22"><span class='ocrx_word' id='word_1_720' title='bbox 343 4875 553 4945; x_wconf 72' lang='grc' dir='ltr'>κλῆσιψ</span> <span class='ocrx_word' id='word_1_721' title='bbox 584 4876 695 4928; x_wconf 80' lang='grc' dir='ltr'>ἀλλ’</span> <span class='ocrx_word' id='word_1_722' title='bbox 719 4877 777 4928; x_wconf 81' lang='grc' dir='ltr'><strong>ού</strong></span> <span class='ocrx_word' id='word_1_723' title='bbox 804 4875 976 4938; x_wconf 80' lang='grc' dir='ltr'>τοῦτο,</span> <span class='ocrx_word' id='word_1_724' title='bbox 1006 4877 1136 4947; x_wconf 87' lang='grc' dir='ltr'>φαίη</span> <span class='ocrx_word' id='word_1_725' title='bbox 1169 4894 1251 4939; x_wconf 91' lang='grc' dir='ltr'><strong>τις</strong></span> <span class='ocrx_word' id='word_1_726' title='bbox 1271 4877 1355 4941; x_wconf 86' lang='grc' dir='ltr'><strong>ἂν,</strong></span> <span class='ocrx_word' id='word_1_727' title='bbox 1383 4877 1443 4930; x_wconf 85' lang='grc' dir='ltr'>τὸ</span> <span class='ocrx_word' id='word_1_728' title='bbox 1475 4877 1803 4949; x_wconf 85' lang='grc' dir='ltr'>ζητούμενον</span> <span class='ocrx_word' id='word_1_729' title='bbox 1834 4876 1922 4949; x_wconf 80' lang='grc' dir='ltr'>ἦν,</span> 
     </span>
    </p>
   </div>
   <div class='ocr_carea' id='block_1_98' title="bbox 343 4970 1926 5044">
    <p class='ocr_par' dir='ltr' id='par_1_98' title="bbox 343 4970 1926 5044">
     <span class='ocr_line' id='line_1_98' title="bbox 343 4970 1926 5044; baseline 0.001 -22"><span class='ocrx_word' id='word_1_730' title='bbox 343 4972 497 5040; x_wconf 88' lang='grc' dir='ltr'><strong>παρὰ</strong></span> <span class='ocrx_word' id='word_1_731' title='bbox 530 4971 672 5034; x_wconf 92' lang='grc' dir='ltr'>τίνος</span> <span class='ocrx_word' id='word_1_732' title='bbox 706 4974 738 5041; x_wconf 81' lang='grc' dir='ltr'>ἡ</span> <span class='ocrx_word' id='word_1_733' title='bbox 770 4970 1055 5038; x_wconf 83' lang='grc' dir='ltr'>ἐπωνυμία</span> <span class='ocrx_word' id='word_1_734' title='bbox 1087 4970 1432 5040; x_wconf 82' lang='grc' dir='ltr'>πεπόρισται,</span> <span class='ocrx_word' id='word_1_735' title='bbox 1462 4971 1598 5025; x_wconf 82' lang='grc' dir='ltr'>ἀλλὰ</span> <span class='ocrx_word' id='word_1_736' title='bbox 1636 4971 1688 5023; x_wconf 90' lang='grc' dir='ltr'><strong>τί</strong></span> <span class='ocrx_word' id='word_1_737' title='bbox 1728 4973 1926 5044; x_wconf 83' lang='grc' dir='ltr'>σημαί-</span> 
     </span>
    </p>
   </div>
   <div class='ocr_carea' id='block_1_99' title="bbox 342 5061 1923 5134">
    <p class='ocr_par' dir='ltr' id='par_1_99' title="bbox 342 5061 1923 5134">
     <span class='ocr_line' id='line_1_99' title="bbox 342 5061 1923 5134; baseline 0.001 -19"><span class='ocrx_word' id='word_1_738' title='bbox 342 5079 419 5115; x_wconf 90' lang='grc' dir='ltr'><strong>νει</strong></span> <span class='ocrx_word' id='word_1_739' title='bbox 463 5063 867 5134; x_wconf 78' lang='grc' dir='ltr'>μεταληφθεῖσα</span> <span class='ocrx_word' id='word_1_740' title='bbox 919 5061 1055 5131; x_wconf 65' lang='grc' dir='ltr'>προς</span> <span class='ocrx_word' id='word_1_741' title='bbox 1112 5061 1210 5131; x_wconf 71' lang='grc' dir='ltr'><strong>τὴν</strong></span> <span class='ocrx_word' id='word_1_742' title='bbox 1266 5063 1537 5133; x_wconf 78' lang='grc' dir='ltr'>ἡμετέραν</span> <span class='ocrx_word' id='word_1_743' title='bbox 1587 5062 1838 5131; x_wconf 86' lang='grc' dir='ltr'>γλῶσσαν</span> <span class='ocrx_word' id='word_1_744' title='bbox 1891 5066 1923 5134; x_wconf 85' lang='grc' dir='ltr'><strong>ή</strong></span> 
     </span>
    </p>
   </div>
   <div class='ocr_carea' id='block_1_100' title="bbox 340 5151 1927 5223">
    <p class='ocr_par' dir='ltr' id='par_1_100' title="bbox 340 5151 1927 5223">
     <span class='ocr_line' id='line_1_100' title="bbox 340 5151 1927 5223; baseline -0.001 -17"><span class='ocrx_word' id='word_1_745' title='bbox 340 5155 433 5206; x_wconf 78' lang='grc' dir='ltr'>τοῦ</span> <span class='ocrx_word' id='word_1_746' title='bbox 464 5154 724 5223; x_wconf 83' lang='grc' dir='ltr'>ὀνόματος</span> <span class='ocrx_word' id='word_1_747' title='bbox 758 5152 949 5205; x_wconf 75' lang='grc' dir='ltr'>ἔννοια.</span> <span class='ocrx_word' id='word_1_748' title='bbox 990 5153 1099 5204; x_wconf 75' lang='grc' dir='ltr'><strong>Καὶ</strong></span> <span class='ocrx_word' id='word_1_749' title='bbox 1138 5151 1369 5205; x_wconf 71' lang='grc' dir='ltr'>ἐνταῦθα</span> <span class='ocrx_word' id='word_1_750' title='bbox 1407 5154 1586 5205; x_wconf 87' lang='grc' dir='ltr'>τοίνυν</span> <span class='ocrx_word' id='word_1_751' title='bbox 1629 5153 1727 5222; x_wconf 86' lang='grc' dir='ltr'>τῆς</span> <span class='ocrx_word' id='word_1_752' title='bbox 1761 5153 1927 5223; x_wconf 76' lang='grc' dir='ltr'>ζητή-</span> 
     </span>
    </p>
   </div>
   <div class='ocr_carea' id='block_1_101' title="bbox 342 5241 1927 5314">
    <p class='ocr_par' dir='ltr' id='par_1_101' title="bbox 342 5241 1927 5314">
     <span class='ocr_line' id='line_1_101' title="bbox 342 5241 1927 5314; baseline 0.001 -21"><span class='ocrx_word' id='word_1_753' title='bbox 342 5260 479 5305; x_wconf 86' lang='grc' dir='ltr'>σεως</span> <span class='ocrx_word' id='word_1_754' title='bbox 524 5241 711 5311; x_wconf 72' lang='grc' dir='ltr'>οὔσης,</span> <span class='ocrx_word' id='word_1_755' title='bbox 745 5244 793 5294; x_wconf 88' lang='grc' dir='ltr'>εἰ</span> <span class='ocrx_word' id='word_1_756' title='bbox 830 5242 898 5295; x_wconf 78' lang='grc' dir='ltr'><strong>τὰ</strong></span> <span class='ocrx_word' id='word_1_757' title='bbox 934 5241 1189 5304; x_wconf 80' lang='grc' dir='ltr'>ποικίλως</span> <span class='ocrx_word' id='word_1_758' title='bbox 1238 5242 1596 5312; x_wconf 78' lang='grc' dir='ltr'>ἐπιλεγόμενα</span> <span class='ocrx_word' id='word_1_759' title='bbox 1632 5242 1709 5312; x_wconf 82' lang='grc' dir='ltr'>τῷ</span> <span class='ocrx_word' id='word_1_760' title='bbox 1741 5245 1927 5314; x_wconf 81' lang='grc' dir='ltr'>Κυρίῳ</span> 
     </span>
    </p>
   </div>
   <div class='ocr_carea' id='block_1_102' title="bbox 341 5332 1919 5407">
    <p class='ocr_par' dir='ltr' id='par_1_102' title="bbox 341 5332 1919 5407">
     <span class='ocr_line' id='line_1_102' title="bbox 341 5332 1919 5407; baseline 0.003 -24"><span class='ocrx_word' id='word_1_761' title='bbox 341 5334 458 5383; x_wconf 87' lang='grc' dir='ltr'>κατ’</span> <span class='ocrx_word' id='word_1_762' title='bbox 495 5332 735 5385; x_wconf 89' lang='grc' dir='ltr'>ἐπίνοιαν</span> <span class='ocrx_word' id='word_1_763' title='bbox 775 5332 1011 5401; x_wconf 84' lang='grc' dir='ltr'>λέγεται,</span> <span class='ocrx_word' id='word_1_764' title='bbox 1044 5334 1137 5386; x_wconf 69' lang='grc' dir='ltr'><strong>καὶ</strong></span> <span class='ocrx_word' id='word_1_765' title='bbox 1166 5334 1285 5402; x_wconf 73' lang='grc' dir='ltr'>οὐχὶ</span> <span class='ocrx_word' id='word_1_766' title='bbox 1316 5333 1411 5403; x_wconf 78' lang='grc' dir='ltr'><strong>τῆς</strong></span> <span class='ocrx_word' id='word_1_767' title='bbox 1460 5334 1673 5403; x_wconf 72' lang='grc' dir='ltr'>φύσεως</span> <span class='ocrx_word' id='word_1_768' title='bbox 1700 5335 1800 5407; x_wconf 83' lang='grc' dir='ltr'><strong>τὴν</strong></span> <span class='ocrx_word' id='word_1_769' title='bbox 1834 5336 1919 5388; x_wconf 79' lang='grc' dir='ltr'>ἐν·</span> 
     </span>
    </p>
   </div>
   <div class='ocr_carea' id='block_1_103' title="bbox 337 5422 1917 5496">
    <p class='ocr_par' dir='ltr' id='par_1_103' title="bbox 337 5422 1917 5496">
     <span class='ocr_line' id='line_1_103' title="bbox 337 5422 1917 5496; baseline 0.003 -21"><span class='ocrx_word' id='word_1_770' title='bbox 337 5422 503 5486; x_wconf 79' lang='grc' dir='ltr'>δειξιν</span> <span class='ocrx_word' id='word_1_771' title='bbox 536 5422 647 5492; x_wconf 77' lang='grc' dir='ltr'>ἔχει</span> <span class='ocrx_word' id='word_1_772' title='bbox 673 5440 686 5452; x_wconf 87' lang='grc'><strong>·</strong></span> <span class='ocrx_word' id='word_1_773' title='bbox 728 5425 757 5475; x_wconf 89' lang='lat'><strong>6</strong></span> <span class='ocrx_word' id='word_1_774' title='bbox 805 5424 1059 5494; x_wconf 83' lang='grc' dir='ltr'>τοιαύτην</span> <span class='ocrx_word' id='word_1_775' title='bbox 1097 5426 1317 5492; x_wconf 78' lang='grc' dir='ltr'>ἐπάγων</span> <span class='ocrx_word' id='word_1_776' title='bbox 1347 5426 1446 5496; x_wconf 81' lang='grc' dir='ltr'>τὴν</span> <span class='ocrx_word' id='word_1_777' title='bbox 1491 5425 1786 5491; x_wconf 84' lang='grc' dir='ltr'>ἀπόδειξιν,</span> <span class='ocrx_word' id='word_1_778' title='bbox 1823 5428 1917 5479; x_wconf 85' lang='grc' dir='ltr'>τοῦ</span> 
     </span>
    </p>
   </div>
   <div class='ocr_carea' id='block_1_104' title="bbox 342 5514 1917 5589">
    <p class='ocr_par' dir='ltr' id='par_1_104' title="bbox 342 5514 1917 5589">
     <span class='ocr_line' id='line_1_104' title="bbox 342 5514 1917 5589; baseline 0.003 -24"><span class='ocrx_word' id='word_1_779' title='bbox 342 5522 413 5583; x_wconf 78' lang='grc' dir='ltr'>μὴ</span> <span class='ocrx_word' id='word_1_780' title='bbox 450 5515 662 5585; x_wconf 75' lang='grc' dir='ltr'>ἐπινοίᾳ</span> <span class='ocrx_word' id='word_1_781' title='bbox 708 5514 1027 5586; x_wconf 82' lang='grc' dir='ltr'>θεωρεῖσθαι</span> <span class='ocrx_word' id='word_1_782' title='bbox 1073 5518 1171 5580; x_wconf 79' lang='grc' dir='ltr'>τὰς</span> <span class='ocrx_word' id='word_1_783' title='bbox 1222 5517 1612 5589; x_wconf 86' lang='grc' dir='ltr'>προσηγορίας,</span> <span class='ocrx_word' id='word_1_784' title='bbox 1661 5518 1740 5588; x_wconf 85' lang='grc' dir='ltr'>τῷ</span> <span class='ocrx_word' id='word_1_785' title='bbox 1787 5519 1917 5588; x_wconf 85' lang='grc' dir='ltr'>παρ’</span> 
     </span>
    </p>
   </div>
   <div class='ocr_carea' id='block_1_105' title="bbox 337 5605 1917 5682">
    <p class='ocr_par' dir='ltr' id='par_1_105' title="bbox 337 5605 1917 5682">
     <span class='ocr_line' id='line_1_105' title="bbox 337 5605 1917 5682; baseline 0.004 -23"><span class='ocrx_word' id='word_1_786' title='bbox 337 5605 501 5660; x_wconf 68' lang='grc' dir='ltr'>αὑτοῦ</span> <span class='ocrx_word' id='word_1_787' title='bbox 546 5606 639 5659; x_wconf 79' lang='grc' dir='ltr'>τοῦ</span> <span class='ocrx_word' id='word_1_788' title='bbox 675 5608 878 5678; x_wconf 87' lang='grc' dir='ltr'>Κυρίου</span> <span class='ocrx_word' id='word_1_789' title='bbox 924 5608 1174 5678; x_wconf 86' lang='grc' dir='ltr'>λέγεσθαι</span> <span class='ocrx_word' id='word_1_790' title='bbox 1218 5608 1439 5675; x_wconf 86' lang='grc' dir='ltr'>ταύτας,</span> <span class='ocrx_word' id='word_1_791' title='bbox 1476 5608 1590 5674; x_wconf 85' lang='grc' dir='ltr'><strong>πῶς</strong></span> <span class='ocrx_word' id='word_1_792' title='bbox 1629 5612 1767 5682; x_wconf 82' lang='grc' dir='ltr'>μετὰ</span> <span class='ocrx_word' id='word_1_793' title='bbox 1811 5613 1917 5666; x_wconf 82' lang='grc' dir='ltr'><strong>τῶν</strong></span> 
     </span>
    </p>
   </div>
   <div class='ocr_carea' id='block_1_106' title="bbox 414 5784 1306 5858">
    <p class='ocr_par' dir='ltr' id='par_1_106' title="bbox 414 5784 1306 5858">
     <span class='ocr_line' id='line_1_106' title="bbox 414 5784 1306 5858; baseline 0.004 -19"><span class='ocrx_word' id='word_1_794' title='bbox 414 5787 463 5823; x_wconf 72' lang='grc'><strong>⁵⁸</strong></span> <span class='ocrx_word' id='word_1_795' title='bbox 505 5784 642 5841; x_wconf 81' lang='lat' dir='ltr'><strong>Ceu.</strong></span> <span class='ocrx_word' id='word_1_796' title='bbox 682 5801 841 5854; x_wconf 80' lang='lat' dir='ltr'><strong>xvm,</strong></span> <span class='ocrx_word' id='word_1_797' title='bbox 879 5789 1076 5858; x_wconf 68' lang='lat'><strong>12—1-3;</strong></span> <span class='ocrx_word' id='word_1_798' title='bbox 1109 5805 1223 5856; x_wconf 74' lang='lat' dir='ltr'><strong>ut,</strong></span> <span class='ocrx_word' id='word_1_799' title='bbox 1250 5790 1306 5843; x_wconf 70' lang='grc'><strong>2.</strong></span> 
     </span>
    </p>
   </div>
   <div class='ocr_carea' id='block_1_107' title="bbox 2028 4598 3605 4677">
    <p class='ocr_par' dir='ltr' id='par_1_107' title="bbox 2028 4598 3605 4677">
     <span class='ocr_line' id='line_1_107' title="bbox 2028 4598 3605 4677; baseline 0.008 -28"><span class='ocrx_word' id='word_1_800' title='bbox 2028 4613 2223 4652; x_wconf 88' lang='lat' dir='ltr'><strong>versus</strong></span> <span class='ocrx_word' id='word_1_801' title='bbox 2250 4598 2426 4667; x_wconf 90' lang='lat' dir='ltr'><strong>posita</strong></span> <span class='ocrx_word' id='word_1_802' title='bbox 2460 4615 2694 4669; x_wconf 84' lang='lat' dir='ltr'><strong>pugnam</strong></span> <span class='ocrx_word' id='word_1_803' title='bbox 2727 4601 3041 4655; x_wconf 87' lang='lat' dir='ltr'><strong>committit.</strong></span> <span class='ocrx_word' id='word_1_804' title='bbox 3078 4602 3183 4657; x_wconf 87' lang='lat' dir='ltr'><strong>Sed</strong></span> <span class='ocrx_word' id='word_1_805' title='bbox 3216 4604 3395 4673; x_wconf 86' lang='lat' dir='ltr'><strong>inquit</strong></span> <span class='ocrx_word' id='word_1_806' title='bbox 3427 4607 3605 4677; x_wconf 90' lang='lat' dir='ltr'><strong>ipsum</strong></span> 
     </span>
    </p>
   </div>
   <div class='ocr_carea' id='block_1_108' title="bbox 2025 4690 3606 4767">
    <p class='ocr_par' dir='ltr' id='par_1_108' title="bbox 2025 4690 3606 4767">
     <span class='ocr_line' id='line_1_108' title="bbox 2025 4690 3606 4767; baseline 0.007 -24"><span class='ocrx_word' id='word_1_807' title='bbox 2025 4705 2055 4743; x_wconf 90' lang='lat' dir='ltr'><strong>a</strong></span> <span class='ocrx_word' id='word_1_808' title='bbox 2092 4690 2281 4759; x_wconf 88' lang='lat' dir='ltr'><strong>seipso</strong></span> <span class='ocrx_word' id='word_1_809' title='bbox 2314 4691 2399 4744; x_wconf 86' lang='lat' dir='ltr'><strong>his</strong></span> <span class='ocrx_word' id='word_1_810' title='bbox 2434 4692 2750 4746; x_wconf 88' lang='lat' dir='ltr'><strong>nominibus</strong></span> <span class='ocrx_word' id='word_1_811' title='bbox 2783 4694 3068 4762; x_wconf 87' lang='lat' dir='ltr'><strong>appellari,</strong></span> <span class='ocrx_word' id='word_1_812' title='bbox 3098 4695 3277 4751; x_wconf 89' lang='lat' dir='ltr'><strong>simile</strong></span> <span class='ocrx_word' id='word_1_813' title='bbox 3310 4713 3375 4761; x_wconf 86' lang='lat' dir='ltr'><strong>ac</strong></span> <span class='ocrx_word' id='word_1_814' title='bbox 3399 4699 3443 4752; x_wconf 91' lang='lat' dir='ltr'><strong>si</strong></span> <span class='ocrx_word' id='word_1_815' title='bbox 3481 4700 3606 4767; x_wconf 84' lang='lat' dir='ltr'><strong>quis</strong></span> 
     </span>
    </p>
   </div>
   <div class='ocr_carea' id='block_1_109' title="bbox 2025 4780 3604 4856">
    <p class='ocr_par' dir='ltr' id='par_1_109' title="bbox 2025 4780 3604 4856">
     <span class='ocr_line' id='line_1_109' title="bbox 2025 4780 3604 4856; baseline 0.005 -22"><span class='ocrx_word' id='word_1_816' title='bbox 2025 4782 2261 4835; x_wconf 88' lang='lat' dir='ltr'><strong>nominis</strong></span> <span class='ocrx_word' id='word_1_817' title='bbox 2312 4780 2463 4836; x_wconf 87' lang='lat' dir='ltr'><strong>Isaac</strong></span> <span class='ocrx_word' id='word_1_818' title='bbox 2516 4783 3025 4853; x_wconf 87' lang='lat' dir='ltr'><strong>interpretationem</strong></span> <span class='ocrx_word' id='word_1_819' title='bbox 3082 4802 3371 4856; x_wconf 72' lang='lat' dir='ltr'><strong>qumrens,</strong></span> <span class='ocrx_word' id='word_1_820' title='bbox 3420 4797 3604 4842; x_wconf 89' lang='lat' dir='ltr'><strong>utrum</strong></span> 
     </span>
    </p>
   </div>
   <div class='ocr_carea' id='block_1_110' title="bbox 2024 4874 3603 4949">
    <p class='ocr_par' dir='ltr' id='par_1_110' title="bbox 2024 4874 3603 4949">
     <span class='ocr_line' id='line_1_110' title="bbox 2024 4874 3603 4949; baseline 0.003 -22"><span class='ocrx_word' id='word_1_821' title='bbox 2024 4874 2264 4940; x_wconf 77' lang='lat' dir='ltr'><strong>risus&quot;,</strong></span> <span class='ocrx_word' id='word_1_822' title='bbox 2300 4883 2356 4928; x_wconf 92' lang='lat' dir='ltr'><strong>ut</strong></span> <span class='ocrx_word' id='word_1_823' title='bbox 2386 4876 2541 4928; x_wconf 91' lang='lat' dir='ltr'><strong>aiunt</strong></span> <span class='ocrx_word' id='word_1_824' title='bbox 2565 4876 2813 4944; x_wconf 90' lang='lat' dir='ltr'><strong>quidam,</strong></span> <span class='ocrx_word' id='word_1_825' title='bbox 2846 4877 3161 4946; x_wconf 79' lang='lat' dir='ltr'><strong>exponitur,</strong></span> <span class='ocrx_word' id='word_1_826' title='bbox 3195 4894 3263 4932; x_wconf 92' lang='lat' dir='ltr'><strong>an</strong></span> <span class='ocrx_word' id='word_1_827' title='bbox 3300 4880 3447 4932; x_wconf 90' lang='lat' dir='ltr'><strong>aliud</strong></span> <span class='ocrx_word' id='word_1_828' title='bbox 3473 4880 3603 4949; x_wconf 87' lang='lat' dir='ltr'><strong>quid</strong></span> 
     </span>
    </p>
   </div>
   <div class='ocr_carea' id='block_1_111' title="bbox 2026 4968 3604 5041">
    <p class='ocr_par' dir='ltr' id='par_1_111' title="bbox 2026 4968 3604 5041">
     <span class='ocr_line' id='line_1_111' title="bbox 2026 4968 3604 5041; baseline 0.003 -20"><span class='ocrx_word' id='word_1_829' title='bbox 2026 4968 2299 5037; x_wconf 77' lang='lat' dir='ltr'><strong>significat</strong></span> <span class='ocrx_word' id='word_1_830' title='bbox 2335 4969 2439 5022; x_wconf 87' lang='lat' dir='ltr'><strong>hoc</strong></span> <span class='ocrx_word' id='word_1_831' title='bbox 2500 4984 2729 5033; x_wconf 83' lang='lat' dir='ltr'><strong>nomen;</strong></span> <span class='ocrx_word' id='word_1_832' title='bbox 2790 4969 2988 5038; x_wconf 82' lang='lat' dir='ltr'><strong>aliquis</strong></span> <span class='ocrx_word' id='word_1_833' title='bbox 3042 4979 3223 5023; x_wconf 87' lang='lat' dir='ltr'><strong>autem</strong></span> <span class='ocrx_word' id='word_1_834' title='bbox 3274 4987 3462 5025; x_wconf 91' lang='lat' dir='ltr'><strong>corum</strong></span> <span class='ocrx_word' id='word_1_835' title='bbox 3513 4972 3604 5041; x_wconf 87' lang='lat' dir='ltr'><strong>qui</strong></span> 
     </span>
    </p>
   </div>
   <div class='ocr_carea' id='block_1_112' title="bbox 2026 5058 3605 5131">
    <p class='ocr_par' dir='ltr' id='par_1_112' title="bbox 2026 5058 3605 5131">
     <span class='ocr_line' id='line_1_112' title="bbox 2026 5058 3605 5131; baseline 0.003 -18"><span class='ocrx_word' id='word_1_836' title='bbox 2026 5069 2177 5114; x_wconf 89' lang='lat' dir='ltr'><strong>stant</strong></span> <span class='ocrx_word' id='word_1_837' title='bbox 2220 5076 2248 5113; x_wconf 89' lang='lat' dir='ltr'><strong>a</strong></span> <span class='ocrx_word' id='word_1_838' title='bbox 2307 5068 2463 5128; x_wconf 89' lang='lat' dir='ltr'><strong>parte</strong></span> <span class='ocrx_word' id='word_1_839' title='bbox 2515 5058 2796 5120; x_wconf 85' lang='lat' dir='ltr'><strong>Eunomii,</strong></span> <span class='ocrx_word' id='word_1_840' title='bbox 2858 5061 3128 5115; x_wconf 87' lang='lat' dir='ltr'><strong>instanter</strong></span> <span class='ocrx_word' id='word_1_841' title='bbox 3175 5064 3529 5131; x_wconf 77' lang='lat' dir='ltr'><strong>responderet</strong></span> <span class='ocrx_word' id='word_1_842' title='bbox 3574 5078 3605 5117; x_wconf 90' lang='lat' dir='ltr'><strong>a</strong></span> 
     </span>
    </p>
   </div>
   <div class='ocr_carea' id='block_1_113' title="bbox 2025 5153 3607 5221">
    <p class='ocr_par' dir='ltr' id='par_1_113' title="bbox 2025 5153 3607 5221">
     <span class='ocr_line' id='line_1_113' title="bbox 2025 5153 3607 5221; baseline 0.002 -16"><span class='ocrx_word' id='word_1_843' title='bbox 2025 5159 2201 5205; x_wconf 89' lang='lat' dir='ltr'><strong>matre</strong></span> <span class='ocrx_word' id='word_1_844' title='bbox 2233 5168 2403 5220; x_wconf 91' lang='lat' dir='ltr'><strong>puero</strong></span> <span class='ocrx_word' id='word_1_845' title='bbox 2436 5153 2754 5221; x_wconf 85' lang='lat' dir='ltr'><strong>impositum</strong></span> <span class='ocrx_word' id='word_1_846' title='bbox 2802 5168 2926 5208; x_wconf 86' lang='lat' dir='ltr'><strong>esse</strong></span> <span class='ocrx_word' id='word_1_847' title='bbox 2958 5154 3060 5207; x_wconf 83' lang='lat' dir='ltr'><strong>lioc</strong></span> <span class='ocrx_word' id='word_1_848' title='bbox 3102 5168 3301 5208; x_wconf 88' lang='lat' dir='ltr'><strong>nomen</strong></span> <span class='ocrx_word' id='word_1_849' title='bbox 3328 5172 3343 5221; x_wconf 88' lang='lat'><strong>;</strong></span> <span class='ocrx_word' id='word_1_850' title='bbox 3375 5154 3469 5208; x_wconf 94' lang='lat' dir='ltr'><strong>sed</strong></span> <span class='ocrx_word' id='word_1_851' title='bbox 3502 5156 3607 5209; x_wconf 93' lang='lat' dir='ltr'><strong>ali-</strong></span> 
     </span>
    </p>
   </div>
   <div class='ocr_carea' id='block_1_114' title="bbox 2025 5245 3605 5316">
    <p class='ocr_par' dir='ltr' id='par_1_114' title="bbox 2025 5245 3605 5316">
     <span class='ocr_line' id='line_1_114' title="bbox 2025 5245 3605 5316; baseline 0.001 -18"><span class='ocrx_word' id='word_1_852' title='bbox 2025 5246 2151 5313; x_wconf 89' lang='lat' dir='ltr'><strong>quis</strong></span> <span class='ocrx_word' id='word_1_853' title='bbox 2182 5245 2403 5309; x_wconf 76' lang='lat' dir='ltr'><strong>dixerit,</strong></span> <span class='ocrx_word' id='word_1_854' title='bbox 2438 5261 2546 5298; x_wconf 93' lang='lat' dir='ltr'><strong>non</strong></span> <span class='ocrx_word' id='word_1_855' title='bbox 2582 5246 2685 5299; x_wconf 87' lang='lat' dir='ltr'><strong>hoc</strong></span> <span class='ocrx_word' id='word_1_856' title='bbox 2712 5252 2831 5299; x_wconf 88' lang='lat' dir='ltr'><strong>erat</strong></span> <span class='ocrx_word' id='word_1_857' title='bbox 2855 5246 3001 5314; x_wconf 88' lang='lat' dir='ltr'><strong>qttod</strong></span> <span class='ocrx_word' id='word_1_858' title='bbox 3036 5245 3407 5314; x_wconf 72' lang='lat' dir='ltr'><strong>qumrebatur,</strong></span> <span class='ocrx_word' id='word_1_859' title='bbox 3438 5262 3465 5298; x_wconf 88' lang='lat' dir='ltr'><strong>a</strong></span> <span class='ocrx_word' id='word_1_860' title='bbox 3495 5264 3605 5316; x_wconf 90' lang='lat' dir='ltr'><strong>quo</strong></span> 
     </span>
    </p>
   </div>
   <div class='ocr_carea' id='block_1_115' title="bbox 2030 5335 3603 5404">
    <p class='ocr_par' dir='ltr' id='par_1_115' title="bbox 2030 5335 3603 5404">
     <span class='ocr_line' id='line_1_115' title="bbox 2030 5335 3603 5404; baseline 0 -15"><span class='ocrx_word' id='word_1_861' title='bbox 2030 5336 2143 5389; x_wconf 81' lang='lat' dir='ltr'><strong>haec</strong></span> <span class='ocrx_word' id='word_1_862' title='bbox 2197 5335 2501 5389; x_wconf 87' lang='lat' dir='ltr'><strong>nominatio</strong></span> <span class='ocrx_word' id='word_1_863' title='bbox 2540 5335 2744 5389; x_wconf 88' lang='lat' dir='ltr'><strong>tributa</strong></span> <span class='ocrx_word' id='word_1_864' title='bbox 2795 5344 2899 5393; x_wconf 88' lang='lat' dir='ltr'><strong>est.</strong></span> <span class='ocrx_word' id='word_1_865' title='bbox 2934 5335 3027 5389; x_wconf 89' lang='lat' dir='ltr'><strong>sed</strong></span> <span class='ocrx_word' id='word_1_866' title='bbox 3081 5336 3211 5404; x_wconf 87' lang='lat' dir='ltr'><strong>quid</strong></span> <span class='ocrx_word' id='word_1_867' title='bbox 3243 5335 3513 5404; x_wconf 76' lang='lat' dir='ltr'><strong>significet</strong></span> <span class='ocrx_word' id='word_1_868' title='bbox 3552 5339 3603 5389; x_wconf 89' lang='lat' dir='ltr'><strong>in</strong></span> 
     </span>
    </p>
   </div>
   <div class='ocr_carea' id='block_1_116' title="bbox 2027 5426 3607 5498">
    <p class='ocr_par' dir='ltr' id='par_1_116' title="bbox 2027 5426 3607 5498">
     <span class='ocr_line' id='line_1_116' title="bbox 2027 5426 3607 5498; baseline 0.001 -18"><span class='ocrx_word' id='word_1_869' title='bbox 2027 5436 2275 5481; x_wconf 85' lang='lat' dir='ltr'><strong>nostram</strong></span> <span class='ocrx_word' id='word_1_870' title='bbox 2311 5428 2549 5498; x_wconf 82' lang='lat' dir='ltr'><strong>linguam</strong></span> <span class='ocrx_word' id='word_1_871' title='bbox 2582 5426 2831 5480; x_wconf 85' lang='lat' dir='ltr'><strong>traducta</strong></span> <span class='ocrx_word' id='word_1_872' title='bbox 2886 5427 3127 5481; x_wconf 89' lang='lat' dir='ltr'><strong>nominis</strong></span> <span class='ocrx_word' id='word_1_873' title='bbox 3164 5427 3383 5479; x_wconf 91' lang='lat' dir='ltr'><strong>notitia.</strong></span> <span class='ocrx_word' id='word_1_874' title='bbox 3428 5427 3607 5496; x_wconf 82' lang='lat' dir='ltr'><strong>Atque</strong></span> 
     </span>
    </p>
   </div>
   <div class='ocr_carea' id='block_1_117' title="bbox 2026 5520 3605 5589">
    <p class='ocr_par' dir='ltr' id='par_1_117' title="bbox 2026 5520 3605 5589">
     <span class='ocr_line' id='line_1_117' title="bbox 2026 5520 3605 5589; baseline 0 -16"><span class='ocrx_word' id='word_1_875' title='bbox 2026 5521 2115 5574; x_wconf 87' lang='lat' dir='ltr'><strong>bic</strong></span> <span class='ocrx_word' id='word_1_876' title='bbox 2162 5520 2327 5589; x_wconf 83' lang='lat' dir='ltr'><strong>igitur</strong></span> <span class='ocrx_word' id='word_1_877' title='bbox 2356 5536 2480 5573; x_wconf 87' lang='lat' dir='ltr'><strong>cum</strong></span> <span class='ocrx_word' id='word_1_878' title='bbox 2528 5520 2761 5588; x_wconf 70' lang='lat' dir='ltr'><strong>qumstio</strong></span> <span class='ocrx_word' id='word_1_879' title='bbox 2811 5520 3097 5585; x_wconf 86' lang='lat' dir='ltr'><strong>consistat,</strong></span> <span class='ocrx_word' id='word_1_880' title='bbox 3147 5528 3329 5572; x_wconf 88' lang='lat' dir='ltr'><strong>utrttm</strong></span> <span class='ocrx_word' id='word_1_881' title='bbox 3380 5534 3503 5588; x_wconf 71' lang='lat' dir='ltr'><strong>qua:</strong></span> <span class='ocrx_word' id='word_1_882' title='bbox 3552 5522 3605 5574; x_wconf 91' lang='lat' dir='ltr'><strong>in</strong></span> 
     </span>
    </p>
   </div>
   <div class='ocr_carea' id='block_1_118' title="bbox 2027 5609 3607 5681">
    <p class='ocr_par' dir='ltr' id='par_1_118' title="bbox 2027 5609 3607 5681">
     <span class='ocr_line' id='line_1_118' title="bbox 2027 5609 3607 5681; baseline -0.002 -15"><span class='ocrx_word' id='word_1_883' title='bbox 2027 5611 2259 5668; x_wconf 87' lang='lat' dir='ltr'><strong>Domino</strong></span> <span class='ocrx_word' id='word_1_884' title='bbox 2303 5611 2453 5666; x_wconf 88' lang='lat' dir='ltr'><strong>varie</strong></span> <span class='ocrx_word' id='word_1_885' title='bbox 2497 5611 2775 5677; x_wconf 88' lang='lat' dir='ltr'><strong>dicuntur,</strong></span> <span class='ocrx_word' id='word_1_886' title='bbox 2814 5626 2910 5681; x_wconf 88' lang='lat' dir='ltr'><strong>per</strong></span> <span class='ocrx_word' id='word_1_887' title='bbox 2952 5609 3472 5665; x_wconf 84' lang='lat' dir='ltr'><strong>commentationem</strong></span> <span class='ocrx_word' id='word_1_888' title='bbox 3517 5611 3607 5663; x_wconf 85' lang='lat' dir='ltr'><strong>di-</strong></span> 
     </span>
    </p>
   </div>
  </div>
