4146 6386
511 317 640 371 1051

1714 315 1773 371 S.
1808 312 2136 370 GREGORH
2175 312 2471 369 NYSSENI

3633 319 3773 374 ωδε

509 434 734 485 cuntur,
776 438 876 477 nec
923 430 1132 476 natura:
1168 422 1553 477 iudicationem
1587 424 1788 479 habent
1820 443 1830 476 :
1862 426 1955 495 qui
2003 433 2084 477 ta-

2192 424 2610 496 σωφρονούντων
2662 426 3115 499 ἀριθμηθήσεται,
3171 428 3201 481 ό
3267 431 3359 484 καὶ
3412 430 3663 503 πολεμῶν
3707 434 3774 503 τῇ

511 520 615 571 lem
649 516 1172 570 demonstrationem
1214 513 1448 575 inducit,
1477 517 1621 583 quod
1660 532 1766 570 non
1799 532 1895 587 per
1928 532 2085 571 com-

509 610 904 665 mentationem
942 615 1262 676 spectentur
1298 609 1714 677 appellationes,
1747 611 1873 680 quia
1907 611 1991 665 hee
2018 610 2087 665 ab

508 705 626 771 ipso
659 701 889 754 Domino
913 699 1188 765 dicantur,
1221 700 1499 769 quomodo
1537 703 1679 757 inter
1712 703 1931 758 sobrios
1966 718 2093 757 cen-

509 798 741 861 si-bitur,
791 795 885 865 qui
924 795 1139 849 veritati
1188 794 1392 849 bellum
1440 797 1624 863 infert,
1667 807 1721 852 et
1773 798 1972 852 talibus
2016 797 2086 851 ad

508 890 588 943 dit
616 904 740 943 eum
768 890 859 958 qui
894 888 1037 942 bello
1068 888 1402 942 lacessitur?

580 980 783 1036 Deinde
818 981 1172 1051 progrediens
1209 990 1268 1033 ut
1298 980 1411 1050 jam
1445 981 1511 1035 ad
1551 996 1777 1049 scepum
1804 981 1906 1051 ipsi
1955 997 2087 1035 con-

503 1074 663 1130 clusa
712 1073 985 1135 oratione,
1031 1073 1136 1125 alia
1183 1080 1375 1126 contra
1435 1086 1536 1126 nos
1585 1072 1746 1127 dictis
1803 1073 2086 1126 acerbiora

506 1166 752 1227 molitur,
808 1173 867 1217 ut
926 1164 1125 1231 inquit.
1174 1165 1426 1227 crimina,
1473 1172 1527 1218 et
1569 1165 1795 1217 multum
1838 1150 2088 1218 ﬂebiliter

507 1257 864 1318 lamentatus,
900 1262 953 1309 et
984 1255 1261 1324 praemissa
1296 1257 1545 1310 oralioue
1583 1272 1685 1323 qua
1735 1271 1835 1310 nos
1872 1255 2085 1308 calum-

506 1349 712 1412 niatur,
759 1356 923 1415 atque
954 1346 1261 1399 auditorem
1301 1348 1372 1401 ob
1413 1347 1644 1400 dicenda
1685 1346 1926 1400 eiilictim
1959 1361 2088 1399 exa—

505 1439 715 1500 cerbat,
753 1437 806 1490 in
836 1438 1039 1506 quibus
1077 1438 1325 1505 quaedam
1362 1439 1537 1506 magis
1568 1437 1733 1506 impia
1762 1438 2091 1489 criminatur

504 1552 532 1588 a
564 1532 723 1587 nobis
760 1529 933 1583 astrui
968 1547 980 1580 ι
1014 1529 1158 1597 quod
1198 1544 1307 1582 nou
1356 1530 1533 1582 solum
1564 1544 1666 1582 nos
1707 1529 2030 1582 distributas
2060 1544 2091 1581 a

504 1627 618 1682 Deo
650 1628 817 1682 rebus
866 1621 1260 1693 appellationes
1299 1620 1857 1675 coimuentaliouibus
1884 1620 2091 1675 nostris

504 1719 848 1788 adaptemus,
895 1732 1019 1769 cum
1069 1729 1169 1768 uec
1210 1714 1439 1767 dixisset
1477 1727 1728 1782 quaenam
1771 1711 2090 1781 appellatio-

2192 518 2438 591 ἀληθείᾳ.
2462 520 2558 574 καὶ
2591 521 2864 584 τοιαύταις
2894 522 3029 592 πρὸς
3059 523 3151 576 τὸν
3175 522 3408 594 πόλεμον
3438 526 3776 595 συμμαχίαις

2193 609 2495 682 χρώμενος,
2515 610 2581 663 δι’
2606 604 2681 666 ὧν
2703 610 3046 683 ἰσχυρότερον
3070 613 3362 683 ἀποφαίνει
3386 614 3478 667 τὸν
3509 614 3777 685 πολεμού-

2200 718 2363 772 μενον
2387 719 2403 768 ;

2134 796 2338 852 bellum
2363 798 2585 853 auxiliis
2616 797 2809 863 utitur,
2838 799 3039 869 quibus
3071 799 3354 856 fortiorem
3413 816 3536 856 esse
3593 808 3778 853 osten-

2255 975 2391 1034 Εἶτα
2429 980 2634 1051 προῖὼν
2674 981 2750 1047 ὡς
2781 982 2844 1053 δὴ
2893 999 3033 1035 κατα
3072 981 3272 1036 σκοπὸν
3313 980 3462 1052 αὑτῷ
3498 999 3778 1053 συμπερα-

2188 1070 2405 1136 σθὲντος
2442 1073 2537 1127 τοῦ
2570 1074 2751 1144 λόγου,
2802 1074 2966 1142 ἕτερα
3002 1073 3409 1144 προχειρίςεται
3454 1074 3574 1127 καθ’
3619 1074 3778 1145 ἡμῶν

2185 1163 2539 1235 χαλεπώτερα
2568 1166 2675 1217 τῶν
2698 1165 3023 1235 εἰρημένων,
3047 1164 3123 1228 ῶς
3156 1182 3310 1235 φησι,
3339 1165 3407 1218 τὰ
3436 1165 3775 1236 ἐγκλήματα,

2186 1258 2281 1311 καὶ
2327 1257 2497 1311 πολλὰ
2526 1258 2959 1329 προσχετλιάσας
2992 1258 3086 1311 καὶ
3136 1256 3512 1328 προδιαϐαλὼν
3552 1258 3644 1311 τὸν
3690 1259 3777 1310 λό-

2185 1367 2303 1418 γον,
2350 1351 2445 1404 καὶ
2498 1351 2741 1421 σφοδρῶς
2780 1350 2870 1404 τὸν
2919 1351 3194 1421 ἀκροατὴν
3246 1350 3337 1403 ἐπὶ
3370 1353 3483 1414 τοῖς
3524 1350 3779 1421 μέλλουσι

2188 1444 2521 1516 ῥηθήσεσθαι
2574 1445 2902 1515 παροξύνας,
2961 1447 3019 1498 ἐν
3078 1438 3159 1507 οἷς
3217 1442 3615 1514 δυσσεϐέστερά
3655 1462 3779 1499 τινα

2188 1538 2319 1608 παρ’
2352 1536 2507 1607 ἡμῶν
2541 1539 2779 1591 αἰτιᾶται
2830 1535 3355 1599 κατασκευάζεσθαι.
3387 1536 3461 1601 ὼς
3507 1536 3582 1608 μὴ
3617 1537 3781 1608 μόνον

2186 1629 2286 1691 τὰς
2337 1629 2822 1699 ἀποκληρωθείσας
2868 1629 3020 1700 ποιρά
3078 1628 3173 1681 τοῦ
3221 1626 3356 1681 Θεοῦ
3408 1630 3780 1701 προσηγορίας

2188 1722 2308 1783 ταῖς
2340 1720 2607 1784 ἐπινοίαις
2638 1720 2795 1791 ἡμῶν
2832 1721 3274 1792 προσαπτόντων,
3318 1721 3416 1774 οὐκ
3458 1719 3648 1786 εἰπὼν,
3693 1722 3781 1783 τίς

503 1828 633 1865 num
668 1809 1007 1867 distributio,
1044 1818 1095 1860 et
1128 1806 1350 1875 quando
1392 1814 1447 1859 et
1475 1806 1751 1874 quomodo
1788 1805 1950 1864 facta,
1984 1805 2079 1861 sed

2189 1813 2222 1883 ἡ
2278 1812 2386 1865 τῶν
2439 1812 2822 1883 προσηγοριῶν
2882 1813 3284 1883 ἀποκλήρωσις,
3344 1812 3439 1866 καὶ
3504 1813 3633 1864 πότε
3682 1813 3781 1877 καὶ

503 1904 666 1957 etiam
699 1901 843 1970 quod
879 1901 1061 1952 omnia
1096 1897 1522 1957 confundaiiius,
1560 1906 1612 1951 et
1661 1898 1725 1951 ad
1765 1897 1906 1950 idem
1957 1895 2085 1951 Uni-

503 1995 671 2064 geniti
720 2003 774 2047 et
811 1991 1108 2046 essentiam
1154 2001 1208 2044 et
1245 1993 1620 2059 operationem
1672 1991 2081 2058 pertrahamns.

502 2089 637 2138 Cum
681 2085 838 2143 nihil.
875 2084 1121 2153 inquam,
1160 2083 1227 2137 de
1267 2084 1371 2135 hoc
1419 2082 1537 2151 ipso
1565 2080 1938 2143 disseruisset,
1984 2095 2081 2133 ue-

502 2197 609 2247 que
660 2177 1101 2231 demonstrasset
1158 2173 1434 2244 quomodo
1481 2189 1510 2226 a
1562 2173 1724 2227 nobis
1768 2171 1910 2226 idem
1959 2186 2083 2226 esse

503 2285 628 2323 cum
656 2269 893 2323 ess-ntia
924 2268 1172 2337 operatio
1201 2265 1567 2336 prastruitur,
1602 2264 1817 2318 tandem
1847 2262 2083 2332 subjun-

502 2363 581 2429 git
632 2363 797 2416 istum
857 2361 1218 2430 colophonem
1276 2359 1596 2423 criminum,
1644 2361 1725 2411 sic
1775 2357 1959 2412 verbis
2000 2354 2087 2408 di-

502 2464 676 2507 cens:
737 2450 893 2518 Jam,
949 2449 1161 2522 inquit,
1216 2449 1479 2502 transiens
1526 2447 1590 2501 ab
1642 2445 1758 2508 his.
1805 2454 1854 2500 et
1914 2445 2083 2499 Deum

501 2544 592 2611 qui
633 2551 709 2597 est
759 2543 815 2594 in
862 2541 1126 2601 omnibus,
1180 2540 1430 2592 extremis
1482 2537 1839 2604 blasphemiis,
1875 2537 1928 2589 id
1979 2546 2079 2598 est,

502 2634 678 2700 impiis
709 2641 758 2686 et
802 2631 1073 2685 sceleratis
1144 2630 1416 2692 conviciis,
1452 2627 1833 2691 circumducit;
1873 2636 1926 2681 et
1966 2642 2081 2681 ser-

504 2723 760 2777 monibus
798 2735 1080 2775 sermones
1115 2719 1285 2772 nostri
1331 2718 1548 2787 abrupti
1583 2716 1788 2770 fuerint
1828 2725 1881 2769 et
1912 2717 2081 2770 inter-

502 2817 627 2881 cisi,
660 2824 715 2870 et
749 2813 1012 2885 quosdam
1041 2810 1273 2864 deﬁcere
1309 2809 1517 2862 faciunt
1557 2822 1588 2860 a
1620 2807 1776 2861 nobis
1806 2808 2079 2876 proposita

501 2907 911 2977 exempla,,ncu
946 2903 1172 2957 oumino
1196 2910 1304 2955 tam
1332 2900 1592 2954 didicisse
1620 2898 1893 2968 indigens,
1917 2912 2081 2967 quam

503 3002 885 3054 demonstrare
935 2996 1228 3050 verborum
1282 2992 1568 3046 colluvicm
1617 2999 1671 3046 et
1722 2991 2083 3058 vaniloquen-

505 3094 634 3147 tiam
672 3089 836 3160 hujus
869 3087 1179 3157 scriptoris,
1212 3084 1414 3154 quibus
1457 3083 1737 3137 blaterans
1778 3091 1831 3135 et
1863 3082 2077 3133 obstre-

501 3200 639 3253 pcns
679 3198 801 3252 qua:
848 3182 990 3234 inter
1043 3180 1192 3232 viros
1228 3176 1417 3240 anilia,
1473 3184 1527 3229 et
1574 3175 1892 3229 vocularum
1926 3173 2076 3242 gravi

503 3292 641 3332 sono
690 3277 744 3329 in
800 3274 1025 3328 auribus
1074 3271 1189 3323 luce
1232 3270 1622 3323 detuirautium
1668 3267 1851 3322 fucum
1904 3266 2083 3320 facere

501 3370 631 3423 dum
666 3365 869 3426 studet,
901 3370 1093 3417 contra
1128 3361 1368 3430 seipsum
1415 3361 1658 3428 cippum,
1707 3358 1758 3413 id
1789 3366 1893 3417 est,
1928 3356 2083 3409 infa—

503 3462 854 3521 mire'uotam,
882 3470 1189 3525 proponere
1217 3453 1361 3522 apud
1398 3453 1644 3507 eruditos
1673 3458 1728 3506 et
1767 3465 2079 3505 sermonem

502 3551 766 3604 callentes
796 3562 904 3600 non
945 3544 1221 3614 intelligit.
1274 3542 1377 3596 Sed
1425 3542 1529 3600 hoe
1558 3542 1695 3596 nihil
1731 3541 1799 3594 ad
1831 3551 2079 3605 nostrum

504 3640 840 3693 institutum.
895 3636 1117 3691 Utinam
1162 3633 1382 3703 quidem
1443 3633 1730 3701 hucusque
1785 3629 2084 3701 progrede-

509 3740 699 3784 rentur
743 3743 863 3798 quae
907 3733 1035 3781 sunt
1083 3733 1276 3779 contra
1322 3724 1499 3793 ipsum
1554 3721 1806 3784 crimina,
1845 3729 1900 3775 et
1947 3719 2081 3773 nihil

503 3823 651 3875 circa
682 3820 839 3873 [idem
869 3832 1060 3872 errans
1092 3817 1145 3870 in
1181 3817 1297 3870 sola
1331 3813 1601 3870 sermonis
1630 3812 1937 3882 prolatione
1957 3826 2083 3879 pec-

503 3928 633 3966 care
668 3912 990 3981 putareturl
1025 3910 1100 3963 lla
1132 3925 1232 3979 pro
1272 3907 1448 3961 nihilo
1482 3905 1795 3960 ducendum
1828 3912 1974 3958 esset
2014 3903 2081 3955 ad

503 4003 719 4058 laudem
754 4002 837 4056 vel
866 4002 1195 4056 calumniam
1240 3999 1321 4054 sic
1358 3999 1445 4053 vel
1479 3998 1638 4051 aliter
1663 3995 1955 4050 dictionem
1986 3996 2083 4049 ha-

504 4095 653 4149 bere.
705 4092 1035 4148 Consecutio
1093 4094 1261 4162 igitur
1310 4101 1367 4144 et
1420 4090 1592 4145 series
1633 4105 1822 4143 eorum
1854 4104 1977 4159 (inte
2016 4090 2083 4143 ab

505 4185 626 4253 ipso
655 4191 848 4236 contra
885 4199 986 4237 nos
1021 4182 1166 4235 dicta
1202 4189 1352 4244 sunt,
1389 4180 1553 4233 etiam
1582 4180 1687 4234 hoc
1732 4182 2010 4251 proponit.

578 4273 643 4328 In
673 4275 933 4345 frugibus,
958 4274 1157 4343 inquit,
1193 4284 1240 4327 et
1276 4272 1524 4335 Domino,
1558 4272 1722 4326 variis
1754 4272 1923 4326 modis
1964 4289 2083 4325 cum

503 4370 738 4422 exercuit
786 4369 1274 4431 commentationes,
1315 4365 1660 4429 persimiliter
1707 4373 1757 4417 et
1802 4364 2083 4417 sanctissi-

2190 1901 2308 1964 πῶς
2335 1901 2677 1971 γεγενημένη
2701 1941 2715 1964 ,
2747 1901 2842 1954 καὶ
2892 1901 2966 1964 ὡς
3010 1902 3185 1953 πάντα
3217 1900 3497 1970 φυρὸντων
3529 1900 3599 1953 τὰ
3636 1901 3783 1971 πρά-

2188 2012 2391 2064 γματα,
2425 1996 2518 2046 καὶ
2559 1996 2639 2056 είς
2676 1994 2873 2046 ταύτὸν
2903 1994 3143 2061 ἀγόντων
3184 1992 3278 2045 τοῦ
3308 1991 3646 2060 Μονογενοῦς
3678 1994 3781 2061 τήν

2186 2101 2246 2136 τε
2282 2084 2470 2137 οὐσίαν
2498 2086 2591 2136 καὶ
2616 2084 2714 2155 τὴν
2750 2085 3048 2152 ἐνέργειαν.
3087 2081 3252 2135 Οὐδὲν
3288 2082 3416 2152 περὶ
3463 2081 3625 2135 αὐτοῦ
3651 2082 3781 2134 τού-

2186 2194 2280 2229 του
2335 2176 2655 2246 διαλεχθεὶς,
2706 2176 2827 2229 οὐδὲ
2881 2174 3168 2241 ἀποδείξας
3219 2175 3335 2237 πῶς
3392 2175 3587 2228 ταύτὸν
3638 2171 3781 2228 εἶναι

2188 2266 2655 2329 κατασκευάζεται
2714 2268 2781 2335 τῇ
2829 2265 2985 2334 οὐσίᾳ
3041 2264 3171 2336 παρ’
3209 2266 3366 2336 ἡμῶν
3417 2265 3451 2335 ἡ
3496 2266 3780 2335 ἐνέργεια,

2185 2357 2337 2421 τέλος
2375 2357 2570 2426 ἐπάγει
2609 2356 2702 2409 καὶ
2734 2357 2824 2409 τὸν
2859 2357 3020 2410 αὐτὸν
3054 2356 3338 2424 κολοφῶνα
3366 2356 3473 2409 τῶν
3502 2356 3783 2426 ἐγκλημά-

2185 2466 2313 2513 των,
2365 2436 2790 2517 οὑτωσιλέγων
2835 2451 2947 2510 τοῖς
3000 2451 3257 2520 ῥήμασιν·
3298 2449 3443 2517 Ἤδη
3496 2448 3583 2513 δὲ,
3622 2450 3779 2520 φησὶ.

2183 2539 2556 2607 μεταϐαίνων
2611 2538 2731 2592 ἀπὸ
2794 2540 3039 2603 τούτων,
3088 2539 3187 2592 καὶ
3238 2539 3347 2593 τὸν
3391 2540 3489 2594 ἐπὶ
3535 2539 3782 2594 πάντων

2192 2627 2342 2681 Θεὸν
2397 2627 2527 2693 ταῖς
2583 2627 2870 2696 ἐσχάταις
2930 2628 3272 2697 περιϐάλλει
3317 2630 3771 2699 ,βλασφημίαισ

2189 2720 2285 2773 καὶ
2320 2719 2498 2787 λόγοις
2521 2719 2906 2793 ἀπερῤώγασιν
2938 2722 2985 2773 oi
3014 2721 3272 2792 ἡμέτεροι
3297 2721 3465 2790 λόγοι,
3496 2722 3587 2776 καί
3624 2740 3781 2786 τινας

2187 2813 2487 2866 ἀποστατεῖ
2527 2811 2597 2864 τὰ
2632 2813 2762 2882 παρ’
2801 2812 2960 2883 ἡμῶν
3000 2812 3437 2883 παραδείγματα,
3460 2815 3519 2866 οὐ
3560 2814 3779 2879 πάντως

2187 2904 2281 2956 τοῦ
2314 2903 2505 2973 μαθεῖν
2539 2902 2713 2957 ταῦτα
2740 2904 3011 2975 δεόμενος,
3037 2904 3152 2958 ἀλλ’
3189 2904 3222 2976 ἢ
3263 2906 3434 2971 δεῖξαι
3471 2906 3532 2958 τὸ
3576 2924 3781 2977 συρφε-

2187 2996 2352 3060 τῶδες
2383 2997 2488 3050 τῶν
2521 2998 2779 3068 ῥημάτων
2826 2997 2919 3050 τοῦ
2954 2997 3292 3069 λογογράφου
3338 3000 3430 3051 καὶ
3472 2999 3775 3068 ἀκριτόμυ-

2189 3088 2298 3152 θον,
2327 3082 2409 3150 οἷς
2450 3088 2803 3158 περικτυπῶν
2839 3088 2907 3143 τὰ
2944 3090 3000 3142 ἐν
3042 3089 3268 3159 ἀνδράσι
3309 3091 3547 3162 γραῖδια,
3576 3090 3778 3161 καὶτῷ

2190 3182 2415 3251 στόμφῳ
2464 3182 2573 3235 τῶν
2621 3182 2892 3249 λεξειδίων
2939 3184 2996 3235 ἐν
3043 3185 3165 3247 ταῖς
3220 3183 3410 3247 ἀκοαῖς
3458 3183 3563 3235 τῶν
3601 3183 3779 3238 ταῦτα

2188 3272 2577 3343 θαυμαζόντων
2603 3273 3117 3343 καλλωπιζόμενος,
3160 3274 3360 3345 στήλην
3407 3274 3529 3327 καθ’
3581 3275 3777 3329 ἑαυτοῦ

2185 3365 2276 3418 τὸν
2296 3365 2451 3434 λόγον
2474 3370 2586 3429 τοῖς
2609 3365 3061 3437 πεπαιδευμένοις
3106 3366 3383 3437 προτιθεὶς
3414 3367 3473 3420 οὗ
3507 3366 3773 3436 συνίησιν.

2199 3459 2336 3511 Ἀλλ’
2382 3458 2533 3513 οὐδὲν
2579 3458 2736 3511 τοῦτο
2786 3458 2922 3530 πρὸς
2962 3458 3052 3511 τὸν
3105 3459 3305 3512 σκοπὸν
3343 3459 3435 3511 τὸν
3482 3460 3774 3529 ἡμέτερον.

2185 3550 2313 3603 Εἴθε
2343 3551 2451 3621 γὰρ
2480 3550 2638 3621 μέχρι
2672 3550 2873 3603 τούτων
2901 3546 2968 3621 ἦν
2995 3552 3112 3604 κατ’
3140 3548 3302 3603 αὑτοῦ
3336 3550 3405 3604 τὰ
3431 3551 3775 3619 ἐγκλήματα,

2187 3643 2279 3695 καὶ
2308 3644 2470 3713 μηδὲν
2495 3645 2624 3714 περὶ
2666 3643 2761 3715 τὴν
2792 3644 2973 3695 πίστιν
3002 3643 3411 3714 ἐξαμαρτάνων,
3445 3643 3572 3713 περὶ
3604 3643 3775 3712 μόνην

2184 3732 2279 3785 τοῦ
2315 3734 2468 3802 λόγου
2504 3732 2601 3803 τὴν
2644 3732 2922 3803 προφορὰν
2951 3731 3287 3803 πλημμελεῖν
3335 3730 3645 3802 ὲνομίζετοὶ
3687 3730 3778 3793 Ὠς

2185 3827 2298 3879 ἀντ’
2329 3825 2537 3887 οὐδενὸς
2585 3824 2649 3877 ἂν
2691 3821 2758 3894 ἦν
2799 3822 2945 3893 αὐτῷ
2990 3824 3123 3895 πρὸς
3162 3824 3378 3876 ἔπαινον
3419 3824 3452 3895 ἦ
3496 3822 3775 3892 διαϐολὴν,

2184 3919 2246 3969 τὸ
2293 3917 2466 3980 οὕτως
2517 3916 2549 3986 ἢ
2606 3916 2682 3979 ὡς
2731 3916 2933 3986 ἑτέρως
2978 3916 3077 3986 τὴν
3104 3915 3247 3980 λέξιν
3285 3917 3447 3987 ἔχειν.
3485 3917 3546 3968 Ἠ
3588 3916 3631 3968 δ’
3676 3914 3780 3969 οὖν

2185 4008 2472 4063 ἀκολουθία
2516 4008 2627 4061 τῶν
2683 4007 2810 4081 παρ’
2853 4007 3017 4061 αὐτοῦ
3070 4010 3193 4062 καθ’
3235 4009 3413 4081 ἡμῶν,
3464 4008 3557 4062 καὶ
3615 4008 3780 4061 τοῦτο

2185 4096 2557 4167 προστίθησιν.
3028 4088 3055 4141 .“

2268 4274 2400 4329 Ἐπί
2429 4274 2534 4329 τοῦ
2560 4273 2757 4340 σίτου,
2804 4275 2957 4345 φησι,
2993 4275 3089 4329 καί
3131 4275 3238 4329 τοῦ
3281 4276 3526 4345 Kvpz'ov,
3567 4279 3777 4348 διαφόο

2178 4384 2300 4435 ρως
2344 4364 2659 4435 γυμνάσας
2705 4364 2813 4430 τὰς
2856 4368 3144 4433 ἐπινοίας,
3192 4372 3627 4437 παραπλησίως
3670 4373 3777 4425 καί

505 4476 649 4513 mam
678 4459 773 4513 Dei
807 4460 1090 4513 essentiam
1122 4457 1422 4527 differentes
1451 4457 1731 4511 admittere
1758 4466 2084 4510 commenta-

2190 4459 2303 4527 τὴν
2332 4455 2661 4526 ἀγιωτάτην
2686 4458 2906 4511 οὐσίαν
2949 4458 3054 4511 τοῦ
3098 4459 3244 4512 Θεοῦ
3277 4460 3563 4529 διαφόρως
3604 4463 3778 4530 δέχε.

506 4555 673 4606 tiones
720 4552 870 4605 dicit.
918 4550 1031 4607 Hoc
1081 4558 1164 4604 est
1212 4548 1982 4613 criminumacerbissimum,
2033 4560 2085 4602 et

503 4648 577 4701 ob
614 4647 663 4700 id
704 4645 889 4713 gravia
918 4651 1111 4696 contra
1142 4658 1241 4697 nos
1269 4641 1359 4695 illa
1394 4641 1600 4711 tragice
1630 4648 1758 4694 ante
1785 4655 2087 4710 exaggera-

506 4738 605 4800 vit,
659 4736 995 4805 impietatem
1041 4742 1095 4787 et
1146 4734 1569 4794 absurditatem,
1620 4740 1674 4784 et
1728 4731 1910 4783 omnia
1956 4732 2084 4782 talia

507 4829 669 4882 dictis
725 4827 945 4880 crimini
1009 4833 1250 4879 vertens.
1312 4824 1566 4888 Quanam
1629 4839 1746 4888 ergo
1801 4824 2084 4890 impietatis

506 4920 918 4973 dmuonstratio?
980 4916 1119 4968 dixit
1156 4915 1476 4978 Eunomius,
1509 4916 1754 4983 qmedalu
1809 4915 1876 4967 de
1915 4913 2084 4982 frugi-

511 5014 613 5066 bus
660 5024 974 5064 communia
1028 5008 1162 5071 hinc,
1206 5016 1260 5060 et
1307 5008 1561 5059 omnibus
1606 5006 1657 5058 in
1712 5016 1964 5074 promptu
2001 5022 2087 5057 co-

513 5105 659 5170 guita
706 5102 1044 5159 discernens,
1100 5107 1147 5151 et
1194 5097 1454 5167 quomodo
1500 5108 1811 5157 nascuntur,
1858 5108 1906 5149 et
1954 5114 2087 5166 quo-

516 5193 671 5242 modo
701 5190 947 5257 perfecta:
992 5205 1082 5241 seu
1117 5197 1345 5239 matura:
1375 5203 1464 5253 per
1494 5187 1727 5255 fructum
1760 5187 1932 5249 alunt,
1987 5205 2086 5238 na-

512 5285 775 5335 turalibus
830 5280 1145 5350 quibusdam
1196 5281 1573 5350 facultatibus,
1618 5282 1743 5332 dum
1793 5290 2086 5333 nascuntur

508 5386 557 5427 et
582 5382 840 5444 augentur
873 5384 917 5425 et
948 5373 1372 5441 dispensentur?
1404 5372 1467 5424 lit
1503 5374 1615 5425 huic
1649 5388 1772 5423 cum
1801 5373 2085 5434 disseruit,

509 5468 672 5519 etiam
715 5465 1054 5534 unigenitum
1119 5463 1285 5517 Deum
1323 5465 1457 5517 nihil
1503 5466 1914 5517 dissenlaucum
1964 5478 2088 5518 esse

509 5556 585 5609 ait
611 5554 924 5609 differentes
957 5555 1203 5623 accipere
1238 5553 1756 5615 commentationes,
1791 5566 1916 5605 cum
1962 5568 2083 5620 pro-

2185 4550 2325 4602 σθαι
2356 4548 2463 4612 τὰς
2495 4546 2757 4612 ἐπινοίας
2792 4548 2963 4615 φησι.
2998 4548 3165 4601 Τοῦτό
3200 4551 3313 4603 ἐστι
3357 4551 3417 4603 τὸ
3455 4551 3776 4622 χαλεπώτα-

2182 4655 2271 4690 τον
2300 4636 2407 4689 τῶν
2447 4637 2821 4706 ἐγκλημάτων,
2865 4638 2958 4689 καὶ
3003 4639 3095 4690 ἐπὶ
3127 4639 3301 4710 τούτῳ
3332 4641 3401 4694 τὰ
3442 4641 3611 4712 βαρέα
3646 4645 3776 4696 καθ’

2183 4722 2339 4793 ἡμῶν
2382 4724 2564 4776 ἐκεῖνα
2615 4723 3091 4795 προετραγῴδησε,
3134 4726 3449 4783 δυσσέϐειαν
3506 4732 3599 4783 καὶ
3641 4733 3775 4785 ἀτο-

2184 4815 2311 4867 πίαν
2350 4814 2443 4867 καὶ
2480 4815 2655 4867 πάντα
2693 4816 2760 4868 τὰ
2801 4817 3024 4869 τοιαῦτα
3071 4820 3180 4882 τοῖς
3222 4820 3531 4891 εἰρημένοις
3575 4824 3775 4877 ἐπικα-

2184 4904 2309 4957 λῶν.
2345 4907 2439 4970 Τίς
2470 4900 2583 4959 οὖν
2621 4906 2659 4973 ἡ
2698 4906 2809 4975 τῆς
2846 4908 3123 4975 ἀσεϐείας
3167 4910 3508 4978 ἁπόδειξις;
3550 4910 3705 4967 εἶπεν
3746 4918 3776 4969 ὁ

2186 4999 2447 5069 Εὐνόμιός
2487 5016 2608 5051 τινα
2642 5002 2765 5070 περὶ
2797 5000 2891 5053 τοῦ
2932 5002 3100 5065 σίτου,
3134 5002 3203 5055 τά
3246 5004 3397 5056 κοινά
3440 5003 3645 5071 ταῦτα,
3678 5009 3777 5059 καὶ

2186 5091 2351 5144 πᾶσιν
2418 5093 2483 5143 ἐκ
2540 5089 2635 5143 τοῦ
2693 5092 2984 5162 προχείρου
3039 5093 3295 5164 γνώριμα
3361 5095 3779 5168 διευκρινούμεμ

2186 5200 2303 5247 νος,
2366 5182 2525 5248 ὅπως
2571 5200 2633 5237 τε
2671 5184 2893 5254 γίνεται
2941 5185 3038 5240 καὶ
3093 5184 3252 5252 ὅπως
3297 5188 3627 5254 τελειωθεὶς
3675 5190 3779 5241 διὰ

2187 5274 2295 5327 τοῦ
2368 5273 2603 5341 καρποῦ
2669 5275 2865 5344 τρέφει
2890 5314 2905 5338 ,
2956 5275 3239 5343 φυσικαῖς
3303 5294 3423 5330 τισι
3476 5277 3775 5345 δυνάμεσι

2187 5365 2487 5433 φυόμενος
2506 5383 2569 5419 τε
2591 5368 2687 5419 καί
2710 5369 2911 5432 αὔξων
2937 5370 3034 5422 καὶ
3056 5368 3491 5437 διοικούμενος
3511 5370 3621 5421 Καὶ
3642 5370 3773 5422 ταῦο

2186 5473 2253 5509 τα
2280 5454 2470 5521 εἰπὼν,
2504 5457 2595 5509 καὶ
2622 5457 2711 5510 τὸν
2740 5460 3000 5529 μονογενῆ
3032 5460 3163 5513 Θεὸν
3197 5460 3347 5513 οὐδὲν
3385 5460 3611 5521 ἀπεικὸς
3633 5456 3773 5513 εἷναί

2192 5564 2344 5618 φησι,
2366 5549 2653 5621 διαφόρους
2674 5550 2920 5620 δέχεσθαι
2947 5554 3185 5617 ἐπινοίας
3215 5553 3301 5606 διά
3328 5571 3385 5605 τε
3416 5553 3511 5614 τὰς
3539 5551 3773 5618 ἐννοίας,
