4146 6386
338 447 476 501 1033

1458 446 1738 501 CONTRA
1774 446 2162 513 EUNOMIUM,
2194 450 2321 505 LIB.
2361 451 2470 507 ΧΠ.

3460 460 3600 515 1031

333 561 421 613 διὰ
465 576 524 613 τε
560 558 655 621 τὰς
682 558 1002 629 ἑτερότητας
1032 558 1136 612 τῶν
1173 561 1482 631 ἐνεργειῶν,
1518 565 1611 616 καὶ
1631 563 1920 630 ἀναλογίας

2025 570 2143 631 pter
2172 566 2445 629 notiones,
2482 574 2597 619 tum
2646 574 2868 635 propter
2912 565 3263 623 diversitates
3298 570 3600 633 actionum.

332 651 484 714 τινὰς
517 651 608 702 καὶ
638 651 867 720 σχέσεις.
905 651 1089 704 Ταῦτα
1134 652 1241 724 γὰρ
1275 654 1591 725 κατακόρως
1629 654 1716 707 ἐπ’
1758 654 1922 707 αὑτοῦ

333 744 640 815 διαθρυλλεῖ
666 742 737 797 τά
770 744 1026 814 ὀνόματα.
1074 745 1258 799 Ἀλλὰ
1279 745 1425 813 πῶς,
1453 748 1637 818 φησὶν,
1664 750 1776 801 οὐκ
1800 745 1926 799 ἆτο-
1957 803 1961 810 ,

333 851 470 897 πον,
495 834 771 903 ἀθέμιτον
799 835 867 888 δὲ
884 834 1120 903 μᾶλλον
1135 838 1369 903 τούτοις
1384 837 1797 907 παραϐάλλειν
1818 837 1926 891 τὸν

346 926 741 998 Ἀγέννητον;
778 928 887 979 τίσι
915 927 1157 994 τούτοις;
1194 927 1271 998 τῷ
1329 928 1479 999 σίτῳ,
1534 930 1686 998 φησὶ,
1720 929 1814 982 καὶ
1848 927 1925 998 τῷ

337 1021 614 1093 μονογενεῖ
656 1017 795 1089 Θεῷ.
844 1019 1005 1091 Ὁρᾷς
1048 1019 1146 1089 τὴν
1191 1019 1504 1073 εὐλάϐειαν·
1539 1017 1653 1073 ἴσον
1700 1019 1924 1090 ἀπέχειν

332 1115 431 1182 τῆς
474 1112 631 1179 ἀξίας
682 1111 776 1165 τοῦ
835 1112 1130 1184 ἀγεννήτου
1184 1111 1318 1165 Θεοῦ
1382 1110 1781 1176 κατασκευάζει
1832 1110 1924 1163 τὸν

335 1206 543 1278 βραχὺν
590 1208 753 1271 σῖτον,
795 1208 889 1260 καὶ
941 1205 1031 1259 τὸν
1078 1206 1354 1276 Μονογενῆ
1385 1204 1533 1259 Θεόν.
1582 1204 1690 1257 Καὶ
1739 1205 1821 1257 ὃτι
1862 1204 1921 1257 οὐ

335 1298 777 1371 συκοφαντοῦμεν
809 1298 899 1352 τὸν
933 1299 1110 1366 λόγον,
1156 1298 1285 1367 παρ’
1321 1296 1497 1349 αὐτῶν
1537 1297 1651 1349 ἔστι
1688 1296 1797 1349 τῶν
1830 1312 1925 1364 γε-

333 1393 668 1465 γραμμένων
700 1391 885 1463 μαθεῖν
904 1391 1068 1445 αὐτοῦ
1092 1388 1186 1461 τὴν
1218 1390 1477 1443 διάνοιαν.
1500 1389 1633 1454 Πῶς
1662 1389 1791 1459 γὰρ,
1822 1405 1924 1459 φη..

336 1482 442 1549 σὶν,
486 1482 598 1534 οὐκ
647 1480 906 1544 ἄτοπον,
958 1478 1237 1548 ἀθέμιτον
1287 1477 1357 1531 δὲ
1399 1477 1640 1547 μᾶλλον
1691 1478 1925 1541 τούτοις

335 1569 745 1637 παραϐάλλειν
795 1569 904 1623 τὸν
948 1571 1302 1640 Ἀγέννητον
1324 1588 1343 1635 ;
1393 1570 1503 1624 Καὶ
1536 1569 1706 1622 ταῦτα
1754 1566 1923 1620 εἰπὼν

335 1659 531 1726 ἐπάγει
561 1659 702 1712 κατά
728 1658 789 1711 τὸ
820 1659 1079 1729 ὁμότιμον
1107 1659 1197 1711 τὸν
1228 1658 1355 1729 περὶ
1392 1656 1487 1710 τοῦ
1520 1657 1667 1709 σίτου
1708 1656 1801 1708 καὶ
1828 1654 1922 1708 τοῦ

337 1751 542 1821 Κυρίου
581 1750 757 1820 λόγον,
782 1746 900 1805 ἴσον
935 1751 1015 1814 εἰς
1062 1751 1296 1804 ἀτοπίαν
1341 1750 1561 1823 κρίνων,
1596 1750 1675 1803 ἑνὶ
1720 1751 1924 1803 τούτων

338 1841 703 1914 παραϐάλλειν
742 1842 833 1897 τὸν
870 1843 1022 1896 Θεόν.
1069 1843 1239 1896 Παντὶ
1284 1842 1341 1896 δὲ
1389 1842 1661 1912 γνώριμον
1710 1843 1921 1905 πάντως

2024 664 2079 708 et
2124 660 2507 725 proportiones
2557 664 2611 711 et
2660 658 3028 713 habitudines.
3064 657 3187 711 flre
3220 661 3364 713 enim
3408 664 3474 714 atl
3513 680 3601 716 sa-

2025 748 2265 803 tietatem
2302 766 2475 819 usque
2514 751 2567 804 in
2601 751 2720 821 ipso
2752 751 3038 820 pervulgat
3074 754 3319 806 nomina.
3358 752 3483 814 Sed,
3519 756 3602 808 in-

2025 838 2175 907 quit,
2229 840 2489 909 quomodo
2541 856 2645 893 non
2692 839 3023 904 absurdum,
3087 840 3164 894 rei
3219 842 3395 908 potius
3449 844 3599 911 nefas

2023 946 2330 999 comparare
2381 929 2681 1001 Ingenitum
2726 933 2808 985 his
2876 932 3062 986 nescio
3115 931 3348 1001 quibus,
3406 948 3602 1001 nempe

2027 1021 2296 1091 frugibus,
2327 1021 2535 1091 inquit,
2575 1028 2630 1077 et
2661 1021 2942 1091 unigenito
2974 1020 3125 1075 Deo?
3161 1020 3320 1077 Vides
3360 1021 3547 1076 homin
3576 1042 3601 1074 s-

2024 1112 2572 1181 circumspectionem
2611 1126 2707 1166 seu
2741 1113 2994 1181 pietatem
3024 1130 3039 1166 :
3068 1113 3350 1182 aequaliter
3393 1112 3602 1167 distare

2024 1217 2055 1256 a
2085 1202 2351 1272 dignitate
2380 1203 2610 1270 ingeniti
2643 1204 2741 1260 Dei
2791 1205 2994 1259 astruit
3020 1205 3127 1259 vile
3169 1204 3506 1259 frumentum
3545 1210 3601 1256 et

2026 1296 2369 1367 unigenitum
2429 1296 2622 1351 Deum.
2690 1296 2757 1350 Et
2816 1297 2961 1367 quod
3022 1312 3130 1351 non
3196 1295 3599 1350 calumniamur

2026 1402 2361 1449 sermonem,
2399 1403 2465 1443 cx
2512 1387 2646 1456 ipsis
2689 1387 2911 1458 scriptis
2954 1388 3082 1441 licet
3124 1386 3244 1457 ejus
3286 1387 3599 1457 intelligen-

2022 1480 2154 1532 tiam
2215 1480 2515 1549 percipere,
2555 1478 2853 1543 Quomodo,
2900 1479 3095 1548 inquit,
3135 1496 3235 1533 non
3283 1478 3594 1541 absurdum,

2024 1572 2129 1624 imo
2176 1588 2292 1624 vero
2345 1571 2605 1640 nefarium
2655 1570 2737 1625 his
2789 1587 3096 1639 comparare
3154 1570 3497 1640 Ingenitum?
3533 1568 3595 1622 Et

2023 1660 2139 1714 hzec
2191 1661 2409 1716 locutus
2457 1660 2737 1731 suhjungit
2770 1676 2954 1731 parem
3005 1660 3071 1716 de
3130 1660 3406 1714 frumento
3440 1668 3491 1712 et
3532 1659 3598 1713 de

2025 1751 2257 1807 Domino
2314 1768 2647 1817 sermonem,
2704 1753 2967 1821 aequalem
3014 1753 3405 1808 absurditatem
3452 1752 3600 1821 judi-

2025 1848 2180 1910 cans‘,
2235 1860 2356 1898 cum
2408 1844 2603 1898 horum
2661 1844 2832 1898 altero
2879 1843 3048 1898 Deum
3097 1845 3370 1899 conferre.
3410 1844 3599 1898 Cuivis

335 1933 395 1986 τὸ
421 1934 659 1988 τοιοῦτόν
690 1937 858 1999 ἐστιν,
905 1936 984 1989 ὅτι
1034 1934 1103 1989 τὰ
1144 1938 1242 2004 ἴσῳ
1275 1935 1458 2006 μέτρῳ
1495 1934 1637 1994 τινὸς
1686 1935 1922 2004 ἀφεστη-

2025 1937 2165 1990 enim
2217 1946 2406 1989 notum
2448 1945 2502 1989 et
2554 1936 2775 2005 planum
2812 1951 3065 2005 prorsum
3118 1935 3251 1990 illud
3304 1942 3410 1999 est,
3452 1936 3596 2005 quoat

336 2026 469 2079 κότα
499 2027 754 2081 κοιὶαὺτά
794 2027 930 2100 πρὸς
953 2028 1155 2099 ἄλληλα
1182 2028 1241 2080 τὸ
1274 2024 1389 2080 ἴσον
1411 2026 1544 2097 ἔχει.
1583 2028 1744 2079 Ὥστε
1778 2026 1919 2079 κατὰ

336 2116 427 2170 τὸν
463 2118 623 2185 σοφὸν
668 2117 913 2187 θεολόγον
949 2120 977 2173 ό
1005 2118 1113 2173 τῶν
1151 2117 1362 2173 αίώνων
1398 2116 1643 2188 ποιητὴς,
1691 2116 1786 2171 καὶ
1822 2117 1921 2169 πά-

339 2224 439 2279 σης
468 2209 955 2281 περιδεδραγμένος
1000 2211 1107 2264 τῶν
1138 2212 1307 2265 ὄντων
1352 2210 1585 2279 φύσεως,
1621 2208 1919 2270 ἰσοστάσιος

337 2300 617 2372 ἀνεδείχθη
663 2302 739 2372 τῷ
784 2302 1105 2374 βραχυτάτῳ
1152 2304 1457 2374 σπέρματι,
1516 2302 1672 2372 εἴπερ
1724 2300 1919 2371 ἐπίσης

336 2392 689 2447 ἀπολείπεται
715 2393 815 2464 τῆς
858 2393 994 2467 πρὸς
1026 2394 1121 2447 τὸν
1170 2394 1301 2448 Θεὸν
1333 2392 1670 2465 συγκρίσεως
1706 2392 1797 2444 καὶ
1824 2392 1919 2444 αὐ-

335 2481 427 2543 τὸς
460 2482 553 2535 καὶ
580 2482 611 2536 ό
640 2485 804 2549 σῖτος.
844 2485 983 2538 Ἀλλ’
1010 2488 1044 2557 ή
1083 2485 1183 2556 μὲν
1223 2484 1445 2539 ἀσέϐεια
1488 2482 1583 2536 τοῦ
1614 2482 1772 2551 λόγου
1795 2499 1915 2535 τοσ-

336 2588 498 2645 αυτη.

407 2751 613 2823 Καιρὸς
641 2751 685 2804 δ’
730 2750 795 2804 ἂν
826 2752 912 2821 εἴη
945 2751 1039 2805 καὶ
1077 2747 1525 2822 αὐτὴνὲξετάσαι
1559 2748 1659 2818 τὴν
1701 2747 1782 2808 είς
1820 2743 1918 2817 τὴν

337 2841 687 2914 βλασφημίαν
710 2844 1071 2913 κατασκευὴν,
1094 2845 1153 2896 ὲν
1172 2844 1276 2895 τίνι
1300 2841 1436 2914 πρὸς
1460 2839 1658 2908 ἑαυτὴν
1679 2836 1757 2906 τῷ
1776 2836 1919 2905 λόγῳ

336 2934 404 2987 δι’
435 2933 755 2998 ἀκολουθίας
788 2936 1139 3006 συνήρτηται.
1169 2933 1351 2987 Εἰπὼν
1385 2933 1509 3005 γὰρ,
1545 2931 1744 2985 ἄτοπον
1776 2924 1916 2981 εἶναι

336 3024 414 3096 τῷ
446 3026 577 3097 σίτῳ
607 3026 700 3080 καὶ
725 3026 803 3097 τῷ
833 3026 1052 3098 Χριστῷ
1074 3026 1167 3079 τὸν
1195 3026 1327 3078 Θεὸν
1357 3022 1747 3095 παραϐάλλειν,
1778 3018 1917 3086 Περὶ

336 3114 444 3169 τοῦ
473 3117 667 3182 σίτου,
701 3118 884 3188 φησὶν,
912 3120 991 3169 ὅτι
1020 3119 1129 3171 οὐκ
1151 3117 1324 3170 ἔστιν
1348 3118 1381 3169 d
1407 3115 1550 3180 Θεὸς
1576 3114 1704 3168 καθ’
1722 3109 1915 3181 όιιοιόη

336 3224 481 3274 tnta
510 3208 735 3261 τούτων
758 3208 907 3277 πρὸς
927 3207 1271 3277 μεταϐολὴν
1303 3204 1638 3271 ἐπιτήδειος
1663 3244 1678 3268 ,
1707 3202 1837 3271 περὶ
1860 3199 1916 3251 δὲ

336 3299 430 3353 τοῦ
470 3299 806 3369 Μονογενοῦς
841 3300 900 3353 τὸ
947 3299 1019 3369 μὴ
1065 3297 1201 3352 εἶναι
1246 3298 1407 3353 αὐτὸν
1441 3296 1576 3369 πρδς
1621 3292 1919 3366 μεταϐολὴν
1946 3277 1992 3340 C

338 3391 639 3462 ἐπιτήδειον
670 3392 971 3461 σιωπήσας,
1000 3392 1092 3444 καὶ
1118 3391 1204 3445 διὰ
1232 3389 1420 3443 τούτου
1462 3388 1647 3457 σαφῶς
1676 3385 1914 3450 ἐνδειξα-

340 3501 499 3554 μενος
530 3484 590 3535 τὺ
615 3485 866 3537 ταπεινόν
894 3487 992 3553 τῆς
1024 3483 1197 3549 ἀξίας,
1227 3483 1286 3536 ὲν
1310 3481 1387 3553 τῷ
1421 3481 1495 3553 μὴ
1517 3482 1627 3534 δεῖν
1655 3479 1816 3533 αὑτὸν
1842 3478 1917 3540 ὼς

337 3577 432 3629 καὶ
461 3576 551 3629 τὸν
596 3579 740 3629 σῖτον
775 3576 852 3647 τῷ
895 3575 1015 3646 Θεῷ
1050 3575 1389 3646 συγκρίνειν,
1425 3574 1603 3644 ἀφῆκε
1636 3572 1727 3626 τὸν
1762 3570 1916 3639 λόγον

341 3667 636 3739 μετέωρον,
664 3667 839 3721 οὐδενὶ
874 3667 1019 3738 ἄλλῳ
1043 3667 1288 3738 λογισμῷ
1319 3664 1735 3728 κατασκευάσας
1762 3664 1819 3717 ὲν
1840 3660 1918 3732 τῷ

339 3758 499 3830 μέρει
525 3758 699 3829 τούτῳ
725 3759 785 3812 τὸ
815 3759 953 3831 πρὸς
989 3760 1079 3813 τὸν
1110 3759 1329 3829 Πατέρα
1355 3758 1448 3811 τοῦ
1480 3756 1610 3809 Υίοῦ
1642 3754 1917 3827 ἀπαράθε-

337 3866 452 3917 τον,
472 3850 548 3914 ὡς
575 3851 773 3904 ἱκανῶν
798 3851 966 3904 ὄντων
990 3852 1099 3905 τῶν
1127 3870 1192 3904 πε
1203 3851 1253 3922 ρί
1281 3851 1370 3903 τὸν
1393 3850 1589 3903 κόκκον
1615 3847 1918 3918 θεωρηθέν-

336 3960 463 4005 των,
495 3943 588 3999 καὶ
614 3943 708 3996 τοῦ
741 3943 870 3995 Υίοῦ
895 3944 993 4014 τὴν
1025 3945 1160 4013 πρὸς
1188 3944 1278 3996 τὸν
1314 3941 1534 4012 Πατέρα
1571 3940 1713 3993 κατά
1742 3940 1802 3992 τὸ
1830 3957 1920 3992 τα-

340 4035 651 4107 πεινότερον
701 4035 1052 4106 παραλλαγὴν
1089 4034 1539 4098 συνενδείξασθαι.
1599 4032 1757 4085 Ἀ).λά
1791 4032 1920 4102 περὶ

340 4130 444 4201 τῆς
480 4129 786 4199 ἀφθαρσίας
830 4128 925 4181 τοῦ
963 4126 1177 4200 Πατρὺς
1227 4126 1549 4194 διαλέγεται,
1597 4124 1673 4188 ὡς
1722 4124 1822 4177 οὐκ
1860 4122 1918 4189 ἐξ

340 4221 620 4293 ἐνεργείας
647 4221 955 4293 προσούσης
983 4217 1149 4290 αὐτῷ.
1190 4219 1330 4287 Ἐγὼ
1359 4219 1436 4282 δὲ,
1462 4219 1510 4269 εί
1544 4217 1643 4287 μὲν
1671 4215 1921 4286 ἐνέργειά

339 4313 426 4378 τίς
450 4316 596 4368 ἐστιν
624 4316 656 4385 ή
684 4314 853 4377 ὄντως
875 4311 1010 4383 ζωὴ,
1036 4312 1234 4383 ἑαυτὴν
1262 4309 1580 4383 ἐνεργοῦσα,
1609 4309 1703 4363 καὶ
1728 4309 1776 4361 εἰ
1798 4308 1921 4361 ταὺ-

339 4407 431 4460 τόν
458 4407 571 4459 ἐστι
598 4405 678 4474 τῷ
706 4403 1088 4475 σημαινομένῳ
1119 4404 1179 4457 τό
1205 4419 1263 4456 τε
1292 4403 1379 4455 ἀεὶ
1406 4402 1525 4473 ζῇν,
1552 4401 1645 4454 κα)⁵
1667 4399 1729 4454 τὸ
1759 4400 1922 4470 μηδέ-

342 4516 473 4551 ποτε
501 4500 582 4562 είς
610 4498 813 4570 φθορὰν
838 4496 1181 4563 διαλύεσθαι,
1213 4494 1365 4550 οὔπω
1399 4496 1477 4567 τῷ
1519 4496 1663 4565 λόγῳ
1693 4493 1919 4567 προστίο

339 4589 501 4661 θημι,
528 4589 665 4643 ἀλλά
697 4592 809 4652 τοῖς
842 4587 991 4652 ἰδίοις
1017 4586 1383 4658 ταμιεύσομαι
1410 4586 1614 4650 τόποις.
1646 4586 1767 4640 Ὀτι
1795 4585 1922 4657 μέν·

342 4700 427 4737 τοι
458 4682 557 4754 μία
589 4684 687 4752 τῆς
716 4681 1023 4751 ἀφθαρσίας
1054 4682 1170 4734 ἐστὶ
1198 4680 1424 4744 διάνοια,
1460 4679 1719 4743 ὡσαύτως
1748 4680 1838 4732 ὲπί
1866 4696 1926 4733 τε

343 4775 438 4828 τοῦ
470 4774 682 4843 Πατρὸς
709 4775 801 4827 καὶ
822 4773 915 4826 τοῦ
943 4772 1071 4826 Υἱοῦ
1104 4773 1391 4844 νοουμένη,
1419 4772 1513 4826 καὶ
1542 4774 1661 4826 κατ’
1692 4771 1845 4826 οὐδὲν
1866 4769 1928 4825 τὸ

343 4865 441 4921 τοῦ
460 4865 673 4939 Πατρὸς
694 4864 970 4937 ἄφθαρτον
994 4868 1090 4936 τῆς
1116 4865 1423 4937 ἀφθαρσίας
1450 4864 1543 4919 τοῦ
1570 4864 1699 4918 Υίοῦ
1723 4863 1928 4937 παραλ-

342 4955 553 5025 λάσσει,
574 4956 699 5012 οὕτε
730 4957 918 5026 ὑφέσει
950 4957 1054 5009 τινὶ
1084 4960 1177 5010 καὶ
1202 4958 1469 5020 ἐπιτάσει,
1501 4956 1623 5011 οὕτε
1649 4958 1756 5010 τινὶ
1784 4956 1929 5028 ἄλλῳ

343 5046 643 5121 διαφθορᾶς
671 5048 857 5120 τρόπῳ
890 5048 986 5117 τῆς
1018 5047 1159 5101 κατά
1186 5048 1283 5119 τὴν
1317 5048 1625 5119 ἀφθαρσίαν
1660 5048 1930 5119 παραλλα-

348 5142 451 5211 γῆς
478 5142 895 5213 εὑρισκομένης,
919 5141 1077 5194 τοῦτο
1105 5140 1200 5195 καὶ
1228 5140 1324 5194 νῦν
1344 5159 1485 5211 φημι
1516 5140 1769 5213 εὔκαιρον
1791 5139 1929 5198 εἶναι

348 5236 442 5286 καὶ
475 5236 560 5287 ἀεὶ
597 5235 804 5302 λέγειν,
845 5236 921 5299 ὼς
952 5235 1017 5288 ἂν
1051 5233 1317 5304 μηδεμίαν
1350 5233 1459 5302 ἔχοι
1489 5233 1574 5287 διὰ
1604 5234 1793 5289 τούτου
1822 5234 1931 5306 χὼ-

354 5341 453 5395 ραν
478 5327 506 5377 ὁ
532 5326 689 5394 λόγος
715 5325 863 5399 αὐτῷ
894 5329 961 5398 τῇ
993 5326 1132 5379 κατὰ
1166 5325 1263 5397 τὴν
1297 5326 1602 5397 ἀφθαρσίαν
1643 5327 1819 5398 ἐννοίᾳ
1851 5327 1930 5399 τῷ

351 5419 527 5491 Πατρὶ
556 5419 994 5491 προσμαρτυρῶν
1019 5418 1078 5472 τὸ
1108 5420 1242 5490 πρὸς
1271 5419 1362 5471 τὸν
1391 5418 1518 5471 Υίὸν
1546 5419 1926 5490 ἀκοινώνητον.

363 5510 449 5574 Ὠς
478 5509 587 5582 γὰρ
625 5513 754 5581 περὶ
789 5510 879 5564 τὸν
904 5511 1122 5581 Πατέρα
1149 5513 1181 5581 ἡ
1210 5510 1486 5581 ἀφθαρσία
1522 5510 1931 5582 καταλαμϐάνε-

349 5620 461 5663 ται,
494 5602 665 5664 οὖτως
697 5603 788 5655 καὶ
813 5602 928 5655 ἔστι
954 5604 1048 5655 τοῦ
1083 5601 1420 5672 Μονογενοῦς
1452 5596 1590 5655 εἶναι
1622 5602 1721 5656 οὐκ
1753 5604 1927 5673 ἀμφι-

352 5693 629 5747 ϐάλλεται.
676 5694 749 5745 Th
794 5694 899 5766 γὰρ
936 5696 1038 5763 τῆς
1090 5695 1295 5766 φθορᾶς
1345 5696 1741 5765 ἀπαρὰδεκτον,
1793 5697 1928 5767 ὅπερ

354 5786 633 5857 ὰφθαρσία
666 5787 761 5839 καὶ
796 5787 909 5839 ἔστι
941 5788 1035 5841 καὶ
1073 5787 1316 5856 λέγεται,
1349 5783 1467 5840 ἴσον
1504 5786 1702 5857 μᾶλλον
1740 5786 1797 5839 δὲ
1838 5787 1930 5840 τὸν

353 5877 515 5934 αὑτὸν
543 5878 654 5949 ἔχει
680 5878 836 5945 λόγον
862 5878 944 5947 ἐφ’
965 5872 1135 5949 οὗπερ
1161 5879 1226 5931 ἂν
1257 5878 1504 5951 λέγηται.
1535 5878 1600 5932 Τί
1625 5875 1717 5935 οὖν
1741 5879 1931 5951 μαθὼν

674 5970 945 6033 ιἈτιιοι..
994 5969 1109 6030 Gn.
1160 5971 1348 6033 XLV.

2024 2044 2145 2098 quae
2180 2030 2371 2098 aequali
2402 2043 2657 2083 mensura
2690 2027 2759 2081 ab
2798 2028 2982 2097 aliquo
3012 2028 3239 2092 distant,
3274 2039 3329 2083 et
3368 2027 3484 2099 ipsa
3519 2028 3600 2082 in-

2023 2125 2109 2173 ter
2159 2134 2217 2174 se
2270 2122 2536 2188 aequalem
2593 2118 2796 2172 habent
2846 2134 3184 2173 mensuram.
3231 2118 3413 2185 Quare
3457 2120 3602 2174 sicut

2024 2219 2213 2263 censet
2250 2210 2339 2263 hic
2368 2211 2587 2280 sapiens
2617 2208 2924 2279 theologus,
2964 2209 3290 2264 saeculorum
3325 2209 3599 2273 conditor,

2024 2311 2353 2367 omnemque
2384 2314 2574 2353 eorum
2607 2316 2728 2369 qme
2770 2307 2923 2362 sunt,
2974 2307 3226 2352 naturam
3260 2298 3577 2368 complexus

2021 2392 2251 2459 aqualis
2305 2392 2531 2444 minimo
2578 2392 2775 2446 semini
2824 2390 3233 2447 demonstralus
3272 2398 3377 2455 est,
3431 2391 3574 2460 siqui

2022 2482 2145 2535 dem
2180 2480 2463 2550 aequaliter
2486 2481 2654 2534 distat
2696 2496 2725 2533 a
2762 2480 2853 2536 Dei
2883 2480 3295 2551 comparatione
3324 2488 3379 2534 et
3409 2479 3526 2550 ipse
3551 2486 3603 2533 α

2023 2569 2383 2628 frumentum.
2414 2574 2591 2644 Atque
2617 2572 2783 2645 hujus
2802 2573 3021 2644 quidem
3044 2573 3317 2629 sermonis
3345 2571 3600 2643 impietas

2024 2672 2175 2737 tanta
2206 2673 2312 2720 est.

2096 2754 2295 2812 Verum
2337 2757 2447 2826 jam
2477 2763 2693 2828 tempus
2718 2756 2881 2813 fuerit
2906 2756 3221 2815 examinare
3250 2755 3603 2829 blasphemia:

2022 2849 2433 2915 astructiouem,
2483 2850 2537 2903 in
2586 2865 2695 2919 quo
2725 2849 2793 2904 ad
2841 2851 3011 2921 ipsam
3044 2867 3299 2907 sermone
3342 2868 3438 2922 per
3468 2867 3605 2906 con-

2023 2944 2361 3012 sequentiam
2402 2958 2610 2997 annexa
2651 2943 2867 3013 pendet.
2898 2943 3035 2999 Cum
3065 2945 3209 3001 enim
3241 2946 3469 3001 dixisset
3505 2946 3603 2999 ab-

2021 3034 2244 3089 surdum
2267 3050 2387 3089 esse
2422 3035 2692 3091 frumento
2724 3045 2777 3092 et
2798 3036 3019 3092 Christo
3042 3035 3209 3091 Deum
3238 3052 3565 3106 componere
3585 3054 3602 3087 :

2024 3124 2101 3179 De
2120 3127 2384 3194 frumento
2413 3128 2611 3196 inquit,
2635 3129 2773 3198 quod
2808 3146 2912 3183 non
2943 3139 3020 3183 est
3049 3130 3186 3183 Deus
3218 3130 3403 3183 horum
3430 3130 3608 3183 instar

2022 3218 2333 3272 mutationis
2377 3235 2569 3288 capax,
2621 3221 2689 3275 de
2737 3219 3027 3293 Unigenito
3068 3230 3247 3276 autem
3299 3221 3445 3291 quod
3498 3238 3603 3275 non

2024 3310 2097 3366 sit
2130 3313 2246 3381 ipse
2278 3311 2342 3365 ad
2393 3312 2749 3366 mutationem
2786 3321 2944 3382 aptus
2979 3328 3104 3367 cum
3151 3312 3400 3379 reticuit;
3440 3313 3601 3366 etiam

2024 3418 2120 3472 per
2154 3402 2257 3456 hoc
2295 3410 2481 3472 aperte
2517 3404 2776 3458 indicavit
2807 3404 3090 3475 dignitatis
3120 3403 3503 3465 humilitatem,
3548 3404 3603 3458 in

2022 3509 2088 3549 eo
2116 3496 2261 3565 quod
2295 3512 2405 3550 non
2451 3502 2702 3566 Oporteat
2731 3495 2933 3566 ipsum,
2983 3496 3126 3551 sicut
3156 3505 3209 3550 et
3244 3493 3601 3561 frumentum,

2021 3602 2145 3641 cum
2166 3586 2276 3642 Deo
2302 3601 2642 3657 comparare,
2671 3604 2997 3658 suspensum
3028 3602 3335 3643 sermonem
3371 3587 3602 3649 dimisit.

2024 3678 2176 3732 nulla
2209 3679 2420 3733 ratione
2451 3679 2555 3732 alia
2590 3688 2923 3750 prwstruens
2951 3680 3006 3734 in
3030 3680 3131 3734 hac
3162 3688 3312 3749 parte
3333 3677 3455 3733 Filii
3478 3695 3601 3733 cum

2023 3769 2183 3826 Patre
2226 3770 2624 3839 disparitatem,
2659 3771 2817 3841 quasi
2857 3787 2919 3825 ea
2961 3787 3082 3839 qua:
3116 3773 3169 3825 in
3216 3787 3387 3841 grano
3421 3773 3601 3826 consi-

2023 3861 2306 3925 derantur,
2344 3861 2537 3917 idonea
2577 3871 2761 3917 essent
2785 3862 2851 3917 ad
2881 3862 3005 3917 Filii
3034 3879 3156 3917 cum
3201 3863 3381 3925 Patre,
3414 3880 3606 3918 secun-

2023 3952 2154 4007 dum
2212 3952 2265 4007 id
2314 3952 2461 4023 quod
2513 3964 2599 4008 est
2642 3954 2925 4016 humilius,
2972 3953 3335 4007 differentiam
3380 3955 3604 4009 demon-

2024 4044 2327 4101 strandam.
2360 4045 2467 4099 Sed
2493 4044 2560 4099 de
2584 4045 2761 4101 Patris
2810 4045 3325 4116 incorruptibilitate
3355 4047 3600 4111 disserit,

2024 4137 2170 4207 quod
2212 4153 2320 4192 non
2371 4137 2503 4193 insit
2531 4136 2581 4191 ei
2611 4152 2674 4192 ex
2722 4144 2869 4193 actu.
2916 4135 3026 4206 Ego
3072 4145 3276 4204 autem,
3332 4138 3602 4207 siquidem

2025 4236 2181 4285 actus
2212 4229 2431 4299 quidam
2476 4236 2561 4285 est
2599 4243 2727 4285 vera
2770 4236 2823 4283 et
2851 4229 3161 4285 essentialis
3189 4230 3318 4295 vita,
3369 4230 3601 4300 seipsam

2023 4319 2281 4383 efficiens,
2327 4328 2381 4375 et
2422 4322 2468 4376 si
2513 4320 2655 4375 idem
2695 4330 2779 4376 est
2810 4321 3109 4375 secundum
3147 4322 3602 4392 significationem

2024 4419 2078 4465 et
2111 4427 2327 4482 semper
2349 4412 2551 4479 vivere,
2575 4421 2629 4467 et
2660 4427 2938 4482 nunquam
2966 4412 3019 4467 in
3045 4413 3321 4468 interitum
3349 4412 3600 4477 dissolvi,

2026 4502 2264 4557 nondum
2302 4502 2494 4558 rationi
2528 4505 2817 4570 assentior,
2858 4504 2956 4559 sed
2990 4505 3225 4575 propriis
3258 4505 3394 4559 locis
3429 4520 3603 4560 reser-

2025 4593 2181 4647 vabo.
2208 4594 2363 4659 Quod
2389 4592 2605 4663 quidem
2630 4609 2737 4649 una
2759 4605 2843 4649 est
2874 4595 3023 4650 notio
3048 4596 3601 4665 incorruptibilitatis,

2029 4700 2149 4755 qua:
2194 4686 2384 4740 eodem
2430 4687 2591 4741 modo
2631 4688 2686 4741 in
2718 4685 2880 4743 Patre
2923 4695 2977 4742 ct
3004 4686 3143 4743 Filio
3179 4688 3516 4757 intelligitur,
3551 4699 3606 4743 et

2028 4775 2178 4830 nulla
2239 4791 2299 4830 re
2349 4776 2494 4846 quod
2544 4776 2599 4830 in
2642 4776 2803 4832 Patre
2850 4778 3261 4848 incorruptibile
3285 4787 3388 4841 est,
3418 4794 3447 4831 a
3481 4777 3605 4832 Filii

2028 4869 2543 4939 incorruptibilitate
2582 4869 2782 4935 differt,
2838 4886 3015 4941 neque
3044 4871 3368 4927 remissione
3400 4871 3603 4941 aliqua,

2030 4977 2204 5031 neque
2237 4961 2561 5025 intentione,
2592 4977 2717 5015 cum
2759 4977 2860 5017 nec
2888 4963 3070 5032 aliquo
3100 4963 3206 5017 alio
3238 4964 3607 5033 corruptionis

2030 5051 2535 5117 mododifTerentia,
2552 5068 2674 5121 qua:
2695 5052 2993 5108 secundum
3014 5052 3603 5122 incnrruptibilitatem,

2030 5141 2361 5205 inveniatur,
2392 5142 2497 5197 hoc
2527 5142 2689 5196 etiam
2721 5157 2868 5195 nunc
2917 5143 3040 5196 dico
3067 5148 3434 5212 opportunum
3481 5157 3606 5196 esse

2029 5240 2083 5288 et
2112 5247 2323 5303 semper
2348 5232 2551 5297 dicere,
2581 5232 2728 5302 quod
2751 5232 2958 5286 nullum
2990 5249 3088 5304 per
3113 5234 3218 5287 hoc
3241 5232 3418 5288 locum
3446 5232 3610 5286 habet

2029 5325 2148 5394 ejus
2178 5339 2379 5387 sermo,
2431 5340 2529 5394 per
2568 5323 2999 5394 incorruptionis
3043 5324 3347 5389 notionem,
3404 5323 3605 5378 Filium

2030 5432 2154 5471 cum
2189 5415 2348 5471 Patre
2387 5417 2591 5471 nullam
2636 5417 2836 5471 habere
2865 5416 3117 5472 essentia:
3160 5416 3602 5471 communionem

2030 5524 2304 5566 asserens.
2342 5508 2495 5563 Sicut
2521 5509 2663 5563 enim
2687 5510 2739 5561 in
2765 5507 2926 5563 Patre
2952 5508 3441 5579 incorruptibilitas
3464 5524 3608 5563 com-

2030 5601 2406 5672 prehenditur,
2432 5602 2512 5656 sie
2528 5610 2580 5655 et
2605 5602 2657 5655 in
2684 5599 2973 5671 Unigenito
2998 5617 3121 5657 esse
3150 5617 3260 5656 non
3288 5601 3601 5672 ambigituq.

2030 5694 2189 5761 Quod
2225 5694 2371 5749 enim
2421 5694 2671 5747 interitus
2703 5708 2809 5746 non
2836 5702 2919 5747 est
2950 5707 3143 5763 capax,
3197 5694 3342 5764 quod
3385 5693 3603 5764 quidem

2031 5784 2520 5857 incorruptibilitas
2570 5791 2627 5840 et
2675 5793 2757 5839 est
2801 5792 2855 5839 et
2915 5784 3133 5851 dicitur,
3177 5787 3461 5856 aequalem,
3520 5788 3603 5839 vet

2031 5878 2217 5951 potius
2249 5877 2496 5936 eamdem
2530 5876 2693 5933 habet
2726 5876 3013 5945 rationem,
3050 5878 3104 5932 in
3138 5892 3467 5946 quocunque
3517 5877 3603 5931 di-

3162 5965 3235 6028 33
