4146 6386
556 423 698 478 ισδε

1805 419 1859 474 S.
1897 412 2223 475 GREGORII
2254 414 2531 472 NYSSEN

3672 403 3819 459 1056

555 517 719 567 citur.
779 508 919 575 Quid
967 508 1129 579 igitur
1178 508 1390 575 didicit,
1445 524 1543 563 cur
1590 509 1691 564 soli
1734 509 1977 581 ingenito
2019 508 2130 564 Deo

2253 509 2381 580 πόνῳ
2435 504 2845 580 προσμαρτυρεῖ
2888 500 2965 574 τῷ
3013 499 3293 571 ἀγεννήτῳ
3338 495 3491 566 Θεῷ,
3542 494 3603 547 τὸ
3644 497 3720 566 μὴ
3752 494 3822 560 ἐξ

555 601 827 665 attribuit,
861 617 968 656 non
1010 617 1076 655 ex
1109 609 1234 656 actu
1265 618 1388 657 esse
1428 602 1603 672 ipsius
1649 602 2136 673 incorruptibilita-

555 706 683 761 tem,
712 702 969 763 tanquam
1000 709 1095 762 per
1132 694 1237 748 hoc
1265 692 1442 749 Patris
1473 707 1503 747 a
1537 692 1676 759 Filio
1706 692 2133 763 discrepantiam

556 781 983 837 demonstrans?
1016 782 1076 836 Si
1097 783 1243 837 enim
1266 782 1674 850 eorruptibilem
1704 784 1961 853 supponit
1982 798 2136 837 crea-

556 881 672 928 tum
696 888 856 928 suum
883 872 1073 941 Deum,
1102 874 1365 942 praeclare
1392 873 1770 943 corruptibilis
1797 889 1920 927 cum
1956 874 2137 928 incor-

555 964 803 1035 ruptibili
851 964 1175 1031 diﬂ‘erentia,
1228 980 1347 1021 eam
1378 980 1498 1034 qua:
1543 965 1842 1019 secundum
1886 975 2139 1019 naturam

556 1064 662 1123 est,
697 1057 1125 1126 discrepantiam
1155 1059 1417 1114 ostendit.
1450 1057 1606 1124 Quod
1654 1057 1699 1112 si
1738 1057 1990 1112 interitus
2030 1072 2138 1110 non

559 1160 729 1215 capax
760 1147 951 1202 eodem
984 1146 1147 1202 modo
1172 1155 1255 1202 est
1298 1156 1560 1218 uterque;
1607 1163 1784 1217 neque
1814 1147 2011 1216 magis,
2042 1162 2141 1200 ne-

561 1254 669 1309 que
694 1239 879 1293 minus
910 1240 967 1293 in
996 1239 1538 1309 incorruptibilitate,
1564 1255 1683 1309 quae
1714 1240 2012 1294 secundum
2045 1253 2142 1292 na-

562 1338 742 1384 turam
775 1340 879 1398 est,
910 1330 1410 1401 comprehenditur,
1458 1331 1732 1401 quomodo
1770 1330 1981 1385 Patrem
2013 1345 2138 1385 cum

563 1424 847 1493 unigenito
886 1422 1025 1478 Filio
1066 1438 1175 1478 non
1210 1439 1372 1493 posse
1406 1424 1713 1493 comparari
1766 1422 2139 1476 demonstrat?

563 1512 661 1569 Vel
696 1515 826 1584 quid
857 1515 973 1569 vult
1021 1530 1131 1569 non
1160 1529 1225 1569 ex
1259 1525 1382 1568 actu
1428 1531 1673 1569 asserere
1702 1513 1849 1567 Patri
1881 1514 2023 1583 quod
2057 1514 2141 1567 in-

563 1604 920 1673 corruptibile
965 1605 1087 1659 est?
1140 1603 1244 1658 Sed
1285 1619 1512 1672 scopum
1567 1604 1767 1657 evolvit
1804 1613 1858 1657 et
1908 1603 2144 1671 explicat

564 1710 817 1750 sermone
872 1702 1153 1765 sequente.
1195 1693 1315 1748 Non
1364 1710 1430 1748 ex
1476 1693 1907 1764 operationibus,
1946 1693 2138 1761 inquit,

564 1785 1000 1854 incorruptibilis
1050 1792 1157 1857 est,
1203 1792 1257 1839 et
1296 1785 1594 1854 ingenitus,
1635 1782 1731 1838 sed
1766 1790 1827 1837 ut
1871 1781 2033 1837 Pater
2087 1788 2144 1837 et

564 1874 754 1927 mundi
794 1873 995 1943 opifex.

637 1973 736 2027 ilic
778 1974 908 2027 mihi
942 1980 1178 2029 attentas
1218 1988 1380 2028 aures
1419 1973 1661 2043 prabere
1690 1973 1993 2028 auditorem
2027 1988 2141 2027 ma-

2237 603 2517 674 ὲνεργείας
2544 595 2683 653 εἶναι
2716 598 2814 669 τὴν
2844 593 3150 665 ἀφθαρσίαν
3186 587 3372 653 αὑτοῦ,
3408 588 3483 651 ὡς
3510 586 3597 639 διὰ
3622 586 3822 641 τούτου

2236 697 2335 767 τὴν
2372 694 2511 749 κατά
2551 692 2645 746 τοῦ
2682 689 3018 758 Μονογενοῦς
3062 681 3417 755 παραλλαγὴν
3455 681 3665 752 Πατρὸς
3707 681 3827 733 δει-

2238 787 2447 851 κνύων;
2496 786 2557 839 Εἰ
2601 785 2697 855 μὲν
2724 782 2831 854 γὰρ
2870 779 3104 851 φθαρτὸν
3132 775 3445 830 ὑποτίθεται
3478 773 3569 826 τὸν
3598 772 3829 825 κτιστὸν

2238 879 2430 934 ἑαυτοῦ
2463 876 2617 941 Θεὸν,
2653 874 2830 936 καλῶς
2855 874 2921 943 τῇ
2957 870 3049 925 τοῦ
3088 865 3327 939 φθαρτοῦ
3360 866 3494 936 πρὸς
3521 866 3581 917 τὸ
3607 863 3829 933 ἄφθαρ-

2237 992 2328 1028 τον
2356 972 2621 1041 διαφορᾷ,
2651 967 2748 1040 τὴν
2782 965 2923 1020 κατά
2958 963 3056 1034 τὴν
3095 961 3255 1031 φύσιν
3295 956 3648 1030 παραλλαγὴν
3677 957 3829 1008 ἀπο-

2238 1066 2527 1120 δείκνυσιν.
2562 1064 2622 1115 Εί
2650 1062 2706 1115 δὲ
2731 1059 3080 1118 ἀνεπίδεκτος
3108 1055 3313 1124 φθορᾶς
3334 1050 3595 1113 ὡσαύτως
3623 1050 3825 1103 ἑκάτε-

2243 1176 2352 1230 ρος,
2389 1157 2483 1211 καὶ
2509 1154 2630 1208 οὔτε
2668 1153 2729 1206 τὸ
2767 1151 2985 1223 μᾶλλον,
3022 1148 3143 1202 οὔτε
3182 1148 3243 1199 τὸ
3282 1143 3445 1215 ἧττον
3479 1145 3536 1197 ἐν
3566 1146 3632 1214 τῇ
3674 1142 3826 1231 κατά

2240 1251 2400 1321 φύσιν
2435 1247 2711 1320 ἀφθαρσίᾳ
2740 1241 3239 1313 καταλαμϐάνεται·
3285 1238 3403 1301 πῶς
3445 1235 3681 1289 δείκνυσι
3719 1231 3821 1287 τοῦ

2239 1343 2453 1416 Πατρὸς
2474 1343 2609 1414 πρὸς
2634 1340 2726 1393 τὸν
2758 1336 3017 1410 μονογενῆ
3042 1334 3168 1387 Υίὸν
3191 1331 3251 1385 τὸ
3276 1330 3604 1401 ἀσύγκριτον
3626 1344 3640 1392 ;
3662 1327 3735 1379 Ἦ
3761 1325 3823 1416 τί

2243 1411 2489 1508 βούλεται
2523 1411 2584 1486 τὸ
2626 1431 2699 1502 μὴ
2742 1430 2803 1493 ἐξ
2845 1426 3120 1497 ἐνεργείας
3164 1418 3702 1495 προσμαρτυρεῖσθαι
3739 1411 3823 1488 τῷ

2240 1527 2413 1597 Πατρὶ
2437 1526 2498 1578 τὸ
2531 1524 2835 1595 ἄφθαρτον;
2869 1519 3006 1571 Ἀλλ’
3028 1516 3356 1570 ἐκκαλύπτει
3386 1513 3475 1566 τὸν
3506 1511 3704 1565 σκοπὸν
3737 1509 3823 1579 τῷ

2243 1616 2381 1689 μετὰ
2397 1614 2569 1669 ταῦτα
2592 1612 2735 1683 λόγῳ
2755 1628 2767 1641 ’
2792 1612 2894 1663 οὐκ
2916 1608 2975 1675 ἐξ
2994 1606 3303 1679 ἐνεργειῶν,
3336 1604 3519 1675 φησὶν,
3542 1600 3821 1672 ἄφθαρτός

2241 1712 2357 1764 ἐστι
2396 1707 2491 1762 καὶ
2523 1705 2849 1776 ἀγέννητος,
2882 1701 2957 1765 ὡς
2998 1700 3188 1770 Πατὴρ
3235 1697 3290 1750 δὲ
3342 1697 3434 1749 καὶ
3468 1692 3818 1766 δημιουργός.

2311 1978 2499 2049 Τούτῳ
2537 1992 2625 2047 μοι
2649 1970 2934 2045 προσέχειν
2963 1966 3194 2038 μάλιστα
3228 1962 3316 2015 τὸν
3347 1959 3619 2030 ἀκροατὴν
3656 1954 3816 2022 ἀξιῶ.

564 2066 709 2120 xime
750 2067 982 2136 postulo.
1019 2064 1303 2130 Quomodo
1353 2065 1496 2121 idem
1533 2081 1654 2121 esse
1710 2074 1865 2136 putat
1908 2066 2141 2121 duorum

2253 2074 2368 2137 Πῶς
2393 2069 2587 2124 ταύτὸν
2610 2066 2779 2119 οἴεται
2806 2063 2916 2117 τῶν
2944 2059 3036 2113 δύο
3072 2057 3277 2112 τούτων
3312 2052 3589 2122 ὀνομάτων
3630 2049 3688 2101 τὸ
3718 2066 3822 2117 ση-

568 2161 761 2215 horum
792 2161 1073 2215 nominum
1107 2162 1494 2229 signiﬁcatum,
1532 2164 1850 2224 creationis,
1894 2162 2140 2233 inquam,

2253 2165 2585 2237 μαινόμενον,
2613 2157 2713 2228 τῆς
2733 2151 3110 2225 δημιουργίας,
3131 2148 3303 2237 λέγω,
3321 2146 3415 2198 καὶ
3434 2144 3530 2237 της
3552 2141 3821 2237 πατρότη-

564 2262 619 2307 et
674 2252 1049 2322 paternitatis?
1104 2252 1487 2323 Operationem
1558 2255 1702 2309 enim
1762 2270 1885 2310 esse
1946 2254 2142 2309 horum

2253 2230 2353 2320 τος
2388 2230 2663 2323 ἐνέργειαν
2690 2248 2798 2317 γάρ
2823 2239 2959 2296 εἶναι
2987 2239 3189 2293 τούτων
3216 2236 3468 2305 ἑκάτερον
3490 2232 3681 2302 ἐπίσης
3708 2230 3825 2300 ὁρί-

566 2358 859 2418 utrumque
887 2363 953 2403 ex
973 2363 1132 2417 aequo
1163 2349 1372 2411 deﬁnit,
1409 2349 1611 2404 diserte
1640 2349 1721 2403 sic
1745 2364 1996 2404 sermone
2018 2365 2145 2419 pro-

2253 2351 2414 2415 ζεται,
2446 2344 2630 2414 σαφῶς
2653 2340 2823 2401 οὕτως
2840 2332 3167 2405 διαγορεύων
3189 2329 3265 2399 τῷ
3284 2327 3446 2397 λόγῳ,
3469 2326 3549 2378 ὅτι
3573 2326 3825 2391 Ἃρθαρο

567 2440 856 2496 nuntians:
921 2440 1349 2509 Ittcorruptibilis
1403 2459 1506 2495 non
1570 2452 1757 2497 estea:
1818 2444 2140 2510 operatione,

2253 2411 2347 2508 ὲος
2375 2411 2491 2509 μέν
2526 2411 2637 2488 δικ
2680 2427 2943 2498 ἐνεργείᾳ
2985 2423 3194 2485 ἐστὶν,
3234 2416 3443 2519 Πατὴρ
3478 2413 3557 2519 δὲ,
3588 2413 3683 2465 και
3725 2411 3827 2519 εἶτ.

572 2532 735 2586 Pater
764 2543 939 2587 autem
962 2543 1011 2587 et
1044 2534 1230 2587 mundi
1259 2533 1434 2602 opifex
1464 2550 1529 2587 ex
1558 2535 1946 2603 operationibus
1978 2536 2145 2589 nomi-

2253 2505 2523 2601 ptovjordq
2553 2525 2620 2589 ἐξ
2650 2517 2956 2590 ἐνεργειῶν
2990 2510 3348 2603 ὀνομάζεται.
3477 2505 3653 2603 τοίνυν
3687 2505 3827 2603 ταὺ-

569 2633 749 2675 natur.
784 2623 839 2676 Si
870 2624 1034 2694 igitur
1062 2624 1205 2678 idem
1241 2594 1324 2678 est
1347 2594 1569 2678 Patrem
1591 2594 1651 2679 'et
1674 2625 1859 2677 mundi
1893 2626 2144 2694 opiﬁcem

2253 2594 2337 2678 τόν
2376 2594 2491 2674 ἐστι
2518 2614 2738 2685 Πατέρα
2764 2628 2823 2663 τε
2849 2610 2944 2662 καὶ¹
2974 2602 3301 2676 δημιουργὸν
3333 2599 3491 2697 αὐτὸν
3524 2594 3781 2697 λέγεσθαι
3809 2630 3824 2654 ,

569 2714 747 2783 ipsum
782 2715 909 2779 dici,
942 2715 1069 2784 quia
1100 2715 1345 2785 Operatio
1374 2718 1443 2771 sit
1472 2715 1519 2769 ei
1550 2715 1833 2769 amborum
1864 2718 2145 2771 nominum

2253 2717 2324 2785 τῷ
2347 2714 2444 2784 τὴν
2474 2710 2753 2778 ἐνέργειαν
2775 2699 3099 2773 ἀμφοτέρων
3138 2692 3286 2763 αὑτῷ
3310 2688 3553 2785 γίνεσθαι
3578 2687 3686 2740 τῶν
3714 2687 3829 2785 ὀνο-

569 2823 756 2870 causa,
792 2823 1016 2863 necesse
1050 2817 1131 2862 est
1162 2808 1387 2862 omnino
1417 2808 1797 2877 operationum
1826 2808 2015 2863 eil‘ecta
2049 2824 2145 2863 co-

570 2915 769 2970 geuere
798 2915 857 2955 se
890 2900 1090 2954 habere
1122 2900 1262 2953 inter
1301 2915 1380 2964 se,
1410 2915 1477 2953 ex
1508 2914 1572 2954 eo
1601 2900 1718 2970 ipso
1753 2900 1898 2970 quod
1927 2917 1995 2955 ex
2020 2916 2149 2969 ope-

572 2992 784 3046 ratione
835 2991 1087 3046 similiter
1127 2992 1254 3046 sint.
1294 2989 1407 3046 Hoc
1457 2998 1640 3046 autem
1689 2990 1756 3046 ad
1790 3007 1949 3063 quem
2003 2992 2150 3049 blas-

573 3082 801 3152 phemia:
833 3083 1125 3136 terminum
1158 3097 1253 3151 per
1276 3083 1724 3151 consequentiam
1756 3082 2001 3147 effertur,
2033 3082 2150 3137 cui-

572 3173 655 3228 vis
688 3175 1034 3243 perspicuum
1068 3180 1151 3228 est
1176 3172 1373 3228 scienti
1403 3188 1625 3228 cernere
1646 3173 1775 3243 quid
1805 3174 2003 3244 cuique
2025 3191 2149 3229 con-
2176 3205 2220 3265 α

574 3274 855 3337 sequatur.
891 3265 1004 3336 Ego
1035 3281 1165 3330 vero
1202 3280 1542 3336 quaecunque
1581 3266 1649 3321 de
1677 3266 1764 3322 his
1796 3270 2009 3323 ratione
2033 3268 2148 3321 col-

572 3359 705 3430 ligo,
753 3374 1069 3415 sermonum
1116 3358 1489 3429 disquisitioni
1535 3358 1659 3413 volo
1711 3358 1969 3427 adjicere.
2004 3357 2149 3415 Fieri

574 3468 685 3507 non
731 3457 929 3522 potest,
977 3458 1037 3505 ut
1075 3450 1322 3521 operatio
1355 3450 1436 3506 rei
1469 3450 1705 3519 alicujus
1736 3450 1977 3506 eﬂ‘ectrix
2033 3452 2152 3521 ipsa

575 3560 672 3613 per
702 3559 759 3597 se
784 3542 1069 3607 subsistat,
1113 3540 1159 3596 si
1186 3556 1293 3594 non
1334 3540 1525 3596 subest
1552 3539 1757 3609 aliquid
1786 3540 1931 3609 quod
1962 3555 2153 3608 opera-

576 3637 741 3689 tionis
774 3646 976 3687 motum
1011 3633 1296 3702 suscipiat,
1324 3632 1490 3687 veluti
1519 3632 1735 3703 operari
1770 3632 2005 3687 dicimus
2026 3647 2150 3686 eum

578 3726 667 3793 qui
700 3740 772 3778 aes
800 3724 1072 3793 procudit,
1108 3724 1243 3779 elIici
1276 3740 1405 3779 vero
1428 3724 1714 3779 materiam
1744 3740 1867 3795 qum
1896 3724 1995 3778 arti
2024 3724 2155 3779 sub-

575 3814 719 3881 jecta
751 3822 852 3869 est.
891 3816 1030 3883 Ergo
1059 3813 1173 3868 hac
1211 3814 1355 3868 inter
1382 3829 1441 3868 se
1461 3814 1827 3868 necessariam
1859 3813 2151 3884 quamdam

580 3904 895 3958 relationem
921 3904 1143 3967 habent,
1175 3903 1359 3959 eﬂicax
1387 3912 1439 3959 et
1465 3905 1705 3974 patibilis
1735 3904 1990 3965 facultas.
2022 3921 2157 3975 quo-

580 4012 697 4048 rum
736 3996 778 4049 si
817 3996 1027 4050 ratione
1070 3996 1297 4050 alterum
1351 3994 1513 4050 fuerit
1553 4005 1884 4065 separatum,
1940 4012 2051 4051 non
2100 3999 2153 4050 in

580 4088 759 4155 scipso
814 4102 909 4156 per
965 4102 1023 4141 se
1085 4087 1314 4141 alterum
1366 4087 1697 4142 constiterit.
1754 4088 1812 4142 Si
1865 4088 2009 4141 enim
2047 4103 2155 4141 non

584 4179 747 4234 fuerit
771 4179 917 4249 quod
954 4180 1177 4248 patitur,
1208 4179 1353 4249 quod
1385 4186 1509 4248 agat
1535 4194 1644 4233 non
1677 4179 1802 4234 erit.
1827 4178 1968 4244 Quid
1994 4179 2158 4249 igitur

582 4274 645 4325 ex
683 4274 784 4324 hoc
811 4271 1120 4333 conﬁcitur,
1171 4271 1218 4325 si
1251 4286 1359 4324 non
1397 4285 1492 4340 per
1524 4284 1583 4325 se
1626 4270 1883 4325 consistit
1914 4270 2159 4340 operatio

584 4363 664 4416 rei
710 4363 943 4429 alicujus
986 4361 1255 4426 eﬁ‘ectrix,
1296 4362 1341 4417 si
1383 4376 1491 4415 non
1525 4361 1669 4416 adsit
1718 4360 2021 4431 subjectum
2062 4377 2159 4431 pa-

585 4454 767 4508 tiens?
805 4453 966 4507 Pater
1005 4462 1206 4515 autem,
1239 4454 1381 4508 sicut
1414 4453 1501 4508 isti
1532 4452 1707 4516 aiunt,
1734 4454 1870 4507 nihil
1906 4453 2051 4507 aliud
2078 4461 2160 4508 est

2252 2776 2437 2882 μάτων
2477 2776 2687 2863 αἰτίαν,
2714 2795 2929 2863 ἀνάγκη
2964 2790 3112 2843 πᾶσα
3153 2786 3246 2882 καί
3273 2785 3343 2882 τά
3378 2781 3486 2835 τῶν
3534 2776 3829 2882 ἐνεργειῶν

2248 2870 2662 2965 ἀποτελέσματα
2694 2885 2969 2959 ὁμογενῶς
2992 2882 3133 2952 ἔχειν
3162 2877 3427 2947 ἀλλήλοις,
3453 2875 3575 2965 κατῖ
3604 2871 3735 2926 αὐτὸ
3746 2870 3830 2965 *τὸ

2249 2988 2310 3057 ἐξ
2365 2961 2644 3058 ἐνεργείας
2697 2978 2896 3051 ὁμοίως
2946 2968 3105 3026 εἶναι.
3161 2967 3329 3021 Τοῦτο
3376 2965 3431 3020 δὲ
3488 2962 3630 3058 πρὸςῄ
3672 2961 3831 3013 ποῖον

2253 3054 2600 3156 βλασφημίας
2654 3072 2826 3143 πέρας
2879 3067 2965 3120 διὰ
3005 3066 3103 3136 τῆς
3141 3058 3459 3156 ἀκολουθίας
3503 3054 3793 3156 ἐκφέρεται
3804 3091 3829 3156 -,

2253 3143 2417 3230 παντί
2452 3143 2613 3241 δῆλόν
2661 3168 2777 3219 ἐστι
2813 3161 2890 3233 τῷ
2937 3155 3283 3227 ἐπισταμένῳ
3331 3150 3545 3221 βλέπειν
3768 3143 3834 3241 τὸ

2252 3235 2562 3328 ἀκόλουθον.
2606 3256 2746 3326 Ἐγὼ
2772 3256 2814 3310 δ’
2839 3255 2937 3307 ὅσα
2966 3251 3094 3321 περὶ
3129 3247 3330 3301 τούτων
3358 3243 3661 3311 λογίζομαι,
3702 3235 3830 3308 βού-

2251 3366 2414 3433 λομαι
2463 3353 2774 3427 προσθεῖναι
2826 3350 2892 3417 τῇ
2948 3340 3288 3406 συνεξετάσει
3334 3336 3443 3390 τῶν
3474 3334 3667 3433 λόγων.
3716 3331 3834 3433 Ούκ

2252 3424 2400 3510 ἔστιν
2432 3424 2710 3521 ἐνέργειαν
2743 3436 3151 3511 ἀπεργαστικήν
3190 3449 3333 3495 τινος
3380 3429 3701 3521 πράγματος
3732 3424 3833 3521 αξ-

2252 3549 2351 3619 τὴν
2375 3546 2460 3615 ἐφ’
2494 3517 2694 3608 ἐαυτῆς
2724 3532 3005 3600 συστῆναι,
3040 3529 3112 3619 μή
3141 3542 3281 3619 τινος
3313 3518 3705 3619 ὑποδεχομένου
3734 3517 3835 3619 ei};

2254 3604 2535 3709 ἐνεργείας
2579 3604 2677 3700 τὴν
2716 3625 2931 3694 κίνησιν
2953 3635 2967 3651 ο
3013 3616 3124 3671 οἷον
3156 3616 3414 3686 ἐνεργεῖν⁴
3442 3611 3494 3664 τί
3525 3624 3703 3709 φαμεν
3742 3604 3836 3709 τὸν

2254 3703 2604 3810 χαλκεύοντα,
2645 3722 2982 3797 ἐνεργεῖσθαι
3012 3718 3069 3810 δὲ
3097 3716 3194 3787 τὴν
3226 3710 3549 3810 ἐγκειμένην
3579 3706 3721 3806 Ῠλην

2254 3793 2439 3896 τέχνῃ.
2468 3816 2677 3876 υύκοῦν
2695 3793 2996 3881 ἀναγκαίαν
3023 3807 3133 3877 ἔχει
3152 3801 3274 3857 τινὰ
3300 3799 3482 3871 σχέσιν
3506 3796 3679 3849 ταῦτα
3697 3793 3835 3899 πρὸς

2258 3888 2461 3987 ἄλληλα
2493 3914 2528 3983 ἡ
2560 3904 2885 3979 ἐνεργητικὴ
2927 3900 3021 3953 καὶ
3062 3899 3095 3967 ή
3140 3892 3445 3987 παθητικὴῄ
3463 3888 3688 3987 δύναμις
3712 3926 3728 3950 ,
3760 3888 3837 3985 ὢν

2259 4012 2307 4063 εἰ
2334 3978 2628 4078 χωρισθείη
2653 3978 2733 4067 τῷ
2760 3995 2907 4062 λόγῳ
2948 3990 3008 4043 τὸ
3036 3989 3226 4078 ἕτερον
3238 4026 3253 4051 ,
3293 3984 3393 4078 οὐκ
3416 3982 3480 4078 ἄν
3509 3978 3592 4078 ἐφ’
3640 3978 3835 4078 ἑαυτοῦ

2261 4065 2488 4166 συσταίη
2515 4065 3057 4153 καὶτὸ-λειπόμενον.
3085 4079 3148 4131 Et
3171 4075 3280 4147 γὰρ
3308 4076 3381 4166 μὴ
3410 4071 3473 4126 τὸ
3495 4070 3703 4140 πάσχον
3726 4065 3835 4166 εἴη,

2259 4190 2321 4243 τὸ
2339 4160 2592 4259 ἐνεργοῦν
2620 4183 2719 4236 οὐκ
2750 4178 2922 4231 ἔσται.
2957 4173 3021 4226 Τί
3048 4166 3141 4225 οὖν
3174 4170 3239 4221 ἐκ
3266 4165 3455 4220 τούτου
3491 4160 3837 4215 κατασκευά-

2261 4252 2450 4346 ζεται,
2476 4252 2543 4329 ἐί
2584 4274 2644 4327 οὐ
2675 4270 2987 4324 συνίσταται
3030 4262 3150 4316 καθ’
3186 4258 3382 4328 ἐαυτὴν
3419 4258 3453 4325 ἡ
3483 4254 3755 4323 ἐνέργεια,
3798 4252 3837 4346 η

2261 4339 2651 4433 ἀποτελεστική
2681 4376 2824 4421 τινος
2860 4355 3202 4427 πράγματος,
3236 4349 3311 4421 μὴ
3351 4343 3711 4414 ὑποκειμένου
3740 4339 3837 4393 τοῦ

2262 4461 2600 4529 πάσχοντος;
2644 4432 2709 4505 Ὃ
2742 4447 2932 4520 Πατὴρ
2968 4446 3045 4513 δὲ,
3085 4442 3266 4504 καθὼς
3296 4434 3439 4493 οὗτοί
3473 4452 3655 4529 φασιν,
3681 4432 3838 4529 οὐδὲν

585 4563 746 4615 quam
777 4547 1055 4613 operatio:
1111 4545 1352 4615 patibilis
1384 4545 1548 4613 igitur
1574 4560 1669 4614 per
1704 4544 1817 4598 haec
1846 4545 2152 4614 unigenitus

2263 4524 2450 4624 ἔτερόν
2474 4550 2620 4602 ἐστιν
2653 4545 2686 4616 ἢ
2716 4543 2965 4613 ἐνέργεια
2985 4556 2998 4569 ο
3040 4534 3276 4605 παθητὸς
3303 4534 3409 4624 ἄρα
3450 4530 3537 4624 διά
3566 4524 3845 4624 τούτων-ὁ

586 4636 756 4692 Filius
791 4639 1220 4701 demonstratur,
1247 4636 1311 4690 ad
1354 4636 1648 4689 motionem
1681 4635 2012 4703 operationis
2042 4651 2161 4706 quae

586 4733 765 4799 ipsum
818 4731 1118 4786 subsistere
1165 4730 1296 4783 facit
1315 4728 1652 4784 eﬁ'ormatus.
1689 4728 2160 4795 Quemadmodum

586 4825 729 4877 enim
763 4824 999 4877 universi
1047 4821 1383 4876 conditorem
1429 4820 1684 4885 dicimus,
1733 4820 2008 4890 patibilem
2057 4822 2160 4874 ali-

588 4929 749 4984 quam
791 4921 845 4968 et
886 4912 1044 4966 facile
1075 4912 1352 4966 cedentem
1381 4911 1664 4965 materiam
1696 4910 2020 4979 subjecisse,
2054 4912 2163 4965 sic-

586 5021 693 5076 que
721 5005 988 5061 eﬁicacem
1022 5005 1103 5057 sui
1128 5004 1301 5071 ipsius
1323 5003 1687 5072 operatricem
1721 5004 2013 5058 essentiam
2036 5002 2157 5058 effe-

586 5099 755 5152 cisse:
797 5099 850 5151 in
885 5097 1237 5151 sensibilibus
1267 5094 1487 5165 quidem
1511 5096 1690 5150 varias
1718 5103 1774 5150 et
1797 5096 2163 5151 multiformes

586 5190 838 5258 subjecto
887 5190 1178 5259 qualitates
1233 5188 1300 5241 ad
1347 5188 1617 5258 cujusque
1655 5204 1844 5243 eorum
1876 5204 1997 5259 quae
2026 5188 2163 5242 ﬁunt

585 5282 923 5337 eﬁ‘ectionem
950 5281 1244 5335 artiﬁciose
1271 5280 1637 5347 inserentem;
1678 5288 1731 5333 at
1759 5294 1888 5335 vero
1921 5280 1974 5334 in
2004 5280 2163 5335 intel-

586 5371 885 5443 ligibilibus
923 5373 1096 5425 altero
1145 5370 1328 5433 modo,
1362 5385 1474 5425 non
1521 5356 1880 5440 qualitatibus
1921 5371 2017 5426 sed
2051 5369 2163 5425 ele-

585 5468 747 5521 ctivis
777 5464 1201 5534 impulsionibus
1231 5460 1666 5517 conformantem
1706 5461 2031 5528 subjectum.
2072 5458 2163 5513 Sic

587 5561 902 5616 necessario
937 5559 982 5614 si
1016 5557 1313 5613 eﬁicaciam
1342 5556 1467 5625 quis
1496 5552 1719 5609 deﬁniat
1755 5551 2160 5622 paternitatem,

586 5668 695 5709 non
748 5653 905 5705 aliter
948 5648 1347 5705 demonstrabit
1389 5661 1512 5703 esse
1560 5643 1681 5697 Filii
1718 5642 2159 5704 subsistentiam,

588 5742 691 5799 nisi
728 5758 823 5811 per
851 5740 1088 5811 aliquam
1114 5738 1392 5809 patibilem
1426 5735 1709 5790 materiam
1738 5733 1966 5787 omnino
1996 5730 2160 5786 abso;

589 5834 778 5888 tutam.
812 5831 871 5887 Si
912 5831 1054 5887 enim
1084 5828 1405 5902 impatibilis
1434 5826 1864 5891 existimaretur,
1909 5824 2153 5881 renitens

2268 4616 2560 4715 μονογενὴς
2591 4637 2721 4700 Υἱὸς
2752 4631 3150 4690 ἀποδείκνυται,
3182 4624 3315 4715 πρὸς
3344 4622 3442 4693 τὴν
3478 4621 3688 4715 κίνησιν
3734 4616 3841 4715 τῇς

2265 4704 2574 4802 ύφιστώσης
2602 4726 2760 4780 αὑτὸν
2788 4719 3067 4793 ἐνεργείας
3094 4712 3446 4782 τυπούμενος.
3486 4710 3573 4771 Ὠς
3600 4708 3709 4777 γὰρ
3746 4704 3839 4802 τὸν

2262 4799 2357 4877 τοῦ
2402 4819 2601 4882 παντὸς
2634 4814 2961 4887 δημιουργόν
3002 4824 3179 4879 φαμεν
3224 4802 3529 4873 παθητικήν
3576 4816 3697 4853 τινα
3744 4799 3842 4850 καὶ

2264 4915 2503 4968 εύεικτον
2568 4909 2699 4979 ὓλην
2750 4903 3184 4971 ὑποϐαλλόμενον
3234 4895 3451 4965 ἐνεργὸν
3500 4891 3691 4945 ἐαυτοῦ
3738 4892 3842 4961 τὴν

2264 5004 2659 5078 δημιουργικὴν
2682 4999 2865 5053 ούσίαν
2889 4995 3128 5063 ποιῆσαι·
3157 4990 3247 5042 ἐπὶ⁸
3278 4988 3374 5059 μὲν
3402 4986 3510 5039 τῶν
3540 4984 3839 5054 αἰσθητῶν,

2263 5075 2361 5157 τάς
2384 5090 2631 5152 ποικίλας
2649 5106 2708 5140 τε
2732 5087 2824 5139 καὶ
2847 5082 3139 5143 πολυειδεῖς
3158 5078 3234 5149 τῷ
3256 5076 3595 5146 ὑποκειμένῳ
3625 5075 3844 5141 ποιότη-

2264 5202 2363 5246 τας
2413 5182 2548 5254 πρὸς
2588 5180 2687 5249 τὴν
2735 5177 2962 5231 ἑκάστου
2992 5174 3101 5226 τῶν
3151 5170 3451 5241 γινομένων
3494 5167 3842 5237 ἀπεργασίαν

2263 5274 2522 5345 τεχνικῶς
2548 5270 2919 5331 ἐπιϐάλλοντα,
2945 5267 3037 5319 ἐπὶ
3070 5265 3126 5317 δὲ
3157 5263 3262 5315 τῶν
3288 5260 3491 5332 νοητῶν
3514 5259 3600 5312 ἐτε
3611 5276 3699 5330 ρον
3724 5259 3846 5329 τρό-

2265 5382 2366 5418 πον
2394 5363 2513 5434 οὑχὶ
2542 5361 2839 5430 ποιότησιν,
2875 5355 3008 5409 ἀλλὰ
3043 5351 3449 5425 πβοαιρετικαίς
3481 5348 3678 5418 ὁρμαῖς
3723 5345 3843 5397 δια-

2269 5453 2579 5527 μορφούντα
2620 5452 2681 5503 τὸ
2730 5447 3103 5516 ὑποκείμενον.
3149 5442 3334 5503 Οὕτως
3385 5438 3445 5505 ἐξ
3491 5439 3740 5527 ἀνάγκης
3790 5439 3840 5487 εἰ

2264 5525 2541 5615 ἐνέργειάν
2585 5560 2669 5605 τις
2705 5539 2938 5612 ὁρίζοιτο
2986 5537 3083 5607 τὴν
3134 5533 3465 5602 πατρότητα,
3516 5529 3614 5581 οὐκ
3663 5525 3839 5587 ἄλλως

2264 5637 2533 5703 ἀποδείξει
2567 5635 2659 5689 τοῦ
2698 5630 2824 5686 Υἱοῦ
2861 5629 2959 5700 τὴν
2991 5627 3283 5681 ὑπόστασιν
3309 5665 3322 5688 ,
3358 5624 3403 5675 εί
3438 5622 3512 5691 μὴ
3543 5619 3682 5672 κατά
3713 5632 3845 5669 τινα

2266 5730 2514 5801 παθητὴν
2538 5728 2752 5787 πάντως
2778 5720 3211 5796 ἀπεργασθεῖσαν
3237 5715 3384 5786 ὓλην.
3405 5715 3469 5767 Et
3491 5713 3598 5782 γὰρ
3621 5707 3837 5778 ἀπαθὴς

2264 5820 2565 5892 νομισθείη,
2614 5816 2899 5879 ἀντίτυπος
2940 5813 3155 5875 πάντως
3200 5809 3237 5880 ἡ
3281 5805 3517 5863 ἀπάθεια
3558 5802 3638 5874 τῷ
3688 5802 3845 5871 ἐνερ-
