4146 6386
303 387 444 442 Hi5?

1433 385 1712 440 CONTRA
1748 386 2116 452 EUNOMIUM
2156 390 2281 445 LIB.
2319 390 2428 444 ΧΗ.

3421 387 3562 445 MSS

303 500 485 568 γοῦντι
515 499 831 569 γενήσεται,
865 497 1213 568 κωλυομένης
1243 498 1296 550 δέ
1324 499 1419 566 τῆς
1449 501 1752 568 ἐνεργείας,
1784 501 1880 550 οὐκ

1989 502 2146 570 plane
2172 501 2549 571 impatibilitas
2589 499 2838 569 operanti
2871 495 3042 562 foret;
3093 499 3348 570 impedita
3377 512 3559 556 autem

303 592 455 645 ἔσται
484 591 698 655 παντως
731 593 791 645 τὸ
817 591 1230 662 ἐνεργούμενον.
1278 592 1363 654 Ὠς
1394 592 1536 644 δυοῖν
1577 592 1824 663 θάτερον,
1851 592 1883 662 ἢ

303 683 549 754 παθητὴν
599 683 687 737 διὰ
741 683 944 736 τούτων
997 684 1090 737 τοῦ
1145 684 1484 752 Μονογενοῦς
1538 684 1638 753 τὴν
1696 684 1885 737 οὐσίαν

303 778 637 846 ποιήσουσιν,
681 775 768 828 ἵνα
801 778 899 847 τὴν
938 776 1214 847 ἐνέργειαν
1243 776 1478 847 δέξηται,
1516 776 1548 846 ἢ
1596 776 1752 828 τοῦτο
1797 774 1886 828 διὰ

302 869 362 922 τὸ
398 868 669 940 προφανὲς
702 868 800 937 τῆς
834 868 1086 928 ἀσεϐείας
1133 869 1448 931 ὀκνοῦντες,
1484 867 1545 919 τὸ
1579 867 1710 937 μηδέ
1749 867 1884 929 ὅλως

303 961 471 1031 αὐτὴν
503 957 637 1014 εἶναι
664 961 1180 1024 κατασκευάζουσιν.
1221 963 1286 1012 Ὃ
1313 960 1420 1028 γὰρ
1452 959 1641 1014 παθεῖν
1678 958 1883 1012 ἁποπέ·

306 1071 494 1123 φυκεν,
523 1052 644 1106 οὐδὲ
672 1053 770 1124 τὴν
794 1051 1077 1123 ποιητικὴν
1104 1052 1384 1123 ἐνέργειαν
1412 1052 1497 1120 ἐφ’
1529 1050 1719 1103 ἑαυτοῦ
1745 1049 1882 1103 πάν-

301 1157 409 1207 τως
439 1145 737 1214 προσίεται.
781 1145 838 1198 '0
863 1146 1040 1197 τοίνυν
1067 1144 1342 1214 ἐνεργείας
1369 1143 1511 1206 τινὸς
1539 1141 1882 1211 ἀποτέλεσμα

301 1237 394 1288 τὸν
426 1236 553 1289 Υίὸν
591 1236 864 1307 διορίζων,
911 1237 969 1289 ἓν
1011 1254 1063 1288 τι
1098 1236 1191 1288 καὶ
1230 1233 1418 1288 τοῦτον
1472 1234 1581 1287 τῶν
1623 1233 1882 1304 παθητῶν

303 1327 614 1397 διορίζεται,
659 1326 760 1382 ὅσα
805 1322 868 1380 δι’
915 1327 1193 1396 ἐνεργείας
1236 1325 1359 1396 ἔσχε
1404 1325 1502 1396 τὴν
1557 1323 1878 1396 πρόοδονοῆ

304 1421 460 1489 εἷ’περ
509 1421 724 1492 ἀρνοῖτο
761 1419 822 1472 τὸ
857 1418 1046 1481 πάθος,
1083 1419 1174 1470 καὶ
1220 1418 1319 1486 τὴν
1367 1417 1664 1470 ὑπόστασιν
1715 1413 1879 1469 αὑτοῦ

307 1506 443 1580 μετά
487 1511 578 1565 τοῦ
611 1513 814 1575 πάθους
861 1513 1171 1583 ἀρνήσεται.
1216 1509 1353 1563 Ἀλλ’
1384 1508 1570 1580 ἐπειδὴ
1601 1508 1720 1562 καθ’
1750 1506 1880 1560 ἑκά-

301 1619 458 1672 τερον
510 1604 618 1656 τῶν
665 1604 805 1658 κατά
857 1605 916 1658 τὸ
965 1603 1306 1675 διλήμματον
1352 1600 1799 1674 προφαινομένων
1847 1602 1882 1671 ἠ

303 1694 541 1756 ἀσέϐεια,
579 1697 671 1749 καὶ
703 1696 761 1748 τὺ
793 1695 865 1766 μὴ
894 1691 1028 1749 εἶναι
1061 1695 1260 1762 λέγειν,
1297 1695 1390 1747 καὶ
1424 1694 1483 1746 τὸ
1517 1691 1757 1761 παθητὸν
1786 1692 1882 1744 αὐ-

301 1783 391 1838 τδν
415 1787 637 1850 οἴεσθαι,
669 1787 932 1858 πρόδηλος
956 1789 988 1856 ἡ
1020 1786 1270 1857 ἀλήθεια,
1294 1786 1380 1838 διὰ
1405 1785 1506 1855 τῆς
1531 1785 1640 1838 τῶν
1663 1785 1879 1838 ἀτόπων

301 1873 630 1944 ἀναιρέσεως
663 1875 1088 1946 ἀναφαινομένη.
1131 1876 1194 1927 Ei
1227 1873 1336 1946 γὰρ
1369 1875 1462 1927 καὶ
1493 1873 1706 1940 ἀληθῶς
1740 1873 1877 1937 ἔστι,

301 1966 395 2017 καὶ
425 1965 662 2034 παθητὸς
700 1967 799 2019 οὐκ
845 1966 1012 2029 ἔστιν,
1047 1967 1206 2036 δῆλον
1239 1966 1318 2019 ὅτι
1361 1965 1458 2018 οὐκ
1500 1965 1557 2032 ἐξ
1601 1965 1881 2036 ἐνεργείας

303 2057 468 2119 ἐστὶν,
500 2057 614 2110 ἀλλ’
639 2059 714 2121 ὡς
747 2059 890 2120 εἰκὸς
922 2057 1173 2127 ἀληθινὸν
1201 2053 1338 2110 εἶναι
1363 2057 1494 2110 Θεὸν
1526 2059 1590 2109 ἐκ
1623 2054 1716 2110 τοῦ
1749 2057 1881 2128 ἀλη-

302 2144 449 2198 θινοῦ
476 2146 612 2199 Θεοῦ
657 2147 749 2200 τοῦ
791 2148 1023 2218 Πατρὸς,
1064 2147 1290 2210 ἀπαθῶς
1323 2147 1383 2211 ἐξ
1413 2147 1583 2200 ἀϊδίου
1631 2149 1881 2217 ἀπαυγα-

303 2236 500 2289 σθέντα
532 2255 589 2289 τε
641 2239 734 2290 καὶ⁴
777 2237 1150 2307 ἐκλάμψαντα.
1205 2236 1365 2290 Ἀλλὰ
1417 2236 1536 2289 κατ’
1577 2235 1745 2306 αὐτὴν
1783 2237 1881 2307 τὴν

302 2326 524 2392 οὐσίαν,
560 2329 755 2398 φησὶν,
793 2328 1066 2399 ἄφθαρτός
1107 2331 1254 2382 ἐστιν
1291 2330 1320 2381 ὁ
1361 2328 1522 2391 Θεός’
1570 2328 1624 2380 τί
1657 2327 1714 2380 δέ
1757 2329 1884 2382 ἄλλο

301 2417 409 2468 τῶν
440 2417 754 2488 θεοπρεπῶν
779 2420 1063 2490 νοημάτων
1086 2419 1184 2471 οὐκ
1212 2417 1383 2488 αὐτῆς
1412 2419 1593 2488 ἔχεται
1627 2418 1719 2470 τοῦ
1752 2417 1882 2470 Υίοῢ

299 2510 400 2578 τῆς
429 2510 650 2574 οὐσίας;
684 2512 757 2563 Τὸ
784 2511 1008 2575 δίκαιον,
1041 2511 1100 2563 τὸ
1130 2511 1354 2578 ἀγαθὸν,
1387 2510 1449 2562 τὸ
1476 2509 1665 2573 ἀΐδιον,
1703 2510 1762 2562 τὸ
1789 2509 1880 2562 τοῦ

301 2601 473 2653 κακοῦ
505 2601 702 2664 παντὸς
731 2603 1107 2665 ἀνεπίδεκτον,
1137 2602 1196 2654 τὸ
1234 2603 1291 2654 ἐν
1324 2603 1488 2654 παντὶ
1533 2601 1610 2672 τῷ
1657 2600 1794 2655 κατὰ
1823 2602 1882 2654 τὸ

301 2691 504 2758 ἀγαθὸν
544 2693 817 2762 νοουμένῳ
843 2691 1246 2764 ἀπεριόριστον.
1282 2693 1424 2763 ΙἈρα
1453 2692 1534 2755 τίς
1563 2693 1708 2745 ἐστιν
1740 2695 1768 2746 ὁ
1797 2693 1882 2745 λέ-

301 2800 431 2851 γων,
476 2784 766 2854 ἐπίκτητόν
809 2803 861 2837 τι
898 2785 1009 2837 τῶν
1049 2784 1228 2838 καλῶν
1261 2781 1398 2836 εἶναι
1432 2786 1498 2855 τῇ
1541 2783 1659 2855 θείᾳ.
1702 2783 1880 2853 φύσει,

300 2875 393 2927 καὶ
420 2876 478 2928 οὐ
502 2877 608 2928 πᾶν
632 2877 659 2930 ὃ
679 2876 730 2928 τί
754 2875 859 2947 πέρ
886 2877 999 2928 ἐστι
1022 2874 1182 2928 καλὸν
1202 2874 1409 2928 ἐκεῖθέν
1428 2892 1487 2927 τε
1512 2875 1880 2946 ἀφορμᾶσθαι,

300 2965 395 3018 καὶ
419 2967 476 3019 ὲν
511 2969 646 3038 αὐτῇ
682 2967 1035 3037 θεωρεῖσθαι;
1071 2966 1227 3020 Οὕτω
1256 2965 1350 3020 τοῦ
1384 2967 1664 3039 προφήτου
1695 2968 1881 3037 λέγον-

299 3075 411 3121 τος,
439 3059 520 3110 ὅτι
565 3059 617 3109 εἴ
639 3077 690 3111 τι
732 3059 931 3122 καλὸν,
968 3058 1151 3122 αὑτοῦ,
1190 3059 1282 3112 καὶ
1317 3059 1368 3112 ετ
1402 3077 1455 3111 τι
1500 3059 1724 3127 ἀγαθὸν,
1751 3062 1884 3130 παρ’

301 3149 465 3202 αὑτοῦ
493 3152 626 3204 ἐστι.
659 3150 924 3202 Συνάπτει
948 3149 1004 3203 δὲ
1033 3149 1226 3220 τούτῳ,
1248 3150 1309 3202 τὸ
1330 3152 1424 3204 καὶ
1442 3149 1734 3222 ἀγέννητον
1764 3160 1881 3206 κατ’

299 3240 487 3292 οὐσίαν
513 3237 671 3295 εἶναι.
722 3241 861 3309 Ἐγὼ
889 3241 946 3295 δὲ
979 3241 1026 3293 εί
1061 3240 1159 3310 μὲν
1187 3238 1327 3293 οὕτω
1356 3240 1490 3294 νοῶν
1521 3243 1679 3296 τοῦτο
1711 3242 1876 3312 λέγει,

299 3334 381 3386 ὅτι
413 3318 704 3402 ἀγέννητός
738 3333 854 3385 ἐστι
882 3331 976 3385 τοῦ
1020 3332 1234 3403 Πατρὸς
1263 3333 1296 3401 ὴ
1329 3333 1486 3386 οὐσία
1507 3372 1520 3397 ,
1569 3334 1879 3406 συντίθεμαι

298 3422 376 3494 τῷ
417 3423 714 3494 λεγομένῳ,
748 3425 840 3476 καὶ
877 3424 976 3487 οὐκ
1020 3423 1310 3478 ἀντιϐαίνω
1350 3425 1429 3495 τῷ
1461 3425 1711 3495 δόγματι.
1747 3425 1880 3480 Οὐδὲ

299 3515 408 3585 γάρ
445 3533 526 3578 τις
565 3514 701 3578 ὅλως
749 3515 858 3570 τῶν
897 3515 1262 3578 εὐσεϐούντων
1308 3517 1562 3586 γεννητὸν
1609 3512 1745 3572 εἶναι
1789 3513 1880 3572 τὸν

303 3609 517 3678 Πατέρα
545 3607 638 3660 τοῦ
664 3607 996 3676 Μονογενοῦς
1038 3608 1370 3662 ὑποτίθεται.
1405 3611 1467 3662 El
1502 3609 1558 3661 δὲ
1581 3604 1752 3662 ’τοῦτο
1782 3609 1880 3680 μὲν

301 3701 631 3753 ἐνδείκνυται
670 3701 813 3752 κατά
841 3700 900 3753 τὸ
931 3702 1116 3772 σχῆμα
1147 3699 1240 3753 τοῦ
1274 3700 1453 3768 λόγου,
1486 3699 1880 3765 κατασκευάζει

301 3791 357 3844 δέ
384 3793 444 3844 τὸ
474 3791 642 3862 αὐτὴν
673 3793 772 3863 τὴν
801 3792 1124 3862 ἀγεννησίαν
1151 3792 1337 3846 οὐσίαν
1367 3787 1525 3854 εἶναι,
1555 3792 1710 3846 τοῦτό
1738 3810 1880 3864 φημι

301 3884 409 3936 δεῖν
446 3885 520 3955 μὴ
567 3884 946 3954 παραδραμεῖν
979 3883 1349 3951 ἀνεξέταστον,
1386 3884 1462 3948 ὡς
1506 3885 1571 3938 ἂν
1623 3885 1696 3956 μὴ
1729 3885 1880 3940 λάθοι

303 3977 424 4038 τοὺς
445 3974 873 4046 εὐεξαπατήτους
897 3973 1029 4047 πρὸς
1050 3976 1149 4046 τὴν
1181 3976 1576 4044 συγκατάθεσιν
1592 3977 1689 4046 τῆς
1715 3975 1879 4046 βλασ-

303 4067 510 4136 φημίας
543 4065 986 4135 ὑποποιούμενος.
1027 4067 1151 4120 Ὀτι
1175 4068 1351 4120 τοίνυν
1373 4066 1500 4121 ἄλλο
1521 4084 1572 4118 τι
1607 4069 1704 4134 τῆς
1725 4069 1883 4134 ἀγεν-

285 4157 476 4226 νησίας
526 4155 642 4208 ἐστὶ
677 4154 770 4208 καὶ
800 4155 1116 4225 ἀγέννητος,
1161 4154 1337 4225 ἁμιγῆ
1375 4155 1468 4206 καὶ
1511 4153 1760 4224 καθαρὰν
1790 4149 1882 4208 o6-

288 4267 388 4305 σαν
431 4248 613 4319 πάσης
644 4246 962 4317 ἑτερότητος
992 4246 1087 4298 καὶ
1118 4245 1403 4316 διαφορᾶς.
1451 4245 1588 4316 Περὶ
1605 4245 1705 4298 τοῦ
1741 4243 1878 4299 Θεοῦ

285 4341 459 4396 ταῦτα
485 4340 656 4409 λέγει,
706 4333 766 4393 o6
812 4339 911 4410 τὴν
963 4337 1150 4393 οὐσίαν
1199 4337 1278 4409 (a)
1333 4338 1648 4408 ἀφθαρσίαν
1696 4355 1757 4392 τε
1787 4338 1882 4393 καὶ

286 4435 614 4506 ἀγεννησίαν
648 4429 785 4486 εἷναί
829 4449 982 4502 φησι.
1027 4431 1166 4502 Τρία
1198 4430 1379 4484 τοίνυν
1418 4433 1510 4484 ἐπὶ
1542 4431 1678 4484 Θεοῦ
1729 4427 1883 4485 εἶπεν

287 4529 552 4600 ὀνόματα,
587 4525 687 4597 τὴν
714 4525 926 4587 οὐσίαν,
957 4524 1019 4576 τὸ
1051 4523 1351 4594 ἄφθαρτον,
1380 4523 1440 4577 τὸ
1471 4524 1786 4595 ἀγέννητον.
1818 4524 1883 4578 Εἰ

291 4621 388 4693 μία
432 4621 540 4674 τῶν
582 4618 752 4692 τριῶν
783 4619 988 4671 τούτων
1026 4617 1309 4689 ὀνομάτων
1354 4615 1446 4670 ἐπὶ
1495 4614 1632 4670 Θεοῦ
1664 4620 1811 4671 ἐστιν
1845 4617 1880 4689 ἡ

291 4714 486 4777 ἔννοια,
531 4710 786 4782 ἠθεότης
832 4707 1005 4761 ταῦτα
1046 4709 1115 4761 τὰ
1159 4708 1286 4778 τρία
1335 4708 1552 4770 πάντως
1583 4707 1747 4761 ἐστίν.
1795 4707 1883 4771 Ὦς

289 4805 340 4856 εἴ
379 4823 461 4866 τις
502 4803 648 4870 λέγοι
693 4800 784 4854 τὸν
833 4799 1120 4870 ἄνθρωπον
1172 4803 1574 4873 χαρακτηρῖσαι
1622 4795 1880 4869 βουλόμε-

287 4914 375 4958 νος
432 4895 650 4963 λογικὸν
694 4893 856 4946 αὐτὸν
907 4888 1070 4957 εἶναι,
1121 4891 1444 4960 γελαστικόν
1487 4910 1547 4944 τε
1597 4891 1692 4944 καὶ
1743 4891 1882 4944 πλα-

286 4987 584 5057 τυώνυχον.
629 4987 746 5057 Ἐφ’
864 4984 954 5039 διὰ
990 4984 1050 5037 τὸ
1096 4985 1371 5055 μηδεμίαν
1415 4984 1557 5037 κατὰ
1590 4982 1687 5053 τὴν
1719 4982 1882 5051 φύσιν

289 5081 346 5130 ἐν
383 5079 599 5150 ἑκάστῳ
642 5076 906 5150 διαφορὰν
951 5071 1093 5131 εἶναι
1150 5076 1491 5146 ἰσοδυναμεῖν
1538 5093 1596 5128 τε
1630 5070 1883 5146 ἀλλήλοις

286 5170 354 5222 τὰ
398 5170 639 5238 ὀνόματα
689 5169 944 5239 λέγομεν,
987 5169 1081 5222 καὶ
1129 5169 1187 5222 ἓν
1231 5161 1373 5220 εἶναι
1418 5165 1497 5236 τῷ
1537 5165 1882 5236 ὑποκειμένῳ

285 5264 355 5316 τὰ
388 5263 536 5333 τρία,
580 5264 680 5333 τὴν
731 5262 1156 5334 ἀνθρωπότητα,
1196 5263 1295 5333 τὴν
1335 5261 1422 5314 διὰ
1453 5261 1563 5313 τῶν
1602 5261 1883 5331 ὀνομάτων

287 5357 724 5426 ὑπογραφεῖσαν.
772 5358 836 5409 Εἰ
882 5357 1063 5409 τοίνυν
1108 5354 1269 5409 τοῦτό
1317 5359 1463 5408 ἐστιν
1505 5355 1538 5425 ἡ
1588 5355 1798 5425 θεότης,
1847 5353 1880 5426 ἡ

285 5449 586 5518 ἀγεννησία
622 5466 678 5501 τε
712 5450 807 5502 καὶ
831 5452 863 5520 ἡ
889 5449 1170 5520 ἀφθαρσία
1203 5449 1298 5502 καὶ
1328 5451 1360 5519 ἡ
1396 5448 1573 5512 οὐσία,
1606 5446 1750 5501 κατά
1777 5448 1882 5501 πᾶν

305 5557 402 5591 σαν
427 5540 674 5609 ἀνάγκην
703 5539 760 5592 ἐν
792 5543 860 5613 τῇ
895 5541 990 5595 τοῦ
1027 5541 1143 5605 ἑνὸς
1178 5540 1382 5594 τούτων
1414 5537 1720 5609 ἀφαιρέσει,
1760 5555 1882 5613 συν-

355 5662 434 5729 (α)
477 5661 640 5716 llecst
673 5661 876 5731 aliquid
907 5662 1050 5730 quod
1072 5662 1263 5731 supple
1287 5677 1349 5714 ex
1375 5659 1560 5720 Boieo,
1583 5659 1666 5731 ὅτι
1683 5659 1864 5731 τοίνυν

287 5732 412 5803 ἀλλο
443 5751 492 5785 τι
522 5734 620 5803 τῆς
653 5729 980 5801 ἀγεννησίας
1011 5735 1102 5786 ἐπὶ
1134 5729 1194 5786 τὸ
1221 5731 1547 5803 νόημαηκαὶ
1576 5729 1866 5803 ἀλλος-τῆς

287 5802 435 5865 θείας
488 5799 711 5866 οὐσίας,
744 5805 772 5854 ὁ
819 5799 978 5869 λόγος
1019 5805 1076 5868 ἐξ
1125 5799 1458 5856 αὐτῶνπῶν
1509 5800 1635 5870 παρ’
1701 5799 1867 5852 αὐτοῦ

287 5875 594 5945 Λεγομένων
625 5875 771 5927 ἐστὶν
799 5877 826 5927 ὁ
859 5874 1098 5945 ἐλεγχος.
1127 5875 1281 5929 Κατὰ
1305 5874 1474 5943 αὐτήν
1507 5888 1639 5942 φησι
1669 5870 1766 5942 τὴν
1787 5872 1872 5924 οὐ.

1987 593 2302 659 operatione
2346 605 2455 644 non
2502 590 2607 645 erit
2660 590 2885 645 omnino
2932 589 3078 660 quod
3108 590 3360 646 eﬁicitur.
3391 590 3468 645 lta
3501 600 3562 646 ut

1987 683 2220 736 duorum
2263 684 2517 749 alterum,
2564 680 2649 737 vel
2679 682 2962 752 patibilem
3013 698 3109 753 per
3134 681 3250 738 lucc
3280 682 3559 753 Unigeniti

1985 774 2280 830 essentiam
2327 773 2550 837 facient,
2587 782 2647 827 ut
2679 775 3051 842 operationem
3089 776 3300 844 capiat;
3339 775 3425 830 vel
3455 775 3560 830 hoc

1987 871 2208 932 propter
2238 861 2546 918 evidentem
2576 862 2910 932 impietatem
2938 870 3212 929 verentes,
3245 879 3422 934 neque
3465 881 3559 936 pe-

1985 957 2133 1012 nitus
2162 957 2336 1026 ipsam
2370 973 2493 1013 esse
2531 956 3081 1028 praestruuntOQuod
3126 957 3273 1012 enim
3311 958 3421 1026 pati
3457 974 3560 1012 na-

1984 1057 2103 1102 tura
2139 1048 2417 1115 abhorret,
2471 1065 2649 1119 neque
2674 1049 3004 1104 effectricem
3035 1048 3330 1103 eﬁicaciam
3378 1049 3433 1104 in
3469 1065 3560 1105 se-

1984 1139 2162 1208 ipsum
2203 1140 2426 1194 omnino
2460 1139 2719 1194 admittit.
2751 1139 2855 1206 Qui
2888 1140 3053 1210 igitur
3100 1140 3334 1208 alicujus
3361 1155 3563 1210 apera-

1982 1231 2150 1287 tionis
2200 1230 2452 1286 eﬁectum
2497 1219 2696 1286 Filium
2738 1227 2949 1295 deﬁnit,
3003 1233 3149 1286 hunc
3188 1233 3351 1287 etiam
3386 1247 3558 1286 unum

1983 1326 2114 1396 quid
2142 1341 2330 1381 eorum
2365 1341 2486 1396 quae
2512 1326 2622 1396 pati
2652 1335 2780 1379 nata
2813 1333 2943 1380 sunt
2968 1324 3176 1388 deﬁnit,
3219 1339 3561 1395 quacunque

1983 1433 2080 1488 per
2130 1420 2497 1488 operationem
2541 1431 2862 1487 processum
2901 1416 3124 1480 habent,
3156 1416 3240 1470 vel
3286 1413 3558 1485 siquidem

1982 1513 2386 1581 perpessionem
2411 1519 2587 1580 neget,
2615 1510 2778 1564 etiam
2806 1509 2982 1579 ipsius
2999 1507 3414 1564 subsistentiam
3432 1522 3558 1562 cum

1983 1600 2334 1670 perpessione
2354 1600 2589 1669 negabit.
2614 1599 2721 1654 Sed
2747 1599 3006 1670 quoniam
3026 1597 3329 1665 secundum
3349 1607 3560 1652 utrum-

1982 1706 2090 1761 que
2113 1705 2302 1745 eorum
2337 1705 2459 1760 quae
2502 1705 2598 1760 per
2639 1689 2896 1744 dilemma
2934 1689 3402 1753 demonstrantur,
3453 1687 3560 1742 im-

1983 1785 2156 1855 pietas
2185 1793 2289 1848 est,
2336 1793 2390 1840 et
2422 1799 2533 1838 non
2573 1799 2697 1839 esse
2723 1783 2926 1845 dicere,
2961 1791 3018 1837 et
3065 1783 3245 1851 ipsum
3279 1779 3557 1851 patibilem

1981 1891 2102 1931 esse
2153 1885 2364 1945 putare,
2409 1873 2700 1930 manifesta
2735 1875 2939 1929 veritas
2986 1889 3108 1943 quae
3142 1888 3238 1944 per
3290 1871 3556 1927 falsorum

1980 1967 2328 2022 abolitionem
2366 1968 2565 2022 elucet.
2601 1965 2658 2019 Si
2686 1967 2829 2020 enim
2862 1965 3025 2020 etiam
3065 1980 3192 2020 vere
3235 1974 3340 2028 est,
3375 1972 3430 2019 et
3463 1977 3560 2033 pa-

1981 2057 2151 2112 tibilis
2181 2073 2288 2111 non
2312 2063 2419 2121 est,
2443 2056 2796 2126 perspicuum
2821 2071 2887 2110 ex
2910 2054 3227 2124 operatione
3249 2055 3421 2123 ipsmu
3449 2067 3558 2106 non

1979 2165 2120 2213 esse,
2157 2149 2251 2204 sed
2277 2149 2419 2203 sicut
2439 2155 2870 2203 consentaneum
2897 2155 3002 2209 est,
3034 2160 3222 2199 verum
3245 2160 3369 2200 esse
3389 2143 3557 2198 Deum

1979 2259 2046 2297 ex
2077 2257 2202 2296 vero
2227 2243 2332 2294 Deo
2356 2239 2537 2304 Patre,
2570 2239 2943 2308 impatibiliter
2973 2254 3036 2294 ex
3069 2246 3272 2292 artemo
3303 2235 3560 2305 splende-

1980 2342 2223 2389 scentem
2277 2341 2331 2386 et
2387 2332 2761 2384 irradiantcm.
2816 2330 2945 2396 Sed,
3003 2330 3197 2399 inquit,
3256 2327 3556 2383 secundum

1979 2424 2275 2479 essentiam
2321 2422 2757 2492 incorruptibilis
2785 2431 2868 2476 est
2896 2421 3061 2476 Deus.
3096 2419 3238 2486 Quid
3268 2418 3414 2473 aliud
3460 2434 3557 2472 eo-

1980 2530 2102 2568 rum
2155 2530 2276 2585 qua:
2324 2514 2491 2568 Deum
2542 2515 2734 2569 decere
2788 2512 3164 2582 intelliguntur
3218 2525 3328 2567 non
3383 2509 3558 2580 ipsam

1983 2605 2104 2660 Filii
2137 2610 2430 2662 essentiam
2468 2604 2792 2675 possident?
2839 2603 3078 2667 Justum,
3124 2602 3350 2663 bonum,
3400 2609 3562 2654 mter-

1982 2715 2135 2762 num,
2178 2699 2378 2754 nullius
2412 2698 2539 2751 mali
2566 2713 2757 2766 capax,
2805 2697 2857 2749 in
2897 2696 3046 2750 omni
3079 2710 3142 2750 eo
3181 2693 3329 2764 quod
3358 2707 3561 2748 secun-

1983 2792 2111 2846 dum
2155 2791 2352 2845 bonum
2408 2790 2728 2860 intelligitur
2759 2787 3051 2842 inﬁnitum.
3087 2784 3290 2842 Verum
3321 2785 3446 2856 quis
3475 2792 3562 2841 est

1983 2883 2077 2953 qui
2109 2881 2256 2936 dicat
2297 2880 2498 2950 aliquid
2531 2896 2718 2934 eorum
2755 2894 2874 2948 qum
2903 2887 3031 2933 sunt
3075 2877 3303 2947 pulchra
3343 2885 3396 2932 et
3424 2892 3561 2946 pra:-

1984 2974 2156 3036 clara,
2178 2972 2375 3026 divinae
2403 2979 2614 3024 naturm
2636 2986 2758 3025 esse
2783 2969 3163 3030 adventitiutn,
3192 2979 3376 3023 etnon
3399 2968 3559 3037 quid-

1985 3065 2115 3134 quid
2155 3072 2238 3118 est
2265 3063 2550 3133 pulchrum
2593 3062 2742 3115 illinc
2774 3061 3070 3131 proﬁcisci,
3101 3069 3154 3116 et
3190 3061 3242 3114 in
3272 3076 3336 3116 ea
3367 3061 3555 3114 consi-

1911 3185 1954 3241 C
1987 3155 2188 3216 derari,
2215 3153 2295 3208 sic
2317 3154 2530 3208 dicente
2549 3153 2833 3222 propheta,
2865 3153 3010 3219 quod
3040 3151 3086 3207 si
3109 3151 3238 3222 quiti
3272 3151 3558 3220 pulchrum

1986 3253 2091 3309 est,
2130 3245 2322 3316 ipsius,
2379 3255 2432 3300 et
2483 3245 2527 3300 si
2563 3244 2708 3314 quod
2739 3245 2962 3307 bonum,
3013 3245 3081 3298 ab
3130 3245 3249 3314 ipso
3277 3244 3395 3297 est?
3426 3245 3559 3296 Cum

1986 3335 2090 3390 hoc
2121 3343 2301 3389 autem
2335 3335 2553 3403 copulat
2595 3337 2895 3405 ingenitum
2927 3335 3090 3388 etiam
3128 3333 3431 3389 secundum
3477 3347 3562 3388 es-

1987 3427 2220 3481 sentiam
2245 3440 2388 3480 esse.
2419 3423 2529 3495 Ego
2553 3424 2805 3493 equidem
2839 3425 2885 3478 si
2909 3424 2982 3478 ita
3014 3425 3259 3480 sentiens
3280 3425 3385 3478 hoc
3405 3423 3559 3486 dicit,

1985 3517 2132 3588 quod
2162 3518 2402 3587 ingenita
2449 3525 2534 3572 est
2564 3516 2744 3571 Patris
2788 3517 3045 3581 essentia,
3081 3518 3226 3571 dicto
3265 3517 3558 3574 assentior,

1985 3625 2163 3680 neque
2215 3610 2456 3681 dogmati
2514 3611 2732 3666 resisto.
2779 3609 2972 3665 Nullus
3020 3610 3166 3666 enim
3214 3626 3442 3680 prorsus
3477 3612 3563 3680 pie

1985 3699 2285 3753 viventium
2336 3697 2554 3753 Patrem
2593 3697 2868 3769 Unigeniti
2921 3715 3043 3755 esse
3093 3699 3335 3770 genitum
3385 3700 3558 3769 ponit.

1986 3792 2143 3857 Quod
2170 3791 2219 3846 si
2248 3790 2352 3845 hoc
2398 3789 2618 3862 quidem
2650 3790 3061 3845 demonstratur
3093 3791 3392 3845 secundum
3436 3791 3566 3861 ﬁgu-

1987 3898 2104 3937 ram
2139 3882 2428 3945 sermonis,
2467 3884 2664 3938 astruit
2698 3889 2877 3936 aulem
2917 3882 3260 3952 ἀγεννησῑαν,
3294 3891 3347 3936 ει
3375 3898 3563 3937 essen-

1986 3974 2117 4028 tiam
2155 3973 2295 4029 idem
2335 3988 2479 4038 esse,
2515 3973 2620 4027 hoc
2651 3988 2760 4028 non
2796 3973 3231 4044 praetereundum
3259 3990 3384 4028 esse
3410 3975 3563 4028 inex-

1987 4081 2210 4121 cussum
2228 4066 2374 4128 dico,
2398 4071 2459 4118 ut
2484 4079 2594 4119 non
2625 4065 2790 4119 lateat
2815 4065 3044 4135 deceptu
3071 4065 3260 4122 faciles
3279 4065 3346 4119 ad
3374 4081 3564 4120 assen-

1987 4156 2197 4210 sionem
2223 4154 2574 4224 blasphemiae
2597 4155 2866 4223 pellicere.
2885 4157 3041 4222 Quod
3069 4159 3234 4228 igitur
3256 4159 3401 4212 aliud
3429 4159 3560 4228 quid

1987 4245 2056 4298 ab
2083 4244 2307 4314 ingeniti
2330 4245 2546 4302 actione
2571 4253 2657 4301 est
2682 4244 2845 4301 etiam
2875 4245 3169 4316 ingenitus,
3191 4247 3490 4303 immistam
3515 4260 3567 4304 et

1985 4352 2181 4407 puram
2204 4337 2274 4392 ab
2293 4337 2853 4406 omnidiversitateet
2875 4338 3205 4394 diﬁ‘erentia.
3223 4338 3299 4396 De
3331 4339 3441 4397 Deo
3462 4342 3572 4398 haec

1984 4427 2138 4492 dicit,
2156 4429 2313 4499 cujus
2335 4429 2634 4486 essentiam
2657 4430 3260 4500 incorruptibilitatem,
3284 4439 3339 4486 et
3353 4432 3564 4502 ingene-

1982 4520 2312 4577 rahilitatem
2334 4538 2458 4578 esse
2483 4522 2701 4578 asserit.
2725 4523 2853 4577 Tria
2885 4522 3050 4594 igitur
3074 4523 3129 4576 in
3157 4521 3267 4578 Deo
3297 4524 3438 4577 dixit
3466 4540 3564 4576 lm-

1984 4614 2482 4680 mina,essentiam,
2501 4615 2938 4685 incorruptibile,
2957 4614 3282 4685 ingenitum.
3301 4613 3572 4672 Siborum

1985 4705 2152 4759 trium
2177 4707 2462 4762 nominum
2490 4708 2547 4762 in
2571 4706 2683 4764 Deo
2696 4715 2782 4762 est
2804 4723 2909 4761 una
2937 4707 3241 4778 eademque
3263 4707 3438 4773 notio,
3458 4707 3578 4762 dei-

1985 4805 2071 4852 tas
2095 4797 2210 4852 haec
2233 4799 2336 4852 tria
2359 4814 2586 4868 prorsus
2610 4807 2715 4854 est.
2739 4798 2810 4854 Ut
2832 4801 2878 4853 si
2902 4801 3026 4870 quis
3043 4799 3273 4863 diceret,
3295 4798 3574 4854 hominem

1983 4889 2298 4959 exprimere
2326 4891 2540 4958 volens,
2573 4891 2896 4947 rationalem
2926 4893 3108 4963 ipsum
3135 4908 3281 4958 esse,
3307 4892 3575 4949 risibilem

1983 4987 2038 5035 et
2058 4980 2418 5052 latiunguem.
2438 4980 2496 5036 In
2511 4997 2621 5053 quo
2642 4991 2932 5054 propterea
2947 4985 3090 5054 quod
3110 4984 3261 5039 nulla
3275 4992 3362 5040 est
3378 4998 3579 5039 secun-

1982 5074 2112 5129 dum
2142 5083 2398 5129 naturam
2422 5075 2479 5130 in
2502 5092 2838 5148 unoquoque
2857 5076 3188 5142 diﬁerentia,
3212 5079 3328 5133 haec
3351 5077 3574 5132 nomina

1983 5168 2128 5224 inter
2141 5185 2201 5225 se
2217 5169 2325 5224 vim
2339 5170 2604 5240 aequalem
2622 5171 2825 5226 habere
2845 5171 3106 5235 dicimus,
3121 5177 3176 5226 et
3194 5185 3362 5226 unum
3378 5184 3501 5226 esse
3519 5169 3573 5222 itt

1984 5260 2233 5331 subjecto
2263 5261 2381 5316 haec
2402 5261 2530 5325 tria,
2569 5276 2764 5332 nempe
2794 5261 3194 5317 humanitatem
3217 5276 3315 5331 per
3340 5261 3564 5315 nomina

1984 5351 2406 5424 descriptam.Si
2423 5369 2554 5424 ergo
2573 5353 2677 5409 hoc
2695 5365 2778 5409 est
2791 5353 3508 5426 deitas,nempedtyswncla
3521 5361 3577 5409 et

1984 5445 2477 5515 incorruptibilitas
2491 5455 2545 5501 et
2561 5448 2824 5512 essentia,
2845 5449 2994 5502 omni
3017 5451 3348 5504 necessitate
3366 5449 3562 5502 borum

1986 5553 2097 5594 uno
2118 5539 2336 5595 sublato
2365 5540 2532 5596 simul
2556 5541 2724 5596 etiam
2757 5540 2933 5597 deitas
2966 5543 3194 5596 tollitur.
3225 5539 3298 5598 Ut
3327 5541 3476 5596 enim
3515 5541 3560 5594 si

1977 5661 2098 5714 σίαν
2130 5661 2408 5734 ἄφθαρτός
2448 5663 2565 5714 ἐστι
2598 5663 2692 5715 καὶ
2725 5662 3044 5732 ἀγέννητος,
3075 5663 3255 5734 ἀμιγῆ
3279 5663 3375 5716 καὶ
3401 5661 3576 5716 καθα-

1976 5734 2074 5804 ρᾶς
2099 5733 2267 5842 οὔσης
2293 5734 2474 5799 πάσης
2499 5733 2818 5804 ἑτερότητος
2842 5737 2938 5789 καὶ
2961 5733 3250 5806 διαφορᾶς,
3273 5735 3400 5806 περὶ
3433 5734 3573 5800 Θεοῦ

1976 5804 2140 5842 Par)?”
2177 5803 2199 5842 ἶ
2240 5821 2322 5842 νει
2379 5803 2440 5842 Αἵ.
2468 5805 2568 5842 ar-‘nu
2596 5805 2784 5842 m’urv'rru

1971 5804 2142 5858 ταῦτα
2177 5803 2348 5874 λέγει,
2379 5803 2440 5862 οὗ
2468 5805 2568 5876 τὴν
2596 5803 2808 5862 οὐσίαν.
