4146 6386
561 431 700 488 1039
1791 429 1849 486 S.
1906 426 2198 484 GBEGORI

2175 426 2232 480 ill
2285 426 2581 482 NYSSENI
3671 434 3812 490 1040

559 547 684 616 quis
715 545 916 602 dixerit
956 560 1134 617 neque
1173 546 1403 601 rationis
1445 547 1791 617 participem,
1851 560 2029 615 neque
2063 545 2131 597 ad
2164 547 2196 601 A

2178 547 2205 601 λ
2231 546 2444 614 αναιρεϊ
2474 545 2568 596 καὶ
2593 542 2690 614 τὴν
2712 542 2958 614 θεότητα.
3009 544 3079 606 Ως
3103 542 3212 614 γάρ
3231 542 3324 596 τὸν
3353 543 3428 615 μὴ
3449 543 3664 614 λογικὸν
3689 547 3815 600 ουδὲ

557 637 848 695 ridendum
867 647 1052 708 aptum
1073 649 1303 705 natura;
1335 655 1510 709 neque
1531 639 1806 694 hominem
1837 653 1961 692 esse
1983 653 2133 692 asse-

2238 635 2554 703 γελαστικὸν
2598 635 2742 688 εἴποι
2779 653 2862 698 τις
2891 636 2977 699 ἂν,
3008 635 3126 689 οὐδὲ
3169 636 3486 708 ἄνθρωπον·
3519 638 3687 703 οὕτως
3720 643 3819 694 καὶ

561 731 752 785 ruerit.
786 730 862 784 lta
891 739 944 786 et
975 731 1029 785 in
1066 731 1150 787 his
1180 732 1356 787 tribus
1384 732 1714 796 nominibus,
1749 731 1990 801 ingenito
2014 730 2136 785 dico

2236 727 2329 778 ἐπὶ
2354 727 2556 780 τούτων
2583 727 2692 782 τῶν
2721 728 2886 799 τριῶν
2920 729 3227 798 ὀνομάτων,
3257 729 3351 783 τοῦ
3387 749 3448 784 τε
3483 733 3781 804 ἀγεννήτου
3800 774 3816 798 ,

559 830 615 878 et
651 822 1071 893 incorruptibili,
1101 832 1154 877 et
1186 827 1446 892 essentia,
1484 825 1528 879 si
1561 841 1653 894 per
1690 826 1801 879 haec
1825 825 2000 880 deitas
2034 839 2133 878 no-

2238 821 2402 889 φημὶ,
2441 821 2536 872 καὶ
2563 819 2658 873 τοῦ
2691 819 2966 891 ἀφθάρτου
2995 820 3089 874 καὶ
3117 821 3218 890 τῆς
3257 821 3464 886 οὐσίας,
3496 824 3542 874 εί
3574 823 3663 876 διά
3695 825 3819 877 τού-

562 914 822 978 tiﬁcatur,
855 915 1077 986 quando
1103 933 1271 970 unum
1311 917 1529 987 aliquod
1584 916 1776 970 horum
1814 917 1977 969 trium
2029 931 2135 969 non

2238 930 2345 968 των
2378 912 2411 982 ἡ
2441 909 2630 983 θεότης
2653 912 3146 983 χαρακτηρίζεται,
3177 913 3304 966 ὅταν
3340 913 3398 966 ἓν
3431 931 3482 966 τι
3509 913 3618 966 τῶν
3651 916 3823 986 τριῶν

563 1005 738 1067 adest,
775 1007 963 1077 procul
991 1007 1157 1062 dubio
1189 1009 1241 1062 in
1272 1024 1337 1063 eo
1365 1007 1509 1078 quod
1542 1015 1792 1077 superest
1821 1007 2021 1060 abolita
2057 1017 2140 1060 est

2243 1003 2319 1076 μὴ
2347 1003 2588 1074 ὑπάρχῃ,
2618 1004 2884 1076 διεγράφη
2925 1005 3137 1066 πάντως
3170 1004 3249 1075 τῷ
3276 1005 3514 1058 λείποντι
3547 1005 3640 1058 καὶ
3664 1009 3692 1059 ό
3719 1008 3824 1075 τῆς

561 1092 781 1148 deitatis
825 1095 985 1149 ratio.
1027 1095 1166 1166 Ergo
1211 1097 1550 1167 respondeat.
1582 1113 1745 1166 quam
1775 1097 1843 1151 de
1873 1095 1981 1150 Deo
2019 1097 2142 1149 uni-

2241 1092 2494 1164 θεότητος
2528 1092 2702 1160 λόγος.
2739 1091 2947 1145 Οὐκοῦν
2981 1094 3385 1163 ἀποκρινάσθω,
3413 1095 3536 1147 τίνα
3563 1097 3690 1164 περὶ
3722 1096 3821 1148 τοῦ

563 1188 750 1258 genito
781 1188 942 1244 habet
982 1189 1324 1258 opinionem:
1380 1188 1622 1259 genitum
1655 1189 1855 1258 ipsum,
1889 1204 1957 1241 an
1991 1187 2134 1257 inge-

2246 1180 2567 1254 μονογενοῦς
2599 1180 2734 1234 Θεοῦ
2780 1180 2890 1251 ἔχει
2932 1181 3028 1250 τὴν
3057 1182 3246 1247 δόξαν,
3294 1185 3549 1255 γεννητὸν
3585 1185 3746 1238 αὑτὸν
3788 1186 3822 1255 ἦ

564 1280 738 1333 nilum
774 1287 959 1350 putet;
997 1281 1237 1350 genitum
1270 1281 1414 1336 dicet
1443 1282 1687 1345 onmiuo,
1724 1280 1992 1350 siquidem
2023 1280 2142 1334 suis

2243 1277 2536 1347 ἀγέννητον
2577 1276 2778 1344 cierat;
2817 1276 3078 1348 Γεννητδν
3109 1277 3223 1348 ὲρεῖ
3255 1277 3491 1342 πάντως,
3521 1277 3676 1349 εἴπερ
3711 1279 3823 1339 τοῖς

564 1370 726 1425 dictis
758 1387 867 1425 non
911 1379 1194 1442 repugnet.
1224 1370 1281 1426 Si
1326 1373 1492 1442 igitur
1539 1372 1678 1426 idem
1710 1382 1794 1424 est
1826 1387 1950 1424 cum
1989 1372 2139 1440 iugc-

2247 1370 2396 1434 ἰδίοις
2427 1370 2501 1440 μὴ
2531 1369 2771 1440 μάχοιτο.
2804 1370 2866 1422 Εἰ
2889 1365 2982 1422 οὖν
3007 1369 3201 1423 ταύτόν
3233 1370 3350 1422 ἐστι
3374 1368 3451 1438 τῷ
3481 1371 3759 1439 ἀγεννήτῳ
3789 1373 3821 1440 ἡ

567 1462 703 1524 nilo,
731 1463 1081 1531 essentiaquc
1115 1471 1168 1516 et
1198 1463 1629 1532 incorruptibile.
1666 1479 1761 1532 per
1793 1479 1914 1531 qum
1943 1461 2144 1514 divini-

2244 1461 2400 1515 οὐσία
2432 1479 2491 1514 τε
2525 1462 2619 1514 καὶ
2644 1460 2705 1513 τὸ
2742 1461 3036 1531 ἄφθαρτον,
3071 1460 3139 1513 δι’
3171 1453 3243 1514 ὧν
3276 1463 3310 1531 ἡ
3344 1460 3530 1531 θεότης
3564 1461 3825 1532 γνωρίζε-

568 1563 653 1608 tas
685 1553 1058 1623 dignoscitur;
1115 1556 1200 1608 cui
1245 1572 1351 1609 non
1404 1556 1558 1610 adest
1601 1554 1926 1624 ingeniLuiu,
1980 1552 2141 1608 simul

2243 1572 2353 1618 ται,
2464 1553 2537 1624 μὴ
2574 1553 2830 1626 πρόσεστι
2854 1553 2914 1605 τὸ
2938 1552 3260 1622 ἀγέννητον,
3293 1554 3666 1624 συναφῄρηται
3699 1554 3824 1605 τού-

568 1646 638 1698 ab
666 1644 769 1699 hoc
801 1646 979 1700 ablata
1018 1657 1101 1702 est
1141 1648 1299 1717 plane
1327 1648 1586 1710 essentia.
1607 1655 1666 1702 et
1691 1647 1840 1718 quod
1887 1647 2142 1700 incorru-

2244 1667 2338 1703 του
2362 1649 2575 1712 πάντως
2596 1650 2629 1719 ἡ
2651 1647 2806 1700 οὐσία
2825 1663 2883 1700 τε
2911 1646 3003 1700 καὶ
3025 1651 3085 1699 τὸ
3109 1646 3404 1717 ἄφθαρτον,
3425 1638 3498 1697 ὧν
3529 1646 3600 1714 μὴ
3625 1644 3826 1714 παρόν-

567 1736 780 1806 ptibile,
811 1737 1012 1807 quibus
1054 1739 1278 1794 remotis
1307 1739 1482 1794 deitas
1516 1740 1827 1794 necessario
1849 1740 2141 1796 eximetur.

2247 1758 2374 1803 των,
2400 1741 2492 1792 καὶ
2512 1741 2544 1810 ἡ
2563 1738 2752 1809 θεότης
2773 1737 2912 1791 κατά
2935 1739 3113 1790 πᾶσαν
3131 1737 3376 1806 ἀνάγκην
3394 1735 3820 1806 ἐξαιρεθήσεται.

568 1827 932 1892 Quamobrem
946 1828 1011 1881 ad
1031 1828 1301 1898 duplicem
1324 1828 1614 1883 terminum
1636 1829 1936 1883 secundum
1954 1844 2140 1884 eorum

2251 1831 2459 1886 Οὐκοῦν
2484 1832 2564 1894 εἰς
2581 1829 2802 1884 διπλοῦν
2823 1829 2997 1900 πέρας
3017 1829 3116 1897 τῆς
3141 1826 3280 1881 κατά
3304 1825 3364 1878 τὸ
3393 1826 3708 1896 βλάσφημον
3738 1827 3827 1879 αὑ·

568 1919 964 1988 blasphemiam
992 1922 1398 1990 consequentia:
1426 1922 1565 1976 ratio
1592 1923 1854 1992 pervenit.
1915 1921 1970 1976 Si
1996 1923 2141 1976 enim
2178 1911 2205 1964 Ε

2189 1912 2218 1964 Β
2245 1923 2352 1978 τῶν
2378 1921 2696 1984 ἀκολουθίας
2721 1924 2749 1975 ὁ
2774 1921 2928 1990 λόγος
2957 1921 3284 1992 κατήντησε.
3325 1919 3387 1971 Εἰ
3417 1918 3523 1988 γὰρ
3556 1919 3695 1971 κατά
3730 1917 3826 1970 τοῦ

569 2009 868 2064 secundum
901 2009 1040 2063 idem
1084 2011 1450 2079 significatum
1501 2014 1552 2066 in
1587 2012 1694 2066 Deo
1724 2013 1927 2066 dicitur
1953 2028 2145 2065 essen-

2248 2019 2412 2073 αὑτοῦ
2442 2016 2838 2089 σημαινομένου
2866 2015 3082 2084 λέγεται
3107 2015 3198 2066 ἐπὶ
3235 2011 3329 2066 τοῦ
3355 2012 3488 2065 Θεοῦ
3519 2012 3552 2082 ὴ
3581 2011 3736 2064 οὐσία
3768 2027 3824 2062 τε

570 2101 643 2154 tia
671 2107 724 2155 et
752 2101 1239 2170 incorruptibilitas
1272 2111 1325 2157 et
1361 2102 1682 2174 ingenitum,
1723 2103 2010 2158 manifeste
2051 2103 2145 2156 de-

2248 2113 2341 2164 καὶ
2355 2113 2388 2181 ἡ
2411 2107 2706 2179 ἀφθαρσία,
2733 2106 2827 2159 καὶ
2850 2106 2911 2159 τὺ
2926 2103 3430 2176 ἀγέννητον,σαφῶς
3451 2102 3827 2156 ἀποδέδεικται

570 2199 910 2247 monstratus
940 2201 1025 2248 est
1054 2193 1141 2247 hic
1173 2209 1348 2249 novus
1382 2192 1472 2249 Dei
1503 2193 1817 2260 fabricator,
1850 2195 2045 2248 Filium
2079 2193 2146 2246 ab

2248 2203 2277 2255 ὁ
2321 2201 2504 2264 καινὸς
2547 2194 2700 2262 οὗτος
2744 2198 2986 2262 θεοποιὸς
3029 2197 3120 2250 τὸν
3158 2198 3288 2267 παρ’
3321 2193 3484 2248 αὑτοῦ
3536 2192 3828 2247 κτισθέντα

571 2297 638 2336 eo
671 2274 936 2350 creatum,
970 2285 1380 2354 corruptibilem
1429 2288 1592 2341 etiam
1626 2301 1978 2356 cognoscere,
2017 2287 2145 2356 quia

2252 2293 2400 2355 Υίὸν,
2444 2291 2680 2363 φθαρτόν
2729 2308 2787 2344 τε
2829 2288 3132 2358 γινώσκων,
3181 2287 3268 2340 διὰ
3304 2286 3366 2340 τὸ
3413 2288 3486 2358 μὴ
3539 2283 3829 2354 γινώσκειν

571 2389 681 2430 non
725 2376 1023 2446 ingenitum
1063 2387 1286 2446 noscat;
1324 2394 1424 2432 nec
1457 2382 1557 2434 hoc
1605 2381 1802 2444 solum,
1847 2380 1942 2434 sed
1981 2379 2148 2448 etiam

2250 2385 2542 2455 ἀγέννητον
2565 2401 2579 2413 '
2606 2383 2699 2436 καὶ
2740 2383 2802 2435 οὐ
2840 2380 2995 2434 τοῦτο
3027 2378 3207 2450 μόνον,
3241 2377 3378 2432 ἀλλά
3411 2377 3506 2430 καὶ
3549 2374 3829 2436 παντελῶς

575 2461 821 2522 funditus
852 2483 961 2521 non
1011 2469 1423 2530 subsistentem,
1461 2470 1588 2538 quia
1624 2485 1730 2523 non
1764 2469 1939 2538 possit
1968 2469 2148 2538 ipsum

2250 2475 2650 2538 ἀνυπόστατον,
2689 2472 2778 2526 διὰ
2822 2471 2883 2524 τὸ
2921 2471 2996 2542 μὴ
3025 2469 3284 2523 δύνασθαι
3315 2467 3474 2521 αὑτὸν
3515 2469 3572 2519 ὲν
3615 2466 3832 2534 θεότητι

574 2557 628 2611 in
661 2557 862 2613 deitate
904 2559 1124 2628 intueri,
1159 2562 1210 2614 in
1242 2578 1350 2630 quo
1396 2562 1694 2630 ingenitum
1742 2576 1849 2614 non
1882 2560 2147 2622 cernitur,

2254 2559 2535 2637 βλέπειν,ᾧ
2550 2565 2651 2617 οὑκ
2672 2563 3013 2634 ὲνθεωρείται
3035 2561 3094 2614 τὸ
3117 2561 3428 2630 ἀγέννητον,
3455 2558 3572 2610 εἷπε
3580 2574 3610 2627 ρ
3632 2555 3829 2609 ταὺτῆν

575 2649 844 2719 siquidem
887 2651 1027 2707 idem
1054 2650 1352 2722 ingenitum
1378 2663 1432 2708 et
1462 2654 1879 2723 incorruptibile
1905 2669 2028 2708 cum
2061 2670 2152 2708 es-

2251 2659 2312 2712 τὸ
2337 2657 2628 2728 ἀγέννητόν
2652 2673 2710 2709 τε
2736 2656 2830 2709 καὶ
2857 2654 3132 2726 ἄφθαρτον
3160 2655 3227 2723 τῇ
3257 2652 3415 2704 οὐσία
3443 2650 3634 2702 οἴεται.
3675 2648 3832 2699 Ἐπεὶ

575 2743 750 2796 sentia
789 2743 1065 2812 opinatur.
1100 2744 1367 2809 Quoniam
1399 2761 1529 2800 vero
1560 2746 1612 2799 in
1647 2745 1729 2800 his
1758 2747 2044 2815 perspicua
2070 2756 2153 2800 est

2251 2750 2306 2803 δὲ
2339 2748 2600 2821 πρόδηλος
2633 2749 2690 2800 ὲν
2711 2747 2917 2809 τούτοις
2946 2745 3092 2800 ἐστὶν
3126 2746 3159 2815 ἡ
3192 2741 3458 2802 ἀπώλεια,
3496 2737 3831 2810 συμϐουλευ-

576 2833 872 2904 pernicies,
909 2831 1126 2891 miseris
1157 2837 1356 2907 aliquis
1385 2838 1658 2899 consulat,
1713 2847 1772 2890 ut
1803 2836 1869 2890 ad
1910 2836 1961 2890 id
2007 2835 2152 2908 quod

2255 2841 2402 2894 σάτω
2442 2857 2525 2904 τις
2550 2843 2661 2902 τοῖς
2690 2839 2944 2900 δειλαίοις
2981 2838 3074 2890 ἐπὶ
3113 2837 3172 2889 τὸ
3206 2835 3524 2905 λειπόμενον
3555 2833 3833 2904 τραπῆναι

577 2935 829 2996 superest
865 2927 1076 2983 ratione
1117 2937 1527 2992 convertantur,
1581 2943 1682 2982 nec
1715 2929 2056 2982 reluctentur
2085 2942 2150 2981 ex

2253 2933 2332 3002 τῷ
2362 2931 2526 3000 λόγῳ,
2571 2932 2665 2984 καὶ
2699 2932 2773 3002 μὴ
2810 2919 3136 3000 ζυγομαχεῖν
3165 2930 3228 2980 ἐκ
3260 2925 3354 2980 τοῦ
3400 2925 3662 2997 προδήλου
3693 2924 3832 2994 πρὸς

577 3017 870 3073 manifesto
897 3025 1087 3072 contra
1111 3019 1416 3081 veritatem,
1441 3018 1535 3072 sed
1560 3017 1934 3073 assentiantur
1958 3017 2150 3070 horum

2254 3022 2353 3093 τὴν
2375 3021 2654 3092 ἀλήθειαψ
2680 3020 2814 3074 ἀλλά
2845 3018 3186 3073 συντίθεσθαι
3210 3017 3339 3069 ἴδιον
3370 3016 3598 3069 ἑκάστου
3626 3013 3837 3067 τούτων

578 3110 920 3181 singulorum
955 3111 1240 3165 nominum
1282 3110 1562 3180 proprium
1610 3125 1731 3164 esse
1764 3109 2151 3177 significatum,

2257 3109 2396 3169 εἶναι
2434 3113 2543 3166 τῶν
2579 3111 2859 3184 ὀνομάτων
2890 3111 2951 3164 τὸ
2993 3111 3409 3182 σημαινόμενον,
3451 3108 3585 3178 ὅπερ
3633 3106 3837 3177 μᾶλλον

576 3202 722 3272 quod
769 3201 986 3270 quidem
1035 3202 1207 3270 magis
1253 3202 1373 3270 quis
1406 3217 1502 3270 per
1533 3216 1598 3255 ea
1648 3216 1769 3269 qua:
1801 3211 2153 3269 opponuntur
2183 3245 2213 3301 Ε

2202 3245 2225 3301 1
2258 3205 2321 3260 ἄν
2347 3222 2430 3268 τις
2449 3202 2537 3258 διὰ
2557 3203 2665 3256 τῶν
2693 3199 3272 3270 ἀντιδιαστελλομένων
3292 3200 3518 3269 νοήσειε.
3546 3197 3616 3249 Τό
3640 3214 3697 3248 τε
3727 3195 3839 3266 γὰρ

579 3291 926 3346 intellexerit.
972 3290 1107 3344 Nam
1145 3299 1199 3344 et
1246 3291 1548 3360 ingenitum
1591 3291 1886 3360 pergeniti
1930 3291 2156 3360 opposi-
2186 3287 2216 3301 “

2203 3287 2225 3301 ”’
2261 3296 2552 3365 ἀγέννητον
2595 3297 2662 3365 τῇ
2707 3293 2842 3365 πρὸς
2883 3292 2944 3345 τὸ
2975 3291 3232 3362 γεννητὲν
3278 3289 3646 3360 ἀντιδιαστολῇ
3685 3287 3840 3352 ἐξευ-

579 3383 787 3437 tionem
837 3382 1166 3443 invenimus,
1202 3389 1255 3435 et
1294 3381 1709 3451 incorruptibile
1758 3396 1854 3450 per
1883 3382 2158 3450 corrupti-

2265 3387 2546 3460 ρίσκομεν,
2573 3388 2668 3440 καὶ
2685 3386 2746 3440 τὸ
2771 3385 3047 3456 ἄφθαρτον
3069 3387 3134 3455 τῇ
3161 3383 3296 3454 πρὸς
3317 3383 3378 3434 τὸ
3406 3381 3639 3453 φθαρτὸν
3665 3395 3842 3450 παρα-

580 3475 708 3530 bilis
755 3473 1152 3544 appositionem
1187 3475 1554 3543 cognoscitur,
1587 3482 1640 3527 et
1663 3472 1902 3527 essentia
1929 3487 2024 3542 per
2048 3473 2161 3527 dis-

2262 3478 2406 3531 θέσει
2437 3476 2780 3548 γνωρίζεται,
2819 3475 2968 3544 καὶὴ
3002 3474 3160 3527 οὐσία
3194 3477 3260 3544 τῇ
3291 3474 3424 3542 πρὸς
3446 3471 3506 3524 τὸ
3531 3470 3841 3524 ἀνυπόστα-

583 3567 793 3621 crimen
824 3581 947 3619 cum
982 3580 1048 3619 eo
1076 3564 1220 3636 quod
1254 3580 1360 3618 non
1388 3564 1640 3618 subsistit
1679 3570 1978 3634 spectatur.
2007 3563 2162 3619 Sicut

2261 3587 2352 3622 τον
2387 3567 2708 3640 παραλλαγῇ
2744 3569 3048 3638 θεωρεῖται.
3102 3567 3188 3630 Ὠς
3230 3566 3338 3635 γὰρ
3378 3564 3405 3616 ὃ
3440 3563 3512 3634 μὴ
3551 3561 3841 3632 ἐγεννήθη,

582 3657 727 3712 enim
767 3657 913 3726 quod
952 3671 1060 3711 non
1090 3656 1332 3726 genitum
1365 3663 1470 3718 est,
1505 3654 1806 3724 ingenitum
1855 3654 2076 3720 dicitur,
2109 3662 2163 3708 et

2264 3660 2558 3732 ἀγέννητον
2587 3660 2825 3726 λέγεται,
2859 3659 2955 3712 καὶ
2999 3659 3027 3712 ὃ
3065 3658 3140 3730 μὴ
3184 3656 3494 3728 φθείρεται,
3524 3653 3805 3724 ἄφθαρτον
3827 3672 3839 3684 ·

583 3747 729 3820 quod
783 3763 889 3801 non
939 3746 1328 3815 corrumpitur,
1384 3743 1836 3815 incorruptibile:
1889 3744 1967 3798 sic
2017 3743 2162 3813 quod

2263 3753 2436 3818 οὓτως
2460 3754 2554 3808 καὶ
2577 3753 2639 3808 τὸ
2668 3753 2741 3824 μὴ
2767 3751 3137 3823 ἀνύπαρκτον,
3166 3749 3352 3803 οὐσίαν
3379 3747 3843 3818 κατονομάζομεν.

585 3855 694 3893 non
733 3845 818 3892 est
852 3853 961 3891 non
989 3837 1280 3899 exsisteus,
1317 3835 1611 3890 essentiam
1670 3835 2038 3889 nominamus.
2100 3833 2164 3887 Et

2266 3846 2369 3902 Καὶ
2397 3847 2456 3900 τὸ
2484 3847 2719 3918 ἔμπαλιν
2745 3844 2820 3909 ὡς
2845 3845 2906 3899 τὸ
2943 3844 3199 3914 γεννητὸν
3223 3844 3323 3897 οὐκ
3351 3841 3647 3912 ἀγέννητον
3685 3840 3845 3908 λέγο-

585 3938 778 3985 contra
824 3929 967 3988 sicut
1009 3927 1250 3997 genitum
1301 3942 1405 3980 non
1456 3925 1688 3980 dicimus
1723 3927 2047 3996 ingenitum,
2084 3927 2164 3980 sic

2271 3955 2391 4009 μεν,
2421 3938 2516 3991 καὶ
2544 3937 2605 3991 τὺ
2634 3937 2871 4009 φθαρτὸν
2897 3937 2995 3991 οὑκ
3024 3936 3296 4008 ἄφθαρτον
3337 3933 3693 4005 ὀνομάζομεν.
3735 3935 3847 3987 Οὑ-

585 4022 733 4094 quod
773 4019 1126 4090 corruptibile
1165 4030 1274 4080 est,
1327 4033 1435 4072 non
1468 4018 1881 4087 incorruptibile
1914 4019 2164 4071 nomina-

2268 4032 2396 4086 κοῦν
2443 4033 2598 4085 οὐσία
2642 4031 2740 4102 μὲν
2779 4032 2836 4084 έν
2876 4029 2953 4102 τῷ
2998 4025 3135 4082 εἶναί
3176 4045 3228 4080 τι
3266 4028 3639 4080 κατανοεῖται·
3680 4025 3740 4077 τὸ
3790 4024 3848 4076 δὲ

586 4129 731 4168 mus.
767 4111 907 4181 Ergo
936 4111 1175 4166 essentia
1214 4111 1432 4179 quidem
1475 4112 1528 4164 in
1559 4125 1624 4164 eo
1662 4109 1806 4179 quod
1844 4116 1929 4165 est
1961 4109 2166 4179 aliquid

2267 4127 2470 4195 ἀγαθὸν
2505 4126 2536 4196 ἢ
2576 4126 2636 4178 τὸ
2675 4125 2934 4196 φθαρτὸν,
2965 4125 3022 4176 ὲν
3061 4123 3138 4193 τῷ
3182 4121 3422 4174 ποταπὸν
3455 4117 3609 4174 εἶναι.
3653 4120 3849 4183 ’Δλλος

588 4203 940 4272 intelligitur:
981 4201 1184 4255 bonum
1227 4206 1407 4253 autem
1458 4201 1542 4254 vel
1584 4200 1957 4268 corruptibile,
2007 4201 2167 4269 quale

2267 4213 2359 4271 οὖν
2385 4221 2414 4270 ό
2437 4217 2529 4270 τοῦ
2553 4213 2689 4270 εἶναι
2715 4217 2891 4286 λόγος,
2921 4215 3015 4270 καὶ
3034 4216 3218 4286 ἕτερος
3239 4216 3267 4268 ό
3293 4213 3354 4267 τὺ
3383 4213 3518 4278 πῶς,
3549 4214 3582 4283 ἣ
3607 4213 3670 4266 τὸ
3694 4215 3852 4266 ποῖον

588 4293 720 4364 quid
759 4309 879 4349 esse
911 4293 1136 4348 indicat.
1174 4292 1293 4346 Alia
1319 4292 1485 4362 igitur
1515 4293 1766 4346 essentia:
1788 4294 1950 4356 ratio,
1979 4301 2032 4346 et
2059 4293 2167 4346 alia

1280 4307 1293 4345 ι
1319 4292 1485 4362 igitur
1515 4293 1766 4346 essentia:
1788 4294 1950 4356 ratio,
1979 4301 2032 4346 et
2059 4293 2167 4346 alia
2267 4309 2333 4363 δι’
2367 4307 2559 4363 ἑαυτοῦ
2589 4307 2917 4380 σαφηνίςων,

588 4403 709 4458 quae
731 4387 1025 4457 quomodo,
1064 4386 1146 4441 vel
1177 4386 1336 4457 quale
1372 4401 1467 4455 per
1498 4399 1556 4438 se
1585 4383 1849 4439 declarat.

657 4482 737 4533 Ac
763 4480 894 4532 mihi
927 4464 1186 4548 praeclare
1211 4479 1408 4532 habere
1432 4477 1669 4540 videtur,
1700 4477 1745 4531 si
1788 4475 2166 4531 intermediam

2341 4487 2450 4540 Καί
2492 4504 2581 4558 μοι
2630 4488 2778 4541 δοκεῖ
2805 4486 2982 4552 καλῶς
3012 4487 3154 4558 ἔχειν
3187 4486 3485 4558 ὑπερϐάντι
3513 4485 3610 4556 τὴν
3639 4483 3727 4537 διὰ
3752 4484 3850 4555 μέ-

589 4586 850 4627 nauseam
909 4585 1240 4640 superavere
1285 4569 1397 4641 (sic
1444 4570 1590 4623 enim
1632 4569 1868 4622 arbitror
1910 4575 2162 4637 oportere
2198 4577 2226 4632 [

2213 4577 2241 4632 ί)
2269 4596 2360 4632 σου
2405 4579 2628 4632 ναυτίαν
2664 4577 2827 4648 (οὓτω
2858 4579 2965 4650 γὰρ
3004 4575 3154 4650 οἶμαι
3194 4579 3390 4649 χρῆναι
3434 4577 3532 4640 τὰς
3585 4577 3850 4645 ἀνοήτους

589 4673 833 4718 amentes
859 4663 977 4732 ejus
1009 4670 1201 4716 contra
1245 4662 1753 4715 commentationem
1789 4657 2165 4730 aggressioncs

2271 4670 2433 4725 αὑτοῦ
2459 4673 2598 4726 κατά
2621 4673 2719 4742 τῆς
2751 4671 2991 4735 ἐπινοίας
3020 4672 3388 4742 ἐπιχειρήσεις
3413 4669 3848 4740 κατονομάζειν),

589 4757 925 4825 nominare),
957 4755 1084 4809 dum
1117 4754 1350 4825 cupidus
1376 4755 1637 4808 immorer
1679 4754 1733 4806 in
1762 4753 2037 4823 proposita
2067 4769 2166 4807 no-

2271 4762 2349 4832 τῷ
2394 4763 2738 4834 προκειμένῳ
2783 4763 2914 4833 ἡμῖν
2966 4761 3407 4832 έμφιλοχωρῆσαι
3469 4761 3720 4833 νοήματι.
3768 4761 3852 4814 Τὰ

589 4846 674 4900 bis
696 4847 937 4901 notione.
971 4845 1322 4916 Quaecunque
1343 4845 1488 4900 enim
1520 4843 1588 4898 ad
1609 4844 1946 4899 eversionem
1975 4859 2163 4898 eorum

2271 4853 2380 4925 γὰρ
2417 4855 2516 4907 ὃσα
2548 4853 2682 4925 πρὸς
2711 4853 3018 4924 ἀνατροπὴν
3048 4853 3156 4906 τῶν
3203 4854 3331 4925 περὶ
3357 4853 3453 4924 τῆς
3501 4853 3746 4915 ἐπινοίας
3769 4854 3847 4923 τῷ

588 4953 710 5007 qua:
729 4938 796 4991 de
820 4937 1276 4992 commentatione
1302 4951 1334 4990 a
1358 4936 1620 5006 magistro
1643 4934 1991 4990 considerata
2014 4945 2164 5002 sunt,

2271 4946 2572 5018 διδασκάλῳ
2594 4946 2833 5017 τεθεωρη
2842 4945 3016 5016 μένων
3043 4945 3150 5000 ὑπὸ
3169 4945 3262 5000 τοῦ
3297 4946 3654 5016 λογογράφου,
3678 4946 3853 5000 καθά-

589 5029 754 5084 veluti
793 5028 1048 5098 quiddam
1085 5043 1282 5084 succus
1329 5028 1624 5098 pituitosus
1652 5029 1720 5082 ab
1766 5027 1867 5082 hoc
1897 5029 2167 5098 scriptore

2272 5055 2378 5110 περ
2428 5057 2513 5102 τις
2564 5037 2731 5109 χυμὸς
2789 5037 3181 5110 φλεγματώδης
3245 5039 3581 5110 ὲξήμεσται,
3623 5038 3855 5092 τοιαῦτά

589 5121 824 5174 evmnita
849 5129 998 5185 sunt,
1029 5119 1156 5174 talia
1191 5127 1320 5174 sunt
1351 5126 1410 5173 ut
1445 5120 1575 5174 nihil
1605 5121 1830 5191 periculi
1862 5121 2165 5191 legentibus

2274 5131 2418 5182 ἐστιν
2442 5130 2517 5193 ὡς
2540 5129 2740 5201 μηδένα
2763 5130 3002 5184 κίνδυνον
3025 5131 3286 5202 παρέχειν
3305 5133 3417 5194 τοῖς
3436 5131 3767 5200 ὲντυγχάνου
3777 5148 3851 5192 σι,

591 5213 887 5283 praebeant,
943 5213 1046 5267 etsi
1099 5211 1392 5267 admodum
1443 5213 1642 5282 aliquis
1698 5213 1862 5268 fuerit
1913 5215 2162 5276 stolidus,

2273 5223 2376 5276 κᾶν
2399 5223 2601 5292 σφόδρα
2619 5239 2702 5286 τις
2733 5222 2937 5292 ἠλίθιος
2959 5223 3033 5275 ὢν
3055 5222 3148 5275 καὶ
3173 5223 3567 5294 εὐπαράγωγος
3589 5223 3855 5296 τύχῃ.Τίς

589 5315 644 5361 et
679 5306 766 5359 cui
813 5305 978 5360 verba
1007 5305 1138 5359 dare
1165 5305 1235 5358 sit
1273 5305 1448 5360 facile.
1484 5306 1619 5372 Quis
1650 5308 1793 5360 enim
1843 5307 1916 5360 ita
1967 5309 2165 5363 mentis

2272 5315 2381 5385 γὰρ
2421 5313 2590 5377 οὕτως
2637 5314 2740 5380 ἔξω
2774 5314 3010 5376 διανοίας
3046 5315 3216 5375 ἐστὶν,
3241 5315 3380 5367 ὥστε
3409 5315 3476 5367 τὰ
3515 5316 3851 5386 ὑποδειγμά-

588 5395 750 5467 inops
769 5404 822 5451 et
850 5411 1063 5460 vecors,
1106 5404 1163 5449 ut
1194 5412 1314 5465 qua:
1341 5399 1574 5467 exempli
1606 5399 1777 5466 gratia
1799 5399 1866 5454 de
1892 5398 2165 5454 frumento

2271 5404 2438 5468 τικῶς
2471 5405 2597 5475 περὶ
2633 5402 2726 5458 τοῦ
2772 5405 2918 5458 σίτου
2952 5405 3102 5475 παρά
3133 5404 3225 5457 τοῦ
3256 5403 3574 5458 διδασκάλου
3599 5405 3849 5468 τεθέντα,

590 5505 620 5541 a
649 5489 870 5543 doctore
893 5488 1068 5559 posita
1099 5497 1247 5552 sunt,
1279 5489 1478 5559 quibus
1500 5489 1646 5544 velut
1673 5496 1843 5544 artem
1873 5491 2164 5560 quamdam

2271 5497 2338 5564 δι’
2369 5492 2444 5551 ὧν
2482 5497 2642 5550 οἱονεὶ
2678 5496 2873 5567 τέχνην
2925 5497 3043 5550 τινὰ
3087 5497 3180 5551 καὶ
3223 5497 3408 5566 ἔφοδον
3447 5498 3581 5568 πρὸς
3610 5497 3707 5568 τὴν
3739 5498 3850 5552 τῶν

589 5586 646 5633 et
683 5579 889 5632 aditum
923 5578 991 5632 ad
1023 5578 1338 5634 sublimium
1378 5579 1894 5649 contemplationem
1931 5581 2163 5636 auditori

2272 5586 2491 5657 ὑψηλῶν
2525 5585 2752 5657 θεωρίαν
2775 5586 2851 5656 τῷ
2875 5587 3115 5658 ἀκροατῇ
3152 5586 3453 5648 ὑπετίθετο,
3477 5587 3646 5639 ταῦτα
3678 5587 3851 5655 ψιλῶς

593 5671 954 5739 supponebat,
987 5670 1100 5724 haec
1127 5672 1252 5723 dum
1278 5671 1490 5736 exiliter
1514 5671 1818 5727 Eunomius’
1839 5675 1905 5728 de
1927 5676 2165 5729 essentia

2273 5679 2366 5732 τοῦ
2399 5678 2662 5749 Εὑνομίου
2683 5681 2793 5742 τοῖς
2819 5679 2946 5750 περὶ
2970 5679 3068 5750 τῆς
3088 5679 3276 5742 οὐσίας
3303 5678 3397 5732 τοῦ
3417 5679 3552 5732 Θεοῦ
3584 5679 3690 5732 τῶν
3711 5680 3851 5731 ὅλων

595 5758 689 5813 Dei
723 5761 1098 5817 universorum
1125 5763 1471 5818 sermonibus
1502 5765 1897 5832 accommodat,
1937 5768 2165 5822 arbitre-

2273 5768 2671 5841 ἐφαρμόζοντος
2713 5770 2919 5839 λόγοις,
2955 5770 3200 5842 οἰηθῆναί
3235 5788 3287 5824 τι
3333 5770 3506 5840 λέγειν
3540 5769 3720 5828 αὑτὸν,
3757 5773 3850 5824 καὶ

597 5857 678 5906 tut
716 5851 893 5923 ipsum
934 5853 1136 5926 aliquid
1178 5853 1381 5922 dicere,
1436 5863 1488 5910 et
1540 5871 1664 5912 cum
1716 5857 1895 5928 aliqua
1944 5860 2164 5916 solertia

2277 5862 2415 5932 μετά
2447 5878 2589 5926 τινος
2629 5861 2905 5933 ἀγχινοίας
2940 5861 3080 5915 κατά
3125 5863 3226 5934 τῆς
3281 5862 3539 5934 ἀληθείας
3595 5860 3852 5934 τεχνάζε-
