4146 6386
358 358 488 413 1041

1448 358 1729 416 CONTRA
1764 357 2156 430 EUNOMIUM,
2198 362 2329 419 LIB.
2370 363 2485 418 ΧΗ.

3475 361 3611 418 10ιέ

355 477 514 540 σθαι;
547 475 620 528 Τὸ
650 475 758 548 γάρ
812 475 1039 545 φάσκειν
1071 476 1232 530 αὑτὸν
1261 479 1718 554 πρεπωδεστάτην
1751 484 1931 536 αἰτίαν

2035 491 2226 536 contra
2257 484 2540 538 veritatem
2571 481 2947 537 architectari?
2969 479 3103 536 Nam
3136 479 3281 549 quod
3306 479 3420 548 ipse
3460 493 3613 534 asse-

353 566 446 619 ὲπὶ
476 565 568 618 τοῦ
588 565 722 619 Θεοῦ
747 565 843 619 τοῦ
864 566 1120 635 γεννῆσαι
1145 567 1235 620 τὸν
1251 567 1378 622 Υἰὸν
1406 565 1544 624 εἶναι
1570 572 1666 642 τήν
1693 573 1924 626 ἀδέσπο-

352 674 443 710 τον
482 655 761 722 ἐξουσίαν,
793 659 886 712 καὶ
937 658 1034 729 τὴν
1066 660 1472 730 ἀνυπέρϐλητον
1508 663 1754 734 δύναμιν,
1791 667 1927 738 ὅπερ

351 752 413 803 οὑ
438 751 566 822 περὶ
591 751 684 804 τοῦ
714 751 916 822 κόσμου
947 753 1104 822 μόνον
1123 753 1216 806 καὶ
1233 753 1342 806 τῶν
1373 755 1430 806 ἐν
1456 755 1604 824 αὑτῷ
1627 758 1923 827 στοιχείων,

352 843 488 895 ἀλλά
514 844 607 896 καὶ
636 845 762 914 περὶ
785 843 892 896 τῶν
922 844 1163 914 ἑρπετῶν
1195 846 1289 898 καὶ
1327 844 1528 916 Θηρίων
1561 847 1705 901 ἔστιν
1730 849 1922 901 εἰπεῖν’

354 934 632 987 καὶτοῦτο
664 935 740 998 ὡς
785 935 992 1006 πρέπον
1028 937 1119 989 ἐπί
1147 939 1246 1006 τῆς
1284 937 1377 990 τοῦ
1426 939 1747 1009 μονογενοῦς
1788 940 1924 995 Θεοῦ

354 1025 671 1096 ὑπολήψεως
724 1026 814 1080 τὸν
868 1028 1062 1099 σεμνὸν
1117 1029 1363 1098 θεολόγον
1407 1029 1745 1085 ἐκτίθεσθαι·
1785 1032 1818 1104 ἦ
1865 1033 1927 1086 τὸ

352 1118 530 1188 λέγειν
554 1119 648 1172 καὶ
674 1120 779 1190 πρὸ
798 1121 896 1191 τῆς
911 1121 1018 1173 τῶν
1037 1121 1312 1190 ὀνομάτων
1335 1124 1639 1192 γεννήσεως
1676 1123 1929 1194 Ἀγέννη-

350 1227 461 1271 τον,
493 1209 526 1281 ἢ
556 1210 796 1282 Πατέρα,
824 1211 858 1282 ἦ
893 1213 960 1266 τά
1007 1213 1171 1267 λοιπά
1199 1213 1307 1266 τῶν
1351 1214 1630 1283 ὀνομάτων
1654 1232 1928 1287 προσαγο-

355 1303 605 1372 ρεύεσθαι
637 1302 728 1356 τὸν
753 1303 918 1358 Θεόνο
943 1306 1191 1377 καθάπερ
1225 1305 1451 1369 δεδιότα,
1485 1307 1559 1379 μὴ
1591 1307 1685 1360 τοῦ
1723 1307 1924 1378 ὀνόμα-

352 1413 440 1458 τος
479 1396 628 1466 παρὰ
658 1399 771 1460 τοῖς
819 1399 984 1468 μήπω
1030 1399 1274 1466 γεγονόσι
1310 1399 1671 1469 σιωπηθέντπ
1692 1439 1706 1464 ,
1737 1401 1927 1454 ἑαυτὸν

351 1489 667 1556 ἀγνοήσειεν
690 1528 705 1550 ,
734 1487 768 1559 ἢ
821 1491 902 1553 είς
937 1490 1107 1561 λήθην
1161 1489 1354 1544 ἑαυτοῦ
1401 1491 1592 1555 πέσοι,
1628 1496 1695 1563 τῇ
1747 1495 1922 1564 σιωπῇ

350 1580 444 1632 τοῦ
499 1580 757 1652 ὀνόματος
804 1583 832 1635 ὅ
870 1583 1014 1635 ἐστιν
1051 1583 1340 1652 ἀγνοήσας.
1395 1584 1459 1636 Ἥ
1491 1583 1548 1637 δὲ
1599 1584 1925 1656 χλευαστικὴ

351 1670 458 1723 τῶν
501 1673 781 1743 ἡμετέρων
811 1673 984 1741 λόγων
1036 1675 1374 1747 καταδρομὴ,
1414 1676 1536 1729 ὅσον
1571 1676 1633 1729 τὸ
1673 1676 1836 1749 δριμύ
1865 1694 1924 1730 τε

352 1764 444 1816 καὶ
480 1764 732 1832 ἀγχίνουν
759 1764 890 1835 ἔχει,
919 1765 986 1818 δι’
1015 1760 1088 1819 ὧν
1113 1769 1507 1832 κατασκευάζει
1532 1768 1592 1821 τὸ
1614 1769 1832 1831 ἄτοπον,
1849 1769 1931 1822 ὅτι

350 1856 379 1907 ό
400 1855 504 1924 πρὸ
534 1855 748 1908 πάντων
783 1856 992 1909 αἰώνων
1039 1857 1133 1908 καὶ
1176 1857 1383 1928 χρόνων
1411 1859 1506 1910 καὶ
1535 1858 1716 1928 πάσης
1749 1859 1934 1929 αἰσθη-

348 1947 448 2016 τῆς
485 1964 544 1999 τε
593 1948 687 2000 καὶ
741 1950 936 2019 νοητῆς
984 1948 1198 2018 φύσεως
1243 1949 1482 2017 γεγονὼς
1535 1949 1761 2020 Πατὴρ,
1811 1950 1932 2014 πῶς

353 2036 635 2108 περιμένει
681 2038 808 2102 τοὺς
836 2038 1172 2111 ἀνθρώπους.
1204 2040 1291 2093 ἴνα
1324 2039 1411 2093 διὰ
1455 2040 1554 2110 τῆς
1585 2040 1788 2094 τούτων
1823 2042 1931 2094 ὀνο-

356 2130 534 2201 μασθῇ
566 2131 825 2197 ἐπινοίας,
842 2131 940 2184 οὑκ
966 2131 1382 2203 ὀνομαζόμενος,
1405 2133 1481 2196 ὧς
1509 2150 1672 2204 φησιν
1701 2135 1926 2197 ἐκεῖνος,

350 2219 476 2274 οὗτε
511 2221 616 2274 ὑπὸ
646 2221 738 2274 τοῦ
774 2221 925 2286 Υίοῦ,
949 2220 1071 2275 οὔτε
1111 2223 1214 2275 ὑπὸ
1238 2222 1344 2275 τῶν
1368 2223 1434 2276 δι’
1462 2223 1670 2276 ἐκείνου
1704 2222 1931 2293 γενομέ-

352 2330 458 2366 νων
485 2312 690 2382 νοητῶν
741 2311 970 2378 οὑσιῶν;
1001 2313 1203 2366 Οὐδένα
1230 2313 1338 2383 γάρ
1378 2312 1550 2376 οὑτως
1582 2309 1734 2384 οἶμαι
1763 2313 1930 2383 κορύ-

352 2401 451 2473 ζης
471 2402 608 2456 εἶναι
644 2402 861 2473 βαθείας
891 2404 1107 2474 μεστὸν,
1127 2403 1201 2467 ὡς
1223 2406 1435 2473 ἀγνοεῖν
1466 2405 1548 2457 ὅτι
1574 2405 1602 2456 ὁ
1635 2404 1927 2475 μονογενὴς

352 2495 506 2561 θεὸς,
541 2497 568 2548 ὁ
609 2498 666 2548 ἐν
716 2495 889 2567 Πατρὶ
915 2495 1018 2558 ὢν,
1049 2497 1143 2549 καὶ
1170 2497 1227 2549 ἐν
1261 2495 1412 2566 αὑτῷ
1445 2497 1537 2550 τὸν
1564 2497 1782 2567 Πατέρα
1795 2496 1924 2566 βλέο

355 2601 490 2644 πων,
522 2585 783 2654 ὀνόματος
806 2584 839 2655 ἢ
942 2603 1111 2655 ματος
1150 2585 1286 2655 πρὸς
1323 2585 1422 2657 τὴν
1450 2585 1542 2637 τοῦ
1565 2585 1928 2655 ὑποκειμένου

353 2673 554 2742 γνῶσιν
582 2675 682 2728 ούκ
732 2673 1021 2740 ἐπιδέεται,
1052 2674 1175 2728 οὔτε
1209 2675 1268 2727 τὸ
1305 2673 1528 2745 Πνεῦμα
1565 2674 1627 2727 τὸ
1661 2675 1832 2742 ἀγιον,
1867 2675 1928 2728 τὸ

353 2768 423 2823 τὰ
458 2766 552 2820 τοῦ
585 2767 720 2820 Θεοῦ
751 2765 888 2837 βάθη
933 2766 1370 2838 διερευνώμενον,
1401 2767 1490 2820 διά
1519 2767 1617 2837 τῆς
1643 2768 1930 2838 ὀνομαστι-

353 2861 453 2929 κῆς
490 2857 859 2930 προσηγορίας
895 2857 1031 2929 πρὸς
1063 2857 1162 2928 τὴν
1189 2857 1281 2910 τοῦ
1339 2857 1670 2928 ζητουμένου
1727 2858 1928 2926 γνῶσιν

354 2951 626 3018 ἐνάγεται.
658 2947 795 3002 υῠτε
827 2950 861 3019 ἡ
905 2947 1195 3018 ἀσώματος
1221 2949 1330 3001 τῶν
1360 2949 1744 3020 ὑπερκοσμίων
1769 2950 1928 3003 δυνά-

2033 581 2119 626 rat
2147 589 2368 628 causam
2404 575 2458 628 in
2496 572 2604 629 Deo
2643 573 3085 629 decentissimum
3112 571 3308 626 Filium
3334 569 3608 640 gignendi,

2032 680 2156 720 esse
2198 665 2422 719 liberam
2454 673 2777 735 potestatem
2811 669 2866 718 et
2888 664 3144 718 virtutem
3174 659 3610 729 superexcellcn-

2034 764 2164 818 tem,
2195 755 2340 824 quod
2381 753 2602 825 quidem
2635 769 2744 808 non
2776 754 2952 808 solum
2981 751 3050 807 de
3075 751 3280 805 mundo
3309 760 3364 804 ct
3392 751 3460 804 de
3499 751 3602 804 ele-

2033 844 2232 898 mentis
2269 846 2325 897 in
2362 843 2483 913 ipso
2512 843 2810 906 contentis,
2865 842 2961 897 sed
3006 840 3169 896 etiam
3217 841 3287 896 de
3325 841 3611 910 replilihus

2031 943 2085 990 et
2115 935 2246 990 feris
2277 934 2404 990 licet
2433 934 2652 1001 dicere;
2694 942 2748 990 et
2779 935 2884 988 hoc
2932 943 2992 988 ut
3025 934 3284 988 decorum
3318 931 3373 984 in
3419 931 3612 999 unige-

2032 1028 2134 1082 niti
2215 1025 2309 1082 Dei
2373 1026 2780 1082 existimatione
2847 1041 3066 1096 gravem
3130 1032 3186 1078 et
3237 1023 3608 1080 venerandum

2034 1119 2340 1190 theologum
2362 1133 2656 1188 exponere,
2677 1119 2762 1173 vel
2785 1117 2914 1172 dum
2937 1117 3070 1170 dicit
3089 1115 3253 1170 etiam
3283 1125 3409 1170 ante
3430 1123 3611 1169 ortum

2032 1225 2220 1266 eorum
2255 1210 2348 1282 qui
2370 1210 2677 1276 nominant,
2737 1210 3063 1282 ingenitum,
3113 1208 3197 1262 vel
3234 1206 3473 1272 Patrem,
3527 1207 3613 1260 vel

2033 1302 2243 1373 reliqua
2278 1301 2520 1366 nomina,
2559 1301 2724 1356 Deum
2761 1301 3042 1371 appellari,
3087 1299 3244 1370 quasi
3299 1306 3507 1352 metuat
3545 1314 3613 1352 nc

2032 1395 2253 1448 nomine
2282 1395 2423 1464 apud
2448 1411 2536 1450 res
2563 1395 2802 1448 nondum
2828 1402 2983 1447 natas
3003 1393 3175 1446 tacito
3199 1392 3436 1460 seipsum
3467 1391 3614 1458 igno-

2034 1487 2190 1550 rarit,
2223 1487 2308 1540 vel
2343 1490 2395 1540 in
2436 1487 2519 1541 sui
2561 1485 2734 1556 ipsius
2772 1485 3102 1539 oblivionem
3137 1483 3409 1544 inciderit,
3447 1483 3613 1537 silen-

2035 1577 2111 1631 tio
2143 1577 2382 1631 nominis
2420 1576 2553 1647 quid
2600 1578 2676 1631 sit
2721 1577 2997 1630 nesciens.
3042 1577 3110 1629 At
3144 1575 3235 1628 illa
3281 1573 3613 1629 cavillatoria

2033 1680 2345 1725 nostrorum
2373 1669 3044 1730 sormnmmitscctatio,
3077 1676 3344 1737 quantum
3374 1666 3615 1720 acrimo-

2034 1765 2137 1818 nia:
2169 1772 2222 1820 et
2251 1764 2489 1818 solertia:
2530 1763 2712 1823 habet,
2759 1761 2961 1830 quibus
2987 1759 3289 1814 absurdum
3317 1757 3613 1818 construit,

2031 1857 2179 1928 quod
2207 1857 2298 1926 qui
2337 1863 2463 1909 ante
2489 1855 2671 1908 omnia
2704 1857 2902 1908 smcuta
2926 1860 2981 1907 ct
3012 1863 3278 1922 tempora,
3311 1859 3365 1904 et
3395 1863 3614 1904 omnem

2031 1948 2345 2005 scnsibilem
2399 1955 2453 2000 et
2502 1945 2896 2015 iutclligibilcm
2951 1951 3225 2007 naturam,
3286 1941 3389 1995 fuit
3431 1939 3612 2002 Pater,

2029 2041 2307 2112 quomodo
2338 2041 2590 2094 homines
2631 2046 2932 2109 exspectat,
2974 2046 3032 2092 ut
3070 2054 3166 2107 per
3189 2028 3614 2091 commentatio—

2029 2147 2153 2187 nem
2178 2130 2265 2186 his
2301 2129 2763 2199 appellationibus
2799 2129 3133 2190 nominetur,
3166 2127 3259 2197 qui
3295 2141 3403 2180 non
3440 2125 3618 2180 nomi-

2029 2223 2282 2288 nabatur,
2334 2231 2393 2276 ut
2433 2225 2506 2276 ait
2548 2223 2658 2285 ille,
2691 2239 2868 2292 neque
2899 2239 2928 2275 a
2959 2221 3119 2287 Filio,
3157 2238 3334 2292 neque
3382 2222 3451 2275 ab
3490 2221 3618 2275 ullis

2027 2332 2126 2387 per
2158 2316 2310 2370 illum
2343 2315 2502 2369 factis
2525 2315 2690 2368 rebus
2724 2313 3194 2384 intelligihilibus?
3226 2313 3444 2368 Nullum
3470 2313 3616 2366 enim

2029 2411 2104 2462 ita
2134 2406 2410 2478 profunda
2451 2407 2744 2477 gravedine
2786 2407 3063 2475 oppletum
3122 2413 3274 2476 puto,
3317 2413 3376 2457 ut
3407 2404 3619 2473 ignoret

2027 2501 2172 2570 quod
2222 2500 2534 2570 unigenitus
2579 2500 2743 2561 Deus,
2786 2499 2876 2568 qui
2912 2499 2964 2552 in
3007 2497 3167 2553 Patre
3196 2507 3301 2561 est,
3334 2505 3388 2550 et
3430 2497 3486 2550 in
3518 2512 3609 2550 se-

2027 2596 2148 2666 ipso
2173 2594 2390 2650 Patrem
2419 2594 2565 2647 videt
2588 2594 2656 2655 ⁷¹,
2706 2592 2928 2645 nomine
2957 2592 3038 2644 vel
3075 2591 3238 2643 verbo
3268 2590 3333 2643 ad
3373 2588 3614 2658 subjecti

2029 2685 2393 2754 cognitionem
2429 2700 2536 2738 non
2581 2682 2806 2751 indiget,
2854 2698 3030 2749 neque
3077 2680 3316 2750 Spiritus
3366 2689 3615 2742 sanctus,

2029 2777 2122 2846 qui
2149 2775 2314 2829 etiam
2348 2773 2438 2828 Dei
2478 2773 2820 2827 abditissima
2872 2772 3102 2824 rimatur
3125 2770 3193 2833 ",
3236 2785 3332 2840 per
3373 2768 3620 2821 nomina-

2030 2868 2196 2920 tivam
2237 2865 2652 2937 appellationem
2695 2864 2760 2918 ad
2797 2864 2917 2932 ejus
2948 2863 3094 2932 quod
3123 2863 3390 2932 quaeritur
3419 2860 3614 2930 cogni-

2031 2959 2234 3012 tionem
2276 2955 2588 3011 adducitur.
2623 2955 2807 3025 Ncqne
2849 2955 3171 3024 incorporea
3224 2951 3620 3006 transmunda—

359 3057 502 3110 μεων
525 3039 706 3108 φύσις,
736 3040 886 3110 φωνῇ
916 3040 1011 3092 καὶ
1039 3038 1253 3111 γλώττῃ
1282 3039 1640 3109 κατονομάζει
1669 3039 1730 3092 τὸ
1753 3039 1932 3118 Θεῖονή

2035 3065 2227 3104 narum
2270 3049 2534 3104 virtutum
2571 3056 2769 3101 natura
2803 3061 2935 3100 voce
2979 3056 3032 3100 et
3065 3047 3250 3116 lingua
3277 3059 3479 3097 numcn
3512 3057 3618 3097 no-

354 3131 448 3184 ἐπὶ
482 3131 589 3200 γὰρ
617 3129 715 3200 τῆς
753 3128 919 3183 ἀΰλου
953 3129 1046 3183 καὶ
1078 3130 1271 3200 νοερᾶς
1314 3128 1555 3198 φύσεως,
1596 3130 1630 3198 ή
1661 3129 1801 3183 κατὰ
1837 3130 1928 3184 τὸν

354 3225 478 3278 νεῦν
507 3223 756 3294 ἐνέργεια
777 3222 934 3290 λόγος
968 3222 1136 3287 ἐστὶν,
1163 3221 1314 3274 οὐδὲν
1349 3224 1414 3293 τῇ
1446 3221 1603 3292 ὑλικῇ
1627 3221 1735 3274 τῶν
1765 3223 1932 3294 ὀργά-

355 3334 460 3369 νων
508 3314 779 3386 ὑπηρεσίᾳ
823 3313 1222 3384 συγχρώμενος.
1273 3314 1381 3366 Καὶ
1413 3315 1520 3385 γὰρ
1555 3315 1646 3366 ἐπὶ
1692 3314 1790 3384 τῆς
1840 3316 1933 3368 ἀν-

357 3405 632 3477 θρωπίνης
681 3404 892 3475 φύσεως
918 3445 934 3468 ,
963 3405 1116 3459 οὐδὲν
1150 3405 1215 3458 ἂν
1248 3404 1464 3475 ἐδέησεν
1515 3405 1644 3475 ἡμῖν
1687 3407 1784 3477 τῆς
1824 3406 1931 3459 τῶν

357 3503 615 3572 ῥημάτων
645 3518 705 3552 τε
753 3499 848 3552 καὶ
885 3497 1163 3568 ὀνομάτων
1204 3497 1450 3569 χρήσεως
1474 3537 1488 3559 ,
1524 3498 1572 3548 εἰ
1603 3496 1828 3551 δυνατὸν
1863 3493 1931 3567 ἦν

356 3592 538 3663 γυμνά
597 3591 968 3664 προδεικνύειν
997 3589 1246 3660 ἀλλήλοις
1277 3589 1345 3642 τά
1376 3591 1476 3658 τῆς
1516 3590 1750 3654 διανοίας
1775 3593 1933 3660 κινή-

360 3702 522 3754 ματα.
556 3683 689 3738 Νυνὶ
729 3681 786 3734 δὲ
811 3681 917 3733 τῶν
945 3678 1306 3749 ἐγγινομένων
1337 3681 1470 3750 ἡμῖν
1508 3681 1812 3750 νοημάτων,
1846 3679 1934 3732 διὰ

356 3775 417 3828 τὸ
443 3777 508 3846 τῇ
543 3775 773 3845 σαρκίνῃ
823 3772 1080 3844 περιϐολῇ
1107 3771 1206 3842 τὴν
1240 3772 1405 3839 φύσιν
1433 3772 1589 3842 ἡμῶν
1627 3772 1934 3842 περιείργε-

360 3865 502 3926 σθαι,
536 3863 912 3934 φανερωθῆναι
943 3861 1016 3932 μὴ
1054 3861 1387 3932 δυναμένων,
1419 3861 1733 3930 ἀναγκαίως
1763 3861 1936 3914 καθά-

360 3975 465 4026 περ
500 3957 700 4026 σημεῖα
730 3957 841 4017 τοῖς
892 3954 1177 4024 πράγμασι
1204 3953 1301 4017 τάς
1332 3952 1491 4017 ποιὰς
1523 3953 1634 4006 τῶν
1655 3953 1934 4023 ὀνομάτων

360 4051 536 4112 θέσεις
567 4047 932 4111 ἐπιϐαλόντες,
969 4048 1034 4099 δι’
1061 4045 1283 4100 ἐκείνων
1304 4046 1404 4108 τὰς
1439 4045 1532 4098 τοῦ
1565 4045 1655 4099 νοῦ
1695 4047 1936 4116 κινήσεις

358 4141 607 4212 ἀλλήλοις
656 4137 1068 4209 δημοσιεύομεν.
1120 4138 1184 4189 Εἰ
1220 4137 1277 4189 δέ
1323 4154 1442 4199 πως
1475 4131 1543 4206 ἦν
1587 4134 1936 4204 ἀπογυμνοῦν

360 4233 560 4305 ἑτέρως
582 4231 650 4284 τά
672 4219 786 4301 τῆς
807 4229 1043 4292 διανοίας
1078 4229 1375 4299 κινήματα,
1411 4228 1620 4298 χαίρειν
1644 4228 1742 4299 τὴν
1780 4245 1935 4297 περι-

361 4323 543 4392 οδικὴν
569 4321 676 4376 τῶν
717 4319 996 4393 ὀνομάτων
1043 4319 1344 4392 ὑπηρεσίαν
1379 4319 1655 4383 ἐάσαντες,
1673 4319 1937 4389 τηλαυγέ-

362 4431 549 4484 στεςιον
577 4413 643 4466 ἂν
669 4412 762 4467 καὶ
803 4409 1185 4482 καθαρώτερον
1220 4409 1471 4481 ἀλλήλοις
1511 4409 1931 4480 συνεγενόμεθα,
1969 4394 2011 4446 Ι)

360 4506 528 4574 αὐτὴν
563 4502 664 4574 τὴν
703 4501 813 4555 τῶν
861 4500 1204 4572 πραγμάτων
1262 4500 1442 4570 φύσιν,
1475 4501 1602 4570 περί
1640 4501 1706 4568 ἦν
1744 4503 1773 4552 ὁ
1812 4500 1936 4564 νοῦς

363 4595 711 4664 καταγίνεται
741 4595 860 4657 ταῖς
880 4593 981 4663 τῆς
1000 4593 1238 4655 διανοίας
1257 4595 1453 4664 ὁρμαῖς
1480 4591 1931 4656 ἐκκαλύπτοντες.

361 4689 496 4742 Νυνὶ
533 4688 590 4741 δὲ
629 4685 816 4739 τούτου
866 4685 1024 4756 χάριν
1061 4683 1136 4754 τῷ
1169 4685 1269 4754 μέν
1300 4702 1402 4736 τινι
1430 4684 1536 4736 τῶν
1563 4683 1730 4738 όντων
1763 4686 1936 4756 όνομα

360 4780 584 4852 οὐρανὸν
630 4777 884 4850 ἐθέμεθα,
923 4776 1093 4849 ἐτέρῳ
1131 4777 1187 4830 δὲ
1231 4777 1354 4845 γῆν,
1386 4777 1480 4829 καὶ
1519 4777 1663 4848 ἄλλῳ
1697 4777 1824 4831 ἄλλο
1859 4795 1934 4832 τι.

361 4873 471 4928 Καὶ
516 4873 578 4925 τὸ
610 4871 743 4942 πρός
780 4869 832 4922 τί
863 4887 978 4933 πως
1027 4867 1244 4938 ἔχειν,ἢ
1285 4867 1346 4920 τὸ
1393 4869 1709 4939 ἐνεργεῖν,ή
1743 4869 1804 4922 τὸ
1831 4870 1938 4923 πά-

362 4981 531 5034 σχεω,
561 4964 738 5017 πάντα
760 4960 929 5014 ταῦτα
967 4959 1290 5022 ἰδιαζούσαις
1319 4959 1793 5029 ἐπισημαινόμεθα
1819 4963 1940 5025 ταῖς

362 5057 567 5124 φωναῖς
583 5053 686 5119 ’ὡς
715 5053 781 5108 ἂν
809 5052 883 5124 μὴ
908 5051 1266 5121 ἀκοινώνητός
1284 5069 1343 5104 τε
1363 5053 1457 5106 καὶ
1478 5054 1753 5121 ἄγνωστος
1777 5053 1810 5122 ἡ
1844 5051 1939 5105 τοῦ

361 5147 452 5198 νοῦ
473 5145 684 5216 κίνησις
701 5146 759 5198 ἐν
773 5146 806 5216 ή
817 5146 907 5215 μίν
931 5143 1101 5213 μένοι.
1117 5144 1181 5196 Ἦ
1195 5143 1250 5195 δὲ
1265 5143 1628 5214 ὑπερκὸσμιος
1645 5143 1826 5214 ἐκείνη
1849 5144 1943 5197 καὶ

363 5237 521 5301 ἀῦλος
543 5235 725 5306 φύσις,
755 5236 855 5306 τῆς
889 5235 1206 5304 σωματικῆς
1232 5236 1492 5306 περιοχῆς
1517 5236 1774 5308 ἐλευθέρα
1802 5231 1938 5291 οὖσα

366 5330 460 5383 καὶ
491 5330 700 5394 ἄνετος,
727 5327 852 5382 οὔτε
883 5329 976 5381 ἐπὶ
1015 5329 1112 5398 τῆς
1136 5329 1540 5399 ὑπερκειμένης
1589 5329 1803 5399 φύσεως
1821 5331 1937 5384 ὀνο-

367 5422 550 5490 μάτων
576 5419 803 5491 δέεταιῆ
836 5419 1116 5490 ῥημάτων,
1162 5420 1261 5472 ἀλλ
1291 5423 1443 5473 εἵπου
1481 5419 1576 5474 καὶ
1606 5439 1708 5492 μνη
1718 5420 1938 5491 μονεύε-

364 5529 449 5562 ται
478 5510 626 5582 παρά
657 5514 755 5582 τῆς
777 5512 967 5582 νοερᾶς
1007 5511 1220 5580 φύσεως
1261 5511 1417 5580 λόγος
1442 5529 1523 5575 τις
1559 5513 1616 5563 ἐν
1643 5513 1815 5583 ίεραῖς
1849 5513 1939 5565 Βί-

363 5601 510 5666 ϐλοις
565 5603 929 5672 ἀνάγραπτος,
972 5603 1128 5674 ήμῶν
1177 5603 1359 5656 ἕνεκεν
1395 5604 1503 5657 τῶν
1541 5604 1842 5659 ἀκουόντων
1880 5607 1943 5659 τὸ

437 5777 478 5806 τ¹
515 5774 675 5830 Joan.
712 5793 819 5844 xlv,
845 5778 900 5841 9,
937 5776 1016 5831 ιο.
1096 5778 1140 5809 ⁷⁸
1180 5776 1197 5834 1
1242 5777 1369 5832 Cor.
1399 5793 1459 5834 It.
1501 5780 1587 5833 l0.

2031 3143 2235 3198 miuat:
2279 3157 2404 3195 nam
2456 3140 2509 3194 in
2553 3149 2750 3194 natura
2798 3137 3145 3192 immateriali
3175 3145 3231 3191 et
3264 3135 3616 3205 intelligente,

2032 3243 2189 3290 actus
2219 3234 2311 3304 qui
2347 3233 2404 3286 ﬁt
2451 3231 2752 3287 secundum
2790 3238 3045 3291 mentem,
3099 3242 3280 3282 sermo
3331 3232 3436 3288 est,
3482 3225 3618 3279 nihil

2031 3326 2298 3380 materiali
2327 3325 2816 3378 instrumentorum
2855 3319 3158 3373 ministerio
3187 3325 3365 3372 utens.
3392 3314 3609 3368 Etenim

2035 3417 2090 3471 in
2115 3417 2351 3470 humana
2376 3425 2595 3476 natura,
2623 3429 2731 3467 non
2754 3412 2913 3466 nobis
2934 3410 3225 3465 verborum
3251 3415 3306 3462 et
3335 3406 3617 3461 nominum

2035 3525 2138 3564 usu
2177 3524 2316 3577 opus
2353 3513 2521 3569 esset,
2565 3506 2610 3560 si
2648 3517 2936 3575 possemus
2967 3500 3144 3554 nudas
3189 3499 3389 3553 mentis
3424 3497 3621 3566 impul-

2035 3601 2239 3662 siones,
2270 3607 2324 3653 et
2358 3599 2527 3652 animi
2556 3611 2716 3652 sensa
2743 3594 3071 3664 patefacere.
3105 3592 3258 3645 Nunc
3288 3596 3468 3644 autem
3493 3601 3620 3642 cum

2036 3693 2090 3746 in
2123 3691 2278 3745 nobis
2335 3691 2586 3744 notiones
2638 3688 3058 3756 ingencren‘tur,
3118 3688 3407 3752 propterea
3473 3675 3621 3747 quod

2036 3782 2240 3836 carnali
2273 3781 2473 3833 amictu
2511 3785 2704 3831 natura
2736 3774 3030 3844 praepedita
3057 3779 3163 3834 cst,
3191 3785 3318 3823 cum
3347 3784 3455 3822 non
3488 3782 3620 3835 pos-

2037 3873 2147 3927 sint
2192 3870 2487 3934 declarari,
2534 3865 2847 3921 necessario
2895 3872 3153 3932 tanquam
3188 3860 3360 3928 signis
3385 3866 3440 3913 et
3473 3857 3621 3912 notis

2037 3963 2368 4033 quibusdam
2415 3959 2732 4014 nominibus
2761 3954 3032 4026 impositis
3064 3954 3184 4006 illas
3212 3951 3410 4006 mentis
3442 3951 3621 4003 notio-

2039 4071 2136 4109 nes
2185 4054 2432 4108 vicissim
2487 4048 2879 4120 expromimus.
2914 4044 3068 4112 Quod
3119 4044 3163 4100 si
3219 4042 3403 4111 aliquo
3459 4040 3621 4094 modo

2039 4126 2222 4201 liceret
2243 4143 2594 4214 cogitationis
2613 4140 2938 4212 agitationes
2963 4136 3261 4198 denudare,
3283 4131 3617 4202 periodicam

2038 4238 2321 4292 nominum
2376 4249 2598 4306 operam
2653 4233 2834 4286 valere
2891 4231 3171 4299 iubentes,
3230 4224 3526 4295 ful'gentius
3567 4230 3622 4277 et

2039 4323 2232 4397 purius
2257 4327 2398 4380 inter
2423 4340 2522 4379 nos
2553 4336 3030 4384 conversaremur,
3058 4319 3230 4387 ipsam
3255 4332 3437 4370 rerum
3463 4320 3622 4367 natu-

2041 4439 2180 4484 ram,
2219 4421 2272 4473 in
2312 4434 2420 4488 qua
2467 4433 2623 4472 mens
2656 4423 2978 4484 occupatur,
3029 4408 3379 4479 cogitationis
3423 4404 3622 4474 impul-

2042 4512 2294 4569 siouibus
2328 4508 2690 4577 recludentes.
2725 4505 2880 4560 Nunc
2907 4513 3087 4558 autem
3113 4502 3278 4571 hujus
3311 4500 3483 4570 gratia
3513 4499 3622 4554 sin-

2041 4604 2184 4675 gulis
2225 4603 2389 4655 rebus
2423 4615 2623 4652 nomcn
2671 4597 2972 4667 posuimus,
3011 4593 3102 4647 alii
3141 4592 3358 4662 quidem
3395 4590 3619 4654 ctelum,

2043 4696 2134 4748 alii
2167 4708 2296 4748 vero
2348 4699 2574 4753 terram,
2616 4697 2668 4742 et
2713 4688 2806 4742 alii
2855 4686 2987 4757 quid
3041 4684 3210 4738 aliud.
3244 4681 3309 4734 Et
3359 4681 3619 4751 quoniam

2045 4787 2190 4840 aliud
2225 4785 2290 4838 ad
2321 4783 2524 4852 aliquid
2558 4781 2878 4835 relationem
2916 4778 3100 4835 habet.
3139 4774 3223 4830 vel
3255 4775 3366 4844 agit
3414 4774 3496 4828 vel
3527 4787 3622 4842 pa-

2043 4878 2198 4938 titur,
2228 4879 2410 4928 omnia
2445 4873 2559 4926 ha:c
2589 4869 2959 4942 peculiaribus
2975 4868 3200 4922 vocibus
3227 4864 3620 4936 signiﬁcamus,

2041 4981 2110 5022 ne
2155 4961 2689 5019 inconunuuicabilis
2720 4969 2774 5016 et
2818 4959 3092 5026 incognita
3137 4955 3334 5010 mentis
3381 4954 3532 5008 notio
3562 4953 3618 5008 in

2041 5058 2203 5113 nobis
2237 5055 2520 5112 resideret.
2554 5052 2649 5108 Illa
2686 5069 2816 5108 vero
2855 5048 3315 5120 supermundialis
3341 5053 3396 5101 ct
3422 5047 3620 5100 imma-

2042 5147 2251 5203 tcrialis
2280 5155 2499 5211 natura,
2533 5161 2654 5215 qua:
2680 5145 2750 5198 ab
2774 5143 2923 5197 omni
2971 5139 3318 5195 concretione
3353 5151 3620 5206 corporea

2042 5240 2217 5294 libera
2247 5247 2332 5293 est
2361 5247 2416 5292 et
2444 5237 2641 5300 soluta,
2685 5249 2862 5304 neque
2905 5233 2961 5286 in
2989 5233 3188 5302 scipsa,
3222 5245 3397 5299 neque
3428 5229 3481 5282 in
3524 5242 3623 5283 su-

2043 5331 2416 5404 pereminente
2457 5338 2652 5383 natura
2696 5325 3012 5382 nominibus
3051 5324 3136 5378 vel
3169 5321 3349 5376 verbis
3393 5319 3622 5389 indiget,

2045 5425 2141 5480 sed
2159 5423 2337 5479 sicubi
2361 5438 2391 5476 a
2408 5431 2603 5476 natura
2630 5420 2964 5490 intelligente
2987 5414 3261 5487 profectus
3286 5418 3620 5466 memoratur

2046 5530 2228 5571 sermo
2253 5514 2451 5582 aliquis
2481 5513 2534 5567 in
2577 5512 2752 5567 sacris
2781 5509 2963 5564 Libris
2995 5506 3324 5575 descriptus,
3358 5499 3493 5555 illud
3523 5515 3624 5554 no-

2051 5609 2149 5664 stri
2175 5623 2360 5673 causa,
2393 5607 2486 5678 qui
2521 5605 2795 5669 audimus,
2826 5602 3046 5666 dicitur,
3079 5600 3168 5668 qui
3194 5613 3302 5653 non
3332 5595 3442 5650 alio
3460 5591 3620 5648 modo
