  <div class='ocr_page' id='page_1' title='image "/cluster/home/n/w/nwhite01/storage/ocr_20150623/45/nnc1.0046978445/533.png"; bbox 0 0 4146 6386; ppageno 0'>
   <div class='ocr_carea' id='block_1_1' title="bbox 591 373 731 431">
    <p class='ocr_par' dir='ltr' id='par_1_1' title="bbox 591 373 731 431">
     <span class='ocr_line' id='line_1_1' title="bbox 591 373 731 431; baseline -0.007 0"><span class='ocrx_word' id='word_1_1' title='bbox 591 373 731 431; x_wconf 69' lang='grc' dir='ltr'>ιοιδ</span> 
     </span>
    </p>
   </div>
   <div class='ocr_carea' id='block_1_2' title="bbox 1757 376 2522 433">
    <p class='ocr_par' dir='ltr' id='par_1_2' title="bbox 1757 376 2522 433">
     <span class='ocr_line' id='line_1_2' title="bbox 1757 376 2522 433; baseline 0 -1"><span class='ocrx_word' id='word_1_2' title='bbox 1757 377 1813 432; x_wconf 90' lang='lat' dir='ltr'><strong>S.</strong></span> <span class='ocrx_word' id='word_1_3' title='bbox 1857 376 2182 433; x_wconf 62' lang='lat' dir='ltr'><strong>GllEGORli</strong></span> <span class='ocrx_word' id='word_1_4' title='bbox 2225 377 2522 433; x_wconf 75' lang='lat' dir='ltr'><strong>NYSSENI</strong></span> 
     </span>
    </p>
   </div>
   <div class='ocr_carea' id='block_1_3' title="bbox 3699 373 3866 428">
    <p class='ocr_par' dir='ltr' id='par_1_3' title="bbox 3699 373 3866 428">
     <span class='ocr_line' id='line_1_3' title="bbox 3699 373 3866 428; baseline -0.006 0"><span class='ocrx_word' id='word_1_5' title='bbox 3699 373 3866 428; x_wconf 59' lang='lat' dir='ltr'><strong>tota</strong></span> 
     </span>
    </p>
   </div>
   <div class='ocr_carea' id='block_1_4' title="bbox 587 491 2170 566">
    <p class='ocr_par' dir='ltr' id='par_1_4' title="bbox 587 493 2162 566">
     <span class='ocr_line' id='line_1_4' title="bbox 587 493 2162 566; baseline 0.003 -20"><span class='ocrx_word' id='word_1_6' title='bbox 587 506 886 563; x_wconf 84' lang='lat' dir='ltr'><strong>possumus</strong></span> <span class='ocrx_word' id='word_1_7' title='bbox 915 493 1059 562; x_wconf 91' lang='lat' dir='ltr'><strong>quod</strong></span> <span class='ocrx_word' id='word_1_8' title='bbox 1083 493 1394 550; x_wconf 74' lang='lat' dir='ltr'><strong>declaratur</strong></span> <span class='ocrx_word' id='word_1_9' title='bbox 1425 495 1723 566; x_wconf 84' lang='lat' dir='ltr'><strong>percipere,</strong></span> <span class='ocrx_word' id='word_1_10' title='bbox 1755 499 1898 566; x_wconf 87' lang='lat' dir='ltr'><strong>quod</strong></span> <span class='ocrx_word' id='word_1_11' title='bbox 1933 513 2041 552; x_wconf 91' lang='lat' dir='ltr'><strong>non</strong></span> <span class='ocrx_word' id='word_1_12' title='bbox 2067 513 2162 566; x_wconf 89' lang='lat' dir='ltr'><strong>per</strong></span> 
     </span>
    </p>
   </div>
   <div class='ocr_carea' id='block_1_5' title="bbox 2273 491 3870 566">
    <p class='ocr_par' dir='ltr' id='par_1_5' title="bbox 2273 491 3870 565">
     <span class='ocr_line' id='line_1_5' title="bbox 2273 491 3870 565; baseline -0.004 -17"><span class='ocrx_word' id='word_1_13' title='bbox 2273 496 2500 550; x_wconf 75' lang='grc' dir='ltr'>τοιοῦτον</span> <span class='ocrx_word' id='word_1_14' title='bbox 2555 497 2789 565; x_wconf 85' lang='grc' dir='ltr'>λέγεται,</span> <span class='ocrx_word' id='word_1_15' title='bbox 2839 497 2947 550; x_wconf 86' lang='grc' dir='ltr'>τῶν</span> <span class='ocrx_word' id='word_1_16' title='bbox 2997 496 3398 550; x_wconf 81' lang='grc' dir='ltr'>άδυνατοὺντων</span> <span class='ocrx_word' id='word_1_17' title='bbox 3444 491 3648 545; x_wconf 86' lang='grc' dir='ltr'>τούτων</span> <span class='ocrx_word' id='word_1_18' title='bbox 3705 491 3870 560; x_wconf 79' lang='grc' dir='ltr'>ἄλλῳ</span> 
     </span>
    </p>
   </div>
   <div class='ocr_carea' id='block_1_6' title="bbox 587 585 2162 660">
    <p class='ocr_par' dir='ltr' id='par_1_6' title="bbox 587 585 2162 660">
     <span class='ocr_line' id='line_1_6' title="bbox 587 585 2162 660; baseline 0.003 -22"><span class='ocrx_word' id='word_1_19' title='bbox 587 598 753 640; x_wconf 83' lang='lat' dir='ltr'><strong>voces</strong></span> <span class='ocrx_word' id='word_1_20' title='bbox 783 593 838 640; x_wconf 89' lang='lat' dir='ltr'><strong>et</strong></span> <span class='ocrx_word' id='word_1_21' title='bbox 867 585 1032 640; x_wconf 88' lang='lat' dir='ltr'><strong>verba</strong></span> <span class='ocrx_word' id='word_1_22' title='bbox 1083 587 1422 644; x_wconf 73' lang='lat' dir='ltr'><strong>enuntiatur.</strong></span> <span class='ocrx_word' id='word_1_23' title='bbox 1473 587 1538 641; x_wconf 78' lang='lat' dir='ltr'><strong>Et</strong></span> <span class='ocrx_word' id='word_1_24' title='bbox 1568 589 1614 644; x_wconf 91' lang='lat' dir='ltr'><strong>si</strong></span> <span class='ocrx_word' id='word_1_25' title='bbox 1639 589 1809 644; x_wconf 83' lang='lat' dir='ltr'><strong>David</strong></span> <span class='ocrx_word' id='word_1_26' title='bbox 1863 591 1918 644; x_wconf 88' lang='lat' dir='ltr'><strong>in</strong></span> <span class='ocrx_word' id='word_1_27' title='bbox 1955 589 2162 660; x_wconf 89' lang='lat' dir='ltr'><strong>Spiritu</strong></span> 
     </span>
    </p>
   </div>
   <div class='ocr_carea' id='block_1_7' title="bbox 588 675 2164 750">
    <p class='ocr_par' dir='ltr' id='par_1_7' title="bbox 588 675 2164 750">
     <span class='ocr_line' id='line_1_7' title="bbox 588 675 2164 750; baseline 0.003 -20"><span class='ocrx_word' id='word_1_28' title='bbox 588 676 724 730; x_wconf 84' lang='lat' dir='ltr'><strong>dicit</strong></span> <span class='ocrx_word' id='word_1_29' title='bbox 765 675 996 732; x_wconf 89' lang='lat' dir='ltr'><strong>Domino</strong></span> <span class='ocrx_word' id='word_1_30' title='bbox 1039 694 1068 730; x_wconf 89' lang='lat' dir='ltr'><strong>a</strong></span> <span class='ocrx_word' id='word_1_31' title='bbox 1101 677 1329 736; x_wconf 89' lang='lat' dir='ltr'><strong>Domino</strong></span> <span class='ocrx_word' id='word_1_32' title='bbox 1370 681 1576 750; x_wconf 90' lang='lat' dir='ltr'><strong>aliquid</strong></span> <span class='ocrx_word' id='word_1_33' title='bbox 1625 682 1734 736; x_wconf 88' lang='lat' dir='ltr'><strong>dici</strong></span> <span class='ocrx_word' id='word_1_34' title='bbox 1757 683 1824 746; x_wconf 87' lang='grc'>⁷³,</span> <span class='ocrx_word' id='word_1_35' title='bbox 1865 689 1950 738; x_wconf 89' lang='lat' dir='ltr'><strong>est</strong></span> <span class='ocrx_word' id='word_1_36' title='bbox 1994 682 2164 735; x_wconf 84' lang='lat' dir='ltr'><strong>David</strong></span> 
     </span>
    </p>
   </div>
   <div class='ocr_carea' id='block_1_8' title="bbox 589 767 2167 844">
    <p class='ocr_par' dir='ltr' id='par_1_8' title="bbox 589 767 2167 844">
     <span class='ocr_line' id='line_1_8' title="bbox 589 767 2167 844; baseline 0.005 -24"><span class='ocrx_word' id='word_1_37' title='bbox 589 767 682 838; x_wconf 88' lang='lat' dir='ltr'><strong>qui</strong></span> <span class='ocrx_word' id='word_1_38' title='bbox 715 769 974 838; x_wconf 83' lang='lat' dir='ltr'><strong>loquitur,</strong></span> <span class='ocrx_word' id='word_1_39' title='bbox 1021 772 1114 840; x_wconf 83' lang='lat' dir='ltr'><strong>qui</strong></span> <span class='ocrx_word' id='word_1_40' title='bbox 1149 788 1256 826; x_wconf 90' lang='lat' dir='ltr'><strong>non</strong></span> <span class='ocrx_word' id='word_1_41' title='bbox 1295 780 1474 844; x_wconf 87' lang='lat' dir='ltr'><strong>potest</strong></span> <span class='ocrx_word' id='word_1_42' title='bbox 1507 775 1666 829; x_wconf 83' lang='lat' dir='ltr'><strong>aliter</strong></span> <span class='ocrx_word' id='word_1_43' title='bbox 1693 776 1852 830; x_wconf 89' lang='lat' dir='ltr'><strong>nobis</strong></span> <span class='ocrx_word' id='word_1_44' title='bbox 1881 776 1959 830; x_wconf 88' lang='lat' dir='ltr'><strong>rei</strong></span> <span class='ocrx_word' id='word_1_45' title='bbox 2007 776 2167 830; x_wconf 90' lang='lat' dir='ltr'><strong>intel-</strong></span> 
     </span>
    </p>
   </div>
   <div class='ocr_carea' id='block_1_9' title="bbox 589 861 2166 940">
    <p class='ocr_par' dir='ltr' id='par_1_9' title="bbox 589 861 2166 940">
     <span class='ocr_line' id='line_1_9' title="bbox 589 861 2166 940; baseline 0.004 -24"><span class='ocrx_word' id='word_1_46' title='bbox 589 861 744 916; x_wconf 76' lang='lat' dir='ltr'><strong>lecta:</strong></span> <span class='ocrx_word' id='word_1_47' title='bbox 788 861 1094 916; x_wconf 84' lang='lat' dir='ltr'><strong>doctrinam</strong></span> <span class='ocrx_word' id='word_1_48' title='bbox 1129 865 1364 931; x_wconf 83' lang='lat' dir='ltr'><strong>tradere,</strong></span> <span class='ocrx_word' id='word_1_49' title='bbox 1415 865 1522 920; x_wconf 85' lang='lat' dir='ltr'><strong>nisi</strong></span> <span class='ocrx_word' id='word_1_50' title='bbox 1572 882 1667 940; x_wconf 88' lang='lat' dir='ltr'><strong>per</strong></span> <span class='ocrx_word' id='word_1_51' title='bbox 1715 883 1878 924; x_wconf 88' lang='lat' dir='ltr'><strong>voces</strong></span> <span class='ocrx_word' id='word_1_52' title='bbox 1915 875 1970 922; x_wconf 89' lang='lat' dir='ltr'><strong>et</strong></span> <span class='ocrx_word' id='word_1_53' title='bbox 2001 869 2166 922; x_wconf 89' lang='lat' dir='ltr'><strong>verba</strong></span> 
     </span>
    </p>
   </div>
   <div class='ocr_carea' id='block_1_10' title="bbox 589 955 2167 1030">
    <p class='ocr_par' dir='ltr' id='par_1_10' title="bbox 589 955 2167 1030">
     <span class='ocr_line' id='line_1_10' title="bbox 589 955 2167 1030; baseline 0.006 -26"><span class='ocrx_word' id='word_1_54' title='bbox 589 955 972 1023; x_wconf 76' lang='lat' dir='ltr'><strong>mysteriorum</strong></span> <span class='ocrx_word' id='word_1_55' title='bbox 1016 957 1380 1026; x_wconf 83' lang='lat' dir='ltr'><strong>cognitionem</strong></span> <span class='ocrx_word' id='word_1_56' title='bbox 1425 973 1456 1012; x_wconf 91' lang='lat' dir='ltr'><strong>a</strong></span> <span class='ocrx_word' id='word_1_57' title='bbox 1481 957 1592 1014; x_wconf 90' lang='lat' dir='ltr'><strong>Deo</strong></span> <span class='ocrx_word' id='word_1_58' title='bbox 1631 960 1686 1014; x_wconf 89' lang='lat' dir='ltr'><strong>in</strong></span> <span class='ocrx_word' id='word_1_59' title='bbox 1728 961 1848 1030; x_wconf 90' lang='lat' dir='ltr'><strong>ipso</strong></span> <span class='ocrx_word' id='word_1_60' title='bbox 1879 959 2167 1030; x_wconf 82' lang='lat' dir='ltr'><strong>ingenera-</strong></span> 
     </span>
    </p>
   </div>
   <div class='ocr_carea' id='block_1_11' title="bbox 589 1046 1152 1118">
    <p class='ocr_par' dir='ltr' id='par_1_11' title="bbox 589 1046 1152 1118">
     <span class='ocr_line' id='line_1_11' title="bbox 589 1046 1152 1118; baseline 0.009 -18"><span class='ocrx_word' id='word_1_61' title='bbox 589 1057 697 1100; x_wconf 86' lang='lat' dir='ltr'><strong>tam</strong></span> <span class='ocrx_word' id='word_1_62' title='bbox 741 1046 1152 1118; x_wconf 84' lang='lat' dir='ltr'><strong>interpretetur.</strong></span> 
     </span>
    </p>
   </div>
   <div class='ocr_carea' id='block_1_12' title="bbox 660 1223 2166 1298">
    <p class='ocr_par' dir='ltr' id='par_1_12' title="bbox 660 1223 2166 1298">
     <span class='ocr_line' id='line_1_12' title="bbox 660 1223 2166 1298; baseline 0.005 -22"><span class='ocrx_word' id='word_1_63' title='bbox 660 1223 855 1278; x_wconf 85' lang='lat' dir='ltr'><strong>Omnia</strong></span> <span class='ocrx_word' id='word_1_64' title='bbox 905 1223 1068 1296; x_wconf 78' lang='lat' dir='ltr'><strong>igitur</strong></span> <span class='ocrx_word' id='word_1_65' title='bbox 1097 1241 1220 1295; x_wconf 74' lang='lat' dir='ltr'><strong>qua:</strong></span> <span class='ocrx_word' id='word_1_66' title='bbox 1251 1233 1442 1280; x_wconf 87' lang='lat' dir='ltr'><strong>contra</strong></span> <span class='ocrx_word' id='word_1_67' title='bbox 1489 1228 2006 1282; x_wconf 87' lang='lat' dir='ltr'><strong>commentationem</strong></span> <span class='ocrx_word' id='word_1_68' title='bbox 2049 1229 2166 1298; x_wconf 89' lang='lat' dir='ltr'><strong>ipse</strong></span> 
     </span>
    </p>
   </div>
   <div class='ocr_carea' id='block_1_13' title="bbox 589 1315 2165 1390">
    <p class='ocr_par' dir='ltr' id='par_1_13' title="bbox 589 1315 2165 1390">
     <span class='ocr_line' id='line_1_13' title="bbox 589 1315 2165 1390; baseline 0.004 -22"><span class='ocrx_word' id='word_1_69' title='bbox 589 1315 848 1371; x_wconf 89' lang='lat' dir='ltr'><strong>disseruit</strong></span> <span class='ocrx_word' id='word_1_70' title='bbox 878 1319 1047 1378; x_wconf 79' lang='lat' dir='ltr'><strong>verba</strong></span> <span class='ocrx_word' id='word_1_71' title='bbox 1068 1359 1082 1382; x_wconf 91' lang='lat'><strong>,</strong></span> <span class='ocrx_word' id='word_1_72' title='bbox 1112 1321 1376 1388; x_wconf 80' lang='lat' dir='ltr'><strong>Optimum</strong></span> <span class='ocrx_word' id='word_1_73' title='bbox 1411 1321 1687 1390; x_wconf 66' lang='lat' dir='ltr'><strong>praeterire</strong></span> <span class='ocrx_word' id='word_1_74' title='bbox 1713 1321 1981 1386; x_wconf 86' lang='lat' dir='ltr'><strong>arbitror,</strong></span> <span class='ocrx_word' id='word_1_75' title='bbox 2023 1329 2165 1374; x_wconf 83' lang='lat' dir='ltr'><strong>tam-</strong></span> 
     </span>
    </p>
   </div>
   <div class='ocr_carea' id='block_1_14' title="bbox 588 1407 2168 1482">
    <p class='ocr_par' dir='ltr' id='par_1_14' title="bbox 588 1407 2168 1482">
     <span class='ocr_line' id='line_1_14' title="bbox 588 1407 2168 1482; baseline 0.004 -21"><span class='ocrx_word' id='word_1_76' title='bbox 588 1407 692 1461; x_wconf 90' lang='lat' dir='ltr'><strong>etsi</strong></span> <span class='ocrx_word' id='word_1_77' title='bbox 753 1409 980 1466; x_wconf 66' lang='lat' dir='ltr'><strong>insania:</strong></span> <span class='ocrx_word' id='word_1_78' title='bbox 1037 1420 1262 1466; x_wconf 85' lang='lat' dir='ltr'><strong>accuset</strong></span> <span class='ocrx_word' id='word_1_79' title='bbox 1321 1427 1416 1466; x_wconf 91' lang='lat' dir='ltr'><strong>eos</strong></span> <span class='ocrx_word' id='word_1_80' title='bbox 1465 1413 1560 1482; x_wconf 88' lang='lat' dir='ltr'><strong>qui</strong></span> <span class='ocrx_word' id='word_1_81' title='bbox 1603 1412 1820 1468; x_wconf 84' lang='lat' dir='ltr'><strong>deitatis</strong></span> <span class='ocrx_word' id='word_1_82' title='bbox 1853 1428 2052 1468; x_wconf 90' lang='lat' dir='ltr'><strong>nomen</strong></span> <span class='ocrx_word' id='word_1_83' title='bbox 2100 1413 2168 1468; x_wconf 91' lang='lat' dir='ltr'><strong>ad</strong></span> 
     </span>
    </p>
   </div>
   <div class='ocr_carea' id='block_1_15' title="bbox 588 1499 2170 1576">
    <p class='ocr_par' dir='ltr' id='par_1_15' title="bbox 588 1499 2170 1576">
     <span class='ocr_line' id='line_1_15' title="bbox 588 1499 2170 1576; baseline 0.005 -24"><span class='ocrx_word' id='word_1_84' title='bbox 588 1499 1014 1556; x_wconf 75' lang='lat' dir='ltr'><strong>declarationem</strong></span> <span class='ocrx_word' id='word_1_85' title='bbox 1065 1504 1526 1572; x_wconf 86' lang='lat' dir='ltr'><strong>supereminentis</strong></span> <span class='ocrx_word' id='word_1_86' title='bbox 1573 1503 1794 1558; x_wconf 87' lang='lat' dir='ltr'><strong>virtutis</strong></span> <span class='ocrx_word' id='word_1_87' title='bbox 1851 1511 2045 1576; x_wconf 86' lang='lat' dir='ltr'><strong>putant</strong></span> <span class='ocrx_word' id='word_1_88' title='bbox 2099 1505 2170 1560; x_wconf 91' lang='lat' dir='ltr'><strong>ab</strong></span> 
     </span>
    </p>
   </div>
   <div class='ocr_carea' id='block_1_16' title="bbox 589 1589 2168 1662">
    <p class='ocr_par' dir='ltr' id='par_1_16' title="bbox 589 1589 2168 1662">
     <span class='ocr_line' id='line_1_16' title="bbox 589 1589 2168 1662; baseline 0.001 -16"><span class='ocrx_word' id='word_1_89' title='bbox 589 1589 906 1646; x_wconf 88' lang='lat' dir='ltr'><strong>hominibus</strong></span> <span class='ocrx_word' id='word_1_90' title='bbox 953 1609 1049 1662; x_wconf 90' lang='lat' dir='ltr'><strong>per</strong></span> <span class='ocrx_word' id='word_1_91' title='bbox 1090 1595 1608 1649; x_wconf 88' lang='lat' dir='ltr'><strong>commentationem</strong></span> <span class='ocrx_word' id='word_1_92' title='bbox 1652 1593 1784 1652; x_wconf 90' lang='lat' dir='ltr'><strong>dici.</strong></span> <span class='ocrx_word' id='word_1_93' title='bbox 1833 1595 1976 1662; x_wconf 86' lang='lat' dir='ltr'><strong>Quid</strong></span> <span class='ocrx_word' id='word_1_94' title='bbox 2025 1595 2168 1650; x_wconf 90' lang='lat' dir='ltr'><strong>enim</strong></span> 
     </span>
    </p>
   </div>
   <div class='ocr_carea' id='block_1_17' title="bbox 591 1681 2169 1756">
    <p class='ocr_par' dir='ltr' id='par_1_17' title="bbox 591 1681 2169 1756">
     <span class='ocr_line' id='line_1_17' title="bbox 591 1681 2169 1756; baseline 0.003 -20"><span class='ocrx_word' id='word_1_95' title='bbox 591 1681 683 1737; x_wconf 91' lang='lat' dir='ltr'><strong>hic</strong></span> <span class='ocrx_word' id='word_1_96' title='bbox 755 1683 1066 1754; x_wconf 80' lang='lat' dir='ltr'><strong>intelligens</strong></span> <span class='ocrx_word' id='word_1_97' title='bbox 1123 1695 1280 1756; x_wconf 84' lang='lat' dir='ltr'><strong>putat</strong></span> <span class='ocrx_word' id='word_1_98' title='bbox 1341 1695 1593 1756; x_wconf 89' lang='lat' dir='ltr'><strong>oportere</strong></span> <span class='ocrx_word' id='word_1_99' title='bbox 1653 1688 2169 1744; x_wconf 87' lang='lat' dir='ltr'><strong>commentationem</strong></span> 
     </span>
    </p>
   </div>
   <div class='ocr_carea' id='block_1_18' title="bbox 589 1773 2167 1842">
    <p class='ocr_par' dir='ltr' id='par_1_18' title="bbox 589 1773 2167 1842">
     <span class='ocr_line' id='line_1_18' title="bbox 589 1773 2167 1842; baseline 0.001 -12"><span class='ocrx_word' id='word_1_100' title='bbox 589 1773 855 1830; x_wconf 79' lang='lat' dir='ltr'><strong>conviciis</strong></span> <span class='ocrx_word' id='word_1_101' title='bbox 913 1775 1230 1842; x_wconf 81' lang='lat' dir='ltr'><strong>incessere,</strong></span> <span class='ocrx_word' id='word_1_102' title='bbox 1279 1794 1346 1833; x_wconf 80' lang='lat' dir='ltr'><strong>ex</strong></span> <span class='ocrx_word' id='word_1_103' title='bbox 1405 1779 1552 1836; x_wconf 90' lang='lat' dir='ltr'><strong>illius</strong></span> <span class='ocrx_word' id='word_1_104' title='bbox 1611 1779 1956 1836; x_wconf 89' lang='lat' dir='ltr'><strong>sermonibus</strong></span> <span class='ocrx_word' id='word_1_105' title='bbox 2003 1779 2167 1842; x_wconf 86' lang='lat' dir='ltr'><strong>licet,</strong></span> 
     </span>
    </p>
   </div>
   <div class='ocr_carea' id='block_1_19' title="bbox 2267 581 3868 658">
    <p class='ocr_par' dir='ltr' id='par_1_19' title="bbox 2267 581 3868 658">
     <span class='ocr_line' id='line_1_19' title="bbox 2267 581 3868 658; baseline -0.004 -20"><span class='ocrx_word' id='word_1_106' title='bbox 2267 589 2453 657; x_wconf 73' lang='grc' dir='ltr'>τρόπῳ</span> <span class='ocrx_word' id='word_1_107' title='bbox 2487 587 2676 658; x_wconf 84' lang='grc' dir='ltr'>μαθεῖν</span> <span class='ocrx_word' id='word_1_108' title='bbox 2703 589 2762 640; x_wconf 82' lang='grc' dir='ltr'><strong>τὸ</strong></span> <span class='ocrx_word' id='word_1_109' title='bbox 2799 587 3146 658; x_wconf 78' lang='grc' dir='ltr'>δηλούμενον,</span> <span class='ocrx_word' id='word_1_110' title='bbox 3177 587 3252 658; x_wconf 82' lang='grc' dir='ltr'>μὴ</span> <span class='ocrx_word' id='word_1_111' title='bbox 3281 585 3369 638; x_wconf 75' lang='grc' dir='ltr'><strong>διά</strong></span> <span class='ocrx_word' id='word_1_112' title='bbox 3401 583 3592 653; x_wconf 84' lang='grc' dir='ltr'>φωνῶν</span> <span class='ocrx_word' id='word_1_113' title='bbox 3621 581 3714 634; x_wconf 68' lang='grc' dir='ltr'><strong>καὶ</strong></span> <span class='ocrx_word' id='word_1_114' title='bbox 3745 585 3868 652; x_wconf 68' lang='grc' dir='ltr'>ρηο-</span> 
     </span>
    </p>
   </div>
   <div class='ocr_carea' id='block_1_20' title="bbox 2271 673 3870 749">
    <p class='ocr_par' dir='ltr' id='par_1_20' title="bbox 2271 673 3870 749">
     <span class='ocr_line' id='line_1_20' title="bbox 2271 673 3870 749; baseline -0.005 -18"><span class='ocrx_word' id='word_1_115' title='bbox 2271 678 2454 748; x_wconf 81' lang='grc' dir='ltr'>μάτων</span> <span class='ocrx_word' id='word_1_116' title='bbox 2499 679 2970 749; x_wconf 80' lang='grc' dir='ltr'>ἐξαγγελλόμενον.</span> <span class='ocrx_word' id='word_1_117' title='bbox 3019 679 3138 730; x_wconf 79' lang='grc' dir='ltr'>Κᾶν</span> <span class='ocrx_word' id='word_1_118' title='bbox 3179 680 3207 730; x_wconf 90' lang='grc' dir='ltr'>ὁ</span> <span class='ocrx_word' id='word_1_119' title='bbox 3257 675 3418 728; x_wconf 76' lang='grc' dir='ltr'>Δαϐὶδ</span> <span class='ocrx_word' id='word_1_120' title='bbox 3465 677 3522 726; x_wconf 84' lang='grc' dir='ltr'><strong>ἐν</strong></span> <span class='ocrx_word' id='word_1_121' title='bbox 3571 673 3870 742; x_wconf 76' lang='grc' dir='ltr'>Πνεύματι.</span> 
     </span>
    </p>
   </div>
   <div class='ocr_carea' id='block_1_21' title="bbox 2267 765 3872 842">
    <p class='ocr_par' dir='ltr' id='par_1_21' title="bbox 2267 765 3872 842">
     <span class='ocr_line' id='line_1_21' title="bbox 2267 765 3872 842; baseline -0.003 -21"><span class='ocrx_word' id='word_1_122' title='bbox 2267 769 2414 837; x_wconf 83' lang='grc' dir='ltr'>λέγει</span> <span class='ocrx_word' id='word_1_123' title='bbox 2455 769 2530 840; x_wconf 79' lang='grc' dir='ltr'>τῷ</span> <span class='ocrx_word' id='word_1_124' title='bbox 2569 769 2755 842; x_wconf 83' lang='grc' dir='ltr'>Κυρίῳ</span> <span class='ocrx_word' id='word_1_125' title='bbox 2785 770 2934 840; x_wconf 86' lang='grc' dir='ltr'>παρά</span> <span class='ocrx_word' id='word_1_126' title='bbox 2972 771 3064 823; x_wconf 77' lang='grc' dir='ltr'>τοῦ</span> <span class='ocrx_word' id='word_1_127' title='bbox 3101 769 3304 840; x_wconf 87' lang='grc' dir='ltr'>Κυρίου</span> <span class='ocrx_word' id='word_1_128' title='bbox 3338 785 3390 820; x_wconf 90' lang='grc' dir='ltr'><strong>τι</strong></span> <span class='ocrx_word' id='word_1_129' title='bbox 3435 765 3688 835; x_wconf 80' lang='grc' dir='ltr'>λέγεσθαι</span> <span class='ocrx_word' id='word_1_130' title='bbox 3716 808 3728 826; x_wconf 87' lang='grc'><strong>,</strong></span> <span class='ocrx_word' id='word_1_131' title='bbox 3759 769 3872 817; x_wconf 84' lang='grc' dir='ltr'><strong>Δα-</strong></span> 
     </span>
    </p>
   </div>
   <div class='ocr_carea' id='block_1_22' title="bbox 2269 859 3868 934">
    <p class='ocr_par' dir='ltr' id='par_1_22' title="bbox 2269 859 3868 934">
     <span class='ocr_line' id='line_1_22' title="bbox 2269 859 3868 934; baseline -0.004 -20"><span class='ocrx_word' id='word_1_132' title='bbox 2269 862 2354 915; x_wconf 77' lang='grc' dir='ltr'>6¹ιδ</span> <span class='ocrx_word' id='word_1_133' title='bbox 2381 865 2408 916; x_wconf 90' lang='grc' dir='ltr'><strong>ὀ</strong></span> <span class='ocrx_word' id='word_1_134' title='bbox 2445 863 2614 930; x_wconf 87' lang='grc' dir='ltr'>λέγων</span> <span class='ocrx_word' id='word_1_135' title='bbox 2646 865 2808 928; x_wconf 79' lang='grc' dir='ltr'>ἐστὶν,</span> <span class='ocrx_word' id='word_1_136' title='bbox 2834 865 2862 914; x_wconf 88' lang='grc' dir='ltr'><strong>ὀ</strong></span> <span class='ocrx_word' id='word_1_137' title='bbox 2903 863 2975 934; x_wconf 81' lang='grc' dir='ltr'><strong>μὴ</strong></span> <span class='ocrx_word' id='word_1_138' title='bbox 3015 863 3310 932; x_wconf 87' lang='grc' dir='ltr'>δυνάμενος</span> <span class='ocrx_word' id='word_1_139' title='bbox 3349 861 3548 930; x_wconf 80' lang='grc' dir='ltr'>ἑτέρως</span> <span class='ocrx_word' id='word_1_140' title='bbox 3587 862 3716 928; x_wconf 84' lang='grc' dir='ltr'>ἡμῖν</span> <span class='ocrx_word' id='word_1_141' title='bbox 3754 859 3868 927; x_wconf 63' lang='grc' dir='ltr'>τὴν</span> 
     </span>
    </p>
   </div>
   <div class='ocr_carea' id='block_1_23' title="bbox 2269 948 3872 1026">
    <p class='ocr_par' dir='ltr' id='par_1_23' title="bbox 2269 948 3872 1026">
     <span class='ocr_line' id='line_1_23' title="bbox 2269 948 3872 1026; baseline -0.006 -18"><span class='ocrx_word' id='word_1_142' title='bbox 2269 955 2361 1008; x_wconf 82' lang='grc' dir='ltr'>τοῦ</span> <span class='ocrx_word' id='word_1_143' title='bbox 2415 955 2698 1026; x_wconf 77' lang='grc' dir='ltr'><strong>νοηθέντος</strong></span> <span class='ocrx_word' id='word_1_144' title='bbox 2749 955 3096 1010; x_wconf 79' lang='grc' dir='ltr'><strong>διδασκαλίαν</strong></span> <span class='ocrx_word' id='word_1_145' title='bbox 3149 953 3496 1026; x_wconf 81' lang='grc' dir='ltr'>ποιήσασθαι,</span> <span class='ocrx_word' id='word_1_146' title='bbox 3545 953 3592 1003; x_wconf 86' lang='grc' dir='ltr'>εἱ</span> <span class='ocrx_word' id='word_1_147' title='bbox 3651 951 3725 1021; x_wconf 83' lang='grc' dir='ltr'><strong>μὴ</strong></span> <span class='ocrx_word' id='word_1_148' title='bbox 3769 948 3872 1000; x_wconf 71' lang='grc' dir='ltr'><strong>διά</strong></span> 
     </span>
    </p>
   </div>
   <div class='ocr_carea' id='block_1_24' title="bbox 2271 1039 3870 1118">
    <p class='ocr_par' dir='ltr' id='par_1_24' title="bbox 2271 1039 3870 1118">
     <span class='ocr_line' id='line_1_24' title="bbox 2271 1039 3870 1118; baseline -0.004 -20"><span class='ocrx_word' id='word_1_149' title='bbox 2271 1047 2463 1116; x_wconf 84' lang='grc' dir='ltr'>φωνῶν</span> <span class='ocrx_word' id='word_1_150' title='bbox 2489 1048 2581 1101; x_wconf 77' lang='grc' dir='ltr'><strong>καὶ</strong></span> <span class='ocrx_word' id='word_1_151' title='bbox 2635 1046 2894 1118; x_wconf 79' lang='grc' dir='ltr'><strong>ῥημάτων</strong></span> <span class='ocrx_word' id='word_1_152' title='bbox 2947 1046 3045 1117; x_wconf 83' lang='grc' dir='ltr'><strong>τὴν</strong></span> <span class='ocrx_word' id='word_1_153' title='bbox 3091 1043 3451 1115; x_wconf 80' lang='grc' dir='ltr'>ἐγγενομένην</span> <span class='ocrx_word' id='word_1_154' title='bbox 3481 1042 3627 1112; x_wconf 79' lang='grc' dir='ltr'>αὐτῷ</span> <span class='ocrx_word' id='word_1_155' title='bbox 3671 1039 3870 1092; x_wconf 72' lang='grc' dir='ltr'>θεόθεν</span> 
     </span>
    </p>
   </div>
   <div class='ocr_carea' id='block_1_25' title="bbox 2269 1135 3473 1209">
    <p class='ocr_par' dir='ltr' id='par_1_25' title="bbox 2269 1135 3473 1209">
     <span class='ocr_line' id='line_1_25' title="bbox 2269 1135 3473 1209; baseline -0.002 -18"><span class='ocrx_word' id='word_1_156' title='bbox 2269 1137 2376 1192; x_wconf 87' lang='grc' dir='ltr'><strong>τῶν</strong></span> <span class='ocrx_word' id='word_1_157' title='bbox 2401 1139 2719 1209; x_wconf 83' lang='grc' dir='ltr'><strong>μυστηρίων</strong></span> <span class='ocrx_word' id='word_1_158' title='bbox 2739 1139 3064 1208; x_wconf 85' lang='grc' dir='ltr'>κατανόησιν</span> <span class='ocrx_word' id='word_1_159' title='bbox 3101 1135 3473 1207; x_wconf 76' lang='grc' dir='ltr'>ἑρμηνεύσειε.</span> 
     </span>
    </p>
   </div>
   <div class='ocr_carea' id='block_1_26' title="bbox 2343 1223 3868 1299">
    <p class='ocr_par' dir='ltr' id='par_1_26' title="bbox 2343 1223 3868 1299">
     <span class='ocr_line' id='line_1_26' title="bbox 2343 1223 3868 1299; baseline -0.005 -17"><span class='ocrx_word' id='word_1_160' title='bbox 2343 1229 2528 1283; x_wconf 86' lang='grc' dir='ltr'>Πάντα</span> <span class='ocrx_word' id='word_1_161' title='bbox 2574 1229 2752 1283; x_wconf 78' lang='grc' dir='ltr'>τοίνυν</span> <span class='ocrx_word' id='word_1_162' title='bbox 2807 1231 2874 1284; x_wconf 83' lang='grc' dir='ltr'>τὰ</span> <span class='ocrx_word' id='word_1_163' title='bbox 2903 1230 3044 1284; x_wconf 80' lang='grc' dir='ltr'>κατὰ</span> <span class='ocrx_word' id='word_1_164' title='bbox 3083 1230 3182 1299; x_wconf 84' lang='grc' dir='ltr'>τῆς</span> <span class='ocrx_word' id='word_1_165' title='bbox 3221 1227 3466 1290; x_wconf 83' lang='grc' dir='ltr'>ἐπινοίας</span> <span class='ocrx_word' id='word_1_166' title='bbox 3505 1223 3651 1296; x_wconf 84' lang='grc' dir='ltr'>αὑτῷ</span> <span class='ocrx_word' id='word_1_167' title='bbox 3703 1224 3868 1293; x_wconf 78' lang='grc' dir='ltr'>φιλο-</span> 
     </span>
    </p>
   </div>
   <div class='ocr_carea' id='block_1_27' title="bbox 2273 1315 3868 1394">
    <p class='ocr_par' dir='ltr' id='par_1_27' title="bbox 2273 1315 3868 1394">
     <span class='ocr_line' id='line_1_27' title="bbox 2273 1315 3868 1394; baseline -0.003 -20"><span class='ocrx_word' id='word_1_168' title='bbox 2273 1322 2573 1394; x_wconf 85' lang='grc' dir='ltr'>σοφηθέντα</span> <span class='ocrx_word' id='word_1_169' title='bbox 2607 1323 2828 1393; x_wconf 78' lang='grc' dir='ltr'>ῥήματα</span> <span class='ocrx_word' id='word_1_170' title='bbox 2847 1364 2860 1386; x_wconf 93' lang='grc'><strong>,</strong></span> <span class='ocrx_word' id='word_1_171' title='bbox 2895 1321 3271 1394; x_wconf 83' lang='grc' dir='ltr'>παραδραμεῖν</span> <span class='ocrx_word' id='word_1_172' title='bbox 3298 1315 3448 1391; x_wconf 80' lang='grc' dir='ltr'>οἶμαι</span> <span class='ocrx_word' id='word_1_173' title='bbox 3475 1318 3656 1381; x_wconf 84' lang='grc' dir='ltr'>καλῶς</span> <span class='ocrx_word' id='word_1_174' title='bbox 3691 1317 3868 1388; x_wconf 77' lang='grc' dir='ltr'>ἔχειν,</span> 
     </span>
    </p>
   </div>
   <div class='ocr_carea' id='block_1_28' title="bbox 2271 1411 3866 1485">
    <p class='ocr_par' dir='ltr' id='par_1_28' title="bbox 2271 1411 3866 1485">
     <span class='ocr_line' id='line_1_28' title="bbox 2271 1411 3866 1485; baseline -0.004 -17"><span class='ocrx_word' id='word_1_175' title='bbox 2271 1415 2375 1468; x_wconf 84' lang='grc' dir='ltr'>κᾶν</span> <span class='ocrx_word' id='word_1_176' title='bbox 2437 1413 2633 1484; x_wconf 89' lang='grc' dir='ltr'>μανίαν</span> <span class='ocrx_word' id='word_1_177' title='bbox 2681 1414 2912 1485; x_wconf 80' lang='grc' dir='ltr'>ἐπικαλῇ</span> <span class='ocrx_word' id='word_1_178' title='bbox 2969 1417 3080 1477; x_wconf 88' lang='grc' dir='ltr'>τοῖς</span> <span class='ocrx_word' id='word_1_179' title='bbox 3127 1414 3186 1466; x_wconf 74' lang='grc' dir='ltr'>τὸ</span> <span class='ocrx_word' id='word_1_180' title='bbox 3228 1415 3326 1484; x_wconf 87' lang='grc' dir='ltr'>τῆς</span> <span class='ocrx_word' id='word_1_181' title='bbox 3375 1413 3623 1480; x_wconf 78' lang='grc' dir='ltr'>θεότητος</span> <span class='ocrx_word' id='word_1_182' title='bbox 3685 1411 3866 1479; x_wconf 74' lang='grc' dir='ltr'>ὄνομα</span> 
     </span>
    </p>
   </div>
   <div class='ocr_carea' id='block_1_29' title="bbox 2271 1502 3868 1578">
    <p class='ocr_par' dir='ltr' id='par_1_29' title="bbox 2271 1502 3868 1578">
     <span class='ocr_line' id='line_1_29' title="bbox 2271 1502 3868 1578; baseline -0.003 -20"><span class='ocrx_word' id='word_1_183' title='bbox 2271 1505 2409 1577; x_wconf 83' lang='grc' dir='ltr'>πρὸς</span> <span class='ocrx_word' id='word_1_184' title='bbox 2445 1507 2677 1576; x_wconf 83' lang='grc' dir='ltr'>δήλωσιν</span> <span class='ocrx_word' id='word_1_185' title='bbox 2725 1508 2822 1578; x_wconf 80' lang='grc' dir='ltr'><strong>τῆς</strong></span> <span class='ocrx_word' id='word_1_186' title='bbox 2855 1505 3228 1578; x_wconf 76' lang='grc' dir='ltr'>ὑπερεχούσης</span> <span class='ocrx_word' id='word_1_187' title='bbox 3265 1506 3545 1574; x_wconf 82' lang='grc' dir='ltr'>δυνάμεως</span> <span class='ocrx_word' id='word_1_188' title='bbox 3581 1502 3734 1572; x_wconf 80' lang='grc' dir='ltr'>παρά</span> <span class='ocrx_word' id='word_1_189' title='bbox 3767 1503 3868 1555; x_wconf 82' lang='grc' dir='ltr'>άν-</span> 
     </span>
    </p>
   </div>
   <div class='ocr_carea' id='block_1_30' title="bbox 2273 1595 3866 1668">
    <p class='ocr_par' dir='ltr' id='par_1_30' title="bbox 2273 1595 3866 1668">
     <span class='ocr_line' id='line_1_30' title="bbox 2273 1595 3866 1668; baseline -0.003 -18"><span class='ocrx_word' id='word_1_190' title='bbox 2273 1595 2506 1666; x_wconf 84' lang='grc' dir='ltr'>θρὼπων</span> <span class='ocrx_word' id='word_1_191' title='bbox 2535 1599 2800 1668; x_wconf 81' lang='grc' dir='ltr'>οἰομένοις</span> <span class='ocrx_word' id='word_1_192' title='bbox 2827 1599 2894 1652; x_wconf 88' lang='grc' dir='ltr'>δι’</span> <span class='ocrx_word' id='word_1_193' title='bbox 2943 1597 3184 1661; x_wconf 80' lang='grc' dir='ltr'>ἐπινοίας</span> <span class='ocrx_word' id='word_1_194' title='bbox 3219 1597 3492 1666; x_wconf 82' lang='grc' dir='ltr'>λέγεσθαι.</span> <span class='ocrx_word' id='word_1_195' title='bbox 3521 1595 3584 1646; x_wconf 89' lang='grc' dir='ltr'>Τί</span> <span class='ocrx_word' id='word_1_196' title='bbox 3615 1595 3710 1665; x_wconf 84' lang='grc' dir='ltr'><strong>μέν</strong></span> <span class='ocrx_word' id='word_1_197' title='bbox 3747 1595 3866 1664; x_wconf 78' lang='grc' dir='ltr'><strong>γάρ</strong></span> 
     </span>
    </p>
   </div>
   <div class='ocr_carea' id='block_1_31' title="bbox 2271 1681 3866 1760">
    <p class='ocr_par' dir='ltr' id='par_1_31' title="bbox 2271 1681 3866 1760">
     <span class='ocr_line' id='line_1_31' title="bbox 2271 1681 3866 1760; baseline -0.006 -15"><span class='ocrx_word' id='word_1_198' title='bbox 2271 1681 2426 1752; x_wconf 69' lang='grc' dir='ltr'>οὗτος</span> <span class='ocrx_word' id='word_1_199' title='bbox 2455 1689 2610 1754; x_wconf 81' lang='grc' dir='ltr'>νοῶν,</span> <span class='ocrx_word' id='word_1_200' title='bbox 2631 1689 2906 1760; x_wconf 82' lang='grc' dir='ltr'>διασύρειν</span> <span class='ocrx_word' id='word_1_201' title='bbox 2932 1690 3100 1743; x_wconf 81' lang='grc' dir='ltr'>οἴεται</span> <span class='ocrx_word' id='word_1_202' title='bbox 3122 1690 3226 1742; x_wconf 86' lang='grc' dir='ltr'>δεῖν</span> <span class='ocrx_word' id='word_1_203' title='bbox 3254 1689 3349 1758; x_wconf 77' lang='grc' dir='ltr'>τὴν</span> <span class='ocrx_word' id='word_1_204' title='bbox 3376 1687 3637 1748; x_wconf 80' lang='grc' dir='ltr'>ἐπίνοιαν,</span> <span class='ocrx_word' id='word_1_205' title='bbox 3659 1688 3724 1738; x_wconf 85' lang='grc' dir='ltr'><strong>ἐκ</strong></span> <span class='ocrx_word' id='word_1_206' title='bbox 3749 1686 3866 1738; x_wconf 77' lang='grc' dir='ltr'>τῶν</span> 
     </span>
    </p>
   </div>
   <div class='ocr_carea' id='block_1_32' title="bbox 2275 1775 3864 1853">
    <p class='ocr_par' dir='ltr' id='par_1_32' title="bbox 2275 1775 3864 1853">
     <span class='ocr_line' id='line_1_32' title="bbox 2275 1775 3864 1853; baseline -0.003 -21"><span class='ocrx_word' id='word_1_207' title='bbox 2275 1779 2482 1834; x_wconf 85' lang='grc' dir='ltr'>ἐκείνου</span> <span class='ocrx_word' id='word_1_208' title='bbox 2507 1782 2737 1853; x_wconf 88' lang='grc' dir='ltr'>πάρεστι</span> <span class='ocrx_word' id='word_1_209' title='bbox 2759 1782 2932 1850; x_wconf 88' lang='grc' dir='ltr'>λόγων</span> <span class='ocrx_word' id='word_1_210' title='bbox 2953 1783 3078 1844; x_wconf 81' lang='grc' dir='ltr'>τοὺς</span> <span class='ocrx_word' id='word_1_211' title='bbox 3101 1779 3454 1850; x_wconf 83' lang='grc' dir='ltr'>βουλομένους</span> <span class='ocrx_word' id='word_1_212' title='bbox 3483 1775 3864 1832; x_wconf 74' lang='grc' dir='ltr'>διδάσκεσθαι.</span> 
     </span>
    </p>
   </div>
   <div class='ocr_carea' id='block_1_33' title="bbox 591 1863 2170 1944">
    <p class='ocr_par' dir='ltr' id='par_1_33' title="bbox 591 1867 2170 1938">
     <span class='ocr_line' id='line_1_33' title="bbox 591 1867 2170 1938; baseline 0.001 -16"><span class='ocrx_word' id='word_1_213' title='bbox 591 1867 684 1936; x_wconf 83' lang='grc' dir='ltr'>ιιιιί</span> <span class='ocrx_word' id='word_1_214' title='bbox 727 1867 958 1936; x_wconf 87' lang='lat' dir='ltr'><strong>volunt,</strong></span> <span class='ocrx_word' id='word_1_215' title='bbox 1008 1869 1213 1924; x_wconf 87' lang='lat' dir='ltr'><strong>doceri.</strong></span> <span class='ocrx_word' id='word_1_216' title='bbox 1269 1871 1462 1938; x_wconf 84' lang='lat' dir='ltr'><strong>Qualia</strong></span> <span class='ocrx_word' id='word_1_217' title='bbox 1517 1881 1698 1927; x_wconf 78' lang='lat' dir='ltr'><strong>autem</strong></span> <span class='ocrx_word' id='word_1_218' title='bbox 1743 1888 1842 1928; x_wconf 91' lang='lat' dir='ltr'><strong>nos</strong></span> <span class='ocrx_word' id='word_1_219' title='bbox 1887 1873 2170 1928; x_wconf 84' lang='lat' dir='ltr'><strong>existima-</strong></span> 
     </span>
    </p>
   </div>
   <div class='ocr_carea' id='block_1_34' title="bbox 2273 1863 3868 1944">
    <p class='ocr_par' dir='ltr' id='par_1_34' title="bbox 2275 1867 3868 1944">
     <span class='ocr_line' id='line_1_34' title="bbox 2275 1867 3868 1944; baseline -0.004 -18"><span class='ocrx_word' id='word_1_220' title='bbox 2275 1867 2376 1926; x_wconf 77' lang='grc' dir='ltr'><strong>Οἷα</strong></span> <span class='ocrx_word' id='word_1_221' title='bbox 2414 1874 2470 1926; x_wconf 81' lang='grc' dir='ltr'>δὲ</span> <span class='ocrx_word' id='word_1_222' title='bbox 2506 1874 2666 1944; x_wconf 85' lang='grc' dir='ltr'>ἡμεῖς</span> <span class='ocrx_word' id='word_1_223' title='bbox 2707 1873 3158 1944; x_wconf 82' lang='grc' dir='ltr'>ὑπολαμϐάνομεν</span> <span class='ocrx_word' id='word_1_224' title='bbox 3194 1872 3321 1942; x_wconf 71' lang='grc' dir='ltr'>περὶ</span> <span class='ocrx_word' id='word_1_225' title='bbox 3367 1871 3468 1940; x_wconf 84' lang='grc' dir='ltr'><strong>τῆς</strong></span> <span class='ocrx_word' id='word_1_226' title='bbox 3511 1867 3618 1921; x_wconf 87' lang='grc' dir='ltr'>τῶν</span> <span class='ocrx_word' id='word_1_227' title='bbox 3655 1867 3868 1936; x_wconf 82' lang='grc' dir='ltr'>ὀνομά-</span> 
     </span>
    </p>
   </div>
   <div class='ocr_carea' id='block_1_35' title="bbox 589 1960 2166 2035">
    <p class='ocr_par' dir='ltr' id='par_1_35' title="bbox 589 1960 2166 2035">
     <span class='ocr_line' id='line_1_35' title="bbox 589 1960 2166 2035; baseline 0.003 -22"><span class='ocrx_word' id='word_1_228' title='bbox 589 1975 714 2016; x_wconf 89' lang='lat' dir='ltr'><strong>mus</strong></span> <span class='ocrx_word' id='word_1_229' title='bbox 755 1960 824 2015; x_wconf 91' lang='lat' dir='ltr'><strong>de</strong></span> <span class='ocrx_word' id='word_1_230' title='bbox 865 1963 1146 2016; x_wconf 89' lang='lat' dir='ltr'><strong>nominum</strong></span> <span class='ocrx_word' id='word_1_231' title='bbox 1195 1979 1294 2018; x_wconf 87' lang='lat' dir='ltr'><strong>usu</strong></span> <span class='ocrx_word' id='word_1_232' title='bbox 1319 2004 1336 2030; x_wconf 92' lang='lat'><strong>,</strong></span> <span class='ocrx_word' id='word_1_233' title='bbox 1387 1965 1444 2020; x_wconf 91' lang='lat' dir='ltr'><strong>in</strong></span> <span class='ocrx_word' id='word_1_234' title='bbox 1482 1965 1859 2035; x_wconf 85' lang='lat' dir='ltr'><strong>superioribus</strong></span> <span class='ocrx_word' id='word_1_235' title='bbox 1905 1965 2166 2019; x_wconf 72' lang='lat' dir='ltr'><strong>diximus.</strong></span> 
     </span>
    </p>
   </div>
   <div class='ocr_carea' id='block_1_36' title="bbox 589 2050 2166 2120">
    <p class='ocr_par' dir='ltr' id='par_1_36' title="bbox 589 2050 2166 2120">
     <span class='ocr_line' id='line_1_36' title="bbox 589 2050 2166 2120; baseline 0.003 -14"><span class='ocrx_word' id='word_1_236' title='bbox 589 2050 748 2118; x_wconf 86' lang='lat' dir='ltr'><strong>Quod</strong></span> <span class='ocrx_word' id='word_1_237' title='bbox 770 2069 894 2120; x_wconf 88' lang='lat' dir='ltr'><strong>cum</strong></span> <span class='ocrx_word' id='word_1_238' title='bbox 921 2055 994 2110; x_wconf 88' lang='lat' dir='ltr'><strong>ita</strong></span> <span class='ocrx_word' id='word_1_239' title='bbox 1029 2071 1088 2112; x_wconf 90' lang='lat' dir='ltr'><strong>se</strong></span> <span class='ocrx_word' id='word_1_240' title='bbox 1115 2072 1202 2112; x_wconf 91' lang='lat' dir='ltr'><strong>res</strong></span> <span class='ocrx_word' id='word_1_241' title='bbox 1231 2057 1469 2112; x_wconf 85' lang='lat' dir='ltr'><strong>habeant</strong></span> <span class='ocrx_word' id='word_1_242' title='bbox 1497 2065 1558 2112; x_wconf 87' lang='lat' dir='ltr'><strong>ut</strong></span> <span class='ocrx_word' id='word_1_243' title='bbox 1583 2074 1771 2120; x_wconf 87' lang='lat' dir='ltr'><strong>earum</strong></span> <span class='ocrx_word' id='word_1_244' title='bbox 1809 2059 1917 2113; x_wconf 90' lang='lat' dir='ltr'><strong>fert</strong></span> <span class='ocrx_word' id='word_1_245' title='bbox 1947 2066 2166 2120; x_wconf 90' lang='lat' dir='ltr'><strong>natura,</strong></span> 
     </span>
    </p>
   </div>
   <div class='ocr_carea' id='block_1_37' title="bbox 589 2149 2170 2219">
    <p class='ocr_par' dir='ltr' id='par_1_37' title="bbox 589 2149 2170 2219">
     <span class='ocr_line' id='line_1_37' title="bbox 589 2149 2170 2219; baseline 0.001 -17"><span class='ocrx_word' id='word_1_246' title='bbox 589 2161 756 2204; x_wconf 86' lang='lat' dir='ltr'><strong>voces</strong></span> <span class='ocrx_word' id='word_1_247' title='bbox 785 2163 968 2204; x_wconf 90' lang='lat' dir='ltr'><strong>rerum</strong></span> <span class='ocrx_word' id='word_1_248' title='bbox 1015 2151 1348 2219; x_wconf 84' lang='lat' dir='ltr'><strong>interpretes</strong></span> <span class='ocrx_word' id='word_1_249' title='bbox 1383 2149 1674 2205; x_wconf 89' lang='lat' dir='ltr'><strong>rationalis</strong></span> <span class='ocrx_word' id='word_1_250' title='bbox 1729 2149 1960 2204; x_wconf 80' lang='lat' dir='ltr'><strong>facultas</strong></span> <span class='ocrx_word' id='word_1_251' title='bbox 1991 2165 2020 2202; x_wconf 87' lang='lat' dir='ltr'><strong>a</strong></span> <span class='ocrx_word' id='word_1_252' title='bbox 2059 2149 2170 2204; x_wconf 91' lang='lat' dir='ltr'><strong>Deo</strong></span> 
     </span>
    </p>
   </div>
   <div class='ocr_carea' id='block_1_38' title="bbox 589 2238 2168 2312">
    <p class='ocr_par' dir='ltr' id='par_1_38' title="bbox 589 2238 2168 2312">
     <span class='ocr_line' id='line_1_38' title="bbox 589 2238 2168 2312; baseline 0.003 -20"><span class='ocrx_word' id='word_1_253' title='bbox 589 2238 757 2293; x_wconf 85' lang='lat' dir='ltr'><strong>insita</strong></span> <span class='ocrx_word' id='word_1_254' title='bbox 779 2239 834 2294; x_wconf 90' lang='lat' dir='ltr'><strong>in</strong></span> <span class='ocrx_word' id='word_1_255' title='bbox 869 2247 1068 2296; x_wconf 86' lang='lat' dir='ltr'><strong>natura</strong></span> <span class='ocrx_word' id='word_1_256' title='bbox 1101 2251 1288 2296; x_wconf 89' lang='lat' dir='ltr'><strong>nostra</strong></span> <span class='ocrx_word' id='word_1_257' title='bbox 1322 2242 1674 2312; x_wconf 76' lang='lat' dir='ltr'><strong>excogitavit.</strong></span> <span class='ocrx_word' id='word_1_258' title='bbox 1703 2241 1944 2308; x_wconf 87' lang='lat' dir='ltr'><strong>Quarum</strong></span> <span class='ocrx_word' id='word_1_259' title='bbox 1972 2241 2018 2297; x_wconf 88' lang='lat' dir='ltr'><strong>si</strong></span> <span class='ocrx_word' id='word_1_260' title='bbox 2044 2241 2168 2311; x_wconf 89' lang='lat' dir='ltr'><strong>quis</strong></span> 
     </span>
    </p>
   </div>
   <div class='ocr_carea' id='block_1_39' title="bbox 589 2332 2168 2403">
    <p class='ocr_par' dir='ltr' id='par_1_39' title="bbox 589 2332 2168 2403">
     <span class='ocr_line' id='line_1_39' title="bbox 589 2332 2168 2403; baseline 0.001 -17"><span class='ocrx_word' id='word_1_261' title='bbox 589 2347 816 2394; x_wconf 86' lang='lat' dir='ltr'><strong>causam</strong></span> <span class='ocrx_word' id='word_1_262' title='bbox 851 2332 908 2387; x_wconf 90' lang='lat' dir='ltr'><strong>in</strong></span> <span class='ocrx_word' id='word_1_263' title='bbox 931 2349 1057 2388; x_wconf 89' lang='lat' dir='ltr'><strong>eum</strong></span> <span class='ocrx_word' id='word_1_264' title='bbox 1097 2336 1192 2403; x_wconf 89' lang='lat' dir='ltr'><strong>qui</strong></span> <span class='ocrx_word' id='word_1_265' title='bbox 1235 2333 1554 2389; x_wconf 75' lang='lat' dir='ltr'><strong>facultatem</strong></span> <span class='ocrx_word' id='word_1_266' title='bbox 1595 2334 1764 2398; x_wconf 86' lang='lat' dir='ltr'><strong>dedit,</strong></span> <span class='ocrx_word' id='word_1_267' title='bbox 1812 2333 2036 2396; x_wconf 81' lang='lat' dir='ltr'><strong>referat,</strong></span> <span class='ocrx_word' id='word_1_268' title='bbox 2069 2349 2168 2388; x_wconf 87' lang='lat' dir='ltr'><strong>ne-</strong></span> 
     </span>
    </p>
   </div>
   <div class='ocr_carea' id='block_1_40' title="bbox 587 2425 2170 2496">
    <p class='ocr_par' dir='ltr' id='par_1_40' title="bbox 587 2425 2170 2496">
     <span class='ocr_line' id='line_1_40' title="bbox 587 2425 2170 2496; baseline 0.001 -20"><span class='ocrx_word' id='word_1_269' title='bbox 587 2437 697 2494; x_wconf 89' lang='lat' dir='ltr'><strong>que</strong></span> <span class='ocrx_word' id='word_1_270' title='bbox 727 2438 829 2480; x_wconf 94' lang='lat' dir='ltr'><strong>nos</strong></span> <span class='ocrx_word' id='word_1_271' title='bbox 857 2425 1288 2496; x_wconf 81' lang='lat' dir='ltr'><strong>repuguahimus</strong></span> <span class='ocrx_word' id='word_1_272' title='bbox 1321 2425 1504 2482; x_wconf 85' lang='lat' dir='ltr'><strong>:sicut</strong></span> <span class='ocrx_word' id='word_1_273' title='bbox 1541 2425 1750 2480; x_wconf 88' lang='lat' dir='ltr'><strong>moveri</strong></span> <span class='ocrx_word' id='word_1_274' title='bbox 1784 2433 1839 2480; x_wconf 93' lang='lat' dir='ltr'><strong>et</strong></span> <span class='ocrx_word' id='word_1_275' title='bbox 1877 2425 2080 2490; x_wconf 88' lang='lat' dir='ltr'><strong>videre,</strong></span> <span class='ocrx_word' id='word_1_276' title='bbox 2115 2432 2170 2480; x_wconf 92' lang='lat' dir='ltr'><strong>et</strong></span> 
     </span>
    </p>
   </div>
   <div class='ocr_carea' id='block_1_41' title="bbox 587 2513 2169 2585">
    <p class='ocr_par' dir='ltr' id='par_1_41' title="bbox 587 2513 2169 2585">
     <span class='ocr_line' id='line_1_41' title="bbox 587 2513 2169 2585; baseline 0 -17"><span class='ocrx_word' id='word_1_277' title='bbox 587 2513 803 2583; x_wconf 88' lang='lat' dir='ltr'><strong>reliqua</strong></span> <span class='ocrx_word' id='word_1_278' title='bbox 835 2529 931 2585; x_wconf 89' lang='lat' dir='ltr'><strong>per</strong></span> <span class='ocrx_word' id='word_1_279' title='bbox 964 2529 1162 2570; x_wconf 86' lang='lat' dir='ltr'><strong>sensus</strong></span> <span class='ocrx_word' id='word_1_280' title='bbox 1188 2515 1425 2582; x_wconf 73' lang='lat' dir='ltr'><strong>efficere,</strong></span> <span class='ocrx_word' id='word_1_281' title='bbox 1466 2517 1536 2570; x_wconf 90' lang='lat' dir='ltr'><strong>ab</strong></span> <span class='ocrx_word' id='word_1_282' title='bbox 1579 2516 1672 2572; x_wconf 90' lang='lat' dir='ltr'><strong>illo</strong></span> <span class='ocrx_word' id='word_1_283' title='bbox 1708 2515 1824 2571; x_wconf 88' lang='lat' dir='ltr'><strong>fieri</strong></span> <span class='ocrx_word' id='word_1_284' title='bbox 1870 2516 2106 2570; x_wconf 90' lang='lat' dir='ltr'><strong>dicimus</strong></span> <span class='ocrx_word' id='word_1_285' title='bbox 2137 2529 2169 2568; x_wconf 87' lang='lat' dir='ltr'><strong>a</strong></span> 
     </span>
    </p>
   </div>
   <div class='ocr_carea' id='block_1_42' title="bbox 587 2606 2170 2680">
    <p class='ocr_par' dir='ltr' id='par_1_42' title="bbox 587 2606 2170 2680">
     <span class='ocr_line' id='line_1_42' title="bbox 587 2606 2170 2680; baseline 0 -18"><span class='ocrx_word' id='word_1_286' title='bbox 587 2619 700 2680; x_wconf 82' lang='lat' dir='ltr'><strong>quo</strong></span> <span class='ocrx_word' id='word_1_287' title='bbox 755 2606 918 2663; x_wconf 86' lang='lat' dir='ltr'><strong>talem</strong></span> <span class='ocrx_word' id='word_1_288' title='bbox 970 2607 1154 2678; x_wconf 90' lang='lat' dir='ltr'><strong>adepti</strong></span> <span class='ocrx_word' id='word_1_289' title='bbox 1211 2623 1402 2663; x_wconf 89' lang='lat' dir='ltr'><strong>sumus</strong></span> <span class='ocrx_word' id='word_1_290' title='bbox 1457 2609 1796 2665; x_wconf 87' lang='lat' dir='ltr'><strong>facultatem.</strong></span> <span class='ocrx_word' id='word_1_291' title='bbox 1863 2607 1956 2666; x_wconf 91' lang='lat' dir='ltr'><strong>Sic</strong></span> <span class='ocrx_word' id='word_1_292' title='bbox 2001 2610 2170 2680; x_wconf 81' lang='lat' dir='ltr'><strong>igitur</strong></span> 
     </span>
    </p>
   </div>
   <div class='ocr_carea' id='block_1_43' title="bbox 587 2699 2166 2772">
    <p class='ocr_par' dir='ltr' id='par_1_43' title="bbox 587 2699 2166 2772">
     <span class='ocr_line' id='line_1_43' title="bbox 587 2699 2166 2772; baseline 0 -18"><span class='ocrx_word' id='word_1_293' title='bbox 587 2713 760 2764; x_wconf 81' lang='lat' dir='ltr'><strong>causa</strong></span> <span class='ocrx_word' id='word_1_294' title='bbox 791 2699 1016 2770; x_wconf 89' lang='lat' dir='ltr'><strong>quidem</strong></span> <span class='ocrx_word' id='word_1_295' title='bbox 1061 2699 1384 2756; x_wconf 88' lang='lat' dir='ltr'><strong>nominandi</strong></span> <span class='ocrx_word' id='word_1_296' title='bbox 1413 2701 1584 2757; x_wconf 89' lang='lat' dir='ltr'><strong>Deum</strong></span> <span class='ocrx_word' id='word_1_297' title='bbox 1615 2702 1710 2772; x_wconf 91' lang='lat' dir='ltr'><strong>qui</strong></span> <span class='ocrx_word' id='word_1_298' title='bbox 1747 2707 1833 2756; x_wconf 86' lang='lat' dir='ltr'><strong>est</strong></span> <span class='ocrx_word' id='word_1_299' title='bbox 1865 2701 2166 2756; x_wconf 88' lang='lat' dir='ltr'><strong>secundum</strong></span> 
     </span>
    </p>
   </div>
   <div class='ocr_carea' id='block_1_44' title="bbox 587 2793 2166 2862">
    <p class='ocr_par' dir='ltr' id='par_1_44' title="bbox 587 2793 2166 2862">
     <span class='ocr_line' id='line_1_44' title="bbox 587 2793 2166 2862; baseline -0.002 -16"><span class='ocrx_word' id='word_1_300' title='bbox 587 2801 844 2856; x_wconf 82' lang='lat' dir='ltr'><strong>naturam</strong></span> <span class='ocrx_word' id='word_1_301' title='bbox 891 2793 1038 2862; x_wconf 92' lang='lat' dir='ltr'><strong>quod</strong></span> <span class='ocrx_word' id='word_1_302' title='bbox 1082 2794 1302 2862; x_wconf 88' lang='lat' dir='ltr'><strong>quidem</strong></span> <span class='ocrx_word' id='word_1_303' title='bbox 1342 2801 1427 2850; x_wconf 88' lang='lat' dir='ltr'><strong>est</strong></span> <span class='ocrx_word' id='word_1_304' title='bbox 1461 2793 1766 2848; x_wconf 89' lang='lat' dir='ltr'><strong>secundum</strong></span> <span class='ocrx_word' id='word_1_305' title='bbox 1819 2807 2166 2848; x_wconf 87' lang='lat' dir='ltr'><strong>communem</strong></span> 
     </span>
    </p>
   </div>
   <div class='ocr_carea' id='block_1_45' title="bbox 587 2883 2169 2960">
    <p class='ocr_par' dir='ltr' id='par_1_45' title="bbox 587 2883 2169 2960">
     <span class='ocr_line' id='line_1_45' title="bbox 587 2883 2169 2960; baseline -0.003 -20"><span class='ocrx_word' id='word_1_306' title='bbox 587 2884 858 2940; x_wconf 87' lang='lat' dir='ltr'><strong>rationem</strong></span> <span class='ocrx_word' id='word_1_307' title='bbox 898 2887 954 2938; x_wconf 89' lang='lat' dir='ltr'><strong>in</strong></span> <span class='ocrx_word' id='word_1_308' title='bbox 987 2883 1142 2940; x_wconf 91' lang='lat' dir='ltr'><strong>illum</strong></span> <span class='ocrx_word' id='word_1_309' title='bbox 1196 2885 1376 2954; x_wconf 90' lang='lat' dir='ltr'><strong>ipsum</strong></span> <span class='ocrx_word' id='word_1_310' title='bbox 1413 2884 1576 2940; x_wconf 89' lang='lat' dir='ltr'><strong>debet</strong></span> <span class='ocrx_word' id='word_1_311' title='bbox 1617 2883 1813 2939; x_wconf 87' lang='lat' dir='ltr'><strong>referri</strong></span> <span class='ocrx_word' id='word_1_312' title='bbox 1861 2901 1877 2939; x_wconf 90' lang='lat'><strong>:</strong></span> <span class='ocrx_word' id='word_1_313' title='bbox 1923 2889 2169 2960; x_wconf 85' lang='lat' dir='ltr'><strong>potestas</strong></span> 
     </span>
    </p>
   </div>
   <div class='ocr_carea' id='block_1_46' title="bbox 587 2973 2168 3043">
    <p class='ocr_par' dir='ltr' id='par_1_46' title="bbox 587 2973 2168 3043">
     <span class='ocr_line' id='line_1_46' title="bbox 587 2973 2168 3043; baseline -0.003 -13"><span class='ocrx_word' id='word_1_314' title='bbox 587 2983 774 3032; x_wconf 86' lang='lat' dir='ltr'><strong>autem</strong></span> <span class='ocrx_word' id='word_1_315' title='bbox 823 2973 1015 3041; x_wconf 88' lang='lat' dir='ltr'><strong>libera,</strong></span> <span class='ocrx_word' id='word_1_316' title='bbox 1070 2990 1234 3032; x_wconf 88' lang='lat' dir='ltr'><strong>sensa</strong></span> <span class='ocrx_word' id='word_1_317' title='bbox 1271 2975 1439 3030; x_wconf 89' lang='lat' dir='ltr'><strong>animi</strong></span> <span class='ocrx_word' id='word_1_318' title='bbox 1495 2977 1680 3030; x_wconf 90' lang='lat' dir='ltr'><strong>omnia</strong></span> <span class='ocrx_word' id='word_1_319' title='bbox 1729 2985 1786 3030; x_wconf 92' lang='lat' dir='ltr'><strong>et</strong></span> <span class='ocrx_word' id='word_1_320' title='bbox 1821 2975 2056 3043; x_wconf 78' lang='lat' dir='ltr'><strong>cogitata</strong></span> <span class='ocrx_word' id='word_1_321' title='bbox 2089 2974 2168 3027; x_wconf 91' lang='lat' dir='ltr'><strong>sic</strong></span> 
     </span>
    </p>
   </div>
   <div class='ocr_carea' id='block_1_47' title="bbox 588 3067 2168 3138">
    <p class='ocr_par' dir='ltr' id='par_1_47' title="bbox 588 3067 2168 3138">
     <span class='ocr_line' id='line_1_47' title="bbox 588 3067 2168 3138; baseline -0.002 -14"><span class='ocrx_word' id='word_1_322' title='bbox 588 3069 674 3128; x_wconf 84' lang='lat' dir='ltr'><strong>vel</strong></span> <span class='ocrx_word' id='word_1_323' title='bbox 705 3067 866 3124; x_wconf 82' lang='lat' dir='ltr'><strong>aliter</strong></span> <span class='ocrx_word' id='word_1_324' title='bbox 891 3067 1234 3133; x_wconf 85' lang='lat' dir='ltr'><strong>nominandi,</strong></span> <span class='ocrx_word' id='word_1_325' title='bbox 1267 3069 1322 3122; x_wconf 90' lang='lat' dir='ltr'><strong>in</strong></span> <span class='ocrx_word' id='word_1_326' title='bbox 1353 3077 1554 3124; x_wconf 89' lang='lat' dir='ltr'><strong>natura</strong></span> <span class='ocrx_word' id='word_1_327' title='bbox 1582 3068 1684 3122; x_wconf 90' lang='lat' dir='ltr'><strong>sita</strong></span> <span class='ocrx_word' id='word_1_328' title='bbox 1717 3075 1822 3132; x_wconf 85' lang='lat' dir='ltr'><strong>est,</strong></span> <span class='ocrx_word' id='word_1_329' title='bbox 1855 3083 2018 3138; x_wconf 88' lang='lat' dir='ltr'><strong>quam</strong></span> <span class='ocrx_word' id='word_1_330' title='bbox 2054 3067 2168 3121; x_wconf 80' lang='lat' dir='ltr'><strong>sive</strong></span> 
     </span>
    </p>
   </div>
   <div class='ocr_carea' id='block_1_48' title="bbox 589 3159 2168 3230">
    <p class='ocr_par' dir='ltr' id='par_1_48' title="bbox 589 3159 2168 3230">
     <span class='ocr_line' id='line_1_48' title="bbox 589 3159 2168 3230; baseline 0.001 -18"><span class='ocrx_word' id='word_1_331' title='bbox 589 3159 715 3229; x_wconf 90' lang='lat' dir='ltr'><strong>quis</strong></span> <span class='ocrx_word' id='word_1_332' title='bbox 742 3159 985 3226; x_wconf 65' lang='grc' dir='ltr'>ἐπίνοιαν</span> <span class='ocrx_word' id='word_1_333' title='bbox 1012 3162 1534 3225; x_wconf 81' lang='lat' dir='ltr'><strong>commentationem,</strong></span> <span class='ocrx_word' id='word_1_334' title='bbox 1566 3161 1680 3216; x_wconf 91' lang='lat' dir='ltr'><strong>sive</strong></span> <span class='ocrx_word' id='word_1_335' title='bbox 1724 3161 1830 3214; x_wconf 90' lang='lat' dir='ltr'><strong>alio</strong></span> <span class='ocrx_word' id='word_1_336' title='bbox 1858 3161 2042 3230; x_wconf 89' lang='lat' dir='ltr'><strong>aliquo</strong></span> <span class='ocrx_word' id='word_1_337' title='bbox 2067 3175 2168 3214; x_wconf 90' lang='lat' dir='ltr'><strong>no-</strong></span> 
     </span>
    </p>
   </div>
   <div class='ocr_carea' id='block_1_49' title="bbox 589 3251 2168 3324">
    <p class='ocr_par' dir='ltr' id='par_1_49' title="bbox 589 3251 2168 3324">
     <span class='ocr_line' id='line_1_49' title="bbox 589 3251 2168 3324; baseline -0.001 -18"><span class='ocrx_word' id='word_1_338' title='bbox 589 3251 740 3306; x_wconf 87' lang='lat' dir='ltr'><strong>mine</strong></span> <span class='ocrx_word' id='word_1_339' title='bbox 769 3251 901 3306; x_wconf 90' lang='lat' dir='ltr'><strong>velit</strong></span> <span class='ocrx_word' id='word_1_340' title='bbox 931 3253 1207 3324; x_wconf 90' lang='lat' dir='ltr'><strong>appellare</strong></span> <span class='ocrx_word' id='word_1_341' title='bbox 1235 3269 1344 3307; x_wconf 88' lang='lat' dir='ltr'><strong>non</strong></span> <span class='ocrx_word' id='word_1_342' title='bbox 1381 3252 1804 3308; x_wconf 85' lang='lat' dir='ltr'><strong>contendemus.</strong></span> <span class='ocrx_word' id='word_1_343' title='bbox 1843 3252 2018 3321; x_wconf 87' lang='lat' dir='ltr'><strong>llujus</strong></span> <span class='ocrx_word' id='word_1_344' title='bbox 2049 3269 2168 3306; x_wconf 88' lang='lat' dir='ltr'><strong>ser-</strong></span> 
     </span>
    </p>
   </div>
   <div class='ocr_carea' id='block_1_50' title="bbox 591 3341 2170 3415">
    <p class='ocr_par' dir='ltr' id='par_1_50' title="bbox 591 3341 2170 3415">
     <span class='ocr_line' id='line_1_50' title="bbox 591 3341 2170 3415; baseline -0.001 -15"><span class='ocrx_word' id='word_1_345' title='bbox 591 3341 774 3400; x_wconf 81' lang='lat' dir='ltr'><strong>monis</strong></span> <span class='ocrx_word' id='word_1_346' title='bbox 799 3344 1170 3400; x_wconf 88' lang='lat' dir='ltr'><strong>certissimum</strong></span> <span class='ocrx_word' id='word_1_347' title='bbox 1194 3354 1574 3415; x_wconf 82' lang='lat' dir='ltr'><strong>argumentum</strong></span> <span class='ocrx_word' id='word_1_348' title='bbox 1602 3345 1856 3410; x_wconf 88' lang='lat' dir='ltr'><strong>facimus,</strong></span> <span class='ocrx_word' id='word_1_349' title='bbox 1885 3344 2033 3414; x_wconf 89' lang='lat' dir='ltr'><strong>quod</strong></span> <span class='ocrx_word' id='word_1_350' title='bbox 2061 3361 2170 3398; x_wconf 89' lang='lat' dir='ltr'><strong>non</strong></span> 
     </span>
    </p>
   </div>
   <div class='ocr_carea' id='block_1_51' title="bbox 593 3432 2170 3504">
    <p class='ocr_par' dir='ltr' id='par_1_51' title="bbox 593 3432 2170 3504">
     <span class='ocr_line' id='line_1_51' title="bbox 593 3432 2170 3504; baseline 0.001 -18"><span class='ocrx_word' id='word_1_351' title='bbox 593 3432 740 3503; x_wconf 87' lang='lat' dir='ltr'><strong>apud</strong></span> <span class='ocrx_word' id='word_1_352' title='bbox 770 3447 964 3490; x_wconf 89' lang='lat' dir='ltr'><strong>omnes</strong></span> <span class='ocrx_word' id='word_1_353' title='bbox 1013 3434 1268 3489; x_wconf 88' lang='lat' dir='ltr'><strong>similiter</strong></span> <span class='ocrx_word' id='word_1_354' title='bbox 1301 3435 1450 3504; x_wconf 86' lang='lat' dir='ltr'><strong>quod</strong></span> <span class='ocrx_word' id='word_1_355' title='bbox 1497 3435 1642 3490; x_wconf 92' lang='lat' dir='ltr'><strong>Deus</strong></span> <span class='ocrx_word' id='word_1_356' title='bbox 1696 3441 1782 3489; x_wconf 90' lang='lat' dir='ltr'><strong>est</strong></span> <span class='ocrx_word' id='word_1_357' title='bbox 1833 3434 2170 3498; x_wconf 85' lang='lat' dir='ltr'><strong>nominetur,</strong></span> 
     </span>
    </p>
   </div>
   <div class='ocr_carea' id='block_1_52' title="bbox 594 3527 2174 3598">
    <p class='ocr_par' dir='ltr' id='par_1_52' title="bbox 594 3527 2174 3598">
     <span class='ocr_line' id='line_1_52' title="bbox 594 3527 2174 3598; baseline -0.001 -16"><span class='ocrx_word' id='word_1_358' title='bbox 594 3527 690 3582; x_wconf 89' lang='lat' dir='ltr'><strong>sed</strong></span> <span class='ocrx_word' id='word_1_359' title='bbox 717 3533 778 3580; x_wconf 90' lang='lat' dir='ltr'><strong>ut</strong></span> <span class='ocrx_word' id='word_1_360' title='bbox 805 3527 1007 3598; x_wconf 89' lang='lat' dir='ltr'><strong>cuique</strong></span> <span class='ocrx_word' id='word_1_361' title='bbox 1033 3527 1273 3594; x_wconf 90' lang='lat' dir='ltr'><strong>videtur,</strong></span> <span class='ocrx_word' id='word_1_362' title='bbox 1314 3529 1460 3598; x_wconf 93' lang='lat' dir='ltr'><strong>quod</strong></span> <span class='ocrx_word' id='word_1_363' title='bbox 1501 3529 1844 3583; x_wconf 85' lang='lat' dir='ltr'><strong>intellectum</strong></span> <span class='ocrx_word' id='word_1_364' title='bbox 1879 3539 1962 3583; x_wconf 90' lang='lat' dir='ltr'><strong>est</strong></span> <span class='ocrx_word' id='word_1_365' title='bbox 2003 3529 2174 3582; x_wconf 85' lang='lat' dir='ltr'><strong>inter—</strong></span> 
     </span>
    </p>
   </div>
   <div class='ocr_carea' id='block_1_53' title="bbox 595 3619 2172 3691">
    <p class='ocr_par' dir='ltr' id='par_1_53' title="bbox 595 3619 2172 3691">
     <span class='ocr_line' id='line_1_53' title="bbox 595 3619 2172 3691; baseline 0.002 -18"><span class='ocrx_word' id='word_1_366' title='bbox 595 3627 860 3688; x_wconf 88' lang='lat' dir='ltr'><strong>pretetur.</strong></span> <span class='ocrx_word' id='word_1_367' title='bbox 889 3619 1255 3686; x_wconf 86' lang='lat' dir='ltr'><strong>Quamobrem</strong></span> <span class='ocrx_word' id='word_1_368' title='bbox 1294 3636 1512 3676; x_wconf 90' lang='lat' dir='ltr'><strong>omnem</strong></span> <span class='ocrx_word' id='word_1_369' title='bbox 1541 3621 1713 3691; x_wconf 89' lang='lat' dir='ltr'><strong>ipsius</strong></span> <span class='ocrx_word' id='word_1_370' title='bbox 1738 3621 1902 3676; x_wconf 87' lang='lat' dir='ltr'><strong>vilem</strong></span> <span class='ocrx_word' id='word_1_371' title='bbox 1931 3629 1986 3676; x_wconf 91' lang='lat' dir='ltr'><strong>et</strong></span> <span class='ocrx_word' id='word_1_372' title='bbox 2021 3621 2172 3690; x_wconf 89' lang='lat' dir='ltr'><strong>abje-</strong></span> 
     </span>
    </p>
   </div>
   <div class='ocr_carea' id='block_1_54' title="bbox 595 3711 2175 3784">
    <p class='ocr_par' dir='ltr' id='par_1_54' title="bbox 595 3711 2175 3784">
     <span class='ocr_line' id='line_1_54' title="bbox 595 3711 2175 3784; baseline 0.001 -18"><span class='ocrx_word' id='word_1_373' title='bbox 595 3721 737 3766; x_wconf 88' lang='lat' dir='ltr'><strong>ctam</strong></span> <span class='ocrx_word' id='word_1_374' title='bbox 771 3711 840 3768; x_wconf 92' lang='lat' dir='ltr'><strong>de</strong></span> <span class='ocrx_word' id='word_1_375' title='bbox 877 3713 1340 3780; x_wconf 83' lang='lat' dir='ltr'><strong>commentatione</strong></span> <span class='ocrx_word' id='word_1_376' title='bbox 1369 3713 1746 3782; x_wconf 77' lang='lat' dir='ltr'><strong>garrulitatem</strong></span> <span class='ocrx_word' id='word_1_377' title='bbox 1789 3713 2008 3768; x_wconf 91' lang='lat' dir='ltr'><strong>silentio</strong></span> <span class='ocrx_word' id='word_1_378' title='bbox 2034 3729 2175 3784; x_wconf 72' lang='lat' dir='ltr'><strong>prte-</strong></span> 
     </span>
    </p>
   </div>
   <div class='ocr_carea' id='block_1_55' title="bbox 595 3802 2174 3869">
    <p class='ocr_par' dir='ltr' id='par_1_55' title="bbox 595 3802 2174 3869">
     <span class='ocr_line' id='line_1_55' title="bbox 595 3802 2174 3869; baseline 0 -9"><span class='ocrx_word' id='word_1_379' title='bbox 595 3811 900 3868; x_wconf 83' lang='lat' dir='ltr'><strong>tereuntes,</strong></span> <span class='ocrx_word' id='word_1_380' title='bbox 933 3802 1154 3860; x_wconf 88' lang='lat' dir='ltr'><strong>decreta</strong></span> <span class='ocrx_word' id='word_1_381' title='bbox 1183 3804 1515 3869; x_wconf 82' lang='lat' dir='ltr'><strong>tenebimus,</strong></span> <span class='ocrx_word' id='word_1_382' title='bbox 1558 3811 1774 3858; x_wconf 89' lang='lat' dir='ltr'><strong>tantum</strong></span> <span class='ocrx_word' id='word_1_383' title='bbox 1819 3805 1980 3860; x_wconf 89' lang='lat' dir='ltr'><strong>nobis</strong></span> <span class='ocrx_word' id='word_1_384' title='bbox 2010 3805 2174 3860; x_wconf 86' lang='lat' dir='ltr'><strong>adno-</strong></span> 
     </span>
    </p>
   </div>
   <div class='ocr_carea' id='block_1_56' title="bbox 595 3893 2174 3966">
    <p class='ocr_par' dir='ltr' id='par_1_56' title="bbox 595 3893 2174 3966">
     <span class='ocr_line' id='line_1_56' title="bbox 595 3893 2174 3966; baseline 0.004 -22"><span class='ocrx_word' id='word_1_385' title='bbox 595 3901 776 3954; x_wconf 82' lang='lat' dir='ltr'><strong>tantes</strong></span> <span class='ocrx_word' id='word_1_386' title='bbox 811 3907 880 3950; x_wconf 77' lang='lat' dir='ltr'><strong>ex</strong></span> <span class='ocrx_word' id='word_1_387' title='bbox 915 3893 1244 3964; x_wconf 86' lang='lat' dir='ltr'><strong>quibusdam</strong></span> <span class='ocrx_word' id='word_1_388' title='bbox 1275 3909 1492 3962; x_wconf 87' lang='lat' dir='ltr'><strong>eorum,</strong></span> <span class='ocrx_word' id='word_1_389' title='bbox 1525 3910 1648 3966; x_wconf 60' lang='lat' dir='ltr'><strong>qua</strong></span> <span class='ocrx_word' id='word_1_390' title='bbox 1681 3895 1740 3950; x_wconf 91' lang='lat' dir='ltr'><strong>in</strong></span> <span class='ocrx_word' id='word_1_391' title='bbox 1779 3897 1962 3951; x_wconf 85' lang='lat' dir='ltr'><strong>medio</strong></span> <span class='ocrx_word' id='word_1_392' title='bbox 2002 3895 2174 3951; x_wconf 87' lang='lat' dir='ltr'><strong>futili-</strong></span> 
     </span>
    </p>
   </div>
   <div class='ocr_carea' id='block_1_57' title="bbox 595 3983 2174 4059">
    <p class='ocr_par' dir='ltr' id='par_1_57' title="bbox 595 3983 2174 4059">
     <span class='ocr_line' id='line_1_57' title="bbox 595 3983 2174 4059; baseline 0.004 -21"><span class='ocrx_word' id='word_1_393' title='bbox 595 3983 726 4039; x_wconf 88' lang='lat' dir='ltr'><strong>tatis</strong></span> <span class='ocrx_word' id='word_1_394' title='bbox 773 3985 890 4042; x_wconf 80' lang='lat' dir='ltr'><strong>sive</strong></span> <span class='ocrx_word' id='word_1_395' title='bbox 938 3986 1240 4056; x_wconf 81' lang='lat' dir='ltr'><strong>vaniloquii</strong></span> <span class='ocrx_word' id='word_1_396' title='bbox 1299 3987 1592 4057; x_wconf 75' lang='lat' dir='ltr'><strong>interiecta</strong></span> <span class='ocrx_word' id='word_1_397' title='bbox 1645 3995 1798 4056; x_wconf 81' lang='lat' dir='ltr'><strong>sunt,</strong></span> <span class='ocrx_word' id='word_1_398' title='bbox 1862 3989 1955 4044; x_wconf 90' lang='lat' dir='ltr'><strong>ubi</strong></span> <span class='ocrx_word' id='word_1_399' title='bbox 2017 3997 2174 4059; x_wconf 87' lang='lat' dir='ltr'><strong>putat</strong></span> 
     </span>
    </p>
   </div>
   <div class='ocr_carea' id='block_1_58' title="bbox 597 4073 2172 4149">
    <p class='ocr_par' dir='ltr' id='par_1_58' title="bbox 597 4073 2172 4149">
     <span class='ocr_line' id='line_1_58' title="bbox 597 4073 2172 4149; baseline 0.003 -21"><span class='ocrx_word' id='word_1_400' title='bbox 597 4073 766 4130; x_wconf 74' lang='lat' dir='ltr'><strong>Deum</strong></span> <span class='ocrx_word' id='word_1_401' title='bbox 801 4076 994 4145; x_wconf 87' lang='lat' dir='ltr'><strong>primis</strong></span> <span class='ocrx_word' id='word_1_402' title='bbox 1029 4075 1282 4132; x_wconf 88' lang='lat' dir='ltr'><strong>formatis</strong></span> <span class='ocrx_word' id='word_1_403' title='bbox 1333 4079 1675 4148; x_wconf 84' lang='lat' dir='ltr'><strong>parentibus,</strong></span> <span class='ocrx_word' id='word_1_404' title='bbox 1719 4079 1890 4134; x_wconf 84' lang='lat' dir='ltr'><strong>veluti</strong></span> <span class='ocrx_word' id='word_1_405' title='bbox 1933 4080 2172 4149; x_wconf 85' lang='lat' dir='ltr'><strong>aliquem</strong></span> 
     </span>
    </p>
   </div>
   <div class='ocr_carea' id='block_1_59' title="bbox 597 4162 2173 4237">
    <p class='ocr_par' dir='ltr' id='par_1_59' title="bbox 597 4162 2173 4237">
     <span class='ocr_line' id='line_1_59' title="bbox 597 4162 2173 4237; baseline 0.005 -23"><span class='ocrx_word' id='word_1_406' title='bbox 597 4162 948 4234; x_wconf 60' lang='lat' dir='ltr'><strong>paedagogum</strong></span> <span class='ocrx_word' id='word_1_407' title='bbox 988 4165 1074 4220; x_wconf 87' lang='lat' dir='ltr'><strong>vel</strong></span> <span class='ocrx_word' id='word_1_408' title='bbox 1113 4168 1550 4236; x_wconf 80' lang='lat' dir='ltr'><strong>grammatistam</strong></span> <span class='ocrx_word' id='word_1_409' title='bbox 1595 4167 2000 4237; x_wconf 67' lang='lat' dir='ltr'><strong>prmsidentem,</strong></span> <span class='ocrx_word' id='word_1_410' title='bbox 2043 4185 2173 4224; x_wconf 88' lang='lat' dir='ltr'><strong>ver-</strong></span> 
     </span>
    </p>
   </div>
   <div class='ocr_carea' id='block_1_60' title="bbox 597 4253 2174 4330">
    <p class='ocr_par' dir='ltr' id='par_1_60' title="bbox 597 4253 2174 4330">
     <span class='ocr_line' id='line_1_60' title="bbox 597 4253 2174 4330; baseline 0.004 -22"><span class='ocrx_word' id='word_1_411' title='bbox 597 4253 791 4308; x_wconf 87' lang='lat' dir='ltr'><strong>borum</strong></span> <span class='ocrx_word' id='word_1_412' title='bbox 809 4262 866 4310; x_wconf 88' lang='lat' dir='ltr'><strong>et</strong></span> <span class='ocrx_word' id='word_1_413' title='bbox 891 4255 1174 4310; x_wconf 91' lang='lat' dir='ltr'><strong>nominum</strong></span> <span class='ocrx_word' id='word_1_414' title='bbox 1204 4257 1511 4310; x_wconf 89' lang='lat' dir='ltr'><strong>doctrinam</strong></span> <span class='ocrx_word' id='word_1_415' title='bbox 1537 4257 1834 4312; x_wconf 88' lang='lat' dir='ltr'><strong>tradidisse</strong></span> <span class='ocrx_word' id='word_1_416' title='bbox 1859 4277 1872 4312; x_wconf 89' lang='lat'><strong>:</strong></span> <span class='ocrx_word' id='word_1_417' title='bbox 1897 4259 1950 4312; x_wconf 88' lang='lat' dir='ltr'><strong>in</strong></span> <span class='ocrx_word' id='word_1_418' title='bbox 1972 4259 2174 4330; x_wconf 90' lang='lat' dir='ltr'><strong>quibus</strong></span> 
     </span>
    </p>
   </div>
   <div class='ocr_carea' id='block_1_61' title="bbox 599 4343 2178 4414">
    <p class='ocr_par' dir='ltr' id='par_1_61' title="bbox 599 4343 2178 4414">
     <span class='ocr_line' id='line_1_61' title="bbox 599 4343 2178 4414; baseline 0.005 -18"><span class='ocrx_word' id='word_1_419' title='bbox 599 4343 697 4407; x_wconf 79' lang='lat' dir='ltr'><strong>ait,</strong></span> <span class='ocrx_word' id='word_1_420' title='bbox 729 4343 878 4414; x_wconf 88' lang='lat' dir='ltr'><strong>ipsos</strong></span> <span class='ocrx_word' id='word_1_421' title='bbox 909 4344 1118 4414; x_wconf 89' lang='lat' dir='ltr'><strong>primos</strong></span> <span class='ocrx_word' id='word_1_422' title='bbox 1143 4361 1176 4400; x_wconf 87' lang='lat' dir='ltr'><strong>a</strong></span> <span class='ocrx_word' id='word_1_423' title='bbox 1209 4345 1319 4400; x_wconf 93' lang='lat' dir='ltr'><strong>Deo</strong></span> <span class='ocrx_word' id='word_1_424' title='bbox 1349 4345 1596 4412; x_wconf 75' lang='lat' dir='ltr'><strong>effectos,</strong></span> <span class='ocrx_word' id='word_1_425' title='bbox 1627 4348 1712 4402; x_wconf 91' lang='lat' dir='ltr'><strong>vel</strong></span> <span class='ocrx_word' id='word_1_426' title='bbox 1741 4349 2002 4403; x_wconf 87' lang='lat' dir='ltr'><strong>continua</strong></span> <span class='ocrx_word' id='word_1_427' title='bbox 2031 4349 2178 4404; x_wconf 88' lang='lat' dir='ltr'><strong>serie</strong></span> 
     </span>
    </p>
   </div>
   <div class='ocr_carea' id='block_1_62' title="bbox 595 4435 2173 4518">
    <p class='ocr_par' dir='ltr' id='par_1_62' title="bbox 595 4435 2173 4518">
     <span class='ocr_line' id='line_1_62' title="bbox 595 4435 2173 4518; baseline 0.004 -30"><span class='ocrx_word' id='word_1_428' title='bbox 595 4451 665 4493; x_wconf 78' lang='lat' dir='ltr'><strong>ex</strong></span> <span class='ocrx_word' id='word_1_429' title='bbox 697 4435 804 4490; x_wconf 88' lang='lat' dir='ltr'><strong>illis</strong></span> <span class='ocrx_word' id='word_1_430' title='bbox 838 4435 1076 4505; x_wconf 77' lang='lat' dir='ltr'><strong>genitos,</strong></span> <span class='ocrx_word' id='word_1_431' title='bbox 1110 4435 1222 4491; x_wconf 87' lang='lat' dir='ltr'><strong>nisi</strong></span> <span class='ocrx_word' id='word_1_432' title='bbox 1253 4435 1435 4496; x_wconf 87' lang='lat' dir='ltr'><strong>edocti</strong></span> <span class='ocrx_word' id='word_1_433' title='bbox 1473 4437 1729 4500; x_wconf 89' lang='lat' dir='ltr'><strong>fuissent,</strong></span> <span class='ocrx_word' id='word_1_434' title='bbox 1772 4439 2050 4518; x_wconf 85' lang='lat' dir='ltr'><strong>quomodo</strong></span> <span class='ocrx_word' id='word_1_435' title='bbox 2085 4453 2173 4494; x_wconf 89' lang='lat' dir='ltr'><strong>res</strong></span> 
     </span>
    </p>
   </div>
   <div class='ocr_carea' id='block_1_63' title="bbox 2271 1959 3864 2036">
    <p class='ocr_par' dir='ltr' id='par_1_63' title="bbox 2271 1959 3864 2036">
     <span class='ocr_line' id='line_1_63' title="bbox 2271 1959 3864 2036; baseline -0.004 -20"><span class='ocrx_word' id='word_1_436' title='bbox 2271 1981 2378 2016; x_wconf 90' lang='grc' dir='ltr'><strong>των</strong></span> <span class='ocrx_word' id='word_1_437' title='bbox 2405 1965 2684 2036; x_wconf 80' lang='grc' dir='ltr'>χρήσεως,</span> <span class='ocrx_word' id='word_1_438' title='bbox 2719 1965 2776 2018; x_wconf 80' lang='grc' dir='ltr'>ὲν</span> <span class='ocrx_word' id='word_1_439' title='bbox 2815 1968 2926 2028; x_wconf 85' lang='grc' dir='ltr'>τοῖς</span> <span class='ocrx_word' id='word_1_440' title='bbox 2951 1964 3180 2018; x_wconf 78' lang='grc' dir='ltr'>κατόπιν</span> <span class='ocrx_word' id='word_1_441' title='bbox 3217 1965 3536 2036; x_wconf 81' lang='grc' dir='ltr'>εἰρήκαμεν.</span> <span class='ocrx_word' id='word_1_442' title='bbox 3591 1962 3716 2014; x_wconf 84' lang='grc' dir='ltr'>Ὀτι</span> <span class='ocrx_word' id='word_1_443' title='bbox 3743 1959 3864 2012; x_wconf 80' lang='grc' dir='ltr'><strong>τῶν</strong></span> 
     </span>
    </p>
   </div>
   <div class='ocr_carea' id='block_1_64' title="bbox 2271 2052 3866 2129">
    <p class='ocr_par' dir='ltr' id='par_1_64' title="bbox 2271 2052 3866 2129">
     <span class='ocr_line' id='line_1_64' title="bbox 2271 2052 3866 2129; baseline -0.003 -19"><span class='ocrx_word' id='word_1_444' title='bbox 2271 2057 2610 2128; x_wconf 81' lang='grc' dir='ltr'>πραγμάτων</span> <span class='ocrx_word' id='word_1_445' title='bbox 2627 2059 2854 2129; x_wconf 81' lang='grc' dir='ltr'>ἐχόντων</span> <span class='ocrx_word' id='word_1_446' title='bbox 2871 2059 2944 2122; x_wconf 86' lang='grc' dir='ltr'>ὡς</span> <span class='ocrx_word' id='word_1_447' title='bbox 2963 2059 3073 2128; x_wconf 73' lang='grc' dir='ltr'>ἔχει</span> <span class='ocrx_word' id='word_1_448' title='bbox 3093 2057 3324 2128; x_wconf 86' lang='grc' dir='ltr'>φύσεως,</span> <span class='ocrx_word' id='word_1_449' title='bbox 3342 2057 3436 2120; x_wconf 79' lang='grc' dir='ltr'><strong>τὰς</strong></span> <span class='ocrx_word' id='word_1_450' title='bbox 3460 2052 3866 2126; x_wconf 72' lang='grc' dir='ltr'>ἑρμηνευτικάς</span> 
     </span>
    </p>
   </div>
   <div class='ocr_carea' id='block_1_65' title="bbox 2269 2143 3868 2219">
    <p class='ocr_par' dir='ltr' id='par_1_65' title="bbox 2269 2143 3868 2219">
     <span class='ocr_line' id='line_1_65' title="bbox 2269 2143 3868 2219; baseline -0.005 -17"><span class='ocrx_word' id='word_1_451' title='bbox 2269 2149 2378 2202; x_wconf 84' lang='grc' dir='ltr'>τῶν</span> <span class='ocrx_word' id='word_1_452' title='bbox 2403 2147 2571 2202; x_wconf 73' lang='grc' dir='ltr'>ὄντων</span> <span class='ocrx_word' id='word_1_453' title='bbox 2609 2149 2813 2217; x_wconf 79' lang='grc' dir='ltr'>φωνὰς,</span> <span class='ocrx_word' id='word_1_454' title='bbox 2847 2151 2879 2219; x_wconf 85' lang='grc' dir='ltr'>ἡ</span> <span class='ocrx_word' id='word_1_455' title='bbox 2914 2150 3128 2202; x_wconf 81' lang='grc' dir='ltr'>τεθεῖσα</span> <span class='ocrx_word' id='word_1_456' title='bbox 3156 2147 3304 2217; x_wconf 78' lang='grc' dir='ltr'>παρὰ</span> <span class='ocrx_word' id='word_1_457' title='bbox 3329 2147 3420 2198; x_wconf 79' lang='grc' dir='ltr'>τοῦ</span> <span class='ocrx_word' id='word_1_458' title='bbox 3441 2145 3576 2198; x_wconf 78' lang='grc' dir='ltr'>Θεοῦ</span> <span class='ocrx_word' id='word_1_459' title='bbox 3601 2147 3666 2216; x_wconf 80' lang='grc' dir='ltr'>τῇ</span> <span class='ocrx_word' id='word_1_460' title='bbox 3699 2143 3868 2212; x_wconf 70' lang='grc' dir='ltr'>φύσει</span> 
     </span>
    </p>
   </div>
   <div class='ocr_carea' id='block_1_66' title="bbox 2270 2233 3864 2311">
    <p class='ocr_par' dir='ltr' id='par_1_66' title="bbox 2270 2233 3864 2311">
     <span class='ocr_line' id='line_1_66' title="bbox 2270 2233 3864 2311; baseline -0.001 -21"><span class='ocrx_word' id='word_1_461' title='bbox 2270 2238 2426 2310; x_wconf 78' lang='grc' dir='ltr'>ἡμῶν</span> <span class='ocrx_word' id='word_1_462' title='bbox 2457 2239 2648 2310; x_wconf 85' lang='grc' dir='ltr'>λογικὴ</span> <span class='ocrx_word' id='word_1_463' title='bbox 2693 2240 2920 2311; x_wconf 88' lang='grc' dir='ltr'>δύναμις</span> <span class='ocrx_word' id='word_1_464' title='bbox 2945 2239 3157 2311; x_wconf 73' lang='grc' dir='ltr'>εὕρατο.</span> <span class='ocrx_word' id='word_1_465' title='bbox 3193 2233 3293 2292; x_wconf 83' lang='grc' dir='ltr'>Ὧν</span> <span class='ocrx_word' id='word_1_466' title='bbox 3329 2241 3376 2290; x_wconf 85' lang='grc' dir='ltr'>εἰ</span> <span class='ocrx_word' id='word_1_467' title='bbox 3415 2239 3514 2308; x_wconf 88' lang='grc' dir='ltr'><strong>μέν</strong></span> <span class='ocrx_word' id='word_1_468' title='bbox 3539 2256 3622 2300; x_wconf 57' lang='grc' dir='ltr'>τξ</span> <span class='ocrx_word' id='word_1_469' title='bbox 3646 2237 3744 2308; x_wconf 79' lang='grc' dir='ltr'><strong>τὴν</strong></span> <span class='ocrx_word' id='word_1_470' title='bbox 3769 2239 3864 2289; x_wconf 82' lang='grc' dir='ltr'><strong>αξ-</strong></span> 
     </span>
    </p>
   </div>
   <div class='ocr_carea' id='block_1_67' title="bbox 2269 2329 3868 2401">
    <p class='ocr_par' dir='ltr' id='par_1_67' title="bbox 2269 2329 3868 2401">
     <span class='ocr_line' id='line_1_67' title="bbox 2269 2329 3868 2401; baseline -0.001 -18"><span class='ocrx_word' id='word_1_471' title='bbox 2269 2329 2390 2384; x_wconf 85' lang='grc' dir='ltr'>τίαν</span> <span class='ocrx_word' id='word_1_472' title='bbox 2425 2331 2505 2395; x_wconf 83' lang='grc' dir='ltr'><strong>είς</strong></span> <span class='ocrx_word' id='word_1_473' title='bbox 2542 2331 2632 2383; x_wconf 85' lang='grc' dir='ltr'><strong>τὸν</strong></span> <span class='ocrx_word' id='word_1_474' title='bbox 2676 2331 2946 2384; x_wconf 81' lang='grc' dir='ltr'>δεδωκότα</span> <span class='ocrx_word' id='word_1_475' title='bbox 2989 2331 3086 2401; x_wconf 83' lang='grc' dir='ltr'>τὴν</span> <span class='ocrx_word' id='word_1_476' title='bbox 3125 2329 3357 2397; x_wconf 87' lang='grc' dir='ltr'>δύναμιν</span> <span class='ocrx_word' id='word_1_477' title='bbox 3403 2329 3701 2399; x_wconf 74' lang='grc' dir='ltr'>ἀναφέρει,</span> <span class='ocrx_word' id='word_1_478' title='bbox 3734 2329 3868 2381; x_wconf 72' lang='grc' dir='ltr'>οὔτε</span> 
     </span>
    </p>
   </div>
   <div class='ocr_carea' id='block_1_68' title="bbox 2270 2420 3872 2493">
    <p class='ocr_par' dir='ltr' id='par_1_68' title="bbox 2270 2420 3872 2493">
     <span class='ocr_line' id='line_1_68' title="bbox 2270 2420 3872 2493; baseline -0.001 -19"><span class='ocrx_word' id='word_1_479' title='bbox 2270 2423 2429 2492; x_wconf 77' lang='grc' dir='ltr'>ἡμεῖς</span> <span class='ocrx_word' id='word_1_480' title='bbox 2477 2421 2826 2492; x_wconf 79' lang='grc' dir='ltr'>ἀντιλέγομεν</span> <span class='ocrx_word' id='word_1_481' title='bbox 2883 2421 3070 2493; x_wconf 82' lang='grc' dir='ltr'>ὥσπερ</span> <span class='ocrx_word' id='word_1_482' title='bbox 3126 2422 3217 2474; x_wconf 76' lang='grc' dir='ltr'><strong>καὶ</strong></span> <span class='ocrx_word' id='word_1_483' title='bbox 3257 2420 3319 2474; x_wconf 82' lang='grc' dir='ltr'><strong>τὸ</strong></span> <span class='ocrx_word' id='word_1_484' title='bbox 3357 2421 3622 2474; x_wconf 86' lang='grc' dir='ltr'>κινεῖσθαι</span> <span class='ocrx_word' id='word_1_485' title='bbox 3669 2421 3762 2473; x_wconf 80' lang='grc' dir='ltr'><strong>καὶ</strong></span> <span class='ocrx_word' id='word_1_486' title='bbox 3805 2423 3872 2472; x_wconf 72' lang='grc' dir='ltr'><strong>τὸ</strong></span> 
     </span>
    </p>
   </div>
   <div class='ocr_carea' id='block_1_69' title="bbox 2269 2511 3866 2584">
    <p class='ocr_par' dir='ltr' id='par_1_69' title="bbox 2269 2511 3866 2584">
     <span class='ocr_line' id='line_1_69' title="bbox 2269 2511 3866 2584; baseline -0.001 -20"><span class='ocrx_word' id='word_1_487' title='bbox 2269 2513 2424 2584; x_wconf 83' lang='grc' dir='ltr'>ὀρᾷν,</span> <span class='ocrx_word' id='word_1_488' title='bbox 2457 2513 2551 2567; x_wconf 77' lang='grc' dir='ltr'>καὶ</span> <span class='ocrx_word' id='word_1_489' title='bbox 2572 2512 2640 2567; x_wconf 81' lang='grc' dir='ltr'>τὰ</span> <span class='ocrx_word' id='word_1_490' title='bbox 2657 2512 2821 2566; x_wconf 85' lang='grc' dir='ltr'>λοιπὰ</span> <span class='ocrx_word' id='word_1_491' title='bbox 2848 2512 2935 2566; x_wconf 84' lang='grc' dir='ltr'>διὰ</span> <span class='ocrx_word' id='word_1_492' title='bbox 2967 2511 3075 2566; x_wconf 82' lang='grc' dir='ltr'><strong>τῶν</strong></span> <span class='ocrx_word' id='word_1_493' title='bbox 3109 2512 3413 2582; x_wconf 80' lang='grc' dir='ltr'>αίσθήσεων</span> <span class='ocrx_word' id='word_1_494' title='bbox 3451 2513 3694 2582; x_wconf 80' lang='grc' dir='ltr'>ἐνεργεῖν</span> <span class='ocrx_word' id='word_1_495' title='bbox 3727 2512 3866 2580; x_wconf 85' lang='grc' dir='ltr'>παρ’</span> 
     </span>
    </p>
   </div>
   <div class='ocr_carea' id='block_1_70' title="bbox 2271 2597 3866 2676">
    <p class='ocr_par' dir='ltr' id='par_1_70' title="bbox 2271 2597 3866 2676">
     <span class='ocr_line' id='line_1_70' title="bbox 2271 2597 3866 2676; baseline -0.002 -20"><span class='ocrx_word' id='word_1_496' title='bbox 2271 2604 2479 2657; x_wconf 88' lang='grc' dir='ltr'>ἐκείνου</span> <span class='ocrx_word' id='word_1_497' title='bbox 2509 2603 2737 2676; x_wconf 84' lang='grc' dir='ltr'>λέγομεν</span> <span class='ocrx_word' id='word_1_498' title='bbox 2759 2602 3028 2672; x_wconf 86' lang='grc' dir='ltr'>γίνεσθαι,</span> <span class='ocrx_word' id='word_1_499' title='bbox 3059 2603 3188 2674; x_wconf 84' lang='grc' dir='ltr'>παρ’</span> <span class='ocrx_word' id='word_1_500' title='bbox 3210 2597 3270 2655; x_wconf 80' lang='grc' dir='ltr'>οὗ</span> <span class='ocrx_word' id='word_1_501' title='bbox 3295 2603 3392 2674; x_wconf 82' lang='grc' dir='ltr'>τὴν</span> <span class='ocrx_word' id='word_1_502' title='bbox 3412 2602 3664 2671; x_wconf 77' lang='grc' dir='ltr'>τοιαύτην</span> <span class='ocrx_word' id='word_1_503' title='bbox 3695 2602 3866 2671; x_wconf 77' lang='grc' dir='ltr'>ἐσχή-</span> 
     </span>
    </p>
   </div>
   <div class='ocr_carea' id='block_1_71' title="bbox 2269 2689 3870 2766">
    <p class='ocr_par' dir='ltr' id='par_1_71' title="bbox 2269 2689 3870 2766">
     <span class='ocr_line' id='line_1_71' title="bbox 2269 2689 3870 2766; baseline -0.002 -19"><span class='ocrx_word' id='word_1_504' title='bbox 2269 2713 2446 2766; x_wconf 88' lang='grc' dir='ltr'>καμεν</span> <span class='ocrx_word' id='word_1_505' title='bbox 2500 2695 2748 2766; x_wconf 89' lang='grc' dir='ltr'>δύναμιν.</span> <span class='ocrx_word' id='word_1_506' title='bbox 2785 2694 2971 2759; x_wconf 82' lang='grc' dir='ltr'>Οὑτως</span> <span class='ocrx_word' id='word_1_507' title='bbox 3012 2689 3104 2748; x_wconf 77' lang='grc' dir='ltr'>οὖν</span> <span class='ocrx_word' id='word_1_508' title='bbox 3148 2696 3240 2748; x_wconf 76' lang='grc' dir='ltr'><strong>καὶ</strong></span> <span class='ocrx_word' id='word_1_509' title='bbox 3275 2695 3366 2747; x_wconf 76' lang='grc' dir='ltr'>τοῦ</span> <span class='ocrx_word' id='word_1_510' title='bbox 3413 2691 3700 2764; x_wconf 77' lang='grc' dir='ltr'>ὀνομάζειν</span> <span class='ocrx_word' id='word_1_511' title='bbox 3729 2694 3870 2746; x_wconf 73' lang='grc' dir='ltr'>Θεὸν</span> 
     </span>
    </p>
   </div>
   <div class='ocr_carea' id='block_1_72' title="bbox 2268 2785 3870 2858">
    <p class='ocr_par' dir='ltr' id='par_1_72' title="bbox 2268 2785 3870 2858">
     <span class='ocr_line' id='line_1_72' title="bbox 2268 2785 3870 2858; baseline -0.002 -18"><span class='ocrx_word' id='word_1_512' title='bbox 2268 2787 2358 2840; x_wconf 69' lang='grc' dir='ltr'>τὸν</span> <span class='ocrx_word' id='word_1_513' title='bbox 2381 2787 2508 2840; x_wconf 75' lang='grc' dir='ltr'>ὄντα</span> <span class='ocrx_word' id='word_1_514' title='bbox 2531 2786 2672 2840; x_wconf 80' lang='grc' dir='ltr'>κατὰ</span> <span class='ocrx_word' id='word_1_515' title='bbox 2697 2786 2796 2856; x_wconf 77' lang='grc' dir='ltr'>τὴν</span> <span class='ocrx_word' id='word_1_516' title='bbox 2827 2787 2984 2856; x_wconf 82' lang='grc' dir='ltr'>φύσιν</span> <span class='ocrx_word' id='word_1_517' title='bbox 3006 2787 3140 2858; x_wconf 79' lang='grc' dir='ltr'>ὅπερ</span> <span class='ocrx_word' id='word_1_518' title='bbox 3161 2787 3326 2852; x_wconf 76' lang='grc' dir='ltr'>ἐστὶν,</span> <span class='ocrx_word' id='word_1_519' title='bbox 3365 2788 3398 2858; x_wconf 75' lang='grc' dir='ltr'>ἡ</span> <span class='ocrx_word' id='word_1_520' title='bbox 3425 2786 3521 2856; x_wconf 79' lang='grc' dir='ltr'><strong>μὲν</strong></span> <span class='ocrx_word' id='word_1_521' title='bbox 3543 2785 3688 2838; x_wconf 81' lang='grc' dir='ltr'>αἰτία</span> <span class='ocrx_word' id='word_1_522' title='bbox 3723 2785 3870 2838; x_wconf 75' lang='grc' dir='ltr'>κατά</span> 
     </span>
    </p>
   </div>
   <div class='ocr_carea' id='block_1_73' title="bbox 2268 2880 3872 2952">
    <p class='ocr_par' dir='ltr' id='par_1_73' title="bbox 2268 2880 3872 2952">
     <span class='ocr_line' id='line_1_73' title="bbox 2268 2880 3872 2952; baseline -0.002 -18"><span class='ocrx_word' id='word_1_523' title='bbox 2268 2881 2358 2934; x_wconf 75' lang='grc' dir='ltr'><strong>τὸν</strong></span> <span class='ocrx_word' id='word_1_524' title='bbox 2405 2883 2581 2935; x_wconf 85' lang='grc' dir='ltr'>κοινὸν</span> <span class='ocrx_word' id='word_1_525' title='bbox 2627 2882 2783 2951; x_wconf 82' lang='grc' dir='ltr'>λόγον</span> <span class='ocrx_word' id='word_1_526' title='bbox 2838 2885 2918 2946; x_wconf 83' lang='grc' dir='ltr'><strong>είς</strong></span> <span class='ocrx_word' id='word_1_527' title='bbox 2975 2883 3134 2936; x_wconf 79' lang='grc' dir='ltr'>αὑτὸν</span> <span class='ocrx_word' id='word_1_528' title='bbox 3181 2883 3386 2936; x_wconf 82' lang='grc' dir='ltr'>ἐκεῖνον</span> <span class='ocrx_word' id='word_1_529' title='bbox 3440 2881 3539 2952; x_wconf 80' lang='grc' dir='ltr'>τὴν</span> <span class='ocrx_word' id='word_1_530' title='bbox 3584 2880 3872 2947; x_wconf 75' lang='grc' dir='ltr'>ἀναφοράν</span> 
     </span>
    </p>
   </div>
   <div class='ocr_carea' id='block_1_74' title="bbox 2270 2972 3870 3045">
    <p class='ocr_par' dir='ltr' id='par_1_74' title="bbox 2270 2972 3870 3045">
     <span class='ocr_line' id='line_1_74' title="bbox 2270 2972 3870 3045; baseline -0.001 -18"><span class='ocrx_word' id='word_1_531' title='bbox 2270 2975 2411 3045; x_wconf 76' lang='grc' dir='ltr'>ἔχει·</span> <span class='ocrx_word' id='word_1_532' title='bbox 2447 2977 2486 3040; x_wconf 84' lang='grc' dir='ltr'><strong>ἡ</strong></span> <span class='ocrx_word' id='word_1_533' title='bbox 2518 2976 2574 3028; x_wconf 83' lang='grc' dir='ltr'>δὲ</span> <span class='ocrx_word' id='word_1_534' title='bbox 2605 2975 2822 3040; x_wconf 81' lang='grc' dir='ltr'>ἐξουσία</span> <span class='ocrx_word' id='word_1_535' title='bbox 2865 2973 2958 3028; x_wconf 78' lang='grc' dir='ltr'>τοῦ</span> <span class='ocrx_word' id='word_1_536' title='bbox 2998 2975 3068 3028; x_wconf 88' lang='grc' dir='ltr'><strong>τὰ</strong></span> <span class='ocrx_word' id='word_1_537' title='bbox 3121 2974 3378 3045; x_wconf 78' lang='grc' dir='ltr'>νοηθέντα</span> <span class='ocrx_word' id='word_1_538' title='bbox 3417 2973 3592 3026; x_wconf 82' lang='grc' dir='ltr'>πάντα</span> <span class='ocrx_word' id='word_1_539' title='bbox 3637 2972 3870 3026; x_wconf 81' lang='grc' dir='ltr'>τοιῶσδε</span> 
     </span>
    </p>
   </div>
   <div class='ocr_carea' id='block_1_75' title="bbox 2269 3061 3868 3138">
    <p class='ocr_par' dir='ltr' id='par_1_75' title="bbox 2269 3061 3868 3138">
     <span class='ocr_line' id='line_1_75' title="bbox 2269 3061 3868 3138; baseline -0.002 -22"><span class='ocrx_word' id='word_1_540' title='bbox 2269 3065 2302 3133; x_wconf 86' lang='grc' dir='ltr'>ἢ</span> <span class='ocrx_word' id='word_1_541' title='bbox 2337 3065 2409 3128; x_wconf 83' lang='grc' dir='ltr'>ὼς</span> <span class='ocrx_word' id='word_1_542' title='bbox 2445 3066 2646 3138; x_wconf 77' lang='grc' dir='ltr'>ἑτέρως</span> <span class='ocrx_word' id='word_1_543' title='bbox 2677 3067 3084 3135; x_wconf 79' lang='grc' dir='ltr'>κατονομάζειν,</span> <span class='ocrx_word' id='word_1_544' title='bbox 3112 3065 3170 3118; x_wconf 82' lang='grc' dir='ltr'><strong>ἐν</strong></span> <span class='ocrx_word' id='word_1_545' title='bbox 3205 3067 3270 3134; x_wconf 82' lang='grc' dir='ltr'>τῇ</span> <span class='ocrx_word' id='word_1_546' title='bbox 3305 3064 3462 3134; x_wconf 85' lang='grc' dir='ltr'>φύσει</span> <span class='ocrx_word' id='word_1_547' title='bbox 3489 3065 3662 3117; x_wconf 83' lang='grc' dir='ltr'>κεῖται</span> <span class='ocrx_word' id='word_1_548' title='bbox 3681 3079 3698 3096; x_wconf 78' lang='grc' dir='ltr'><strong><em>ο</em></strong></span> <span class='ocrx_word' id='word_1_549' title='bbox 3729 3063 3761 3134; x_wconf 82' lang='grc' dir='ltr'>ἢ</span> <span class='ocrx_word' id='word_1_550' title='bbox 3789 3061 3868 3114; x_wconf 77' lang='grc' dir='ltr'>εἷ’-</span> 
     </span>
    </p>
   </div>
   <div class='ocr_carea' id='block_1_76' title="bbox 2271 3156 3868 3228">
    <p class='ocr_par' dir='ltr' id='par_1_76' title="bbox 2271 3156 3868 3228">
     <span class='ocr_line' id='line_1_76' title="bbox 2271 3156 3868 3228; baseline -0.001 -19"><span class='ocrx_word' id='word_1_551' title='bbox 2271 3173 2329 3209; x_wconf 89' lang='grc' dir='ltr'><strong>τε</strong></span> <span class='ocrx_word' id='word_1_552' title='bbox 2355 3175 2436 3220; x_wconf 89' lang='grc' dir='ltr'><strong>τις</strong></span> <span class='ocrx_word' id='word_1_553' title='bbox 2459 3159 2720 3220; x_wconf 84' lang='grc' dir='ltr'>ἐπίνοιαν,</span> <span class='ocrx_word' id='word_1_554' title='bbox 2742 3161 2848 3212; x_wconf 76' lang='grc' dir='ltr'>εἴτε</span> <span class='ocrx_word' id='word_1_555' title='bbox 2870 3159 2996 3212; x_wconf 83' lang='grc' dir='ltr'>ἄλλο</span> <span class='ocrx_word' id='word_1_556' title='bbox 3023 3177 3074 3210; x_wconf 94' lang='grc' dir='ltr'><strong>τι</strong></span> <span class='ocrx_word' id='word_1_557' title='bbox 3102 3157 3340 3228; x_wconf 88' lang='grc' dir='ltr'>βούλοιτο</span> <span class='ocrx_word' id='word_1_558' title='bbox 3361 3157 3558 3226; x_wconf 88' lang='grc' dir='ltr'>λέγειν,</span> <span class='ocrx_word' id='word_1_559' title='bbox 3583 3157 3642 3209; x_wconf 84' lang='grc' dir='ltr'><strong>οὑ</strong></span> <span class='ocrx_word' id='word_1_560' title='bbox 3671 3156 3868 3208; x_wconf 85' lang='grc' dir='ltr'>διοισό-</span> 
     </span>
    </p>
   </div>
   <div class='ocr_carea' id='block_1_77' title="bbox 2277 3249 3868 3324">
    <p class='ocr_par' dir='ltr' id='par_1_77' title="bbox 2277 3249 3868 3324">
     <span class='ocr_line' id='line_1_77' title="bbox 2277 3249 3868 3324; baseline 0 -22"><span class='ocrx_word' id='word_1_561' title='bbox 2277 3251 2434 3320; x_wconf 86' lang='grc' dir='ltr'>μεθα.</span> <span class='ocrx_word' id='word_1_562' title='bbox 2465 3253 2775 3324; x_wconf 78' lang='grc' dir='ltr'>Τεκμήριον</span> <span class='ocrx_word' id='word_1_563' title='bbox 2809 3254 2864 3305; x_wconf 84' lang='grc' dir='ltr'>δὲ</span> <span class='ocrx_word' id='word_1_564' title='bbox 2909 3253 3000 3305; x_wconf 77' lang='grc' dir='ltr'>τοῦ</span> <span class='ocrx_word' id='word_1_565' title='bbox 3050 3252 3206 3320; x_wconf 82' lang='grc' dir='ltr'>λόγου</span> <span class='ocrx_word' id='word_1_566' title='bbox 3251 3251 3408 3304; x_wconf 79' lang='grc' dir='ltr'>τοῦτο</span> <span class='ocrx_word' id='word_1_567' title='bbox 3449 3249 3771 3321; x_wconf 82' lang='grc' dir='ltr'>ποιούμεθα,</span> <span class='ocrx_word' id='word_1_568' title='bbox 3805 3250 3868 3302; x_wconf 78' lang='grc' dir='ltr'><strong>τὸ</strong></span> 
     </span>
    </p>
   </div>
   <div class='ocr_carea' id='block_1_78' title="bbox 2277 3343 3862 3416">
    <p class='ocr_par' dir='ltr' id='par_1_78' title="bbox 2277 3343 3862 3416">
     <span class='ocr_line' id='line_1_78' title="bbox 2277 3343 3862 3416; baseline -0.001 -20"><span class='ocrx_word' id='word_1_569' title='bbox 2277 3346 2348 3413; x_wconf 82' lang='grc' dir='ltr'><strong>μὴ</strong></span> <span class='ocrx_word' id='word_1_570' title='bbox 2397 3344 2544 3416; x_wconf 74' lang='grc' dir='ltr'>παρὰ</span> <span class='ocrx_word' id='word_1_571' title='bbox 2589 3347 2754 3399; x_wconf 78' lang='grc' dir='ltr'>πᾶσιν</span> <span class='ocrx_word' id='word_1_572' title='bbox 2803 3346 3000 3416; x_wconf 87' lang='grc' dir='ltr'>ὁμοίως</span> <span class='ocrx_word' id='word_1_573' title='bbox 3037 3347 3098 3398; x_wconf 83' lang='grc' dir='ltr'><strong>τὸ</strong></span> <span class='ocrx_word' id='word_1_574' title='bbox 3141 3345 3298 3399; x_wconf 83' lang='grc' dir='ltr'>Θεῖον</span> <span class='ocrx_word' id='word_1_575' title='bbox 3353 3343 3862 3414; x_wconf 78' lang='grc' dir='ltr'>κατονομάζεσθαι,</span> 
     </span>
    </p>
   </div>
   <div class='ocr_carea' id='block_1_79' title="bbox 2273 3432 3868 3508">
    <p class='ocr_par' dir='ltr' id='par_1_79' title="bbox 2273 3432 3868 3508">
     <span class='ocr_line' id='line_1_79' title="bbox 2273 3432 3868 3508; baseline -0.001 -21"><span class='ocrx_word' id='word_1_576' title='bbox 2273 3432 2408 3487; x_wconf 79' lang='grc' dir='ltr'>ἀλλά</span> <span class='ocrx_word' id='word_1_577' title='bbox 2433 3435 2574 3487; x_wconf 78' lang='grc' dir='ltr'>κατὰ</span> <span class='ocrx_word' id='word_1_578' title='bbox 2602 3435 2662 3488; x_wconf 82' lang='grc' dir='ltr'><strong>τὸ</strong></span> <span class='ocrx_word' id='word_1_579' title='bbox 2703 3436 2894 3488; x_wconf 74' lang='grc' dir='ltr'>δοκοῦν</span> <span class='ocrx_word' id='word_1_580' title='bbox 2935 3436 3186 3499; x_wconf 82' lang='grc' dir='ltr'>ἑκάστοις</span> <span class='ocrx_word' id='word_1_581' title='bbox 3225 3435 3284 3488; x_wconf 83' lang='grc' dir='ltr'>τὸ</span> <span class='ocrx_word' id='word_1_582' title='bbox 3320 3435 3506 3505; x_wconf 78' lang='grc' dir='ltr'>νοηθὲν</span> <span class='ocrx_word' id='word_1_583' title='bbox 3563 3433 3868 3508; x_wconf 80' lang='grc' dir='ltr'>ἑρμηνεύε-</span> 
     </span>
    </p>
   </div>
   <div class='ocr_carea' id='block_1_80' title="bbox 2275 3523 3869 3598">
    <p class='ocr_par' dir='ltr' id='par_1_80' title="bbox 2275 3523 3869 3598">
     <span class='ocr_line' id='line_1_80' title="bbox 2275 3523 3869 3598; baseline 0.001 -24"><span class='ocrx_word' id='word_1_584' title='bbox 2275 3523 2420 3575; x_wconf 89' lang='grc' dir='ltr'>σθαι.</span> <span class='ocrx_word' id='word_1_585' title='bbox 2463 3523 2672 3578; x_wconf 78' lang='grc' dir='ltr'>Οὑκοῦν</span> <span class='ocrx_word' id='word_1_586' title='bbox 2719 3527 2897 3578; x_wconf 80' lang='grc' dir='ltr'>πᾶσαν</span> <span class='ocrx_word' id='word_1_587' title='bbox 2946 3527 3042 3596; x_wconf 78' lang='grc' dir='ltr'>τὴν</span> <span class='ocrx_word' id='word_1_588' title='bbox 3090 3525 3406 3598; x_wconf 83' lang='grc' dir='ltr'>συρφετώδη</span> <span class='ocrx_word' id='word_1_589' title='bbox 3440 3526 3566 3594; x_wconf 72' lang='grc' dir='ltr'>περὶ</span> <span class='ocrx_word' id='word_1_590' title='bbox 3611 3526 3711 3594; x_wconf 75' lang='grc' dir='ltr'>τῆς</span> <span class='ocrx_word' id='word_1_591' title='bbox 3743 3525 3869 3576; x_wconf 84' lang='grc' dir='ltr'>ἐπι-</span> 
     </span>
    </p>
   </div>
   <div class='ocr_carea' id='block_1_81' title="bbox 2275 3612 3872 3687">
    <p class='ocr_par' dir='ltr' id='par_1_81' title="bbox 2275 3612 3872 3687">
     <span class='ocr_line' id='line_1_81' title="bbox 2275 3612 3872 3687; baseline 0 -22"><span class='ocrx_word' id='word_1_592' title='bbox 2275 3612 2421 3676; x_wconf 87' lang='grc' dir='ltr'>νοίας</span> <span class='ocrx_word' id='word_1_593' title='bbox 2481 3615 2644 3667; x_wconf 78' lang='grc' dir='ltr'>αὑτοῦ</span> <span class='ocrx_word' id='word_1_594' title='bbox 2704 3616 2968 3686; x_wconf 80' lang='grc' dir='ltr'>φλυαρίαν</span> <span class='ocrx_word' id='word_1_595' title='bbox 3016 3619 3370 3687; x_wconf 84' lang='grc' dir='ltr'>σιγήσαντες,</span> <span class='ocrx_word' id='word_1_596' title='bbox 3415 3616 3522 3668; x_wconf 82' lang='grc' dir='ltr'><strong>τῶν</strong></span> <span class='ocrx_word' id='word_1_597' title='bbox 3577 3615 3872 3684; x_wconf 82' lang='grc' dir='ltr'>δογμάτων</span> 
     </span>
    </p>
   </div>
   <div class='ocr_carea' id='block_1_82' title="bbox 2275 3703 3866 3778">
    <p class='ocr_par' dir='ltr' id='par_1_82' title="bbox 2275 3703 3866 3778">
     <span class='ocr_line' id='line_1_82' title="bbox 2275 3703 3866 3778; baseline 0.001 -23"><span class='ocrx_word' id='word_1_598' title='bbox 2275 3703 2524 3774; x_wconf 77' lang='grc' dir='ltr'>ἑξόμεθα.</span> <span class='ocrx_word' id='word_1_599' title='bbox 2557 3707 2809 3760; x_wconf 77' lang='grc' dir='ltr'>τοσοῦτον</span> <span class='ocrx_word' id='word_1_600' title='bbox 2861 3711 2992 3778; x_wconf 78' lang='grc' dir='ltr'>ἡμῖν</span> <span class='ocrx_word' id='word_1_601' title='bbox 3034 3707 3564 3778; x_wconf 81' lang='grc' dir='ltr'>παρασημηνάμενοι</span> <span class='ocrx_word' id='word_1_602' title='bbox 3601 3705 3663 3757; x_wconf 76' lang='grc' dir='ltr'><strong>ἐκ</strong></span> <span class='ocrx_word' id='word_1_603' title='bbox 3697 3723 3866 3758; x_wconf 83' lang='grc' dir='ltr'>τινων</span> 
     </span>
    </p>
   </div>
   <div class='ocr_carea' id='block_1_83' title="bbox 2273 3796 3864 3871">
    <p class='ocr_par' dir='ltr' id='par_1_83' title="bbox 2273 3796 3864 3871">
     <span class='ocr_line' id='line_1_83' title="bbox 2273 3796 3864 3871; baseline 0.001 -25"><span class='ocrx_word' id='word_1_604' title='bbox 2273 3796 2380 3847; x_wconf 82' lang='grc' dir='ltr'><strong>τῶν</strong></span> <span class='ocrx_word' id='word_1_605' title='bbox 2414 3797 2554 3850; x_wconf 86' lang='grc' dir='ltr'>κατὰ</span> <span class='ocrx_word' id='word_1_606' title='bbox 2579 3799 2639 3852; x_wconf 85' lang='grc' dir='ltr'><strong>τὸ</strong></span> <span class='ocrx_word' id='word_1_607' title='bbox 2671 3800 2834 3870; x_wconf 87' lang='grc' dir='ltr'>μέσον</span> <span class='ocrx_word' id='word_1_608' title='bbox 2869 3800 3017 3871; x_wconf 83' lang='grc' dir='ltr'>αὐτῷ</span> <span class='ocrx_word' id='word_1_609' title='bbox 3071 3801 3168 3871; x_wconf 78' lang='grc' dir='ltr'>τῆς</span> <span class='ocrx_word' id='word_1_610' title='bbox 3214 3799 3548 3868; x_wconf 77' lang='grc' dir='ltr'>κενοφωνίας</span> <span class='ocrx_word' id='word_1_611' title='bbox 3591 3815 3864 3868; x_wconf 85' lang='grc' dir='ltr'>παρεντε-</span> 
     </span>
    </p>
   </div>
   <div class='ocr_carea' id='block_1_84' title="bbox 2277 3885 3862 3961">
    <p class='ocr_par' dir='ltr' id='par_1_84' title="bbox 2277 3885 3862 3961">
     <span class='ocr_line' id='line_1_84' title="bbox 2277 3885 3862 3961; baseline 0.001 -23"><span class='ocrx_word' id='word_1_612' title='bbox 2277 3885 2476 3940; x_wconf 88' lang='grc' dir='ltr'>θέντων</span> <span class='ocrx_word' id='word_1_613' title='bbox 2501 3929 2515 3952; x_wconf 93' lang='grc'><strong>,</strong></span> <span class='ocrx_word' id='word_1_614' title='bbox 2545 3889 2677 3942; x_wconf 85' lang='grc' dir='ltr'>ὅπου</span> <span class='ocrx_word' id='word_1_615' title='bbox 2711 3891 2880 3944; x_wconf 80' lang='grc' dir='ltr'>οἴεται</span> <span class='ocrx_word' id='word_1_616' title='bbox 2923 3891 3013 3945; x_wconf 85' lang='grc' dir='ltr'><strong>τὸν</strong></span> <span class='ocrx_word' id='word_1_617' title='bbox 3062 3892 3192 3946; x_wconf 82' lang='grc' dir='ltr'>Θεὸν</span> <span class='ocrx_word' id='word_1_618' title='bbox 3237 3895 3348 3955; x_wconf 84' lang='grc' dir='ltr'>τοῖς</span> <span class='ocrx_word' id='word_1_619' title='bbox 3393 3889 3862 3961; x_wconf 82' lang='grc' dir='ltr'>πρωτοπλάστοις,</span> 
     </span>
    </p>
   </div>
   <div class='ocr_carea' id='block_1_85' title="bbox 2275 3977 3866 4052">
    <p class='ocr_par' dir='ltr' id='par_1_85' title="bbox 2275 3977 3866 4052">
     <span class='ocr_line' id='line_1_85' title="bbox 2275 3977 3866 4052; baseline 0 -22"><span class='ocrx_word' id='word_1_620' title='bbox 2275 3977 2526 4050; x_wconf 85' lang='grc' dir='ltr'>καθάπερ</span> <span class='ocrx_word' id='word_1_621' title='bbox 2557 3979 2680 4033; x_wconf 81' lang='grc' dir='ltr'>τινὰ</span> <span class='ocrx_word' id='word_1_622' title='bbox 2727 3981 3068 4050; x_wconf 73' lang='grc' dir='ltr'>παιδαγωγὸν</span> <span class='ocrx_word' id='word_1_623' title='bbox 3106 3982 3137 4050; x_wconf 82' lang='grc' dir='ltr'><strong>ἥ</strong></span> <span class='ocrx_word' id='word_1_624' title='bbox 3169 3980 3588 4052; x_wconf 74' lang='grc' dir='ltr'>γραμματιστὴν</span> <span class='ocrx_word' id='word_1_625' title='bbox 3619 3978 3866 4046; x_wconf 81' lang='grc' dir='ltr'>προκαθ-</span> 
     </span>
    </p>
   </div>
   <div class='ocr_carea' id='block_1_86' title="bbox 2276 4067 3866 4141">
    <p class='ocr_par' dir='ltr' id='par_1_86' title="bbox 2276 4067 3866 4141">
     <span class='ocr_line' id='line_1_86' title="bbox 2276 4067 3866 4141; baseline 0.001 -23"><span class='ocrx_word' id='word_1_626' title='bbox 2276 4067 2474 4139; x_wconf 80' lang='grc' dir='ltr'>ήμενον</span> <span class='ocrx_word' id='word_1_627' title='bbox 2493 4111 2507 4132; x_wconf 94' lang='grc'><strong>,</strong></span> <span class='ocrx_word' id='word_1_628' title='bbox 2545 4071 2803 4141; x_wconf 76' lang='grc' dir='ltr'>ῥημάτιον</span> <span class='ocrx_word' id='word_1_629' title='bbox 2837 4089 2896 4123; x_wconf 91' lang='grc' dir='ltr'><strong>τε</strong></span> <span class='ocrx_word' id='word_1_630' title='bbox 2928 4072 3020 4124; x_wconf 77' lang='grc' dir='ltr'><strong>καὶ</strong></span> <span class='ocrx_word' id='word_1_631' title='bbox 3047 4072 3322 4140; x_wconf 80' lang='grc' dir='ltr'>ὀνομάτων</span> <span class='ocrx_word' id='word_1_632' title='bbox 3370 4071 3694 4140; x_wconf 80' lang='grc' dir='ltr'>ὑφηγεισθαι</span> <span class='ocrx_word' id='word_1_633' title='bbox 3715 4067 3866 4120; x_wconf 81' lang='grc' dir='ltr'>διδα-</span> 
     </span>
    </p>
   </div>
   <div class='ocr_carea' id='block_1_87' title="bbox 2279 4155 3864 4233">
    <p class='ocr_par' dir='ltr' id='par_1_87' title="bbox 2279 4155 3864 4233">
     <span class='ocr_line' id='line_1_87' title="bbox 2279 4155 3864 4233; baseline 0 -19"><span class='ocrx_word' id='word_1_634' title='bbox 2279 4161 2504 4214; x_wconf 80' lang='grc' dir='ltr'>σκαλίαν</span> <span class='ocrx_word' id='word_1_635' title='bbox 2532 4177 2545 4191; x_wconf 92' lang='grc'><strong>·</strong></span> <span class='ocrx_word' id='word_1_636' title='bbox 2564 4161 2621 4212; x_wconf 91' lang='grc' dir='ltr'><strong>ἐν</strong></span> <span class='ocrx_word' id='word_1_637' title='bbox 2647 4155 2727 4224; x_wconf 77' lang='grc' dir='ltr'>οἷς</span> <span class='ocrx_word' id='word_1_638' title='bbox 2757 4179 2942 4233; x_wconf 84' lang='grc' dir='ltr'>φησιν,</span> <span class='ocrx_word' id='word_1_639' title='bbox 2973 4163 3170 4225; x_wconf 82' lang='grc' dir='ltr'>αὑτοὺς</span> <span class='ocrx_word' id='word_1_640' title='bbox 3206 4163 3331 4225; x_wconf 75' lang='grc' dir='ltr'>τοὺς</span> <span class='ocrx_word' id='word_1_641' title='bbox 3357 4160 3604 4230; x_wconf 78' lang='grc' dir='ltr'>πρώτους</span> <span class='ocrx_word' id='word_1_642' title='bbox 3625 4161 3732 4214; x_wconf 82' lang='grc' dir='ltr'>ὑπὸ</span> <span class='ocrx_word' id='word_1_643' title='bbox 3765 4160 3864 4214; x_wconf 78' lang='grc' dir='ltr'><strong>τοῦ</strong></span> 
     </span>
    </p>
   </div>
   <div class='ocr_carea' id='block_1_88' title="bbox 2275 4253 3870 4326">
    <p class='ocr_par' dir='ltr' id='par_1_88' title="bbox 2275 4253 3870 4326">
     <span class='ocr_line' id='line_1_88' title="bbox 2275 4253 3870 4326; baseline 0 -19"><span class='ocrx_word' id='word_1_644' title='bbox 2275 4253 2410 4307; x_wconf 82' lang='grc' dir='ltr'><strong>Θεοῦ</strong></span> <span class='ocrx_word' id='word_1_645' title='bbox 2445 4253 2802 4318; x_wconf 77' lang='grc' dir='ltr'>πλασθέντας,</span> <span class='ocrx_word' id='word_1_646' title='bbox 2841 4253 2873 4325; x_wconf 85' lang='grc' dir='ltr'>ἢ</span> <span class='ocrx_word' id='word_1_647' title='bbox 2908 4255 3034 4317; x_wconf 80' lang='grc' dir='ltr'>τοὺς</span> <span class='ocrx_word' id='word_1_648' title='bbox 3075 4253 3351 4326; x_wconf 83' lang='grc' dir='ltr'>προσεχῶς</span> <span class='ocrx_word' id='word_1_649' title='bbox 3381 4253 3440 4318; x_wconf 84' lang='grc' dir='ltr'><strong>ἐξ</strong></span> <span class='ocrx_word' id='word_1_650' title='bbox 3473 4253 3698 4306; x_wconf 82' lang='grc' dir='ltr'>ἐκείνων</span> <span class='ocrx_word' id='word_1_651' title='bbox 3731 4253 3870 4323; x_wconf 73' lang='grc' dir='ltr'>φύν-</span> 
     </span>
    </p>
   </div>
   <div class='ocr_carea' id='block_1_89' title="bbox 2275 4345 3866 4420">
    <p class='ocr_par' dir='ltr' id='par_1_89' title="bbox 2275 4345 3866 4420">
     <span class='ocr_line' id='line_1_89' title="bbox 2275 4345 3866 4420; baseline 0 -20"><span class='ocrx_word' id='word_1_652' title='bbox 2275 4365 2391 4412; x_wconf 87' lang='grc' dir='ltr'>τας,</span> <span class='ocrx_word' id='word_1_653' title='bbox 2421 4350 2468 4401; x_wconf 84' lang='grc' dir='ltr'><strong>εί</strong></span> <span class='ocrx_word' id='word_1_654' title='bbox 2509 4348 2586 4420; x_wconf 84' lang='grc' dir='ltr'>μὴ</span> <span class='ocrx_word' id='word_1_655' title='bbox 2627 4347 2984 4418; x_wconf 78' lang='grc' dir='ltr'>ἐδιδάχθησαν</span> <span class='ocrx_word' id='word_1_656' title='bbox 3018 4349 3091 4411; x_wconf 83' lang='grc' dir='ltr'>ὡς</span> <span class='ocrx_word' id='word_1_657' title='bbox 3127 4348 3330 4400; x_wconf 79' lang='grc' dir='ltr'>ἕκαστα</span> <span class='ocrx_word' id='word_1_658' title='bbox 3371 4345 3480 4398; x_wconf 80' lang='grc' dir='ltr'>τῶν</span> <span class='ocrx_word' id='word_1_659' title='bbox 3515 4347 3866 4416; x_wconf 82' lang='grc' dir='ltr'>πραγμάτων</span> 
     </span>
    </p>
   </div>
   <div class='ocr_carea' id='block_1_90' title="bbox 2275 4437 3866 4510">
    <p class='ocr_par' dir='ltr' id='par_1_90' title="bbox 2275 4437 3866 4510">
     <span class='ocr_line' id='line_1_90' title="bbox 2275 4437 3866 4510; baseline -0.003 -18"><span class='ocrx_word' id='word_1_660' title='bbox 2275 4439 2490 4508; x_wconf 88' lang='grc' dir='ltr'>λέγεταί</span> <span class='ocrx_word' id='word_1_661' title='bbox 2518 4457 2576 4493; x_wconf 90' lang='grc' dir='ltr'><strong>τε</strong></span> <span class='ocrx_word' id='word_1_662' title='bbox 2615 4440 2708 4493; x_wconf 72' lang='grc' dir='ltr'><strong>καὶ</strong></span> <span class='ocrx_word' id='word_1_663' title='bbox 2731 4439 3074 4510; x_wconf 76' lang='grc' dir='ltr'>ὀνομάζεται,</span> <span class='ocrx_word' id='word_1_664' title='bbox 3097 4439 3308 4508; x_wconf 77' lang='grc' dir='ltr'>ἀφωνία</span> <span class='ocrx_word' id='word_1_665' title='bbox 3337 4438 3432 4490; x_wconf 71' lang='grc' dir='ltr'><strong>καὶ</strong></span> <span class='ocrx_word' id='word_1_666' title='bbox 3457 4437 3646 4506; x_wconf 76' lang='grc' dir='ltr'>ἀλογία</span> <span class='ocrx_word' id='word_1_667' title='bbox 3667 4439 3866 4508; x_wconf 76' lang='grc' dir='ltr'>συξῇν,</span> 
     </span>
    </p>
   </div>
   <div class='ocr_carea' id='block_1_91' title="bbox 598 4526 2170 4600">
    <p class='ocr_par' dir='ltr' id='par_1_91' title="bbox 598 4529 2170 4600">
     <span class='ocr_line' id='line_1_91' title="bbox 598 4529 2170 4600; baseline 0.006 -23"><span class='ocrx_word' id='word_1_668' title='bbox 598 4545 827 4600; x_wconf 56' lang='lat' dir='ltr'><strong>quisque</strong></span> <span class='ocrx_word' id='word_1_669' title='bbox 847 4529 1108 4583; x_wconf 86' lang='lat' dir='ltr'><strong>dicuntur</strong></span> <span class='ocrx_word' id='word_1_670' title='bbox 1136 4535 1190 4584; x_wconf 92' lang='lat' dir='ltr'><strong>et</strong></span> <span class='ocrx_word' id='word_1_671' title='bbox 1215 4529 1591 4598; x_wconf 81' lang='lat' dir='ltr'><strong>nominantur,</strong></span> <span class='ocrx_word' id='word_1_672' title='bbox 1623 4540 1802 4586; x_wconf 90' lang='lat' dir='ltr'><strong>mutos</strong></span> <span class='ocrx_word' id='word_1_673' title='bbox 1823 4539 1877 4586; x_wconf 91' lang='lat' dir='ltr'><strong>et</strong></span> <span class='ocrx_word' id='word_1_674' title='bbox 1906 4532 2170 4596; x_wconf 88' lang='lat' dir='ltr'><strong>orationis</strong></span> 
     </span>
    </p>
   </div>
   <div class='ocr_carea' id='block_1_92' title="bbox 2273 4526 3866 4600">
    <p class='ocr_par' dir='ltr' id='par_1_92' title="bbox 2279 4526 3866 4600">
     <span class='ocr_line' id='line_1_92' title="bbox 2279 4526 3866 4600; baseline -0.003 -18"><span class='ocrx_word' id='word_1_675' title='bbox 2279 4531 2372 4582; x_wconf 73' lang='grc' dir='ltr'><strong>καὶ</strong></span> <span class='ocrx_word' id='word_1_676' title='bbox 2415 4530 2567 4584; x_wconf 83' lang='grc' dir='ltr'>οὐδὲν</span> <span class='ocrx_word' id='word_1_677' title='bbox 2607 4529 2704 4592; x_wconf 85' lang='grc' dir='ltr'>ἂν,</span> <span class='ocrx_word' id='word_1_678' title='bbox 2742 4532 2937 4600; x_wconf 75' lang='grc' dir='ltr'>φησὶν,</span> <span class='ocrx_word' id='word_1_679' title='bbox 2973 4529 3079 4582; x_wconf 87' lang='grc' dir='ltr'><strong>τῶν</strong></span> <span class='ocrx_word' id='word_1_680' title='bbox 3101 4529 3379 4598; x_wconf 82' lang='grc' dir='ltr'>βιωφελῶν</span> <span class='ocrx_word' id='word_1_681' title='bbox 3427 4526 3866 4598; x_wconf 79' lang='grc' dir='ltr'>κατεπράξαντο,</span> 
     </span>
    </p>
   </div>
   <div class='ocr_carea' id='block_1_93' title="bbox 598 4619 2176 4692">
    <p class='ocr_par' dir='ltr' id='par_1_93' title="bbox 598 4619 2176 4692">
     <span class='ocr_line' id='line_1_93' title="bbox 598 4619 2176 4692; baseline 0.001 -18"><span class='ocrx_word' id='word_1_682' title='bbox 598 4630 852 4690; x_wconf 81' lang='lat' dir='ltr'><strong>expertes</strong></span> <span class='ocrx_word' id='word_1_683' title='bbox 882 4620 1128 4676; x_wconf 85' lang='lat' dir='ltr'><strong>victuros</strong></span> <span class='ocrx_word' id='word_1_684' title='bbox 1175 4619 1381 4686; x_wconf 84' lang='lat' dir='ltr'><strong>fuisse;</strong></span> <span class='ocrx_word' id='word_1_685' title='bbox 1411 4620 1658 4690; x_wconf 88' lang='lat' dir='ltr'><strong>nihilque</strong></span> <span class='ocrx_word' id='word_1_686' title='bbox 1689 4621 1765 4674; x_wconf 89' lang='lat' dir='ltr'><strong>ait</strong></span> <span class='ocrx_word' id='word_1_687' title='bbox 1811 4637 2000 4675; x_wconf 88' lang='lat' dir='ltr'><strong>eorum</strong></span> <span class='ocrx_word' id='word_1_688' title='bbox 2053 4637 2176 4692; x_wconf 71' lang='lat' dir='ltr'><strong>qua:</strong></span> 
     </span>
    </p>
   </div>
   <div class='ocr_carea' id='block_1_94' title="bbox 597 4693 2176 4786">
    <p class='ocr_par' dir='ltr' id='par_1_94' title="bbox 597 4693 2176 4786">
     <span class='ocr_line' id='line_1_94' title="bbox 597 4693 2176 4786; baseline 0.003 -21"><span class='ocrx_word' id='word_1_689' title='bbox 597 4712 726 4774; x_wconf 82' lang='lat' dir='ltr'><strong>vitae</strong></span> <span class='ocrx_word' id='word_1_690' title='bbox 761 4711 1016 4770; x_wconf 66' lang='lat' dir='ltr'><strong>humanae</strong></span> <span class='ocrx_word' id='word_1_691' title='bbox 1071 4718 1200 4766; x_wconf 89' lang='lat' dir='ltr'><strong>sunt</strong></span> <span class='ocrx_word' id='word_1_692' title='bbox 1232 4711 1387 4780; x_wconf 76' lang='lat' dir='ltr'><strong>utilia</strong></span> <span class='ocrx_word' id='word_1_693' title='bbox 1423 4727 1686 4784; x_wconf 79' lang='lat' dir='ltr'><strong>peragere</strong></span> <span class='ocrx_word' id='word_1_694' title='bbox 1735 4713 2006 4781; x_wconf 89' lang='lat' dir='ltr'><strong>potuisse,</strong></span> <span class='ocrx_word' id='word_1_695' title='bbox 2045 4693 2176 4786; x_wconf 78' lang='lat' dir='ltr'><strong>quia</strong></span> 
     </span>
    </p>
   </div>
   <div class='ocr_carea' id='block_1_95' title="bbox 597 4801 2173 4873">
    <p class='ocr_par' dir='ltr' id='par_1_95' title="bbox 597 4801 2173 4873">
     <span class='ocr_line' id='line_1_95' title="bbox 597 4801 2173 4873; baseline 0.001 -13"><span class='ocrx_word' id='word_1_696' title='bbox 597 4803 880 4873; x_wconf 78' lang='lat' dir='ltr'><strong>incognita</strong></span> <span class='ocrx_word' id='word_1_697' title='bbox 937 4801 1139 4872; x_wconf 35' lang='lat' dir='ltr'><strong>fuisset.</strong></span> <span class='ocrx_word' id='word_1_698' title='bbox 1187 4804 1462 4873; x_wconf 83' lang='lat' dir='ltr'><strong>cujusque</strong></span> <span class='ocrx_word' id='word_1_699' title='bbox 1510 4811 1564 4858; x_wconf 91' lang='lat' dir='ltr'><strong>et</strong></span> <span class='ocrx_word' id='word_1_700' title='bbox 1619 4805 1828 4859; x_wconf 87' lang='lat' dir='ltr'><strong>incerta</strong></span> <span class='ocrx_word' id='word_1_701' title='bbox 1877 4807 2173 4872; x_wconf 89' lang='lat' dir='ltr'><strong>sententia,</strong></span> 
     </span>
    </p>
   </div>
   <div class='ocr_carea' id='block_1_96' title="bbox 599 4894 2174 4970">
    <p class='ocr_par' dir='ltr' id='par_1_96' title="bbox 599 4894 2174 4970">
     <span class='ocr_line' id='line_1_96' title="bbox 599 4894 2174 4970; baseline 0.003 -20"><span class='ocrx_word' id='word_1_702' title='bbox 599 4896 831 4964; x_wconf 81' lang='lat' dir='ltr'><strong>penuria</strong></span> <span class='ocrx_word' id='word_1_703' title='bbox 865 4894 1323 4966; x_wconf 76' lang='lat' dir='ltr'><strong>significantium,</strong></span> <span class='ocrx_word' id='word_1_704' title='bbox 1357 4911 1550 4965; x_wconf 83' lang='lat' dir='ltr'><strong>nempe</strong></span> <span class='ocrx_word' id='word_1_705' title='bbox 1577 4897 1880 4970; x_wconf 30' lang='lat' dir='ltr'><strong>verborum.</strong></span> <span class='ocrx_word' id='word_1_706' title='bbox 1900 4907 1954 4953; x_wconf 90' lang='lat' dir='ltr'><strong>et</strong></span> <span class='ocrx_word' id='word_1_707' title='bbox 1993 4901 2174 4954; x_wconf 90' lang='lat' dir='ltr'><strong>nomi-</strong></span> 
     </span>
    </p>
   </div>
   <div class='ocr_carea' id='block_1_97' title="bbox 597 4984 2170 5058">
    <p class='ocr_par' dir='ltr' id='par_1_97' title="bbox 597 4984 2170 5058">
     <span class='ocr_line' id='line_1_97' title="bbox 597 4984 2170 5058; baseline 0.003 -18"><span class='ocrx_word' id='word_1_708' title='bbox 597 5001 753 5047; x_wconf 87' lang='lat' dir='ltr'><strong>num.</strong></span> <span class='ocrx_word' id='word_1_709' title='bbox 787 4984 962 5040; x_wconf 89' lang='lat' dir='ltr'><strong>Tanta</strong></span> <span class='ocrx_word' id='word_1_710' title='bbox 995 4994 1078 5041; x_wconf 90' lang='lat' dir='ltr'><strong>est</strong></span> <span class='ocrx_word' id='word_1_711' title='bbox 1100 4985 1267 5055; x_wconf 90' lang='lat' dir='ltr'><strong>hujus</strong></span> <span class='ocrx_word' id='word_1_712' title='bbox 1291 4987 1582 5058; x_wconf 90' lang='lat' dir='ltr'><strong>scriptoris</strong></span> <span class='ocrx_word' id='word_1_713' title='bbox 1605 4989 1864 5052; x_wconf 88' lang='lat' dir='ltr'><strong>amentia,</strong></span> <span class='ocrx_word' id='word_1_714' title='bbox 1900 5001 1959 5044; x_wconf 92' lang='lat' dir='ltr'><strong>ut</strong></span> <span class='ocrx_word' id='word_1_715' title='bbox 1985 5007 2092 5044; x_wconf 89' lang='lat' dir='ltr'><strong>non</strong></span> <span class='ocrx_word' id='word_1_716' title='bbox 2122 4993 2170 5045; x_wconf 89' lang='lat' dir='ltr'><strong>ei</strong></span> 
     </span>
    </p>
   </div>
   <div class='ocr_carea' id='block_1_98' title="bbox 599 5077 2174 5148">
    <p class='ocr_par' dir='ltr' id='par_1_98' title="bbox 599 5077 2174 5148">
     <span class='ocr_line' id='line_1_98' title="bbox 599 5077 2174 5148; baseline 0.003 -17"><span class='ocrx_word' id='word_1_717' title='bbox 599 5077 742 5134; x_wconf 83' lang='lat' dir='ltr'><strong>satis.</strong></span> <span class='ocrx_word' id='word_1_718' title='bbox 775 5077 846 5132; x_wconf 89' lang='lat' dir='ltr'><strong>sit</strong></span> <span class='ocrx_word' id='word_1_719' title='bbox 875 5077 1197 5144; x_wconf 72' lang='lat' dir='ltr'><strong>existimare</strong></span> <span class='ocrx_word' id='word_1_720' title='bbox 1241 5087 1451 5132; x_wconf 73' lang='lat' dir='ltr'><strong>natura:</strong></span> <span class='ocrx_word' id='word_1_721' title='bbox 1487 5078 1716 5132; x_wconf 88' lang='lat' dir='ltr'><strong>inditam</strong></span> <span class='ocrx_word' id='word_1_722' title='bbox 1747 5096 1780 5148; x_wconf 68' lang='grc' dir='ltr'><strong>α</strong></span> <span class='ocrx_word' id='word_1_723' title='bbox 1809 5081 1918 5136; x_wconf 88' lang='lat' dir='ltr'><strong>Deo</strong></span> <span class='ocrx_word' id='word_1_724' title='bbox 1949 5083 2174 5136; x_wconf 86' lang='lat' dir='ltr'><strong>faculta-</strong></span> 
     </span>
    </p>
   </div>
   <div class='ocr_carea' id='block_1_99' title="bbox 597 5167 2170 5238">
    <p class='ocr_par' dir='ltr' id='par_1_99' title="bbox 597 5167 2170 5238">
     <span class='ocr_line' id='line_1_99' title="bbox 597 5167 2170 5238; baseline 0.003 -15"><span class='ocrx_word' id='word_1_725' title='bbox 597 5177 706 5230; x_wconf 81' lang='lat' dir='ltr'><strong>tem</strong></span> <span class='ocrx_word' id='word_1_726' title='bbox 743 5167 810 5221; x_wconf 87' lang='lat' dir='ltr'><strong>ad</strong></span> <span class='ocrx_word' id='word_1_727' title='bbox 865 5182 1082 5221; x_wconf 88' lang='lat' dir='ltr'><strong>omnem</strong></span> <span class='ocrx_word' id='word_1_728' title='bbox 1135 5168 1456 5234; x_wconf 84' lang='lat' dir='ltr'><strong>methedum</strong></span> <span class='ocrx_word' id='word_1_729' title='bbox 1513 5171 1798 5238; x_wconf 76' lang='lat' dir='ltr'><strong>rationalis</strong></span> <span class='ocrx_word' id='word_1_730' title='bbox 1837 5174 2170 5238; x_wconf 84' lang='lat' dir='ltr'><strong>f&#39;unctionis;</strong></span> 
     </span>
    </p>
   </div>
   <div class='ocr_carea' id='block_1_100' title="bbox 598 5259 2171 5334">
    <p class='ocr_par' dir='ltr' id='par_1_100' title="bbox 598 5259 2171 5334">
     <span class='ocr_line' id='line_1_100' title="bbox 598 5259 2171 5334; baseline 0.002 -17"><span class='ocrx_word' id='word_1_731' title='bbox 598 5261 694 5317; x_wconf 82' lang='lat' dir='ltr'><strong>sed</strong></span> <span class='ocrx_word' id='word_1_732' title='bbox 730 5261 836 5314; x_wconf 84' lang='lat' dir='ltr'><strong>nisi</strong></span> <span class='ocrx_word' id='word_1_733' title='bbox 874 5259 1096 5329; x_wconf 80' lang='lat' dir='ltr'><strong>singula</strong></span> <span class='ocrx_word' id='word_1_734' title='bbox 1129 5259 1447 5328; x_wconf 64' lang='lat' dir='ltr'><strong>didicisset,</strong></span> <span class='ocrx_word' id='word_1_735' title='bbox 1481 5269 1742 5332; x_wconf 80' lang='lat' dir='ltr'><strong>tanquam</strong></span> <span class='ocrx_word' id='word_1_736' title='bbox 1785 5265 1879 5334; x_wconf 88' lang='lat' dir='ltr'><strong>qui</strong></span> <span class='ocrx_word' id='word_1_737' title='bbox 1911 5263 2171 5320; x_wconf 72' lang='lat' dir='ltr'><strong>Hebraeo-</strong></span> 
     </span>
    </p>
   </div>
   <div class='ocr_carea' id='block_1_101' title="bbox 597 5349 2168 5422">
    <p class='ocr_par' dir='ltr' id='par_1_101' title="bbox 597 5349 2168 5422">
     <span class='ocr_line' id='line_1_101' title="bbox 597 5349 2168 5422; baseline 0.002 -14"><span class='ocrx_word' id='word_1_738' title='bbox 597 5367 720 5409; x_wconf 87' lang='lat' dir='ltr'><strong>rum</strong></span> <span class='ocrx_word' id='word_1_739' title='bbox 739 5351 826 5407; x_wconf 86' lang='lat' dir='ltr'><strong>vel</strong></span> <span class='ocrx_word' id='word_1_740' title='bbox 847 5349 1224 5406; x_wconf 79' lang='lat' dir='ltr'><strong>Romanorum</strong></span> <span class='ocrx_word' id='word_1_741' title='bbox 1247 5353 1486 5422; x_wconf 75' lang='lat' dir='ltr'><strong>linguam</strong></span> <span class='ocrx_word' id='word_1_742' title='bbox 1509 5355 1578 5408; x_wconf 90' lang='lat' dir='ltr'><strong>ad</strong></span> <span class='ocrx_word' id='word_1_743' title='bbox 1598 5356 1826 5409; x_wconf 90' lang='lat' dir='ltr'><strong>verbum</strong></span> <span class='ocrx_word' id='word_1_744' title='bbox 1843 5355 2168 5422; x_wconf 62' lang='lat' dir='ltr'><strong>doceantur,</strong></span> 
     </span>
    </p>
   </div>
   <div class='ocr_carea' id='block_1_102' title="bbox 597 5440 2174 5518">
    <p class='ocr_par' dir='ltr' id='par_1_102' title="bbox 597 5440 2174 5518">
     <span class='ocr_line' id='line_1_102' title="bbox 597 5440 2174 5518; baseline 0.003 -20"><span class='ocrx_word' id='word_1_745' title='bbox 597 5457 691 5499; x_wconf 80' lang='lat' dir='ltr'><strong>res</strong></span> <span class='ocrx_word' id='word_1_746' title='bbox 721 5443 873 5518; x_wconf 85' lang='lat' dir='ltr'><strong>ipsas</strong></span> <span class='ocrx_word' id='word_1_747' title='bbox 911 5440 1044 5511; x_wconf 89' lang='lat' dir='ltr'><strong>quid</strong></span> <span class='ocrx_word' id='word_1_748' title='bbox 1071 5448 1201 5496; x_wconf 91' lang='lat' dir='ltr'><strong>sunt</strong></span> <span class='ocrx_word' id='word_1_749' title='bbox 1237 5441 1512 5511; x_wconf 80' lang='lat' dir='ltr'><strong>ignorare,</strong></span> <span class='ocrx_word' id='word_1_750' title='bbox 1541 5458 1721 5512; x_wconf 87' lang='lat' dir='ltr'><strong>neque</strong></span> <span class='ocrx_word' id='word_1_751' title='bbox 1762 5444 1964 5516; x_wconf 77' lang='lat' dir='ltr'><strong>ignem,</strong></span> <span class='ocrx_word' id='word_1_752' title='bbox 1995 5462 2174 5517; x_wconf 90' lang='lat' dir='ltr'><strong>neque</strong></span> 
     </span>
    </p>
   </div>
   <div class='ocr_carea' id='block_1_103' title="bbox 597 5532 2170 5604">
    <p class='ocr_par' dir='ltr' id='par_1_103' title="bbox 597 5532 2170 5604">
     <span class='ocr_line' id='line_1_103' title="bbox 597 5532 2170 5604; baseline 0.007 -21"><span class='ocrx_word' id='word_1_753' title='bbox 597 5543 824 5602; x_wconf 61' lang='lat' dir='ltr'><strong>aquam,</strong></span> <span class='ocrx_word' id='word_1_754' title='bbox 863 5543 1044 5597; x_wconf 84' lang='lat' dir='ltr'><strong>neque</strong></span> <span class='ocrx_word' id='word_1_755' title='bbox 1091 5543 1298 5592; x_wconf 86' lang='lat' dir='ltr'><strong>aerem,</strong></span> <span class='ocrx_word' id='word_1_756' title='bbox 1363 5545 1539 5600; x_wconf 90' lang='lat' dir='ltr'><strong>neque</strong></span> <span class='ocrx_word' id='word_1_757' title='bbox 1575 5532 1786 5603; x_wconf 89' lang='lat' dir='ltr'><strong>reliqua</strong></span> <span class='ocrx_word' id='word_1_758' title='bbox 1847 5551 1969 5604; x_wconf 65' lang='lat' dir='ltr'><strong>quae</strong></span> <span class='ocrx_word' id='word_1_759' title='bbox 2022 5547 2170 5604; x_wconf 82' lang='lat' dir='ltr'><strong>sunt,</strong></span> 
     </span>
    </p>
   </div>
   <div class='ocr_carea' id='block_1_104' title="bbox 601 5623 2176 5696">
    <p class='ocr_par' dir='ltr' id='par_1_104' title="bbox 601 5623 2176 5696">
     <span class='ocr_line' id='line_1_104' title="bbox 601 5623 2176 5696; baseline 0.006 -16"><span class='ocrx_word' id='word_1_760' title='bbox 601 5631 1024 5696; x_wconf 73' lang='lat' dir='ltr'><strong>cognoscentes,</strong></span> <span class='ocrx_word' id='word_1_761' title='bbox 1073 5623 1180 5678; x_wconf 89' lang='lat' dir='ltr'><strong>nisi</strong></span> <span class='ocrx_word' id='word_1_762' title='bbox 1220 5639 1318 5694; x_wconf 88' lang='lat' dir='ltr'><strong>per</strong></span> <span class='ocrx_word' id='word_1_763' title='bbox 1361 5624 1614 5694; x_wconf 87' lang='lat' dir='ltr'><strong>imposita</strong></span> <span class='ocrx_word' id='word_1_764' title='bbox 1663 5627 1800 5696; x_wconf 90' lang='lat' dir='ltr'><strong>ipsis</strong></span> <span class='ocrx_word' id='word_1_765' title='bbox 1835 5633 2058 5686; x_wconf 87' lang='lat' dir='ltr'><strong>nomina</strong></span> <span class='ocrx_word' id='word_1_766' title='bbox 2106 5634 2176 5690; x_wconf 87' lang='lat' dir='ltr'><strong>de</strong></span> 
     </span>
    </p>
   </div>
   <div class='ocr_carea' id='block_1_105' title="bbox 675 5805 1712 5882">
    <p class='ocr_par' dir='ltr' id='par_1_105' title="bbox 675 5805 1712 5882">
     <span class='ocr_line' id='line_1_105' title="bbox 675 5805 1712 5882; baseline 0.003 -20"><span class='ocrx_word' id='word_1_767' title='bbox 675 5807 724 5842; x_wconf 78' lang='lat'>&quot;</span> <span class='ocrx_word' id='word_1_768' title='bbox 766 5807 958 5878; x_wconf 57' lang='lat' dir='ltr'><strong>Matth.</strong></span> <span class='ocrx_word' id='word_1_769' title='bbox 989 5823 1126 5878; x_wconf 63' lang='lat' dir='ltr'><strong>nn,</strong></span> <span class='ocrx_word' id='word_1_770' title='bbox 1156 5805 1256 5882; x_wconf 41' lang='grc' dir='ltr'>ιρις</span> <span class='ocrx_word' id='word_1_771' title='bbox 1281 5807 1428 5866; x_wconf 81' lang='lat' dir='ltr'><strong>Psal.</strong></span> <span class='ocrx_word' id='word_1_772' title='bbox 1485 5825 1594 5866; x_wconf 71' lang='grc' dir='ltr'>(ιιι.</span> <span class='ocrx_word' id='word_1_773' title='bbox 1655 5811 1712 5882; x_wconf 57' lang='grc'><strong>1,.</strong></span> 
     </span>
    </p>
   </div>
   <div class='ocr_carea' id='block_1_106' title="bbox 2275 4617 3872 4692">
    <p class='ocr_par' dir='ltr' id='par_1_106' title="bbox 2275 4617 3872 4692">
     <span class='ocr_line' id='line_1_106' title="bbox 2275 4617 3872 4692; baseline -0.002 -17"><span class='ocrx_word' id='word_1_774' title='bbox 2275 4621 2471 4692; x_wconf 83' lang='grc' dir='ltr'>ἀδήλου</span> <span class='ocrx_word' id='word_1_775' title='bbox 2507 4621 2734 4674; x_wconf 80' lang='grc' dir='ltr'>ἑκάστου</span> <span class='ocrx_word' id='word_1_776' title='bbox 2757 4620 2992 4684; x_wconf 84' lang='grc' dir='ltr'>διανοίας</span> <span class='ocrx_word' id='word_1_777' title='bbox 3021 4620 3370 4691; x_wconf 81' lang='grc' dir='ltr'>ὑπαρχούσης</span> <span class='ocrx_word' id='word_1_778' title='bbox 3397 4619 3461 4672; x_wconf 81' lang='grc' dir='ltr'>δι’</span> <span class='ocrx_word' id='word_1_779' title='bbox 3490 4619 3722 4690; x_wconf 87' lang='grc' dir='ltr'>ἀπορίαν</span> <span class='ocrx_word' id='word_1_780' title='bbox 3753 4617 3872 4672; x_wconf 85' lang='grc' dir='ltr'>τῶν</span> 
     </span>
    </p>
   </div>
   <div class='ocr_carea' id='block_1_107' title="bbox 2279 4709 3866 4783">
    <p class='ocr_par' dir='ltr' id='par_1_107' title="bbox 2279 4709 3866 4783">
     <span class='ocr_line' id='line_1_107' title="bbox 2279 4709 3866 4783; baseline -0.001 -17"><span class='ocrx_word' id='word_1_781' title='bbox 2279 4713 2668 4782; x_wconf 81' lang='grc' dir='ltr'>σημαινόντων,</span> <span class='ocrx_word' id='word_1_782' title='bbox 2701 4713 2960 4782; x_wconf 74' lang='grc' dir='ltr'>ῥημάτων</span> <span class='ocrx_word' id='word_1_783' title='bbox 3009 4711 3208 4783; x_wconf 82' lang='grc' dir='ltr'>δηλαδὴ</span> <span class='ocrx_word' id='word_1_784' title='bbox 3242 4711 3335 4764; x_wconf 74' lang='grc' dir='ltr'><strong>καὶ</strong></span> <span class='ocrx_word' id='word_1_785' title='bbox 3367 4709 3663 4780; x_wconf 87' lang='grc' dir='ltr'>ὀνομάτων.</span> <span class='ocrx_word' id='word_1_786' title='bbox 3717 4711 3866 4764; x_wconf 70' lang='grc' dir='ltr'>Τοσι-</span> 
     </span>
    </p>
   </div>
   <div class='ocr_carea' id='block_1_108' title="bbox 2277 4801 3866 4875">
    <p class='ocr_par' dir='ltr' id='par_1_108' title="bbox 2277 4801 3866 4875">
     <span class='ocr_line' id='line_1_108' title="bbox 2277 4801 3866 4875; baseline -0.001 -19"><span class='ocrx_word' id='word_1_787' title='bbox 2277 4803 2416 4872; x_wconf 84' lang='grc' dir='ltr'>αύτη</span> <span class='ocrx_word' id='word_1_788' title='bbox 2461 4804 2854 4875; x_wconf 76' lang='grc' dir='ltr'>παραφροσύνη</span> <span class='ocrx_word' id='word_1_789' title='bbox 2879 4805 2970 4858; x_wconf 80' lang='grc' dir='ltr'>τοῦ</span> <span class='ocrx_word' id='word_1_790' title='bbox 2997 4803 3336 4874; x_wconf 82' lang='grc' dir='ltr'>λογογράφου</span> <span class='ocrx_word' id='word_1_791' title='bbox 3357 4843 3371 4868; x_wconf 91' lang='grc'><strong>,</strong></span> <span class='ocrx_word' id='word_1_792' title='bbox 3395 4803 3470 4865; x_wconf 86' lang='grc' dir='ltr'>ὡς</span> <span class='ocrx_word' id='word_1_793' title='bbox 3505 4801 3579 4872; x_wconf 84' lang='grc' dir='ltr'>μὴ</span> <span class='ocrx_word' id='word_1_794' title='bbox 3606 4801 3866 4872; x_wconf 80' lang='grc' dir='ltr'>ἐξαρκεῖν</span> 
     </span>
    </p>
   </div>
   <div class='ocr_carea' id='block_1_109' title="bbox 2280 4893 3858 4967">
    <p class='ocr_par' dir='ltr' id='par_1_109' title="bbox 2280 4893 3858 4967">
     <span class='ocr_line' id='line_1_109' title="bbox 2280 4893 3858 4967; baseline 0 -21"><span class='ocrx_word' id='word_1_795' title='bbox 2280 4895 2528 4964; x_wconf 77' lang='grc' dir='ltr'>ἡγεῖσθαι</span> <span class='ocrx_word' id='word_1_796' title='bbox 2577 4895 2672 4966; x_wconf 80' lang='grc' dir='ltr'><strong>τὴν</strong></span> <span class='ocrx_word' id='word_1_797' title='bbox 2735 4897 3039 4948; x_wconf 86' lang='grc' dir='ltr'>ἑντεθεῖσαν</span> <span class='ocrx_word' id='word_1_798' title='bbox 3087 4898 3154 4967; x_wconf 83' lang='grc' dir='ltr'>τῇ</span> <span class='ocrx_word' id='word_1_799' title='bbox 3195 4895 3354 4963; x_wconf 86' lang='grc' dir='ltr'>φύσει</span> <span class='ocrx_word' id='word_1_800' title='bbox 3401 4894 3550 4964; x_wconf 84' lang='grc' dir='ltr'>παρά</span> <span class='ocrx_word' id='word_1_801' title='bbox 3595 4893 3689 4946; x_wconf 81' lang='grc' dir='ltr'>τοῦ</span> <span class='ocrx_word' id='word_1_802' title='bbox 3721 4893 3858 4952; x_wconf 77' lang='grc' dir='ltr'>Θεοῑ</span> 
     </span>
    </p>
   </div>
   <div class='ocr_carea' id='block_1_110' title="bbox 2276 4977 3850 5064">
    <p class='ocr_par' dir='ltr' id='par_1_110' title="bbox 2276 4977 3850 5064">
     <span class='ocr_line' id='line_1_110' title="bbox 2276 4977 3850 5064; baseline -0.003 -23"><span class='ocrx_word' id='word_1_803' title='bbox 2276 4989 2505 5059; x_wconf 87' lang='grc' dir='ltr'>δύναμιν</span> <span class='ocrx_word' id='word_1_804' title='bbox 2529 4989 2663 5064; x_wconf 73' lang='grc' dir='ltr'>πρὸς</span> <span class='ocrx_word' id='word_1_805' title='bbox 2692 4990 2871 5058; x_wconf 76' lang='grc' dir='ltr'>πᾶσαν</span> <span class='ocrx_word' id='word_1_806' title='bbox 2903 4977 3148 5059; x_wconf 89' lang='grc' dir='ltr'>μέθοδον</span> <span class='ocrx_word' id='word_1_807' title='bbox 3171 4987 3390 5056; x_wconf 81' lang='grc' dir='ltr'>λογικῆς</span> <span class='ocrx_word' id='word_1_808' title='bbox 3419 4985 3717 5055; x_wconf 78' lang='grc' dir='ltr'>ἐνεργείας,</span> <span class='ocrx_word' id='word_1_809' title='bbox 3741 4985 3850 5038; x_wconf 64' lang='lat' dir='ltr'><strong>an:</strong></span> 
     </span>
    </p>
   </div>
   <div class='ocr_carea' id='block_1_111' title="bbox 2273 5075 3863 5152">
    <p class='ocr_par' dir='ltr' id='par_1_111' title="bbox 2273 5075 3863 5152">
     <span class='ocr_line' id='line_1_111' title="bbox 2273 5075 3863 5152; baseline -0.007 -16"><span class='ocrx_word' id='word_1_810' title='bbox 2273 5084 2321 5136; x_wconf 87' lang='grc' dir='ltr'>εἰ</span> <span class='ocrx_word' id='word_1_811' title='bbox 2377 5083 2452 5152; x_wconf 86' lang='grc' dir='ltr'>μὴ</span> <span class='ocrx_word' id='word_1_812' title='bbox 2481 5082 2548 5134; x_wconf 80' lang='grc' dir='ltr'><strong>τά</strong></span> <span class='ocrx_word' id='word_1_813' title='bbox 2583 5081 2703 5132; x_wconf 83' lang='grc' dir='ltr'>καθ’</span> <span class='ocrx_word' id='word_1_814' title='bbox 2729 5082 2956 5132; x_wconf 76' lang='grc' dir='ltr'>ἕκαστον</span> <span class='ocrx_word' id='word_1_815' title='bbox 3001 5078 3181 5150; x_wconf 86' lang='grc' dir='ltr'>μάθοι,</span> <span class='ocrx_word' id='word_1_816' title='bbox 3217 5077 3464 5148; x_wconf 88' lang='grc' dir='ltr'>καθάπερ</span> <span class='ocrx_word' id='word_1_817' title='bbox 3500 5077 3548 5128; x_wconf 90' lang='grc' dir='ltr'>οἱ</span> <span class='ocrx_word' id='word_1_818' title='bbox 3599 5077 3698 5146; x_wconf 78' lang='grc' dir='ltr'><strong>τὴν</strong></span> <span class='ocrx_word' id='word_1_819' title='bbox 3747 5075 3863 5129; x_wconf 77' lang='grc' dir='ltr'>τῶν</span> 
     </span>
    </p>
   </div>
   <div class='ocr_carea' id='block_1_112' title="bbox 2284 5167 3868 5246">
    <p class='ocr_par' dir='ltr' id='par_1_112' title="bbox 2284 5167 3868 5246">
     <span class='ocr_line' id='line_1_112' title="bbox 2284 5167 3868 5246; baseline -0.005 -18"><span class='ocrx_word' id='word_1_820' title='bbox 2284 5174 2549 5246; x_wconf 75' lang='grc' dir='ltr'>Ἐϐραίων</span> <span class='ocrx_word' id='word_1_821' title='bbox 2578 5167 2610 5243; x_wconf 77' lang='grc' dir='ltr'><strong>ἥ</strong></span> <span class='ocrx_word' id='word_1_822' title='bbox 2634 5173 2742 5224; x_wconf 81' lang='grc' dir='ltr'>τῶν</span> <span class='ocrx_word' id='word_1_823' title='bbox 2769 5173 3051 5242; x_wconf 87' lang='grc' dir='ltr'>Ῥωμαίων</span> <span class='ocrx_word' id='word_1_824' title='bbox 3075 5169 3256 5241; x_wconf 82' lang='grc' dir='ltr'>φωνὴν</span> <span class='ocrx_word' id='word_1_825' title='bbox 3283 5169 3371 5224; x_wconf 82' lang='grc' dir='ltr'><strong>διά</strong></span> <span class='ocrx_word' id='word_1_826' title='bbox 3395 5167 3590 5228; x_wconf 78' lang='grc' dir='ltr'>λέξεων</span> <span class='ocrx_word' id='word_1_827' title='bbox 3619 5167 3868 5220; x_wconf 75' lang='grc' dir='ltr'>διδασκό-</span> 
     </span>
    </p>
   </div>
   <div class='ocr_carea' id='block_1_113' title="bbox 2277 5257 3866 5340">
    <p class='ocr_par' dir='ltr' id='par_1_113' title="bbox 2277 5257 3866 5340">
     <span class='ocr_line' id='line_1_113' title="bbox 2277 5257 3866 5340; baseline -0.006 -19"><span class='ocrx_word' id='word_1_828' title='bbox 2277 5287 2447 5340; x_wconf 88' lang='grc' dir='ltr'>μενοι,</span> <span class='ocrx_word' id='word_1_829' title='bbox 2465 5269 2677 5337; x_wconf 86' lang='grc' dir='ltr'>άγνοεῖν</span> <span class='ocrx_word' id='word_1_830' title='bbox 2693 5265 2760 5318; x_wconf 85' lang='grc' dir='ltr'><strong>τά</strong></span> <span class='ocrx_word' id='word_1_831' title='bbox 2788 5265 3086 5334; x_wconf 85' lang='grc' dir='ltr'>πράγματα</span> <span class='ocrx_word' id='word_1_832' title='bbox 3101 5263 3128 5315; x_wconf 84' lang='grc' dir='ltr'><strong>ὃ</strong></span> <span class='ocrx_word' id='word_1_833' title='bbox 3145 5263 3194 5315; x_wconf 92' lang='grc' dir='ltr'><strong>τί</strong></span> <span class='ocrx_word' id='word_1_834' title='bbox 3217 5263 3352 5323; x_wconf 83' lang='grc' dir='ltr'>ἑστι,</span> <span class='ocrx_word' id='word_1_835' title='bbox 3374 5259 3448 5329; x_wconf 77' lang='grc' dir='ltr'>μὴ</span> <span class='ocrx_word' id='word_1_836' title='bbox 3469 5260 3528 5311; x_wconf 84' lang='grc' dir='ltr'><strong>τὸ</strong></span> <span class='ocrx_word' id='word_1_837' title='bbox 3549 5257 3679 5329; x_wconf 79' lang='grc' dir='ltr'>πῦρ,</span> <span class='ocrx_word' id='word_1_838' title='bbox 3709 5257 3784 5328; x_wconf 80' lang='grc' dir='ltr'>μὴ</span> <span class='ocrx_word' id='word_1_839' title='bbox 3801 5259 3866 5311; x_wconf 84' lang='grc' dir='ltr'><strong>τὸ</strong></span> 
     </span>
    </p>
   </div>
   <div class='ocr_carea' id='block_1_114' title="bbox 2277 5347 3865 5428">
    <p class='ocr_par' dir='ltr' id='par_1_114' title="bbox 2277 5347 3865 5428">
     <span class='ocr_line' id='line_1_114' title="bbox 2277 5347 3865 5428; baseline -0.006 -18"><span class='ocrx_word' id='word_1_840' title='bbox 2277 5356 2444 5428; x_wconf 77' lang='grc' dir='ltr'>ὕδωρ,</span> <span class='ocrx_word' id='word_1_841' title='bbox 2483 5357 2557 5427; x_wconf 83' lang='grc' dir='ltr'><strong>μὴ</strong></span> <span class='ocrx_word' id='word_1_842' title='bbox 2583 5356 2674 5409; x_wconf 83' lang='grc' dir='ltr'>τὸν</span> <span class='ocrx_word' id='word_1_843' title='bbox 2705 5357 2862 5426; x_wconf 86' lang='grc' dir='ltr'>ἀέρα,</span> <span class='ocrx_word' id='word_1_844' title='bbox 2902 5356 2976 5426; x_wconf 84' lang='grc' dir='ltr'><strong>μὴ</strong></span> <span class='ocrx_word' id='word_1_845' title='bbox 3000 5351 3067 5406; x_wconf 86' lang='grc' dir='ltr'><strong>τὰ</strong></span> <span class='ocrx_word' id='word_1_846' title='bbox 3092 5351 3252 5406; x_wconf 84' lang='grc' dir='ltr'>λοιπὰ</span> <span class='ocrx_word' id='word_1_847' title='bbox 3276 5350 3382 5403; x_wconf 86' lang='grc' dir='ltr'><strong>τῶν</strong></span> <span class='ocrx_word' id='word_1_848' title='bbox 3406 5351 3571 5402; x_wconf 81' lang='grc' dir='ltr'>ὄντων</span> <span class='ocrx_word' id='word_1_849' title='bbox 3604 5347 3865 5417; x_wconf 79' lang='grc' dir='ltr'>ἐπιγινὼο</span> 
     </span>
    </p>
   </div>
   <div class='ocr_carea' id='block_1_115' title="bbox 2281 5441 3868 5520">
    <p class='ocr_par' dir='ltr' id='par_1_115' title="bbox 2281 5441 3868 5520">
     <span class='ocr_line' id='line_1_115' title="bbox 2281 5441 3868 5520; baseline -0.005 -17"><span class='ocrx_word' id='word_1_850' title='bbox 2281 5467 2526 5514; x_wconf 85' lang='grc' dir='ltr'>σκοντας,</span> <span class='ocrx_word' id='word_1_851' title='bbox 2558 5453 2605 5503; x_wconf 87' lang='grc' dir='ltr'>εἰ</span> <span class='ocrx_word' id='word_1_852' title='bbox 2646 5449 2720 5520; x_wconf 76' lang='grc' dir='ltr'>μὴ</span> <span class='ocrx_word' id='word_1_853' title='bbox 2739 5449 2824 5502; x_wconf 83' lang='grc' dir='ltr'><strong>διά</strong></span> <span class='ocrx_word' id='word_1_854' title='bbox 2849 5447 2956 5500; x_wconf 85' lang='grc' dir='ltr'><strong>τῶν</strong></span> <span class='ocrx_word' id='word_1_855' title='bbox 2979 5445 3336 5516; x_wconf 84' lang='grc' dir='ltr'>ἐπικειμένων</span> <span class='ocrx_word' id='word_1_856' title='bbox 3363 5444 3542 5506; x_wconf 86' lang='grc' dir='ltr'>αὑτοῖς</span> <span class='ocrx_word' id='word_1_857' title='bbox 3579 5441 3868 5512; x_wconf 82' lang='grc' dir='ltr'>ὀνομάτων</span> 
     </span>
    </p>
   </div>
   <div class='ocr_carea' id='block_1_116' title="bbox 2277 5532 3868 5614">
    <p class='ocr_par' dir='ltr' id='par_1_116' title="bbox 2277 5532 3868 5614">
     <span class='ocr_line' id='line_1_116' title="bbox 2277 5532 3868 5614; baseline -0.005 -19"><span class='ocrx_word' id='word_1_858' title='bbox 2277 5541 2374 5612; x_wconf 74' lang='grc' dir='ltr'><strong>τὴν</strong></span> <span class='ocrx_word' id='word_1_859' title='bbox 2399 5544 2524 5614; x_wconf 71' lang='grc' dir='ltr'>περὶ</span> <span class='ocrx_word' id='word_1_860' title='bbox 2562 5541 2750 5594; x_wconf 85' lang='grc' dir='ltr'>τούτου</span> <span class='ocrx_word' id='word_1_861' title='bbox 2777 5539 2976 5608; x_wconf 78' lang='grc' dir='ltr'>γνῶσιν</span> <span class='ocrx_word' id='word_1_862' title='bbox 3004 5539 3316 5609; x_wconf 84' lang='grc' dir='ltr'>ἐκτήσαντο.</span> <span class='ocrx_word' id='word_1_863' title='bbox 3361 5536 3548 5605; x_wconf 81' lang='grc' dir='ltr'>Ἡμεῖς</span> <span class='ocrx_word' id='word_1_864' title='bbox 3587 5532 3644 5586; x_wconf 87' lang='grc' dir='ltr'><strong>δέ</strong></span> <span class='ocrx_word' id='word_1_865' title='bbox 3679 5549 3868 5603; x_wconf 78' lang='grc' dir='ltr'>φαμεν</span> 
     </span>
    </p>
   </div>
   <div class='ocr_carea' id='block_1_117' title="bbox 2279 5621 3874 5703">
    <p class='ocr_par' dir='ltr' id='par_1_117' title="bbox 2279 5621 3874 5703">
     <span class='ocr_line' id='line_1_117' title="bbox 2279 5621 3874 5703; baseline -0.008 -15"><span class='ocrx_word' id='word_1_866' title='bbox 2279 5637 2360 5688; x_wconf 82' lang='grc' dir='ltr'><strong>ὅτι</strong></span> <span class='ocrx_word' id='word_1_867' title='bbox 2384 5637 2410 5687; x_wconf 87' lang='grc' dir='ltr'><em>ὁ</em></span> <span class='ocrx_word' id='word_1_868' title='bbox 2435 5635 2501 5688; x_wconf 77' lang='grc' dir='ltr'><strong>τά</strong></span> <span class='ocrx_word' id='word_1_869' title='bbox 2528 5635 2699 5688; x_wconf 87' lang='grc' dir='ltr'>πάντα</span> <span class='ocrx_word' id='word_1_870' title='bbox 2725 5635 2780 5688; x_wconf 86' lang='grc' dir='ltr'><strong>ἐν</strong></span> <span class='ocrx_word' id='word_1_871' title='bbox 2813 5632 2973 5703; x_wconf 76' lang='grc' dir='ltr'>σοφίᾳ</span> <span class='ocrx_word' id='word_1_872' title='bbox 3000 5631 3250 5702; x_wconf 78' lang='grc' dir='ltr'>ποιήσας,</span> <span class='ocrx_word' id='word_1_873' title='bbox 3274 5627 3364 5682; x_wconf 76' lang='grc' dir='ltr'><strong>καὶ</strong></span> <span class='ocrx_word' id='word_1_874' title='bbox 3387 5627 3446 5680; x_wconf 79' lang='grc' dir='ltr'><strong>τὸ</strong></span> <span class='ocrx_word' id='word_1_875' title='bbox 3465 5625 3680 5694; x_wconf 81' lang='grc' dir='ltr'>λογικὸν</span> <span class='ocrx_word' id='word_1_876' title='bbox 3701 5621 3874 5694; x_wconf 60' lang='grc' dir='ltr'>τοῦτα</span> 
     </span>
    </p>
   </div>
  </div>
