  <div class='ocr_page' id='page_1' title='image "/cluster/home/n/w/nwhite01/storage/ocr_20150623/45/nnc1.0046978445/534.png"; bbox 0 0 4146 6386; ppageno 0'>
   <div class='ocr_carea' id='block_1_1' title="bbox 449 308 589 367">
    <p class='ocr_par' dir='ltr' id='par_1_1' title="bbox 449 308 589 367">
     <span class='ocr_line' id='line_1_1' title="bbox 449 308 589 367; baseline 0.014 -2"><span class='ocrx_word' id='word_1_1' title='bbox 449 308 589 367; x_wconf 70' lang='grc' dir='ltr'>μ’ιό</span> 
     </span>
    </p>
   </div>
   <div class='ocr_carea' id='block_1_2' title="bbox 1570 312 2610 384">
    <p class='ocr_par' dir='ltr' id='par_1_2' title="bbox 1570 312 2610 384">
     <span class='ocr_line' id='line_1_2' title="bbox 1570 312 2610 384; baseline -0.001 -12"><span class='ocrx_word' id='word_1_2' title='bbox 1570 315 1850 372; x_wconf 80' lang='lat' dir='ltr'><strong>CONTRA</strong></span> <span class='ocrx_word' id='word_1_3' title='bbox 1883 312 2279 384; x_wconf 71' lang='lat' dir='ltr'><strong>EUNOMIUM,</strong></span> <span class='ocrx_word' id='word_1_4' title='bbox 2319 316 2448 371; x_wconf 90' lang='lat' dir='ltr'><strong>LIB.</strong></span> <span class='ocrx_word' id='word_1_5' title='bbox 2490 317 2610 374; x_wconf 78' lang='lat' dir='ltr'><strong>XII.</strong></span> 
     </span>
    </p>
   </div>
   <div class='ocr_carea' id='block_1_3' title="bbox 3564 314 3701 372">
    <p class='ocr_par' dir='ltr' id='par_1_3' title="bbox 3564 314 3701 372">
     <span class='ocr_line' id='line_1_3' title="bbox 3564 314 3701 372; baseline -0.007 -1"><span class='ocrx_word' id='word_1_6' title='bbox 3564 314 3701 372; x_wconf 70' lang='grc'><strong>1040</strong></span> 
     </span>
    </p>
   </div>
   <div class='ocr_carea' id='block_1_4' title="bbox 447 426 2020 517">
    <p class='ocr_par' dir='ltr' id='par_1_4' title="bbox 447 426 2019 517">
     <span class='ocr_line' id='line_1_4' title="bbox 447 426 2019 517; baseline 0.006 -35"><span class='ocrx_word' id='word_1_7' title='bbox 447 426 670 501; x_wconf 85' lang='grc' dir='ltr'>πλάσμα</span> <span class='ocrx_word' id='word_1_8' title='bbox 688 430 1130 517; x_wconf 78' lang='grc' dir='ltr'>ζωοπλαστήσας,</span> <span class='ocrx_word' id='word_1_9' title='bbox 1154 434 1300 507; x_wconf 86' lang='grc' dir='ltr'><strong>μόνῳ</strong></span> <span class='ocrx_word' id='word_1_10' title='bbox 1324 435 1401 508; x_wconf 84' lang='grc' dir='ltr'>τῷ</span> <span class='ocrx_word' id='word_1_11' title='bbox 1429 436 1637 506; x_wconf 77' lang='grc' dir='ltr'>ἐφεῖναι</span> <span class='ocrx_word' id='word_1_12' title='bbox 1660 441 1726 509; x_wconf 83' lang='grc' dir='ltr'>τῇ</span> <span class='ocrx_word' id='word_1_13' title='bbox 1752 437 1910 507; x_wconf 89' lang='grc' dir='ltr'>φύσει</span> <span class='ocrx_word' id='word_1_14' title='bbox 1928 438 2019 491; x_wconf 83' lang='grc' dir='ltr'><strong>τὸν</strong></span> 
     </span>
    </p>
   </div>
   <div class='ocr_carea' id='block_1_5' title="bbox 2122 426 3704 517">
    <p class='ocr_par' dir='ltr' id='par_1_5' title="bbox 2125 433 3704 510">
     <span class='ocr_line' id='line_1_5' title="bbox 2125 433 3704 510; baseline -0.001 -19"><span class='ocrx_word' id='word_1_15' title='bbox 2125 438 2210 493; x_wconf 87' lang='lat' dir='ltr'><strong>his</strong></span> <span class='ocrx_word' id='word_1_16' title='bbox 2250 440 2621 509; x_wconf 74' lang='lat' dir='ltr'><strong>cognitionem</strong></span> <span class='ocrx_word' id='word_1_17' title='bbox 2647 446 2834 495; x_wconf 79' lang='lat' dir='ltr'><strong>essent</strong></span> <span class='ocrx_word' id='word_1_18' title='bbox 2868 437 3069 510; x_wconf 78' lang='lat' dir='ltr'><strong>adepti.</strong></span> <span class='ocrx_word' id='word_1_19' title='bbox 3103 436 3215 492; x_wconf 84' lang='lat' dir='ltr'><strong>Nos</strong></span> <span class='ocrx_word' id='word_1_20' title='bbox 3254 442 3435 490; x_wconf 91' lang='lat' dir='ltr'><strong>autem</strong></span> <span class='ocrx_word' id='word_1_21' title='bbox 3465 433 3704 491; x_wconf 78' lang='lat' dir='ltr'><strong>dicimus</strong></span> 
     </span>
    </p>
   </div>
   <div class='ocr_carea' id='block_1_6' title="bbox 447 518 2024 597">
    <p class='ocr_par' dir='ltr' id='par_1_6' title="bbox 447 518 2024 597">
     <span class='ocr_line' id='line_1_6' title="bbox 447 518 2024 597; baseline 0.006 -25"><span class='ocrx_word' id='word_1_22' title='bbox 447 518 628 589; x_wconf 80' lang='grc' dir='ltr'>λόγον,</span> <span class='ocrx_word' id='word_1_23' title='bbox 649 521 827 576; x_wconf 79' lang='grc' dir='ltr'>πᾶσαν</span> <span class='ocrx_word' id='word_1_24' title='bbox 854 524 953 593; x_wconf 82' lang='grc' dir='ltr'>τὴν</span> <span class='ocrx_word' id='word_1_25' title='bbox 975 524 1200 596; x_wconf 89' lang='grc' dir='ltr'>δυναμιν</span> <span class='ocrx_word' id='word_1_26' title='bbox 1221 527 1318 597; x_wconf 80' lang='grc' dir='ltr'>τὴν</span> <span class='ocrx_word' id='word_1_27' title='bbox 1337 526 1559 597; x_wconf 84' lang='grc' dir='ltr'>λογικὴν</span> <span class='ocrx_word' id='word_1_28' title='bbox 1583 529 1891 584; x_wconf 73' lang='grc' dir='ltr'>ἐναπέθετο.</span> <span class='ocrx_word' id='word_1_29' title='bbox 1912 529 2024 582; x_wconf 78' lang='grc' dir='ltr'>Καὶ</span> 
     </span>
    </p>
   </div>
   <div class='ocr_carea' id='block_1_7' title="bbox 451 610 2023 691">
    <p class='ocr_par' dir='ltr' id='par_1_7' title="bbox 451 610 2023 691">
     <span class='ocr_line' id='line_1_7' title="bbox 451 610 2023 691; baseline 0.004 -27"><span class='ocrx_word' id='word_1_30' title='bbox 451 610 639 681; x_wconf 86' lang='grc' dir='ltr'>ὥσπερ</span> <span class='ocrx_word' id='word_1_31' title='bbox 667 612 762 683; x_wconf 80' lang='grc' dir='ltr'>τὴν</span> <span class='ocrx_word' id='word_1_32' title='bbox 806 615 864 667; x_wconf 88' lang='grc' dir='ltr'><strong>ἑν</strong></span> <span class='ocrx_word' id='word_1_33' title='bbox 900 618 1012 679; x_wconf 84' lang='grc' dir='ltr'>τοῖς</span> <span class='ocrx_word' id='word_1_34' title='bbox 1057 617 1430 689; x_wconf 75' lang='grc' dir='ltr'><strong>αἰσθητηρίοις</strong></span> <span class='ocrx_word' id='word_1_35' title='bbox 1476 618 1703 690; x_wconf 89' lang='grc' dir='ltr'>δύναμιν</span> <span class='ocrx_word' id='word_1_36' title='bbox 1734 619 1885 691; x_wconf 83' lang='grc' dir='ltr'>παρὰ</span> <span class='ocrx_word' id='word_1_37' title='bbox 1932 619 2023 672; x_wconf 88' lang='grc' dir='ltr'><strong>τοῦ</strong></span> 
     </span>
    </p>
   </div>
   <div class='ocr_carea' id='block_1_8' title="bbox 451 702 2026 781">
    <p class='ocr_par' dir='ltr' id='par_1_8' title="bbox 451 702 2026 781">
     <span class='ocr_line' id='line_1_8' title="bbox 451 702 2026 781; baseline 0.006 -26"><span class='ocrx_word' id='word_1_38' title='bbox 451 702 753 768; x_wconf 82' lang='grc' dir='ltr'>πλάσαντος</span> <span class='ocrx_word' id='word_1_39' title='bbox 790 705 882 758; x_wconf 85' lang='grc' dir='ltr'><strong>τὸν</strong></span> <span class='ocrx_word' id='word_1_40' title='bbox 916 707 1189 777; x_wconf 85' lang='grc' dir='ltr'>ὀφθαλμὸν</span> <span class='ocrx_word' id='word_1_41' title='bbox 1218 710 1311 762; x_wconf 81' lang='grc' dir='ltr'>καὶ</span> <span class='ocrx_word' id='word_1_42' title='bbox 1348 709 1709 779; x_wconf 81' lang='grc' dir='ltr'>φυτεύσαντος</span> <span class='ocrx_word' id='word_1_43' title='bbox 1734 710 1832 781; x_wconf 83' lang='grc' dir='ltr'>τὴν</span> <span class='ocrx_word' id='word_1_44' title='bbox 1857 710 2026 780; x_wconf 83' lang='grc' dir='ltr'>ἀκοὴν</span> 
     </span>
    </p>
   </div>
   <div class='ocr_carea' id='block_1_9' title="bbox 452 798 2027 874">
    <p class='ocr_par' dir='ltr' id='par_1_9' title="bbox 452 798 2027 874">
     <span class='ocr_line' id='line_1_9' title="bbox 452 798 2027 874; baseline 0.004 -25"><span class='ocrx_word' id='word_1_45' title='bbox 452 799 508 850; x_wconf 87' lang='grc' dir='ltr'><strong>ἑν</strong></span> <span class='ocrx_word' id='word_1_46' title='bbox 546 800 610 869; x_wconf 80' lang='grc' dir='ltr'>τῇ</span> <span class='ocrx_word' id='word_1_47' title='bbox 645 798 801 868; x_wconf 84' lang='grc' dir='ltr'>φύσει</span> <span class='ocrx_word' id='word_1_48' title='bbox 822 799 1053 869; x_wconf 78' lang='grc' dir='ltr'>ἔχοντες,</span> <span class='ocrx_word' id='word_1_49' title='bbox 1086 802 1215 872; x_wconf 78' lang='grc' dir='ltr'>παρ’</span> <span class='ocrx_word' id='word_1_50' title='bbox 1238 802 1415 857; x_wconf 78' lang='grc' dir='ltr'>αὐτῶν</span> <span class='ocrx_word' id='word_1_51' title='bbox 1446 802 1583 874; x_wconf 85' lang='grc' dir='ltr'>πρὸς</span> <span class='ocrx_word' id='word_1_52' title='bbox 1618 803 1646 856; x_wconf 86' lang='grc' dir='ltr'><strong>ὃ</strong></span> <span class='ocrx_word' id='word_1_53' title='bbox 1673 804 1885 873; x_wconf 84' lang='grc' dir='ltr'>πέφυκε</span> <span class='ocrx_word' id='word_1_54' title='bbox 1916 802 2027 856; x_wconf 87' lang='grc' dir='ltr'><strong>τῶν</strong></span> 
     </span>
    </p>
   </div>
   <div class='ocr_carea' id='block_1_10' title="bbox 452 888 2028 965">
    <p class='ocr_par' dir='ltr' id='par_1_10' title="bbox 452 888 2028 965">
     <span class='ocr_line' id='line_1_10' title="bbox 452 888 2028 965; baseline 0.003 -25"><span class='ocrx_word' id='word_1_55' title='bbox 452 888 817 960; x_wconf 74' lang='grc' dir='ltr'><strong>αἰσθητηρίων</strong></span> <span class='ocrx_word' id='word_1_56' title='bbox 855 890 913 944; x_wconf 81' lang='grc' dir='ltr'>ἓν</span> <span class='ocrx_word' id='word_1_57' title='bbox 937 890 1164 945; x_wconf 75' lang='grc' dir='ltr'>ἕκαστον</span> <span class='ocrx_word' id='word_1_58' title='bbox 1183 932 1197 956; x_wconf 90' lang='grc'><strong>,</strong></span> <span class='ocrx_word' id='word_1_59' title='bbox 1222 893 1359 964; x_wconf 74' lang='grc' dir='ltr'>πρὸς</span> <span class='ocrx_word' id='word_1_60' title='bbox 1385 892 1540 947; x_wconf 83' lang='grc' dir='ltr'>τοῦτο</span> <span class='ocrx_word' id='word_1_61' title='bbox 1569 892 1913 965; x_wconf 87' lang='grc' dir='ltr'>κεχρήμεθα,</span> <span class='ocrx_word' id='word_1_62' title='bbox 1932 892 2028 946; x_wconf 70' lang='grc' dir='ltr'><strong>καὶ</strong></span> 
     </span>
    </p>
   </div>
   <div class='ocr_carea' id='block_1_11' title="bbox 451 977 2025 1053">
    <p class='ocr_par' dir='ltr' id='par_1_11' title="bbox 451 977 2025 1053">
     <span class='ocr_line' id='line_1_11' title="bbox 451 977 2025 1053; baseline 0.004 -24"><span class='ocrx_word' id='word_1_63' title='bbox 451 977 512 1030; x_wconf 85' lang='grc' dir='ltr'>οὐ</span> <span class='ocrx_word' id='word_1_64' title='bbox 565 978 814 1048; x_wconf 84' lang='grc' dir='ltr'>δεόμεθα,</span> <span class='ocrx_word' id='word_1_65' title='bbox 849 978 971 1033; x_wconf 76' lang='grc' dir='ltr'>οὔτε</span> <span class='ocrx_word' id='word_1_66' title='bbox 1003 981 1097 1033; x_wconf 89' lang='grc' dir='ltr'><strong>τοῦ</strong></span> <span class='ocrx_word' id='word_1_67' title='bbox 1142 982 1210 1036; x_wconf 83' lang='grc' dir='ltr'>τὰ</span> <span class='ocrx_word' id='word_1_68' title='bbox 1246 982 1509 1053; x_wconf 84' lang='grc' dir='ltr'>χρώματα</span> <span class='ocrx_word' id='word_1_69' title='bbox 1536 983 2025 1053; x_wconf 86' lang='grc' dir='ltr'>κατονομάσαντος,</span> 
     </span>
    </p>
   </div>
   <div class='ocr_carea' id='block_1_12' title="bbox 452 1059 2028 1143">
    <p class='ocr_par' dir='ltr' id='par_1_12' title="bbox 452 1059 2028 1143">
     <span class='ocr_line' id='line_1_12' title="bbox 452 1059 2028 1143; baseline 0.003 -25"><span class='ocrx_word' id='word_1_70' title='bbox 452 1059 527 1119; x_wconf 83' lang='grc' dir='ltr'>ὧν</span> <span class='ocrx_word' id='word_1_71' title='bbox 547 1068 579 1137; x_wconf 85' lang='grc' dir='ltr'><strong>ή</strong></span> <span class='ocrx_word' id='word_1_72' title='bbox 607 1068 791 1139; x_wconf 84' lang='grc' dir='ltr'>ὅρασις</span> <span class='ocrx_word' id='word_1_73' title='bbox 809 1070 908 1127; x_wconf 79' lang='grc' dir='ltr'><strong>τὴν</strong></span> <span class='ocrx_word' id='word_1_74' title='bbox 933 1070 1212 1140; x_wconf 78' lang='grc' dir='ltr'>ἀντίληψιν</span> <span class='ocrx_word' id='word_1_75' title='bbox 1243 1071 1354 1141; x_wconf 72' lang='grc' dir='ltr'>ἔχει</span> <span class='ocrx_word' id='word_1_76' title='bbox 1381 1073 1563 1143; x_wconf 81' lang='grc' dir='ltr'>(ἀρκεῖ</span> <span class='ocrx_word' id='word_1_77' title='bbox 1582 1071 1690 1142; x_wconf 84' lang='grc' dir='ltr'><strong>γάρ</strong></span> <span class='ocrx_word' id='word_1_78' title='bbox 1709 1073 1737 1124; x_wconf 98' lang='lat'><strong>6</strong></span> <span class='ocrx_word' id='word_1_79' title='bbox 1753 1070 2028 1141; x_wconf 82' lang='grc' dir='ltr'>ὀφθαλμὸς</span> 
     </span>
    </p>
   </div>
   <div class='ocr_carea' id='block_1_13' title="bbox 452 1156 2026 1230">
    <p class='ocr_par' dir='ltr' id='par_1_13' title="bbox 452 1156 2026 1230">
     <span class='ocr_line' id='line_1_13' title="bbox 452 1156 2026 1230; baseline 0.003 -17"><span class='ocrx_word' id='word_1_80' title='bbox 452 1159 625 1230; x_wconf 83' lang='grc' dir='ltr'>ἑαυτῷ</span> <span class='ocrx_word' id='word_1_81' title='bbox 651 1161 898 1229; x_wconf 86' lang='grc' dir='ltr'>γενέσθαι</span> <span class='ocrx_word' id='word_1_82' title='bbox 929 1162 1035 1215; x_wconf 87' lang='grc' dir='ltr'><strong>τῶν</strong></span> <span class='ocrx_word' id='word_1_83' title='bbox 1066 1162 1317 1216; x_wconf 82' lang='grc' dir='ltr'>τοιούτων</span> <span class='ocrx_word' id='word_1_84' title='bbox 1336 1164 1696 1227; x_wconf 81' lang='grc' dir='ltr'>διδάσκαλος),</span> <span class='ocrx_word' id='word_1_85' title='bbox 1711 1161 1833 1215; x_wconf 78' lang='grc' dir='ltr'>οὔτε</span> <span class='ocrx_word' id='word_1_86' title='bbox 1850 1156 1923 1217; x_wconf 85' lang='grc' dir='ltr'>ὧν</span> <span class='ocrx_word' id='word_1_87' title='bbox 1937 1163 2026 1217; x_wconf 86' lang='grc' dir='ltr'>διὰ</span> 
     </span>
    </p>
   </div>
   <div class='ocr_carea' id='block_1_14' title="bbox 447 1250 2030 1325">
    <p class='ocr_par' dir='ltr' id='par_1_14' title="bbox 447 1250 2030 1325">
     <span class='ocr_line' id='line_1_14' title="bbox 447 1250 2030 1325; baseline 0.003 -23"><span class='ocrx_word' id='word_1_88' title='bbox 447 1251 545 1320; x_wconf 85' lang='grc' dir='ltr'>τῆς</span> <span class='ocrx_word' id='word_1_89' title='bbox 570 1251 756 1321; x_wconf 79' lang='grc' dir='ltr'>ἀκοῆς,</span> <span class='ocrx_word' id='word_1_90' title='bbox 772 1252 804 1322; x_wconf 87' lang='grc' dir='ltr'>ἢ</span> <span class='ocrx_word' id='word_1_91' title='bbox 822 1250 908 1304; x_wconf 82' lang='grc' dir='ltr'>διὰ</span> <span class='ocrx_word' id='word_1_92' title='bbox 934 1255 1033 1322; x_wconf 85' lang='grc' dir='ltr'><strong>τῆς</strong></span> <span class='ocrx_word' id='word_1_93' title='bbox 1058 1252 1315 1320; x_wconf 87' lang='grc' dir='ltr'>γεύσεως,</span> <span class='ocrx_word' id='word_1_94' title='bbox 1334 1254 1365 1324; x_wconf 80' lang='grc' dir='ltr'>ἢ</span> <span class='ocrx_word' id='word_1_95' title='bbox 1392 1254 1479 1306; x_wconf 87' lang='grc' dir='ltr'>διὰ</span> <span class='ocrx_word' id='word_1_96' title='bbox 1500 1254 1598 1325; x_wconf 84' lang='grc' dir='ltr'><strong>τῆς</strong></span> <span class='ocrx_word' id='word_1_97' title='bbox 1617 1253 1759 1324; x_wconf 84' lang='grc' dir='ltr'>ἀφῆς</span> <span class='ocrx_word' id='word_1_98' title='bbox 1774 1253 2030 1325; x_wconf 86' lang='grc' dir='ltr'>αἰσθησό-</span> 
     </span>
    </p>
   </div>
   <div class='ocr_carea' id='block_1_15' title="bbox 451 1342 2024 1416">
    <p class='ocr_par' dir='ltr' id='par_1_15' title="bbox 451 1342 2024 1416">
     <span class='ocr_line' id='line_1_15' title="bbox 451 1342 2024 1416; baseline 0.002 -22"><span class='ocrx_word' id='word_1_99' title='bbox 451 1342 609 1410; x_wconf 89' lang='grc' dir='ltr'>μεθα,</span> <span class='ocrx_word' id='word_1_100' title='bbox 623 1342 913 1415; x_wconf 81' lang='grc' dir='ltr'>ἀλλοτρίων</span> <span class='ocrx_word' id='word_1_101' title='bbox 939 1344 1073 1414; x_wconf 87' lang='grc' dir='ltr'>πρὸς</span> <span class='ocrx_word' id='word_1_102' title='bbox 1094 1344 1190 1415; x_wconf 85' lang='grc' dir='ltr'>τὴν</span> <span class='ocrx_word' id='word_1_103' title='bbox 1204 1346 1401 1413; x_wconf 88' lang='grc' dir='ltr'>γνῶσιν</span> <span class='ocrx_word' id='word_1_104' title='bbox 1421 1345 1753 1399; x_wconf 81' lang='grc' dir='ltr'>διδασκάλων</span> <span class='ocrx_word' id='word_1_105' title='bbox 1775 1345 2024 1416; x_wconf 89' lang='grc' dir='ltr'>δεόμεθα,</span> 
     </span>
    </p>
   </div>
   <div class='ocr_carea' id='block_1_16' title="bbox 447 1434 2029 1508">
    <p class='ocr_par' dir='ltr' id='par_1_16' title="bbox 447 1434 2029 1508">
     <span class='ocr_line' id='line_1_16' title="bbox 447 1434 2029 1508; baseline 0.002 -22"><span class='ocrx_word' id='word_1_106' title='bbox 447 1434 655 1487; x_wconf 84' lang='grc' dir='ltr'>οἴκοθεν</span> <span class='ocrx_word' id='word_1_107' title='bbox 689 1434 899 1505; x_wconf 78' lang='grc' dir='ltr'>ἔχοντες</span> <span class='ocrx_word' id='word_1_108' title='bbox 928 1435 1156 1489; x_wconf 80' lang='grc' dir='ltr'>ἑκάστου</span> <span class='ocrx_word' id='word_1_109' title='bbox 1184 1437 1291 1490; x_wconf 88' lang='grc' dir='ltr'><strong>τῶν</strong></span> <span class='ocrx_word' id='word_1_110' title='bbox 1320 1439 1439 1490; x_wconf 85' lang='grc' dir='ltr'>κατ’</span> <span class='ocrx_word' id='word_1_111' title='bbox 1468 1436 1715 1508; x_wconf 80' lang='grc' dir='ltr'>αἴσθησιν</span> <span class='ocrx_word' id='word_1_112' title='bbox 1747 1436 2029 1507; x_wconf 75' lang='grc' dir='ltr'>ἐγγινομέ-</span> 
     </span>
    </p>
   </div>
   <div class='ocr_carea' id='block_1_17' title="bbox 447 1526 2028 1599">
    <p class='ocr_par' dir='ltr' id='par_1_17' title="bbox 447 1526 2028 1599">
     <span class='ocr_line' id='line_1_17' title="bbox 447 1526 2028 1599; baseline 0.002 -21"><span class='ocrx_word' id='word_1_113' title='bbox 447 1542 550 1578; x_wconf 92' lang='grc' dir='ltr'><strong>νων</strong></span> <span class='ocrx_word' id='word_1_114' title='bbox 568 1527 694 1595; x_wconf 86' lang='grc' dir='ltr'>ήμῖν</span> <span class='ocrx_word' id='word_1_115' title='bbox 714 1526 774 1577; x_wconf 83' lang='grc' dir='ltr'>τὸ</span> <span class='ocrx_word' id='word_1_116' title='bbox 789 1528 1087 1598; x_wconf 83' lang='grc' dir='ltr'>κριτήριον.</span> <span class='ocrx_word' id='word_1_117' title='bbox 1105 1526 1256 1581; x_wconf 81' lang='grc' dir='ltr'>Οὕτω</span> <span class='ocrx_word' id='word_1_118' title='bbox 1274 1528 1450 1599; x_wconf 83' lang='grc' dir='ltr'>φαμὲν</span> <span class='ocrx_word' id='word_1_119' title='bbox 1466 1530 1557 1581; x_wconf 77' lang='grc' dir='ltr'><strong>καὶ</strong></span> <span class='ocrx_word' id='word_1_120' title='bbox 1575 1529 1671 1599; x_wconf 82' lang='grc' dir='ltr'><strong>τὴν</strong></span> <span class='ocrx_word' id='word_1_121' title='bbox 1688 1527 2028 1599; x_wconf 83' lang='grc' dir='ltr'>διανοητικὴν</span> 
     </span>
    </p>
   </div>
   <div class='ocr_carea' id='block_1_18' title="bbox 444 1615 2028 1689">
    <p class='ocr_par' dir='ltr' id='par_1_18' title="bbox 444 1615 2028 1689">
     <span class='ocr_line' id='line_1_18' title="bbox 444 1615 2028 1689; baseline 0.003 -23"><span class='ocrx_word' id='word_1_122' title='bbox 444 1615 544 1684; x_wconf 83' lang='grc' dir='ltr'>τῆς</span> <span class='ocrx_word' id='word_1_123' title='bbox 568 1615 747 1685; x_wconf 69' lang='grc' dir='ltr'>ψυχῆς</span> <span class='ocrx_word' id='word_1_124' title='bbox 773 1615 1001 1687; x_wconf 89' lang='grc' dir='ltr'>δύναμιν</span> <span class='ocrx_word' id='word_1_125' title='bbox 1030 1617 1283 1688; x_wconf 84' lang='grc' dir='ltr'>τοιαύτην</span> <span class='ocrx_word' id='word_1_126' title='bbox 1310 1618 1461 1689; x_wconf 86' lang='grc' dir='ltr'><strong>παρά</strong></span> <span class='ocrx_word' id='word_1_127' title='bbox 1491 1617 1585 1672; x_wconf 88' lang='grc' dir='ltr'><strong>τοῦ</strong></span> <span class='ocrx_word' id='word_1_128' title='bbox 1627 1618 1760 1671; x_wconf 83' lang='grc' dir='ltr'>Θεοῦ</span> <span class='ocrx_word' id='word_1_129' title='bbox 1804 1617 2028 1687; x_wconf 83' lang='grc' dir='ltr'>γενομέ-</span> 
     </span>
    </p>
   </div>
   <div class='ocr_carea' id='block_1_19' title="bbox 444 1708 2027 1781">
    <p class='ocr_par' dir='ltr' id='par_1_19' title="bbox 444 1708 2027 1781">
     <span class='ocr_line' id='line_1_19' title="bbox 444 1708 2027 1781; baseline 0.005 -22"><span class='ocrx_word' id='word_1_130' title='bbox 444 1724 561 1777; x_wconf 83' lang='grc' dir='ltr'>νην,</span> <span class='ocrx_word' id='word_1_131' title='bbox 599 1709 691 1777; x_wconf 88' lang='grc' dir='ltr'>ἀφ’</span> <span class='ocrx_word' id='word_1_132' title='bbox 737 1710 931 1779; x_wconf 80' lang='grc' dir='ltr'>ἑαυτῆς</span> <span class='ocrx_word' id='word_1_133' title='bbox 982 1710 1044 1762; x_wconf 85' lang='grc' dir='ltr'><strong>τὸ</strong></span> <span class='ocrx_word' id='word_1_134' title='bbox 1084 1710 1271 1763; x_wconf 77' lang='grc' dir='ltr'>λοιπὸν</span> <span class='ocrx_word' id='word_1_135' title='bbox 1305 1710 1593 1773; x_wconf 85' lang='grc' dir='ltr'>κινεῖσθαι,</span> <span class='ocrx_word' id='word_1_136' title='bbox 1647 1710 1739 1764; x_wconf 73' lang='grc' dir='ltr'>καὶ</span> <span class='ocrx_word' id='word_1_137' title='bbox 1791 1709 1928 1781; x_wconf 84' lang='grc' dir='ltr'>πρὸς</span> <span class='ocrx_word' id='word_1_138' title='bbox 1957 1708 2027 1767; x_wconf 82' lang='grc' dir='ltr'>τὰ</span> 
     </span>
    </p>
   </div>
   <div class='ocr_carea' id='block_1_20' title="bbox 2125 526 3703 603">
    <p class='ocr_par' dir='ltr' id='par_1_20' title="bbox 2125 526 3703 603">
     <span class='ocr_line' id='line_1_20' title="bbox 2125 526 3703 603; baseline -0.004 -18"><span class='ocrx_word' id='word_1_139' title='bbox 2125 530 2271 600; x_wconf 91' lang='lat' dir='ltr'><strong>quod</strong></span> <span class='ocrx_word' id='word_1_140' title='bbox 2300 531 2393 587; x_wconf 92' lang='lat' dir='ltr'><strong>ille</strong></span> <span class='ocrx_word' id='word_1_141' title='bbox 2435 532 2529 603; x_wconf 88' lang='lat' dir='ltr'><strong>qui</strong></span> <span class='ocrx_word' id='word_1_142' title='bbox 2563 532 2749 586; x_wconf 85' lang='lat' dir='ltr'><strong>omnia</strong></span> <span class='ocrx_word' id='word_1_143' title='bbox 2776 531 2830 585; x_wconf 92' lang='lat' dir='ltr'><strong>in</strong></span> <span class='ocrx_word' id='word_1_144' title='bbox 2864 530 3129 602; x_wconf 81' lang='lat' dir='ltr'><strong>sapientia</strong></span> <span class='ocrx_word' id='word_1_145' title='bbox 3157 527 3286 584; x_wconf 84' lang='lat' dir='ltr'><strong>fecit</strong></span> <span class='ocrx_word' id='word_1_146' title='bbox 3309 529 3375 592; x_wconf 71' lang='grc'><strong>⁷⁸,</strong></span> <span class='ocrx_word' id='word_1_147' title='bbox 3405 538 3458 581; x_wconf 81' lang='lat' dir='ltr'><strong>et</strong></span> <span class='ocrx_word' id='word_1_148' title='bbox 3490 526 3584 597; x_wconf 90' lang='lat' dir='ltr'><strong>qui</strong></span> <span class='ocrx_word' id='word_1_149' title='bbox 3615 540 3703 579; x_wconf 90' lang='lat' dir='ltr'><strong>ra-</strong></span> 
     </span>
    </p>
   </div>
   <div class='ocr_carea' id='block_1_21' title="bbox 2126 613 3703 687">
    <p class='ocr_par' dir='ltr' id='par_1_21' title="bbox 2126 613 3703 687">
     <span class='ocr_line' id='line_1_21' title="bbox 2126 613 3703 687; baseline -0.004 -13"><span class='ocrx_word' id='word_1_150' title='bbox 2126 621 2385 687; x_wconf 74' lang='lat' dir='ltr'><strong>tionalem</strong></span> <span class='ocrx_word' id='word_1_151' title='bbox 2422 621 2564 677; x_wconf 91' lang='lat' dir='ltr'><strong>hanc</strong></span> <span class='ocrx_word' id='word_1_152' title='bbox 2592 629 2904 679; x_wconf 84' lang='lat' dir='ltr'><strong>creaturam</strong></span> <span class='ocrx_word' id='word_1_153' title='bbox 2934 619 3159 687; x_wconf 80' lang='lat' dir='ltr'><strong>eﬁinxit,</strong></span> <span class='ocrx_word' id='word_1_154' title='bbox 3191 620 3294 673; x_wconf 90' lang='lat' dir='ltr'><strong>hoc</strong></span> <span class='ocrx_word' id='word_1_155' title='bbox 3322 618 3440 673; x_wconf 93' lang='lat' dir='ltr'><strong>solo</strong></span> <span class='ocrx_word' id='word_1_156' title='bbox 3466 615 3614 687; x_wconf 87' lang='lat' dir='ltr'><strong>quod</strong></span> <span class='ocrx_word' id='word_1_157' title='bbox 3643 613 3703 669; x_wconf 90' lang='lat' dir='ltr'><strong>in</strong></span> 
     </span>
    </p>
   </div>
   <div class='ocr_carea' id='block_1_22' title="bbox 2126 705 3704 780">
    <p class='ocr_par' dir='ltr' id='par_1_22' title="bbox 2126 705 3704 780">
     <span class='ocr_line' id='line_1_22' title="bbox 2126 705 3704 780; baseline -0.004 -15"><span class='ocrx_word' id='word_1_158' title='bbox 2126 710 2247 780; x_wconf 86' lang='lat' dir='ltr'><strong>ejus</strong></span> <span class='ocrx_word' id='word_1_159' title='bbox 2278 718 2471 766; x_wconf 89' lang='lat' dir='ltr'><strong>natura</strong></span> <span class='ocrx_word' id='word_1_160' title='bbox 2498 712 2639 766; x_wconf 83' lang='lat' dir='ltr'><strong>ratio</strong></span> <span class='ocrx_word' id='word_1_161' title='bbox 2670 712 2836 778; x_wconf 90' lang='lat' dir='ltr'><strong>inest,</strong></span> <span class='ocrx_word' id='word_1_162' title='bbox 2863 725 3085 766; x_wconf 89' lang='lat' dir='ltr'><strong>omnem</strong></span> <span class='ocrx_word' id='word_1_163' title='bbox 3112 707 3437 764; x_wconf 85' lang='lat' dir='ltr'><strong>rationalem</strong></span> <span class='ocrx_word' id='word_1_164' title='bbox 3468 705 3704 760; x_wconf 86' lang='lat' dir='ltr'><strong>faculta-</strong></span> 
     </span>
    </p>
   </div>
   <div class='ocr_carea' id='block_1_23' title="bbox 2126 796 3701 873">
    <p class='ocr_par' dir='ltr' id='par_1_23' title="bbox 2126 796 3701 873">
     <span class='ocr_line' id='line_1_23' title="bbox 2126 796 3701 873; baseline -0.003 -18"><span class='ocrx_word' id='word_1_165' title='bbox 2126 811 2236 856; x_wconf 88' lang='lat' dir='ltr'><strong>tem</strong></span> <span class='ocrx_word' id='word_1_166' title='bbox 2270 801 2487 858; x_wconf 85' lang='lat' dir='ltr'><strong>indidit.</strong></span> <span class='ocrx_word' id='word_1_167' title='bbox 2527 801 2593 857; x_wconf 88' lang='lat' dir='ltr'><strong>Et</strong></span> <span class='ocrx_word' id='word_1_168' title='bbox 2611 800 3075 873; x_wconf 88' lang='lat' dir='ltr'><strong>quemadmodum</strong></span> <span class='ocrx_word' id='word_1_169' title='bbox 3105 800 3162 855; x_wconf 90' lang='lat' dir='ltr'><strong>in</strong></span> <span class='ocrx_word' id='word_1_170' title='bbox 3193 797 3467 856; x_wconf 85' lang='lat' dir='ltr'><strong>sentiendi</strong></span> <span class='ocrx_word' id='word_1_171' title='bbox 3490 796 3701 852; x_wconf 90' lang='lat' dir='ltr'><strong>instru-</strong></span> 
     </span>
    </p>
   </div>
   <div class='ocr_carea' id='block_1_24' title="bbox 2127 888 3703 966">
    <p class='ocr_par' dir='ltr' id='par_1_24' title="bbox 2127 888 3703 966">
     <span class='ocr_line' id='line_1_24' title="bbox 2127 888 3703 966; baseline -0.003 -17"><span class='ocrx_word' id='word_1_172' title='bbox 2127 896 2327 951; x_wconf 88' lang='lat' dir='ltr'><strong>mentis</strong></span> <span class='ocrx_word' id='word_1_173' title='bbox 2363 896 2679 950; x_wconf 82' lang='lat' dir='ltr'><strong>facultatem</strong></span> <span class='ocrx_word' id='word_1_174' title='bbox 2720 896 2789 951; x_wconf 90' lang='lat' dir='ltr'><strong>ab</strong></span> <span class='ocrx_word' id='word_1_175' title='bbox 2817 909 2884 950; x_wconf 92' lang='lat' dir='ltr'><strong>eo</strong></span> <span class='ocrx_word' id='word_1_176' title='bbox 2913 893 3009 966; x_wconf 87' lang='lat' dir='ltr'><strong>qui</strong></span> <span class='ocrx_word' id='word_1_177' title='bbox 3053 892 3211 948; x_wconf 82' lang='lat' dir='ltr'><strong>ﬁnxit</strong></span> <span class='ocrx_word' id='word_1_178' title='bbox 3257 891 3503 955; x_wconf 90' lang='lat' dir='ltr'><strong>oculum,</strong></span> <span class='ocrx_word' id='word_1_179' title='bbox 3540 895 3596 944; x_wconf 90' lang='lat' dir='ltr'><strong>et</strong></span> <span class='ocrx_word' id='word_1_180' title='bbox 3632 888 3703 945; x_wconf 87' lang='lat' dir='ltr'><strong>ab</strong></span> 
     </span>
    </p>
   </div>
   <div class='ocr_carea' id='block_1_25' title="bbox 2126 979 3701 1056">
    <p class='ocr_par' dir='ltr' id='par_1_25' title="bbox 2126 979 3701 1056">
     <span class='ocr_line' id='line_1_25' title="bbox 2126 979 3701 1056; baseline -0.003 -15"><span class='ocrx_word' id='word_1_181' title='bbox 2126 1000 2192 1041; x_wconf 91' lang='lat' dir='ltr'><strong>eo</strong></span> <span class='ocrx_word' id='word_1_182' title='bbox 2220 986 2315 1056; x_wconf 92' lang='lat' dir='ltr'><strong>qui</strong></span> <span class='ocrx_word' id='word_1_183' title='bbox 2347 986 2615 1054; x_wconf 88' lang='lat' dir='ltr'><strong>plantavit</strong></span> <span class='ocrx_word' id='word_1_184' title='bbox 2643 1000 2830 1040; x_wconf 90' lang='lat' dir='ltr'><strong>aurem</strong></span> <span class='ocrx_word' id='word_1_185' title='bbox 2857 985 2914 1040; x_wconf 92' lang='lat' dir='ltr'><strong>in</strong></span> <span class='ocrx_word' id='word_1_186' title='bbox 2944 992 3145 1039; x_wconf 89' lang='lat' dir='ltr'><strong>natura</strong></span> <span class='ocrx_word' id='word_1_187' title='bbox 3173 982 3462 1049; x_wconf 87' lang='lat' dir='ltr'><strong>habentes,</strong></span> <span class='ocrx_word' id='word_1_188' title='bbox 3487 980 3555 1035; x_wconf 90' lang='lat' dir='ltr'><strong>ab</strong></span> <span class='ocrx_word' id='word_1_189' title='bbox 3568 979 3701 1050; x_wconf 86' lang='lat' dir='ltr'><strong>ipsis</strong></span> 
     </span>
    </p>
   </div>
   <div class='ocr_carea' id='block_1_26' title="bbox 2128 1070 3703 1150">
    <p class='ocr_par' dir='ltr' id='par_1_26' title="bbox 2128 1070 3703 1150">
     <span class='ocr_line' id='line_1_26' title="bbox 2128 1070 3703 1150; baseline -0.004 -17"><span class='ocrx_word' id='word_1_190' title='bbox 2128 1079 2195 1133; x_wconf 88' lang='lat' dir='ltr'><strong>ad</strong></span> <span class='ocrx_word' id='word_1_191' title='bbox 2231 1079 2379 1150; x_wconf 90' lang='lat' dir='ltr'><strong>quod</strong></span> <span class='ocrx_word' id='word_1_192' title='bbox 2414 1079 2907 1134; x_wconf 89' lang='lat' dir='ltr'><strong>instrumentorum</strong></span> <span class='ocrx_word' id='word_1_193' title='bbox 2951 1074 3224 1132; x_wconf 91' lang='lat' dir='ltr'><strong>sentiendi</strong></span> <span class='ocrx_word' id='word_1_194' title='bbox 3267 1070 3703 1143; x_wconf 87' lang='lat' dir='ltr'><strong>unumquodque</strong></span> 
     </span>
    </p>
   </div>
   <div class='ocr_carea' id='block_1_27' title="bbox 2128 1166 3703 1242">
    <p class='ocr_par' dir='ltr' id='par_1_27' title="bbox 2128 1166 3703 1242">
     <span class='ocr_line' id='line_1_27' title="bbox 2128 1166 3703 1242; baseline -0.004 -17"><span class='ocrx_word' id='word_1_195' title='bbox 2128 1180 2322 1226; x_wconf 90' lang='lat' dir='ltr'><strong>natura</strong></span> <span class='ocrx_word' id='word_1_196' title='bbox 2356 1176 2734 1242; x_wconf 88' lang='lat' dir='ltr'><strong>comparatum</strong></span> <span class='ocrx_word' id='word_1_197' title='bbox 2758 1177 2866 1234; x_wconf 87' lang='lat' dir='ltr'><strong>est,</strong></span> <span class='ocrx_word' id='word_1_198' title='bbox 2900 1167 2971 1223; x_wconf 91' lang='lat' dir='ltr'><strong>ad</strong></span> <span class='ocrx_word' id='word_1_199' title='bbox 3004 1168 3109 1223; x_wconf 90' lang='lat' dir='ltr'><strong>hoc</strong></span> <span class='ocrx_word' id='word_1_200' title='bbox 3135 1166 3223 1222; x_wconf 91' lang='lat' dir='ltr'><strong>usi</strong></span> <span class='ocrx_word' id='word_1_201' title='bbox 3264 1179 3479 1230; x_wconf 88' lang='lat' dir='ltr'><strong>sumus,</strong></span> <span class='ocrx_word' id='word_1_202' title='bbox 3521 1177 3703 1232; x_wconf 89' lang='lat' dir='ltr'><strong>neque</strong></span> 
     </span>
    </p>
   </div>
   <div class='ocr_carea' id='block_1_28' title="bbox 2126 1253 3702 1332">
    <p class='ocr_par' dir='ltr' id='par_1_28' title="bbox 2126 1253 3702 1332">
     <span class='ocr_line' id='line_1_28' title="bbox 2126 1253 3702 1332; baseline -0.006 -15"><span class='ocrx_word' id='word_1_203' title='bbox 2126 1278 2349 1332; x_wconf 88' lang='lat' dir='ltr'><strong>egemus</strong></span> <span class='ocrx_word' id='word_1_204' title='bbox 2410 1277 2475 1316; x_wconf 93' lang='lat' dir='ltr'><strong>eo</strong></span> <span class='ocrx_word' id='word_1_205' title='bbox 2529 1263 2620 1331; x_wconf 91' lang='lat' dir='ltr'><strong>qui</strong></span> <span class='ocrx_word' id='word_1_206' title='bbox 2660 1262 2876 1317; x_wconf 91' lang='lat' dir='ltr'><strong>colores</strong></span> <span class='ocrx_word' id='word_1_207' title='bbox 2936 1259 3205 1325; x_wconf 88' lang='lat' dir='ltr'><strong>nominet,</strong></span> <span class='ocrx_word' id='word_1_208' title='bbox 3256 1269 3491 1327; x_wconf 89' lang='lat' dir='ltr'><strong>quorum</strong></span> <span class='ocrx_word' id='word_1_209' title='bbox 3546 1253 3702 1309; x_wconf 91' lang='lat' dir='ltr'><strong>visus</strong></span> 
     </span>
    </p>
   </div>
   <div class='ocr_carea' id='block_1_29' title="bbox 2128 1345 3701 1425">
    <p class='ocr_par' dir='ltr' id='par_1_29' title="bbox 2128 1345 3701 1425">
     <span class='ocr_line' id='line_1_29' title="bbox 2128 1345 3701 1425; baseline -0.006 -16"><span class='ocrx_word' id='word_1_210' title='bbox 2128 1355 2535 1425; x_wconf 86' lang='lat' dir='ltr'><strong>perceptionem</strong></span> <span class='ocrx_word' id='word_1_211' title='bbox 2561 1354 2725 1409; x_wconf 87' lang='lat' dir='ltr'><strong>habet</strong></span> <span class='ocrx_word' id='word_1_212' title='bbox 2750 1374 2761 1408; x_wconf 92' lang='lat'>:</span> <span class='ocrx_word' id='word_1_213' title='bbox 2796 1352 2995 1409; x_wconf 85' lang='lat' dir='ltr'><strong>sulIicit</strong></span> <span class='ocrx_word' id='word_1_214' title='bbox 3023 1352 3169 1407; x_wconf 87' lang='lat' dir='ltr'><strong>enim</strong></span> <span class='ocrx_word' id='word_1_215' title='bbox 3199 1349 3345 1421; x_wconf 91' lang='lat' dir='ltr'><strong>quod</strong></span> <span class='ocrx_word' id='word_1_216' title='bbox 3372 1346 3569 1404; x_wconf 92' lang='lat' dir='ltr'><strong>oculus</strong></span> <span class='ocrx_word' id='word_1_217' title='bbox 3594 1345 3701 1401; x_wconf 88' lang='lat' dir='ltr'><strong>sibi</strong></span> 
     </span>
    </p>
   </div>
   <div class='ocr_carea' id='block_1_30' title="bbox 2128 1436 3703 1517">
    <p class='ocr_par' dir='ltr' id='par_1_30' title="bbox 2128 1436 3703 1517">
     <span class='ocr_line' id='line_1_30' title="bbox 2128 1436 3703 1517; baseline -0.006 -16"><span class='ocrx_word' id='word_1_218' title='bbox 2128 1448 2198 1502; x_wconf 88' lang='lat' dir='ltr'><strong>sit</strong></span> <span class='ocrx_word' id='word_1_219' title='bbox 2226 1448 2415 1500; x_wconf 90' lang='lat' dir='ltr'><strong>talium</strong></span> <span class='ocrx_word' id='word_1_220' title='bbox 2455 1446 2755 1517; x_wconf 82' lang='lat' dir='ltr'><strong>magister:</strong></span> <span class='ocrx_word' id='word_1_221' title='bbox 2789 1460 2967 1515; x_wconf 90' lang='lat' dir='ltr'><strong>neque</strong></span> <span class='ocrx_word' id='word_1_222' title='bbox 3001 1458 3191 1499; x_wconf 88' lang='lat' dir='ltr'><strong>eorum</strong></span> <span class='ocrx_word' id='word_1_223' title='bbox 3233 1455 3357 1513; x_wconf 62' lang='lat' dir='ltr'><strong>qua:</strong></span> <span class='ocrx_word' id='word_1_224' title='bbox 3400 1454 3499 1510; x_wconf 91' lang='lat' dir='ltr'><strong>per</strong></span> <span class='ocrx_word' id='word_1_225' title='bbox 3545 1436 3703 1492; x_wconf 88' lang='lat' dir='ltr'><strong>audi-</strong></span> 
     </span>
    </p>
   </div>
   <div class='ocr_carea' id='block_1_31' title="bbox 2126 1530 3698 1609">
    <p class='ocr_par' dir='ltr' id='par_1_31' title="bbox 2126 1530 3698 1609">
     <span class='ocr_line' id='line_1_31' title="bbox 2126 1530 3698 1609; baseline -0.008 -15"><span class='ocrx_word' id='word_1_226' title='bbox 2126 1547 2275 1605; x_wconf 93' lang='lat' dir='ltr'><strong>tum,</strong></span> <span class='ocrx_word' id='word_1_227' title='bbox 2317 1538 2400 1592; x_wconf 89' lang='lat' dir='ltr'><strong>vel</strong></span> <span class='ocrx_word' id='word_1_228' title='bbox 2440 1553 2548 1608; x_wconf 89' lang='lat' dir='ltr'><strong>.per</strong></span> <span class='ocrx_word' id='word_1_229' title='bbox 2580 1546 2834 1609; x_wconf 83' lang='lat' dir='ltr'><strong>gustum,</strong></span> <span class='ocrx_word' id='word_1_230' title='bbox 2882 1536 2966 1591; x_wconf 85' lang='lat' dir='ltr'><strong>vel</strong></span> <span class='ocrx_word' id='word_1_231' title='bbox 3011 1549 3111 1606; x_wconf 90' lang='lat' dir='ltr'><strong>per</strong></span> <span class='ocrx_word' id='word_1_232' title='bbox 3153 1541 3361 1587; x_wconf 90' lang='lat' dir='ltr'><strong>tactum</strong></span> <span class='ocrx_word' id='word_1_233' title='bbox 3406 1530 3698 1593; x_wconf 87' lang='lat' dir='ltr'><strong>sentimus,</strong></span> 
     </span>
    </p>
   </div>
   <div class='ocr_carea' id='block_1_32' title="bbox 2127 1619 3702 1698">
    <p class='ocr_par' dir='ltr' id='par_1_32' title="bbox 2127 1619 3702 1698">
     <span class='ocr_line' id='line_1_32' title="bbox 2127 1619 3702 1698; baseline -0.008 -15"><span class='ocrx_word' id='word_1_234' title='bbox 2127 1630 2318 1684; x_wconf 90' lang='lat' dir='ltr'><strong>alienis</strong></span> <span class='ocrx_word' id='word_1_235' title='bbox 2341 1628 2407 1683; x_wconf 90' lang='lat' dir='ltr'><strong>ad</strong></span> <span class='ocrx_word' id='word_1_236' title='bbox 2428 1627 2787 1698; x_wconf 79' lang='lat' dir='ltr'><strong>cognitionem</strong></span> <span class='ocrx_word' id='word_1_237' title='bbox 2805 1624 3119 1680; x_wconf 84' lang='lat' dir='ltr'><strong>doctoribus</strong></span> <span class='ocrx_word' id='word_1_238' title='bbox 3140 1622 3467 1693; x_wconf 78' lang='lat' dir='ltr'><strong>indigemus,</strong></span> <span class='ocrx_word' id='word_1_239' title='bbox 3489 1634 3520 1674; x_wconf 92' lang='lat' dir='ltr'><strong>e</strong></span> <span class='ocrx_word' id='word_1_240' title='bbox 3538 1619 3702 1673; x_wconf 93' lang='lat' dir='ltr'><strong>domo</strong></span> 
     </span>
    </p>
   </div>
   <div class='ocr_carea' id='block_1_33' title="bbox 2130 1708 3702 1785">
    <p class='ocr_par' dir='ltr' id='par_1_33' title="bbox 2130 1708 3702 1785">
     <span class='ocr_line' id='line_1_33' title="bbox 2130 1708 3702 1785; baseline -0.008 -13"><span class='ocrx_word' id='word_1_241' title='bbox 2130 1719 2392 1773; x_wconf 91' lang='lat' dir='ltr'><strong>habentes</strong></span> <span class='ocrx_word' id='word_1_242' title='bbox 2429 1718 2697 1785; x_wconf 85' lang='lat' dir='ltr'><strong>cujusque</strong></span> <span class='ocrx_word' id='word_1_243' title='bbox 2731 1730 2919 1770; x_wconf 88' lang='lat' dir='ltr'><strong>eorum</strong></span> <span class='ocrx_word' id='word_1_244' title='bbox 2954 1727 3073 1784; x_wconf 66' lang='lat' dir='ltr'><strong>quae</strong></span> <span class='ocrx_word' id='word_1_245' title='bbox 3105 1728 3201 1783; x_wconf 89' lang='lat' dir='ltr'><strong>per</strong></span> <span class='ocrx_word' id='word_1_246' title='bbox 3230 1724 3451 1767; x_wconf 88' lang='lat' dir='ltr'><strong>sensum</strong></span> <span class='ocrx_word' id='word_1_247' title='bbox 3476 1708 3702 1778; x_wconf 84' lang='lat' dir='ltr'><strong>ingene-</strong></span> 
     </span>
    </p>
   </div>
   <div class='ocr_carea' id='block_1_34' title="bbox 448 1794 2020 1875">
    <p class='ocr_par' dir='ltr' id='par_1_34' title="bbox 448 1799 2020 1875">
     <span class='ocr_line' id='line_1_34' title="bbox 448 1799 2020 1875; baseline 0.001 -24"><span class='ocrx_word' id='word_1_248' title='bbox 448 1799 751 1871; x_wconf 82' lang='grc' dir='ltr'>πράγματα</span> <span class='ocrx_word' id='word_1_249' title='bbox 782 1801 998 1871; x_wconf 79' lang='grc' dir='ltr'>βλέπειν</span> <span class='ocrx_word' id='word_1_250' title='bbox 1022 1818 1036 1831; x_wconf 79' lang='grc'><strong><em>⁸</em></strong></span> <span class='ocrx_word' id='word_1_251' title='bbox 1067 1804 1163 1855; x_wconf 76' lang='grc' dir='ltr'><strong>καὶ</strong></span> <span class='ocrx_word' id='word_1_252' title='bbox 1198 1802 1274 1866; x_wconf 88' lang='grc' dir='ltr'>ὡς</span> <span class='ocrx_word' id='word_1_253' title='bbox 1314 1802 1379 1857; x_wconf 87' lang='grc' dir='ltr'><strong>ἂν</strong></span> <span class='ocrx_word' id='word_1_254' title='bbox 1410 1804 1678 1875; x_wconf 87' lang='grc' dir='ltr'>μηδεμίαν</span> <span class='ocrx_word' id='word_1_255' title='bbox 1705 1802 1964 1871; x_wconf 85' lang='grc' dir='ltr'>σύγχυσιν</span> <span class='ocrx_word' id='word_1_256' title='bbox 1989 1802 2020 1871; x_wconf 82' lang='grc' dir='ltr'>ἡ</span> 
     </span>
    </p>
   </div>
   <div class='ocr_carea' id='block_1_35' title="bbox 2122 1794 3700 1875">
    <p class='ocr_par' dir='ltr' id='par_1_35' title="bbox 2131 1794 3700 1874">
     <span class='ocr_line' id='line_1_35' title="bbox 2131 1794 3700 1874; baseline -0.007 -12"><span class='ocrx_word' id='word_1_257' title='bbox 2131 1816 2321 1862; x_wconf 89' lang='lat' dir='ltr'><strong>rantur</strong></span> <span class='ocrx_word' id='word_1_258' title='bbox 2354 1806 2514 1861; x_wconf 87' lang='lat' dir='ltr'><strong>nobis</strong></span> <span class='ocrx_word' id='word_1_259' title='bbox 2538 1803 2822 1874; x_wconf 89' lang='lat' dir='ltr'><strong>judicandi</strong></span> <span class='ocrx_word' id='word_1_260' title='bbox 2864 1794 3309 1857; x_wconf 79' lang='lat' dir='ltr'><strong>instrum‘entum.</strong></span> <span class='ocrx_word' id='word_1_261' title='bbox 3340 1798 3434 1852; x_wconf 88' lang='lat' dir='ltr'><strong>Sic</strong></span> <span class='ocrx_word' id='word_1_262' title='bbox 3464 1795 3700 1851; x_wconf 84' lang='lat' dir='ltr'><strong>dicimus</strong></span> 
     </span>
    </p>
   </div>
   <div class='ocr_carea' id='block_1_36' title="bbox 448 1892 2026 1967">
    <p class='ocr_par' dir='ltr' id='par_1_36' title="bbox 448 1892 2026 1967">
     <span class='ocr_line' id='line_1_36' title="bbox 448 1892 2026 1967; baseline 0.003 -23"><span class='ocrx_word' id='word_1_263' title='bbox 448 1892 648 1960; x_wconf 87' lang='grc' dir='ltr'>γνῶσις</span> <span class='ocrx_word' id='word_1_264' title='bbox 687 1894 882 1960; x_wconf 90' lang='grc' dir='ltr'>πάθοι,</span> <span class='ocrx_word' id='word_1_265' title='bbox 928 1895 1178 1966; x_wconf 90' lang='grc' dir='ltr'>καθάπερ</span> <span class='ocrx_word' id='word_1_266' title='bbox 1214 1895 1501 1967; x_wconf 83' lang='grc' dir='ltr'>σήμαντρά</span> <span class='ocrx_word' id='word_1_267' title='bbox 1537 1913 1655 1950; x_wconf 90' lang='grc' dir='ltr'>τινα</span> <span class='ocrx_word' id='word_1_268' title='bbox 1682 1896 1781 1959; x_wconf 78' lang='grc' dir='ltr'>τὰς</span> <span class='ocrx_word' id='word_1_269' title='bbox 1809 1896 1894 1948; x_wconf 85' lang='grc' dir='ltr'>διὰ</span> <span class='ocrx_word' id='word_1_270' title='bbox 1918 1895 2026 1949; x_wconf 88' lang='grc' dir='ltr'><strong>τῶν</strong></span> 
     </span>
    </p>
   </div>
   <div class='ocr_carea' id='block_1_37' title="bbox 448 1984 2027 2059">
    <p class='ocr_par' dir='ltr' id='par_1_37' title="bbox 448 1984 2027 2059">
     <span class='ocr_line' id='line_1_37' title="bbox 448 1984 2027 2059; baseline 0.002 -22"><span class='ocrx_word' id='word_1_271' title='bbox 448 1984 640 2052; x_wconf 82' lang='grc' dir='ltr'>φωνῶν</span> <span class='ocrx_word' id='word_1_272' title='bbox 664 1985 1086 2057; x_wconf 83' lang='grc' dir='ltr'>ἑπισημειώσεις</span> <span class='ocrx_word' id='word_1_273' title='bbox 1121 1987 1338 2059; x_wconf 80' lang='grc' dir='ltr'>ἑκάστῳ</span> <span class='ocrx_word' id='word_1_274' title='bbox 1378 1987 1484 2041; x_wconf 85' lang='grc' dir='ltr'><strong>τῶν</strong></span> <span class='ocrx_word' id='word_1_275' title='bbox 1536 1988 1874 2059; x_wconf 84' lang='grc' dir='ltr'>πραγμάτων</span> <span class='ocrx_word' id='word_1_276' title='bbox 1907 1989 2027 2041; x_wconf 81' lang='grc' dir='ltr'>ἐπι-</span> 
     </span>
    </p>
   </div>
   <div class='ocr_carea' id='block_1_38' title="bbox 448 2076 2025 2151">
    <p class='ocr_par' dir='ltr' id='par_1_38' title="bbox 448 2076 2025 2151">
     <span class='ocr_line' id='line_1_38' title="bbox 448 2076 2025 2151; baseline 0.004 -24"><span class='ocrx_word' id='word_1_277' title='bbox 448 2076 680 2130; x_wconf 82' lang='grc' dir='ltr'>6ἀλλειν.</span> <span class='ocrx_word' id='word_1_278' title='bbox 716 2078 1006 2132; x_wconf 80' lang='grc' dir='ltr'>Πιστοῦται</span> <span class='ocrx_word' id='word_1_279' title='bbox 1038 2079 1094 2132; x_wconf 83' lang='grc' dir='ltr'>δὲ</span> <span class='ocrx_word' id='word_1_280' title='bbox 1118 2080 1177 2132; x_wconf 87' lang='grc' dir='ltr'><strong>τὸ</strong></span> <span class='ocrx_word' id='word_1_281' title='bbox 1210 2080 1445 2134; x_wconf 82' lang='grc' dir='ltr'>τοιοῦτον</span> <span class='ocrx_word' id='word_1_282' title='bbox 1466 2080 1641 2151; x_wconf 80' lang='grc' dir='ltr'>δόγμα</span> <span class='ocrx_word' id='word_1_283' title='bbox 1673 2083 1765 2133; x_wconf 79' lang='grc' dir='ltr'><strong>καὶ</strong></span> <span class='ocrx_word' id='word_1_284' title='bbox 1793 2082 1821 2133; x_wconf 92' lang='lat'><strong>6</strong></span> <span class='ocrx_word' id='word_1_285' title='bbox 1853 2080 2025 2150; x_wconf 80' lang='grc' dir='ltr'><strong>μέγας</strong></span> 
     </span>
    </p>
   </div>
   <div class='ocr_carea' id='block_1_39' title="bbox 446 2167 2025 2241">
    <p class='ocr_par' dir='ltr' id='par_1_39' title="bbox 446 2167 2025 2241">
     <span class='ocr_line' id='line_1_39' title="bbox 446 2167 2025 2241; baseline 0.002 -21"><span class='ocrx_word' id='word_1_286' title='bbox 446 2168 708 2238; x_wconf 80' lang='grc' dir='ltr'>Μωῦσῆς,</span> <span class='ocrx_word' id='word_1_287' title='bbox 742 2167 909 2223; x_wconf 80' lang='grc' dir='ltr'>εἰπὼν</span> <span class='ocrx_word' id='word_1_288' title='bbox 962 2170 1110 2241; x_wconf 84' lang='grc' dir='ltr'><strong>παρά</strong></span> <span class='ocrx_word' id='word_1_289' title='bbox 1149 2170 1242 2223; x_wconf 89' lang='grc' dir='ltr'><strong>τοῦ</strong></span> <span class='ocrx_word' id='word_1_290' title='bbox 1285 2171 1452 2240; x_wconf 79' lang='grc' dir='ltr'>Ἀδὰμ</span> <span class='ocrx_word' id='word_1_291' title='bbox 1505 2170 1866 2224; x_wconf 81' lang='grc' dir='ltr'>ἑπιτεθεϊσθαι</span> <span class='ocrx_word' id='word_1_292' title='bbox 1914 2173 2025 2234; x_wconf 85' lang='grc' dir='ltr'>τοῖς</span> 
     </span>
    </p>
   </div>
   <div class='ocr_carea' id='block_1_40' title="bbox 452 2259 2026 2334">
    <p class='ocr_par' dir='ltr' id='par_1_40' title="bbox 452 2259 2026 2334">
     <span class='ocr_line' id='line_1_40' title="bbox 452 2259 2026 2334; baseline 0.004 -23"><span class='ocrx_word' id='word_1_293' title='bbox 452 2259 666 2325; x_wconf 83' lang='grc' dir='ltr'>ἀλόγοις</span> <span class='ocrx_word' id='word_1_294' title='bbox 715 2262 825 2313; x_wconf 87' lang='grc' dir='ltr'><strong>τῶν</strong></span> <span class='ocrx_word' id='word_1_295' title='bbox 872 2260 1024 2325; x_wconf 82' lang='grc' dir='ltr'>ζώων</span> <span class='ocrx_word' id='word_1_296' title='bbox 1056 2262 1153 2325; x_wconf 85' lang='grc' dir='ltr'>τὰς</span> <span class='ocrx_word' id='word_1_297' title='bbox 1186 2263 1534 2331; x_wconf 78' lang='grc' dir='ltr'>ἐπωνυμίας,</span> <span class='ocrx_word' id='word_1_298' title='bbox 1558 2263 1756 2316; x_wconf 73' lang='grc' dir='ltr'>οὑτωσὶ</span> <span class='ocrx_word' id='word_1_299' title='bbox 1810 2263 2026 2334; x_wconf 68' lang='grc' dir='ltr'>γράψας</span> 
     </span>
    </p>
   </div>
   <div class='ocr_carea' id='block_1_41' title="bbox 450 2348 2025 2423">
    <p class='ocr_par' dir='ltr' id='par_1_41' title="bbox 450 2348 2025 2423">
     <span class='ocr_line' id='line_1_41' title="bbox 450 2348 2025 2423; baseline 0.004 -24"><span class='ocrx_word' id='word_1_300' title='bbox 450 2348 528 2417; x_wconf 81' lang='grc' dir='ltr'>τῷ</span> <span class='ocrx_word' id='word_1_301' title='bbox 556 2350 759 2419; x_wconf 79' lang='grc' dir='ltr'>ῥήματι</span> <span class='ocrx_word' id='word_1_302' title='bbox 789 2365 805 2381; x_wconf 76' lang='grc' dir='ltr'><strong><em>ο</em></strong></span> <span class='ocrx_word' id='word_1_303' title='bbox 836 2351 943 2404; x_wconf 81' lang='lat' dir='ltr'><strong>Kal</strong></span> <span class='ocrx_word' id='word_1_304' title='bbox 974 2351 1245 2405; x_wconf 77' lang='grc' dir='ltr'>ἔπλασεν</span> <span class='ocrx_word' id='word_1_305' title='bbox 1272 2355 1305 2406; x_wconf 84' lang='grc' dir='ltr'><em>ὁ</em></span> <span class='ocrx_word' id='word_1_306' title='bbox 1352 2352 1496 2419; x_wconf 86' lang='grc' dir='ltr'><strong>Θεὸς</strong></span> <span class='ocrx_word' id='word_1_307' title='bbox 1528 2352 1617 2405; x_wconf 78' lang='grc' dir='ltr'>ἔτι</span> <span class='ocrx_word' id='word_1_308' title='bbox 1651 2353 1719 2406; x_wconf 84' lang='grc' dir='ltr'>ἐκ</span> <span class='ocrx_word' id='word_1_309' title='bbox 1752 2352 1864 2421; x_wconf 85' lang='grc' dir='ltr'>τῆς</span> <span class='ocrx_word' id='word_1_310' title='bbox 1912 2353 2025 2423; x_wconf 75' lang='grc' dir='ltr'>γῆς</span> 
     </span>
    </p>
   </div>
   <div class='ocr_carea' id='block_1_42' title="bbox 445 2436 2026 2512">
    <p class='ocr_par' dir='ltr' id='par_1_42' title="bbox 445 2436 2026 2512">
     <span class='ocr_line' id='line_1_42' title="bbox 445 2436 2026 2512; baseline 0.007 -23"><span class='ocrx_word' id='word_1_311' title='bbox 445 2436 641 2491; x_wconf 76' lang='grc' dir='ltr'>πάντα</span> <span class='ocrx_word' id='word_1_312' title='bbox 674 2440 745 2492; x_wconf 87' lang='grc' dir='ltr'>τὰ</span> <span class='ocrx_word' id='word_1_313' title='bbox 773 2442 945 2510; x_wconf 82' lang='grc' dir='ltr'>θηρία</span> <span class='ocrx_word' id='word_1_314' title='bbox 969 2442 1077 2495; x_wconf 80' lang='grc' dir='ltr'><strong>τοῦ</strong></span> <span class='ocrx_word' id='word_1_315' title='bbox 1108 2444 1316 2512; x_wconf 81' lang='grc' dir='ltr'>ἀγροῦ,</span> <span class='ocrx_word' id='word_1_316' title='bbox 1344 2444 1440 2497; x_wconf 83' lang='grc' dir='ltr'>καὶ</span> <span class='ocrx_word' id='word_1_317' title='bbox 1480 2444 1674 2498; x_wconf 82' lang='grc' dir='ltr'>πάντα</span> <span class='ocrx_word' id='word_1_318' title='bbox 1695 2446 1766 2499; x_wconf 85' lang='grc' dir='ltr'>τὰ</span> <span class='ocrx_word' id='word_1_319' title='bbox 1785 2446 2026 2501; x_wconf 84' lang='grc' dir='ltr'>πετεινὰ</span> 
     </span>
    </p>
   </div>
   <div class='ocr_carea' id='block_1_43' title="bbox 442 2528 2025 2607">
    <p class='ocr_par' dir='ltr' id='par_1_43' title="bbox 442 2528 2025 2607">
     <span class='ocr_line' id='line_1_43' title="bbox 442 2528 2025 2607; baseline 0.006 -26"><span class='ocrx_word' id='word_1_320' title='bbox 442 2528 549 2583; x_wconf 86' lang='grc' dir='ltr'><strong>τοῦ</strong></span> <span class='ocrx_word' id='word_1_321' title='bbox 593 2532 871 2599; x_wconf 80' lang='grc' dir='ltr'>οὐρανοῦ,</span> <span class='ocrx_word' id='word_1_322' title='bbox 906 2535 1003 2588; x_wconf 78' lang='grc' dir='ltr'>καὶ</span> <span class='ocrx_word' id='word_1_323' title='bbox 1047 2535 1271 2605; x_wconf 75' lang='grc' dir='ltr'>ἤγαγεν</span> <span class='ocrx_word' id='word_1_324' title='bbox 1308 2537 1461 2591; x_wconf 80' lang='grc' dir='ltr'>αὐτὰ</span> <span class='ocrx_word' id='word_1_325' title='bbox 1507 2538 1657 2606; x_wconf 84' lang='grc' dir='ltr'>πρὸς</span> <span class='ocrx_word' id='word_1_326' title='bbox 1704 2537 1811 2590; x_wconf 77' lang='grc' dir='ltr'><strong>τὸν</strong></span> <span class='ocrx_word' id='word_1_327' title='bbox 1854 2537 2025 2607; x_wconf 68' lang='grc' dir='ltr'>Ἀδὰμ</span> 
     </span>
    </p>
   </div>
   <div class='ocr_carea' id='block_1_44' title="bbox 445 2622 2023 2683">
    <p class='ocr_par' dir='ltr' id='par_1_44' title="bbox 445 2622 2023 2683">
     <span class='ocr_line' id='line_1_44' title="bbox 445 2622 2023 2683; baseline 0.005 -9"><span class='ocrx_word' id='word_1_328' title='bbox 445 2622 593 2675; x_wconf 68' lang='grc' dir='ltr'><strong>ἰδεῖν</strong></span> <span class='ocrx_word' id='word_1_329' title='bbox 618 2624 675 2676; x_wconf 83' lang='grc' dir='ltr'><strong>τί</strong></span> <span class='ocrx_word' id='word_1_330' title='bbox 702 2626 944 2679; x_wconf 73' lang='grc' dir='ltr'>καλέσει</span> <span class='ocrx_word' id='word_1_331' title='bbox 966 2626 1134 2681; x_wconf 81' lang='grc' dir='ltr'>αὑτά.</span> <span class='ocrx_word' id='word_1_332' title='bbox 1174 2627 1281 2680; x_wconf 83' lang='lat' dir='ltr'><strong>Kal</strong></span> <span class='ocrx_word' id='word_1_333' title='bbox 1312 2627 1434 2682; x_wconf 73' lang='grc' dir='ltr'><strong>πᾶν</strong></span> <span class='ocrx_word' id='word_1_334' title='bbox 1475 2627 1506 2681; x_wconf 87' lang='grc' dir='ltr'>ὃ</span> <span class='ocrx_word' id='word_1_335' title='bbox 1536 2628 1833 2682; x_wconf 72' lang='grc' dir='ltr'>ἐκάλεσεν</span> <span class='ocrx_word' id='word_1_336' title='bbox 1876 2629 2023 2683; x_wconf 82' lang='grc' dir='ltr'>αὐτὸ</span> 
     </span>
    </p>
   </div>
   <div class='ocr_carea' id='block_1_45' title="bbox 459 2715 2022 2789">
    <p class='ocr_par' dir='ltr' id='par_1_45' title="bbox 459 2715 2022 2789">
     <span class='ocr_line' id='line_1_45' title="bbox 459 2715 2022 2789; baseline 0.003 -21"><span class='ocrx_word' id='word_1_337' title='bbox 459 2715 630 2785; x_wconf 78' lang='grc' dir='ltr'>Ἀδὰμ</span> <span class='ocrx_word' id='word_1_338' title='bbox 684 2716 898 2786; x_wconf 62' lang='grc' dir='ltr'>ψυχὴν</span> <span class='ocrx_word' id='word_1_339' title='bbox 945 2716 1174 2779; x_wconf 75' lang='grc' dir='ltr'>ζῶσαν,</span> <span class='ocrx_word' id='word_1_340' title='bbox 1205 2719 1380 2773; x_wconf 82' lang='grc' dir='ltr'>τοῦτο</span> <span class='ocrx_word' id='word_1_341' title='bbox 1433 2721 1618 2789; x_wconf 81' lang='grc' dir='ltr'>ὄνομα</span> <span class='ocrx_word' id='word_1_342' title='bbox 1674 2720 1853 2785; x_wconf 81' lang='grc' dir='ltr'>αὐτῷ.</span> <span class='ocrx_word' id='word_1_343' title='bbox 1910 2720 2022 2773; x_wconf 77' lang='grc' dir='ltr'><strong>Καὶ</strong></span> 
     </span>
    </p>
   </div>
   <div class='ocr_carea' id='block_1_46' title="bbox 444 2806 2023 2879">
    <p class='ocr_par' dir='ltr' id='par_1_46' title="bbox 444 2806 2023 2879">
     <span class='ocr_line' id='line_1_46' title="bbox 444 2806 2023 2879; baseline 0.001 -20"><span class='ocrx_word' id='word_1_344' title='bbox 444 2806 737 2861; x_wconf 78' lang='grc' dir='ltr'><strong>ἐκάλεσεν</strong></span> <span class='ocrx_word' id='word_1_345' title='bbox 783 2807 954 2877; x_wconf 83' lang='grc' dir='ltr'>Ἀδὰμ</span> <span class='ocrx_word' id='word_1_346' title='bbox 1006 2810 1265 2878; x_wconf 80' lang='grc' dir='ltr'>ὀνόματα</span> <span class='ocrx_word' id='word_1_347' title='bbox 1304 2808 1611 2875; x_wconf 76' lang='grc' dir='ltr'>πᾶσι’τοῖς</span> <span class='ocrx_word' id='word_1_348' title='bbox 1641 2811 1869 2879; x_wconf 80' lang='grc' dir='ltr'>θηρίοις</span> <span class='ocrx_word' id='word_1_349' title='bbox 1914 2809 2023 2877; x_wconf 84' lang='grc' dir='ltr'>τῆς</span> 
     </span>
    </p>
   </div>
   <div class='ocr_carea' id='block_1_47' title="bbox 441 2895 2022 2968">
    <p class='ocr_par' dir='ltr' id='par_1_47' title="bbox 441 2895 2022 2968">
     <span class='ocr_line' id='line_1_47' title="bbox 441 2895 2022 2968; baseline 0.001 -18"><span class='ocrx_word' id='word_1_350' title='bbox 441 2895 556 2965; x_wconf 74' lang='grc' dir='ltr'>γῆς</span> <span class='ocrx_word' id='word_1_351' title='bbox 605 2896 701 2951; x_wconf 76' lang='grc' dir='ltr'>καὶ</span> <span class='ocrx_word' id='word_1_352' title='bbox 763 2898 1047 2965; x_wconf 81' lang='grc' dir='ltr'><strong>κτήνεσι,</strong></span> <span class='ocrx_word' id='word_1_353' title='bbox 1095 2901 1191 2953; x_wconf 64' lang='grc' dir='ltr'>καὶ</span> <span class='ocrx_word' id='word_1_354' title='bbox 1248 2900 1398 2955; x_wconf 83' lang='grc' dir='ltr'>πᾶσι</span> <span class='ocrx_word' id='word_1_355' title='bbox 1448 2902 1572 2967; x_wconf 84' lang='grc' dir='ltr'>τοῖς</span> <span class='ocrx_word' id='word_1_356' title='bbox 1623 2902 1849 2968; x_wconf 85' lang='grc' dir='ltr'>θηρίοις</span> <span class='ocrx_word' id='word_1_357' title='bbox 1915 2899 2022 2952; x_wconf 83' lang='grc' dir='ltr'><strong>τοῦ</strong></span> 
     </span>
    </p>
   </div>
   <div class='ocr_carea' id='block_1_48' title="bbox 446 2988 663 3067">
    <p class='ocr_par' dir='ltr' id='par_1_48' title="bbox 446 2988 663 3067">
     <span class='ocr_line' id='line_1_48' title="bbox 446 2988 663 3067; baseline 0.009 -26"><span class='ocrx_word' id='word_1_358' title='bbox 446 2988 663 3067; x_wconf 28' lang='grc' dir='ltr'>ἀγροῦ..</span> 
     </span>
    </p>
   </div>
   <div class='ocr_carea' id='block_1_49' title="bbox 526 3081 2021 3158">
    <p class='ocr_par' dir='ltr' id='par_1_49' title="bbox 526 3081 2021 3158">
     <span class='ocr_line' id='line_1_49' title="bbox 526 3081 2021 3158; baseline 0.005 -25"><span class='ocrx_word' id='word_1_359' title='bbox 526 3081 663 3133; x_wconf 86' lang='grc' dir='ltr'>Ἀλλ’</span> <span class='ocrx_word' id='word_1_360' title='bbox 704 3081 846 3134; x_wconf 82' lang='grc' dir='ltr'>ἔοικε</span> <span class='ocrx_word' id='word_1_361' title='bbox 890 3083 1137 3154; x_wconf 87' lang='grc' dir='ltr'>καθάπερ</span> <span class='ocrx_word' id='word_1_362' title='bbox 1165 3102 1249 3148; x_wconf 88' lang='grc' dir='ltr'><strong>τις</strong></span> <span class='ocrx_word' id='word_1_363' title='bbox 1273 3084 1533 3157; x_wconf 84' lang='grc' dir='ltr'>γλοιὼδης</span> <span class='ocrx_word' id='word_1_364' title='bbox 1566 3085 1753 3155; x_wconf 83' lang='grc' dir='ltr'>πηλὸς,</span> <span class='ocrx_word' id='word_1_365' title='bbox 1773 3087 1865 3139; x_wconf 74' lang='grc' dir='ltr'>καὶ</span> <span class='ocrx_word' id='word_1_366' title='bbox 1904 3087 2021 3158; x_wconf 86' lang='grc' dir='ltr'>ἑχέ-</span> 
     </span>
    </p>
   </div>
   <div class='ocr_carea' id='block_1_50' title="bbox 443 3171 2018 3249">
    <p class='ocr_par' dir='ltr' id='par_1_50' title="bbox 443 3171 2018 3249">
     <span class='ocr_line' id='line_1_50' title="bbox 443 3171 2018 3249; baseline 0.004 -25"><span class='ocrx_word' id='word_1_367' title='bbox 443 3171 658 3238; x_wconf 87' lang='grc' dir='ltr'>κολλος,</span> <span class='ocrx_word' id='word_1_368' title='bbox 685 3175 712 3225; x_wconf 91' lang='grc' dir='ltr'>ὁ</span> <span class='ocrx_word' id='word_1_369' title='bbox 742 3174 881 3227; x_wconf 83' lang='grc' dir='ltr'><strong>κατά</strong></span> <span class='ocrx_word' id='word_1_370' title='bbox 927 3176 1023 3245; x_wconf 81' lang='grc' dir='ltr'>τῆς</span> <span class='ocrx_word' id='word_1_371' title='bbox 1065 3177 1307 3240; x_wconf 77' lang='grc' dir='ltr'>ἐπινοίας</span> <span class='ocrx_word' id='word_1_372' title='bbox 1355 3177 1501 3247; x_wconf 79' lang='grc' dir='ltr'>αὐτῷ</span> <span class='ocrx_word' id='word_1_373' title='bbox 1554 3178 1826 3241; x_wconf 79' lang='grc' dir='ltr'>συντεθεὶς</span> <span class='ocrx_word' id='word_1_374' title='bbox 1856 3178 2018 3249; x_wconf 88' lang='grc' dir='ltr'>λῆρος</span> 
     </span>
    </p>
   </div>
   <div class='ocr_carea' id='block_1_51' title="bbox 443 3263 2020 3339">
    <p class='ocr_par' dir='ltr' id='par_1_51' title="bbox 443 3263 2020 3339">
     <span class='ocr_line' id='line_1_51' title="bbox 443 3263 2020 3339; baseline 0.006 -26"><span class='ocrx_word' id='word_1_375' title='bbox 443 3263 843 3333; x_wconf 84' lang='grc' dir='ltr'>παρακατέχειν</span> <span class='ocrx_word' id='word_1_376' title='bbox 883 3266 1052 3335; x_wconf 80' lang='grc' dir='ltr'>ἡμᾶς,</span> <span class='ocrx_word' id='word_1_377' title='bbox 1083 3266 1176 3318; x_wconf 71' lang='grc' dir='ltr'><strong>καὶ</strong></span> <span class='ocrx_word' id='word_1_378' title='bbox 1211 3267 1285 3338; x_wconf 81' lang='grc' dir='ltr'>μὴ</span> <span class='ocrx_word' id='word_1_379' title='bbox 1329 3268 1422 3336; x_wconf 83' lang='grc' dir='ltr'><strong>ὲᾷν</strong></span> <span class='ocrx_word' id='word_1_380' title='bbox 1445 3266 1552 3319; x_wconf 89' lang='grc' dir='ltr'><strong>τῶν</strong></span> <span class='ocrx_word' id='word_1_381' title='bbox 1590 3269 2020 3339; x_wconf 85' lang='grc' dir='ltr'>χρησιμωτέρων</span> 
     </span>
    </p>
   </div>
   <div class='ocr_carea' id='block_1_52' title="bbox 442 3355 2019 3430">
    <p class='ocr_par' dir='ltr' id='par_1_52' title="bbox 442 3355 2019 3430">
     <span class='ocr_line' id='line_1_52' title="bbox 442 3355 2019 3430; baseline 0.006 -27"><span class='ocrx_word' id='word_1_382' title='bbox 442 3355 840 3425; x_wconf 63' lang='grc' dir='ltr'>προσάψασθαι.</span> <span class='ocrx_word' id='word_1_383' title='bbox 864 3356 987 3419; x_wconf 86' lang='grc' dir='ltr'><strong>Πῶς</strong></span> <span class='ocrx_word' id='word_1_384' title='bbox 1020 3357 1126 3429; x_wconf 78' lang='grc' dir='ltr'>γὰρ</span> <span class='ocrx_word' id='word_1_385' title='bbox 1155 3357 1219 3411; x_wconf 84' lang='grc' dir='ltr'>ἄν</span> <span class='ocrx_word' id='word_1_386' title='bbox 1243 3376 1325 3421; x_wconf 85' lang='grc' dir='ltr'><strong>τις</strong></span> <span class='ocrx_word' id='word_1_387' title='bbox 1351 3358 1698 3429; x_wconf 82' lang='grc' dir='ltr'>παραδράμοι</span> <span class='ocrx_word' id='word_1_388' title='bbox 1730 3359 1827 3430; x_wconf 84' lang='grc' dir='ltr'>τὴν</span> <span class='ocrx_word' id='word_1_389' title='bbox 1850 3377 2019 3414; x_wconf 90' lang='grc' dir='ltr'>σπου-</span> 
     </span>
    </p>
   </div>
   <div class='ocr_carea' id='block_1_53' title="bbox 441 3447 2020 3521">
    <p class='ocr_par' dir='ltr' id='par_1_53' title="bbox 441 3447 2020 3521">
     <span class='ocr_line' id='line_1_53' title="bbox 441 3447 2020 3521; baseline 0.004 -22"><span class='ocrx_word' id='word_1_390' title='bbox 441 3447 595 3500; x_wconf 83' lang='grc' dir='ltr'>δαίαν</span> <span class='ocrx_word' id='word_1_391' title='bbox 628 3449 842 3519; x_wconf 80' lang='grc' dir='ltr'>ἐκείνην</span> <span class='ocrx_word' id='word_1_392' title='bbox 880 3451 974 3501; x_wconf 75' lang='grc' dir='ltr'>καὶ</span> <span class='ocrx_word' id='word_1_393' title='bbox 1002 3450 1471 3521; x_wconf 75' lang='grc' dir='ltr'>πεφροντισμένην</span> <span class='ocrx_word' id='word_1_394' title='bbox 1498 3451 1833 3519; x_wconf 80' lang='grc' dir='ltr'>φιλοσοφίαν,</span> <span class='ocrx_word' id='word_1_395' title='bbox 1859 3453 1917 3505; x_wconf 84' lang='grc' dir='ltr'><strong>ὲν</strong></span> <span class='ocrx_word' id='word_1_396' title='bbox 1938 3447 2020 3517; x_wconf 76' lang='grc' dir='ltr'>οἷς</span> 
     </span>
    </p>
   </div>
   <div class='ocr_carea' id='block_1_54' title="bbox 442 3538 2017 3614">
    <p class='ocr_par' dir='ltr' id='par_1_54' title="bbox 442 3538 2017 3614">
     <span class='ocr_line' id='line_1_54' title="bbox 442 3538 2017 3614; baseline 0.004 -25"><span class='ocrx_word' id='word_1_397' title='bbox 442 3553 595 3605; x_wconf 86' lang='grc' dir='ltr'>φησι,</span> <span class='ocrx_word' id='word_1_398' title='bbox 633 3538 706 3609; x_wconf 85' lang='grc' dir='ltr'>μὴ</span> <span class='ocrx_word' id='word_1_399' title='bbox 751 3540 908 3608; x_wconf 89' lang='grc' dir='ltr'>μόνον</span> <span class='ocrx_word' id='word_1_400' title='bbox 944 3542 1057 3601; x_wconf 83' lang='grc' dir='ltr'>τοῖς</span> <span class='ocrx_word' id='word_1_401' title='bbox 1095 3540 1389 3608; x_wconf 85' lang='grc' dir='ltr'>ποιήμασιν</span> <span class='ocrx_word' id='word_1_402' title='bbox 1422 3540 1778 3608; x_wconf 77' lang='grc' dir='ltr'>ἐμφαίνεσθαι</span> <span class='ocrx_word' id='word_1_403' title='bbox 1801 3543 1899 3614; x_wconf 84' lang='grc' dir='ltr'>τὴν</span> <span class='ocrx_word' id='word_1_404' title='bbox 1922 3542 2017 3596; x_wconf 92' lang='grc' dir='ltr'><strong>τοῦ</strong></span> 
     </span>
    </p>
   </div>
   <div class='ocr_carea' id='block_1_55' title="bbox 440 3626 2021 3703">
    <p class='ocr_par' dir='ltr' id='par_1_55' title="bbox 440 3626 2021 3703">
     <span class='ocr_line' id='line_1_55' title="bbox 440 3626 2021 3703; baseline 0.004 -24"><span class='ocrx_word' id='word_1_405' title='bbox 440 3626 573 3681; x_wconf 83' lang='grc' dir='ltr'>Θεοῦ</span> <span class='ocrx_word' id='word_1_406' title='bbox 637 3629 1126 3699; x_wconf 79' lang='grc' dir='ltr'>μεγαλοπρέπειαν,</span> <span class='ocrx_word' id='word_1_407' title='bbox 1160 3629 1292 3682; x_wconf 81' lang='grc' dir='ltr'><strong>ἀλλά</strong></span> <span class='ocrx_word' id='word_1_408' title='bbox 1340 3630 1441 3682; x_wconf 87' lang='grc' dir='ltr'><strong>κάν</strong></span> <span class='ocrx_word' id='word_1_409' title='bbox 1486 3634 1596 3693; x_wconf 85' lang='grc' dir='ltr'>τοῖς</span> <span class='ocrx_word' id='word_1_410' title='bbox 1641 3632 1864 3703; x_wconf 86' lang='grc' dir='ltr'>ὀνόμασι</span> <span class='ocrx_word' id='word_1_411' title='bbox 1909 3634 2021 3686; x_wconf 89' lang='grc' dir='ltr'>δια-</span> 
     </span>
    </p>
   </div>
   <div class='ocr_carea' id='block_1_56' title="bbox 440 3719 2017 3796">
    <p class='ocr_par' dir='ltr' id='par_1_56' title="bbox 440 3719 2017 3796">
     <span class='ocr_line' id='line_1_56' title="bbox 440 3719 2017 3796; baseline 0.004 -25"><span class='ocrx_word' id='word_1_412' title='bbox 440 3719 744 3772; x_wconf 82' lang='grc' dir='ltr'>δείκνυσθαι</span> <span class='ocrx_word' id='word_1_413' title='bbox 780 3720 876 3791; x_wconf 82' lang='grc' dir='ltr'><strong>τὴν</strong></span> <span class='ocrx_word' id='word_1_414' title='bbox 914 3721 1007 3775; x_wconf 80' lang='grc' dir='ltr'><strong>τοῦ</strong></span> <span class='ocrx_word' id='word_1_415' title='bbox 1041 3721 1174 3774; x_wconf 83' lang='grc' dir='ltr'>Θεοῦ</span> <span class='ocrx_word' id='word_1_416' title='bbox 1215 3720 1424 3790; x_wconf 84' lang='grc' dir='ltr'>σοφίαν,</span> <span class='ocrx_word' id='word_1_417' title='bbox 1464 3723 1678 3787; x_wconf 87' lang='grc' dir='ltr'>οίκείως</span> <span class='ocrx_word' id='word_1_418' title='bbox 1725 3725 1817 3777; x_wconf 73' lang='grc' dir='ltr'><strong>καὶ</strong></span> <span class='ocrx_word' id='word_1_419' title='bbox 1848 3742 2017 3796; x_wconf 75' lang='grc' dir='ltr'>προσ-</span> 
     </span>
    </p>
   </div>
   <div class='ocr_carea' id='block_1_57' title="bbox 443 3812 2019 3887">
    <p class='ocr_par' dir='ltr' id='par_1_57' title="bbox 443 3812 2019 3887">
     <span class='ocr_line' id='line_1_57' title="bbox 443 3812 2019 3887; baseline 0.003 -23"><span class='ocrx_word' id='word_1_420' title='bbox 443 3813 589 3879; x_wconf 84' lang='grc' dir='ltr'>φυῶς</span> <span class='ocrx_word' id='word_1_421' title='bbox 616 3812 830 3882; x_wconf 86' lang='grc' dir='ltr'>ἑκάστῳ</span> <span class='ocrx_word' id='word_1_422' title='bbox 859 3812 964 3865; x_wconf 89' lang='grc' dir='ltr'><strong>τῶν</strong></span> <span class='ocrx_word' id='word_1_423' title='bbox 1011 3813 1314 3882; x_wconf 79' lang='grc' dir='ltr'>γενομένων</span> <span class='ocrx_word' id='word_1_424' title='bbox 1363 3812 1461 3876; x_wconf 84' lang='grc' dir='ltr'>τὰς</span> <span class='ocrx_word' id='word_1_425' title='bbox 1512 3816 1883 3887; x_wconf 81' lang='grc' dir='ltr'>προσηγορίας</span> <span class='ocrx_word' id='word_1_426' title='bbox 1918 3818 2019 3887; x_wconf 84' lang='grc' dir='ltr'>ἀρ-</span> 
     </span>
    </p>
   </div>
   <div class='ocr_carea' id='block_1_58' title="bbox 445 3903 2021 3978">
    <p class='ocr_par' dir='ltr' id='par_1_58' title="bbox 445 3903 2021 3978">
     <span class='ocr_line' id='line_1_58' title="bbox 445 3903 2021 3978; baseline 0.003 -23"><span class='ocrx_word' id='word_1_427' title='bbox 445 3904 706 3972; x_wconf 85' lang='grc' dir='ltr'>μόσαντος</span> <span class='ocrx_word' id='word_1_428' title='bbox 728 3921 743 3968; x_wconf 90' lang='lat'><strong>;</strong></span> <span class='ocrx_word' id='word_1_429' title='bbox 774 3903 958 3957; x_wconf 84' lang='grc' dir='ltr'>Ταῦτα</span> <span class='ocrx_word' id='word_1_430' title='bbox 979 3907 1263 3973; x_wconf 76' lang='grc' dir='ltr'>Κρατύλῳ</span> <span class='ocrx_word' id='word_1_431' title='bbox 1289 3905 1430 3976; x_wconf 85' lang='grc' dir='ltr'>τάχα</span> <span class='ocrx_word' id='word_1_432' title='bbox 1452 3904 1527 3977; x_wconf 83' lang='grc' dir='ltr'>τῷ</span> <span class='ocrx_word' id='word_1_433' title='bbox 1551 3906 1881 3978; x_wconf 78' lang='grc' dir='ltr'>Πλατωνικῷ</span> <span class='ocrx_word' id='word_1_434' title='bbox 1903 3908 2021 3960; x_wconf 86' lang='grc' dir='ltr'>δια-</span> 
     </span>
    </p>
   </div>
   <div class='ocr_carea' id='block_1_59' title="bbox 439 3994 2020 4067">
    <p class='ocr_par' dir='ltr' id='par_1_59' title="bbox 439 3994 2020 4067">
     <span class='ocr_line' id='line_1_59' title="bbox 439 3994 2020 4067; baseline 0.004 -22"><span class='ocrx_word' id='word_1_435' title='bbox 439 3994 600 4065; x_wconf 79' lang='grc' dir='ltr'>λόγῳ,</span> <span class='ocrx_word' id='word_1_436' title='bbox 634 3995 667 4065; x_wconf 83' lang='grc' dir='ltr'>ἢ</span> <span class='ocrx_word' id='word_1_437' title='bbox 698 3996 861 4058; x_wconf 80' lang='grc' dir='ltr'>αὐτὸς</span> <span class='ocrx_word' id='word_1_438' title='bbox 890 3995 1153 4066; x_wconf 84' lang='grc' dir='ltr'>ἐντυχὼν,</span> <span class='ocrx_word' id='word_1_439' title='bbox 1177 3997 1211 4065; x_wconf 75' lang='grc' dir='ltr'>ἦ</span> <span class='ocrx_word' id='word_1_440' title='bbox 1252 4014 1393 4059; x_wconf 84' lang='grc' dir='ltr'>τινος</span> <span class='ocrx_word' id='word_1_441' title='bbox 1442 3996 1552 4050; x_wconf 86' lang='grc' dir='ltr'><strong>τῶν</strong></span> <span class='ocrx_word' id='word_1_442' title='bbox 1585 3999 2020 4067; x_wconf 79' lang='grc' dir='ltr'>ἐντετυχηκότων</span> 
     </span>
    </p>
   </div>
   <div class='ocr_carea' id='block_1_60' title="bbox 441 4085 2019 4161">
    <p class='ocr_par' dir='ltr' id='par_1_60' title="bbox 441 4085 2019 4161">
     <span class='ocr_line' id='line_1_60' title="bbox 441 4085 2019 4161; baseline 0.004 -23"><span class='ocrx_word' id='word_1_443' title='bbox 441 4086 699 4149; x_wconf 86' lang='grc' dir='ltr'>ἀκούσας,</span> <span class='ocrx_word' id='word_1_444' title='bbox 726 4085 814 4139; x_wconf 82' lang='grc' dir='ltr'><strong>διὰ</strong></span> <span class='ocrx_word' id='word_1_445' title='bbox 835 4086 931 4157; x_wconf 82' lang='grc' dir='ltr'>τὴν</span> <span class='ocrx_word' id='word_1_446' title='bbox 977 4087 1176 4157; x_wconf 85' lang='grc' dir='ltr'>πολλὴν</span> <span class='ocrx_word' id='word_1_447' title='bbox 1206 4085 1356 4158; x_wconf 75' lang='grc' dir='ltr'>οἶμαι</span> <span class='ocrx_word' id='word_1_448' title='bbox 1384 4088 1655 4158; x_wconf 81' lang='grc' dir='ltr'>πτωχείαν</span> <span class='ocrx_word' id='word_1_449' title='bbox 1684 4089 1791 4142; x_wconf 88' lang='grc' dir='ltr'><strong>τῶν</strong></span> <span class='ocrx_word' id='word_1_450' title='bbox 1813 4091 2019 4161; x_wconf 77' lang='grc' dir='ltr'>νοημά-</span> 
     </span>
    </p>
   </div>
   <div class='ocr_carea' id='block_1_61' title="bbox 439 4178 2016 4252">
    <p class='ocr_par' dir='ltr' id='par_1_61' title="bbox 439 4178 2016 4252">
     <span class='ocr_line' id='line_1_61' title="bbox 439 4178 2016 4252; baseline 0.002 -22"><span class='ocrx_word' id='word_1_451' title='bbox 439 4195 545 4231; x_wconf 88' lang='grc' dir='ltr'><strong>των</strong></span> <span class='ocrx_word' id='word_1_452' title='bbox 574 4179 834 4250; x_wconf 77' lang='grc' dir='ltr'>ὲρῤάπτει</span> <span class='ocrx_word' id='word_1_453' title='bbox 872 4181 983 4242; x_wconf 85' lang='grc' dir='ltr'>τοῖς</span> <span class='ocrx_word' id='word_1_454' title='bbox 1024 4178 1169 4242; x_wconf 78' lang='grc' dir='ltr'>ἰδίοις</span> <span class='ocrx_word' id='word_1_455' title='bbox 1197 4179 1383 4252; x_wconf 84' lang='grc' dir='ltr'>λήροις</span> <span class='ocrx_word' id='word_1_456' title='bbox 1429 4178 1528 4242; x_wconf 84' lang='grc' dir='ltr'>τὰς</span> <span class='ocrx_word' id='word_1_457' title='bbox 1564 4181 1681 4232; x_wconf 78' lang='grc' dir='ltr'>ἐκεῖ</span> <span class='ocrx_word' id='word_1_458' title='bbox 1730 4180 2016 4252; x_wconf 80' lang='grc' dir='ltr'>φλυαρίας,</span> 
     </span>
    </p>
   </div>
   <div class='ocr_carea' id='block_1_62' title="bbox 439 4268 2021 4342">
    <p class='ocr_par' dir='ltr' id='par_1_62' title="bbox 439 4268 2021 4342">
     <span class='ocr_line' id='line_1_62' title="bbox 439 4268 2021 4342; baseline 0.002 -19"><span class='ocrx_word' id='word_1_459' title='bbox 439 4270 621 4339; x_wconf 80' lang='grc' dir='ltr'>ὅμοιον</span> <span class='ocrx_word' id='word_1_460' title='bbox 644 4268 812 4322; x_wconf 86' lang='grc' dir='ltr'>ποιῶν</span> <span class='ocrx_word' id='word_1_461' title='bbox 845 4271 959 4333; x_wconf 87' lang='grc' dir='ltr'>τοῖς</span> <span class='ocrx_word' id='word_1_462' title='bbox 987 4269 1083 4341; x_wconf 81' lang='grc' dir='ltr'><strong>τὴν</strong></span> <span class='ocrx_word' id='word_1_463' title='bbox 1121 4270 1325 4342; x_wconf 76' lang='grc' dir='ltr'>τροφὴν</span> <span class='ocrx_word' id='word_1_464' title='bbox 1354 4271 1418 4322; x_wconf 84' lang='grc' dir='ltr'><strong>ἑκ</strong></span> <span class='ocrx_word' id='word_1_465' title='bbox 1457 4272 1864 4341; x_wconf 82' lang='grc' dir='ltr'>προσαιτήσεως</span> <span class='ocrx_word' id='word_1_466' title='bbox 1893 4274 2021 4327; x_wconf 89' lang='grc' dir='ltr'>ἑαυ-</span> 
     </span>
    </p>
   </div>
   <div class='ocr_carea' id='block_1_63' title="bbox 439 4360 2017 4439">
    <p class='ocr_par' dir='ltr' id='par_1_63' title="bbox 439 4360 2017 4439">
     <span class='ocr_line' id='line_1_63' title="bbox 439 4360 2017 4439; baseline 0.005 -29"><span class='ocrx_word' id='word_1_467' title='bbox 439 4361 548 4422; x_wconf 83' lang='grc' dir='ltr'>τοῖς</span> <span class='ocrx_word' id='word_1_468' title='bbox 604 4360 1037 4430; x_wconf 82' lang='grc' dir='ltr'>συναγείρουσιν.</span> <span class='ocrx_word' id='word_1_469' title='bbox 1078 4361 1161 4423; x_wconf 83' lang='grc' dir='ltr'>Ὠς</span> <span class='ocrx_word' id='word_1_470' title='bbox 1190 4360 1297 4433; x_wconf 86' lang='grc' dir='ltr'><strong>γάρ</strong></span> <span class='ocrx_word' id='word_1_471' title='bbox 1330 4362 1527 4414; x_wconf 78' lang='grc' dir='ltr'>ἐκεῖνοι</span> <span class='ocrx_word' id='word_1_472' title='bbox 1577 4362 1749 4434; x_wconf 85' lang='grc' dir='ltr'>βραχύ</span> <span class='ocrx_word' id='word_1_473' title='bbox 1779 4382 1830 4417; x_wconf 89' lang='grc' dir='ltr'><strong>τι</strong></span> <span class='ocrx_word' id='word_1_474' title='bbox 1884 4369 2017 4439; x_wconf 87' lang='grc' dir='ltr'>παρ’</span> 
     </span>
    </p>
   </div>
   <div class='ocr_carea' id='block_1_64' title="bbox 2046 3126 2093 3189">
    <p class='ocr_par' dir='ltr' id='par_1_64' title="bbox 2046 3126 2093 3189">
     <span class='ocr_line' id='line_1_64' title="bbox 2046 3126 2093 3189; baseline 0 0"><span class='ocrx_word' id='word_1_475' title='bbox 2046 3126 2093 3189; x_wconf 89' lang='lat' dir='ltr'><strong>C</strong></span> 
     </span>
    </p>
   </div>
   <div class='ocr_carea' id='block_1_65' title="bbox 2125 1886 3700 1955">
    <p class='ocr_par' dir='ltr' id='par_1_65' title="bbox 2125 1886 3700 1955">
     <span class='ocr_line' id='line_1_65' title="bbox 2125 1886 3700 1955; baseline -0.008 -2"><span class='ocrx_word' id='word_1_476' title='bbox 2125 1901 2288 1955; x_wconf 88' lang='lat' dir='ltr'><strong>etiam</strong></span> <span class='ocrx_word' id='word_1_477' title='bbox 2325 1896 2745 1951; x_wconf 88' lang='lat' dir='ltr'><strong>intellectualem</strong></span> <span class='ocrx_word' id='word_1_478' title='bbox 2777 1895 2945 1948; x_wconf 90' lang='lat' dir='ltr'><strong>animi</strong></span> <span class='ocrx_word' id='word_1_479' title='bbox 2987 1891 3300 1947; x_wconf 84' lang='lat' dir='ltr'><strong>facultatem</strong></span> <span class='ocrx_word' id='word_1_480' title='bbox 3329 1889 3493 1944; x_wconf 89' lang='lat' dir='ltr'><strong>talem</strong></span> <span class='ocrx_word' id='word_1_481' title='bbox 3528 1902 3560 1942; x_wconf 88' lang='lat' dir='ltr'><strong>a</strong></span> <span class='ocrx_word' id='word_1_482' title='bbox 3588 1886 3700 1943; x_wconf 89' lang='lat' dir='ltr'><strong>Deo</strong></span> 
     </span>
    </p>
   </div>
   <div class='ocr_carea' id='block_1_66' title="bbox 2127 1980 3701 2059">
    <p class='ocr_par' dir='ltr' id='par_1_66' title="bbox 2127 1980 3701 2059">
     <span class='ocr_line' id='line_1_66' title="bbox 2127 1980 3701 2059; baseline -0.008 -14"><span class='ocrx_word' id='word_1_483' title='bbox 2127 1991 2347 2055; x_wconf 86' lang='lat' dir='ltr'><strong>factam,</strong></span> <span class='ocrx_word' id='word_1_484' title='bbox 2383 2005 2412 2043; x_wconf 89' lang='lat' dir='ltr'><strong>a</strong></span> <span class='ocrx_word' id='word_1_485' title='bbox 2444 1990 2623 2059; x_wconf 88' lang='lat' dir='ltr'><strong>seipsa</strong></span> <span class='ocrx_word' id='word_1_486' title='bbox 2666 1997 2923 2042; x_wconf 79' lang='lat' dir='ltr'><strong>caeterum</strong></span> <span class='ocrx_word' id='word_1_487' title='bbox 2965 1985 3193 2049; x_wconf 81' lang='lat' dir='ltr'><strong>moveri,</strong></span> <span class='ocrx_word' id='word_1_488' title='bbox 3244 1989 3298 2037; x_wconf 90' lang='lat' dir='ltr'><strong>et</strong></span> <span class='ocrx_word' id='word_1_489' title='bbox 3337 1980 3407 2036; x_wconf 90' lang='lat' dir='ltr'><strong>ad</strong></span> <span class='ocrx_word' id='word_1_490' title='bbox 3437 1996 3527 2036; x_wconf 87' lang='lat' dir='ltr'><strong>res</strong></span> <span class='ocrx_word' id='word_1_491' title='bbox 3565 1994 3701 2034; x_wconf 80' lang='lat' dir='ltr'><strong>con-</strong></span> 
     </span>
    </p>
   </div>
   <div class='ocr_carea' id='block_1_67' title="bbox 2126 2071 3700 2152">
    <p class='ocr_par' dir='ltr' id='par_1_67' title="bbox 2126 2071 3700 2152">
     <span class='ocr_line' id='line_1_67' title="bbox 2126 2071 3700 2152; baseline -0.008 -15"><span class='ocrx_word' id='word_1_492' title='bbox 2126 2083 2262 2137; x_wconf 91' lang='lat' dir='ltr'><strong>tueri</strong></span> <span class='ocrx_word' id='word_1_493' title='bbox 2290 2100 2302 2135; x_wconf 92' lang='lat'><strong>:</strong></span> <span class='ocrx_word' id='word_1_494' title='bbox 2333 2090 2496 2152; x_wconf 90' lang='lat' dir='ltr'><strong>atque</strong></span> <span class='ocrx_word' id='word_1_495' title='bbox 2530 2092 2589 2134; x_wconf 94' lang='lat' dir='ltr'><strong>ut</strong></span> <span class='ocrx_word' id='word_1_496' title='bbox 2620 2080 2826 2133; x_wconf 89' lang='lat' dir='ltr'><strong>nullam</strong></span> <span class='ocrx_word' id='word_1_497' title='bbox 2856 2076 3238 2132; x_wconf 78' lang='lat' dir='ltr'><strong>confusionem</strong></span> <span class='ocrx_word' id='word_1_498' title='bbox 3272 2071 3515 2143; x_wconf 85' lang='lat' dir='ltr'><strong>cognitio</strong></span> <span class='ocrx_word' id='word_1_499' title='bbox 3542 2080 3700 2142; x_wconf 81' lang='lat' dir='ltr'><strong>pate-</strong></span> 
     </span>
    </p>
   </div>
   <div class='ocr_carea' id='block_1_68' title="bbox 2124 2168 3699 2243">
    <p class='ocr_par' dir='ltr' id='par_1_68' title="bbox 2124 2168 3699 2243">
     <span class='ocr_line' id='line_1_68' title="bbox 2124 2168 3699 2243; baseline -0.01 -13"><span class='ocrx_word' id='word_1_500' title='bbox 2124 2172 2467 2241; x_wconf 89' lang='lat' dir='ltr'><strong>retur,veluti</strong></span> <span class='ocrx_word' id='word_1_501' title='bbox 2490 2171 2769 2243; x_wconf 85' lang='lat' dir='ltr'><strong>signacula</strong></span> <span class='ocrx_word' id='word_1_502' title='bbox 2789 2168 3059 2239; x_wconf 84' lang='lat' dir='ltr'><strong>quaedam,</strong></span> <span class='ocrx_word' id='word_1_503' title='bbox 3089 2174 3247 2221; x_wconf 86' lang='lat' dir='ltr'><strong>notas</strong></span> <span class='ocrx_word' id='word_1_504' title='bbox 3270 2178 3392 2234; x_wconf 68' lang='lat' dir='ltr'><strong>quae</strong></span> <span class='ocrx_word' id='word_1_505' title='bbox 3411 2177 3507 2233; x_wconf 90' lang='lat' dir='ltr'><strong>per</strong></span> <span class='ocrx_word' id='word_1_506' title='bbox 3531 2176 3699 2217; x_wconf 88' lang='lat' dir='ltr'><strong>voces</strong></span> 
     </span>
    </p>
   </div>
   <div class='ocr_carea' id='block_1_69' title="bbox 2128 2252 3697 2334">
    <p class='ocr_par' dir='ltr' id='par_1_69' title="bbox 2128 2252 3697 2334">
     <span class='ocr_line' id='line_1_69' title="bbox 2128 2252 3697 2334; baseline -0.01 -14"><span class='ocrx_word' id='word_1_507' title='bbox 2128 2268 2278 2331; x_wconf 91' lang='lat' dir='ltr'><strong>ﬁunt,</strong></span> <span class='ocrx_word' id='word_1_508' title='bbox 2314 2267 2511 2334; x_wconf 88' lang='lat' dir='ltr'><strong>cuique</strong></span> <span class='ocrx_word' id='word_1_509' title='bbox 2525 2264 2602 2318; x_wconf 79' lang='lat' dir='ltr'><strong>rei</strong></span> <span class='ocrx_word' id='word_1_510' title='bbox 2625 2261 2830 2317; x_wconf 91' lang='lat' dir='ltr'><strong>indere.</strong></span> <span class='ocrx_word' id='word_1_511' title='bbox 2855 2259 2971 2313; x_wconf 83' lang='lat' dir='ltr'><strong>Hoc</strong></span> <span class='ocrx_word' id='word_1_512' title='bbox 3000 2259 3193 2327; x_wconf 80' lang='lat' dir='ltr'><strong>dogma</strong></span> <span class='ocrx_word' id='word_1_513' title='bbox 3223 2255 3512 2310; x_wconf 89' lang='lat' dir='ltr'><strong>conﬁrmat</strong></span> <span class='ocrx_word' id='word_1_514' title='bbox 3531 2252 3697 2307; x_wconf 78' lang='lat' dir='ltr'><strong>etiam</strong></span> 
     </span>
    </p>
   </div>
   <div class='ocr_carea' id='block_1_70' title="bbox 2124 2344 3699 2429">
    <p class='ocr_par' dir='ltr' id='par_1_70' title="bbox 2124 2344 3699 2429">
     <span class='ocr_line' id='line_1_70' title="bbox 2124 2344 3699 2429; baseline -0.011 -15"><span class='ocrx_word' id='word_1_515' title='bbox 2124 2375 2356 2429; x_wconf 88' lang='lat' dir='ltr'><strong>magnus</strong></span> <span class='ocrx_word' id='word_1_516' title='bbox 2384 2357 2582 2420; x_wconf 83' lang='lat' dir='ltr'><strong>Moses,</strong></span> <span class='ocrx_word' id='word_1_517' title='bbox 2612 2369 2734 2408; x_wconf 91' lang='lat' dir='ltr'><strong>cum</strong></span> <span class='ocrx_word' id='word_1_518' title='bbox 2771 2353 2907 2408; x_wconf 86' lang='lat' dir='ltr'><strong>dixit</strong></span> <span class='ocrx_word' id='word_1_519' title='bbox 2929 2351 2996 2405; x_wconf 90' lang='lat' dir='ltr'><strong>ab</strong></span> <span class='ocrx_word' id='word_1_520' title='bbox 3017 2350 3223 2404; x_wconf 89' lang='lat' dir='ltr'><strong>Adamo</strong></span> <span class='ocrx_word' id='word_1_521' title='bbox 3252 2346 3432 2402; x_wconf 88' lang='lat' dir='ltr'><strong>brutis</strong></span> <span class='ocrx_word' id='word_1_522' title='bbox 3456 2344 3699 2399; x_wconf 77' lang='lat' dir='ltr'><strong>animan-</strong></span> 
     </span>
    </p>
   </div>
   <div class='ocr_carea' id='block_1_71' title="bbox 2125 2437 3699 2515">
    <p class='ocr_par' dir='ltr' id='par_1_71' title="bbox 2125 2437 3699 2515">
     <span class='ocr_line' id='line_1_71' title="bbox 2125 2437 3699 2515; baseline -0.01 -11"><span class='ocrx_word' id='word_1_523' title='bbox 2125 2453 2271 2506; x_wconf 90' lang='lat' dir='ltr'><strong>tibus</strong></span> <span class='ocrx_word' id='word_1_524' title='bbox 2295 2450 2515 2505; x_wconf 91' lang='lat' dir='ltr'><strong>nomina</strong></span> <span class='ocrx_word' id='word_1_525' title='bbox 2556 2448 2727 2502; x_wconf 90' lang='lat' dir='ltr'><strong>fuisse</strong></span> <span class='ocrx_word' id='word_1_526' title='bbox 2762 2445 3039 2515; x_wconf 89' lang='lat' dir='ltr'><strong>imposita,</strong></span> <span class='ocrx_word' id='word_1_527' title='bbox 3071 2444 3150 2498; x_wconf 93' lang='lat' dir='ltr'><strong>sic</strong></span> <span class='ocrx_word' id='word_1_528' title='bbox 3191 2439 3438 2509; x_wconf 86' lang='lat' dir='ltr'><strong>scribens</strong></span> <span class='ocrx_word' id='word_1_529' title='bbox 3478 2437 3547 2493; x_wconf 85' lang='lat' dir='ltr'><strong>ad</strong></span> <span class='ocrx_word' id='word_1_530' title='bbox 3576 2452 3699 2492; x_wconf 82' lang='lat' dir='ltr'><strong>ver-</strong></span> 
     </span>
    </p>
   </div>
   <div class='ocr_carea' id='block_1_72' title="bbox 2123 2534 3696 2609">
    <p class='ocr_par' dir='ltr' id='par_1_72' title="bbox 2123 2534 3696 2609">
     <span class='ocr_line' id='line_1_72' title="bbox 2123 2534 3696 2609; baseline -0.008 -15"><span class='ocrx_word' id='word_1_531' title='bbox 2123 2543 2251 2596; x_wconf 84' lang='lat' dir='ltr'><strong>bum</strong></span> <span class='ocrx_word' id='word_1_532' title='bbox 2291 2562 2303 2596; x_wconf 90' lang='lat'>:</span> <span class='ocrx_word' id='word_1_533' title='bbox 2361 2540 2423 2594; x_wconf 84' lang='lat' dir='ltr'><strong>Et</strong></span> <span class='ocrx_word' id='word_1_534' title='bbox 2472 2539 2722 2609; x_wconf 83' lang='lat' dir='ltr'><strong>formavit</strong></span> <span class='ocrx_word' id='word_1_535' title='bbox 2770 2536 2913 2591; x_wconf 84' lang='lat' dir='ltr'><strong>Deus</strong></span> <span class='ocrx_word' id='word_1_536' title='bbox 2954 2534 3181 2604; x_wconf 79' lang='lat' dir='ltr'><strong>amplius</strong></span> <span class='ocrx_word' id='word_1_537' title='bbox 3231 2547 3296 2587; x_wconf 79' lang='lat' dir='ltr'><strong>ea:</strong></span> <span class='ocrx_word' id='word_1_538' title='bbox 3330 2542 3473 2585; x_wconf 84' lang='lat' dir='ltr'><strong>terra</strong></span> <span class='ocrx_word' id='word_1_539' title='bbox 3514 2544 3696 2584; x_wconf 79' lang='lat' dir='ltr'><strong>omnes</strong></span> 
     </span>
    </p>
   </div>
   <div class='ocr_carea' id='block_1_73' title="bbox 2124 2618 3694 2700">
    <p class='ocr_par' dir='ltr' id='par_1_73' title="bbox 2124 2618 3694 2700">
     <span class='ocr_line' id='line_1_73' title="bbox 2124 2618 3694 2700; baseline -0.008 -17"><span class='ocrx_word' id='word_1_540' title='bbox 2124 2633 2315 2685; x_wconf 81' lang='lat' dir='ltr'><strong>bestias</strong></span> <span class='ocrx_word' id='word_1_541' title='bbox 2354 2631 2489 2700; x_wconf 87' lang='lat' dir='ltr'><strong>agri,</strong></span> <span class='ocrx_word' id='word_1_542' title='bbox 2521 2640 2570 2683; x_wconf 89' lang='lat' dir='ltr'><strong>et</strong></span> <span class='ocrx_word' id='word_1_543' title='bbox 2603 2629 2781 2683; x_wconf 83' lang='lat' dir='ltr'><strong>omnia</strong></span> <span class='ocrx_word' id='word_1_544' title='bbox 2811 2626 3056 2680; x_wconf 84' lang='lat' dir='ltr'><strong>volatilia</strong></span> <span class='ocrx_word' id='word_1_545' title='bbox 3084 2625 3221 2689; x_wconf 71' lang='lat' dir='ltr'><strong>cazli,</strong></span> <span class='ocrx_word' id='word_1_546' title='bbox 3258 2630 3307 2677; x_wconf 83' lang='lat' dir='ltr'><strong>et</strong></span> <span class='ocrx_word' id='word_1_547' title='bbox 3353 2621 3581 2675; x_wconf 73' lang='lat' dir='ltr'><strong>adduxit</strong></span> <span class='ocrx_word' id='word_1_548' title='bbox 3620 2618 3694 2672; x_wconf 80' lang='lat' dir='ltr'><strong>ad</strong></span> 
     </span>
    </p>
   </div>
   <div class='ocr_carea' id='block_1_74' title="bbox 2123 2718 3696 2789">
    <p class='ocr_par' dir='ltr' id='par_1_74' title="bbox 2123 2718 3696 2789">
     <span class='ocr_line' id='line_1_74' title="bbox 2123 2718 3696 2789; baseline -0.003 -14"><span class='ocrx_word' id='word_1_549' title='bbox 2123 2723 2385 2775; x_wconf 73' lang='lat' dir='ltr'><strong>Atlamum</strong></span> <span class='ocrx_word' id='word_1_550' title='bbox 2443 2731 2499 2775; x_wconf 87' lang='lat' dir='ltr'><strong>ut</strong></span> <span class='ocrx_word' id='word_1_551' title='bbox 2552 2722 2744 2775; x_wconf 84' lang='lat' dir='ltr'><strong>videret</strong></span> <span class='ocrx_word' id='word_1_552' title='bbox 2780 2718 3039 2789; x_wconf 83' lang='lat' dir='ltr'><strong>quomodo</strong></span> <span class='ocrx_word' id='word_1_553' title='bbox 3100 2735 3159 2771; x_wconf 88' lang='lat' dir='ltr'><strong>ea</strong></span> <span class='ocrx_word' id='word_1_554' title='bbox 3217 2723 3543 2785; x_wconf 87' lang='lat' dir='ltr'><strong>nuncuparet</strong></span> <span class='ocrx_word' id='word_1_555' title='bbox 3594 2722 3696 2771; x_wconf 71' lang='grc' dir='ltr'>εει</span> 
     </span>
    </p>
   </div>
   <div class='ocr_carea' id='block_1_75' title="bbox 2123 2804 3697 2883">
    <p class='ocr_par' dir='ltr' id='par_1_75' title="bbox 2123 2804 3697 2883">
     <span class='ocr_line' id='line_1_75' title="bbox 2123 2804 3697 2883; baseline -0.007 -16"><span class='ocrx_word' id='word_1_556' title='bbox 2123 2830 2271 2867; x_wconf 89' lang='lat' dir='ltr'><strong>omne</strong></span> <span class='ocrx_word' id='word_1_557' title='bbox 2310 2812 2447 2883; x_wconf 84' lang='lat' dir='ltr'><strong>quod</strong></span> <span class='ocrx_word' id='word_1_558' title='bbox 2480 2820 2713 2865; x_wconf 81' lang='lat' dir='ltr'><strong>vocasset</strong></span> <span class='ocrx_word' id='word_1_559' title='bbox 2744 2809 2981 2863; x_wconf 79' lang='lat' dir='ltr'><strong>Adamus</strong></span> <span class='ocrx_word' id='word_1_560' title='bbox 3024 2809 3260 2862; x_wconf 89' lang='lat' dir='ltr'><strong>animam</strong></span> <span class='ocrx_word' id='word_1_561' title='bbox 3283 2807 3556 2870; x_wconf 81' lang='lat' dir='ltr'><strong>viventem,</strong></span> <span class='ocrx_word' id='word_1_562' title='bbox 3601 2804 3697 2857; x_wconf 80' lang='lat' dir='ltr'><strong>hoc</strong></span> 
     </span>
    </p>
   </div>
   <div class='ocr_carea' id='block_1_76' title="bbox 2123 2896 3692 2969">
    <p class='ocr_par' dir='ltr' id='par_1_76' title="bbox 2123 2896 3692 2969">
     <span class='ocr_line' id='line_1_76' title="bbox 2123 2896 3692 2969; baseline -0.007 -10"><span class='ocrx_word' id='word_1_563' title='bbox 2123 2923 2307 2959; x_wconf 83' lang='lat' dir='ltr'><strong>nomen</strong></span> <span class='ocrx_word' id='word_1_564' title='bbox 2334 2905 2454 2969; x_wconf 84' lang='lat' dir='ltr'><strong>ipsi.</strong></span> <span class='ocrx_word' id='word_1_565' title='bbox 2483 2902 2552 2955; x_wconf 83' lang='lat' dir='ltr'><strong>Et</strong></span> <span class='ocrx_word' id='word_1_566' title='bbox 2583 2901 2777 2955; x_wconf 83' lang='lat' dir='ltr'><strong>indidit</strong></span> <span class='ocrx_word' id='word_1_567' title='bbox 2808 2902 3044 2954; x_wconf 78' lang='lat' dir='ltr'><strong>Adamns</strong></span> <span class='ocrx_word' id='word_1_568' title='bbox 3071 2899 3291 2952; x_wconf 89' lang='lat' dir='ltr'><strong>nomina</strong></span> <span class='ocrx_word' id='word_1_569' title='bbox 3311 2896 3489 2951; x_wconf 82' lang='lat' dir='ltr'><strong>bestiis</strong></span> <span class='ocrx_word' id='word_1_570' title='bbox 3516 2904 3692 2959; x_wconf 62' lang='lat' dir='ltr'><strong>terra,</strong></span> 
     </span>
    </p>
   </div>
   <div class='ocr_carea' id='block_1_77' title="bbox 2121 2988 3270 3065">
    <p class='ocr_par' dir='ltr' id='par_1_77' title="bbox 2121 2988 3270 3065">
     <span class='ocr_line' id='line_1_77' title="bbox 2121 2988 3270 3065; baseline -0.008 -15"><span class='ocrx_word' id='word_1_571' title='bbox 2121 3009 2167 3051; x_wconf 91' lang='lat' dir='ltr'><strong>et</strong></span> <span class='ocrx_word' id='word_1_572' title='bbox 2192 2996 2447 3065; x_wconf 84' lang='lat' dir='ltr'><strong>jumentis</strong></span> <span class='ocrx_word' id='word_1_573' title='bbox 2473 3004 2521 3048; x_wconf 85' lang='lat' dir='ltr'><strong>et</strong></span> <span class='ocrx_word' id='word_1_574' title='bbox 2548 2994 2789 3047; x_wconf 85' lang='lat' dir='ltr'><strong>omnibus</strong></span> <span class='ocrx_word' id='word_1_575' title='bbox 2826 2991 3013 3045; x_wconf 85' lang='lat' dir='ltr'><strong>belluis</strong></span> <span class='ocrx_word' id='word_1_576' title='bbox 3052 2990 3168 3059; x_wconf 82' lang='lat' dir='ltr'><strong>agri</strong></span> <span class='ocrx_word' id='word_1_577' title='bbox 3200 2988 3270 3041; x_wconf 82' lang='grc'><strong>⁷⁸.</strong></span> 
     </span>
    </p>
   </div>
   <div class='ocr_carea' id='block_1_78' title="bbox 2197 3077 3697 3153">
    <p class='ocr_par' dir='ltr' id='par_1_78' title="bbox 2197 3077 3697 3153">
     <span class='ocr_line' id='line_1_78' title="bbox 2197 3077 3697 3153; baseline -0.01 -9"><span class='ocrx_word' id='word_1_578' title='bbox 2197 3089 2302 3144; x_wconf 86' lang='lat' dir='ltr'><strong>Sed</strong></span> <span class='ocrx_word' id='word_1_579' title='bbox 2344 3088 2555 3142; x_wconf 86' lang='lat' dir='ltr'><strong>videtur</strong></span> <span class='ocrx_word' id='word_1_580' title='bbox 2581 3085 2727 3140; x_wconf 90' lang='lat' dir='ltr'><strong>velut</strong></span> <span class='ocrx_word' id='word_1_581' title='bbox 2757 3083 3025 3153; x_wconf 82' lang='lat' dir='ltr'><strong>quoddam</strong></span> <span class='ocrx_word' id='word_1_582' title='bbox 3065 3081 3342 3135; x_wconf 83' lang='lat' dir='ltr'><strong>viscosum</strong></span> <span class='ocrx_word' id='word_1_583' title='bbox 3382 3077 3596 3141; x_wconf 90' lang='lat' dir='ltr'><strong>lutum,</strong></span> <span class='ocrx_word' id='word_1_584' title='bbox 3641 3080 3697 3131; x_wconf 86' lang='lat' dir='ltr'><strong>et</strong></span> 
     </span>
    </p>
   </div>
   <div class='ocr_carea' id='block_1_79' title="bbox 2122 3165 3697 3251">
    <p class='ocr_par' dir='ltr' id='par_1_79' title="bbox 2122 3165 3697 3251">
     <span class='ocr_line' id='line_1_79' title="bbox 2122 3165 3697 3251; baseline -0.011 -17"><span class='ocrx_word' id='word_1_585' title='bbox 2122 3186 2304 3251; x_wconf 82' lang='lat' dir='ltr'><strong>gluten</strong></span> <span class='ocrx_word' id='word_1_586' title='bbox 2348 3181 2587 3241; x_wconf 88' lang='lat' dir='ltr'><strong>habens,</strong></span> <span class='ocrx_word' id='word_1_587' title='bbox 2634 3177 2702 3231; x_wconf 90' lang='lat' dir='ltr'><strong>ab</strong></span> <span class='ocrx_word' id='word_1_588' title='bbox 2725 3191 2789 3231; x_wconf 90' lang='lat' dir='ltr'><strong>eo</strong></span> <span class='ocrx_word' id='word_1_589' title='bbox 2814 3182 3002 3229; x_wconf 89' lang='lat' dir='ltr'><strong>contra</strong></span> <span class='ocrx_word' id='word_1_590' title='bbox 3032 3170 3549 3226; x_wconf 89' lang='lat' dir='ltr'><strong>commentationem</strong></span> <span class='ocrx_word' id='word_1_591' title='bbox 3590 3165 3697 3221; x_wconf 82' lang='lat' dir='ltr'><strong>elli-</strong></span> 
     </span>
    </p>
   </div>
   <div class='ocr_carea' id='block_1_80' title="bbox 2122 3259 3692 3329">
    <p class='ocr_par' dir='ltr' id='par_1_80' title="bbox 2122 3259 3692 3329">
     <span class='ocr_line' id='line_1_80' title="bbox 2122 3259 3692 3329; baseline -0.011 0"><span class='ocrx_word' id='word_1_592' title='bbox 2122 3288 2267 3329; x_wconf 85' lang='lat' dir='ltr'><strong>ctnm</strong></span> <span class='ocrx_word' id='word_1_593' title='bbox 2293 3280 2659 3328; x_wconf 89' lang='lat' dir='ltr'><strong>commentum</strong></span> <span class='ocrx_word' id='word_1_594' title='bbox 2691 3269 2806 3324; x_wconf 87' lang='lat' dir='ltr'><strong>sive</strong></span> <span class='ocrx_word' id='word_1_595' title='bbox 2838 3267 3253 3322; x_wconf 85' lang='lat' dir='ltr'><strong>deliramentum</strong></span> <span class='ocrx_word' id='word_1_596' title='bbox 3285 3277 3388 3315; x_wconf 87' lang='lat' dir='ltr'><strong>nos</strong></span> <span class='ocrx_word' id='word_1_597' title='bbox 3424 3259 3692 3321; x_wconf 77' lang='lat' dir='ltr'><strong>detinere,</strong></span> 
     </span>
    </p>
   </div>
   <div class='ocr_carea' id='block_1_81' title="bbox 2121 3342 3696 3429">
    <p class='ocr_par' dir='ltr' id='par_1_81' title="bbox 2121 3342 3696 3429">
     <span class='ocr_line' id='line_1_81' title="bbox 2121 3342 3696 3429; baseline -0.011 -8"><span class='ocrx_word' id='word_1_598' title='bbox 2121 3382 2222 3421; x_wconf 76' lang='lat' dir='ltr'><strong>nec</strong></span> <span class='ocrx_word' id='word_1_599' title='bbox 2271 3367 2447 3419; x_wconf 88' lang='lat' dir='ltr'><strong>sinere</strong></span> <span class='ocrx_word' id='word_1_600' title='bbox 2489 3378 2589 3417; x_wconf 91' lang='lat' dir='ltr'><strong>nos</strong></span> <span class='ocrx_word' id='word_1_601' title='bbox 2626 3361 2692 3414; x_wconf 91' lang='lat' dir='ltr'><strong>ad</strong></span> <span class='ocrx_word' id='word_1_602' title='bbox 2725 3375 2787 3414; x_wconf 89' lang='lat' dir='ltr'><strong>ea</strong></span> <span class='ocrx_word' id='word_1_603' title='bbox 2823 3373 2943 3429; x_wconf 74' lang='lat' dir='ltr'><strong>qua:</strong></span> <span class='ocrx_word' id='word_1_604' title='bbox 2978 3342 3101 3426; x_wconf 87' lang='lat' dir='ltr'><strong>plus</strong></span> <span class='ocrx_word' id='word_1_605' title='bbox 3154 3353 3408 3409; x_wconf 89' lang='lat' dir='ltr'><strong>utilitatis</strong></span> <span class='ocrx_word' id='word_1_606' title='bbox 3442 3351 3696 3404; x_wconf 85' lang='lat' dir='ltr'><strong>habitura</strong></span> 
     </span>
    </p>
   </div>
   <div class='ocr_carea' id='block_1_82' title="bbox 2123 3438 3695 3521">
    <p class='ocr_par' dir='ltr' id='par_1_82' title="bbox 2123 3438 3695 3521">
     <span class='ocr_line' id='line_1_82' title="bbox 2123 3438 3695 3521; baseline -0.01 -14"><span class='ocrx_word' id='word_1_607' title='bbox 2123 3460 2269 3514; x_wconf 74' lang='lat' dir='ltr'><strong>sa-nt,</strong></span> <span class='ocrx_word' id='word_1_608' title='bbox 2301 3452 2622 3521; x_wconf 80' lang='lat' dir='ltr'><strong>pertingere.</strong></span> <span class='ocrx_word' id='word_1_609' title='bbox 2647 3448 2931 3514; x_wconf 81' lang='lat' dir='ltr'><strong>Quomodo</strong></span> <span class='ocrx_word' id='word_1_610' title='bbox 2969 3438 3113 3501; x_wconf 90' lang='lat' dir='ltr'><strong>enim</strong></span> <span class='ocrx_word' id='word_1_611' title='bbox 3143 3444 3269 3515; x_wconf 92' lang='lat' dir='ltr'><strong>quis</strong></span> <span class='ocrx_word' id='word_1_612' title='bbox 3317 3442 3465 3495; x_wconf 90' lang='lat' dir='ltr'><strong>illam</strong></span> <span class='ocrx_word' id='word_1_613' title='bbox 3494 3440 3695 3495; x_wconf 88' lang='lat' dir='ltr'><strong>bonam</strong></span> 
     </span>
    </p>
   </div>
   <div class='ocr_carea' id='block_1_83' title="bbox 2121 3531 3694 3610">
    <p class='ocr_par' dir='ltr' id='par_1_83' title="bbox 2121 3531 3694 3610">
     <span class='ocr_line' id='line_1_83' title="bbox 2121 3531 3694 3610; baseline -0.01 -12"><span class='ocrx_word' id='word_1_614' title='bbox 2121 3554 2173 3599; x_wconf 91' lang='lat' dir='ltr'><strong>et</strong></span> <span class='ocrx_word' id='word_1_615' title='bbox 2214 3550 2524 3597; x_wconf 81' lang='lat' dir='ltr'><strong>accuratam</strong></span> <span class='ocrx_word' id='word_1_616' title='bbox 2572 3538 2969 3610; x_wconf 85' lang='lat' dir='ltr'><strong>philosophiam</strong></span> <span class='ocrx_word' id='word_1_617' title='bbox 3020 3536 3349 3607; x_wconf 73' lang='lat' dir='ltr'><strong>praeteriret,</strong></span> <span class='ocrx_word' id='word_1_618' title='bbox 3400 3534 3456 3587; x_wconf 93' lang='lat' dir='ltr'><strong>in</strong></span> <span class='ocrx_word' id='word_1_619' title='bbox 3490 3531 3694 3602; x_wconf 90' lang='lat' dir='ltr'><strong>quibus</strong></span> 
     </span>
    </p>
   </div>
   <div class='ocr_carea' id='block_1_84' title="bbox 2126 3622 3693 3697">
    <p class='ocr_par' dir='ltr' id='par_1_84' title="bbox 2126 3622 3693 3697">
     <span class='ocr_line' id='line_1_84' title="bbox 2126 3622 3693 3697; baseline -0.01 -8"><span class='ocrx_word' id='word_1_620' title='bbox 2126 3640 2220 3697; x_wconf 88' lang='lat' dir='ltr'><strong>ait,</strong></span> <span class='ocrx_word' id='word_1_621' title='bbox 2256 3652 2360 3689; x_wconf 90' lang='lat' dir='ltr'><strong>non</strong></span> <span class='ocrx_word' id='word_1_622' title='bbox 2393 3635 2569 3687; x_wconf 92' lang='lat' dir='ltr'><strong>solum</strong></span> <span class='ocrx_word' id='word_1_623' title='bbox 2605 3632 2658 3685; x_wconf 89' lang='lat' dir='ltr'><strong>in</strong></span> <span class='ocrx_word' id='word_1_624' title='bbox 2682 3630 2951 3686; x_wconf 88' lang='lat' dir='ltr'><strong>creaturis</strong></span> <span class='ocrx_word' id='word_1_625' title='bbox 2986 3627 3079 3682; x_wconf 89' lang='lat' dir='ltr'><strong>Dei</strong></span> <span class='ocrx_word' id='word_1_626' title='bbox 3106 3622 3565 3696; x_wconf 88' lang='lat' dir='ltr'><strong>magniﬁcentiam</strong></span> <span class='ocrx_word' id='word_1_627' title='bbox 3588 3635 3693 3689; x_wconf 64' lang='lat' dir='ltr'><strong>apo</strong></span> 
     </span>
    </p>
   </div>
   <div class='ocr_carea' id='block_1_85' title="bbox 2123 3714 3696 3798">
    <p class='ocr_par' dir='ltr' id='par_1_85' title="bbox 2123 3714 3696 3798">
     <span class='ocr_line' id='line_1_85' title="bbox 2123 3714 3696 3798; baseline -0.01 -19"><span class='ocrx_word' id='word_1_628' title='bbox 2123 3744 2337 3798; x_wconf 81' lang='lat' dir='ltr'><strong>parere,</strong></span> <span class='ocrx_word' id='word_1_629' title='bbox 2394 3726 2488 3779; x_wconf 84' lang='lat' dir='ltr'><strong>sed</strong></span> <span class='ocrx_word' id='word_1_630' title='bbox 2536 3725 2698 3778; x_wconf 90' lang='lat' dir='ltr'><strong>etiam</strong></span> <span class='ocrx_word' id='word_1_631' title='bbox 2759 3719 3182 3776; x_wconf 26' lang='lat' dir='ltr'><strong>in‘nominibus</strong></span> <span class='ocrx_word' id='word_1_632' title='bbox 3227 3717 3321 3771; x_wconf 90' lang='lat' dir='ltr'><strong>Dei</strong></span> <span class='ocrx_word' id='word_1_633' title='bbox 3374 3714 3696 3785; x_wconf 89' lang='lat' dir='ltr'><strong>sapientiam</strong></span> 
     </span>
    </p>
   </div>
   <div class='ocr_carea' id='block_1_86' title="bbox 2122 3807 3697 3882">
    <p class='ocr_par' dir='ltr' id='par_1_86' title="bbox 2122 3807 3697 3882">
     <span class='ocr_line' id='line_1_86' title="bbox 2122 3807 3697 3882; baseline -0.012 -11"><span class='ocrx_word' id='word_1_634' title='bbox 2122 3816 2509 3879; x_wconf 73' lang='lat' dir='ltr'><strong>demonstrari,</strong></span> <span class='ocrx_word' id='word_1_635' title='bbox 2548 3813 2638 3882; x_wconf 91' lang='lat' dir='ltr'><strong>qui</strong></span> <span class='ocrx_word' id='word_1_636' title='bbox 2686 3812 2905 3881; x_wconf 89' lang='lat' dir='ltr'><strong>proprie</strong></span> <span class='ocrx_word' id='word_1_637' title='bbox 2946 3820 3009 3864; x_wconf 78' lang='lat' dir='ltr'><strong>et</strong></span> <span class='ocrx_word' id='word_1_638' title='bbox 3073 3807 3138 3861; x_wconf 92' lang='lat' dir='ltr'><strong>ad</strong></span> <span class='ocrx_word' id='word_1_639' title='bbox 3184 3813 3435 3859; x_wconf 86' lang='lat' dir='ltr'><strong>naturam</strong></span> <span class='ocrx_word' id='word_1_640' title='bbox 3476 3816 3697 3856; x_wconf 84' lang='lat' dir='ltr'><strong>accom-</strong></span> 
     </span>
    </p>
   </div>
   <div class='ocr_carea' id='block_1_87' title="bbox 2122 3893 3696 3974">
    <p class='ocr_par' dir='ltr' id='par_1_87' title="bbox 2122 3893 3696 3974">
     <span class='ocr_line' id='line_1_87' title="bbox 2122 3893 3696 3974; baseline -0.01 -13"><span class='ocrx_word' id='word_1_641' title='bbox 2122 3907 2337 3961; x_wconf 68' lang='lat' dir='ltr'><strong>modate</strong></span> <span class='ocrx_word' id='word_1_642' title='bbox 2377 3905 2607 3974; x_wconf 87' lang='lat' dir='ltr'><strong>singulis</strong></span> <span class='ocrx_word' id='word_1_643' title='bbox 2638 3904 2801 3957; x_wconf 89' lang='lat' dir='ltr'><strong>rebus</strong></span> <span class='ocrx_word' id='word_1_644' title='bbox 2833 3902 2901 3955; x_wconf 90' lang='lat' dir='ltr'><strong>ab</strong></span> <span class='ocrx_word' id='word_1_645' title='bbox 2927 3903 3048 3970; x_wconf 88' lang='lat' dir='ltr'><strong>ipso</strong></span> <span class='ocrx_word' id='word_1_646' title='bbox 3079 3898 3280 3952; x_wconf 87' lang='lat' dir='ltr'><strong>creatis</strong></span> <span class='ocrx_word' id='word_1_647' title='bbox 3304 3893 3696 3964; x_wconf 73' lang='lat' dir='ltr'><strong>appellationes</strong></span> 
     </span>
    </p>
   </div>
   <div class='ocr_carea' id='block_1_88' title="bbox 2123 3984 3697 4069">
    <p class='ocr_par' dir='ltr' id='par_1_88' title="bbox 2123 3984 3697 4069">
     <span class='ocr_line' id='line_1_88' title="bbox 2123 3984 3697 4069; baseline -0.01 -17"><span class='ocrx_word' id='word_1_648' title='bbox 2123 3998 2369 4069; x_wconf 78' lang='lat' dir='ltr'><strong>aptavit?</strong></span> <span class='ocrx_word' id='word_1_649' title='bbox 2406 3996 2531 4050; x_wconf 83' lang='lat' dir='ltr'><strong>llaec</strong></span> <span class='ocrx_word' id='word_1_650' title='bbox 2583 3994 2816 4049; x_wconf 84' lang='lat' dir='ltr'><strong>fortasse</strong></span> <span class='ocrx_word' id='word_1_651' title='bbox 2850 4007 2972 4045; x_wconf 90' lang='lat' dir='ltr'><strong>cum</strong></span> <span class='ocrx_word' id='word_1_652' title='bbox 3021 3991 3075 4044; x_wconf 88' lang='lat' dir='ltr'><strong>in</strong></span> <span class='ocrx_word' id='word_1_653' title='bbox 3120 3987 3401 4057; x_wconf 80' lang='lat' dir='ltr'><strong>Cratylum</strong></span> <span class='ocrx_word' id='word_1_654' title='bbox 3451 3984 3697 4038; x_wconf 84' lang='lat' dir='ltr'><strong>Platonis</strong></span> 
     </span>
    </p>
   </div>
   <div class='ocr_carea' id='block_1_89' title="bbox 2122 4078 3696 4158">
    <p class='ocr_par' dir='ltr' id='par_1_89' title="bbox 2122 4078 3696 4158">
     <span class='ocr_line' id='line_1_89' title="bbox 2122 4078 3696 4158; baseline -0.011 -16"><span class='ocrx_word' id='word_1_655' title='bbox 2122 4089 2404 4158; x_wconf 84' lang='lat' dir='ltr'><strong>Dialogum</strong></span> <span class='ocrx_word' id='word_1_656' title='bbox 2437 4088 2521 4141; x_wconf 86' lang='lat' dir='ltr'><strong>vel</strong></span> <span class='ocrx_word' id='word_1_657' title='bbox 2558 4086 2675 4155; x_wconf 88' lang='lat' dir='ltr'><strong>ipse</strong></span> <span class='ocrx_word' id='word_1_658' title='bbox 2721 4083 3023 4144; x_wconf 87' lang='lat' dir='ltr'><strong>incidisset,</strong></span> <span class='ocrx_word' id='word_1_659' title='bbox 3061 4081 3144 4135; x_wconf 90' lang='lat' dir='ltr'><strong>vel</strong></span> <span class='ocrx_word' id='word_1_660' title='bbox 3191 4095 3255 4134; x_wconf 83' lang='lat' dir='ltr'><strong>ex</strong></span> <span class='ocrx_word' id='word_1_661' title='bbox 3295 4078 3477 4146; x_wconf 71' lang='lat' dir='ltr'><strong>aliqua</strong></span> <span class='ocrx_word' id='word_1_662' title='bbox 3505 4088 3696 4130; x_wconf 88' lang='lat' dir='ltr'><strong>eorum</strong></span> 
     </span>
    </p>
   </div>
   <div class='ocr_carea' id='block_1_90' title="bbox 2122 4167 3696 4261">
    <p class='ocr_par' dir='ltr' id='par_1_90' title="bbox 2122 4167 3696 4261">
     <span class='ocr_line' id='line_1_90' title="bbox 2122 4167 3696 4261; baseline -0.012 -25"><span class='ocrx_word' id='word_1_663' title='bbox 2122 4184 2213 4261; x_wconf 87' lang='lat' dir='ltr'><strong>qui</strong></span> <span class='ocrx_word' id='word_1_664' title='bbox 2246 4184 2494 4251; x_wconf 85' lang='lat' dir='ltr'><strong>legerunt</strong></span> <span class='ocrx_word' id='word_1_665' title='bbox 2526 4192 2649 4232; x_wconf 92' lang='lat' dir='ltr'><strong>cum</strong></span> <span class='ocrx_word' id='word_1_666' title='bbox 2679 4175 2997 4239; x_wconf 86' lang='lat' dir='ltr'><strong>audivisset,</strong></span> <span class='ocrx_word' id='word_1_667' title='bbox 3026 4173 3097 4227; x_wconf 95' lang='lat' dir='ltr'><strong>ob</strong></span> <span class='ocrx_word' id='word_1_668' title='bbox 3116 4172 3365 4231; x_wconf 84' lang='lat' dir='ltr'><strong>multam,</strong></span> <span class='ocrx_word' id='word_1_669' title='bbox 3395 4176 3456 4222; x_wconf 90' lang='lat' dir='ltr'><strong>ut</strong></span> <span class='ocrx_word' id='word_1_670' title='bbox 3478 4167 3696 4235; x_wconf 90' lang='lat' dir='ltr'><strong>opinor,</strong></span> 
     </span>
    </p>
   </div>
   <div class='ocr_carea' id='block_1_91' title="bbox 2123 4254 3697 4332">
    <p class='ocr_par' dir='ltr' id='par_1_91' title="bbox 2123 4254 3697 4332">
     <span class='ocr_line' id='line_1_91' title="bbox 2123 4254 3697 4332; baseline -0.013 -5"><span class='ocrx_word' id='word_1_671' title='bbox 2123 4254 2406 4326; x_wconf 82' lang='lat' dir='ltr'><strong>notionum</strong></span> <span class='ocrx_word' id='word_1_672' title='bbox 2444 4268 2853 4324; x_wconf 88' lang='lat' dir='ltr'><strong>mendicitatem</strong></span> <span class='ocrx_word' id='word_1_673' title='bbox 2887 4265 3004 4319; x_wconf 88' lang='lat' dir='ltr'><strong>suis</strong></span> <span class='ocrx_word' id='word_1_674' title='bbox 3036 4262 3196 4332; x_wconf 89' lang='lat' dir='ltr'><strong>nugis</strong></span> <span class='ocrx_word' id='word_1_675' title='bbox 3224 4260 3402 4316; x_wconf 90' lang='lat' dir='ltr'><strong>assuit</strong></span> <span class='ocrx_word' id='word_1_676' title='bbox 3430 4273 3551 4328; x_wconf 68' lang='lat' dir='ltr'><strong>quae</strong></span> <span class='ocrx_word' id='word_1_677' title='bbox 3581 4254 3697 4310; x_wconf 91' lang='lat' dir='ltr'><strong>illic</strong></span> 
     </span>
    </p>
   </div>
   <div class='ocr_carea' id='block_1_92' title="bbox 2122 4347 3696 4433">
    <p class='ocr_par' dir='ltr' id='par_1_92' title="bbox 2122 4347 3696 4433">
     <span class='ocr_line' id='line_1_92' title="bbox 2122 4347 3696 4433; baseline -0.013 -12"><span class='ocrx_word' id='word_1_678' title='bbox 2122 4373 2248 4421; x_wconf 77' lang='lat' dir='ltr'><strong>sunt</strong></span> <span class='ocrx_word' id='word_1_679' title='bbox 2282 4370 2630 4433; x_wconf 87' lang='lat' dir='ltr'><strong>nugamenta,</strong></span> <span class='ocrx_word' id='word_1_680' title='bbox 2685 4360 2862 4414; x_wconf 90' lang='lat' dir='ltr'><strong>simile</strong></span> <span class='ocrx_word' id='word_1_681' title='bbox 2913 4356 3041 4425; x_wconf 88' lang='lat' dir='ltr'><strong>quid</strong></span> <span class='ocrx_word' id='word_1_682' title='bbox 3085 4355 3291 4409; x_wconf 81' lang='lat' dir='ltr'><strong>faciens</strong></span> <span class='ocrx_word' id='word_1_683' title='bbox 3335 4352 3419 4406; x_wconf 90' lang='lat' dir='ltr'><strong>his</strong></span> <span class='ocrx_word' id='word_1_684' title='bbox 3463 4350 3556 4420; x_wconf 89' lang='lat' dir='ltr'><strong>qui</strong></span> <span class='ocrx_word' id='word_1_685' title='bbox 3592 4347 3696 4401; x_wconf 90' lang='lat' dir='ltr'><strong>ali-</strong></span> 
     </span>
    </p>
   </div>
   <div class='ocr_carea' id='block_1_93' title="bbox 440 4438 2020 4535">
    <p class='ocr_par' dir='ltr' id='par_1_93' title="bbox 440 4438 2010 4524">
     <span class='ocr_line' id='line_1_93' title="bbox 440 4438 2010 4524; baseline 0.004 -21"><span class='ocrx_word' id='word_1_686' title='bbox 440 4450 669 4503; x_wconf 78' lang='grc' dir='ltr'>ἑκάστου</span> <span class='ocrx_word' id='word_1_687' title='bbox 709 4450 815 4504; x_wconf 90' lang='grc' dir='ltr'><strong>τῶν</strong></span> <span class='ocrx_word' id='word_1_688' title='bbox 860 4450 1158 4521; x_wconf 85' lang='grc' dir='ltr'>ὀρεγόντων</span> <span class='ocrx_word' id='word_1_689' title='bbox 1210 4451 1507 4524; x_wconf 86' lang='grc' dir='ltr'>δεχόμενοι,</span> <span class='ocrx_word' id='word_1_690' title='bbox 1538 4455 1602 4506; x_wconf 87' lang='grc' dir='ltr'><strong>ἑκ</strong></span> <span class='ocrx_word' id='word_1_691' title='bbox 1657 4456 1915 4509; x_wconf 86' lang='grc' dir='ltr'>ποικίλων</span> <span class='ocrx_word' id='word_1_692' title='bbox 1950 4438 2010 4510; x_wconf 87' lang='grc' dir='ltr'><strong>τε</strong></span> 
     </span>
    </p>
   </div>
   <div class='ocr_carea' id='block_1_94' title="bbox 2122 4438 3696 4535">
    <p class='ocr_par' dir='ltr' id='par_1_94' title="bbox 2124 4438 3696 4515">
     <span class='ocr_line' id='line_1_94' title="bbox 2124 4438 3696 4515; baseline -0.013 -3"><span class='ocrx_word' id='word_1_693' title='bbox 2124 4464 2363 4511; x_wconf 88' lang='lat' dir='ltr'><strong>mentum</strong></span> <span class='ocrx_word' id='word_1_694' title='bbox 2411 4469 2477 4508; x_wconf 81' lang='lat' dir='ltr'><strong>ex</strong></span> <span class='ocrx_word' id='word_1_695' title='bbox 2534 4450 2884 4506; x_wconf 86' lang='lat' dir='ltr'><strong>mendicitate</strong></span> <span class='ocrx_word' id='word_1_696' title='bbox 2931 4447 3035 4503; x_wconf 86' lang='lat' dir='ltr'><strong>sibi</strong></span> <span class='ocrx_word' id='word_1_697' title='bbox 3070 4445 3204 4515; x_wconf 89' lang='lat' dir='ltr'><strong>ipsis</strong></span> <span class='ocrx_word' id='word_1_698' title='bbox 3254 4447 3579 4512; x_wconf 87' lang='lat' dir='ltr'><strong>congerunt.</strong></span> <span class='ocrx_word' id='word_1_699' title='bbox 3624 4438 3696 4493; x_wconf 90' lang='lat' dir='ltr'><strong>Ut</strong></span> 
     </span>
    </p>
   </div>
   <div class='ocr_carea' id='block_1_95' title="bbox 439 4540 2018 4616">
    <p class='ocr_par' dir='ltr' id='par_1_95' title="bbox 439 4540 2018 4616">
     <span class='ocr_line' id='line_1_95' title="bbox 439 4540 2018 4616; baseline 0.005 -23"><span class='ocrx_word' id='word_1_700' title='bbox 439 4542 532 4594; x_wconf 77' lang='grc' dir='ltr'><strong>καὶ</strong></span> <span class='ocrx_word' id='word_1_701' title='bbox 561 4540 852 4595; x_wconf 82' lang='grc' dir='ltr'>πολυειδῶν</span> <span class='ocrx_word' id='word_1_702' title='bbox 883 4541 980 4611; x_wconf 81' lang='grc' dir='ltr'>τὴν</span> <span class='ocrx_word' id='word_1_703' title='bbox 1000 4543 1208 4611; x_wconf 78' lang='grc' dir='ltr'>τροφὴν</span> <span class='ocrx_word' id='word_1_704' title='bbox 1231 4545 1441 4607; x_wconf 76' lang='grc' dir='ltr'>ἑαυτοῖς</span> <span class='ocrx_word' id='word_1_705' title='bbox 1461 4544 1823 4616; x_wconf 76' lang='grc' dir='ltr'>ἑρανίζουσιν’</span> <span class='ocrx_word' id='word_1_706' title='bbox 1846 4547 2018 4613; x_wconf 78' lang='grc' dir='ltr'>οὕτως</span> 
     </span>
    </p>
   </div>
   <div class='ocr_carea' id='block_1_96' title="bbox 437 4633 2017 4710">
    <p class='ocr_par' dir='ltr' id='par_1_96' title="bbox 437 4633 2017 4710">
     <span class='ocr_line' id='line_1_96' title="bbox 437 4633 2017 4710; baseline 0.004 -23"><span class='ocrx_word' id='word_1_707' title='bbox 437 4636 529 4687; x_wconf 70' lang='grc' dir='ltr'><strong>καὶ</strong></span> <span class='ocrx_word' id='word_1_708' title='bbox 555 4636 582 4688; x_wconf 88' lang='grc' dir='ltr'>ὁ</span> <span class='ocrx_word' id='word_1_709' title='bbox 626 4633 717 4687; x_wconf 89' lang='grc' dir='ltr'><strong>τοῦ</strong></span> <span class='ocrx_word' id='word_1_710' title='bbox 758 4634 1019 4704; x_wconf 78' lang='grc' dir='ltr'>Εὑνομίου</span> <span class='ocrx_word' id='word_1_711' title='bbox 1065 4635 1219 4702; x_wconf 85' lang='grc' dir='ltr'>λόγος</span> <span class='ocrx_word' id='word_1_712' title='bbox 1258 4635 1345 4689; x_wconf 80' lang='grc' dir='ltr'><strong>διὰ</strong></span> <span class='ocrx_word' id='word_1_713' title='bbox 1375 4636 1472 4706; x_wconf 84' lang='grc' dir='ltr'>τὴν</span> <span class='ocrx_word' id='word_1_714' title='bbox 1504 4637 1599 4689; x_wconf 88' lang='grc' dir='ltr'><strong>τοῦ</strong></span> <span class='ocrx_word' id='word_1_715' title='bbox 1631 4638 1884 4708; x_wconf 83' lang='grc' dir='ltr'>ἀληθινοῦ</span> <span class='ocrx_word' id='word_1_716' title='bbox 1920 4641 2017 4710; x_wconf 79' lang='grc' dir='ltr'><strong>ἄρ-</strong></span> 
     </span>
    </p>
   </div>
   <div class='ocr_carea' id='block_1_97' title="bbox 435 4726 2015 4800">
    <p class='ocr_par' dir='ltr' id='par_1_97' title="bbox 435 4726 2015 4800">
     <span class='ocr_line' id='line_1_97' title="bbox 435 4726 2015 4800; baseline 0.004 -21"><span class='ocrx_word' id='word_1_717' title='bbox 435 4745 528 4779; x_wconf 86' lang='grc' dir='ltr'><strong>του</strong></span> <span class='ocrx_word' id='word_1_718' title='bbox 562 4726 752 4779; x_wconf 88' lang='grc' dir='ltr'>πενίαν</span> <span class='ocrx_word' id='word_1_719' title='bbox 772 4765 786 4790; x_wconf 92' lang='grc'><strong>,</strong></span> <span class='ocrx_word' id='word_1_720' title='bbox 814 4726 910 4788; x_wconf 83' lang='grc' dir='ltr'><strong>τάς</strong></span> <span class='ocrx_word' id='word_1_721' title='bbox 959 4726 1293 4797; x_wconf 83' lang='grc' dir='ltr'>πανταχόθεν</span> <span class='ocrx_word' id='word_1_722' title='bbox 1332 4727 1497 4799; x_wconf 69' lang='grc' dir='ltr'>ψίχας</span> <span class='ocrx_word' id='word_1_723' title='bbox 1530 4731 1788 4800; x_wconf 73' lang='grc' dir='ltr'>ῥημάτιον</span> <span class='ocrx_word' id='word_1_724' title='bbox 1828 4748 1888 4784; x_wconf 85' lang='grc' dir='ltr'><strong>τε</strong></span> <span class='ocrx_word' id='word_1_725' title='bbox 1921 4734 2015 4786; x_wconf 77' lang='grc' dir='ltr'><strong>καὶ</strong></span> 
     </span>
    </p>
   </div>
   <div class='ocr_carea' id='block_1_98' title="bbox 436 4816 2013 4891">
    <p class='ocr_par' dir='ltr' id='par_1_98' title="bbox 436 4816 2013 4891">
     <span class='ocr_line' id='line_1_98' title="bbox 436 4816 2013 4891; baseline 0.004 -20"><span class='ocrx_word' id='word_1_726' title='bbox 436 4817 720 4888; x_wconf 86' lang='grc' dir='ltr'>νοημάτων</span> <span class='ocrx_word' id='word_1_727' title='bbox 755 4816 835 4887; x_wconf 81' lang='grc' dir='ltr'>τῷ</span> <span class='ocrx_word' id='word_1_728' title='bbox 891 4817 1002 4887; x_wconf 85' lang='grc' dir='ltr'>ίδίῳ</span> <span class='ocrx_word' id='word_1_729' title='bbox 1054 4818 1387 4889; x_wconf 78' lang='grc' dir='ltr'>συνερανίξει</span> <span class='ocrx_word' id='word_1_730' title='bbox 1438 4821 1605 4891; x_wconf 81' lang='grc' dir='ltr'>πόνῳ.</span> <span class='ocrx_word' id='word_1_731' title='bbox 1663 4822 1773 4875; x_wconf 73' lang='grc' dir='ltr'><strong>Καὶ</strong></span> <span class='ocrx_word' id='word_1_732' title='bbox 1823 4823 2013 4877; x_wconf 86' lang='grc' dir='ltr'>τούτου</span> 
     </span>
    </p>
   </div>
   <div class='ocr_carea' id='block_1_99' title="bbox 437 4908 2013 4989">
    <p class='ocr_par' dir='ltr' id='par_1_99' title="bbox 437 4908 2013 4989">
     <span class='ocr_line' id='line_1_99' title="bbox 437 4908 2013 4989; baseline 0.003 -25"><span class='ocrx_word' id='word_1_733' title='bbox 437 4912 595 4981; x_wconf 84' lang='grc' dir='ltr'>χάριν</span> <span class='ocrx_word' id='word_1_734' title='bbox 633 4908 1058 4981; x_wconf 80' lang='grc' dir='ltr'>περικτυπηθεὶς</span> <span class='ocrx_word' id='word_1_735' title='bbox 1086 4913 1151 4980; x_wconf 85' lang='grc' dir='ltr'>τῇ</span> <span class='ocrx_word' id='word_1_736' title='bbox 1175 4911 1506 4983; x_wconf 76' lang='grc' dir='ltr'>καλλιφωνία</span> <span class='ocrx_word' id='word_1_737' title='bbox 1526 4914 1634 4989; x_wconf 36' lang='grc' dir='ltr'>’τῆς</span> <span class='ocrx_word' id='word_1_738' title='bbox 1665 4914 2013 4987; x_wconf 83' lang='grc' dir='ltr'>Πλατωνικῆς</span> 
     </span>
    </p>
   </div>
   <div class='ocr_carea' id='block_1_100' title="bbox 437 5000 2013 5078">
    <p class='ocr_par' dir='ltr' id='par_1_100' title="bbox 437 5000 2013 5078">
     <span class='ocr_line' id='line_1_100' title="bbox 437 5000 2013 5078; baseline 0.005 -26"><span class='ocrx_word' id='word_1_739' title='bbox 437 5002 661 5067; x_wconf 79' lang='grc' dir='ltr'>λέξεως,</span> <span class='ocrx_word' id='word_1_740' title='bbox 708 5000 913 5071; x_wconf 81' lang='grc' dir='ltr'>πρέπον</span> <span class='ocrx_word' id='word_1_741' title='bbox 960 5002 1129 5054; x_wconf 83' lang='grc' dir='ltr'>οἴεται</span> <span class='ocrx_word' id='word_1_742' title='bbox 1183 5003 1356 5072; x_wconf 84' lang='grc' dir='ltr'>δόγμα</span> <span class='ocrx_word' id='word_1_743' title='bbox 1406 5007 1503 5074; x_wconf 86' lang='grc' dir='ltr'><strong>τῆς</strong></span> <span class='ocrx_word' id='word_1_744' title='bbox 1546 5005 1871 5076; x_wconf 86' lang='grc' dir='ltr'>Ἐκκλησίας</span> <span class='ocrx_word' id='word_1_745' title='bbox 1914 5007 2013 5078; x_wconf 79' lang='grc' dir='ltr'><strong>τὴν</strong></span> 
     </span>
    </p>
   </div>
   <div class='ocr_carea' id='block_1_101' title="bbox 437 5091 2010 5167">
    <p class='ocr_par' dir='ltr' id='par_1_101' title="bbox 437 5091 2010 5167">
     <span class='ocr_line' id='line_1_101' title="bbox 437 5091 2010 5167; baseline 0.001 -22"><span class='ocrx_word' id='word_1_746' title='bbox 437 5094 642 5146; x_wconf 84' lang='grc' dir='ltr'>ἐκείνου</span> <span class='ocrx_word' id='word_1_747' title='bbox 674 5091 987 5161; x_wconf 81' lang='grc' dir='ltr'>φιλοσοφίαν</span> <span class='ocrx_word' id='word_1_748' title='bbox 1016 5094 1361 5163; x_wconf 80' lang='grc' dir='ltr'>ποιήσασθαι.</span> <span class='ocrx_word' id='word_1_749' title='bbox 1386 5096 1584 5161; x_wconf 89' lang='grc' dir='ltr'>Πόσαις</span> <span class='ocrx_word' id='word_1_750' title='bbox 1609 5097 1735 5165; x_wconf 72' lang='grc' dir='ltr'>γὰρ,</span> <span class='ocrx_word' id='word_1_751' title='bbox 1754 5098 1872 5149; x_wconf 87' lang='grc' dir='ltr'>εἰπέ</span> <span class='ocrx_word' id='word_1_752' title='bbox 1898 5116 2010 5167; x_wconf 78' lang='grc' dir='ltr'>μοι,</span> 
     </span>
    </p>
   </div>
   <div class='ocr_carea' id='block_1_102' title="bbox 438 5185 2013 5260">
    <p class='ocr_par' dir='ltr' id='par_1_102' title="bbox 438 5185 2013 5260">
     <span class='ocr_line' id='line_1_102' title="bbox 438 5185 2013 5260; baseline 0.004 -23"><span class='ocrx_word' id='word_1_753' title='bbox 438 5189 638 5253; x_wconf 81' lang='grc' dir='ltr'>φωναῖς</span> <span class='ocrx_word' id='word_1_754' title='bbox 662 5185 801 5238; x_wconf 83' lang='grc' dir='ltr'><strong>κατά</strong></span> <span class='ocrx_word' id='word_1_755' title='bbox 833 5186 933 5248; x_wconf 80' lang='grc' dir='ltr'><strong>τὰς</strong></span> <span class='ocrx_word' id='word_1_756' title='bbox 968 5185 1074 5238; x_wconf 87' lang='grc' dir='ltr'><strong>τῶν</strong></span> <span class='ocrx_word' id='word_1_757' title='bbox 1109 5185 1276 5239; x_wconf 84' lang='grc' dir='ltr'>ἐθνῶν</span> <span class='ocrx_word' id='word_1_758' title='bbox 1313 5187 1570 5259; x_wconf 82' lang='grc' dir='ltr'>διαφορὰς</span> <span class='ocrx_word' id='word_1_759' title='bbox 1600 5191 1631 5260; x_wconf 82' lang='grc' dir='ltr'>ἡ</span> <span class='ocrx_word' id='word_1_760' title='bbox 1659 5190 1750 5242; x_wconf 82' lang='grc' dir='ltr'><strong>τοῦ</strong></span> <span class='ocrx_word' id='word_1_761' title='bbox 1782 5191 2013 5259; x_wconf 85' lang='grc' dir='ltr'>στερεώ-</span> 
     </span>
    </p>
   </div>
   <div class='ocr_carea' id='block_1_103' title="bbox 441 5275 2012 5351">
    <p class='ocr_par' dir='ltr' id='par_1_103' title="bbox 441 5275 2012 5351">
     <span class='ocr_line' id='line_1_103' title="bbox 441 5275 2012 5351; baseline 0.004 -23"><span class='ocrx_word' id='word_1_762' title='bbox 441 5294 605 5342; x_wconf 86' lang='grc' dir='ltr'>ματος</span> <span class='ocrx_word' id='word_1_763' title='bbox 633 5275 1055 5346; x_wconf 82' lang='grc' dir='ltr'>κατονομάζεται</span> <span class='ocrx_word' id='word_1_764' title='bbox 1088 5278 1263 5341; x_wconf 86' lang='grc' dir='ltr'>κτίσις</span> <span class='ocrx_word' id='word_1_765' title='bbox 1300 5294 1313 5341; x_wconf 90' lang='grc'>;</span> <span class='ocrx_word' id='word_1_766' title='bbox 1358 5279 1546 5348; x_wconf 83' lang='grc' dir='ltr'>Ἡμεῖς</span> <span class='ocrx_word' id='word_1_767' title='bbox 1582 5280 1807 5351; x_wconf 81' lang='grc' dir='ltr'>οὐρανὸν</span> <span class='ocrx_word' id='word_1_768' title='bbox 1855 5282 2012 5336; x_wconf 87' lang='grc' dir='ltr'>τοῦτο</span> 
     </span>
    </p>
   </div>
   <div class='ocr_carea' id='block_1_104' title="bbox 436 5363 2010 5441">
    <p class='ocr_par' dir='ltr' id='par_1_104' title="bbox 436 5363 2010 5441">
     <span class='ocr_line' id='line_1_104' title="bbox 436 5363 2010 5441; baseline 0.007 -26"><span class='ocrx_word' id='word_1_769' title='bbox 436 5363 687 5433; x_wconf 82' lang='grc' dir='ltr'>λέγομεν,</span> <span class='ocrx_word' id='word_1_770' title='bbox 705 5366 928 5435; x_wconf 68' lang='grc' dir='ltr'>Σαμαιμ</span> <span class='ocrx_word' id='word_1_771' title='bbox 952 5368 979 5418; x_wconf 93' lang='lat'><strong>6</strong></span> <span class='ocrx_word' id='word_1_772' title='bbox 1013 5365 1283 5439; x_wconf 79' lang='grc' dir='ltr'>Ἐϐραῖος,</span> <span class='ocrx_word' id='word_1_773' title='bbox 1310 5369 1337 5419; x_wconf 87' lang='lat'><strong>6</strong></span> <span class='ocrx_word' id='word_1_774' title='bbox 1369 5367 1635 5438; x_wconf 85' lang='grc' dir='ltr'>Ῥωμαῖος</span> <span class='ocrx_word' id='word_1_775' title='bbox 1663 5370 1900 5441; x_wconf 81' lang='grc' dir='ltr'>Κελοὺμ,</span> <span class='ocrx_word' id='word_1_776' title='bbox 1918 5373 2010 5426; x_wconf 72' lang='grc' dir='ltr'><strong>καὶ</strong></span> 
     </span>
    </p>
   </div>
   <div class='ocr_carea' id='block_1_105' title="bbox 436 5455 2011 5533">
    <p class='ocr_par' dir='ltr' id='par_1_105' title="bbox 436 5455 2011 5533">
     <span class='ocr_line' id='line_1_105' title="bbox 436 5455 2011 5533; baseline 0.004 -24"><span class='ocrx_word' id='word_1_777' title='bbox 436 5455 608 5517; x_wconf 70' lang='grc' dir='ltr'>ἄλλως</span> <span class='ocrx_word' id='word_1_778' title='bbox 635 5456 663 5507; x_wconf 88' lang='lat'><strong>6</strong></span> <span class='ocrx_word' id='word_1_779' title='bbox 695 5456 882 5526; x_wconf 75' lang='grc' dir='ltr'>Σύρος,</span> <span class='ocrx_word' id='word_1_780' title='bbox 921 5457 948 5508; x_wconf 88' lang='lat'><strong>6</strong></span> <span class='ocrx_word' id='word_1_781' title='bbox 985 5458 1185 5527; x_wconf 80' lang='grc' dir='ltr'>Μῆδος,</span> <span class='ocrx_word' id='word_1_782' title='bbox 1219 5460 1245 5510; x_wconf 97' lang='lat'><strong>6</strong></span> <span class='ocrx_word' id='word_1_783' title='bbox 1280 5460 1676 5532; x_wconf 78' lang='grc' dir='ltr'>Καππαδόκης,</span> <span class='ocrx_word' id='word_1_784' title='bbox 1698 5463 1726 5514; x_wconf 83' lang='lat'><strong>6</strong></span> <span class='ocrx_word' id='word_1_785' title='bbox 1756 5463 2011 5533; x_wconf 77' lang='grc' dir='ltr'>Μαυρού-</span> 
     </span>
    </p>
   </div>
   <div class='ocr_carea' id='block_1_106' title="bbox 438 5547 2010 5633">
    <p class='ocr_par' dir='ltr' id='par_1_106' title="bbox 438 5547 2010 5633">
     <span class='ocr_line' id='line_1_106' title="bbox 438 5547 2010 5633; baseline 0.004 -32"><span class='ocrx_word' id='word_1_786' title='bbox 438 5563 570 5611; x_wconf 80' lang='grc' dir='ltr'>σιος,</span> <span class='ocrx_word' id='word_1_787' title='bbox 591 5548 625 5633; x_wconf 82' lang='lat'><strong>6</strong></span> <span class='ocrx_word' id='word_1_788' title='bbox 648 5547 879 5619; x_wconf 76' lang='grc' dir='ltr'>Σκύθης,</span> <span class='ocrx_word' id='word_1_789' title='bbox 905 5551 932 5601; x_wconf 91' lang='lat'><strong>6</strong></span> <span class='ocrx_word' id='word_1_790' title='bbox 962 5549 1130 5619; x_wconf 75' lang='grc' dir='ltr'>Θρᾲξ,</span> <span class='ocrx_word' id='word_1_791' title='bbox 1161 5553 1189 5603; x_wconf 91' lang='lat'><strong>6</strong></span> <span class='ocrx_word' id='word_1_792' title='bbox 1218 5552 1529 5618; x_wconf 64' lang='grc' dir='ltr'>Αἰγύπτιος</span> <span class='ocrx_word' id='word_1_793' title='bbox 1561 5554 1680 5607; x_wconf 73' lang='grc' dir='ltr'>οὐδὲ</span> <span class='ocrx_word' id='word_1_794' title='bbox 1709 5556 2010 5626; x_wconf 78' lang='grc' dir='ltr'>ἀριθμῆσαι</span> 
     </span>
    </p>
   </div>
   <div class='ocr_carea' id='block_1_107' title="bbox 504 5724 1649 5799">
    <p class='ocr_par' dir='ltr' id='par_1_107' title="bbox 504 5724 1649 5799">
     <span class='ocr_line' id='line_1_107' title="bbox 504 5724 1649 5799; baseline 0.01 -21"><span class='ocrx_word' id='word_1_795' title='bbox 504 5724 557 5759; x_wconf 65' lang='grc'>’⁸</span> <span class='ocrx_word' id='word_1_796' title='bbox 591 5724 731 5782; x_wconf 71' lang='lat' dir='ltr'><strong>Psal.</strong></span> <span class='ocrx_word' id='word_1_797' title='bbox 760 5745 876 5790; x_wconf 78' lang='lat' dir='ltr'><strong>cm,</strong></span> <span class='ocrx_word' id='word_1_798' title='bbox 909 5730 1000 5785; x_wconf 67' lang='grc'><strong>24.</strong></span> <span class='ocrx_word' id='word_1_799' title='bbox 1076 5733 1123 5762; x_wconf 80' lang='grc'><strong>⁷⁵</strong></span> <span class='ocrx_word' id='word_1_800' title='bbox 1157 5730 1292 5799; x_wconf 82' lang='lat' dir='ltr'><strong>Gen.</strong></span> <span class='ocrx_word' id='word_1_801' title='bbox 1327 5748 1407 5796; x_wconf 81' lang='lat' dir='ltr'><strong>tu,</strong></span> <span class='ocrx_word' id='word_1_802' title='bbox 1442 5734 1526 5798; x_wconf 80' lang='lat' dir='ltr'><strong>l9,</strong></span> <span class='ocrx_word' id='word_1_803' title='bbox 1559 5734 1649 5790; x_wconf 66' lang='lat'><strong>90.</strong></span> 
     </span>
    </p>
   </div>
   <div class='ocr_carea' id='block_1_108' title="bbox 2114 4532 3693 4611">
    <p class='ocr_par' dir='ltr' id='par_1_108' title="bbox 2114 4532 3693 4611">
     <span class='ocr_line' id='line_1_108' title="bbox 2114 4532 3693 4611; baseline -0.012 -7"><span class='ocrx_word' id='word_1_804' title='bbox 2114 4550 2258 4605; x_wconf 87' lang='lat' dir='ltr'><strong>enim</strong></span> <span class='ocrx_word' id='word_1_805' title='bbox 2307 4547 2384 4601; x_wconf 93' lang='lat' dir='ltr'><strong>illi</strong></span> <span class='ocrx_word' id='word_1_806' title='bbox 2432 4545 2705 4599; x_wconf 90' lang='lat' dir='ltr'><strong>modicum</strong></span> <span class='ocrx_word' id='word_1_807' title='bbox 2758 4541 2889 4611; x_wconf 86' lang='lat' dir='ltr'><strong>quid</strong></span> <span class='ocrx_word' id='word_1_808' title='bbox 2930 4555 2960 4593; x_wconf 89' lang='lat' dir='ltr'><strong>a</strong></span> <span class='ocrx_word' id='word_1_809' title='bbox 3010 4537 3244 4607; x_wconf 84' lang='lat' dir='ltr'><strong>singulis</strong></span> <span class='ocrx_word' id='word_1_810' title='bbox 3286 4532 3693 4605; x_wconf 78' lang='lat' dir='ltr'><strong>porrigentibus</strong></span> 
     </span>
    </p>
   </div>
   <div class='ocr_carea' id='block_1_109' title="bbox 2114 4627 3692 4710">
    <p class='ocr_par' dir='ltr' id='par_1_109' title="bbox 2114 4627 3692 4710">
     <span class='ocr_line' id='line_1_109' title="bbox 2114 4627 3692 4710; baseline -0.012 -15"><span class='ocrx_word' id='word_1_811' title='bbox 2114 4641 2468 4710; x_wconf 89' lang='lat' dir='ltr'><strong>accipientes,</strong></span> <span class='ocrx_word' id='word_1_812' title='bbox 2519 4651 2585 4691; x_wconf 82' lang='lat' dir='ltr'><strong>ex</strong></span> <span class='ocrx_word' id='word_1_813' title='bbox 2626 4635 2789 4689; x_wconf 82' lang='lat' dir='ltr'><strong>variis</strong></span> <span class='ocrx_word' id='word_1_814' title='bbox 2817 4641 2871 4687; x_wconf 89' lang='lat' dir='ltr'><strong>et</strong></span> <span class='ocrx_word' id='word_1_815' title='bbox 2910 4629 3340 4685; x_wconf 86' lang='lat' dir='ltr'><strong>multiformibus</strong></span> <span class='ocrx_word' id='word_1_816' title='bbox 3374 4627 3692 4679; x_wconf 91' lang='lat' dir='ltr'><strong>alimentum</strong></span> 
     </span>
    </p>
   </div>
   <div class='ocr_carea' id='block_1_110' title="bbox 2113 4719 3694 4798">
    <p class='ocr_par' dir='ltr' id='par_1_110' title="bbox 2113 4719 3694 4798">
     <span class='ocr_line' id='line_1_110' title="bbox 2113 4719 3694 4798; baseline -0.013 -13"><span class='ocrx_word' id='word_1_817' title='bbox 2113 4730 2219 4785; x_wconf 91' lang='lat' dir='ltr'><strong>sibi</strong></span> <span class='ocrx_word' id='word_1_818' title='bbox 2266 4728 2399 4798; x_wconf 88' lang='lat' dir='ltr'><strong>ipsis</strong></span> <span class='ocrx_word' id='word_1_819' title='bbox 2445 4730 2760 4794; x_wconf 85' lang='lat' dir='ltr'><strong>corrogant,</strong></span> <span class='ocrx_word' id='word_1_820' title='bbox 2801 4724 2881 4777; x_wconf 91' lang='lat' dir='ltr'><strong>sic</strong></span> <span class='ocrx_word' id='word_1_821' title='bbox 2924 4719 3181 4774; x_wconf 87' lang='lat' dir='ltr'><strong>Eunomii</strong></span> <span class='ocrx_word' id='word_1_822' title='bbox 3238 4730 3420 4771; x_wconf 90' lang='lat' dir='ltr'><strong>sermo</strong></span> <span class='ocrx_word' id='word_1_823' title='bbox 3470 4722 3694 4783; x_wconf 89' lang='lat' dir='ltr'><strong>propter</strong></span> 
     </span>
    </p>
   </div>
   <div class='ocr_carea' id='block_1_111' title="bbox 2112 4806 3693 4891">
    <p class='ocr_par' dir='ltr' id='par_1_111' title="bbox 2112 4806 3693 4891">
     <span class='ocr_line' id='line_1_111' title="bbox 2112 4806 3693 4891; baseline -0.013 -15"><span class='ocrx_word' id='word_1_824' title='bbox 2112 4822 2224 4876; x_wconf 89' lang='lat' dir='ltr'><strong>veri</strong></span> <span class='ocrx_word' id='word_1_825' title='bbox 2260 4819 2417 4891; x_wconf 90' lang='lat' dir='ltr'><strong>panis</strong></span> <span class='ocrx_word' id='word_1_826' title='bbox 2456 4818 2697 4888; x_wconf 90' lang='lat' dir='ltr'><strong>in0piam</strong></span> <span class='ocrx_word' id='word_1_827' title='bbox 2736 4814 2979 4883; x_wconf 92' lang='lat' dir='ltr'><strong>undique</strong></span> <span class='ocrx_word' id='word_1_828' title='bbox 3007 4810 3301 4865; x_wconf 86' lang='lat' dir='ltr'><strong>verborum</strong></span> <span class='ocrx_word' id='word_1_829' title='bbox 3330 4814 3385 4862; x_wconf 89' lang='lat' dir='ltr'><strong>et</strong></span> <span class='ocrx_word' id='word_1_830' title='bbox 3407 4806 3693 4859; x_wconf 90' lang='lat' dir='ltr'><strong>notionum</strong></span> 
     </span>
    </p>
   </div>
   <div class='ocr_carea' id='block_1_112' title="bbox 2115 4897 3694 4981">
    <p class='ocr_par' dir='ltr' id='par_1_112' title="bbox 2115 4897 3694 4981">
     <span class='ocr_line' id='line_1_112' title="bbox 2115 4897 3694 4981; baseline -0.009 -15"><span class='ocrx_word' id='word_1_831' title='bbox 2115 4915 2287 4967; x_wconf 83' lang='lat' dir='ltr'><strong>micas</strong></span> <span class='ocrx_word' id='word_1_832' title='bbox 2328 4910 2547 4981; x_wconf 87' lang='lat' dir='ltr'><strong>proprio</strong></span> <span class='ocrx_word' id='word_1_833' title='bbox 2582 4906 2754 4961; x_wconf 91' lang='lat' dir='ltr'><strong>labori</strong></span> <span class='ocrx_word' id='word_1_834' title='bbox 2791 4912 3065 4974; x_wconf 88' lang='lat' dir='ltr'><strong>corrogat,</strong></span> <span class='ocrx_word' id='word_1_835' title='bbox 3104 4902 3381 4969; x_wconf 85' lang='lat' dir='ltr'><strong>hujusque</strong></span> <span class='ocrx_word' id='word_1_836' title='bbox 3412 4913 3580 4952; x_wconf 84' lang='lat' dir='ltr'><strong>causa</strong></span> <span class='ocrx_word' id='word_1_837' title='bbox 3622 4897 3694 4951; x_wconf 91' lang='lat' dir='ltr'><strong>ob</strong></span> 
     </span>
    </p>
   </div>
   <div class='ocr_carea' id='block_1_113' title="bbox 2116 4989 3693 5067">
    <p class='ocr_par' dir='ltr' id='par_1_113' title="bbox 2116 4989 3693 5067">
     <span class='ocr_line' id='line_1_113' title="bbox 2116 4989 3693 5067; baseline -0.011 -8"><span class='ocrx_word' id='word_1_838' title='bbox 2116 5004 2407 5059; x_wconf 85' lang='lat' dir='ltr'><strong>Platonicae</strong></span> <span class='ocrx_word' id='word_1_839' title='bbox 2460 5000 2717 5056; x_wconf 89' lang='lat' dir='ltr'><strong>dictionis</strong></span> <span class='ocrx_word' id='word_1_840' title='bbox 2772 4998 3094 5067; x_wconf 85' lang='lat' dir='ltr'><strong>elegantiam</strong></span> <span class='ocrx_word' id='word_1_841' title='bbox 3148 4993 3437 5054; x_wconf 88' lang='lat' dir='ltr'><strong>attonitus,</strong></span> <span class='ocrx_word' id='word_1_842' title='bbox 3495 4989 3693 5045; x_wconf 86' lang='lat' dir='ltr'><strong>decere</strong></span> 
     </span>
    </p>
   </div>
   <div class='ocr_carea' id='block_1_114' title="bbox 2114 5083 3689 5167">
    <p class='ocr_par' dir='ltr' id='par_1_114' title="bbox 2114 5083 3689 5167">
     <span class='ocr_line' id='line_1_114' title="bbox 2114 5083 3689 5167; baseline -0.009 -17"><span class='ocrx_word' id='word_1_843' title='bbox 2114 5097 2370 5167; x_wconf 91' lang='lat' dir='ltr'><strong>opinatur</strong></span> <span class='ocrx_word' id='word_1_844' title='bbox 2442 5093 2667 5149; x_wconf 85' lang='lat' dir='ltr'><strong>decreta</strong></span> <span class='ocrx_word' id='word_1_845' title='bbox 2716 5089 2977 5145; x_wconf 84' lang='lat' dir='ltr'><strong>Ecclesiae</strong></span> <span class='ocrx_word' id='word_1_846' title='bbox 3031 5085 3433 5158; x_wconf 84' lang='lat' dir='ltr'><strong>philosOphiam</strong></span> <span class='ocrx_word' id='word_1_847' title='bbox 3488 5083 3689 5138; x_wconf 86' lang='lat' dir='ltr'><strong>facere.</strong></span> 
     </span>
    </p>
   </div>
   <div class='ocr_carea' id='block_1_115' title="bbox 2116 5174 3691 5254">
    <p class='ocr_par' dir='ltr' id='par_1_115' title="bbox 2116 5174 3691 5254">
     <span class='ocr_line' id='line_1_115' title="bbox 2116 5174 3691 5254; baseline -0.009 -12"><span class='ocrx_word' id='word_1_848' title='bbox 2116 5188 2259 5254; x_wconf 87' lang='lat' dir='ltr'><strong>Quot</strong></span> <span class='ocrx_word' id='word_1_849' title='bbox 2288 5187 2466 5250; x_wconf 91' lang='lat' dir='ltr'><strong>enim,</strong></span> <span class='ocrx_word' id='word_1_850' title='bbox 2503 5184 2589 5239; x_wconf 91' lang='lat' dir='ltr'><strong>dic</strong></span> <span class='ocrx_word' id='word_1_851' title='bbox 2628 5182 2784 5245; x_wconf 90' lang='lat' dir='ltr'><strong>mihi,</strong></span> <span class='ocrx_word' id='word_1_852' title='bbox 2823 5181 3051 5235; x_wconf 90' lang='lat' dir='ltr'><strong>vocibus</strong></span> <span class='ocrx_word' id='word_1_853' title='bbox 3097 5178 3399 5234; x_wconf 91' lang='lat' dir='ltr'><strong>secundum</strong></span> <span class='ocrx_word' id='word_1_854' title='bbox 3449 5174 3691 5247; x_wconf 89' lang='lat' dir='ltr'><strong>gentium</strong></span> 
     </span>
    </p>
   </div>
   <div class='ocr_carea' id='block_1_116' title="bbox 2114 5264 3692 5335">
    <p class='ocr_par' dir='ltr' id='par_1_116' title="bbox 2114 5264 3692 5335">
     <span class='ocr_line' id='line_1_116' title="bbox 2114 5264 3692 5335; baseline -0.008 0"><span class='ocrx_word' id='word_1_855' title='bbox 2114 5279 2451 5335; x_wconf 81' lang='lat' dir='ltr'><strong>differentias</strong></span> <span class='ocrx_word' id='word_1_856' title='bbox 2517 5274 2848 5331; x_wconf 87' lang='lat' dir='ltr'><strong>ﬁrmamenti</strong></span> <span class='ocrx_word' id='word_1_857' title='bbox 2912 5280 3108 5328; x_wconf 85' lang='lat' dir='ltr'><strong>natura</strong></span> <span class='ocrx_word' id='word_1_858' title='bbox 3181 5268 3532 5325; x_wconf 75' lang='lat' dir='ltr'><strong>nominatur?</strong></span> <span class='ocrx_word' id='word_1_859' title='bbox 3578 5264 3692 5322; x_wconf 87' lang='lat' dir='ltr'><strong>Nos</strong></span> 
     </span>
    </p>
   </div>
   <div class='ocr_carea' id='block_1_117' title="bbox 2118 5357 3689 5440">
    <p class='ocr_par' dir='ltr' id='par_1_117' title="bbox 2118 5357 3689 5440">
     <span class='ocr_line' id='line_1_117' title="bbox 2118 5357 3689 5440; baseline -0.007 -16"><span class='ocrx_word' id='word_1_860' title='bbox 2118 5368 2312 5440; x_wconf 62' lang='lat' dir='ltr'><strong>(Graeci</strong></span> <span class='ocrx_word' id='word_1_861' title='bbox 2329 5365 2602 5437; x_wconf 85' lang='lat' dir='ltr'><strong>videlicet)</strong></span> <span class='ocrx_word' id='word_1_862' title='bbox 2621 5365 2851 5436; x_wconf 83' lang='grc' dir='ltr'>οὐρανόν</span> <span class='ocrx_word' id='word_1_863' title='bbox 2869 5362 3127 5427; x_wconf 91' lang='lat' dir='ltr'><strong>dicimus,</strong></span> <span class='ocrx_word' id='word_1_864' title='bbox 3149 5360 3387 5416; x_wconf 88' lang='lat' dir='ltr'><strong>Samaim</strong></span> <span class='ocrx_word' id='word_1_865' title='bbox 3405 5357 3689 5423; x_wconf 61' lang='lat' dir='ltr'><strong>Hebraeus,</strong></span> 
     </span>
    </p>
   </div>
   <div class='ocr_carea' id='block_1_118' title="bbox 2116 5451 3687 5529">
    <p class='ocr_par' dir='ltr' id='par_1_118' title="bbox 2116 5451 3687 5529">
     <span class='ocr_line' id='line_1_118' title="bbox 2116 5451 3687 5529; baseline -0.006 -14"><span class='ocrx_word' id='word_1_866' title='bbox 2116 5461 2396 5516; x_wconf 84' lang='lat' dir='ltr'><strong>Romanus</strong></span> <span class='ocrx_word' id='word_1_867' title='bbox 2412 5460 2707 5521; x_wconf 77' lang='lat' dir='ltr'><strong>ccelum,et</strong></span> <span class='ocrx_word' id='word_1_868' title='bbox 2726 5458 2883 5513; x_wconf 90' lang='lat' dir='ltr'><strong>aliter</strong></span> <span class='ocrx_word' id='word_1_869' title='bbox 2920 5455 3110 5529; x_wconf 77' lang='lat' dir='ltr'><strong>Syrus,</strong></span> <span class='ocrx_word' id='word_1_870' title='bbox 3127 5454 3335 5519; x_wconf 86' lang='lat' dir='ltr'><strong>Medus,</strong></span> <span class='ocrx_word' id='word_1_871' title='bbox 3373 5451 3687 5522; x_wconf 81' lang='lat' dir='ltr'><strong>Cappadox,</strong></span> 
     </span>
    </p>
   </div>
   <div class='ocr_carea' id='block_1_119' title="bbox 2119 5544 3688 5623">
    <p class='ocr_par' dir='ltr' id='par_1_119' title="bbox 2119 5544 3688 5623">
     <span class='ocr_line' id='line_1_119' title="bbox 2119 5544 3688 5623; baseline -0.004 -14"><span class='ocrx_word' id='word_1_872' title='bbox 2119 5549 2449 5620; x_wconf 83' lang='lat' dir='ltr'><strong>Maurusius,</strong></span> <span class='ocrx_word' id='word_1_873' title='bbox 2488 5551 2711 5623; x_wconf 79' lang='lat' dir='ltr'><strong>Scytha,</strong></span> <span class='ocrx_word' id='word_1_874' title='bbox 2750 5549 2953 5617; x_wconf 85' lang='lat' dir='ltr'><strong>Thrax,</strong></span> <span class='ocrx_word' id='word_1_875' title='bbox 3004 5548 3316 5621; x_wconf 67' lang='lat' dir='ltr'><strong>Egyptius.</strong></span> <span class='ocrx_word' id='word_1_876' title='bbox 3360 5544 3547 5614; x_wconf 78' lang='lat' dir='ltr'><strong>Neque</strong></span> <span class='ocrx_word' id='word_1_877' title='bbox 3580 5558 3688 5603; x_wconf 60' lang='lat' dir='ltr'><strong>nus</strong></span> 
     </span>
    </p>
   </div>
  </div>
