4146 6386
388 342 528 399 1049

1403 337 1679 393 CONTRA
1708 337 2097 405 EUNOMIUM,
2138 338 2269 395 LIB.
2311 337 2427 394 XII.

3498 343 3642 398 1050

383 462 516 529 περὶ
567 457 714 513 Θεοῦ
763 456 1168 524 ὑπολήψεσιν.
1215 454 1317 511 Dio.
1363 457 1647 529 χαρίζεται
1674 456 1754 527 τῷ
1781 456 1940 528 Θεῷό

2057 457 2271 528 gnanda
2304 468 2382 512 est
2419 458 2693 511 verborum
2729 458 2978 524 inventio,
3030 459 3120 528 qui
3166 459 3373 512 mentiti
3416 469 3541 512 sunt
3582 462 3639 513 in

382 549 662 619 γεννάδας,
708 548 776 601 τὰ
821 546 922 621 τῆς
955 549 1239 619 ποιητικῆς
1268 548 1515 615 ἐξουσίας
1548 550 1835 621 εὑρήματα
1876 551 1956 622 τῷ

383 641 501 712 Θεῷ
548 641 898 711 προσάπτων.
932 640 1098 694 Ὥστε
1144 640 1234 695 διὰ
1276 641 1467 695 τούτου
1495 642 1819 714 σεμνότερον
1845 646 1956 707 τοῖς

382 734 687 806 ἀνθρώποις
719 732 813 787 καὶ
863 731 1191 805 ὑψηλότερον
1242 733 1332 787 τὸν
1384 734 1515 787 Θεὸν
1569 734 1744 789 δοκεῖν
1786 733 1952 800 εἶναι,

381 829 508 881 ὅταν
539 825 863 879 πιστεύωσιν
908 826 957 877 οί
991 826 1242 897 Εὑνομίῳ
1281 813 1728 897 μαθητευόμενοι,
1759 827 1822 880 τὸ
1858 833 1956 881 Λι-

380 922 602 990 κριφὶς,
630 921 722 974 καὶ
747 919 807 971 τὸ
833 917 1144 988 Κάρκαιρε,
1179 919 1275 973 καὶ⁴
1299 919 1360 973 τὸ
1396 920 1618 988 Εὐρὰξ,
1642 921 1737 973 καὶ
1769 921 1829 975 τὸ
1851 920 1957 975 Κέ-

379 1012 555 1075 καδε,
587 1010 682 1064 καὶ
717 1009 778 1061 τὸ
798 1009 1027 1077 Φοχειρὶ
1051 1050 1066 1074 ,
1094 1009 1188 1062 κα)⁸
1219 1007 1365 1073 Σίζε,
1404 1009 1496 1062 καί⁵
1528 1009 1837 1078 Δούπησε,
1863 1010 1955 1062 καὶ

378 1100 687 1172 Κανάχιζε,
737 1100 832 1154 καὶ
866 1099 1241 1170 Σμερδαλέον
1287 1097 1569 1163 κονάϐιζε,
1607 1100 1702 1153 καὶ
1752 1100 1951 1168 Λίγξε,

377 1195 471 1248 καὶ
501 1195 688 1261 Ἰαχε,
741 1193 835 1246 καὶ
867 1192 1235 1262 Μερμήριξε,
1266 1191 1359 1244 καὶ
1396 1192 1573 1245 πάντα
1608 1192 1675 1245 τά
1709 1192 1951 1259 τοιαῦτα,

376 1287 455 1340 ὃτι
479 1286 540 1338 οὑ
576 1286 699 1339 κατ’
733 1284 980 1349 ἐξουσίαν
1020 1284 1142 1337 τινὰ
1204 1284 1339 1355 πρὸς
1376 1284 1435 1336 τὸ
1484 1283 1673 1337 δοκοῦν
1707 1286 1756 1337 οἱ
1795 1300 1953 1354 ποιη-

374 1378 465 1431 ταὶ
490 1377 872 1448 διεξέρχονται,
923 1375 1059 1430 ἀλλά
1100 1376 1231 1445 παρ’
1258 1374 1420 1430 αὑτοῦ
1456 1373 1550 1428 τοῦ
1590 1374 1725 1428 Θεοῦ
1753 1375 1822 1428 τὰ
1857 1376 1951 1446 ῥή-

378 1487 523 1541 ματα
574 1469 747 1523 ταῦτα
808 1466 1323 1537 μυσταγωγούμενοι
1380 1469 1493 1529 τοῖς
1542 1466 1760 1539 μέτροις
1809 1467 1950 1521 ἐνεί-

379 1579 548 1633 ρουσι.
583 1561 867 1630 Παρείσθω
899 1561 991 1613 καὶ
1021 1560 1213 1627 ταῦτα,
1244 1559 1339 1614 καὶ
1369 1559 1432 1612 τὸ
1462 1560 1622 1630 σοφὸν
1656 1563 1830 1614 έκεῖνο
1859 1562 1951 1615 καὶ⁵

374 1652 581 1723 ἄμαχον
606 1651 959 1722 ἐπιχείρημα,
992 1651 1054 1704 τὸ
1091 1651 1217 1715 τοὺς
1252 1650 1439 1719 ἁγίους
1474 1651 1583 1704 τῶν
1615 1651 1823 1724 ἀνδρῶν
1873 1652 1949 1723 μὴ

372 1745 515 1815 ἔχειν
542 1746 688 1816 ἡμᾶς
713 1743 1076 1797 ὲπιδεικνῦναι
1101 1744 1201 1813 τὴν
1242 1743 1518 1814 γραφικὴν
1549 1744 1804 1815 ἱστορίαν,
1830 1761 1950 1798 και-

2057 550 2391 618 opinionibus
2424 549 2489 603 de
2516 548 2647 604 Deo.
2688 548 2879 615 Qualia
2911 549 3021 605 Deo
3061 550 3149 605 hic
3179 566 3480 620 generosus
3511 567 3639 622 gra--

2055 641 2319 708 tiﬁcatur,
2343 643 2583 713 poetices
2617 642 2892 699 facultatis
2927 644 3147 699 inventa
3178 644 3292 700 Deo
3323 645 3638 715 adaptatis?

2069 732 2147 786 Ita
2182 740 2242 788 ut
2270 749 2368 804 per
2410 734 2516 789 hoc
2562 735 2876 790 hominibus
2927 737 3215 805 augustior
3259 746 3315 791 et
3363 738 3637 790 excelsior

2056 822 2200 880 Deus
2229 840 2349 881 esse
2377 826 2650 890 videatur,
2675 841 2801 881 cum
2832 828 3064 882 credunt
3089 828 3340 882 Eunomii
3375 827 3635 897 discipuli

2054 917 2170 971 hate
2214 919 2380 973 verba
2440 918 2723 989 Licriphis,
2770 928 2824 975 et
2857 919 3177 985 Karchaire,
3222 930 3277 975 et
3327 919 3539 986 Eurax,
3577 928 3633 975 et

2055 1007 2325 1073 Kechwre,
2348 1018 2402 1063 et
2430 1008 2728 1074 Phocheiri,
2751 1021 2806 1066 et
2835 1010 2975 1075 Size,
3014 1018 3068 1066 et
3098 1010 3347 1081 Doupese,
3372 1019 3427 1066 et
3454 1016 3634 1065 Kano-

2053 1099 2219 1164 cliize,
2238 1112 2291 1155 et
2309 1099 2591 1156 Intonuere
2605 1103 2795 1172 poli,et
2810 1098 3021 1156 Crebris
3040 1103 3201 1156 micat
3224 1104 3429 1167 ignibus
3446 1106 3629 1171 tether,

2053 1202 2108 1247 et
2137 1188 2323 1257 Linre,
2348 1201 2402 1248 et
2433 1192 2607 1259 Isclie,
2646 1204 2699 1249 et
2740 1194 2846 1248 alia
2895 1195 3163 1264 ejusmodi
3205 1205 3491 1266 poetarum
3532 1197 3633 1266 ﬁg-

2052 1292 2271 1351 menta;
2305 1285 2451 1353 quod
2486 1302 2595 1340 non
2642 1301 2737 1355 per
2770 1284 3049 1347 licentiam
3085 1284 3321 1356 aliquam
3368 1286 3435 1340 ad
3483 1286 3631 1342 arbi-

2052 1374 2218 1428 trium
2260 1386 2432 1444 poetze
2477 1385 2896 1446 persequuntur.
2946 1377 3040 1432 sed
3084 1377 3153 1432 ab
3206 1379 3327 1447 ipso
3367 1376 3478 1433 Deo
3513 1378 3630 1433 haec

2051 1467 2218 1522 verba
2252 1469 2480 1537 mystice
2526 1469 2704 1522 edocti
2755 1470 3002 1524 versibus
3043 1470 3159 1525 suis
3205 1469 3477 1524 inserunt.
3519 1467 3629 1524 Sed

2050 1566 2106 1612 et
2130 1558 2246 1613 haec
2279 1560 2784 1629 praetermittantur,
2820 1569 2874 1614 et
2899 1560 3118 1614 doctum
3148 1558 3281 1612 illud
3306 1566 3360 1613 et
3393 1559 3629 1629 inexpu-

2051 1650 2269 1720 gnabile
2325 1651 2668 1721 cpicherema
2720 1667 2820 1707 nos
2873 1667 2983 1706 non
3032 1666 3195 1719 posse
3232 1650 3629 1713 demonstrare

2050 1760 2115 1799 ex
2150 1743 2354 1812 scripta
2383 1744 2629 1809 historia,
2662 1753 2883 1798 sanctos
2911 1745 3058 1799 viros
3088 1759 3256 1799 novas
3278 1758 3441 1798 voces
3462 1758 3627 1798 exco-

372 1836 468 1901 νὰς
492 1837 883 1907 έπεξευρόντας
912 1835 1114 1906 φωνάς.
1147 1835 1209 1889 El
1247 1835 1346 1905 μὲν
1373 1835 1482 1907 γὰρ
1525 1836 1718 1907 ἀτελὴς
1754 1832 1823 1907 ἦν
1845 1835 1940 1906 μὲ-

2049 1839 2271 1905 gitassc.
2311 1835 2367 1890 Si
2404 1836 2548 1890 enim
2588 1835 2907 1907 imperfecta
2954 1845 3075 1891 erat
3110 1850 3285 1905 usque
3337 1835 3404 1889 ad
3443 1834 3625 1889 mani-

370 1946 461 2001 χρι
484 1930 584 2000 τῆς
608 1929 928 1997 ἀναδείξεως
956 1929 1064 1983 τῶν
1094 1927 1303 2000 ἀνδρῶν
1332 1928 1605 1999 ἐκείνωνή
1633 1928 1945 2000 ἀνθρωπίνη

371 2018 552 2088 φύσις,
582 2020 676 2073 καὶ
707 2018 858 2073 οὑπω
878 2022 943 2090 τῇ
968 2024 1148 2090 χάριτι
1175 2021 1241 2090 τῇ
1274 2019 1465 2089 λογικῇ
1485 2017 1944 2088 συμπεπλήρωτο,

368 2109 548 2173 καλῶς
576 2111 681 2163 ἔδει
706 2113 834 2181 παρ’
864 2111 1039 2163 αὑτῶν
1067 2110 1441 2180 ὲπιζητεῖσθαι
1476 2109 1573 2180 τὴν
1609 2108 1701 2161 τοῦ
1736 2108 1947 2161 λείπον-

366 2219 457 2264 τος
493 2201 793 2273 πλήρωσιν.
834 2203 896 2254 Εί
923 2202 980 2255 δὲ
1011 2202 1170 2265 εὐθὺς
1203 2202 1354 2272 παρά
1375 2202 1475 2271 τὴν
1495 2200 1718 2270 πρώτην
1743 2200 1949 2270 ἀπροσ-

366 2291 492 2363 δεὴς
522 2292 615 2345 καὶ
638 2292 838 2355 τελεία,
868 2291 1008 2345 κατά
1034 2291 1133 2363 τὴν
1149 2292 1374 2362 λογικήν
1401 2309 1460 2343 τε
1483 2292 1578 2344 καὶ
1601 2289 1944 2363 διανοητικὴν

365 2385 643 2455 ἐνέργειαν
672 2386 705 2455 ἡ
738 2384 898 2451 φύσις
951 2384 1182 2455 ὑπέστη,
1224 2382 1340 2447 πῶς
1381 2384 1446 2437 ἄν
1494 2400 1580 2446 τις
1608 2383 1686 2436 ἔτι
1721 2383 1860 2435 κατά
1886 2382 1946 2436 τὸ

365 2476 582 2531 εὔκολον
610 2478 892 2548 ἐπιζητοίη
928 2477 1066 2549 πρὸς
1110 2477 1368 2530 σύστασιν
1397 2476 1492 2529 τοῦ
1528 2476 1664 2530 κατά
1691 2477 1789 2546 τὴν
1820 2477 1940 2529 ἐπί-

363 2586 510 2622 νοιαν
536 2569 717 2637 λόγου,
754 2569 816 2622 τὸ
854 2570 979 2632 τοὺς
1021 2569 1208 2638 ἁγίους
1250 2569 1516 2642 κατάρξαι
1551 2570 1802 2641 φωνῶνῆ
1849 2574 1944 2643 ρη-

367 2659 586 2729 μάτων;
628 2660 697 2711 Ἢ
728 2660 777 2712 εί
830 2658 905 2731 μὴ
955 2660 1113 2713 τοῦτο
1161 2659 1358 2730 ἔχομεν
1408 2660 1705 2726 ἀποδεῖξαι,
1751 2661 1940 2731 ἱκανὴν

362 2739 541 2821 ἑάυτῷ
574 2750 779 2821 κρίνειν
824 2750 1097 2815 ἀπόδειξιν
1125 2750 1218 2804 τοῦ
1247 2752 1339 2805 τὸν
1380 2750 1511 2805 Θεὸν
1555 2754 1686 2822 ἡμῖν
1718 2769 1940 2822 νενομο-

361 2844 645 2916 θετηκέναι
674 2846 769 2907 τάς
797 2844 1011 2897 τοιάσδε
1045 2843 1312 2908 συλλαϐὰς
1355 2844 1451 2898 καὶ
1486 2843 1555 2898 τὰ
1589 2845 1831 2915 ῥήματα.

443 3105 596 3159 Ἀλλ’
624 3103 855 3172 ἐπειδὴ,
888 3106 1073 3175 φησὶν,
1107 3106 1218 3157 οὐκ
1246 3104 1634 3160 ἀπαναίνεται
1655 3104 1768 3172 τὴν
1788 3106 1937 3173 πρὸς

358 3197 499 3262 τοὺς
546 3196 760 3250 ἑαυτοῦ
816 3170 1183 3262 θεράποντας
1228 3198 1261 3248 ό
1310 3195 1454 3259 Θεὸς
1496 3170 1755 3263 ὁμιλίακ,
1962 3170 2005 3229 C

357 3289 582 3342 λοιιθόν
601 3287 771 3340 ἐστιν
802 3287 1032 3341 οἴεσθαι
1064 3285 1269 3349 αὐτὸν,
1300 3285 1370 3350 ἐξ
1397 3284 1591 3355 ἀρχῆς
1616 3285 1722 3352 τὰς
1750 3302 1938 3355 προσ-

358 3381 531 3449 φυεῖς
580 3378 659 3445 τῷ
714 3379 1007 3450 πράγματι
1046 3379 1341 3433 τεθεῖσθαι
1387 3380 1808 3448 προσηγορίας.
1870 3378 1935 3432 Τί

356 3471 449 3527 οὖν
494 3475 587 3527 καὶ
626 3472 762 3544 πρὸς
812 3473 970 3526 τοῦτο
1017 3473 1210 3542 ήμεῖς;
1260 3469 1368 3522 Τοῦ
1411 3469 1509 3537 μὲν
1546 3470 1934 3541 καταδέχεσθαι

356 3566 446 3619 τὸν
491 3566 623 3618 Θεὸν
657 3565 753 3635 τὴν
786 3564 924 3635 πρὸς
971 3563 1256 3635 ἄνθρωπον
1306 3563 1543 3630 ὁμιλίαν,
1574 3562 1751 3616 αἰτίαν
1796 3558 1933 3617 εἶναι

356 3660 454 3730 τὴν
507 3657 912 3729 φιλανθρωπίαν
944 3655 1307 3726 διοριζόμεθα.
1361 3657 1512 3709 Ἐπεὶ
1540 3655 1597 3708 δὲ
1641 3655 1741 3708 οὑκ
1787 3656 1933 3709 ἐνδέ-

359 3768 511 3821 χεται
540 3751 600 3805 τὸ
633 3752 698 3820 τῇ
731 3749 889 3819 φύσει
921 3748 1093 3819 βραχὺ
1122 3748 1229 3802 τῶν
1261 3748 1404 3802 ἰδίων
1455 3748 1665 3819 μέτρων
1694 3750 1935 3819 ὑπεραρ-

359 3845 538 3915 θῆναι,
573 3844 669 3896 καὶ
717 3844 816 3913 τῆς
865 3842 1235 3915 ὑπερεχούσης
1268 3841 1478 3911 φύσεως
1525 3840 1618 3894 τοῦ
1679 3842 1932 3910 Ὑψίστου

356 3936 687 4005 ἐφάψασθαι,
735 3936 926 3989 τούτου
970 3935 1130 4006 χάριν
1177 3933 1338 3997 αὐτὸς
1391 3934 1525 4006 πρὸς
1572 3933 1633 3987 τὸ
1664 3936 1933 4005 ἡμέτερον

357 4029 580 4091 ἀσθενὲς
631 4028 885 4095 κατάγων
936 4026 1034 4098 τὴν
1102 4025 1481 4096 φιλάνθρωπον
1537 4024 1798 4095 δύναμιν,
1858 4025 1933 4089 ὼς
1984 4079 1987 4082 ς

354 4125 487 4194 ἡμῖν
509 4121 731 4175 δυνατὸν
754 4116 821 4191 ἦν
847 4119 1122 4184 δέξασθαι,
1153 4118 1295 4171 οὑτω
1325 4116 1422 4188 τὴν
1451 4103 1580 4188 παρ’
1614 4117 1806 4169 ἑαυτοῦ
1836 4116 1934 4187 χά-

357 4233 441 4285 ριν
490 4214 583 4267 καὶ
629 4212 894 4281 ὠφέλειαν
946 4213 1119 4281 νέμει,
1180 4210 1448 4281 Καθάπερ
1497 4210 1603 4281 γὰρ
1656 4208 1797 4263 κατά
1832 4208 1932 4280 τὴν

355 4304 505 4357 θείαν
550 4304 859 4373 οἰκονομίαν
910 4304 938 4354 ὀ
969 4302 1119 4373 ἥλιος
1168 4302 1229 4353 τὸ
1280 4301 1506 4371 σφοδρὸν
1543 4302 1651 4353 τῶν
1696 4301 1930 4354 ἀκτίνων

355 4396 447 4449 καὶ
476 4396 709 4466 ἄκρατον
749 4395 825 4465 τῷ
856 4395 943 4447 διὰ
983 4395 1147 4464 μέσου
1196 4394 1575 4463 κατακεράσας
1608 4395 1749 4465 ἀέρι,
1787 4394 1925 4464 σύμ-

2050 1925 2391 1982 festalionem
2447 1928 2688 1981 virorum
2744 1928 2958 1980 illorum
3016 1927 3254 1980 humana
3317 1934 3513 1980 natura
3571 1934 3627 1981 et

2048 2018 2289 2072 nondum
2334 2020 2507 2089 gratia
2556 2019 2810 2073 rationali
2864 2018 3135 2087 completa
3174 2028 3312 2083 erat,
3361 2018 3624 2087 praeclare

2047 2110 2332 2178 oportebat
2371 2109 2439 2163 ab
2480 2110 2612 2179 ipsis
2642 2110 2928 2178 exquirere
2958 2108 3204 2164 defectus
3231 2109 3619 2179 expletionem.

2047 2198 2202 2267 Quod
2238 2200 2284 2254 si
2317 2200 2505 2254 statim
2539 2202 2607 2255 ab
2650 2202 2807 2255 initio
2854 2216 2962 2254 non
3007 2200 3213 2270 indiga,
3252 2200 3346 2255 sed
3377 2199 3622 2271 perfecta

2046 2289 2347 2344 secundum
2379 2290 2842 2346 ratiocinatricem
2865 2302 2918 2345 et
2943 2291 3393 2361 excogitatricem
3427 2306 3623 2362 opera-

2044 2381 2253 2434 tinne'tn
2303 2388 2499 2434 natura
2548 2380 2818 2447 subsistit,
2874 2383 3148 2450 quomodo
3198 2382 3324 2452 quis
3382 2382 3618 2451 amplius

2044 2468 2204 2525 facile
2234 2470 2475 2542 inquirat
2506 2471 2575 2525 ad
2610 2472 3055 2526 constitutionem
3106 2472 3377 2527 sermonis
3420 2488 3618 2528 secun-

2042 2560 2172 2615 dum
2198 2562 2738 2622 commentationem.
2766 2563 2911 2633 quod
2944 2564 3119 2618 sancti
3143 2580 3338 2619 vocum
3373 2565 3456 2619 vel
3492 2581 3617 2620 ver-

2040 2650 2232 2706 borum
2274 2653 2436 2723 primi
2490 2662 2742 2708 auctores
2798 2653 3057 2709 fuerunt?
3097 2654 3197 2711 Vel
3248 2656 3294 2711 si
3350 2671 3458 2711 non
3509 2656 3617 2712 hoc

2042 2756 2335 2811 possumus
2370 2742 2765 2807 demonstrare,
2806 2743 3055 2799 idoneam
3096 2746 3198 2799 sibi
3232 2745 3335 2816 ipsi
3363 2745 3617 2813 judicare

2039 2833 2581 2899 demonstrationem,
2607 2835 2752 2903 quod
2788 2834 2931 2892 Deus
2963 2836 3120 2890 nobis
3141 2836 3408 2906 ejusmodi
3446 2838 3613 2906 sylla-

2038 2925 2136 2981 bas
2169 2936 2222 2979 et
2248 2925 2414 2980 verba
2453 2926 2719 2981 sanxerit.

2110 3106 2214 3162 Sed
2258 3108 2527 3179 quoniam,
2569 3108 2767 3177 inquit,
2815 3124 2918 3162 non
2968 3120 3280 3177 aspernatur
3324 3108 3468 3163 Deus
3492 3126 3614 3164 cum

2038 3202 2150 3255 suis
2177 3199 2395 3268 famulis
2420 3201 2762 3268 colloquium,
2787 3216 3105 3271 consequens
3131 3211 3207 3254 est
3236 3202 3407 3271 ipsum
3426 3210 3615 3269 putare

2039 3293 2102 3346 ab
2135 3292 2287 3346 initio
2330 3295 2406 3347 rei
2454 3302 2710 3361 congruas
2749 3293 3007 3347 indidisse
3040 3293 3433 3362 appellationes.
3470 3293 3615 3360 Quid

2037 3383 2203 3454 igitur
2233 3383 2303 3438 ad
2333 3384 2438 3439 hoc
2473 3400 2574 3439 nos
2607 3383 3099 3454 respondebimus?
3120 3383 3276 3449 Quod
3308 3383 3451 3439 Deus
3484 3400 3615 3439 cum

2037 3478 2257 3532 homine
2279 3477 2335 3531 in
2364 3491 2722 3546 congressum
2766 3476 3212 3546 colloquiumque
3241 3479 3445 3541 veniat,
3480 3491 3615 3531 cau-

2037 3583 2155 3623 sam
2199 3583 2323 3623 esse
2362 3566 2416 3621 in
2454 3567 2754 3621 humanum
2798 3581 2971 3637 genus
3015 3567 3448 3623 benevolentiam
3478 3566 3615 3623 deti-

2036 3661 2239 3715 nimus.
2271 3658 2540 3726 Quoniam
2576 3674 2706 3713 vero
2739 3656 2885 3728 quod
2927 3664 3123 3712 natura
3170 3658 3333 3713 breve
3365 3665 3470 3723 est,
3499 3673 3617 3713 non

2035 3758 2216 3821 potest
2260 3765 2425 3820 supra
2470 3750 2721 3819 proprios
2782 3749 2972 3803 modos
3015 3749 3248 3813 sustolli,
3298 3757 3353 3804 et
3382 3765 3613 3819 supere-

2035 3843 2330 3897 minentem
2355 3849 2604 3895 naturam
2635 3840 2901 3893 Altissimi
2922 3840 3208 3910 attingere.
3235 3839 3410 3910 Hujus
3434 3842 3615 3910 gratia

2034 3935 2151 4004 ipse
2192 3934 2258 3989 ad
2296 3943 2538 3988 nostram
2580 3932 2972 3993 infirmitatem.
3002 3932 3294 4001 potentiam
3326 3933 3611 3988 hominum

2034 4028 2219 4096 generi
2246 4025 2565 4081 benevolam
2588 4025 2886 4087 adducens,
2913 4034 3177 4092 quantum
3200 4041 3395 4096 capere
3419 4042 3611 4094 possu-

2034 4135 2177 4182 mus,
2197 4118 2278 4173 sic
2301 4132 2456 4172 suam
2482 4116 2642 4172 nobis
2666 4117 2890 4186 gratiam
2919 4125 2973 4170 et
2998 4117 3285 4172 utilitatem
3304 4117 3607 4175 distribuit.

2033 4208 2503 4276 Quemadmodum
2528 4208 2674 4263 enim
2705 4207 3007 4262 secundum
3039 4197 3278 4261 divinam
3318 4208 3608 4279 dispensa-

2032 4303 2233 4357 tionem
2283 4301 2365 4357 sol
2396 4316 2620 4356 suorum
2647 4299 2923 4354 radiorum
2956 4301 3195 4370 vigorem
3228 4308 3278 4357 et
3316 4302 3606 4357 sincerita-

2032 4402 2137 4448 tem
2163 4408 2287 4446 cum
2312 4407 2436 4447 aere
2464 4392 2750 4460 interjecto
2788 4401 3229 4459 contemperans,
3264 4393 3607 4448 moderatum

358 4507 552 4560 μετρον
605 4491 797 4557 ἐπάγει
851 4493 959 4551 τοῖς
997 4488 1304 4558 δεχομένοις
1357 4488 1453 4558 τὴν
1507 4488 1680 4557 αὑγήν
1719 4505 1779 4540 τε
1832 4488 1926 4542 καὶ

2040 4484 2432 4553 accipientibus
2491 4484 2834 4555 splendorem
2902 4492 2956 4537 et
3021 4485 3257 4538 calorem
3324 4485 3605 4553 immittit,

351 4584 447 4653 τὴν
501 4582 831 4652 θερμότητα,
885 4581 1006 4634 καθ’
1062 4582 1252 4633 ἑαυτὸν
1299 4580 1374 4633 ὢν
1422 4583 1489 4650 τῇ
1540 4579 1791 4651 ἀσθενείᾳ
1830 4582 1930 4651 τῆς

353 4672 567 4741 φύσεως
598 4672 756 4743 ἡμῶν
793 4671 1269 4743 ἀπροσπέλαστος·
1307 4670 1449 4723 οὑτω
1493 4672 1589 4724 καὶ
1622 4672 1655 4741 ἡ
1694 4670 1811 4723 θεία
1839 4671 1930 4724 δύ-

352 4780 514 4833 ναμις
547 4762 667 4816 καθ’
704 4762 995 4833 ὁμοιότητα
1027 4761 1121 4815 τοῦ
1158 4761 1412 4833 ῥηθέντος
1441 4763 1574 4832 ἡμῖν
1606 4762 1931 4832 ὑποδείγμα-

348 4872 440 4917 τος
488 4854 925 4926 ἀπειροπλασίως
973 4853 1342 4924 ὑπεραίρουσα
1390 4853 1487 4924 τὴν
1538 4853 1697 4923 φύσιν
1746 4855 1926 4925 ἡμῶν,

350 4948 442 4999 καὶ
472 4947 761 5018 ἀπρόσιτος
809 4948 890 5009 εἰς
938 4945 1225 5016 μετουσίαν
1267 4941 1422 5008 οῦσα,
1466 4941 1576 4997 οἷόν
1618 4962 1702 5007 τις
1748 4950 1929 5017 μήτηρ

351 5038 718 5108 εὑσπλαγχνος
767 5041 880 5100 τοῖς
924 5039 1155 5107 ἀσήμοις
1203 5036 1312 5090 τῶν
1361 5037 1569 5108 νηπίων
1619 5036 1929 5108 κνυζήμασι

354 5113 916 5200 συνδιαψελλιςομένη,
947 5128 1102 5182 τοῦτο
1128 5128 1281 5198 νέμει
1314 5131 1379 5200 τῇ
1410 5129 1719 5200 ἀνθρωπίνῃ
1768 5128 1926 5196 φύσει

348 5220 377 5270 ὃ
410 5220 591 5273 λαθεῖν
621 5219 861 5283 δυνατῶς
898 5218 1045 5290 ἔχει·
1098 5221 1192 5273 καὶ
1233 5221 1323 5274 διὰ
1360 5220 1536 5284 τοῦτο,
1571 5223 1629 5273 ἐν
1656 5223 1775 5283 ταῖς
1811 5238 1927 5273 ποι-

350 5309 527 5372 κίλαις
578 5310 715 5381 πρὸς
762 5311 889 5373 τοὺς
914 5308 1233 5380 ἀνθρώπους
1284 5308 1623 5377 θεοφανείαις
1655 5310 1749 5362 καὶ
1785 5309 1926 5362 κατά

348 5402 630 5472 ἄνθρωπον
664 5402 1079 5476 σχηματίζεται,
1132 5402 1227 5455 καὶ
1277 5401 1639 5472 ἀνθρωπικῶς
1689 5401 1923 5471 φθέγγε-

348 5509 456 5552 ται,
492 5493 583 5545 καὶ
612 5493 802 5562 ὀργὴν,
834 5493 926 5547 καὶ
964 5494 1110 5545 ἔλεον
1157 5493 1250 5546 καὶ
1290 5494 1358 5546 τὰ
1392 5493 1609 5546 τοιαῦτα
1638 5493 1922 5546 ὑποδύεται

350 5582 517 5651 πάθη,
553 5583 627 5644 ὡς
662 5585 727 5637 ἂν
763 5584 850 5636 διὰ
890 5584 1107 5637 πάντων
1136 5584 1242 5637 τῶν
1274 5584 1619 5655 καταλλήλων
1650 5586 1779 5654 ἡμῖν
1812 5602 1923 5653 χει-

354 5675 649 5741 ραγωγοῖτο
705 5675 737 5742 ἡ
788 5673 1061 5742 νηπιὼδης
1119 5673 1274 5743 ἡμῶν
1336 5672 1468 5744 ζωὴ,
1529 5673 1616 5726 διὰ
1664 5673 1770 5725 τῶν
1824 5674 1922 5742 τῆς

351 5761 612 5828 Προνοίας
642 5759 812 5827 λόγων
843 5762 939 5831 τῆς
970 5761 1116 5825 θείας
1146 5762 1357 5831 φύσεως
1389 5764 1757 5834 ἐφαπτομένη.
1799 5766 1919 5817 ’Ότι

2030 4576 2282 4645 quamvis
2316 4577 2389 4631 sit
2414 4592 2509 4645 per
2539 4592 2598 4631 se
2630 4575 2989 4630 imbecillitati
3021 4584 3221 4629 nostra:
3251 4574 3603 4633 inaccessus:

2032 4668 2117 4724 sic
2166 4676 2220 4723 et
2259 4667 2443 4721 divina
2473 4678 2690 4730 natura,
2724 4667 2851 4721 dicti
2893 4682 2922 4720 a
2953 4666 3113 4719 nobis
3147 4667 3379 4736 exempli
3412 4666 3608 4721 simili-

2031 4758 2240 4821 tudine,
2261 4757 2486 4812 intinitis
2508 4759 2757 4828 partibus
2776 4765 3021 4813 nostram
3041 4764 3292 4810 naturam
3314 4773 3603 4827 superans,

2029 4856 2083 4903 et
2112 4850 2396 4904 inaccessa
2424 4849 2489 4902 ad
2512 4849 2985 4919 participationem
3010 4866 3133 4905 cum
3164 4852 3260 4913 sit,
3291 4851 3459 4904 veluti
3486 4867 3605 4905 ma-

2029 4948 2114 4995 ter
2172 4940 2407 5009 lienigna
2459 4947 2513 4993 et
2561 4941 2878 4995 misericors
2927 4957 3091 4997 sensu
3130 4950 3183 4995 et
3246 4941 3605 5012 intelligentia

2027 5032 2347 5086 carentibus
2372 5029 2665 5085 infantium
2692 5032 2964 5102 vagitibus
2992 5047 3097 5085 una
3126 5032 3455 5096 balbutiens,
3498 5033 3605 5087 hoc

2028 5120 2281 5174 humana:
2321 5121 2513 5174 tribuit
2554 5129 2762 5174 natura}
2801 5121 2945 5189 quod
2986 5137 3181 5191 capere
3224 5130 3434 5191 potest;
3472 5137 3605 5192 pro-

2027 5220 2324 5283 ptereaque
2358 5213 2412 5265 in
2443 5213 2607 5267 variis
2640 5213 2704 5267 ad
2751 5213 3000 5269 homines
3025 5213 3115 5269 Dei
3140 5213 3601 5284 apparitionibus,

2028 5315 2083 5359 et
2109 5306 2413 5359 secundum
2447 5304 2721 5359 hominem
2758 5305 3043 5374 ﬁguratur,
3081 5316 3134 5359 et
3172 5306 3490 5361 humanitus
3520 5309 3604 5361 lo-

2024 5396 2244 5464 quitur,
2305 5402 2359 5447 ct
2406 5394 2578 5459 iram,
2636 5405 2691 5450 et
2733 5396 3167 5451 miscricordiam
3222 5406 3276 5452 et
3328 5396 3601 5466 ejusmodi

2028 5486 2206 5542 induit
2262 5486 2512 5553 allectus,
2560 5495 2616 5540 ut
2666 5504 2762 5556 per
2799 5490 2980 5543 omnia
3012 5507 3132 5557 quae
3161 5498 3371 5544 natura:
3398 5499 3601 5545 nostra:

2027 5586 2159 5633 sunt
2190 5593 2453 5646 congrua,
2488 5579 2753 5633 infantilis
2780 5590 2966 5635 nostra
2998 5583 3105 5635 vita
3145 5589 3403 5650 tanquam
3433 5597 3597 5635 manu

2022 5673 2279 5734 ducatur,
2331 5686 2428 5739 per
2477 5670 2839 5726 Providentia:
2897 5689 3177 5730 sermones
3220 5675 3460 5728 divinam
3499 5689 3598 5727 na-

2025 5772 2203 5817 turam
2252 5763 2547 5833 attingens.
2600 5764 2755 5829 Quod
2789 5766 2934 5820 cnim
2976 5767 3109 5820 nulli
3160 5767 3374 5822 adet-tui
3405 5782 3593 5826 cuium
