4146 6386
560 380 692 437 1051

1770 379 1826 435 S.
1850 378 2178 435 GREGORII
2211 377 2504 432 NYSSENI

3669 382 3818 438 1032

555 494 653 565 qui
689 509 786 564 per
828 493 1183 565 voluptatem,
1219 501 1299 548 ve‘
1358 493 1814 560 misericordiam,
1860 494 1942 547 vel
1995 493 2131 546 iram

2240 490 2342 561 γάρ
2380 492 2557 544 οὐδενὶ
2586 490 2747 544 πάθει
2796 492 2904 545 τῶν
2944 493 3065 545 καθ’
3101 494 3314 567 ἡδονὴν,
3348 494 3380 566 ἢ
3426 496 3547 551 κατ’
3573 497 3739 564 ἔλεον,
3777 485 3815 555 ἦ

557 588 913 657 contingunt,
976 587 1146 642 Deum
1190 588 1487 643 obnoxium
1548 602 1670 643 esse
1736 595 1988 641 sanctum
2048 593 2134 639 est

556 680 897 746 existimare,
930 682 1114 736 nullus
1163 682 1259 749 qui
1306 680 1389 734 vel
1428 680 1777 735 mediocriter
1822 694 2005 734 rerum
2049 694 2134 732 vc-

557 770 774 824 ritatem
827 771 1213 835 considerarit,
1275 771 1690 825 contradixerit.
1742 769 2131 824 Verumtamen

557 863 723 917 etiam
779 861 1041 916 delectari
1097 863 1364 917 Dominus
1409 863 1609 916 dicitur
1657 862 1711 915 in
1764 862 1939 917 servis
1992 862 2130 926 suis,

559 964 614 1009 et
666 955 831 1009 irasci
890 955 1075 1007 animo
1133 954 1187 1007 in
1247 956 1506 1024 populum
1554 954 1648 1022 qui
1700 954 1884 1023 lapsus
1935 952 2130 1017 fuerat,

557 1054 612 1099 et
660 1045 905 1099 misereri
954 1060 1149 1099 rursus
1186 1045 1306 1113 ejus
1358 1044 1516 1112 cujus
1562 1046 1817 1099 misertus
1854 1044 2037 1107 fuerit,
2080 1056 2134 1097 et

558 1138 813 1193 similiter
875 1137 1164 1203 misereri,
1223 1152 1551 1206 unoquoque
1601 1138 1789 1190 talium
1839 1138 2133 1191 verborum

558 1227 838 1297 plausibili
868 1243 1121 1282 sermone
1162 1244 1263 1283 nos
1297 1229 1623 1293 instruente,
1647 1227 1791 1296 quod
1820 1242 1915 1296 per
1944 1237 2133 1282 nostra

559 1320 823 1372 idiomata
866 1335 958 1373 seu
994 1320 1357 1388 proprietates
1395 1319 1485 1373 Dei
1531 1318 1869 1388 providentia
1904 1318 2135 1373 inﬁrmi-

561 1411 658 1464 tati
694 1418 893 1464 nostra:
940 1409 1274 1464 admiscetur
1315 1429 1327 1463 :
1370 1419 1425 1462 ut
1461 1411 1550 1479 qui
1584 1409 1651 1463 ad
1681 1417 1968 1479 peccatum
2007 1426 2134 1480 pro-

558 1503 729 1555 clives
777 1508 925 1566 sunt,
981 1510 1191 1556 terrore
1245 1516 1308 1553 ac
1360 1510 1503 1554 metu
1546 1516 1573 1553 a
1607 1502 1764 1555 malis
1799 1502 2131 1567 abstineant,

558 1604 613 1650 et
665 1595 759 1664 qui
808 1596 863 1649 in
914 1596 1153 1664 peccatis
1196 1593 1519 1661 deprehensi
1578 1601 1705 1647 ante
1766 1594 1987 1661 fuerint,
2022 1610 2133 1648 non

559 1688 855 1757 desperent
904 1686 1140 1741 reditum
1200 1701 1297 1753 per
1345 1686 1747 1756 pcenitentiam,
1798 1687 1857 1741 in
1905 1685 2000 1741 Dei
2030 1687 2135 1740 mi-

560 1778 917 1835 sericordiam
974 1777 1367 1848 respicientes;
1424 1777 1517 1845 qui
1578 1792 1708 1831 vero
1758 1778 1825 1831 ad
1885 1787 2129 1833 exactam

558 1886 809 1925 normam
863 1870 1030 1923 vitam
1078 1884 1230 1923 suam
1282 1868 1558 1937 dirigunt,
1607 1876 1663 1923 et
1715 1877 1862 1924 recte
1907 1868 2129 1925 confor—

558 1968 731 2024 mant,
790 1960 963 2029 magis
992 1960 1289 2014 virtutibus
1319 1960 1609 2023 exsultent,
1659 1967 1717 2013 ut
1754 1960 1845 2029 qui
1891 1976 1989 2015 sua
2020 1961 2131 2016 vita

560 2051 738 2120 ipsum
768 2050 1036 2104 honorum
1060 2050 1421 2119 inspectorem
1454 2051 1744 2104 delectent.
1766 2051 2132 2116 Quemadmo-

557 2144 687 2198 dum
738 2151 918 2195 autem
970 2158 1079 2196 non
1131 2142 1259 2195 licet
1309 2148 1518 2195 mutum
1566 2142 1848 2196 nominare
1879 2157 2001 2196 eum
2038 2144 2131 2212 qui

557 2250 653 2306 per
707 2233 911 2302 ﬁguras
966 2242 1020 2287 et
1061 2242 1249 2303 gestus
1292 2248 1413 2287 cum
1460 2233 1666 2297 surdo,
1715 2241 1987 2302 quatenus
2034 2250 2133 2288 au-

557 2326 677 2381 dire
717 2335 917 2397 potest,
948 2326 1280 2395 colloquitur
1315 2344 1327 2379 :
1363 2325 1443 2379 sic
1475 2341 1651 2395 neque
1686 2326 1985 2381 humanum
2019 2343 2133 2383 ser-

559 2434 780 2473 monem
829 2419 883 2471 in
937 2416 1048 2472 Deo
1089 2418 1405 2470 existimare
1459 2417 1738 2479 debemus,
1773 2419 2029 2486 quoniam
2066 2419 2134 2474 ad

557 2509 809 2564 homines
845 2522 939 2576 per
993 2506 1460 2575 dispensationem
1501 2521 1566 2560 co
1617 2521 1750 2560 usus
1786 2515 1887 2561 est.
1922 2506 2131 2560 Etenim

560 2614 663 2654 nos
724 2598 1012 2668 clyogmo,
1066 2595 1117 2647 id
1164 2603 1279 2656 est,
1336 2610 1471 2649 sono
1522 2594 1764 2648 acutiure
1823 2596 1987 2663 palati
2038 2610 2134 2649 seu

559 2691 817 2763 gutturis,
868 2698 922 2744 et
971 2703 1293 2759 poppysuio,
1349 2704 1485 2742 sono
1535 2686 1769 2756 quodam
1826 2689 1917 2757 qui
1971 2688 2136 2743 labris

558 2780 896 2849 compress's
943 2778 1146 2840 editur,
1191 2784 1244 2830 et
1296 2774 1457 2830 sibilo
1484 2774 1674 2827 brutas
1715 2774 2027 2826 animantes
2061 2772 2141 2826 di-

561 2869 742 2939 rigere
785 2866 1195 2920 consuevimus.
1247 2865 1313 2917 At
1343 2864 1446 2917 hoc
1477 2862 1633 2917 nobis
1670 2878 1851 2917 sermo
1893 2879 2000 2915 non
2032 2872 2135 2926 est,

2235 583 2401 654 ὀργὴν
2424 583 2824 653 συμϐαινόντων
2840 585 3031 654 εὐαγές
3057 588 3203 639 ἐστιν
3231 589 3551 643 ὑποκεῖσθαι
3573 593 3631 644 τὸ
3655 592 3817 647 Θεῖον

2233 676 2461 741 οἴεσθαι,
2492 676 2665 739 οὐδεὶς
2695 676 2934 729 ἀντείποι
2958 678 3063 730 τῶν
3094 679 3187 731 καὶ
3218 680 3452 750 μετρίως
3472 682 3821 753 ἐπεσκεμμέ-

2234 785 2338 821 νων
2376 768 2473 837 τὴν
2520 768 2646 837 περὶ
2692 767 2798 819 τῶν
2836 768 3003 821 όντων
3040 769 3321 839 ἀλήθειαν.
3373 772 3509 823 Ἀλλ’
3541 776 3687 842 ὅμως
3720 777 3823 827 καὶ

2235 856 2616 928 εὐφραίνεσθαι
2647 857 2849 928 Κύριος
2884 858 3099 925 λέγεται
3124 860 3215 911 ἐπὶ
3252 862 3361 923 τοῖς
3392 860 3594 925 δούλοις
3626 863 3817 926 αὐτοῦ,

2242 948 2334 999 καὶ
2376 946 2687 1017 ὀργίζεσθαι
2731 947 2887 1018 θυμῷ
2936 949 3026 1000 ἐπὶ
3058 948 3148 1001 τὸν
3177 949 3475 1003 ἐπταικότα
3521 951 3669 1016 λαὸν,
3720 953 3823 1005 καὶ

2234 1038 2399 1092 ἐλεεῖν
2428 1040 2587 1093 πάλιν
2626 1041 2683 1093 ὃν
2729 1040 2792 1092 ἂν
2819 1040 3039 1113 ἐλεήσῃ,
3074 1040 3167 1093 καὶ
3200 1041 3488 1113 οἰκτείρειν
3530 1042 3819 1109 ὡσαύτως,

2235 1128 2303 1181 δι’
2349 1130 2601 1191 ἑκάστου,
2632 1127 2805 1202 οἶμαι,
2853 1130 2960 1184 τῶν
2990 1132 3243 1185 τοιούτων
3272 1132 3531 1202 ῥημάτων
3560 1134 3651 1186 τοῦ
3684 1152 3821 1205 κρο-

2232 1220 2325 1273 τοῦ
2360 1222 2518 1290 λόγου
2553 1223 2699 1293 ἡμᾶς
2731 1222 3098 1286 παιδεύοντος,
3148 1224 3230 1277 ὅτι
3273 1224 3360 1278 διὰ
3402 1225 3506 1277 τῶν
3533 1226 3819 1297 ἡμετέρων

2238 1312 2541 1383 ἰδιωμάτων
2573 1316 2604 1385 ἡ
2642 1314 2736 1368 τοῦ
2787 1315 2920 1368 Θεοῦ
2972 1316 3199 1386 πρόνοια
3240 1319 3305 1386 τῇ
3358 1317 3608 1384 ἀσθενείᾳ
3657 1317 3819 1386 ἡμῶν

2235 1408 2617 1478 ἐπιμίγνυται·
2659 1409 2735 1471 ὡς
2771 1409 2835 1461 ἂν
2883 1409 3020 1461 οἵτε
3066 1408 3200 1477 πρὸς
3232 1409 3503 1480 ἁμαρτίαν
3533 1408 3814 1478 ῥέποντες,

2235 1498 2383 1570 φόϐῳ
2411 1501 2509 1570 τῆς
2540 1500 2807 1571 τιμωρίας
2838 1500 3062 1562 ἑαυτοὺς
3108 1499 3213 1551 τῶν
3250 1500 3435 1553 κακῶν
3468 1500 3727 1569 ἀνέχοιεν,
3762 1500 3822 1554 οῖ

2233 1609 2291 1644 τε
2328 1592 2752 1663 προειλημμένοι
2805 1592 2878 1663 μὴ
2928 1591 3354 1659 ἀπογινώσκοιεν
3389 1592 3487 1663 τὴν
3533 1595 3595 1645 ἐκ
3646 1611 3818 1663 μετα-

2234 1683 2381 1746 νοίας
2411 1683 2687 1750 ἐπάνοδον,
2722 1684 2858 1753 πρὸς
2884 1684 2975 1737 τὸν
3014 1683 3160 1735 ἔλεον
3192 1683 3477 1753 βλέποντες
3496 1699 3509 1712 ·
3548 1684 3637 1737 καὶ
3667 1684 3716 1736 οῖ
3742 1683 3815 1736 δι’

2235 1773 2495 1844 ἀκριϐοῦς
2547 1775 2818 1838 πολιτείας
2864 1775 3249 1847 κατορθοῦντες
3292 1775 3383 1828 τὸν
3431 1775 3562 1844 βίον,
3614 1774 3817 1844 μᾶλλον

2237 1869 2353 1930 ταῖς
2386 1867 2604 1935 ἀρεταῖς
2636 1867 3043 1935 ἐπαγάλλοιντο,
3079 1867 3153 1931 ὡς
3186 1866 3561 1937 εὐφραίνοντες
3588 1867 3664 1936 τῷ
3698 1866 3816 1937 ἰδίῳ

2241 1956 2340 2028 βίῳ
2372 1958 2463 2010 τὸν
2510 1958 2618 2011 τῶν
2663 1958 2883 2026 ἀγαθῶν
2924 1958 3205 2028 γινόμενον
3253 1957 3464 2028 ἔφορον.
3504 1958 3711 2027 ’Ὥσπερ
3754 1958 3817 2011 δὲ

2238 2052 2336 2103 οὐκ
2360 2050 2473 2103 ἐστι
2501 2051 2681 2120 κωφὸν
2711 2051 2973 2122 ὀνομάσαι
3001 2050 3090 2103 τὸν
3116 2050 3203 2103 διὰ
3230 2050 3520 2121 σχημάτων
3547 2050 3623 2118 τῷ
3645 2048 3817 2121 κωςιῷ

2237 2140 2419 2206 καθὼς
2464 2144 2674 2195 ἐπαΐειν
2721 2142 2965 2211 πέφυκεν
2994 2143 3319 2213 ὁμιλοῦνταο
3370 2141 3539 2204 οὕτως
3574 2140 3692 2193 οὐδέ
3722 2143 3820 2193 ἀν-

2239 2233 2507 2306 θρώπινον
2534 2236 2689 2305 λόγον
2720 2236 2848 2307 περὶ
2875 2236 2965 2289 τὸν
2999 2235 3131 2290 Θεὸν
3161 2238 3429 2307 οἰηθῆναι,
3461 2235 3645 2305 ἐπειδὴ
3678 2237 3817 2304 πρὶς

2239 2325 2556 2397 ἀνθρώπους
2612 2326 2759 2397 αὑτῷ
2813 2328 2931 2379 κατ’
2990 2328 3300 2398 οἰκονομίαν
3351 2328 3637 2397 ἐχρήσατο.
3701 2327 3818 2380 Καὶ

2240 2418 2346 2487 γὰρ
2376 2418 2535 2486 ἡμεῖς
2564 2417 2859 2487 κλυωγμῷ,
2906 2419 3001 2471 καὶ
3038 2417 3352 2488 ποππυσμῷ
3395 2418 3486 2471 καὶ
3521 2416 3817 2488 συρίγματι

2244 2508 2312 2560 τὰ
2345 2508 2512 2575 ἄλογα
2549 2509 2845 2561 διευθύνειν
2878 2509 3164 2579 εἰώθαμεν.
3196 2510 3332 2562 Ἀλλ’
3360 2511 3421 2562 οὐ
3448 2509 3602 2561 τοῦτο
3630 2510 3758 2580 ἡμῖν
3788 2508 3821 2560 ὁ

2239 2596 2393 2664 λόγος
2423 2600 2589 2663 ἐστὶν,
2700 2599 2795 2667 τῆς
2822 2598 2928 2653 τῶν
2955 2599 3162 2666 ἀλόγων
3190 2599 3357 2667 ἀκοῆς
3382 2595 3818 2667 καθικνούμεθαο

2240 2686 2373 2740 ἀλλά
2414 2689 2547 2755 πρὸς
2584 2688 2682 2758 μὲν
2726 2690 2872 2760 ἡμᾶς
2922 2689 3115 2751 αὐτοὺς
3167 2692 3233 2759 τῇ
3282 2690 3438 2757 φύσει
3473 2685 3817 2759 κεχρήμεθα,

2239 2781 2349 2841 τοῖς
2387 2778 2443 2831 δὲ
2477 2780 2707 2846 ἀλόγοις,
2742 2781 2770 2833 ὃ
2811 2798 2869 2832 τε
2899 2780 3227 2850 κατάλληλος
3256 2780 3423 2849 ψόφος
3455 2781 3546 2831 καὶ
3591 2781 3618 2831 ὀ
3664 2776 3821 2841 ποιὸς

2240 2868 2328 2921 διὰ
2361 2869 2450 2921 τοῦ
2488 2873 2763 2939 σχήματος
2812 2867 2943 2940 ἦχος
2976 2872 3110 2943 πρὸς
3144 2873 3243 2941 τὴν
3283 2873 3468 2941 χρείαν
3499 2870 3817 2940 ἐξήρκεσεν.

564 2976 676 3031 quo
729 2960 1016 3013 hrutorum
1067 2956 1385 3009 animalium
1432 2971 1593 3009 aures
1623 2963 2016 3023 penetramus:
2089 2956 2182 3009 sed
2225 2961 2364 3027 apud
2400 2976 2501 3014 nos
2544 2962 2690 3030 ipsos
2746 2962 2977 3015 naturali
3016 2963 3231 3031 quidem
3282 2978 3533 3017 sermone
3589 2963 3821 3028 utimur,

560 3069 752 3109 verum
808 3050 950 3120 apud
1007 3049 1166 3102 bruta
1221 3047 1522 3100 animantia
1569 3048 1845 3117 Congruus
1877 3048 2135 3115 strepitus
2172 3057 2225 3103 et
2256 3053 2654 3122 qualiscunque
2705 3069 2799 3123 per
2844 3060 3057 3124 gestum
3092 3055 3304 3109 sonitus
3344 3054 3411 3109 ad
3444 3055 3821 3109 necessarium

563 3162 726 3203 usum
780 3144 916 3198 satis
963 3141 1078 3195 fuit.

638 3234 838 3291 Verum
902 3234 991 3287 hic
1043 3230 1328 3299 religiosus
1376 3244 1484 3283 non
1532 3229 1647 3282 vult
1707 3214 1875 3283 Deum
1934 3231 2208 3291 nostrisc

566 3344 726 3385 usum
778 3327 967 3391 fuisse,
1022 3335 1243 3394 propter
1280 3329 1520 3375 nostram
1556 3321 1621 3373 ad
1671 3321 1862 3374 vitium
1907 3336 2139 3390 propen—

565 3423 801 3483 sionem,
858 3419 1120 3488 ignorans
1168 3415 1255 3467 hic
1306 3412 1674 3466 amicissimus
1719 3411 1867 3481 quod
1918 3420 2143 3481 propter

564 3529 667 3567 nos
718 3526 894 3580 neque
936 3506 1286 3561 maledictum
1323 3512 1375 3558 et
1414 3508 1738 3565 exsecratio,
1772 3511 1825 3556 et
1860 3510 2141 3571 peccatum

565 3604 684 3659 ﬂeri
730 3601 910 3656 renuit
937 3618 949 3653 :
977 3607 1184 3652 tantum
1215 3603 1303 3649 est
1336 3595 1384 3648 ei
1438 3594 1831 3648 benevolentia:
1854 3603 1906 3648 et
1939 3593 2142 3647 amoris

565 3710 698 3764 erga
733 3692 1009 3755 homines,
1055 3698 1113 3742 ut
1152 3703 1263 3742 non
1295 3688 1562 3742 bonorum
1606 3687 1806 3749 solum,
1850 3684 1945 3739 sed
1978 3684 2141 3739 etiam

564 3786 836 3840 malorum
888 3791 1201 3837 nostrorum
1248 3787 1443 3849 sponte
1494 3778 1563 3831 ad
1609 3777 1998 3847 experientiam
2045 3790 2142 3830 ve-

565 3877 729 3932 nerit.
757 3875 859 3940 Qui
902 3882 1083 3928 autem
1110 3872 1377 3927 malorum
1405 3869 1623 3940 quidem
1652 3878 1965 3923 nostrorum
1991 3882 2146 3921 com-

565 3969 997 4024 mulicationem
1049 3965 1279 4033 accepit,
1307 3961 1582 4032 quomodo
1625 3977 1747 4015 eum
1786 3959 2142 4030 pulcherrimi

566 4070 883 4117 nostrorum
928 4059 1196 4113 bonorum
1238 4055 1571 4125 (sermonem
1621 4052 1884 4122 intelligo)
1928 4051 2143 4121 partici-

566 4168 689 4223 pem
733 4152 850 4206 iieri
908 4148 1120 4219 piguit?
1167 4146 1271 4202 Sed
1313 4148 1381 4201 ad
1411 4144 1773 4216 patrocinium
1818 4143 1980 4196 David
2016 4156 2143 4211 pro-

568 4243 743 4315 ponit,
792 4249 846 4297 et
896 4241 973 4294 ait
1022 4241 1176 4294 illum
1231 4238 1415 4292 dicere
1462 4251 1493 4290 a
1548 4235 1658 4290 Deo
1713 4236 1875 4288 rebus
1922 4233 2141 4287 nomina

567 4336 742 4392 indita
791 4347 933 4396 esse,
979 4332 1107 4401 quia
1144 4329 1407 4397 scriptum
1442 4335 1526 4380 est
1573 4324 1639 4378 ad
1693 4325 1836 4377 hunc
1876 4321 2137 4375 modum:

569 4428 675 4496 Qui
724 4434 964 4480 numerat
1009 4422 1402 4476 multitudinem
1450 4418 1753 4478 stellarum,
1807 4424 1855 4468 et
1900 4412 2141 4467 omnibus

564 4521 640 4574 eis
687 4518 902 4572 nomina
942 4514 1180 4569 vocat”.
1226 4512 1335 4581 Ego
1361 4518 1538 4563 autem
1572 4507 1747 4561 cuivis
1770 4506 1966 4560 mentis
1991 4520 2140 4559 com-

2327 3228 2462 3281 Ἀλλ’
2494 3232 2551 3281 ού
2588 3230 2833 3300 βούλεται
2862 3232 2973 3294 τοῖς
3001 3230 3292 3304 ἡμετέροις
3335 3233 3363 3284 ὁ
3391 3230 3621 3302 εὐλαϐὴς
3661 3229 3822 3298 οὗτος

2242 3320 2331 3373 τὸν
2360 3320 2491 3373 Θεὸν
2541 3321 2861 3391 κεχρῆσθαι,
2892 3321 2978 3374 διά
3020 3322 3119 3390 τὴν
3156 3322 3289 3392 πρὸς
3318 3323 3514 3377 κακίαν
3546 3325 3703 3395 ἡμῶν
3732 3328 3826 3396 ῥο-

2242 3412 2369 3483 πὴν,
2401 3412 2610 3479 ἀγνοῶν
2636 3415 2663 3465 ὁ
2691 3413 2939 3481 φίλτατος
2963 3414 3042 3465 ὅτι
3071 3413 3137 3465 δι’
3165 3416 3310 3485 ἡμᾶς
3338 3414 3456 3467 οὐδὲ
3484 3417 3699 3484 κατάρα
3725 3417 3823 3470 καὶ

2240 3503 2481 3573 ἁμαρτία
2512 3503 2776 3573 ἀπέσχετο
2801 3504 3078 3573 γενέσθαισ
3106 3504 3355 3559 τοσοῦτον
3386 3505 3533 3576 αὐτῷ
3563 3508 3819 3578 περίεστι

2240 3596 2337 3664 τῆς
2368 3595 2788 3667 φιλανθρωπίας,
2820 3596 2893 3659 ὡς
2923 3596 3042 3667 οὐχὶ
3072 3597 3179 3651 τῶν
3217 3597 3438 3666 ἀγαθῶν
3475 3600 3651 3669 μόνον,
3682 3600 3824 3653 ἀλλὰ

2242 3688 2335 3741 καὶ
2380 3687 2487 3739 τῶν
2537 3688 2721 3742 κακῶν
2766 3688 2872 3741 τῶν
2904 3689 3185 3759 ἡμετέρων
3220 3689 3477 3753 ἑκουσίως
3508 3692 3586 3753 εὶς
3624 3694 3827 3760 πεῖραν

2241 3779 2436 3834 ἐλθεῖν.
2499 3780 2555 3832 Ὁ
2606 3780 2662 3832 δὲ
2705 3779 2813 3833 τῶν
2842 3780 3027 3833 κακῶν
3064 3780 3161 3850 τὴν
3199 3783 3481 3834 κοινωνίαν
3507 3781 3823 3850 δεξάμενος,

2244 3870 2360 3933 πῶς
2393 3871 2457 3924 ἂν
2500 3872 2595 3925 τοῦ
2630 3872 2912 3925 καλλίστου
2946 3873 3053 3925 τῶν
3099 3873 3379 3945 ἡμετέρων
3423 3873 3585 3945 (φημὶ
3620 3875 3679 3928 δὲ
3724 3874 3825 3929 τοῦ

2242 3965 2421 4033 λόγου)
2474 3968 2571 4037 τὴν
2622 3968 2906 4037 μετουσίαν
2957 3966 3234 4037 ὤκνησενς
3303 3968 3462 4021 Ἀλλά
3507 3968 3597 4021 τὸν
3653 3970 3828 4022 Δαϐὶδ

2243 4060 2322 4119 εἰς
2353 4058 2684 4127 συνηγορίαν
2731 4058 3110 4127 προϐάλλεται,
3142 4059 3234 4111 καί
3282 4076 3442 4129 φησιν
3488 4060 3695 4112 ἐκεῖνον
3739 4060 3827 4112 λέο

2243 4165 2380 4214 γειν,
2416 4148 2565 4218 παρά
2595 4148 2687 4201 τοῦ
2717 4149 2851 4202 Θεοῦ
2874 4154 2985 4213 τοῖς
3027 4151 3313 4221 πράγμασι
3342 4150 3409 4203 τὰ
3452 4151 3691 4220 ὀνόματα
3736 4169 3827 4203 τε-

2245 4242 2468 4305 θεῖσθαι,
2519 4244 2603 4297 διὰ
2650 4245 2709 4297 τὸ
2760 4245 3063 4316 γεγράφθαι
3110 4246 3296 4299 τοῦτον
3343 4245 3432 4298 τὸν
3477 4247 3711 4317 τρόπον·
3757 4248 3826 4301 '0

2242 4332 2501 4401 ἀριθμῶν
2551 4333 2751 4400 πλήθη
2800 4332 3056 4401 ἄστρων,
3102 4334 3199 4388 καὶ
3234 4334 3423 4388 πᾶσιν
3450 4337 3653 4402 αὐτοῖς
3694 4338 3828 4391 (5rd-

2238 4442 2396 4493 ματα
2432 4423 2651 4477 καλῶν.
2706 4422 2844 4491 Ἐγὼ
2881 4424 2937 4477 δὲ
2963 4425 3223 4496 πρόδηλον
3252 4425 3348 4495 μὲν
3378 4426 3614 4495 ἡγοῦμαι
3654 4431 3827 4481 παντὶ

2242 4511 2319 4579 τῷ
2351 4511 2472 4563 νοῦν
2502 4511 2673 4580 ἔχοντι
2720 4511 2809 4566 τὸν
2843 4514 2968 4584 περὶ
2998 4513 3199 4567 τούτων
3238 4514 3413 4582 λόγον,
3448 4516 3523 4577 ὡς
3564 4517 3826 4585 οὐδεμίαν

566 4609 678 4679 poti
700 4606 1050 4678 perspicuum
1082 4619 1203 4658 esse
1224 4603 1478 4661 arbitror,
1504 4599 1648 4667 quod
1672 4596 1938 4666 ejusmodi
1962 4610 2138 4649 SCl‘lllO

2246 4603 2362 4672 ἔχει
2396 4603 2677 4656 κοινωνίαν
2709 4604 2846 4675 πρὸς
2888 4605 2947 4658 τὸ
2989 4605 3363 4676 προκείμενον.
3414 4606 3629 4678 Ἐπειδὴ
3656 4608 3716 4660 δέ
3742 4626 3827 4661 τι-

566 4700 661 4772 qui
705 4700 772 4755 de
817 4699 937 4753 istis
989 4697 1241 4757 habetur,
1292 4693 1498 4747 nullam
1558 4691 1719 4744 habet
1768 4705 1891 4743 cum
1939 4689 2025 4742 his
2075 4687 2143 4741 de

567 4791 771 4862 quibus
822 4791 1003 4859 agitur
1043 4786 1507 4843 communionem.
1551 4782 1821 4848 Quoniam
1856 4796 1985 4835 vero
2020 4794 2143 4849 pro-

568 4882 749 4937 habile
801 4888 887 4935 est
942 4878 1209 4949 quosdam
1271 4876 1395 4929 huic
1452 4874 1691 4929 sermoni
1744 4872 2143 4926 inconsiderate

568 4971 878 5041 astipulari,
915 4984 1086 5039 pauca
1121 4968 1369 5038 quaedam
1401 4967 1575 5021 dehis
1604 4966 1957 5019 disseremus.
1984 4961 2143 5015 Novit

571 5078 713 5132 smpe
744 5062 930 5116 divina
984 5060 1266 5129 Scriptura
1304 5057 1616 5126 hujusmodi
1648 5072 1807 5111 voces
1840 5055 1946 5109 Deo
1987 5055 2140 5107 attri-

570 5156 739 5210 buere
785 5161 843 5206 ut
896 5152 1029 5221 ipsa:
1067 5166 1097 5203 a
1143 5149 1349 5204 nostris
1394 5149 1529 5202 nihil
1583 5148 1869 5202 dissonare
1912 5147 2136 5199 videan-

568 5256 681 5309 tur,
711 5254 791 5311 ut,
825 5244 1007 5297 Iratus
1042 5252 1118 5296 est
1141 5242 1320 5311 furore
1353 5242 1605 5294 Dominus
1642 5236 2137 5308 ",et,Pwnitnit73,

567 5340 641 5395 ob
689 5344 912 5409 peccata
964 5335 1230 5403 ipsorum,
1293 5344 1367 5399 et,
1420 5333 1557 5386 Deus
1609 5332 1941 5399 pcenituerut,
2003 5328 2139 5396 quod

568 5433 806 5486 auxisset
860 5429 1080 5484 Saulem
1139 5430 1193 5482 in
1236 5444 1407 5497 regem
1484 5425 1657 5493 (super
1721 5422 1892 5475 Israel
1936 5423 2041 5490 7°);
2087 5431 2140 5475 ιι

570 5521 986 5592 Expergefactus
1032 5531 1107 5575 est
1161 5520 1416 5574 Dominus
1450 5528 1701 5585 tanquam
1746 5525 2022 5582 separatus
2068 5516 2134 5567 ⁸ο.

570 5615 843 5671 Praeterea
882 5614 1222 5681 cathedram,
1249 5619 1471 5675 statum,
1492 5617 1695 5661 motum
1721 5617 1775 5661 et
1798 5607 1964 5659 multa
1996 5608 2135 5675 ejus.

1782 5788 1821 5815 ⁷⁸
1855 5784 1963 5839 ibid
2015 5785 2099 5839 45.

639 5792 689 5828 ⁷⁸
724 5794 869 5851 Psal.
899 5809 1072 5859 cxm,
1106 5791 1158 5844 4.
1233 5790 1276 5821 ⁷⁷
1317 5786 1458 5843 Psal.
1492 5802 1575 5851 εν,
1620 5788 1699 5840 lU.

2176 5785 2219 5817 τυ
2255 5784 2267 5836 l
2309 5786 2432 5858 mg.
2472 5789 2650 5847 ηδε).

2245 4712 2341 4757 νας
2369 4695 2515 4758 εἰκὸς
2547 4695 2956 4759 ἀνεπισκέπτως
2980 4696 3056 4766 τῷ
3079 4697 3221 4768 λόγῳ
3244 4699 3651 4769 προστίθεσθαι,
3688 4701 3830 4769 βραο

2244 4788 2343 4856 χέα
2376 4788 2501 4858 περὶ
2526 4787 2728 4840 τούτων
2768 4788 3154 4860 διαληψόμεθα.
3190 4788 3309 4843 Οἵδε
3343 4792 3599 4854 πολλάκις
3628 4794 3660 4862 ἡ
3700 4793 3825 4847 θεία

2245 4879 2433 4948 Γραφὴ
2460 4879 2710 4941 τοιαύτας
2732 4880 2807 4951 τῷ
2835 4880 2952 4951 Θεῷ
2980 4883 3309 4952 περιτιθέναι
3337 4885 3538 4952 φωνὰς,
3557 4885 3632 4947 ὡς
3653 4886 3826 4955 μηδὲν

2245 4970 2470 5039 ἀπᾴδειν
2500 4969 2668 5032 αὑτὰς
2697 4970 2804 5025 τῶν
2844 4973 3122 5043 ἡμετέρων
3151 4974 3356 5028 δοκεῖν·
3405 4968 3515 5027 οἷον
3572 4976 3652 5040 τὸ,
3706 4976 3828 5045 Ὠρ-

2245 5062 2421 5131 γίσθη
2455 5061 2617 5130 θυμῷ
2648 5064 2862 5129 Κύριος
2884 5082 2896 5096 ⁸
2945 5065 3059 5127 καὶ,
3086 5068 3461 5133 Μετενόησεν
3495 5066 3585 5119 ἐπὶ
3623 5066 3687 5137 τῇ
3723 5086 3827 5118 κα-

2246 5151 2338 5221 κία
2362 5151 2539 5204 αὐτῶν
2559 5169 2572 5182 ·
2610 5153 2722 5216 καὶ,
2745 5156 3123 5223 Μετεμελήθη
3144 5157 3345 5225 χρίσαι
3368 5156 3475 5209 τὸν
3507 5157 3705 5210 Σαοὺλ
3732 5161 3825 5223 εἰς

2240 5240 2537 5303 βασιλέα·
2592 5245 2706 5305 καὶ,
2745 5244 3062 5313 Ἐξηγέρθη
3109 5247 3188 5309 ὠς
3242 5250 3274 5299 ό
3324 5246 3531 5300 ὑπνῶν
3575 5248 3821 5313 Κύριος.

2247 5333 2355 5384 Καὶ
2381 5332 2458 5385 ἔτι
2500 5334 2635 5404 πρὸς
2666 5334 2893 5402 τούτοις,
2926 5337 3191 5408 καθέδραν
3220 5340 3312 5390 καὶ
3348 5338 3555 5399 στάσιν,
3607 5339 3701 5391 κει.)⁴
3732 5340 3821 5392 κί-

2248 5442 2421 5493 νησιν,
2466 5426 2559 5477 καὶ
2608 5425 2777 5479 πολλὰ
2822 5428 3044 5482 τοιαῦτα
3085 5430 3365 5494 διέξεισιν·
3422 5430 3455 5483 ἂ
3504 5430 3662 5499 φύσει
3720 5432 3819 5500 μὲν

2246 5516 2369 5584 περὶ
2402 5515 2489 5568 τὸν
2517 5516 2647 5570 Θεὸν
2677 5520 2775 5571 οὐκ
2820 5519 2954 5582 ἐστι,
2988 5520 3120 5591 πρὸς
3158 5521 3213 5573 δέ
3244 5521 3342 5593 τὴν
3372 5521 3681 5591 οἰκονομίαν
3711 5520 3822 5573 τῶν

2245 5606 2640 5677 παιδευομένων
2701 5612 2799 5663 οὐκ
2872 5612 3157 5681 ἀχρήστως
3217 5612 3348 5682 ἔχει.
3408 5611 3543 5675 Τούς
3590 5628 3649 5665 τε
3707 5610 3821 5686 γὰρ

2729 5790 2772 5822 ⁸ο
2815 5790 2956 5847 l’sal.
2996 5809 3196 5855 Lxxvu,
3227 5792 3317 5847 6'3.
