4146 6386
415 393 552 451 1053

1536 389 1813 448 CONTRA
1851 385 2245 454 EUNOMIUM,
2281 391 2415 450 LIB.
2452 393 2567 452 XII.

3524 399 3664 456 1054

411 508 806 580 ἐκλυτωτέρους
938 508 1035 578 τῆς
1081 508 1248 580 ὀργῆς,
1307 508 1528 574 ἔνδειξις
1583 505 1857 558 συστέλλει
1909 501 1990 572 τῷ

2104 507 2235 560 modi
2290 519 2708 571 commemorat,
2743 525 2863 580 qua:
2894 519 3088 565 natura
3131 508 3348 581 quidem
3391 527 3498 566 non
3534 521 3664 569 sunt

412 601 583 671 φόϐῳ,
620 602 712 654 καὶ
743 603 852 671 τοῖς
882 600 1154 670 δεομένοις
1197 599 1290 652 τοῦ
1321 601 1420 670 τῆς
1457 598 1740 670 μετανοίας
1761 595 1984 666 φαρμά-

410 670 540 757 κου,
567 670 958 761 συμμετανοεῖν
1005 690 1097 742 ἐπὶ
1129 693 1191 760 τῇ
1236 689 1402 760 κακίᾳ
1431 689 1577 757 λέγει
1607 688 1697 741 τὸν
1742 686 1978 756 Κύριονο

411 785 518 845 τοῖς
555 783 600 835 δ’
629 777 694 834 αὖ
722 783 778 834 ὲν
815 781 1138 851 εὐπραγίαις
1182 781 1291 833 τισὶ
1333 780 1468 850 πρὸς
1504 779 1660 849 ὕϐριν
1687 775 1986 846 ἐκφερομέ-

413 890 542 936 νοις,
578 873 637 925 τὸ
674 873 748 943 μὴ
790 872 1124 941 παραμένειν
1157 872 1336 935 αὐτοῖς
1373 872 1471 944 τὴν
1514 871 1831 942 εὐημερίαν,
1881 868 1985 922 κᾶν

412 966 476 1016 ἐκ
523 963 656 1016 Θεοῦ
702 963 763 1016 τὸ
807 961 1044 1016 τοιοῦτον
1093 957 1230 1015 εἶναι
1279 962 1431 1032 δοκῇ,
1482 961 1571 1014 διὰ
1613 961 1708 1030 τῆς
1753 960 1846 1012 ἐπὶ
1891 957 1984 1010 τοῦ

415 1053 584 1106 Σαοὺλ
611 1052 972 1122 μεταμελείας
1007 1050 1367 1122 προδείκνυσι.
1405 1051 1528 1112 Τοῖς
1557 1066 1616 1101 τε
1649 1049 1721 1119 μὴ
1749 1045 1986 1117 ἐμϐαθύ-

414 1161 560 1196 νουσι
603 1143 681 1213 τῷ
711 1142 963 1212 πτώματι
1002 1145 1101 1212 τῆς
1133 1142 1427 1213 ἁμαρτίας.
1471 1140 1607 1192 ἀλλά
1655 1138 1901 1208 καθάπερ
1928 1136 1985 1202 ἐξ

415 1235 584 1287 ὕπνου
619 1234 762 1298 τινὸς
789 1234 882 1286 τοῦ
928 1235 1155 1304 ματαίου
1202 1234 1535 1300 διαναστᾶσι,
1573 1229 1986 1284 συνανίστασθαι

413 1327 504 1382 τὸν
555 1327 685 1379 Θεὸν
738 1325 831 1379 καὶ
883 1325 1373 1394 συναφυπνίζεσθαι
1423 1324 1602 1392 λέγει·
1667 1322 1886 1376 ἑστάναι
1930 1319 1987 1373 δὲ

414 1423 526 1482 τοῖς
556 1418 788 1481 ἀκλινῶς
821 1417 912 1471 ὲπὶ
939 1417 1032 1471 τοῦ
1060 1417 1224 1471 καλοῦ
1248 1417 1522 1488 βεϐηκόσι,
1554 1416 1647 1469 καὶ
1668 1413 1986 1479 καθέζεσθαι

414 1515 527 1576 τοῖς
575 1515 630 1566 ἐν
680 1510 758 1582 τῷ
813 1510 962 1580 καλῷ
1013 1510 1459 1581 καθιδρυμένοιςο
1511 1507 1778 1562 κινεῖσθαι
1829 1507 1873 1561 δ’
1919 1502 1985 1559 αὖ

417 1605 577 1660 πάλιν
617 1606 711 1658 καὶ
741 1606 1064 1675 περιπατεῖν
1106 1603 1197 1655 ἐπὶ
1229 1602 1336 1654 τῶν
1388 1600 1852 1672 μετακινηθέντων
1881 1599 1989 1653 ἀπὸ

415 1698 516 1768 τῆς
559 1699 617 1750 ὲν
663 1696 740 1766 τῷ
776 1695 925 1766 καλῷ
953 1695 1300 1766 παγιότητος.
1357 1694 1443 1757 Ὠς
1486 1694 1579 1746 ἐπὶ
1609 1692 1704 1746 τοῦ
1753 1693 1987 1763 Ἀδάμὴ

421 1790 630 1860 ἱστορία
680 1787 899 1855 διέξεισι
961 1787 1366 1859 περιπατοῦντα
1418 1788 1478 1841 τὸ
1529 1787 1752 1841 δειλινὸν
1800 1788 1857 1840 ἐν
1913 1786 1989 1856 τῷ

418 1879 730 1952 παραδείσῳ
773 1879 863 1932 τὸν
898 1879 1030 1932 Θεὸν
1076 1879 1471 1947 διαγράφουσα,
1512 1877 1590 1948 τῷ
1642 1878 1740 1948 μὲν
1779 1876 1992 1947 δειλινῷ

419 1971 555 2043 πρὸς
587 1971 657 2024 τὰ
689 1971 938 2024 σκοτεινά
981 1970 1076 2024 τοῦ
1137 1970 1562 2041 πρωτοπλάστου
1593 1969 1764 2041 ῥοπὴν
1803 1970 1994 2039 διαση-

424 2058 706 2128 μαίνουσα,
756 2060 820 2129 τῇ
864 2059 918 2110 δὲ
969 2061 1180 2128 κινήσει
1225 2059 1287 2111 τὸ
1317 2059 1526 2128 ἀπαγὲς
1563 2057 1658 2111 τοῦ
1707 2058 1993 2130 ἀνθρώπου

421 2151 548 2220 περὶ
577 2149 635 2201 τὸ
673 2149 833 2202 καλὸν
866 2150 960 2202 καὶ
996 2150 1057 2202 τὸ
1087 2151 1338 2204 ἄστατον.

503 2240 662 2293 Ἀλλά
707 2239 879 2293 ταῦτα
918 2239 1016 2310 μὲν
1046 2244 1156 2304 τοῖς
1186 2241 1399 2304 πολλοῖς
1444 2242 1725 2313 πόρρωθεν
1766 2241 1896 2306 ἴσως
1921 2242 1996 2308 ὡς

422 2333 557 2404 πρὸς
604 2332 703 2402 τὴν
763 2333 1116 2403 προτεθεῖσαν
1177 2334 1307 2404 ἡμῖν
1360 2333 1591 2404 θεωρίαν
1639 2330 1777 2388 εἶναι
1832 2335 1992 2400 δόξει.

435 2425 638 2476 Ἐκεῖνο
664 2422 721 2475 δὲ
752 2422 851 2474 οὐκ
885 2421 948 2475 ἄν
981 2439 1066 2486 τις
1114 2423 1341 2493 ἀπᾴδειν
1389 2423 1530 2476 εἴποι
1558 2421 1651 2476 τοῦ
1704 2425 1997 2495 προκειμέ-

421 2531 536 2578 νου,
583 2515 666 2568 ὅτι
707 2511 890 2566 πολλοὶ
939 2514 1000 2566 τὸ
1037 2514 1244 2577 ἑαυτοῖς
1274 2514 1534 2583 ἄληπτον,
1581 2513 1698 2568 οὐδὲ
1741 2515 1859 2586 Θεῷ
1905 2515 1998 2588 λη-

423 2607 556 2661 πτὸν
606 2601 744 2660 εἶναι
793 2606 1139 2676 νομίζουσιν,
1194 2606 1288 2660 καὶ
1338 2607 1471 2677 ὅπερ
1518 2606 1583 2660 ἂν
1635 2607 1846 2679 ἐκφύγῃ
1900 2608 1997 2678 τὴν

427 2697 636 2753 ἑαυτῶν
680 2696 1026 2765 κατανόησιν,
1086 2696 1464 2768 περισσότερον
1514 2693 1652 2752 εἶναι
1698 2699 1856 2752 τοῦτο
1905 2701 1998 2753 καὶ

425 2792 525 2858 τῆς
579 2791 727 2853 θείας
781 2788 1063 2860 δυνάμεως
1114 2788 1335 2844 οἴονται.
1401 2789 1619 2861 Ἐπειδὴ
1677 2791 1854 2843 τοίνυν
1905 2792 1999 2844 καὶ

431 2882 598 2935 ποσοῦ
680 2882 876 2955 μέτρον
952 2884 1110 2951 ἡμεῖς
1165 2881 1256 2933 τὸν
1321 2881 1550 2951 ἀριθμὸν
1621 2882 1994 2954 πεποιήμεθα·

422 2974 450 3026 ὁ
497 2975 554 3027 δὲ
596 2973 829 3044 ἀριθμὸς
901 2973 1050 3026 οὐδὲν
1104 2972 1292 3044 ἕτερον
1345 2973 1378 3042 ἢ
1444 2973 1693 3038 σύνθεσις
1759 2975 1998 3045 μονάδων

422 3065 560 3128 ἐστὶ,
596 3065 854 3126 ποικίλως
910 3065 1006 3134 τῆς
1055 3063 1276 3134 μονάδος
1327 3065 1407 3126 εἰς
1452 3063 1654 3134 πλῆθος
1701 3064 2002 3134 ὲπαυξομέ-

2087 598 2142 651 in
2196 598 2329 666 De0,
2386 602 2452 654 ad
2489 602 2958 672 dispensationem
2992 611 3174 658 autem
3204 619 3392 658 eorum
3423 610 3518 675 qui
3546 622 3666 662 eru-

2087 689 2310 744 diuntur
2353 706 2462 746 non
2508 700 2638 747 sunt
2690 693 2926 747 inutilia.
2982 693 3118 748 Nam
3153 694 3538 752 dissolutiores
3569 697 3664 753 irae

2085 781 2348 836 iudicatio
2388 792 2535 839 metu
2587 786 2883 850 contrahit,
2915 795 2968 840 et
3004 787 3341 856 pcenitentiae
3367 787 3665 857 pharmaco

2091 873 2462 942 indigentibus
2518 877 2652 931 dicit
2705 876 2991 932 Dominum
3040 879 3112 932 ob
3166 887 3453 948 peccatum
3499 881 3662 935 etiam

2089 965 2250 1018 simul
2279 966 2582 1035 pcenitere;
2617 967 2709 1035 qui
2753 979 2931 1022 autem
2958 969 3238 1038 prosperis
3259 969 3424 1024 rebus
3459 971 3664 1025 insole-

2089 1066 2248 1110 scunt
2297 1064 2350 1111 et
2387 1057 2686 1112 etferuntur
2707 1099 2721 1122 ,
2755 1059 3170 1128 prosperitatem
3201 1075 3312 1114 non
3345 1061 3423 1115 eis
3451 1076 3665 1130 perma-

2090 1165 2238 1214 nere,
2267 1150 2478 1204 tametsi
2504 1166 2569 1204 ex
2600 1151 2709 1205 Deo
2735 1166 2856 1206 esse
2877 1152 3149 1217 videatur,
3171 1169 3269 1222 per
3290 1155 3664 1222 pcenitentiam

2091 1255 2255 1308 super
2291 1239 2454 1293 Saule
2491 1241 2752 1297 ostendit.
2791 1239 2858 1293 Et
2886 1241 2967 1296 eis
3004 1241 3096 1310 qui
3129 1255 3239 1295 non
3271 1241 3503 1296 demersi
3539 1250 3668 1296 sunt

2092 1331 2144 1384 in
2178 1330 2454 1400 profundo
2486 1331 2640 1400 lapsu
2674 1334 2904 1400 peccati,
2957 1331 3054 1386 sed
3088 1338 3348 1400 tanquam
3375 1347 3440 1386 ex
3472 1347 3666 1387 somno

2091 1424 2326 1493 quodam
2377 1438 2530 1478 vanm
2580 1425 2704 1477 vitae
2754 1435 3080 1493 exsurgunt,
3131 1422 3299 1478 Deum
3357 1423 3490 1477 dicit
3534 1437 3665 1476 con-

2093 1532 2318 1587 surgere
2374 1526 2428 1570 et
2486 1517 2647 1571 simul
2697 1517 3048 1587 expergisci:
3102 1525 3250 1572 stare
3306 1516 3374 1572 iis
3437 1515 3530 1587 qui
3594 1515 3664 1568 ad

2089 1607 2293 1662 bonum
2337 1609 2612 1662 stabiliter
2645 1609 3036 1673 ascenderunt,
3076 1618 3130 1662 et
3168 1608 3357 1662 sedere
3384 1608 3452 1663 iis
3487 1607 3581 1676 qui
3612 1607 3668 1661 in

2094 1701 2236 1753 bono
2294 1701 2547 1754 collocati
2598 1708 2767 1762 sunt;
2822 1701 3029 1755 moveri
3087 1709 3279 1755 contra
3307 1709 3361 1754 et
3390 1699 3670 1753 ambulare

2095 1791 2149 1844 in
2207 1791 2291 1844 his
2347 1791 2441 1860 qui
2492 1806 2521 1844 a
2579 1791 2834 1846 ﬁrmitate
2887 1806 3009 1859 quae
3052 1797 3138 1845 est
3192 1790 3247 1842 in
3299 1789 3444 1842 bono
3475 1787 3671 1841 dimoti

2098 1892 2248 1938 sunt.
2287 1881 2360 1936 Ut
2410 1883 2464 1936 in
2512 1881 2724 1935 Adamo
2754 1882 2989 1935 historia
3039 1888 3260 1934 enarrat
3302 1879 3345 1910 ⁸⁸
3386 1878 3552 1932 Deum
3576 1877 3670 1931 de-

2097 1975 2344 2029 scribens
2370 1973 2811 2029 deambulantem
2837 1973 2905 2028 ad
2928 1988 3186 2028 occasum
3214 1979 3338 2042 post
3363 1970 3667 2034 meridiem,

2095 2083 2192 2136 per
2246 2082 2504 2121 occasum
2572 2068 2640 2121 ad
2704 2067 2994 2122 tenebrosa
3047 2065 3371 2136 protoplasti
3436 2064 3670 2118 hominis

2098 2158 2307 2226 lapsum
2366 2159 2712 2228 signiﬁcans,
2764 2174 2862 2228 per
2909 2166 3115 2212 motum
3174 2171 3305 2210 vero
3344 2154 3579 2210 hominis
3615 2155 3670 2208 in

2097 2249 2240 2304 bono
2292 2249 2659 2305 inﬁrmitatem
2694 2260 2747 2306 et
2782 2251 3216 2306 iustabilitatcm.

2171 2339 2275 2395 Sed
2303 2341 2418 2397 hac
2445 2343 2632 2398 multis
2660 2343 2879 2413 longius
2924 2342 3157 2398 fortasse
3190 2344 3526 2398 videbuntur
3548 2359 3674 2400 esse

2098 2435 2363 2502 producta
2386 2449 2550 2503 quam
2579 2437 2856 2505 proposita
2881 2436 3270 2504 contemplatio
3302 2435 3503 2506 exigat.
3534 2435 3672 2491 Illud

2098 2533 2280 2578 autem
2339 2524 2523 2580 nullus
2576 2539 2606 2576 a
2653 2541 2710 2578 re
2760 2524 3042 2596 proposita
3091 2525 3404 2595 discrepare
3453 2525 3672 2590 dixerit,

2099 2618 2246 2688 quod
2302 2617 2545 2688 plerique
2581 2618 2898 2673 existiment
2948 2617 3092 2686 quod
3128 2617 3231 2671 sibi
3280 2617 3415 2687 ipsis
3468 2627 3552 2674 est
3590 2620 3675 2673 in-

2100 2708 2592 2778 comprehensibile
2633 2723 2807 2778 neque
2848 2723 2876 2761 ο
2925 2707 3036 2762 Deo
3069 2709 3456 2778 comprehendi
3491 2723 3674 2779 posse,

2098 2809 2151 2855 et
2202 2799 2348 2870 quod
2392 2799 2614 2866 quidem
2645 2797 2894 2867 effugerit
2938 2812 3091 2854 suam
3133 2801 3378 2868 ipsorum
3411 2800 3678 2869 cegnitio-

2101 2909 2248 2955 nem,
2300 2893 2402 2946 hoc
2448 2892 2871 2961 exsuperantius
2909 2891 3092 2945 divina
3136 2893 3375 2960 potentia
3421 2908 3544 2946 esse
3577 2909 3678 2962 pu-

2100 2983 2236 3033 tent.
2287 2980 2558 3044 Quoniam
2610 2979 2780 3049 igitur
2834 2994 2938 3035 nos
2977 2980 3170 3048 quanti
3229 2997 3541 3035 mensuram
3583 2999 3680 3036 nu-

2102 3081 2312 3118 merum
2353 3064 2622 3134 fecimus;
2654 3081 2919 3121 numerus
2949 3077 3130 3122 autem
3165 3068 3299 3121 nihil
3331 3069 3476 3122 aliud
3512 3086 3675 3139 quam

423 3175 556 3227 νης·
623 3157 790 3225 μονὰς
840 3156 942 3228 γάρ
1002 3157 1159 3225 καὶὴ
1201 3154 1362 3217 δεκάς
1416 3154 1556 3208 κατά
1607 3155 1852 3208 σύνθεσιν
1901 3173 1996 3226 μο-

2104 3161 2371 3210 uuitatum
2400 3159 2727 3228 compositio
2757 3166 2862 3223 est,
2899 3173 3024 3212 cum
3053 3160 3202 3215 varie
3228 3161 3409 3216 unitas
3443 3161 3500 3214 in
3537 3162 3680 3214 mul-

423 3251 592 3305 νάδων
645 3250 782 3321 πρὸς
838 3247 994 3301 τοῦτο
1041 3247 1446 3316 περαιουμένη,
1509 3247 1674 3317 μονάς
1742 3246 1903 3300 πάλιν
1962 3249 1995 3318 ἡ

426 3342 718 3404 ἐκατοντάς
762 3343 826 3393 ὲκ
878 3339 1114 3394 δεκάδων
1163 3339 1537 3409 συντιθεμένη.
1587 3339 1858 3402 Ὡσαύτως
1905 3345 2000 3391 καί

423 3436 458 3505 ἡ
492 3433 668 3504 χιλιὰς
696 3433 828 3503 ἄλλη
873 3431 1058 3502 μονὰς,
1127 3432 1220 3484 καὶ
1261 3432 1295 3500 ἡ
1356 3429 1554 3500 μυριὰς
1603 3429 1822 3500 ὁμοίως,
1867 3430 2000 3482 ἀνα-

423 3524 596 3592 λόγως
643 3525 707 3576 ὲκ
759 3519 1294 3592 πολλαπλασιασμοῦ,
1355 3523 1387 3591 ἡ
1459 3522 1558 3591 μὲν
1596 3521 1661 3573 ὲκ
1725 3519 1998 3590 χιλιάδων,

426 3618 460 3686 ὴ
501 3617 560 3667 δὲ
598 3615 658 3679 ἐξ
714 3615 1084 3668 ἐκατοντάδων
1140 3613 1278 3685 πρὸς
1331 3611 1487 3664 τοῦτο
1544 3611 2000 3682 κεφαλαιουμένη,

427 3707 568 3778 ὑπὲρ
617 3707 830 3759 ἅπαντα
879 3708 987 3768 τοῖς
1033 3704 1407 3774 ὑποκειμένοις
1451 3701 1868 3774 περιορίζοντες,
1907 3721 2006 3773 ση-

431 3799 556 3868 μεῖα
583 3795 682 3865 τῆς
715 3795 1011 3865 ποσότητος
1040 3795 1147 3847 τῶν
1195 3793 1610 3863 ἀριθμουμένων
1661 3794 2006 3864 πραγμάτων

430 3889 748 3961 ποιούμεθα.
821 3889 908 3951 Ὠς
959 3888 1025 3941 ἂν
1083 3883 1174 3941 οὖν
1229 3887 1644 3957 παιδευθείημεν
1705 3887 1856 3958 παρὰ
1907 3887 2008 3956 τῆς

431 3983 579 4046 θείας
626 3982 852 4051 Γραφῆς
891 3980 952 4033 τὸ
1004 3980 1168 4049 μηδὲν
1220 3979 1492 4047 ἄγνωστον
1544 3976 1683 4032 εἶναι
1737 3979 1815 4049 τῷ
1866 3978 2006 4048 Θεῷ,

432 4071 842 4147 ἐξαριθμεῖσθαι
890 4075 1018 4144 παρ’
1069 4071 1230 4126 αὐτοῦ
1259 4072 1405 4140 λέγει
1431 4071 1522 4124 τοῦ
1557 4071 1690 4125 Θεοῦ
1718 4071 1778 4124 τὸ
1807 4069 2011 4140 πλῆθος

429 4166 540 4219 τῶν
585 4166 818 4236 ἄστρων,
863 4165 924 4217 οὐ
963 4163 1053 4216 τὸν
1090 4163 1288 4234 τρόπον
1337 4162 1522 4216 τοῦτον
1576 4163 1866 4233 γινομένης
1910 4161 2012 4232 τῆς

433 4258 805 4329 άριθμὴσεως.
842 4257 937 4319 Τίς
967 4255 1076 4328 γὰρ
1119 4255 1288 4316 οὕτως
1319 4255 1519 4326 εὐήθης
1547 4255 1622 4318 ὡς
1668 4255 1746 4326 τῷ
1773 4255 2012 4326 περιττῷ

433 4351 526 4404 καὶ
557 4349 729 4420 ἀρτίῳ
772 4348 864 4401 τὸν
901 4348 1035 4400 Θεὸν
1078 4347 1284 4400 οἴεσθαι
1331 4345 1718 4416 διαλαμϐάνειν
1759 4346 1827 4399 τά
1859 4346 2008 4410 ὄντα,

2103 3249 2390 3303 titudinem
2447 3259 2731 3306 excrescat
2778 3270 2789 3304 :
2841 3251 3022 3306 unitas
3077 3251 3224 3306 enim
3275 3261 3327 3306 et
3373 3251 3537 3308 decas
3584 3267 3680 3322 per

2102 3343 2552 3411 compositionem
2601 3343 2868 3397 unitatum
2903 3343 2970 3397 ad
3005 3345 3107 3397 hoc
3131 3344 3503 3414 progrediens,
3537 3347 3665 3398 uni-

2105 3443 2187 3488 tas
2237 3447 2431 3487 rursus
2457 3434 2703 3487 centuria
2730 3448 2851 3502 quae
2884 3448 2948 3487 ex
2982 3433 3220 3487 denariis
3246 3434 3491 3488 numeris
3519 3448 3672 3487 com-

2102 3522 2342 3591 ponitur.
2394 3521 2660 3577 Similiter
2697 3535 2750 3578 et
2779 3523 2972 3578 cbilias
3003 3523 3105 3575 alia
3144 3523 3348 3586 unitas,
3385 3530 3437 3577 et
3476 3524 3680 3593 myrias

2105 3616 2328 3683 pariter,
2371 3614 2724 3683 proportione
2773 3614 2958 3667 habita
2987 3629 3054 3668 ex
3107 3613 3678 3682 multiplicationibus,

2109 3703 2196 3755 illa
2222 3702 2444 3771 quidem
2475 3718 2540 3756 ex
2579 3701 2931 3768 chiliadibus,
2961 3701 3077 3755 inec
3114 3717 3240 3756 vero
3276 3718 3395 3771 qua:
3419 3703 3682 3758 centuriis

2109 3793 2422 3847 summatim
2481 3793 2774 3860 colligitur,
2845 3808 3011 3861 super
3063 3794 3246 3847 omnia
3299 3793 3366 3848 de
3416 3794 3680 3862 subjectis

2109 3885 2454 3950 deﬁnientes,
2512 3884 2667 3954 signa
2717 3884 3039 3953 quantitatis
3096 3899 3277 3938 rerum
3318 3901 3438 3954 qua:
3484 3902 3682 3941 nume-

2110 3988 2303 4030 rantur
2331 3977 2582 4032 facimus.
2628 3974 2699 4029 Ut
2729 3975 2895 4044 igitur
2926 3991 2957 4030 a
2982 3975 3166 4030 divina
3209 3975 3491 4046 Scriptura
3523 3977 3682 4032 insti-

2111 4071 2209 4122 tuti
2249 4083 2517 4133 essemus,
2557 4066 2693 4121 nihil
2740 4066 2849 4122 Deo
2882 4067 3218 4136 incognitum
3258 4081 3400 4131 esse,
3455 4067 3524 4121 ab
3564 4067 3684 4136 ipso

2111 4161 2240 4216 dicit
2290 4161 2573 4216 stellarum
2627 4159 3032 4213 multitudinem
3097 4160 3400 4223 numerari,
3452 4174 3562 4213 non
3619 4160 3689 4214 ad

2113 4251 2259 4306 hunc
2315 4251 2541 4306 modum
2573 4250 2976 4305 numerationis
3015 4265 3135 4320 quae
3165 4249 3221 4304 ﬁt
3270 4265 3300 4303 a
3334 4251 3516 4306 nobis.
3553 4250 3689 4316 Quis

2112 4347 2258 4400 enim
2311 4345 2384 4398 ita
2434 4343 2668 4400 stolidus
2705 4351 2759 4397 et
2809 4342 3035 4411 simplex
3086 4343 3180 4411 qui
3233 4339 3400 4395 Deum
3458 4355 3690 4396 numero

436 4441 528 4494 καὶ
555 4440 643 4493 διὰ
671 4439 771 4508 τῆς
810 4438 920 4491 τῶν
963 4438 1202 4509 μονάδων
1230 4437 1547 4501 συνθέσεως,
1578 4437 1715 4507 πρὸς
1751 4437 1812 4488 τὸ
1845 4435 2000 4505 κεφά-

2117 4433 2312 4504 impari
2346 4440 2401 4488 et
2427 4432 2548 4503 pari
2581 4447 2645 4486 ea
2674 4448 2796 4501 qua:
2837 4441 2965 4487 sunt
2997 4430 3460 4500 comprehendere
3513 4438 3689 4500 putet,

435 4532 583 4585 λαιον
616 4533 715 4602 τῆς
745 4528 1136 4601 ἁθροιζομένης
1177 4529 1469 4599 ποσότητος
1493 4528 1582 4580 τὸν
1615 4528 1844 4598 ἀριθμὸν
1874 4545 2015 4598 συμ-

436 4620 752 4691 περαίνειν;
795 4619 936 4672 Ἀλλ’
981 4617 1167 4688 ἐπειδὴ
1209 4619 1267 4672 ἐν
1292 4620 1422 4689 ἡμῖν
1450 4620 1484 4688 ἡ
1530 4618 1760 4690 ἀκριϐὴς
1792 4619 1888 4672 τοῦ
1917 4638 2014 4673 πο-

440 4712 534 4765 σοῦ
576 4710 778 4780 γνῶσις
808 4712 874 4763 ὲκ
912 4707 1007 4762 τοῦ
1036 4707 1266 4780 ἀριθμοῦ
1296 4709 1526 4777 γίνεται,
1557 4709 1632 4772 ὼς
1659 4709 1724 4762 ἂν
1765 4709 1857 4762 καὶ
1888 4710 2014 4779 περὶ

435 4805 528 4859 τοῦ
569 4803 704 4858 Θεοῦ
758 4803 1196 4873 παιδευθείημεν,
1246 4803 1329 4856 ὅτι
1371 4803 1549 4856 πάντα
1589 4805 1652 4873 τῇ
1687 4803 1883 4872 γνώσει
1915 4803 2015 4872 τῆς

439 4898 630 4968 σοφίας
677 4898 842 4951 αὐτοῦ
871 4896 1252 4967 περιείληπται
1301 4898 1394 4949 καὶ
1438 4897 1586 4950 οὐδὲν
1616 4897 1872 4965 ἐκφεύγει
1919 4896 2016 4966 τὴν

439 4990 642 5062 ἀκριϐῆ
671 4989 1018 5060 κατανόησιν,
1060 4987 1248 5040 τούτου
1277 4989 1434 5058 χάριν
1460 4987 1712 5058 ἀριθμεῖν
1745 4987 1815 5039 τά
1839 4987 2014 5057 ἄστρα

438 5082 528 5134 τὸν
557 5079 690 5133 Θεὸν
727 5078 1038 5150 διωρίσατο,
1098 5078 1275 5142 τοῦτο,
1299 5079 1364 5131 δι’
1392 5071 1466 5131 ὧν
1494 5079 1662 5147 λέγει,
1704 5081 1842 5130 νοεῖν
1887 5095 2014 5147 συμ-

441 5169 730 5235 ϐουλεύων,
767 5170 840 5241 μὴ
872 5170 1012 5224 κατά
1044 5171 1103 5224 τὸ
1128 5171 1324 5241 μέτρον
1361 5171 1422 5224 τὸ
1447 5171 1546 5240 τῆς
1585 5171 1859 5240 ἡμετέρας
1881 5170 2019 5237 γνώ-

445 5277 580 5323 σεως
628 5260 722 5313 καὶ
753 5261 812 5312 τὸ
844 5260 997 5313 Θεῖον
1042 5259 1248 5312 οἴεσθαι
1299 5259 1405 5313 τῶν
1450 5259 1619 5312 ὄντων
1660 5259 2016 5328 ἐφάπτεσθαι,

443 5351 580 5405 ἀλλά
610 5351 678 5404 τὰ
709 5353 840 5423 ἡμῖν
868 5351 1084 5423 ἄληπτα
1113 5353 1207 5406 καὶ
1238 5352 1561 5423 ἀνεπινόητα
1585 5352 1760 5408 πάντα
1790 5355 1853 5424 τῇ
1880 5351 2019 5419 γνὼ-

447 5459 529 5495 σει
571 5445 671 5516 τῆς
719 5444 868 5508 θείας
929 5445 1120 5515 σοφίας
1168 5445 1672 5516 ὲμπεριείργεσθαι.
1734 5446 1855 5500 Τῶν
1911 5445 2020 5515 γὰρ

447 5534 661 5604 ἄστρων
713 5535 802 5588 διὰ
850 5539 910 5590 τὸ
956 5536 1158 5608 πλῆθος
1199 5538 1573 5606 έκφευγὸντων
1622 5538 1712 5590 τὸν
1765 5537 2016 5608 ἀριθμὸν,

445 5625 522 5689 ὡς
563 5626 695 5696 πρὸς
729 5627 1076 5700 ἀνθρωπίνην
1119 5629 1380 5697 ἐπίνοιαν,
1415 5628 1522 5684 ἀπὸ
1575 5629 1773 5700 μέρους
1821 5629 1880 5682 τὸ
1915 5630 2020 5682 πᾶν

523 5799 566 5846 (³
607 5803 741 5870 Gen.
777 5819 866 5872 ιιι,
900 5803 950 5860 8.

2117 4537 2170 4581 et
2205 4543 2298 4596 per
2329 4526 2602 4580 unitatum
2632 4525 3082 4594 compositionem
3117 4524 3183 4578 ad
3219 4537 3486 4578 summam
3519 4539 3693 4592 quau-

2119 4619 2294 4674 titatis
2323 4625 2588 4672 acervata:
2619 4631 2906 4670 numerum
2939 4615 3274 4684 complecti?
3303 4613 3406 4667 Sed
3429 4616 3689 4680 quoniam

2119 4712 2171 4764 in
2215 4709 2374 4765 nobis
2417 4717 2610 4764 exacta
2646 4709 2835 4777 quanti
2868 4707 3107 4777 cognitio
3145 4722 3209 4760 ex
3253 4721 3480 4759 numero
3511 4706 3587 4769 lit,
3631 4714 3690 4759 ut

2117 4806 2184 4859 de
2232 4805 2340 4858 Deo
2374 4803 2628 4857 instructi
2667 4816 2939 4863 essemus,
2992 4798 3136 4869 quod
3167 4799 3349 4852 omnia
3383 4800 3694 4868 cognitione

2119 4897 2296 4968 ipsius
2345 4895 2628 4964 sapientiae
2677 4892 3073 4961 comprehensa
3107 4898 3237 4945 sunt
3285 4889 3536 4959 nihilque
3574 4891 3695 4960 ejus

2121 4994 2432 5041 accuratam
2477 4985 2663 5054 elTugit
2698 4983 3082 5052 cognitionem,
3123 4981 3287 5049 hujus
3320 4981 3493 5050 gratia
3524 4982 3693 5036 Deum

2121 5086 2269 5133 astra
2309 5091 2601 5130 numerare
2639 5073 2884 5128 deﬁnivit
2922 5087 3017 5140 per
3051 5085 3114 5124 ea
3145 5086 3266 5139 qua:
3295 5069 3430 5124 dicit
3476 5070 3578 5124 hoc
3610 5072 3695 5123 in-

2122 5171 2366 5240 telligere
2408 5169 2728 5229 consulens,
2760 5182 2869 5220 non
2910 5166 2978 5219 ad
3024 5179 3336 5218 mensuram
3379 5169 3578 5218 nostrae
3603 5177 3698 5216 co-

2122 5261 2386 5332 gnitionis
2418 5260 2587 5313 Deum
2622 5257 2833 5326 opinari
2873 5269 2936 5310 ea
2969 5270 3089 5323 qua:
3119 5264 3247 5310 sunt
3289 5253 3575 5322 attingere,
3603 5253 3700 5306 sed

2127 5368 2249 5423 quae
2299 5351 2460 5405 nobis
2511 5347 2986 5418 incompreliensa,
3031 5360 3133 5400 nec
3183 5345 3481 5407 intellecta,
3517 5343 3700 5397 omnia

2128 5445 2327 5499 divinae
2365 5443 2648 5512 sapientiae
2702 5440 3009 5510 cognitione
3059 5437 3331 5492 concludi.
3371 5437 3509 5491 Cum
3555 5435 3701 5490 enim

2130 5539 2301 5594 stellae
2370 5544 2592 5605 propter
2642 5531 3045 5586 multitudinem
3104 5529 3317 5600 fugiant
3370 5543 3702 5592 numerum,

2129 5641 2389 5704 quantum
2445 5628 2510 5682 ad
2557 5627 2847 5682 humanam
2904 5625 3440 5690 commentationem,
3486 5637 3518 5678 a
3550 5629 3711 5696 parte
