4146 6386
473 363 610 420 4655

1658 359 1716 414 S.
1758 357 2087 414 GREGORII
2127 356 2425 412 NYSSENI

3586 361 3728 419 1058

470 490 645 538 totum
681 476 838 533 docet
888 492 1092 541 sermo,
1125 495 1191 533 ex
1231 493 1298 533 eo
1337 476 1483 546 quod
1519 476 1667 530 dicat
1718 478 1833 531 hrec
1875 492 1905 530 a
1942 476 2051 532 Deo

2167 478 2484 532 ἐκδιδάσκων
2532 477 2561 528 6
2607 477 2782 545 λόγος,
2824 479 2888 530 ὲκ
2931 477 3025 531 τοῦ
3065 478 3235 532 ταῦτα
3280 476 3733 550 καταριθμεῖσθαι

472 573 771 633 numerari,
813 571 951 626 nihil
996 586 1187 625 eorum
1254 586 1375 642 qua:
1425 584 1456 623 a
1499 569 1660 624 nobis
1709 569 2051 641 ignorantur,

475 665 569 719 Dei
616 663 983 734 cognitionem
1036 662 1226 733 fugere
1275 671 1521 717 testatur.
1568 660 1860 733 Propterea
1903 662 2053 728 dicit,

477 755 580 820 Qui
616 764 856 809 numerat
894 754 1286 808 multitudinem
1316 754 1615 815 stellarum,
1646 767 1755 807 non
1796 752 2054 823 ignorans

480 849 736 901 nimirum
776 847 1056 903 stellarum
1109 848 1466 916 quantitatem
1511 846 1830 916 priusquam
1862 859 2054 900 nume-

479 945 675 992 rasset.
730 936 1017 1002 Quomodo
1070 938 1216 992 enim
1274 944 1702 991 consentaneum
1745 943 1830 991 est
1878 936 2054 1006 ipsum

478 1032 733 1102 ignorare
766 1031 912 1099 quod
950 1030 1077 1085 fecit
1101 1033 1122 1084 ?
1153 1030 1256 1097 Qui
1285 1032 1427 1086 enim
1453 1030 1695 1085 universi
1724 1046 1924 1100 praises
1952 1041 2053 1096 est,

478 1137 588 1175 non
622 1122 765 1191 quod
798 1121 920 1190 ejus
951 1123 1190 1193 potentia
1226 1138 1494 1178 summam
1536 1139 1716 1178 rerum
1747 1124 2061 1179 continente

476 1212 929 1282 comprehensum
987 1226 1071 1268 est
1128 1214 1362 1285 ignorat.
1426 1214 1565 1281 Quid
1622 1216 1786 1285 igitur
1839 1217 2057 1271 tandem

479 1303 621 1372 quod
658 1304 763 1358 scit
787 1305 1081 1357 numerat?
1107 1304 1199 1360 Est
1236 1306 1379 1359 enim
1411 1307 1801 1375 ignorantium,
1832 1322 2059 1363 numero

478 1395 836 1464 quantitatem
892 1394 1162 1461 dimetiri;
1212 1396 1304 1465 qui
1362 1404 1540 1451 autem
1591 1407 1880 1468 antequam
1938 1405 2060 1452 orta

478 1495 662 1556 essent
694 1485 874 1539 omnia
903 1486 1085 1551 scivit,
1116 1486 1190 1540 ad
1232 1502 1413 1541 rerum
1437 1489 1804 1559 cognitionem
1835 1504 2061 1545 numero

481 1594 587 1632 non
644 1578 848 1648 indiget
914 1579 1194 1649 magistro.
1255 1578 1455 1634 Verum
1522 1597 1552 1635 a
1605 1580 1807 1636 Davide
1861 1580 2062 1635 dicitur

481 1682 807 1729 inunerare,
860 1667 989 1736 quia
1037 1667 1291 1722 videlicet
1340 1668 1407 1722 ad
1456 1677 1697 1725 nostram
1754 1669 2057 1724 doctrinam

480 1774 579 1825 pro
629 1765 790 1826 captu
865 1768 1053 1815 nostro
1105 1758 1169 1811 ad
1234 1759 1576 1829 perspicuam
1622 1760 2056 1830 explanationem

2157 568 2309 641 παρά
2335 569 2427 622 τοῦ
2461 568 2594 621 Θεοῦ
2627 556 2825 637 λέγειν,
2859 571 2918 623 τὸ
2960 571 3125 641 μηδὲν
3158 570 3264 623 τῶν
3293 572 3425 641 ἡμῖν
3440 570 3731 639 ἀγνώστων

2156 660 2443 731 ἐκφεύγειν
2473 661 2567 715 τοῦ
2596 660 2732 715 Θεοῦ
2785 662 2884 733 τὴν
2922 662 3119 730 γνῶσιν
3150 660 3600 733 διαμαρτύρεται.
3631 661 3731 713 Διά

2155 753 2313 806 τοῦτό
2372 770 2567 823 φησιν,
2630 753 2693 807 '0
2733 753 3002 823 ἀριθμῶν
3053 752 3253 821 πλήθη
3301 752 3573 821 ἄστρων,
3632 752 3734 805 οὑκ

2156 844 2365 913 ἀγνοῶν
2410 844 2607 916 δηλαδὴ
2660 845 2788 916 πρὶν
2837 844 3202 915 ἐξαριθμῆσαι
3238 844 3337 915 τὴν
3375 844 3481 898 τῶν
3520 844 3733 915 ἄστρων

2157 937 2447 1007 ποσότητα.
2481 937 2604 1002 Πῶς
2637 938 2746 1008 γὰρ
2780 937 2923 1000 εἰκὸς
2945 938 3104 991 αὑτὸν
3135 938 3347 1004 ἀγνοεῖν
3378 937 3406 990 ὃ
3442 937 3733 1007 ἐποίησεν;

2169 1029 2227 1081 '0
2260 1028 2369 1099 γάρ
2400 1027 2494 1081 τοῦ
2540 1027 2741 1093 παντὸς
2784 1029 3102 1100 ἐπιστάτης,
3138 1030 3239 1083 οὑκ
3292 1028 3356 1083 ἂν
3406 1029 3627 1099 ἀγνοοίη
3673 1028 3735 1080 τὸ

2158 1116 2795 1189 ὲμπεριειλημμένον,τῇ
2832 1122 3152 1191 περιεκτικῇ
3184 1119 3291 1172 τῶν
3322 1117 3456 1172 ὅλων
3487 1118 3732 1188 δυνάμει.

2158 1206 2224 1259 Τί
2255 1206 2456 1276 δήποτε
2501 1202 2595 1261 οῦν
2645 1208 2870 1280 ἀριθμεῖ
2910 1210 3046 1281 ὅπερ
3093 1208 3412 1274 ὲπίσταται;
3459 1209 3582 1262 Τῶν
3626 1207 3737 1280 γάρ

2158 1296 2492 1365 ἀγνοούντων
2521 1298 2656 1362 ἐστὶ,
2689 1298 2751 1350 τὸ
2796 1298 2873 1369 τῷ
2904 1299 3122 1371 ἀριθμῷ
3156 1300 3464 1370 διαμετρεῖν
3496 1297 3592 1369 τὴν
3638 1315 3737 1350 πο-

2161 1390 2392 1461 σότητα’
2426 1391 2454 1443 6
2478 1389 2534 1443 δὲ
2561 1390 2627 1445 τά
2657 1391 2832 1445 πάντα
2861 1392 3015 1455 εἰδὼς
3042 1391 3148 1463 πρὸ
3177 1391 3461 1461 γενέσεως,
3497 1387 3735 1461 ἀριθμοῦ

2159 1478 2479 1535 διδασκάλου
2528 1480 2665 1551 πρὸς
2707 1481 2807 1553 τὴν
2837 1480 2946 1535 τῶν
2991 1479 3364 1550 ὑποκειμένων
3398 1480 3601 1549 γνῶσιν
3633 1479 3737 1531 οὑκ

2161 1568 2454 1627 ἐπιδέεται.
2516 1570 2676 1624 Ἀλλά
2730 1572 2837 1642 μὴν
2888 1571 3139 1642 ἀριθμεῖν
3184 1570 3400 1638 λέγεται
3447 1569 3596 1639 παρά
3637 1567 3737 1620 τοῦ

2160 1660 2351 1724 Δαϐὶδ,
2413 1660 2653 1732 δηλονότι
2712 1661 2847 1732 πρὸς
2906 1662 3003 1731 τὴν
3061 1660 3337 1731 ἡμετέραν
3390 1656 3737 1712 διδασκαλίαν

2160 1752 2300 1805 κατά
2334 1752 2385 1804 τὸ
2402 1752 2530 1823 ἡμῖν
2559 1752 2801 1824 χωρητὸν
2820 1750 2909 1805 τοῦ
2934 1751 3094 1819 λόγου
3115 1751 3251 1821 πρὸς
3279 1751 3575 1820 σαφήνειαν
3604 1764 3739 1801 κατ-

482 1863 661 1902 sermo
696 1848 1011 1913 descendat,
1038 1848 1278 1919 perfecte
1313 1851 1455 1905 seire
1493 1866 1557 1905 ea
1590 1868 1712 1922 qua:
1743 1852 1902 1909 nobis
1931 1862 2059 1909 sunt

2167 1844 2353 1907 ιόντος,
2382 1844 2442 1897 τὸ
2473 1843 2712 1915 ἀκριϐῶς
2745 1844 2938 1897 εἰδέναι
2970 1842 3038 1896 τὰ
3076 1845 3209 1913 ἡμῖν
3244 1842 3497 1910 ἄγνωστα
3527 1838 3613 1892 διά
3638 1842 3737 1910 τῆς

482 1939 754 2009 incognita
784 1956 879 2008 per
914 1941 1126 1996 numeri
1156 1942 1607 2012 signiﬁcationem
1632 1943 1802 1999 David
1836 1946 2061 2001 demon-

483 2032 696 2085 stravit.
751 2030 1217 2096 Quemadmodum
1279 2034 1445 2104 igitur
1494 2051 1782 2091 numerare
1838 2036 2058 2104 dicitur,

484 2124 617 2177 nihil
652 2123 992 2179 arithmetica
1037 2125 1260 2195 periodo
1303 2126 1371 2180 ad
1417 2142 1599 2181 rerum
1629 2136 1935 2183 creatarum
1968 2145 2062 2183 co-

483 2217 777 2285 gnitionem
808 2216 1079 2287 indigens,
1107 2218 1187 2272 sic
1220 2217 1383 2272 etiam
1410 2219 1661 2274 omnibus
1685 2219 1818 2290 ipsis
1841 2221 2061 2275 nomina

482 2325 680 2363 vocare
735 2308 1005 2378 PrOpheta
1040 2309 1195 2377 dicit,
1232 2327 1340 2366 non
1373 2310 1539 2377 hane,
1578 2313 1795 2382 opinor,
1845 2331 1966 2385 qua:
2006 2316 2063 2370 lit

487 2415 582 2469 per
609 2416 816 2464 vocem,
849 2402 1307 2470 nuncupationem
1334 2403 1770 2474 subsigniﬁcans.
1800 2405 1895 2460 Vel
1917 2407 2061 2461 enim

485 2489 553 2543 ad
589 2489 884 2543 absurdum
938 2490 1193 2558 quiddam
1226 2500 1279 2545 et
1323 2492 1630 2563 indignum,
1661 2494 1806 2564 quod
1849 2495 1916 2549 de
1955 2494 2064 2550 Deo

487 2582 540 2635 in
561 2582 928 2650 suspicionem
950 2582 1149 2649 veniat,
1179 2582 1531 2653 progrediens
1563 2600 1744 2639 sermo
1770 2585 2060 2653 desineret,

487 2673 755 2743 siquidem
792 2672 907 2727 haze
947 2673 1079 2727 dicit
1113 2673 1334 2727 nomina
1377 2674 1550 2730 stellis
1579 2690 1609 2727 a
1658 2675 1764 2731 Deo
1808 2678 2062 2747 imposita

486 2781 608 2834 quae
650 2764 701 2818 in
736 2765 1137 2820 consuetudine
1185 2775 1373 2821 nostra
1421 2775 1770 2837 usurpantur.
1823 2767 1880 2823 Si
1918 2771 2062 2824 enim

488 2857 642 2911 daret
684 2856 883 2925 aliquis
918 2857 1030 2911 lucc
1065 2871 1095 2909 a
1141 2854 1251 2911 Deo
1281 2866 1471 2912 vocata
1502 2874 1645 2922 esse,
1672 2876 1897 2915 necesse
1921 2869 2067 2916 esset

488 2948 710 3001 omnino
754 2947 1065 3002 Graecorum
1107 2947 1524 3002 simulacrorum
1556 2950 1707 3004 illinc
1753 2963 1943 3022 putare
1966 2968 2064 3022 θρ-

489 3039 833 3108 pellationem
892 3038 944 3090 in
992 3037 1167 3092 stellis
1218 3038 1599 3108 pervulgatam
1635 3054 1778 3103 esse,
1830 3048 1885 3095 et
1917 3055 2063 3109 quae-

490 3145 705 3199 cunque
735 3128 990 3182 fabulosa:
1013 3128 1253 3183 historiae
1276 3129 1328 3183 in
1359 3129 1529 3184 stellis
1551 3130 1800 3184 feruntur
1821 3132 2065 3197 nomina,

490 3236 617 3275 vera
654 3221 992 3279 existimare,
1041 3231 1298 3289 tanquam
1334 3221 1442 3275 Deo
1471 3223 1607 3277 tales
1639 3224 1693 3275 in
1743 3223 1876 3292 ipsis
1904 3238 2066 3279 voces

490 3319 640 3367 ratas
680 3312 929 3365 habente.
968 3310 1057 3364 Sic
1088 3312 1431 3382 septenarius
1467 3314 1749 3367 stellarum
1778 3330 2064 3380 numerus,

492 3420 612 3475 quae
654 3405 708 3458 in
754 3405 876 3474 polo
924 3404 1297 3467 continentur,
1351 3405 1491 3459 inter
1551 3404 1864 3461 Graecorum
1925 3406 2069 3462 idola

493 3495 840 3558 distributus,
871 3495 1032 3563 culpa
1067 3510 1259 3549 vacare
1282 3510 1376 3549 eos
1405 3497 1498 3565 qui
1539 3498 1591 3550 in
1633 3498 1717 3552 his
1744 3510 2071 3555 erraverunt

494 3587 764 3650 ostendet,
808 3586 1075 3656 siquidem
1112 3585 1216 3641 hoc
1246 3602 1275 3639 a
1306 3586 1413 3643 Deo
1452 3588 1764 3642 ordinatum
1800 3605 1924 3645 esse
1949 3607 2070 3646 ere-

493 3677 669 3733 ditum
724 3691 787 3730 ac
841 3691 1164 3747 persuasum
1204 3676 1390 3733 fuerit.
1434 3677 1620 3748 Itaque
1666 3680 1734 3735 de
1767 3682 1971 3737 Orione
2020 3693 2073 3737 et

494 3766 721 3836 Scorpio
780 3766 959 3820 fabula
1009 3764 1077 3820 ad
1132 3766 1292 3821 ﬁdem
1348 3768 1674 3833 adducitur,
1729 3779 1783 3825 et
1831 3788 1952 3841 quae
2006 3772 2073 3827 de

492 3861 637 3930 Argo
690 3867 1013 3925 narrantur,
1060 3866 1112 3913 et
1144 3858 1361 3929 Cycnus
1404 3870 1457 3914 et
1489 3861 1681 3929 Aquila
1709 3901 1723 3923 ,
1769 3871 1822 3916 et
1872 3862 2070 3924 Canis,

494 3956 548 4002 et
585 3948 650 4001 de
680 3946 894 4002 Corona
926 3946 1193 4002 Ariadnes
1228 3948 1507 4003 fabulatio.
1544 3950 1852 4014 Quinetiam
1890 3955 2072 4023 suspi-

493 4040 726 4092 candum
753 4046 979 4103 astruct,
1016 4038 1180 4092 Deum
1214 4040 1550 4093 inventorem
1592 4057 1714 4095 esse
1744 4058 1934 4096 eorum
1968 4060 2074 4097 no-

495 4130 700 4183 minum
734 4145 854 4199 quae
914 4130 968 4183 in
1001 4130 1133 4183 orbe
1164 4129 1427 4199 signifero
1474 4130 1545 4184 ob
1574 4134 1864 4199 quamdam
1892 4132 2075 4203 figura:

508 4221 923 4276 similitudinem
948 4237 1107 4291 quam
1153 4235 1274 4274 cum
1303 4222 1634 4290 apparentiis
1667 4222 1886 4286 habent,
1916 4239 2078 4278 exeo-

499 4316 669 4384 gitata
696 4324 845 4378 sunt,
875 4315 917 4368 si
951 4313 1166 4383 quidem
1192 4314 1451 4384 prteclare
1478 4312 1775 4369 Eunomius
1793 4322 1945 4385 putat
1976 4315 2077 4369 Da-

498 4406 674 4459 videm
704 4405 889 4459 dicere
919 4406 1033 4459 haec
1065 4406 1198 4475 ipsis
1236 4405 1455 4459 nomina
1487 4404 1656 4460 Deum
1700 4407 2048 4476 imposuisse.

570 4498 840 4564 Quoniam
888 4498 1059 4567 igitur
1102 4497 1293 4551 talium
1340 4498 1625 4552 nominum
1660 4497 1833 4553 Deum
1880 4510 2149 4579 putare”

497 4588 838 4644 inventorem
884 4604 1010 4643 esse
1054 4588 1356 4643 absurdum
1396 4596 1515 4655 est,
1548 4604 1617 4642 ne
1650 4589 2073 4644 simulacrorum

498 4680 717 4733 nomina
746 4680 873 4734 inde
897 4679 1230 4750 principium
1260 4678 1571 4735 obtinuisse
1597 4679 1909 4745 videantur,
1939 4682 2075 4751 opti-

497 4788 645 4826 mum
676 4774 780 4827 erit
813 4772 959 4842 quod
990 4772 1196 4825 dictum
1224 4782 1308 4826 est
1355 4787 1466 4825 non
1519 4772 1640 4826 sine
1693 4771 1882 4826 habita
1920 4790 2073 4841 qua:-

499 4866 676 4919 stione
702 4865 1027 4935 approbare,
1059 4863 1155 4919 sed
1178 4863 1356 4917 instar
1382 4878 1573 4917 eorum
1600 4878 1719 4932 quae
1749 4863 1816 4918 de
1842 4880 2074 4920 numero

498 4970 526 5008 a
553 4955 712 5008 nobis
735 4956 1009 5010 intellecta
1036 4962 1187 5017 sunt,
1210 4954 1375 5023 hujus
1398 4955 1563 5008 etiam
1588 4954 1719 5008 dicti
1743 4956 2073 5010 sententiam

499 5049 820 5117 percipere:
847 5047 1117 5118 siquidem
1154 5048 1296 5103 inter
1324 5062 1426 5103 nos
1455 5048 1835 5102 testimonium
1868 5059 2074 5104 exactae

496 5148 582 5192 est
609 5138 971 5208 cognitionis,
1001 5138 1147 5208 quod
1174 5153 1204 5191 a
1236 5137 1395 5193 nobis
1430 5138 1712 5208 cognitum
1740 5143 1824 5193 est
1849 5139 2073 5209 proprio

497 5228 718 5283 nomine
740 5229 924 5282 vocari
949 5268 962 5293 ,
991 5246 1085 5299 per
1110 5229 1224 5284 haec
1249 5245 1350 5286 nos
1376 5228 1538 5284 docet
1562 5229 1709 5300 quod
1736 5245 1925 5285 eorum
1954 5246 2075 5300 quae

498 5337 526 5371 ιι
557 5321 715 5375 nobis
742 5322 1132 5389 comprehendi
1183 5338 1292 5376 non
1337 5331 1606 5393 possunt,
1656 5338 1766 5377 non
1809 5323 1983 5378 solum
2017 5324 2071 5379 in

497 5430 709 5467 summa
740 5426 1005 5469 acervatre
1036 5416 1363 5483 quantitatis
1390 5416 1787 5485 plenitudinem
1823 5431 2075 5482 compre-

498 5506 688 5560 hendit
718 5508 809 5576 qui
852 5508 1169 5562 universum
1217 5510 1500 5571 continet,
1535 5510 1628 5564 sed
1665 5511 1826 5563 etiam
1860 5510 2073 5579 singula

496 5598 599 5651 scit
629 5608 818 5653 exacte
854 5609 906 5653 et
943 5600 1201 5669 perfecte.
1232 5600 1409 5669 llujns
1441 5601 1518 5655 rei
1555 5616 1721 5655 causa
1754 5616 1860 5655 non
1895 5602 2071 5657 solum

495 5692 802 5745 enumerari
835 5694 1115 5747 stellarum
1148 5693 1526 5748 multitudines
1558 5708 1739 5748 sermo
1771 5694 1897 5747 dicit
1930 5734 1943 5755 ,
1978 5692 2073 5748 sed

496 5783 660 5837 etiam
713 5785 1033 5841 nominatim
1085 5786 1333 5858 singulas
1387 5787 1606 5851 vocari,
1654 5788 1799 5856 quod
1851 5787 2071 5856 quidem

2093 3181 2141 3244 C

2158 1936 2253 1989 τοῦ
2286 1936 2519 2006 ἀριθμοῦ
2556 1935 2831 2005 σημασίας
2874 1937 2902 1987 ὀ
2963 1933 3127 1987 Δαϐὶδ
3155 1933 3474 1998 ἐνεδείξατο.
3526 1931 3737 2000 Ὥσπερ

2160 2026 2253 2083 οὖν
2286 2029 2533 2101 ἀριθμεῖν
2575 2029 2810 2097 λέγεται,
2841 2027 2993 2081 οὐδὲν
3020 2027 3121 2097 τῆς
3152 2025 3520 2097 ἀριθμητικῆς
3550 2021 3736 2093 περιό-

2160 2120 2250 2173 δου
2281 2121 2416 2191 πρὸς
2459 2122 2555 2192 τὴν
2582 2120 2687 2173 τῶν
2720 2120 2888 2172 ὄντων
2930 2118 3129 2187 γνῶσιν
3170 2118 3535 2187 ἐπιδεόμενος,
3565 2115 3738 2177 οὑτως

2162 2212 2255 2265 καὶ
2286 2213 2451 2265 πᾶσιν
2478 2212 2657 2275 αὑτοῖς
2685 2211 2924 2281 ὀνόματα
2950 2210 3133 2264 καλεῖν
3159 2212 3191 2279 ή
3235 2206 3737 2280 προφητείαιλέγει,

2162 2305 2221 2358 οὑ
2268 2303 2492 2375 ταύτην,
2520 2300 2694 2375 οἶμαι,
2728 2304 2824 2375 τὴν
2853 2303 2941 2357 διὰ
2970 2302 3069 2373 τῆς
3104 2302 3286 2372 φωνῆς
3318 2302 3508 2372 κλῆσιν
3536 2301 3740 2369 ὑποση-

2167 2398 2451 2468 μαίνουσα.
2501 2392 2578 2447 'll
2609 2396 2715 2466 γὰρ
2751 2395 2817 2449 ἂν
2846 2397 2926 2458 εἰς
2957 2393 3155 2449 ἄτοπόν
3186 2412 3236 2447 τι
3268 2394 3361 2448 καὶ
3404 2393 3619 2459 ἀνάξιον
3642 2393 3742 2463 τῆς

2168 2490 2292 2560 περὶ
2325 2489 2458 2541 Θεοῦ
2486 2488 2806 2559 ὑπολήψεως
2834 2489 2862 2541 6
2887 2486 3040 2555 λόγος
3068 2485 3273 2558 προῖὼν
3314 2485 3633 2556 καταλήγοι,
3665 2484 3740 2537 εῖ-

2164 2598 2271 2651 περ
2298 2579 2469 2632 ταῦτα
2490 2580 2636 2648 λέγει
2667 2580 2735 2633 τὰ
2761 2580 2998 2650 ὀνόματα
3024 2578 3172 2649 παρά
3192 2578 3285 2631 τοῦ
3310 2576 3446 2631 Θεοῦ
3470 2576 3743 2630 τεθεῖσθαι

2164 2675 2274 2735 τοῖς
2298 2672 2517 2744 ἄστροις
2547 2672 2615 2725 τὰ
2637 2674 2693 2725 ἐν
2719 2673 2783 2743 τῇ
2809 2671 3064 2742 συνηθείᾳ
3087 2673 3241 2742 ἡμῶν
3271 2670 3741 2740 ἀναστρεφόμενα.

2166 2766 2230 2820 Εἰ
2263 2765 2370 2836 γάρ
2401 2765 2575 2819 ταῦτά
2614 2783 2699 2828 τις
2724 2765 2837 2836 δοίη
2869 2764 3050 2817 θεόθεν
3080 2762 3489 2834 ἐπικεκλῆσθαι,
3530 2762 3741 2830 ἀνάγκη

2166 2858 2314 2911 πᾶσα
2347 2855 2578 2909 καὶτῶν
2633 2854 2957 2926 Ἑλληνικῶν
3006 2852 3236 2909 εἰδώλων
3282 2854 3491 2906 ἐκεῖθεν
3539 2852 3743 2904 οἴεσθαι

2167 2950 2265 3021 τὴν
2294 2948 2483 3018 κλῆσιν
2509 2947 2942 3019 ὲπιπεφημίσθαι
2971 2949 3081 3009 τοῖς
3113 2947 3353 3018 ἄστροις,
3391 2945 3482 2999 καί
3519 2946 3618 2997 ὅσα
3646 2944 3745 3013 τῆς

2170 3039 2405 3111 μυθικῆς
2433 3038 2671 3109 ἱστορίας
2701 3038 3008 3107 ὲπιλέγεται
3035 3040 3145 3101 τοῖς
3171 3036 3437 3107 ἀστρῴοις
3465 3036 3742 3106 ὀνόμασιν,

2170 3130 2344 3201 ἀληθῆ
2369 3130 2606 3200 νομίσαι,
2632 3130 2708 3193 ὡς
2733 3130 2826 3182 τοῦ
2853 3128 2986 3183 Θεοῦ
3012 3129 3111 3191 τὰς
3137 3128 3390 3190 τοιαύτας
3415 3128 3595 3189 αὑτοῖς
3624 3128 3748 3177 ἐπι-

2170 3222 2461 3293 κυροῦντος
2498 3222 2700 3291 φωνάς.
2734 3220 2919 3284 Οὕτως
2948 3223 2981 3292 ἡ
3025 3218 3255 3290 ἑϐδομὰς
3287 3218 3397 3272 τῶν
3429 3217 3748 3289 περιεχομέ-

2171 3334 2274 3369 νων
2302 3314 2380 3385 τῷ
2412 3314 2576 3367 παντὶ
2624 3312 2789 3383 πόλῳ,
2834 3314 2945 3375 τοῖς
3002 3311 3327 3381 Ἑλληνικοῖς
3366 3310 3598 3372 εἰδώλοις
3630 3310 3750 3361 ὲπι-

2173 3407 2513 3479 μερισθεῖσα,
2549 3406 2653 3471 ἔξω
2691 3405 2951 3476 μέμψεως
2980 3405 3102 3465 τοὺς
3150 3404 3287 3474 πρὸς
3326 3401 3499 3455 ταῦτα
3537 3402 3751 3455 πεπλα-

2169 3498 2435 3570 νημένους
2481 3499 2719 3568 ποιήσει,
2765 3496 2922 3567 εἴπερ
2952 3497 3015 3548 ὲκ
3056 3496 3191 3548 Θεοῦ
3238 3493 3549 3563 πιστευθείη
3591 3492 3750 3547 τοῦτο

2171 3590 2537 3661 διατετάχθαι.
2568 3588 2793 3652 Οῦτωςό
2820 3589 2956 3642 κατά
2980 3589 3070 3641 τὸν
3108 3586 3332 3657 Ὠρίωνα
3358 3588 3449 3640 καὶ
3482 3586 3751 3655 Σκορπίον

2174 3684 2340 3754 μῦθος
2378 3685 2458 3746 εἰς
2501 3680 2681 3734 πίστιν
2712 3682 2924 3748 ἄγεται,
2960 3678 3150 3732 καὶτὰ
3190 3679 3317 3749 περὶ
3357 3678 3453 3746 τῆς
3515 3677 3749 3748 Ἀργοῦς

2170 3770 2503 3840 διηγήματα,
2535 3768 2629 3821 καὶ
2653 3772 2680 3822 6
2711 3768 2940 3832 Κύκνος,
2967 3769 3062 3821 καὶ
3091 3770 3119 3821 6
3152 3768 3355 3832 Ἀετὸς,
3378 3768 3474 3821 καὶ
3504 3770 3531 3821 6
3561 3767 3749 3832 Κύων,

2172 3863 2204 3930 ἦ
2239 3879 2297 3913 τε
2337 3860 2478 3914 κατά
2504 3860 2593 3913 τὸν
2616 3860 2886 3929 Στέφανον
2937 3860 3036 3930 τῆς
3097 3860 3380 3931 Ἀριάδνης
3433 3858 3746 3930 μυθοποιία.

2173 3954 2282 4007 Καὶ
2324 3953 2418 4006 τοῦ
2466 3953 2748 4024 ζωηφόρου
2799 3952 2997 4005 κύκλου
3026 3952 3133 4004 τῶν
3159 3953 3301 4005 κατά
3331 3969 3451 4003 τινα
3483 3969 3745 4022 σχηματι-

2174 4045 2308 4114 σμὸν
2338 4043 2729 4113 ἐπινοηθέντων
2758 4045 2868 4106 τοῖς
2906 4043 3249 4113 φαινομένοις
3279 4043 3576 4111 ὀνομάτων,
3614 4042 3753 4095 Θεὸν

2174 4137 2400 4208 εὑρετὴν
2450 4136 2792 4190 ὑπονοεῖσθαι
2830 4137 3255 4207 παρασκευάσει,
3298 4136 3455 4206 εἴπερ
3499 4134 3679 4199 καλῶς
3723 4139 3755 4190 6

2176 4228 2437 4298 Εὑνόμιος
2465 4228 2633 4281 οἴεται
2666 4228 2755 4280 τὸν
2794 4228 2960 4280 Δαϐὶδ
2986 4227 3193 4294 λέγειν,
3234 4228 3315 4280 ὅτι
3353 4228 3524 4281 ταῦτα
3566 4228 3751 4290 αὑτοῖς

2176 4318 2242 4371 τὰ
2271 4319 2509 4389 ὀνόματα
2530 4320 2558 4371 6
2587 4318 2718 4383 Θεὸς
2742 4318 3066 4388 ἐπιτίθησιν.

2260 4496 2409 4548 Ἐπεὶ
2435 4490 2525 4549 οῦν
2552 4496 2750 4550 ἄτοπον
2784 4496 2892 4549 τῶν
2922 4494 3174 4549 τοιούτων
3198 4497 3477 4566 ὀνομάτων
3501 4497 3589 4549 τὸν
3615 4498 3754 4552 Θεὸν

2175 4588 2399 4659 εὑρετὴν
2434 4590 2661 4654 οἴεσθαι,
2693 4589 2767 4653 ὡς
2811 4590 2875 4643 ἂν
2923 4589 2997 4659 μὴ
3026 4591 3117 4642 καὶ
3144 4590 3211 4642 τά
3236 4589 3346 4642 τῶν
3374 4590 3605 4643 εἰδώλων
3629 4592 3753 4644 όνό·

2178 4698 2324 4751 ματα
2350 4681 2555 4735 ἐκεῖθεν
2588 4681 2684 4752 τὴν
2714 4683 2886 4752 ἀρχὴν
2924 4681 3215 4752 ἐσχηκέναι
3239 4682 3442 4752 δοκοίη,
3476 4683 3655 4745 καλῶς
3685 4683 3754 4737 ἂν

2175 4772 2286 4843 ἔχοι
2316 4771 2393 4843 μὴ
2433 4772 2803 4839 ἀνεξετάστως
2843 4772 2903 4824 τὸ
2935 4773 3097 4843 ῥηθὲν
3143 4772 3567 4843 παραδέξασθαι,
3616 4772 3757 4827 ἀλλὰ

2174 4868 2295 4923 καθ’
2320 4869 2609 4939 ὁμοιότητα
2640 4868 2747 4921 τῶν
2786 4868 2927 4921 κατὰ
2955 4868 3047 4920 τὸν
3078 4867 3307 4939 ἀριθμὸν
3335 4869 3463 4936 ἡμῖν
3500 4867 3757 4936 νενοημέ-

2173 4978 2300 5027 νων,
2352 4962 2445 5013 καὶ
2484 4960 2576 5013 τὸν
2616 4960 2673 5012 ἐν
2713 4958 2887 5030 τούτῳ
2931 4960 3054 5013 νοῦν
3102 4960 3452 5029 κατανοῆσαι.
3533 4959 3755 5031 Ἐπειδὴ

2174 5052 2283 5121 γὰρ
2315 5054 2374 5104 ὲν
2404 5053 2534 5122 ἡμῖν
2571 5050 2865 5122 μαρτύριον
2893 5052 2990 5121 τῆς
3030 5051 3289 5122 ἀκριϐοῦς
3320 5053 3433 5104 ἐστι
3475 5049 3751 5119 γνώσεως,

2172 5143 2233 5196 τὸ
2263 5142 2321 5207 ἐξ
2348 5142 2606 5211 ὀνόματος
2638 5141 2765 5211 παρ’
2797 5140 2955 5211 ήμῶν
2987 5141 3410 5217 προσκαλεζσθαι
3439 5141 3530 5193 τὸν
3556 5140 3758 5211 γνώρι-

2178 5254 2296 5307 μον,
2327 5234 2563 5287 διδάσκει
2609 5234 2695 5286 διά
2744 5233 2945 5285 τούτων
2990 5234 3137 5303 ἡμᾶς
3181 5235 3263 5285 ὅτι
3306 5233 3415 5285 τῶν
3459 5234 3591 5303 ἡμῖν
3620 5232 3758 5304 ἀλή-

2174 5345 2344 5389 πτων,
2379 5327 2439 5379 οὑ
2471 5326 2627 5397 μόνον
2669 5324 2730 5378 τὸ
2754 5324 3024 5396 πλήρωμα
3047 5324 3146 5393 τῆς
3177 5326 3232 5376 ὲν
3262 5324 3540 5394 κεφαλαίῳ
3572 5323 3757 5395 ἀθροι-

2176 5420 2405 5489 ζομένης
2430 5418 2725 5489 ποσότητος
2771 5417 3126 5487 διαλαμϐάνει
3155 5419 3220 5487 τῇ
3266 5417 3463 5486 γνώσει
3489 5419 3516 5470 6
3539 5417 3602 5469 τὸ
3641 5419 3755 5474 πᾶν

2176 5510 2464 5580 περιέχων,
2514 5509 2649 5563 ἀλλὰ
2692 5510 2783 5561 καὶ
2828 5509 2895 5561 τά
2938 5508 3057 5561 καθ’
3097 5510 3324 5561 ἕκαστον
3358 5509 3425 5562 δι’
3466 5508 3754 5578 ἀκριϐείας

2176 5602 2483 5657 ἐπίσταται.
2521 5602 2723 5655 Τούτου
2756 5603 2915 5673 χάριν
2948 5604 3009 5654 οὑ
3056 5602 3214 5671 μόνον
3248 5601 3653 5672 ἐξαριθμεῖσθαι
3684 5602 3764 5657 τά,

2177 5694 2355 5765 πλήθη
2395 5694 2745 5763 τῶνάστρων
2778 5693 2941 5746 αὑτοῦ
2984 5696 3012 5747 6
3050 5694 3205 5762 λόγος
3246 5698 3431 5763 φησὶν,
3475 5694 3611 5747 ἀλλὰ
3658 5697 3757 5748 καὶ

2177 5787 2235 5851 ἐξ
2269 5786 2528 5854 ὀνόματος
2572 5785 2797 5838 ἕκαστον
2840 5786 3252 5850 ἀποκαλεῖσθαι,
3292 5788 3428 5856 ὅπερ
3476 5785 3757 5859 σημαίνει.
