4146 6386
368 422 506 479 405³1

1492 408 1768 467 CONTRA
1812 402 2196 471 EUNOMIUM,
2239 402 2366 459 LIB.
2410 403 2521 458 XII.

3496 401 3633 457 1053

368 539 430 593 τὸ
479 538 641 609 μέχρι
672 537 779 589 τῶν
816 532 1331 604 λεπτομερεστέρων
1379 530 1590 601 διήκειν
1635 526 1802 581 αὑτοῦ
1852 526 1953 596 τὴν

2060 522 2326 591 significat
2357 521 2529 591 ipsius
2557 528 2870 575 accuratam
2905 518 3241 589 diligentiam
3268 559 3282 579 ,
3310 518 3475 573 etiam
3505 519 3633 573 sub-

367 630 675 702 ἀκρίϐειαν,
719 628 813 681 καὶ
840 626 1011 689 οὑτως
1047 623 1290 695 ἀκριϐῶς
1323 621 1706 691 ἐπιγινώσκειν
1730 618 1799 672 τὰ
1831 618 1953 671 καθ’

367 723 620 783 ἕκαστον,
655 720 729 783 ὡς
758 720 786 771 6
816 719 1099 790 ἅνθρωπος
1131 717 1221 769 τὸν
1256 715 1322 768 δι’
1355 715 1617 785 ὀνόματος
1648 710 1796 783 αὑτῴ
1824 728 1959 780 γνω-

373 809 674 881 ριζόμενον.
712 808 773 860 Ei
812 806 869 859 δέ
894 824 975 870 τις
1008 806 1155 873 λέγοι
1181 804 1344 868 ἄλλας
1382 799 1522 857 εἶναι
1559 804 1656 865 τὰς
1685 802 1835 873 παρὰ
1860 799 1954 866 τοῦ

368 902 506 957 Θεοῦ
554 905 668 965 τοῖς
716 902 935 971 ἄστροις
988 897 1339 968 ἐπικειμένας
1385 896 1587 966 φωνὰς,
1632 894 1699 958 ἃς
1742 896 1956 963 ἀγνοεῖν

369 996 538 1050 οἴεται
568 996 665 1065 τὴν
714 993 1063 1064 ἀνθρωπίνην
1110 991 1293 1062 φύσιν,
1322 992 1447 1061 περὶ
1478 986 1552 1043 ὧν
1586 988 1954 1060 ὑπολαμϐάνει

370 1088 460 1142 τὸν
493 1087 654 1139 Δαϐὶδ
688 1086 990 1156 εἰρηκέναι,
1025 1085 1215 1156 πόρῤω
1243 1084 1341 1154 τῆς
1369 1084 1627 1147 ἀληθείας
1657 1086 1686 1137 6
1720 1082 1956 1145 τοιοῦτος

371 1178 770 1232 ἀποπλανᾶται.
814 1177 879 1228 Εί
917 1178 1026 1247 γὰρ
1058 1173 1126 1246 ἦν
1156 1176 1316 1245 ἕτερα
1344 1174 1437 1226 ἐπ)⁵
1462 1174 1569 1226 τῶν
1599 1174 1813 1245 ἄστρων
1842 1171 1956 1225 ὀνό-

374 1285 539 1339 ματα,
564 1267 663 1320 οὑκ
694 1266 761 1321 ἂν
784 1267 817 1337 ή
861 1264 981 1318 θεία
1008 1263 1198 1336 Γραφὴ
1236 1262 1439 1316 τούτων
1462 1264 1695 1316 ἐποιεῖτο
1736 1261 1955 1332 μνήμην

370 1360 479 1413 τῶν
516 1361 816 1430 ὀνομάτων,
848 1358 885 1412 ἆ
928 1359 985 1410 ἐν
1012 1360 1080 1427 τῇ
1123 1358 1461 1429 καταχρήσει
1505 1356 1603 1425 τῆς
1643 1354 1956 1424 Ἑλληνικῆς

374 1448 657 1520 συνηθείας
700 1447 867 1511 ἐστίν,
929 1446 1150 1500 Ἡσαΐου
1197 1444 1297 1515 μὲν
1339 1445 1608 1514 λέγοντος,
1672 1444 1734 1496 '0
1772 1442 1958 1495 ποιῶν

372 1539 687 1606 Πλειάδας,
738 1538 834 1593 καί
889 1538 1209 1606 Ἕσπερον,
1262 1537 1362 1590 καὶ
1429 1535 1799 1605 Ἀρκτοῦρον,
1859 1532 1956 1586 καὶ

372 1631 579 1701 ταμιεῖα
620 1632 848 1685 Νότου·
902 1629 995 1683 τοῦ
1042 1629 1097 1682 δὲ
1151 1628 1272 1682 Ἰὼϐ
1312 1628 1402 1681 τὸν
1444 1627 1692 1698 Ὠρίωνα,
1723 1626 1815 1678 καὶ
1858 1625 1957 1694 τὴν

386 1722 632 1793 ’Λσηρὼθ
671 1721 1048 1792 ὀνομάζοντος.
1088 1720 1176 1786 Ὠς
1198 1722 1263 1774 ἐκ
1292 1720 1480 1773 τούτου
1514 1718 1669 1789 δῆλον
1693 1712 1851 1781 εἶναι,
1875 1716 1957 1769 ὅτι

372 1817 481 1878 τοῖς
514 1816 572 1867 ἐν
608 1814 687 1885 τῷ
720 1814 821 1886 βίῳ
860 1813 1243 1886 τετριμμένοις
1272 1813 1499 1884 ὀνόμασι
1532 1812 1668 1883 πρὸς
1704 1810 1956 1863 διδασκα-

2058 614 2240 667 tiliora
2266 622 2320 667 et
2347 613 2585 683 partium
2615 613 2931 667 tenuiorum
2966 620 3252 681 penetrare
3272 652 3286 675 ,
3321 620 3374 665 et
3401 612 3481 665 sic
3504 626 3635 664 exa-

2055 715 2141 761 ctc
2173 706 2477 777 singularia
2508 720 2843 777 cognoscere
2864 746 2877 766 .
2911 716 2968 759 ut
2996 704 3161 757 homo
3190 718 3286 772 per
3314 718 3511 757 nomen
3538 719 3632 757 vo-

2054 806 2145 853 cat
2180 813 2304 852 eum
2345 798 2441 868 qui
2478 797 2583 852 sibi
2619 804 2787 852 notus
2826 803 2910 851 est
2948 804 3003 851 et
3041 794 3352 849 familiaris.
3388 794 3544 861 Quod
3585 796 3632 849 si

2055 891 2182 960 quis
2232 891 2380 944 dicat
2427 890 2567 945 alias
2610 904 2734 945 esse
2774 903 2805 942 a
2855 888 2967 943 Deo
3010 888 3188 944 stellis
3235 888 3633 958 appellationes

2056 981 2380 1052 impositas,
2417 997 2555 1052 quas
2604 989 2758 1051 putat
2816 981 3109 1035 humanam
3163 988 3416 1034 naturam
3472 980 3632 1051 igno-

2054 1087 2215 1133 rare,
2251 1072 2318 1126 de
2358 1072 2557 1143 quibus
2587 1072 2869 1127 existimat
2902 1070 3159 1126 Davidem
3196 1070 3439 1135 dixisse,
3475 1070 3635 1138 longe

2056 1178 2085 1216 a
2123 1165 2352 1219 veritate
2385 1164 2510 1219 talis
2544 1164 2780 1218 aberrat.
2820 1163 2877 1216 Si
2913 1164 3058 1218 enim
3096 1163 3202 1217 alia
3233 1170 3423 1217 essent
3458 1161 3635 1216 stellis

2057 1256 2228 1309 indita
2289 1257 2545 1321 nomina,
2604 1254 2788 1309 divina
2850 1252 3137 1324 Scriptura
3197 1254 3393 1306 horum
3446 1253 3636 1322 utique

2057 1349 2390 1402 mentionem
2428 1348 2710 1402 nominum
2758 1362 2867 1400 non
2905 1345 3156 1410 fecisset,
3206 1361 3328 1414 quae
3362 1346 3417 1399 in
3455 1346 3632 1399 abusu

2057 1443 2257 1498 Grmcaa
2292 1454 2420 1499 sunt
2449 1440 2906 1501 consuetudinis.
2942 1440 3083 1494 Isaia
3116 1440 3333 1494 dicente
3365 1458 3378 1493 :
3414 1439 3518 1505 Qui
3547 1439 3634 1507 fa-

2057 1537 2128 1589 cit
2164 1535 2417 1589 Pleiadas
2441 1575 2453 1594 .
2489 1544 2537 1588 et
2579 1533 2865 1602 Vesperum
2893 1573 2906 1594 ,
2939 1542 2987 1585 et
3018 1532 3309 1583 Arcturum
3332 1568 3346 1595 ,
3379 1540 3428 1584 et
3461 1547 3635 1595 prom-

2056 1631 2271 1698 ptuaria
2303 1628 2517 1693 Noti“,
2550 1627 2653 1681 Job
2683 1642 2879 1696 nempe
2904 1624 3161 1680 Orionem
3195 1632 3249 1678 et
3278 1623 3511 1677 Aseroth
3546 1638 3639 1675 no-

2059 1722 2303 1775 minante
2333 1739 2347 1787 ;
2377 1722 2448 1774 ita
2496 1728 2553 1774 ut
2606 1736 2670 1775 ex
2718 1720 2820 1774 hoc
2862 1719 2932 1774 sit
2969 1718 3352 1787 perspicuum,
3395 1715 3540 1785 quod
3580 1716 3635 1769 in

2061 1815 2170 1869 vita
2202 1813 2347 1867 tritis
2375 1812 2689 1867 nominibus
2717 1811 2782 1865 ad
2814 1819 3059 1865 nostram
3092 1808 3396 1862 doctrinam
3427 1823 3525 1862 usa
3553 1816 3639 1861 est

371 1906 492 1960 λίαν
539 1880 1177 1978 ήμῶν-συγκέχρηταιὴ
1229 1880 1623 1976 θεία-Γραφή·
1664 1901 1806 1956 οὕτω
1864 1901 1958 1955 καὶ

2060 1905 2242 1958 divina
2282 1903 2607 1974 Scriptura:
2644 1905 2725 1959 sic
2759 1913 2813 1958 et
2847 1903 3149 1956 Amalthea:
3189 1916 3359 1953 contu
3384 1942 3398 1965 ,
3445 1900 3500 1953 in
3534 1896 3639 1953 Job

384 1997 705 2069 Ἀμαλθείας
734 1999 903 2070 κέρας
932 2000 989 2050 ἐν
1017 1998 1095 2069 τῷ
1133 1996 1252 2051 Ἰὼϐ
1281 1996 1619 2067 ἀκηκόαμεν,
1664 1995 1759 2048 καὶ
1806 1992 1957 2065 παρά

370 2089 449 2159 τῷ
512 2088 711 2159 Ἡσαΐᾳ
755 2090 1049 2159 Σειρῆναςο
1108 2087 1202 2141 τοῦ
1256 2088 1356 2158 μὲν
1403 2087 1464 2140 τὸ
1514 2087 1801 2157 πάμφορον
1847 2085 1958 2139 τῶν

371 2179 591 2250 ἀγαθῶν
626 2182 690 2233 ἐκ
718 2180 818 2250 τῆς
865 2179 1185 2252 Ἑλληνικῆς
1212 2179 1468 2244 ὑπονοίας
1495 2178 1636 2232 οὑτω
1663 2178 1958 2250 κατονομά⁸

372 2271 590 2336 ζοντοςο
652 2272 873 2325 Ἡσαΐου
922 2272 979 2325 δὲ
1022 2271 1120 2343 τὴν
1166 2271 1225 2336 ἐξ
1266 2273 1432 2343 ἀκοῆς
1487 2271 1679 2342 ἡδονὴν
1722 2270 1800 2343 τῷ
1849 2271 1959 2323 τῶν

372 2364 646 2435 Σειρήνων
698 2363 1135 2436 παραδηλοῦντος
1186 2363 1695 2437 ὀνόματαοὮσπερ
1738 2360 1831 2418 οῦν
1874 2366 1959 2418 ἐν·

371 2451 545 2506 ταῦθα
568 2455 681 2517 τοῖς
710 2455 775 2507 ἐκ
813 2453 922 2507 τῶν
957 2452 1204 2525 μυθικῶν
1246 2453 1599 2527 διηγημάτων
1636 2455 1893 2525 ὀνόμασιν
1930 2455 1959 2507 6

374 2545 729 2609 θεόπνευστος
752 2547 1123 2617 συνεχρήσατο
1150 2547 1325 2615 λόγος,
1356 2547 1490 2618 πρὸς
1512 2546 1572 2600 τὸ
1597 2546 1705 2601 τῶν
1734 2548 1959 2601 ἀκουόν-

369 2655 479 2691 των
520 2639 789 2708 χρήσιμον
847 2636 1098 2708 βλέπων·
1162 2638 1303 2691 οῦτω
1365 2640 1527 2692 κάκεῖ
1584 2638 1683 2701 τάς
1733 2639 1800 2691 ἐκ
1859 2639 1960 2710 τῆς

371 2728 719 2803 ἀνθρωπίνης
748 2731 989 2794 ἐπινοίας
1025 2733 1139 2795 τοῖς
1167 2730 1387 2803 ἄστροις
1430 2730 1815 2802 ἐπικληθεῖσας
1844 2748 1958 2801 φω-

374 2822 472 2885 νὰς
520 2817 672 2875 εἶπεν
722 2824 1165 2890 ὰνεπαισχυντως
1225 2825 1254 2875 6
1316 2823 1503 2891 λόγος,
1557 2823 1824 2876 διδάσκων
1876 2824 1959 2877 ὅτι

382 2915 492 2967 πᾶν
532 2916 765 2985 πρᾶγμα
812 2914 971 2986 παρά
1006 2917 1118 2977 τοῖς
1171 2912 1476 2985 ἀνθρώποις
1538 2914 1957 2985 ὀνομαζόμενον,

372 3004 440 3057 ἐκ
494 3003 628 3057 Θεοῦ
669 3006 768 3076 τὴν
814 3004 1047 3076 ὓπαρξιν
1098 3004 1243 3076 ἔχει,
1304 3004 1366 3059 τὸ
1420 3007 1653 3075 πρᾶγμα
1715 3006 1836 3075 οὐχὶ
1897 3005 1959 3058 τὸ

371 3094 562 3165 ὖνομα.
611 3095 684 3147 Οὑ
738 3094 845 3166 γὰρ
883 3097 912 3148 6
953 3095 1253 3166 ὀνομάζων,
1305 3095 1419 3149 ἀλλ’
1477 3095 1530 3148 '0
1570 3093 1774 3161 ποιῶν,
1802 3097 1955 3165 φησι,

2061 2000 2407 2064 audivimus;
2443 2007 2497 2052 et
2530 1997 2673 2068 apud
2710 1996 2903 2052 Isaiam
2939 1994 3200 2049 Sirenes:
3247 1994 3341 2047 illo
3372 1991 3635 2064 quidem,

2060 2107 2255 2161 nempe
2282 2088 2420 2153 Job,
2458 2090 2721 2144 bonorum
2760 2103 2976 2143 omnem
3028 2086 3358 2141 afﬂuentiam
3389 2101 3454 2140 ex
3490 2084 3639 2138 Cra:-

2060 2184 2251 2237 canica
2280 2182 2537 2253 opinione
2569 2182 2650 2236 sic
2677 2180 3067 2235 denominante
3094 2196 3108 2247 ;
3141 2178 3283 2233 Isaia
3316 2193 3448 2233 vero
3477 2178 3637 2230 volu-

2060 2283 2263 2345 ptatem
2307 2290 2373 2328 ex
2420 2273 2609 2327 auditu
2656 2280 2967 2342 perceptam
3002 2268 3258 2325 Sirenum
3294 2271 3516 2323 nomine
3546 2268 3638 2321 de-

2058 2367 2323 2421 clarante.
2356 2364 2825 2432 Quemadmodum
2852 2364 3020 2433 igitur
3045 2362 3358 2417 nominibus
3385 2378 3451 2416 ex
3480 2361 3637 2415 fabu-

2057 2458 2191 2515 losis
2233 2457 2639 2512 narrationibus
2673 2471 2855 2511 sermo
2886 2456 3147 2510 divinitus
3180 2454 3487 2524 inspiratus
3520 2454 3635 2508 illic

2062 2565 2199 2606 usus
2227 2557 2339 2616 est,
2372 2550 2437 2603 ad
2474 2547 2815 2603 audientium
2864 2548 3157 2602 utilitatem
3208 2555 3504 2617 spectans:
3554 2547 3636 2600 sic

2058 2646 2221 2699 etiam
2254 2643 2343 2697 hic
2370 2658 2435 2698 ex
2467 2642 2704 2696 humana
2735 2639 3197 2695 commentatione
3240 2639 3415 2694 stellis
3461 2639 3636 2708 impo-

2059 2737 2194 2791 sitas
2227 2734 2623 2805 appellationes
2675 2733 2813 2787 dixit
2871 2730 3243 2786 inverecunde
3290 2744 3509 2797 sermo.
3535 2728 3636 2784 do-

2058 2845 2190 2884 cens
2218 2843 2331 2882 rem
2360 2841 2575 2882 omnem
2600 2866 2614 2890 ,
2651 2839 2772 2895 qua:
2803 2823 2873 2879 ab
2921 2823 3239 2878 [nominibus
3291 2823 3633 2883 nominatur.

2059 2936 2089 2974 a
2122 2921 2231 2975 Deo
2276 2918 2654 2973 exsistentiam
2702 2917 2905 2970 habere
2926 2958 2940 2981 ,
2972 2930 3168 2985 nempe
3199 2930 3312 2969 rem
3338 2954 3352 2977 ,
3391 2931 3502 2968 non
3530 2928 3631 2968 no-

2059 3028 2205 3066 men.
2238 3010 2353 3064 Non
2386 3010 2530 3063 enim
2562 3008 2715 3073 dicit,
2749 3007 2843 3078 qui
2876 3006 3160 3070 nominat,
3211 3006 3331 3071 sed,
3364 3006 3469 3073 Qui
3503 3006 3635 3075 facit

2062 3103 2319 3168 Pleiada,
2352 3111 2401 3155 et
2436 3100 2721 3169 Vesperum
2750 3140 2766 3167 ,
2820 3108 2870 3153 et
2920 3096 3219 3151 Arcmrum.
3268 3096 3633 3162 Quamobrem

372 3184 653 3251 Πλειάδα,
692 3187 796 3239 καί
827 3187 1154 3256 Ἕσπερον,
1197 3187 1295 3242 καὶ
1335 3189 1713 3257 Ἀρκτοῦρον.
1751 3188 1958 3242 Οὐκοῦν

2064 3194 2279 3249 abunde
2312 3210 2406 3265 per
2432 3194 2576 3247 dicta
2615 3202 2668 3248 et
2712 3190 2969 3246 Davidem
3012 3197 3217 3245 nostra:
3260 3188 3508 3259 Opinioni
3555 3188 3637 3243 fa-

375 3278 576 3342 ίκανῶς
606 3274 762 3350 οἶμαι
784 3279 874 3334 διὰ
903 3280 1013 3333 τῶν
1059 3280 1361 3351 εἰρημένων
1389 3280 1483 3333 καὶ
1526 3279 1617 3334 τὸν
1660 3279 1827 3334 Δαϐὶδ
1857 3279 1956 3350 τῆς

373 3370 644 3443 ὑμετέρας
676 3371 995 3442 ὑπολήψεως
1039 3372 1326 3443 σύμμαχον
1356 3372 1754 3441 ἀποδεδεῖχθαι,
1804 3373 1866 3426 οὐ
1896 3373 1957 3427 τὸ

374 3461 765 3533 κατονομάζειν
792 3463 883 3517 τὸν
909 3463 1041 3517 Θεὸν
1066 3464 1137 3517 τὰ
1179 3464 1355 3534 ἄστρα
1378 3464 1468 3518 διὰ
1493 3464 1594 3535 τῆς
1622 3464 1958 3535 προφητείας

372 3554 715 3621 διδάσκοντα,
740 3555 877 3609 ἀλλά
899 3556 959 3609 τὸ
985 3556 1226 3627 ἀκριϐῶς
1247 3555 1536 3625 γινώσκειν
1561 3558 1704 3610 κατὰ
1730 3556 1827 3629 τὴν
1848 3557 1957 3611 τῶν

374 3646 679 3718 ἀνθρώπων
710 3648 998 3720 συνήθειαν
1026 3649 1134 3701 τῶν
1165 3649 1404 3713 ἐκείνους
1436 3647 1669 3718 μάλιστα
1701 3648 1768 3702 δι’
1797 3649 1958 3719 ἀκρι-

376 3737 529 3803 ϐείας
560 3740 962 3811 ἐπισταμένων,
988 3739 1082 3803 οὒς
1106 3740 1201 3795 καὶ
1231 3740 1493 3811 ὀνομαστὶ
1532 3738 1958 3809 προσκαλεῖσθαι

375 3832 462 3885 διὰ
493 3833 690 3903 πολλὴν
733 3833 1020 3902 συνήθειαν
1046 3832 1319 3885 δύνανται.

449 3925 510 3977 Ei
542 3925 597 3977 δὲ
622 3924 727 3995 χρὴ
762 3926 855 3977 καὶ
889 3924 987 3997 τὴν
1018 3923 1171 3994 παρὰ
1211 3922 1320 3976 τῶν
1358 3922 1566 3976 πολλῶν
1592 3924 1686 3975 ἐπὶ¹
1723 3926 1834 3987 τοῖς
1870 3925 1959 3995 ρη-

376 4018 488 4079 τοῖς
515 4017 723 4080 τούτοις
747 4017 845 4087 τῆς
886 4016 1204 4087 ψαλμῳδίας
1237 4015 1491 4070 ἐκθέσθαι
1530 4016 1788 4081 διάνοιαν,
1822 4015 1958 4069 πολὺ

381 4108 579 4178 μᾶλλον
600 4108 1063 4179 ἀπελεγχθήσεται
1091 4108 1152 4161 τὸ
1177 4107 1404 4179 μάταιον
1421 4111 1519 4180 τῆς
1541 4110 1803 4180 Εὑνομίου
1832 4110 1960 4180 περὶ

376 4197 580 4251 τούτων
610 4200 856 4271 οἰήσεως.
891 4199 1124 4267 Λέγουσι
1165 4199 1273 4271 γάρ
1300 4201 1349 4252 οἱ
1406 4200 1823 4271 ἐπιμελέστερον
1872 4198 1960 4263 ἐξ·

377 4290 642 4353 ητακότες
688 4290 778 4343 τὸν
811 4290 935 4343 νοῦν
978 4291 1078 4359 τῆς
1115 4290 1472 4343 θεοπνεύστου
1501 4291 1723 4364 Γραφῆς
1768 4292 1848 4344 ὅτι
1898 4292 1958 4343 οὑ

379 4380 557 4432 πάντα
588 4380 656 4433 τὰ
689 4381 819 4434 ὄντα
850 4382 948 4452 τῆς
989 4381 1139 4444 θείας
1172 4382 1318 4434 ἐστὶν
1357 4380 1769 4453 ἐξαριθμήσεως
1796 4381 1921 4446 ἄξια
1942 4395 1957 4412 ⁸

378 4470 436 4523 ἐν
479 4488 537 4524 τε
584 4472 693 4543 γάρ
739 4474 851 4536 τοῖς
898 4472 1272 4541 εὑαγγελικοῖς
1317 4472 1508 4537 σιτίοις
1554 4475 1667 4535 τοῖς
1712 4474 1959 4542 γεγονόσι

2060 3303 2186 3343 vere
2216 3288 2411 3357 opinor
2453 3300 2577 3341 esse
2625 3284 3061 3338 demonstratum
3094 3283 3378 3336 docentem
3414 3296 3509 3350 per
3539 3295 3635 3333 va-

2058 3380 2308 3437 ticinium
2348 3378 2517 3433 Deum
2551 3391 2664 3432 non
2713 3376 2901 3431 stellas
2932 3374 3251 3448 nominare,
3299 3372 3396 3428 sed
3444 3382 3640 3428 exacte

2059 3487 2393 3544 cognoscere
2447 3469 2753 3524 secundum
2809 3466 3093 3520 hominum
3141 3464 3634 3528 consuetudinem,

2061 3566 2152 3637 qui
2186 3566 2284 3619 hos
2312 3562 2546 3617 maxime
2573 3570 2627 3616 et
2650 3558 2888 3630 perfecte
2921 3568 3143 3621 norunt,
3171 3572 3310 3627 quos
3341 3556 3505 3611 etiam
3536 3571 3637 3610 no-

2062 3660 2310 3714 minatim
2360 3667 2580 3727 propter
2607 3655 2834 3708 multam
2872 3651 3327 3708 consuetudinem
3360 3650 3641 3721 appellare

2048 3749 2290 3815 [‘Ossuut

2133 3928 2288 3995 Quod
2320 3928 2365 3982 si
2399 3933 2613 3996 oportet
2642 3925 2806 3978 etiam
2842 3924 2895 3977 in
2929 3923 3017 3978 his
3045 3921 3209 3977 dictis
3237 3920 3401 3990 hujus
3436 3919 3641 3974 cantici

2063 4037 2094 4075 a
2149 4021 2335 4075 multis
2388 4019 2640 4072 traditam
2700 4016 3027 4071 sententiam
3079 4014 3411 4085 explanare,
3466 4013 3641 4066 multo

2063 4113 2238 4183 magis
2269 4113 2481 4167 vanitas
2513 4108 2790 4179 opinionis
2813 4150 2828 4173 ,
2884 4123 3047 4177 quam
3094 4106 3162 4161 de
3208 4106 3294 4160 bis
3329 4105 3493 4159 habet
3525 4104 3639 4158 Eu-

2062 4204 2316 4265 nomius,
2353 4201 2656 4257 refelletur.
2694 4198 2828 4253 Nam
2860 4199 2952 4268 qui
2983 4198 3303 4267 diligentius
3338 4197 3642 4268 Scriptura:

2062 4294 2329 4350 divinitus
2375 4291 2658 4363 inspirata:
2703 4298 2941 4346 mentem
2982 4290 3399 4361 exquisiverunt
3447 4290 3641 4344 dicunt

2062 4389 2210 4461 quod
2243 4404 2352 4443 non
2383 4388 2568 4441 omnia
2595 4400 2716 4456 quae
2744 4393 2873 4441 sunt
2894 4384 3079 4439 divina
3104 4384 3486 4440 uumeratione
3511 4393 3642 4439 sunt

2063 4482 2228 4554 digna
2256 4500 2268 4533 :
2300 4481 2345 4535 si
2375 4479 2593 4550 quidem
2621 4479 2674 4532 in
2703 4476 3036 4548 evangelicis
3059 4476 3428 4531 cibationibus
3460 4477 3513 4531 in
3541 4475 3642 4531 de-

378 4563 520 4616 κατά
548 4563 645 4633 τὴν
688 4562 913 4635 ἔρημον,
949 4562 1070 4616 οὔτε
1122 4564 1184 4617 τὸ
1222 4565 1512 4636 νηπιῶδες,
1541 4563 1664 4617 οὔτε
1691 4565 1753 4617 τὸ
1778 4583 1958 4633 γυναι-

2066 4581 2213 4630 serto
2246 4573 2405 4627 factis
2426 4614 2440 4639 ,
2474 4586 2654 4641 neque
2685 4571 2911 4641 puerilis
2944 4577 3113 4633 aetas,
3146 4584 3325 4638 neque
3359 4569 3640 4624 muliebris

379 4657 525 4708 κεῖον
557 4654 790 4726 ἀριθμοῦ
824 4656 971 4721 ἄξιον
1005 4656 1265 4729 ἐνομίσθη
1290 4673 1304 4689 ⁸
1342 4656 1439 4710 καὶ¹
1470 4656 1529 4709 ἐν
1560 4660 1628 4729 τῇ
1669 4656 1832 4728 ἐξόδῳ
1868 4656 1960 4709 τοῦ

393 4747 721 4817 Ἰσραηλίτου
774 4747 903 4802 λαοῦ
950 4750 1098 4819 μόνοι
1138 4748 1215 4820 τῷ
1258 4748 1477 4821 ἀριθμῷ
1512 4750 1883 4824 κατελέγησαν
1914 4752 1962 4805 οί

380 4836 479 4907 ἤδη
515 4838 654 4890 κατὰ
686 4836 793 4890 τῶν
843 4838 1051 4909 ἐχθρῶν
1100 4840 1241 4895 ὅπλα
1292 4841 1477 4912 φέρειν
1523 4843 1617 4895 καὶ
1659 4841 1964 4913 ἀριστεύειν

380 4925 685 4996 δυνάμενοι.
734 4925 869 4979 Οὑτε
914 4928 1023 4998 γὰρ
1076 4927 1293 4982 πάντων
1343 4931 1412 4984 τά
1460 4930 1696 5001 ὀνόματα
1742 4930 1967 4985 τοιαῦτά

381 5017 549 5081 ἐστιν,
584 5019 659 5081 ὡς
682 5018 769 5072 διὰ
793 5019 885 5071 τοῦ
917 5018 1061 5072 θείου
1103 5021 1365 5092 στόματος
1397 5022 1677 5094 φέρεσθαι,
1700 5024 1815 5077 ἀλλ’
1842 5026 1964 5094 ἀρι-

384 5108 600 5179 θμεῖται
636 5112 734 5182 μὲν
778 5112 833 5166 εῐ
867 5132 921 5167 τι
959 5114 1123 5168 καλόν
1161 5132 1221 5168 τε
1263 5115 1359 5170 καὶ
1396 5115 1675 5188 οὐράνιον·
1717 5117 1746 5171 6
1784 5116 1872 5171 διὰ
1904 5116 1965 5170 τὸ

386 5200 517 5271 ὕψος
543 5204 643 5273 τῆς
670 5205 941 5270 πολιτείας
979 5207 1176 5278 ἀμιγὲς
1210 5209 1366 5279 μένον
1394 5209 1493 5279 τῆς
1524 5209 1660 5281 πρὸς
1685 5210 1776 5264 τὸν
1804 5209 1965 5280 ζόφον

385 5294 683 5365 ἐπιμιξίας,
720 5299 919 5370 ἄστρον
946 5299 1160 5369 λέγεται
1189 5315 1202 5329 ⁸
1247 5301 1570 5371 ὀνομάζεται
1601 5303 1659 5355 δὲ
1692 5304 1744 5355 εί
1765 5320 1817 5355 τι
1846 5306 1964 5356 κατ’

385 5387 545 5439 αὑτὸν
590 5388 679 5441 τὸν
722 5389 877 5459 λόγον
908 5391 999 5444 τοῦ
1028 5394 1369 5464 ἐγγραφῆναι
1395 5396 1513 5457 ταῖς
1551 5394 1721 5458 θείαις
1759 5395 1961 5460 δέλτοις

386 5476 533 5541 ἄξιον
574 5480 799 5547 γίνεται.
850 5483 985 5554 Περὶ
1017 5483 1123 5552 γὰρ
1154 5484 1262 5537 τῶν
1293 5486 1621 5539 ὑπεναντίων
1663 5490 1847 5556 φησὶν,
1881 5490 1959 5541 ὅτι

391 5569 473 5621 Οὐ
494 5568 579 5638 μὴ
606 5572 857 5638 μνησθῶ
888 5572 1005 5627 τῶν
1024 5574 1328 5643 ὀνομάτων
1362 5574 1559 5629 αὐτῶν
1586 5574 1682 5629 διὰ
1715 5577 1963 5645 χειλέων

382 5675 522 5728 μου.
557 5660 820 5731 Ὀνόματα
838 5663 916 5729 δὲ,
939 5661 1024 5717 οἷα
1043 5666 1152 5727 τοῖς
1170 5663 1428 5728 τοιούτοις
1448 5666 1722 5722 ἐπιϐάλλει
1746 5668 1962 5741 ἄστροις

460 5835 506 5868 ⁸³
527 5836 631 5892 Isa.
661 5854 778 5906 xm,
811 5841 899 5895 62.
1009 5844 1054 5875 ⁸³
1093 5842 1237 5900 Psal.
1276 5863 1363 5913 xv,
1390 5846 1443 5901 4.

2058 4679 2223 4719 sexus
2254 4678 2483 4717 numero
2508 4662 2671 4732 digna
2697 4662 3010 4716 existimata
3038 4668 3208 4716 sunt:
3241 4667 3294 4714 et
3325 4660 3379 4712 in
3410 4675 3641 4730 egressu

2061 4752 2245 4823 populi
2275 4752 2555 4806 lsraelitici
2591 4752 2694 4805 soli
2723 4765 2956 4805 numero
2988 4750 3204 4804 collecti
3238 4761 3365 4805 sunt
3400 4750 3492 4819 qui
3526 4749 3640 4819 jam

2060 4852 2250 4899 contra
2282 4843 2466 4899 hostes
2493 4858 2642 4896 arma
2672 4842 2812 4897 ferre
2843 4852 2896 4896 et
2932 4840 3230 4897 fortissime
3260 4856 3503 4910 pugnare
3537 4857 3641 4910 pn-

2062 4944 2264 4991 terant.
2300 4934 2489 5005 Neque
2522 4934 2666 4988 cnim
2702 4932 2949 4987 omnium
2988 4932 3209 4987 nomina
3242 4932 3371 4985 talia
3404 4941 3534 4987 sunt
3582 4940 3645 4986 ut

2062 5042 2159 5082 ore
2188 5025 2375 5081 divino
2408 5023 2723 5087 efferantur,
2756 5022 2853 5077 sed
2900 5028 3225 5076 numeratur
3267 5020 3313 5076 si
3348 5020 3482 5093 quid
3521 5022 3643 5091 pul-

2064 5120 2257 5174 chrum
2285 5126 2341 5172 et
2366 5116 2592 5171 caeleste
2618 5133 2633 5170 :
2665 5114 2810 5185 quod
2844 5121 3064 5184 propter
3088 5112 3431 5167 altitudinem
3461 5121 3643 5169 status

2065 5211 2182 5267 sive
2229 5207 2644 5280 gubernationis
2689 5206 2757 5261 ab
2800 5206 2949 5261 omni
2992 5205 3275 5260 consortio
3307 5205 3559 5276 caliginis
3588 5215 3643 5262 et

2067 5302 2433 5359 obscuritatis
2463 5301 2743 5357 sincerum
2775 5298 3192 5369 immistumque
3222 5309 3406 5356 manet
3432 5340 3445 5365 ,
3480 5300 3639 5355 stella

2066 5397 2309 5460 dicitur;
2345 5394 2659 5448 nominatur
2701 5399 2883 5446 autem
2924 5392 2971 5446 si
3016 5390 3148 5461 quid
3189 5391 3382 5447 eadem
3428 5391 3643 5445 ratione

2069 5494 2124 5545 in
2156 5487 2357 5544 divinis
2386 5485 2566 5540 Libris
2593 5484 2799 5554 scriptu
2830 5483 3049 5553 dignum
3082 5483 3376 5538 invenitur.
3404 5482 3539 5537 Nam
3572 5483 3640 5538 de

2069 5579 2400 5636 adversariis
2423 5578 2497 5632 ait
2526 5577 2703 5648 quod,
2733 5574 2856 5629 Non
2888 5578 3170 5633 meminero
3198 5579 3467 5631 nominum
3500 5578 3641 5644 ipsa-

2075 5690 2190 5727 rum
2222 5687 2314 5741 per
2342 5670 2485 5725 labia
2516 5686 2631 5724 mea
2659 5668 2726 5724 ⁸⁸.
2752 5666 2983 5725 Nomina
3015 5677 3194 5726 autem
3227 5668 3412 5740 qualia
3440 5668 3641 5725 talibus
