4146 6386
455 390 482 446 l
491 393 594 450 059

1689 383 1748 438 S.
1773 382 2106 440 GREGORII
2137 383 2431 442 NYSSENI

3571 386 3710 442 1060

454 500 688 572 imponit
717 498 893 554 stellis
929 495 1192 550 Dominus
1216 533 1230 556 ,
1268 491 1565 547 manifeste
1599 507 1662 546 ex
1693 492 1851 548 Isaia:
1881 494 2020 547 vati--

2134 498 2151 548 5
2177 496 2398 568 Κύριος,
2429 497 2613 566 σαφῶς
2655 495 2803 568 παρά
2829 496 2926 566 τῆς
2963 495 3180 548 ’11σαῖου
3215 497 3547 567 προφητείας
3571 502 3710 570 ἐμά·

454 597 603 651 cinio
661 592 990 654 didicimus,
1044 587 1189 656 quod
1236 587 1370 640 dicit
1415 602 1429 639 :
1485 583 1675 639 Vocavi
1715 596 1762 640 te
1822 587 2028 639 nomine

454 699 544 740 tuo
573 727 588 752 ,
625 702 768 738 meus
797 701 851 738 es
885 692 941 735 tu
975 681 1040 734 ⁸⁸.
1079 679 1260 746 Quare
1293 678 1338 732 si
1373 677 1499 747 quis
1533 679 1774 747 seipsum
1812 694 2029 747 posses—

453 780 663 833 sionem
697 776 790 831 Dei
836 774 1003 836 facit,
1037 771 1165 825 huic
1198 786 1397 824 nomen
1445 785 1583 839 opus
1632 769 1886 824 ellicitur.
1922 769 2027 824 Sed

453 871 571 924 haec
601 867 822 938 quidem
861 867 1132 927 habeant,
1175 861 1452 932 quomodo
1498 862 1700 916 habere
1744 863 2029 916 videantur

453 960 782 1031 legentibus.
840 956 994 1023 Quod
1054 964 1236 1007 autem
1300 952 1488 1022 adjicit
1543 954 1743 1018 dictis,
1801 952 2028 1006 exordia

453 1052 640 1106 mundi
671 1049 965 1104 creationis
1004 1046 1194 1101 testari
1236 1061 1265 1099 a
1305 1045 1415 1099 Deo
1455 1044 1619 1098 rebus
1648 1059 1810 1098 voces
1854 1044 2029 1112 impo-

452 1143 587 1198 sitas
647 1140 859 1202 fuisse,
919 1153 1153 1207 quorum
1212 1136 1432 1206 quidem
1491 1137 1548 1190 in
1602 1137 2032 1206 praecedentibus

451 1234 669 1290 abunde
705 1233 839 1288 satis
876 1231 1312 1286 examinaterum
1348 1243 1806 1298 supervacaneam
1845 1228 2032 1297 judico

451 1327 836 1397 repetitionem
857 1365 873 1390 ,
902 1332 956 1376 et
989 1321 1184 1375 Adami
1210 1336 1399 1376 vocem
1429 1335 1591 1391 quam
1630 1321 1944 1389 prophetice
1979 1321 2033 1374 in

450 1419 729 1473 Christum
762 1423 815 1471 et
840 1414 1138 1468 Ecclesiam
1167 1412 1362 1466 factam
1387 1411 1516 1466 dicit
1537 1411 1920 1480 Apostolus”,
1952 1412 2034 1465 in-

451 1517 785 1579 terpretetur
815 1523 914 1576 pro
942 1506 1172 1559 arbitrio
1206 1505 1295 1558 hic
1323 1504 1468 1558 sicut
1498 1505 1630 1556 vult.
1663 1503 1856 1558 Nullus
1888 1505 2033 1558 enim

450 1603 526 1656 ita
562 1601 795 1657 stolidus
828 1608 881 1654 et
911 1598 1092 1652 fatuus
1119 1637 1132 1658 ,
1168 1604 1227 1648 ut
1256 1611 1379 1650 cum
1411 1594 1614 1650 Paulus
1646 1595 2032 1665 mysteriorum

449 1693 669 1748 occulta
701 1693 756 1745 in
785 1691 986 1743 virtute
1022 1688 1262 1756 Spiritus
1304 1686 1465 1739 nobis
1513 1686 1871 1751 revelavcrit,
1918 1685 2028 1737 Eu—

449 1785 694 1839 nomium
733 1780 1043 1835 divinorum
1081 1779 1432 1847 interpretem
1472 1775 1575 1831 fide
1609 1776 1912 1845 diguionem
1950 1775 2029 1828 fa-

2129 587 2312 657 θομεν,
2354 588 2389 658 ἥ
2433 605 2615 658 φησιν·
2653 585 2952 641 Ἐκάλεσιὶ
2989 603 3062 640 σε
3107 586 3174 639 τὸ
3202 587 3387 656 ὄνομά
3411 604 3546 650 σου,
3573 591 3713 659 ἐμὸς

2128 675 2185 731 εἷ
2209 679 2312 732 σύ.
2362 679 2525 730 Ὥστε
2561 677 2615 730 εἴ
2658 696 2743 740 τις
2776 677 2966 730 ἑαυτὸν
3011 677 3198 747 κτῆμα
3242 681 3386 730 ποιεῖ
3417 679 3510 731 τοῦ
3554 679 3710 746 Θεοῦ,

2129 772 2296 842 ὄνομα
2314 771 2485 839 τούτῳ
2513 769 2573 822 τὸ
2601 769 2760 840 ἔργον
2789 769 3012 838 γίνεται.
3053 768 3213 821 Ἀλλά
3231 768 3404 822 ταῦτα
3426 769 3523 839 μὲν
3544 771 3713 840 ἐχέτω

2129 865 2274 928 ὅπως
2296 865 2360 917 ἂν
2390 863 2531 933 ἔχειν
2550 863 2675 932 δόξῃ
2709 865 2821 924 τοῖς
2851 862 3286 931 ἐντυγχάνουσιν.
3323 862 3386 913 Ὃ
3413 861 3467 914 δὲ
3494 863 3713 932 προστί-

2131 954 2254 1024 θησι
2287 957 2395 1016 τοῖς
2425 951 2753 1022 εἰρημένοις,
2785 951 2852 1003 τὰ
2881 949 3071 1020 πρῶτα
3098 949 3197 1020 τῆς
3220 951 3606 1019 κοσμογενείας
3632 953 3714 1014 είς

2135 1047 2437 1117 μαρτυρίαν
2480 1046 2571 1098 τοῦ
2618 1046 2768 1115 παρὰ
2798 1045 2890 1098 τοῦ
2932 1046 3066 1098 Θεοῦ
3115 1049 3226 1108 τοῖς
3259 1041 3376 1098 οὖσι
3408 1047 3506 1108 τὰς
3532 1045 3714 1114 φωνὰς

2131 1138 2378 1191 κεῖσθαι·
2418 1131 2600 1209 ὧνπερ
2630 1140 2686 1191 ἐν
2715 1141 2824 1201 τοῖς
2857 1138 3082 1190 κατόπιν
3107 1137 3488 1207 ὲξητασμένων
3516 1139 3716 1202 ἱκανῶς

2133 1229 2389 1301 περιττὴν
2418 1228 2587 1299 κρίνω
2614 1227 2711 1300 τὴν
2753 1227 3114 1298 ἐπανάληψιν,
3144 1227 3237 1278 καὶ
3269 1227 3368 1296 τὴν
3405 1225 3499 1279 τοῦ
3542 1226 3714 1295 Ἀδὰμ

2136 1320 2338 1390 φωνὴν,
2385 1321 2452 1389 ἣν
2513 1318 2866 1390 προφητικῶς
2909 1321 2984 1382 είς
3030 1318 3262 1388 Χριστὸν
3303 1319 3398 1370 καὶ
3437 1318 3533 1389 τὴν
3584 1319 3712 1372 Ἐκ-

2134 1413 2361 1482 κλησίαν
2387 1412 2710 1482 γεγενῆσθαί
2737 1429 2900 1482 φησιν
2927 1415 2955 1464 ὁ
2995 1411 3333 1474 Ἀπόστολος,
3360 1411 3711 1481 ὲρμηνευέτω

2135 1506 2255 1558 κατ’
2289 1504 2536 1568 ἐξουσίαν
2580 1497 2733 1567 οὗτος
2765 1503 2839 1567 ὡς
2873 1502 3139 1573 βούλεται.
3178 1502 3363 1564 Οὐδεὶς
3406 1502 3514 1573 γὰρ
3541 1502 3714 1567 οὕτως

2134 1597 2361 1665 ἠλίθιος,
2408 1597 2482 1660 ὡς
2532 1596 2741 1649 Παύλου
2785 1596 2854 1648 τὰ
2881 1597 3238 1668 κεκρυμμένα
3263 1597 3373 1650 τῶν
3400 1596 3714 1666 μυστηρίων

2134 1690 2191 1741 ὲν
2223 1692 2288 1759 τῇ
2322 1689 2547 1759 δυνάμει
2585 1689 2677 1742 τοῦ
2717 1688 3030 1759 Πνεύματος
3078 1691 3209 1760 ἡμῖν
3256 1691 3709 1752 ἐκκαλύπτοντος,

2134 1778 2570 1850 ἀξιοπιστότερον
2610 1778 2851 1850 ἑρμηνέα
2884 1779 2992 1832 τῶν
3039 1769 3199 1834 θείων
3247 1780 3571 1851 ποιήσασθαι
3619 1780 3714 1833 τὸν

447 1877 561 1929 ciat
587 1913 602 1938 ,
637 1880 824 1942 aperte
855 1887 882 1923 a
920 1870 1028 1923 Deo
1059 1870 1311 1939 inspirati
1345 1869 1645 1923 testimonii
1684 1869 1910 1922 vocibus
1942 1882 2027 1921 re-

2134 1872 2418 1942 Εὐνόμιον,
2466 1871 2558 1924 τὸν
2584 1871 2830 1942 φανερῶς
2853 1872 2971 1933 ταῖς
2998 1867 3202 1940 φωναῖς
3226 1872 3324 1942 τῆς
3354 1872 3709 1926 θεοπνεύστου

448 1977 778 2040 pugnantem
804 2006 820 2030 ,
853 1974 906 2020 et
939 1979 1047 2018 non
1093 1964 1161 2017 ab
1202 1963 1412 2016 Adamo
1461 1960 1766 2014 belluarum
1815 1959 2030 2028 species

447 2061 757 2116 nominatas
806 2071 963 2120 esse,
1025 2070 1120 2124 per
1176 2053 1341 2121 hujus
1398 2051 1527 2105 dicti
1588 2050 2026 2120 explanationem

449 2159 696 2208 astruere
748 2155 1181 2217 extorquentem.
1240 2144 1416 2215 Ipsius
1469 2158 1687 2212 quoque
1737 2152 2027 2194 contume-

448 2245 586 2299 liosa
626 2242 788 2296 verba
838 2248 1251 2309 prietereantur,
1310 2245 1476 2306 atque
1531 2236 1620 2288 illa
1678 2235 1889 2304 ingrata
1942 2233 2028 2285 in-

448 2336 641 2400 scitia,
691 2341 744 2388 et
787 2331 952 2387 veluti
1007 2330 1132 2383 timo
1179 2337 1233 2383 et
1286 2337 1529 2383 stercore
1590 2337 1862 2380 macerata
1923 2341 2028 2378 vox

448 2443 573 2481 cum
603 2433 866 2480 consueta
899 2422 1013 2476 oris
1047 2421 1377 2484 festivitate,
1414 2420 1526 2472 haec
1559 2426 1750 2491 contra
1780 2426 2028 2471 nostrum

446 2517 729 2573 doctorem
764 2515 1049 2570 disserens
1073 2555 1086 2575 ,
1119 2513 1373 2566 loliorum
1425 2519 1664 2566 satorem
1708 2509 1987 2579 appellans
2011 2548 2026 2572 ,

447 2618 502 2663 ct
535 2610 747 2662 fructus
782 2607 1127 2677 putredinem
1151 2647 1164 2668 ,
1199 2613 1252 2660 et
1286 2603 1564 2658 Valentini
1598 2602 1897 2672 perniciem
1929 2643 1942 2663 ,
1976 2611 2030 2654 et

449 2701 518 2754 ab
553 2701 657 2770 illo
682 2698 916 2752 fructum
951 2712 1110 2763 quem
1145 2695 1200 2748 in
1230 2694 1413 2748 animo
1444 2691 1687 2745 aucloris
1716 2697 2028 2744 acervatum

448 2809 572 2850 esse
605 2799 884 2855 autumat;
921 2798 976 2843 et
1019 2789 1230 2858 reliqua
1275 2787 1551 2841 dictorum
1600 2785 1905 2839 insuavitas
1950 2783 2028 2838 si-

451 2885 618 2940 lentio
699 2883 1028 2942 involvatur,
1089 2880 1541 2950 quemadmodum
1602 2891 1828 2947 corpora
1886 2877 2028 2946 putri

448 2979 578 3032 tabo
612 2976 877 3046 liquentia
907 2983 1052 3030 terra
1093 2975 1288 3028 obruta
1315 3013 1327 3030 .
1362 2989 1431 3028 ne
1464 2971 1653 3026 multis
1685 2986 1782 3041 per
1812 2969 2026 3024 turbam
2063 2983 2065 2988 '

448 3077 654 3126 tetrum
687 3070 910 3124 odorem
941 3068 1208 3122 emittant.

521 3250 628 3307 Sed
656 3250 720 3304 ad
753 3266 816 3304 ea
845 3265 966 3322 quae
999 3249 1066 3302 ab
1097 3263 1162 3301 eo
1188 3247 1446 3316 deinceps
1475 3247 1620 3301 dicta
1656 3255 1805 3312 sunt,
1843 3255 2024 3301 trans-

449 3341 676 3397 ferenda
700 3348 784 3394 est
811 3340 1012 3395 oratio.
1039 3337 1253 3392 Rursus
1285 3337 1432 3392 enim
1468 3339 1758 3407 quamdam
1784 3337 2025 3393 doctoris

451 3435 746 3488 dictionem
780 3437 1003 3494 tractat,
1033 3445 1153 3500 qua:
1186 3431 1258 3482 ita
1287 3429 1450 3483 habet
1478 3447 1490 3482 :
1518 3428 1593 3498 (a)
1633 3428 2026 3496 Incorruptibi-

452 3529 554 3579 lem
584 3525 724 3578 enim
747 3533 795 3577 et
845 3522 1133 3591 ingenitum
1164 3519 1333 3573 Deum
1386 3520 1748 3572 universorum
1780 3518 2025 3583 dicimus,

452 3617 739 3671 secundum
782 3601 1015 3668 diversos
1063 3613 1252 3665 mentis
1288 3620 1564 3680 conceptus
1610 3609 1690 3662 his
1730 3610 2028 3663 nominibus

453 3718 678 3761 utentes.
709 3706 842 3761 Cum
865 3706 1005 3759 enim
1032 3703 1100 3756 ad
1136 3713 1276 3756 retro
1308 3702 1456 3769 lapsa
1509 3704 1704 3754 swcuta
1743 3701 2025 3763 intuemur,

454 3799 554 3852 Dei
575 3799 732 3851 vitam
782 3813 984 3850 omnem
1016 3795 1575 3860 circumscriptionem,
1615 3791 1692 3846 vel
1723 3809 1872 3846 omne
1893 3794 2032 3860 prin-

453 3889 650 3958 cipium
681 3895 1015 3955 superantem
1043 3885 1382 3944 invenientes,
1407 3884 1579 3949 ipsum
1624 3883 1912 3950 ingenitum
1951 3881 2032 3932 di-

453 3982 662 4043 cimus;
698 3995 815 4032 cum
863 3994 980 4032 vero
1014 3978 1066 4030 in
1110 3979 1307 4029 saecula
1352 3975 1768 4042 supervenientia
1812 3985 2030 4028 mentem

452 4071 794 4136 intendimus,
841 4069 1077 4136 eumqui
1137 4067 1203 4119 sit
1254 4066 1496 4133 inﬁnitus
1541 4075 1589 4118 et
1628 4067 2026 4130 interminatus,

460 4162 712 4230 nulloque
742 4161 844 4228 [ine
881 4155 1382 4224 comprehensibilis,
1431 4154 1881 4223 incorruptibilem
1938 4173 2031 4224 ap-

457 4253 798 4322 pellavimus.
839 4248 905 4302 Ut
944 4250 1108 4317 igitur
1153 4246 1290 4316 quod
1333 4246 1453 4298 vita:
1494 4246 1698 4298 nullum
1738 4246 1890 4299 habet
1925 4257 2032 4299 ter-

454 4345 657 4397 minum
692 4339 1114 4407 incorruptibile,
1157 4338 1234 4391 sic
1265 4337 1401 4406 quod
1432 4336 1544 4403 ejus
1571 4337 1829 4404 principio
1866 4347 2028 4400 caret,

454 4433 741 4504 ingenitum
763 4428 1156 4482 denominatum
1184 4435 1283 4490 est,
1307 4421 1431 4476 dum
1459 4425 1567 4478 haec
1604 4441 1695 4493 per
1717 4437 2034 4478 commenta—

2135 1965 2437 2037 μαρτυρίας
2479 1965 2928 2035 ἀντιμαχόμενον,
2956 1965 3050 2017 καὶ
3080 1964 3142 2018 τὸ
3182 1965 3256 2037 μὴ
3293 1964 3714 2035 κατωνομάσθαι

2131 2060 2282 2131 παρὰ
2309 2057 2402 2111 τοῦ
2447 2057 2618 2128 Ἀδὰμ
2647 2057 2753 2111 τῶν
2785 2057 2994 2126 ἀλόγων
3037 2057 3105 2111 τὰ
3151 2058 3286 2128 εἴδη,
3331 2057 3417 2111 διὰ
3443 2059 3542 2129 τῆς
3567 2076 3713 2129 παρ-

2132 2151 2441 2222 εξηγήσεως
2471 2149 2564 2203 τοῦ
2597 2149 2757 2220 ῥητοῦ
2782 2150 2974 2203 τούτου
3007 2151 3436 2214 κατασκευάζειν
3467 2150 3714 2214 ἐκϐιαζό-

2135 2260 2313 2313 μενον.
2351 2242 2638 2314 Παρείσθω
2681 2241 2775 2294 καὶ
2804 2241 2872 2294 τὰ
2902 2245 3001 2312 τῆς
3034 2241 3242 2312 ὕϐρεως
3269 2242 3430 2295 αὐτοῦ
3468 2243 3710 2312 ῥήματα,

2131 2335 2225 2387 καὶ
2253 2336 2286 2404 ἡ
2314 2335 2510 2404 ἄχαρις
2541 2334 2775 2404 ἀμουσία
2809 2335 3013 2403 ἐκείνη,
3042 2334 3136 2387 καὶ
3166 2336 3198 2405 ἡ
3233 2333 3518 2404 κοπρώδης
3545 2334 3710 2387 αὐτοῦ

2131 2427 2224 2479 καὶ
2255 2425 2686 2497 βεϐολὸιτωμένη
2713 2426 2864 2497 φωνὴ
2883 2424 3152 2489 διεξιοῦσα
3177 2425 3314 2494 μετά
3331 2425 3432 2494 τῆς
3452 2423 3714 2494 συνήθους

2131 2520 2424 2591 εὐστομίας
2473 2519 2647 2573 ταῦτα
2697 2519 2837 2572 κατά
2886 2519 2979 2572 τοῦ
3023 2519 3338 2572 διδασκάλου
3388 2519 3572 2589 ἡμῶν,
3624 2517 3715 2571 τὸν

2132 2610 2337 2681 σπορέα
2365 2611 2470 2663 τῶν
2497 2611 2768 2674 ζιζανίων,
2787 2611 2880 2663 καὶ
2905 2611 3002 2680 τὴν
3019 2609 3112 2662 τοῦ
3146 2609 3359 2681 καρποῦ
3381 2609 3710 2680 πρόσσηψιν,

2131 2703 2223 2756 καὶ
2257 2702 2605 2756 Οὐαλεντίνου
2652 2702 3025 2773 παραφθορὰν,
3077 2703 3166 2756 καὶ
3210 2703 3302 2755 τὸν
3345 2703 3474 2772 παρ’
3506 2701 3713 2753 ἐκείνου

2131 2795 2364 2865 καρπὸν,
2391 2795 2448 2847 ὃν
2478 2797 2535 2846 ἐν
2565 2798 2631 2865 τῇ
2664 2794 2809 2866 ψυχῇ
2841 2795 2987 2863 λέγει
3021 2794 3388 2865 σεσωρεῦσθαι
3430 2792 3522 2845 τοῦ
3563 2792 3711 2845 διδα-

2133 2888 2356 2951 σκάλου,
2391 2887 2484 2941 καὶ
2516 2887 2548 2956 ὴ
2593 2886 2752 2955 λοιπὴ
2783 2886 2891 2938 τῶν
2918 2885 3220 2956 εἰρημένων
3251 2884 3411 2955 ἀηδία
3443 2882 3716 2950 συγκαλυ-

2131 2979 2318 3050 φθήτω
2362 2980 2428 3050 τῇ
2465 2980 2668 3048 σιωπῇ,
2710 2977 2962 3047 καθάπερ
2995 2979 3088 3031 καὶ
3117 2976 3185 3029 τὰ
3222 2975 3568 3047 μεμυδηκότα
3600 2975 3713 3026 τῶν

2133 3066 2399 3134 σωμάτων
2430 3067 2496 3134 τῇ
2529 3066 2599 3133 γῇ
2633 3065 3146 3136 κατακρυπτόμενα,
3177 3065 3252 3128 ὡς
3291 3065 3366 3134 μὴ
3401 3063 3612 3128 πολλοῖς
3643 3064 3712 3116 δι’

2059 3194 2100 3250 C
2134 3154 2293 3225 ὄχλου
2321 3154 2420 3224 τὴν
2453 3153 2714 3206 δυσωδίαν
2744 3152 3008 3219 γίνεσθαι.

2205 3248 2348 3318 Πρὸς
2392 3247 2449 3300 δὲ
2499 3246 2594 3317 τὴν
2641 3246 2959 3300 ἀκολουθίαν
2994 3247 3102 3301 τῶν
3146 3247 3450 3319 εἰρημένων
3494 3264 3714 3317 μετενε-

2129 3340 2283 3393 κτέον
2311 3340 2400 3392 τὸν
2425 3340 2600 3407 λόγον.
2631 3340 2800 3394 Πάλιν
2833 3339 2942 3410 γὰρ
2965 3339 3239 3393 ὲκτίθεταί
3278 3357 3398 3392 τινα
3430 3340 3585 3409 ῥῆσιν
3607 3339 3702 3391 τοῦ

2128 3431 2446 3484 διδασκάλου
2502 3432 2728 3501 ἔχουσαν
2788 3430 2960 3494 οὕτως
2995 3445 3008 3458 ·
3069 3432 3410 3500 Ἀφθαρτον
3457 3429 3566 3498 γὰρ
3615 3429 3715 3482 καὶ

2128 3523 2459 3592 ἀγέννητον
2505 3524 2610 3577 τὸν
2661 3523 2810 3578 Θεὸν
2852 3522 2969 3576 τῶν
3006 3522 3165 3576 ὅλων
3219 3521 3498 3591 λέγομεν,
3564 3521 3718 3575 κατὰ

2130 3614 2452 3683 διαφόρους
2501 3616 2783 3682 ἐπιϐολὰς
2825 3614 2941 3680 τοῖς
2999 3614 3253 3683 ὀνόμασι
3290 3615 3522 3680 τούτοις
3560 3613 3718 3682 χρώ·

2129 3723 2320 3774 μενοι.
2372 3707 2560 3758 Ὅταν
2591 3703 2706 3773 μὲν
2744 3707 2852 3774 γὰρ
2891 3707 2979 3770 εἰς
3027 3703 3170 3769 τοὺς
3204 3704 3453 3756 κατόπιν
3496 3701 3718 3768 αἰῶνας

2133 3796 2584 3865 ἀποϐλέψωμεν,
2608 3797 3173 3864 ὑπερεκπῖπτουσαν
3205 3795 3409 3862 πάσης
3448 3808 3721 3863 περιγρα-

2135 3886 2254 3957 φῆς
2269 3889 2652 3954 εὑρίσκοντες
2670 3888 2784 3955 τὴν
2801 3886 2954 3954 ζωὴν
2970 3886 3074 3939 τοῦ
3091 3885 3259 3948 Θεοῦ,
3273 3884 3594 3953 ἀγέννητον
3614 3887 3720 3937 αὺ-

2134 3980 2240 4032 τὸν
2283 3977 2536 4048 λέγομεν
2563 3995 2575 4007 ·
2628 3978 2774 4030 ὅταν
2811 3977 2878 4029 δὲ
2918 3977 3040 4041 τοῖς
3087 3974 3507 4044 ἐπερχομένοις
3543 3975 3720 4027 αὶὼσι

2137 4067 2242 4120 τὸν
2267 4066 2418 4120 νοῦν
2450 4066 2879 4134 ὲπιϐάλλωμεν,
2918 4063 2985 4117 τὸ
3037 4064 3320 4132 ἀόριστον
3347 4063 3445 4116 καί
3473 4062 3722 4130 ἄπειρον

2141 4160 2238 4212 καὶ
2281 4159 2483 4212 οὐδενί
2518 4158 2674 4211 τέλει
2724 4157 3109 4224 καταληπτὸν
3144 4157 3721 4224 προσηγορεύσαμεν

2135 4252 2455 4318 ἄφθαρτον.
2528 4250 2624 4314 ’.Ως
2667 4244 2780 4303 οὖν
2835 4248 2903 4301 τὸ
2970 4249 3370 4314 ἀτελεύτητον
3411 4247 3518 4314 τῆς
3567 4245 3721 4314 ζωῆς

2135 4341 2472 4410 ἄφθαρτον,
2527 4341 2678 4394 οὕτω
2726 4341 2791 4393 τὸ
2845 4341 3113 4410 ἄναρχον
3163 4342 3351 4408 αὐτῆς
3392 4339 3715 4410 ὠνομάσθη

2136 4433 2498 4504 ἀγέννητον,
2562 4432 2638 4501 τῇ
2707 4433 2940 4500 ἐπινοίᾳ
3005 4431 3172 4502 ἡμῶν
3240 4434 3720 4501 ἐπιθεωρούντων

458 4525 653 4578 tionem
705 4522 782 4574 ita
831 4515 1265 4584 contemplamur.
1313 4515 1618 4570 Convitium
1683 4517 1843 4586 igitur
1890 4518 2030 4586 quod

2141 4525 2344 4578 ταῦτα.
2383 4524 2492 4595 Τὴν
2523 4525 2618 4595 μὲν
2647 4520 2738 4578 οὖν
2766 4525 3032 4595 λοιδορίαν
3063 4526 3128 4596 ἣν
3159 4525 3440 4596 προοίμιον
3468 4525 3564 4595 τῆς
3604 4525 3719 4577 τῶν

456 4614 780 4686 prooemium
837 4610 1119 4663 dictorum
1173 4607 1656 4676 contemplationis
1705 4607 1851 4669 fecit,
1903 4616 2030 4662 item

459 4704 761 4778 praeteribo,
798 4701 1023 4756 seminis
1060 4699 1297 4766 alicujus
1333 4698 1787 4761 immutationem,
1835 4710 1889 4753 et
1944 4715 2032 4754 sa-

459 4797 625 4851 tionis
682 4794 1027 4863 magistrum,
1083 4798 1138 4844 et
1188 4788 1323 4842 illud
1381 4789 1828 4856 reprehensionis
1885 4791 2031 4858 quod

458 4888 604 4942 nulla
651 4884 1067 4938 ratiocinatione
1119 4882 1444 4935 conclusum
1476 4890 1578 4946 est,
1641 4891 1696 4935 et
1747 4883 1850 4935 alia
1885 4900 2032 4953 quae-

460 4992 680 5047 cunque
733 4975 1028 5030 insatiabili
1062 4975 1245 5044 lingua
1286 4987 1382 5042 per
1415 4972 1599 5026 inania
1643 4983 1696 5026 et
1736 4988 1904 5028 vacua
1940 4991 2034 5028 va-

459 5068 594 5123 dens
623 5065 1004 5135 persequitur:
1062 5070 1283 5133 propter
1332 5059 1478 5131 quod
1525 5071 1705 5116 autem
1753 5064 2033 5118 criminari

461 5158 776 5230 aggreditur
835 5171 1146 5211 sermonem
1194 5155 1610 5217 calumniando,
1659 5153 1725 5208 ad
1779 5155 1884 5211 hoc
1936 5173 2037 5214 nos

461 5263 862 5308 convertemus.
901 5248 1010 5303 Nos
1047 5263 1276 5317 arguere
1321 5246 1644 5318 pollicetur,
1689 5253 1748 5299 ut
1788 5246 2036 5304 dicentes

459 5344 630 5398 Deum
662 5359 770 5397 non
812 5341 1279 5409 incorruptibilem
1316 5355 1438 5393 esse
1474 5347 1708 5393 natura:
1742 5340 1836 5394 sed
1864 5356 1964 5394 nos
2006 5357 2035 5396 a

460 5444 657 5491 natura
693 5435 782 5488 illa
817 5435 929 5489 sola
960 5441 1214 5502 putamus
1260 5432 1436 5484 aliena
1459 5473 1472 5496 ,
1526 5447 1865 5501 quaecunque
1909 5435 2032 5503 qui-

460 5527 692 5584 busdam
723 5525 1017 5581 adventitia
1055 5524 1263 5582 insunt,
1293 5531 1344 5574 et
1379 5538 1500 5591 qua:
1535 5523 1708 5576 amitti
1757 5532 1987 5593 possunt
2016 5545 2029 5581 :

529 5667 580 5701 ⁸⁸
635 5665 738 5722 lsa.
796 5681 949 5728 mu,
983 5663 1032 5716 i.
1109 5663 1154 5695 ⁸⁵
1213 5662 1409 5733 Ephes.
1445 5679 1496 5728 γ,
1530 5665 1619 5731 51,
1647 5667 1733 5720 59..

532 5798 613 5871 (a)
657 5797 829 5856 Verba
852 5798 916 5854 D.
950 5798 1135 5854 Basilii
1169 5809 1353 5852 contra
1385 5797 1700 5852 Eunomium
1741 5801 1834 5856 lib.
1869 5819 1907 5856 ι.

2138 4615 2441 4685 εἰρημένων
2497 4614 2730 4686 θεωρίας
2776 4617 3107 4687 πεποίηται,
3155 4617 3316 4670 πάλιν
3373 4619 3715 4688 παρήσομεν,

2141 4708 2453 4778 σπέρματός
2495 4725 2638 4770 τινος
2673 4709 2988 4780 ὑπαλλαγὴν
3015 4711 3106 4762 καὶ
3141 4712 3346 4780 σπορᾶς
3372 4710 3716 4779 καθηγητὴν,

2139 4799 2234 4851 καὶ
2259 4799 2318 4851 τὸ
2352 4799 2450 4868 τῆς
2496 4801 2754 4871 μέμψεως
2781 4801 3187 4870 ἀσυλλόγιστον,
3221 4804 3312 4856 καὶ
3347 4804 3444 4855 ὅσα
3472 4801 3608 4854 ἄλλα
3646 4806 3717 4872 τῇ

2139 4891 2392 4962 ἀκορήτω
2421 4892 2639 4964 γλώσσῃ
2671 4894 3022 4965 κενεμϐατῶν
3049 4895 3379 4966 διεξέρχεται
3402 4913 3415 4925 ·
3468 4897 3550 4963 ἐφ’
3585 4889 3630 4962 ᾧ
3656 4895 3720 4946 δὲ

2138 4983 2442 5036 διαϐάλλειν
2485 4987 2771 5055 ἐπιχειρεῖ,
2820 4985 3167 5054 συκοφαντῶν
3209 4987 3300 5039 τὸν
3337 4986 3524 5053 λόγον,
3580 4986 3723 5056 πρὸς

2137 5076 2294 5129 τοῦτο
2324 5078 2415 5130 καὶ
2440 5078 2600 5148 ἡμεῖς
2626 5078 3038 5150 τραπησόμεθα.
3073 5076 3348 5148 Ἐλέγχειν
3376 5079 3522 5149 ἡμᾶς
3547 5079 3725 5143 ἐπαγο

2139 5167 2386 5235 γέλλεται
2421 5169 2496 5233 ὡς
2545 5169 2617 5240 μὴ
2665 5168 2822 5238 φύσει
2865 5169 3121 5237 λέγοντας
3157 5169 3428 5238 ἄφθαρτον
3471 5165 3608 5221 εἶναι
3655 5168 3725 5220 τὸ

2140 5259 2290 5314 Θεῖον
2315 5277 2329 5291 ·
2362 5263 2521 5331 ἡμεῖς
2543 5261 2597 5314 δὲ
2625 5262 2758 5331 μόνα
2786 5265 2884 5332 τῆς
2910 5261 3122 5330 φύσεως
3149 5262 3536 5332 ἀλλοτριοῦμεν
3571 5263 3722 5312 ἐκεῖ-

2140 5368 2225 5415 να,
2254 5352 2353 5404 ὅσα
2383 5353 2651 5424 ἐπίκτητα
2680 5353 2889 5420 γίνεταί
2916 5371 3022 5406 τισι
3056 5353 3150 5406 καὶ
3194 5353 3493 5423 ἀπόκτητα.
3529 5347 3625 5402 Ὧν
3659 5352 3724 5404 δὲ

2142 5439 2266 5493 ἄνευ
2303 5439 2362 5493 τὸ
2393 5440 2748 5511 ὑποκείμενον
2794 5441 3050 5513 νοηθῆναι
3096 5442 3256 5510 φύσιν
3297 5441 3396 5495 οὐκ
3438 5441 3568 5512 ἔχει,
3603 5440 3727 5503 πῶς

2142 5536 2205 5589 ἂν
2231 5551 2315 5596 τις
2341 5535 2397 5588 ἐν
2424 5534 2570 5606 αἰτίᾳ
2603 5533 2830 5618 γένοιτο,
2857 5535 2932 5600 ὡς
2961 5535 3128 5590 αὐτιίπν
3154 5536 3354 5605 ἑαυτῆς
3383 5532 3726 5618 διαχωρίζων
