4146 6386
340 386 471 445 1061

1469 369 1746 425 CONTRA
1787 364 2185 429 EUNOMIUM,
2228 364 2354 419 LIB.
2398 364 2508 420 XII.

3450 366 3590 423 £069.

338 498 436 573 τὴν
466 498 657 568 φύσινς
708 496 770 548 Εἰ
806 493 899 564 μὲν
934 486 1024 544 οὖν
1049 486 1535 557 ἐπιγεννηματικὴν
1568 484 1644 554 τῷ
1673 481 1791 551 Θεῷ
1815 481 1911 552 τὴν

2023 480 2134 534 sine
2170 480 2369 548 quibus
2406 494 2534 535 vero
2575 477 2879 545 subjectum
2914 484 3092 532 mente
3134 477 3342 548 percipi
3393 489 3587 534 natura

339 588 647 662 ἀφθαρσίαν
680 590 707 640 6
754 586 1019 656 ἡμέτερος
1072 581 1223 647 λόγος
1266 576 1615 648 ἐπρέσϐευεν,
1667 575 1740 637 ὣς
1783 589 1911 625 ποτε

341 684 470 753 περὶ
496 682 654 735 αὑτὸν
687 678 761 751 μὴ
789 674 973 737 οὖσαν,
1014 676 1046 745 ἣ
1079 674 1153 735 ὡς
1185 673 1283 725 οὑκ
1315 670 1578 741 ἐσομένην
1616 669 1764 729 ποτὲ,
1794 684 1915 719 και-

344 779 432 847 ρὸν
456 776 521 828 ἂν
554 769 665 842 εἶχε
697 770 866 823 ταῦτα
894 768 985 820 ἐπὶ
1010 764 1227 834 διαϐολῇ
1265 762 1384 817 καθ’
1421 761 1578 831 ἡμῶν
1620 760 1817 828 λέγειν.
1852 757 1913 809 El

339 870 395 921 δὲ
422 869 509 920 ἀεὶ
537 864 795 925 ὡσαύτως
819 862 952 931 ἔχει,
984 860 1078 911 καὶ
1108 857 1135 910 ὃ
1168 856 1261 910 νῦν
1291 858 1406 908 ἐστι
1441 855 1666 907 πάντοτε
1695 849 1915 904 εἶναιτὸ

338 963 491 1012 Θεῖον
540 959 568 1010 6
619 956 886 1026 ἡμέτερος
931 951 1217 1022 διορίζεται
1267 946 1465 1015 λόγος,ι.
1506 946 1601 997 καὶ
1653 944 1801 997 οὐδὲν
1852 944 1916 994 ὲκ

340 1050 734 1120 παραυξήσεως
784 1044 929 1113 αὑτῷ
977 1059 1121 1104 τινος
1165 1042 1259 1093 καὶ
1310 1036 1625 1110 προσθήκης
1678 1035 1784 1087 τῶν
1812 1034 1914 1103 ιμὴ

340 1142 649 1211 προσόντων
698 1133 1103 1208 προσγίνεσθαι,
1139 1131 1251 1185 ἀλλ’
1283 1131 1341 1182 ὲν
1383 1129 1543 1181 παντὶ
1580 1126 1657 1196 τῷ
1684 1126 1826 1183 κατὰ
1855 1124 1915 1177 τὸ

340 1233 541 1302 ἀγαθὸν
573 1229 844 1300 νοουμένῳ
885 1226 978 1280 καὶ
1007 1223 1283 1294 λεγομένῳ
1315 1221 1544 1275 πάντοτε
1594 1215 1753 1281 εἶναι,
1798 1216 1917 1279 πῶς

344 1325 416 1394 μὴ
449 1321 590 1376 κατά
624 1320 784 1390 φύσιν
819 1316 966 1387 αὑτῷ
996 1312 1438 1386 προσμαρτυρεῖν
1482 1310 1580 1382 τὴν
1608 1308 1915 1380 ἀφθαρσίαν

341 1411 735 1481 διαϐαλλόμεθα
758 1428 772 1475 ;
819 1408 955 1460 Ἀλλ’
984 1409 1046 1459 ὲκ
1072 1406 1170 1474 τῆς
1192 1402 1711 1472 ὑπαναγνωσθείσης
1736 1399 1811 1468 τῷ
1836 1398 1917 1450 δι-

338 1501 590 1571 δασκάλῳ
636 1502 844 1571 ρήσεως
891 1499 990 1567 τῆς
1033 1496 1287 1566 τοιαύτης
1318 1494 1412 1547 τοῦ
1461 1494 1618 1563 λόγου
1665 1492 1916 1561 διαϐολῆς

340 1594 616 1663 εἰληφέναι
660 1590 757 1653 τὰς
811 1588 1064 1660 ἀφορμὰς
1114 1585 1536 1658 σχηματίξεται,
1587 1585 1661 1647 ὡς
1707 1586 1771 1637 ὲκ
1818 1585 1917 1654 τῆς

341 1683 695 1753 παραθέσεως
746 1681 853 1734 τῶν
906 1679 1137 1740 αἰώνων,
1182 1679 1260 1749 τῷ
1307 1676 1426 1747 Θεῷ
1470 1679 1567 1748 τὴν
1609 1677 1916 1746 ἀφθαρσίαν

341 1777 494 1847 ἡμῶν
522 1774 870 1846 ποριζόντων.
903 1772 968 1826 Εἰ
995 1772 1091 1842 μὲν
1113 1768 1204 1825 οὖν
1230 1771 1359 1841 παρ’
1384 1770 1539 1841 ἡμῶν
1570 1769 1631 1822 τὸ
1653 1768 1917 1839 ἡμέτερον

343 1868 503 1939 ῥητὸν
532 1866 883 1938 προεφέρετο,
918 1863 1158 1925 ὕποπτος
1191 1863 1255 1915 ἂν
1279 1858 1346 1933 ἦν
1368 1861 1497 1925 ἴσως
1520 1862 1599 1924 είς
1622 1860 1918 1929 ἀπολογίαν

340 1961 370 2013 6
400 1960 576 2028 λόγος,
606 1958 681 2021 ὡς
706 1956 799 2011 νῦν
830 1956 987 2027 ἡμῶν
1022 1954 1532 2024 ὲπιδιορθουμένων,
1567 1951 1661 2005 καὶ
1694 1950 1831 2021 πρὸς
1858 1950 1918 2003 τὸ

340 2052 629 2106 ἀνεύθυνον
659 2048 1048 2120 μετατιθέντων
1070 2046 1168 2109 τὰς
1194 2045 1472 2107 ὑπαιτίους
1507 2044 1709 2113 φωνάς.
1765 2043 1919 2095 Ἐπεὶ

341 2144 396 2195 δὲ
444 2142 595 2211 παρὰ
634 2140 727 2193 τοῦ
780 2139 976 2211 ἐχθροῦ
1022 2139 1091 2192 τά
1134 2139 1376 2209 ἡμέτερα
1425 2137 1681 2204 λέγεται,
1728 2135 1811 2197 τίς
1854 2134 1919 2188 ἂν

346 2234 665 2305 ἰσχυροτέρα
684 2233 890 2301 γένοιτο
912 2233 1010 2300 τῆς
1036 2230 1291 2301 ἀληθείας
1320 2228 1611 2294 ἀπόδειξις,
1635 2228 1802 2297 αὐτῆς
1822 2227 1920 2296 τῆς

341 2326 448 2379 τῶν
499 2324 909 2378 ἀντιδικούντων
947 2324 1076 2392 ἡμῖν
1130 2321 1472 2392 μαρτυρίας;
1527 2319 1650 2382 Πῶς
1691 2318 1866 2372 τοίνυν
1893 2320 1920 2371 ὁ

342 2416 472 2486 παρ’
502 2415 660 2486 ἡμῶν
691 2414 799 2485 ἔχει
840 2415 995 2482 λόγος
1026 2413 1083 2466 ὃν
1113 2414 1205 2465 ἐπὶ
1254 2412 1478 2482 διαϐολῇ
1513 2411 1919 2483 προχειρίζεται

342 2507 460 2559 καθ’
484 2505 638 2576 ἡμῶν
682 2508 709 2557 6
735 2506 1032 2575 Εὑνόμιος;
1084 2504 1288 2565 "Utar,
1333 2504 1485 2574 φησὶ,
1523 2502 1645 2566 τοῖς
1676 2502 1921 2571 ἐπερχο-

339 2599 542 2665 μένοις
571 2594 741 2648 αἱῶσι
776 2594 881 2648 τὸν
909 2593 1063 2646 γοῦν
1083 2592 1515 2659 ἐπιϐάλλωμεν,
1552 2590 1617 2642 τὸ
1641 2590 1924 2656 ἀόριστον

341 2691 436 2742 καὶ
458 2688 809 2755 ἄπειρονκαὶ
826 2685 1023 2738 οὐδενὶ
1038 2684 1195 2737 τέλει
1212 2682 1617 2748 καταληπτὸν,
1636 2694 1924 2749 προσηγοο

336 2781 641 2849 ρεύίάμεν
659 2773 1053 2846 ἄφθαρτον-,Ἃ
1063 2793 1127 2846 ρα
1141 2776 1217 2845 τῷ
1236 2775 1453 2845 πορίσαι
1474 2774 1533 2826 τὸ
1558 2771 1925 2844 προσαγορεῦ-

344 2889 439 2925 σαι
465 2854 657 2924 ταύτὸν
683 2873 710 2923 6
746 2870 1004 2939 Εὑνόμιος
1028 2869 1225 2933 οἴεται;
1257 2867 1367 2920 Καὶ
1388 2867 1472 2929 τίς
1500 2866 1670 2928 οὕτως
1695 2865 1798 2930 ἔξω
1828 2864 1922 2918 τοῦ

339 2963 739 3033 καθεστηκότος
769 2960 1003 3021 inludi;
1021 2959 1117 3020 τὰς
1138 2958 1439 3022 ἰδιαζούσας
1452 2957 1655 3010 τούτων
1688 2957 1797 3009 τῶν
1825 2960 1921 3027 ρη-

349 3055 534 3122 μάτων
565 3055 776 3121 ἀγνοεῖν
809 3050 1113 3120 ὲμφάσεις;
1168 3049 1384 3120 Πορίζει
1434 3050 1532 3119 μὲν
1556 3051 1665 3119 γὰρ
1693 3050 1720 3101 6
1753 3049 1813 3101 τὸ
1848 3049 1923 3119 μὴ

2017 587 2126 625 non
2158 579 2357 641 potest,
2392 569 2667 641 quomodo
2698 569 2821 639 quis
2856 569 3063 638 culpari
3095 571 3290 639 possit,
3321 580 3380 625 ut
3411 570 3584 641 ipsam

2017 678 2045 715 a
2078 664 2256 732 seipsa
2288 672 2536 716 naturam
2580 662 2882 731 separatis?
2914 659 2970 715 Si
3005 662 3170 732 igitur
3208 662 3317 719 Deo
3345 665 3591 718 incorru-

2016 756 2361 826 ptibilitatem
2392 763 2644 825 agnatam
2677 766 2731 810 et
2761 755 3052 809 ascilitiam
3086 764 3273 810 noster
3321 768 3590 813 assereret

2018 864 2220 915 sermo,
2253 856 2312 901 ut
2335 863 2457 919 quae
2484 848 2538 901 in
2572 849 2691 917 ipso
2714 864 2821 902 non
2849 848 3145 917 aliquando
3180 847 3395 914 fuisset,
3422 850 3504 903 vel
3533 859 3591 903 ut

2018 956 2125 995 non
2162 940 2458 1009 aliquando
2500 938 2684 994 futura
2739 948 2907 1003 esset,
2954 940 3068 994 haec
3110 950 3299 994 contra
3348 956 3449 996 nos
3495 956 3592 1011 per

2018 1033 2350 1087 calumniam
2391 1031 2607 1086 dicendi
2644 1033 2989 1086 occasionem
3040 1031 3282 1086 haberet.
3334 1031 3490 1097 Quod
3542 1031 3588 1086 si

2018 1125 2207 1179 eodem
2248 1124 2409 1177 modo
2444 1139 2659 1193 semper
2690 1139 2748 1178 se
2790 1123 2973 1185 habet,
3001 1130 3057 1178 et
3116 1123 3246 1193 quid
3298 1138 3444 1177 nunc
3507 1130 3592 1178 est

2020 1228 2233 1283 semper
2263 1228 2384 1267 esse
2417 1212 2607 1275 Deum,
2650 1223 2835 1267 noster
2864 1213 3053 1267 definit
3100 1228 3301 1279 sermo,
3345 1214 3593 1283 nihilque

2018 1318 2082 1357 ex
2123 1302 2463 1357 incremento
2492 1304 2676 1371 aliquo
2706 1312 2759 1357 et
2786 1303 3094 1373 adjectione
3123 1319 3312 1359 eorum
3336 1320 3456 1374 quae
3480 1320 3590 1358 non

2017 1395 2207 1450 insunt
2232 1395 2279 1449 ei
2305 1396 2579 1460 advenire,
2601 1396 2693 1450 sed
2725 1396 2777 1449 in
2809 1397 2959 1451 omni
2990 1397 3135 1466 quod
3164 1397 3458 1452 secundum
3496 1399 3594 1453 hoc

2018 1502 2150 1541 num
2180 1487 2504 1558 intelligitur
2533 1502 2585 1543 et
2612 1487 2813 1542 dicitur
2862 1505 3078 1560 semper
3126 1506 3269 1555 esse,
3314 1492 3592 1562 quomodo

2020 1595 2130 1633 non
2186 1580 2487 1634 secundum
2545 1589 2798 1634 naturam
2850 1582 2955 1651 ipsi
3016 1582 3585 1654 incorruptibilitatem

2021 1669 2316 1724 attribuere
2344 1685 2438 1739 per
2464 1670 2796 1727 calumniam
2816 1672 3191 1725 accusamur?
3228 1672 3323 1728 sed
3349 1689 3414 1728 ex
3438 1674 3589 1743 prius

2021 1764 2249 1817 recitata
2281 1761 2519 1818 dictione
2566 1763 2809 1819 doctoris
2839 1780 3148 1821 sermonem
3197 1768 3271 1821 ita
3319 1767 3592 1822 calumni-

2022 1854 2147 1907 andi
2186 1855 2504 1909 oceasiones
2528 1855 2737 1925 cepisse
2768 1856 2941 1927 ﬁngit,
2967 1858 3125 1927 quasi
3155 1874 3221 1913 ex
3252 1860 3595 1930 appositione

2021 1945 2368 2011 saeculorum,
2416 1962 2517 2002 nos
2556 1946 2670 2002 Deo
2707 1949 3279 2018 incorruptibilitatem
3321 1953 3593 2010 tribuere-

2020 2053 2165 2093 mus.
2204 2038 2259 2091 Si
2294 2038 2460 2108 igitur
2488 2053 2517 2093 a
2563 2040 2721 2096 nobis
2770 2051 3019 2096 nostrum
3055 2044 3260 2098 dictum
3316 2046 3594 2115 proferre-

2020 2136 2129 2196 tur,
2163 2128 2398 2184 fortasse
2427 2130 2494 2183 ad
2518 2130 2888 2187 defensionem
2917 2142 3205 2204 suspectus
3233 2144 3590 2201 essetsermo,

2023 2229 2081 2274 ut
2109 2220 2201 2289 qui
2226 2220 2537 2276 videremur
2561 2223 2872 2287 emendare,
2898 2225 3045 2295 quod
3081 2240 3190 2280 non
3214 2234 3364 2282 recte
3383 2226 3590 2281 dictum

2023 2310 2236 2376 fuisset,
2265 2320 2320 2366 et
2346 2326 2509 2366 voces
2536 2313 2754 2367 crimini
2800 2314 3070 2371 obnoxias
3117 2316 3460 2372 immutando
3512 2319 3595 2371 in-

2021 2403 2321 2472 culpabiles
2378 2402 2610 2458 efﬁcere.
2673 2404 2779 2459 Sed
2834 2406 3090 2475 quoniam
3154 2408 3224 2462 ab
3280 2408 3596 2464 adversario

2022 2503 2211 2550 nostra
2279 2494 2651 2564 proferuntur,
2705 2511 2955 2566 quaenam
3010 2499 3216 2554 firmior
3261 2516 3384 2556 esse
3431 2512 3597 2571 queat

2021 2587 2269 2641 veritatis
2311 2586 2730 2649 demonstratio,
2765 2603 2927 2657 quam
2960 2588 3398 2644 adversariorum
3442 2593 3597 2646 testi-

2024 2679 2269 2733 monium
2293 2679 2315 2733 ?
2332 2679 2616 2745 Quomodo
2646 2679 2810 2750 igitur
2824 2690 3010 2736 noster
3028 2683 3189 2738 habet
3215 2699 3417 2746 sermo,
3435 2701 3595 2754 quem

2023 2780 2215 2827 contra
2252 2789 2355 2830 nos
2405 2774 2461 2829 in
2513 2774 2840 2829 calumniam
2899 2785 3197 2845 pertractat
3248 2778 3601 2834 Eunomius?

2024 2864 2178 2931 Cum,
2232 2866 2441 2936 inquit,
2491 2868 2561 2921 ad
2614 2870 3053 2936 supereminentia
3119 2871 3315 2925 saecula
3373 2882 3595 2927 mentem

2023 2957 2367 3021 intendimus,
2409 2957 2547 3029 quod
2586 2968 2663 3012 est
2702 2962 3164 3015 indeterminatum
3210 2972 3260 3016 et
3301 2964 3593 3033 inﬁnitum,

2024 3059 2075 3103 et
2121 3051 2268 3103 nullo
2316 3052 2417 3119 ﬁne
2472 3053 2921 3120 comprehensum,
2990 3054 3367 3122 appellavimus
3421 3057 3598 3109 incor-

346 3145 544 3215 προσὸν
590 3143 737 3213 αὐτῷ
785 3142 1144 3210 κτησάμενος,
1200 3141 1691 3212 προσαγορεύει-δὲ
1724 3143 1752 3193 ὁ
1778 3140 1837 3193 τὸ
1864 3140 1919 3195 ὃν

2026 3142 2288 3210 ruptibile.
2322 3142 2401 3196 An
2431 3143 2674 3198 tribuere
2711 3152 2763 3198 et
2802 3145 3075 3213 appellare
3108 3145 3247 3200 idem
3290 3156 3443 3216 putat
3482 3147 3597 3202 Eu-

347 3237 696 3308 σημαντικῶς
743 3235 1042 3305 ὀνομάζων.
1092 3234 1214 3297 Πῶς
1248 3230 1340 3287 οὖν
1387 3234 1478 3287 ἐπὶ
1530 3233 1737 3295 τούτοις
1766 3232 1917 3302 ὁτῆς

343 3328 599 3397 ἀληθείας
648 3327 920 3397 φωτιστὴς
964 3326 1063 3379 οὑκ
1096 3326 1425 3395 αἰσχύνεται,
1474 3326 1531 3377 ὲν
1575 3324 1823 3394 προδήλῳ
1851 3327 1917 3394 τῇ

347 3419 673 3489 συκοφαντίᾳ
697 3418 794 3488 τὴν
814 3418 1061 3489 διαϐολὴν
1087 3436 1148 3469 συ
1158 3418 1502 3487 μπεραίνων;
1533 3418 1643 3469 Καὶ⁴
1670 3416 1919 3487 καθάπερ

344 3512 393 3563 οί
426 3510 488 3563 ἐκ
520 3527 661 3572 τινος
696 3510 898 3574 πάθους
944 3509 1017 3580 μὴ
1055 3509 1360 3579 βλέποντες,
1392 3512 1449 3563 ὲν
1480 3509 1633 3578 ὂψεσι
1662 3510 1769 3564 τῶν
1801 3510 1921 3581 βλε-

346 3603 555 3655 πόντων
588 3601 971 3671 ἀσχημονοῦσι,
1006 3602 1066 3653 τὸ
1112 3603 1240 3672 παρ’
1289 3601 1468 3654 αὐτῶν
1518 3602 1591 3672 μὴ
1622 3602 1917 3674 ὁρώμενον,

346 3693 440 3745 καὶ
487 3693 635 3763 παρά
683 3692 789 3745 τῶν
824 3691 1177 3759 ὑγιαινόντων
1227 3692 1532 3759 ἀγνοεῖσθαι
1570 3694 1879 3764 νομίζοντες
1903 3712 1917 3727 ·

346 3784 582 3841 τοιοῦτόν
605 3807 656 3842 τι
686 3788 950 3843 πέπονθεν
972 3792 999 3842 6
1026 3789 1318 3860 ὀξυδερκὴς
1344 3786 1494 3855 οὗτος
1522 3793 1614 3845 καὶ
1636 3795 1805 3863 ταχὺς
1822 3796 1921 3864 τὴν

346 3878 601 3937 διάνοιαν,
633 3878 730 3947 τὴν
764 3878 897 3931 ἰδίαν
942 3878 1077 3947 πρὸς
1118 3880 1216 3944 τὴν
1246 3879 1501 3949 ἀλήθειαν
1530 3882 1794 3951 πήρωσιν,
1827 3886 1921 3936 καὶ

349 3966 405 4017 ὲν
438 3968 551 4026 τοῖς
580 3966 865 4021 ἀκούουσιν
913 3968 1101 4021 οῐεται.
1138 3968 1246 4020 Καὶ
1278 3969 1360 4031 τίς
1383 3969 1556 4033 οὕτως
1587 3972 1810 4039 ἠλίθιος,
1845 3974 1921 4038 ὡς

351 4053 425 4126 μὴ
471 4057 798 4126 παραθεῖναι
842 4060 908 4128 τῇ
952 4058 1268 4129 διαϐολῇτά
1312 4062 1791 4131 συκοφαντούμενα
1824 4066 1921 4135 ῥή-

350 4164 516 4219 ματα,
546 4150 640 4203 καὶ
669 4150 734 4202 ὲκ
760 4149 858 4219 τῆς
891 4150 1166 4222 ἑκατέρων
1192 4152 1650 4219 ἀνταναγνώσεως
1692 4154 1788 4224 τὴν
1817 4173 1918 4209 κα-

348 4237 608 4306 κουργίαν
656 4238 749 4290 τοῦ
801 4238 1139 4310 λογογράφου
1181 4241 1498 4311 φωρᾶσθαι;
1553 4243 1611 4295 '0
1656 4246 1921 4316 ἡμέτερος

346 4327 502 4396 λόγος
531 4329 919 4400 προσαγορεύει
954 4330 1013 4383 τὸ
1044 4330 1347 4402 ἄφθαρτον,
1390 4334 1597 4395 ἐκεῖνος
1628 4341 1921 4407 κατηγορεί

346 4419 440 4471 τοῦ
475 4418 573 4490 τὴν
613 4419 923 4491 ἀφθαρσίαν
968 4419 1299 4493 πορίζοντος.
1353 4424 1417 4474 Τί
1452 4424 1630 4478 κοινὸν
1662 4429 1825 4497 ἔχειν
1843 4428 1918 4499 τῷ

2028 3234 2290 3287 nomius?
2317 3233 2381 3287 Et
2407 3234 2531 3303 quis
2563 3234 2637 3287 ita
2676 3238 2874 3290 mentis
2906 3237 3082 3305 impos
3130 3246 3215 3292 est
3251 3247 3305 3292 et
3339 3248 3492 3293 extra
3540 3256 3601 3297 se

2026 3324 2307 3394 depulsus,
2361 3333 2421 3379 ut
2477 3325 2654 3380 claras
2711 3327 3019 3395 peculiares
3058 3329 3252 3382 horum
3304 3331 3596 3388 verborum

2026 3416 2457 3487 signiﬁcationes
2486 3417 2963 3487 ignoret?Tribuit
2993 3420 3135 3474 enim
3165 3422 3257 3491 qui
3294 3424 3440 3493 quod
3486 3440 3597 3479 nou

2028 3512 2183 3565 adest
2213 3512 2315 3580 ipsi
2366 3510 2689 3579 acquisivit;
2722 3512 2957 3580 appellat
3006 3521 3185 3568 autem
3213 3514 3306 3585 qui
3353 3515 3405 3569 id
3451 3516 3597 3586 quod

2026 3610 2108 3657 est
2148 3602 2518 3672 significanter
2560 3603 2829 3657 nominat.
2871 3602 3158 3669 Quomodo
3208 3608 3377 3677 igitur
3407 3608 3459 3662 in
3514 3609 3598 3663 his

2026 3694 2273 3749 veritatis
2304 3694 2639 3748 illuminator
2682 3710 2793 3749 non
2822 3696 3120 3760 erubescit,
3156 3698 3210 3751 in
3264 3709 3453 3768 aperta
3501 3700 3600 3755 ob-

2027 3785 2354 3838 trectatioue
2401 3784 2726 3838 calumniam
2774 3786 3142 3841 concludere?
3188 3788 3267 3843 Ac
3316 3790 3463 3843 velut
3502 3791 3596 3860 qui

2027 3891 2089 3929 ex
2127 3876 2311 3945 aliquo
2334 3876 2521 3930 morbo
2555 3891 2664 3930 nou
2726 3877 2932 3941 vident,
2975 3878 3029 3931 in
3080 3881 3258 3935 oculis
3297 3880 3595 3935 videntium

2028 3964 2283 4020 indecore
2341 3981 2400 4020 se
2450 3974 2683 4035 gerunt,
2730 3968 2876 4037 quod
2928 3970 2997 4023 ab
3046 3971 3181 4039 ipsis
3231 3986 3340 4024 non
3386 3971 3600 4026 videtur

2026 4056 2188 4111 etiam
2217 4072 2246 4109 a
2263 4057 2400 4111 bene
2428 4057 2738 4112 valentibus
2763 4059 3003 4129 ignorari
3028 4068 3283 4129 putantes
3303 4075 3317 4113 :
3337 4062 3444 4117 tale
3466 4063 3598 4133 quid

2028 4165 2128 4203 usu
2155 4151 2299 4203 venit
2344 4150 2469 4203 huic
2498 4158 2655 4204 acute
2706 4153 2972 4217 cernenti,
3028 4153 3301 4223 celerique
3365 4154 3588 4226 ingenio

2030 4241 2277 4310 praedito,
2333 4242 2424 4309 qui
2462 4241 2526 4294 ad
2559 4242 2840 4295 veritatem
2896 4247 3210 4307 excutiens,
3266 4244 3398 4299 illud
3431 4247 3597 4300 etiam

2027 4333 2218 4385 vitium
2278 4332 2626 4387 audientibus
2658 4334 2840 4388 inesse
2896 4335 3191 4390 existimat.
3228 4337 3297 4388 At
3348 4337 3470 4406 quis
3521 4338 3598 4391 ita

2027 4421 2194 4476 hebes
2223 4430 2276 4475 et
2310 4423 2562 4486 stolidus,
2592 4431 2650 4475 ut
2678 4438 2787 4476 non
2819 4424 3107 4479 calumnia:
3129 4434 3363 4494 apponat
3405 4427 3594 4489 verba,

346 4510 568 4585 λέγε-ιη
610 4511 741 4564 Ἀπὸ
766 4512 873 4565 τῶν
918 4512 1061 4565 ίδίων
1090 4513 1317 4583 ἕκαστον
1349 4515 1666 4569 εὐθύνεσθαι
1693 4518 1915 4583 δίκαιον,

2024 4530 2145 4584 qua:
2168 4530 2262 4584 per
2300 4514 2555 4568 invidiam
2587 4515 3105 4571 etobtrectationem
3126 4517 3601 4586 proferuntur,at-

347 4603 447 4655 οὑκ
473 4604 536 4655 ὲκ
576 4602 684 4656 τῶν
712 4603 1004 4672 ἀλλοτρίων
1037 4604 1255 4673 ὑπέχειν
1280 4606 1376 4668 τὰς
1407 4609 1658 4678 μέμψεις.
1698 4608 1833 4663 Νυνὶ
1871 4612 1925 4664 δὲ

347 4696 645 4765 κατηγορεῖ
675 4695 771 4765 μὲν
816 4695 992 4765 ἡμῶν,
1026 4696 1120 4749 καὶ
1165 4699 1197 4767 ἡ
1243 4697 1436 4768 πικρία
1466 4700 1603 4769 πρὸς
1628 4703 1775 4770 ἡμᾶς
1809 4702 1927 4771 βλέ-

349 4802 461 4849 πει,
498 4785 813 4855 κατακρίνει
853 4786 908 4839 δὲ
941 4787 1127 4840 οὑδένα
1162 4789 1303 4841 κατά
1334 4805 1396 4856 γε
1427 4790 1517 4843 τὸν
1551 4790 1725 4862 άληθῆ
1767 4793 1925 4860 λόγον

347 4877 381 4947 ἢ
411 4877 621 4931 ἑαυτόν.
650 4879 711 4930 Εἰ
740 4877 848 4948 γὰρ
872 4878 932 4930 τὸ
964 4878 1201 4949 πορίζειν
1231 4878 1309 4948 τῷ
1342 4880 1457 4949 Θεῷ
1482 4881 1581 4951 τὴν
1616 4881 1925 4953 ἀφθαρσίαν

350 4968 629 5030 ὑπαίτιον,
683 4968 840 5020 τοῦτο
872 4968 926 5019 δὲ
973 4970 1101 5038 παρ’
1145 4968 1355 5031 οὐδενὸς
1399 4970 1557 5023 ἄλλου
1602 4972 1740 5043 πλὴν
1792 4975 1921 5045 παρ’

348 5057 512 5110 αὑτοῦ
553 5057 769 5126 λέγεται
819 5058 1009 5128 μόνον·
1058 5058 1165 5129 ἄρα
1206 5059 1368 5122 αὐτὸς
1410 5059 1603 5114 ἑαυτοῦ
1645 5062 1851 5129 γίνεται
1894 5065 1923 5116 6

351 5150 691 5219 συκοφάντης
738 5151 1057 5220 κατήγορος,
1097 5150 1156 5202 τὸ
1197 5151 1390 5204 ἑαυτοῦ
1419 5151 1737 5214 διαϐάλλων.
1773 5154 1833 5206 οὑ
1862 5155 1924 5207 τὸ

350 5240 633 5308 ἡμέτερον.
677 5240 784 5293 Καὶ
810 5241 937 5311 περὶ
963 5239 1055 5293 τοῦ
1085 5241 1224 5293 κατά
1257 5241 1354 5310 τὴν
1379 5242 1700 5310 ἀγεννησίαν
1727 5244 1925 5313 ὀνόμα-

350 5347 440 5392 τος
468 5333 627 5400 ἡμεῖς
663 5332 759 5401 μέν
790 5348 966 5399 φαμεν
993 5332 1096 5390 ὅτι.
1125 5331 1310 5403 ῶσπερ
1341 5331 1404 5384 τὸ
1434 5333 1788 5405 ἀτελεύτητον
1824 5336 1923 5405 τῆς

352 5426 494 5497 ζωῆς
532 5428 823 5499 ἄφθαρτον,
865 5429 1037 5491 οὑτως
1066 5428 1127 5480 τὸ
1157 5428 1390 5499 ἄναρχον
1434 5429 1601 5499 αὑτῆς
1632 5431 1927 5501 ἀγέννητον

353 5517 643 5589 ὠνομάσθη
672 5537 684 5548 ·
733 5522 914 5574 οὑτοσὶ
940 5521 996 5574 δὲ
1026 5520 1175 5590 παρά
1207 5521 1313 5573 τῶν
1361 5521 1570 5575 αἰώνων
1607 5524 1757 5592 ἡμᾶς
1780 5524 1927 5593 λέγει

352 5610 493 5662 κατά
549 5611 761 5663 πάντων
824 5612 930 5664 τῶν
998 5610 1269 5681 γεννητῶν
1328 5613 1605 5683 προξενεῖν
1660 5614 1805 5686 αὑτῴ
1861 5616 1928 5670 τὰ

354 5700 636 5771 πρεσϐεῖα.

2024 4622 2129 4676 que
2177 4623 2241 4662 ex
2299 4618 2655 4678 utrorumque
2701 4609 2952 4678 opposita
3005 4610 3259 4673 lectione,
3308 4611 3596 4681 scriptoris

2025 4699 2284 4752 malitiam
2314 4713 2423 4751 non
2465 4698 2878 4768 deprehendat?
2910 4698 3105 4755 Noster
3135 4716 3317 4755 sermo
3362 4704 3596 4772 appellat

2026 4790 2459 4860 incorruptibile,
2502 4790 2593 4844 ille
2641 4791 2923 4844 insimulat
2973 4808 3094 4846 eum
3129 4794 3222 4861 qui
3267 4793 3599 4864 incorrupti-

2024 4881 2292 4936 bilitatem
2320 4882 2531 4937 tribuit.
2566 4882 2709 4948 Quid
2751 4898 3040 4938 commune
3077 4884 3266 4941 habere
3301 4894 3353 4940 et
3395 4885 3596 4944 dicere?

2028 4974 2094 5028 de
2123 4974 2238 5028 suis
2274 4973 2649 5043 unusquisque
2673 4974 2795 5042 jure
2824 4975 3070 5043 arguitur
3089 4984 3142 5029 et
3164 4975 3463 5043 judicatur,
3491 4994 3599 5031 non

2028 5082 2092 5120 ex
2124 5066 2317 5120 alienis
2343 5066 2593 5119 accusari
2623 5065 2778 5119 solet.
2854 5064 3011 5120 Nunc
3031 5073 3211 5121 autem
3244 5082 3345 5122 nos
3375 5069 3595 5138 quidem

2031 5164 2275 5220 accusat,
2307 5166 2361 5211 et
2386 5157 2442 5210 in
2473 5171 2573 5210 nos
2595 5157 2865 5211 acerbitas
2893 5164 3137 5227 spectat;
3166 5160 3436 5214 neminem
3470 5176 3599 5215 vero

2029 5248 2359 5304 condemnat
2387 5248 2684 5302 secundum
2720 5264 2903 5303 veram
2956 5251 3252 5317 rationem,
3295 5267 3459 5322 quam
3519 5269 3599 5309 se-

2030 5341 2231 5411 ipsum.
2269 5339 2326 5393 Si
2371 5340 2513 5394 enim
2566 5337 2672 5394 Deo
2727 5339 3295 5410 incorruptibilitatem
3357 5344 3599 5397 tribuere

2025 5433 2231 5485 crimen
2258 5438 2362 5494 est,
2387 5430 2489 5485 hoc
2516 5439 2694 5485 autem
2730 5446 2759 5483 a
2795 5432 2945 5485 nullo
2990 5432 3096 5487 alio
3125 5440 3486 5504 praeterquam
3529 5435 3598 5487 ab

2024 5522 2145 5591 ipso
2174 5522 2292 5575 solo
2321 5520 2543 5575 dicitur.
2574 5520 2716 5592 Ergo
2748 5522 2864 5590 ipse
2918 5524 3253 5592 sycophanta
3302 5526 3387 5579 sui
3420 5526 3594 5594 ipsius

2026 5623 2310 5667 accusator
2337 5622 2440 5677 est,
2477 5613 2619 5682 quod
2641 5628 2799 5667 suum
2826 5621 2908 5667 est
2934 5614 3292 5681 calumnians,
3316 5630 3427 5669 non
3448 5616 3590 5685 quod

2026 5714 2299 5765 nostrum,
2339 5704 2402 5757 Et
2450 5704 2517 5758 de
2566 5706 2787 5760 nomine
2833 5705 3158 5777 ὰγεννησίας
3210 5721 3311 5762 nos
3358 5708 3594 5764 dicimus

352 5792 517 5865 quod,
550 5795 1005 5865 quemadmodum
1048 5797 1193 5868 quod
1234 5798 1442 5854 nullum
1483 5802 1605 5856 vita:
1671 5803 1831 5858 habet
1901 5802 2194 5860 terminum
2247 5800 2654 5873 incorruptibile
2710 5808 2815 5870 est,
2873 5802 2955 5859 sic
3016 5802 3162 5873 quod
3211 5804 3332 5875 ejus
3377 5804 3593 5873 origin.
