4146 6386
374 447 512 504 1085

1500 444 1774 499 CONTRA
1814 445 2197 512 EUNOMIUM,
2236 448 2364 503 LIB.
2398 447 2509 502 ΧΠ.

3468 443 3605 501 1066

368 556 578 612 αἰώνων
628 556 1026 627 ἐπιθρυλλεῖται
1069 555 1241 633 τομής
1284 555 1345 608 Εἰ
1396 554 1472 625 μὴ
1507 557 1599 609 καὶ
1637 557 1734 626 τὴν
1778 558 1936 625 ἁγίαν

2041 560 2162 614 vitae
2204 558 2508 614 denuntiat.
2565 559 2621 613 Si
2673 559 2786 613 lucc
2839 566 2895 613 et
2944 564 3125 613 mente
3178 558 3515 626 concipimus
3552 567 3606 613 et

368 649 591 721 Γραφὴν
612 649 913 719 διχοτομεῖν
937 650 1059 711 τοὺς
1089 648 1289 711 αἰῶνας
1315 649 1343 699 6
1376 648 1639 718 Εὑνόμιος
1668 649 1834 717 λέγοι,
1868 653 1935 721 τῇ

368 743 503 812 αὐτῇ
529 741 733 811 διανοίᾳ
756 741 854 810 τῆς
884 740 1031 803 θείας
1063 740 1206 809 ζωῆς
1236 739 1333 809 τὴν
1366 739 1619 811 ἀπειρίαν
1650 741 1936 811 διασημαί-

368 850 563 886 νουσαν
579 874 594 897 ,
616 832 708 884 τοῦ
733 832 829 902 μὲν
852 832 1013 884 Δαϐιδ
1041 831 1139 901 τὴν
1171 832 1274 900 πρὸ
1298 831 1404 883 τῶν
1433 831 1641 885 αἰώνων
1665 832 1935 901 βασιλείαν

367 925 796 995 ὑπομνήσαντος,
832 923 921 975 τοῦ
968 924 1023 976 δὲ
1046 924 1322 986 Μωΰσέως
1343 924 1441 993 τὴν
1482 924 1621 996 ὑπὲρ
1652 925 1775 987 τοὺς
1808 925 1937 976 αἰῶ-

366 1033 464 1078 νας
515 1015 892 1086 ἐκτεινομένην
942 1014 1035 1068 τοῦ
1067 1014 1199 1067 Θεοῦ
1236 1015 1507 1084 βασιλείαν
1534 1016 1820 1079 δείξαντος,
1862 1017 1937 1080 ὡς

366 1109 425 1173 ἐξ
454 1106 777 1176 ἀμφοτέρων
811 1107 958 1177 ἡμᾶς
1001 1104 1309 1174 διδαχθῆναι
1343 1105 1423 1157 ὅτι
1451 1106 1560 1158 πᾶν
1589 1105 1939 1174 διαστηματι-

366 1199 460 1252 κὸν
494 1199 759 1268 διανόημα
806 1197 954 1258 ἐντὸς
980 1197 1077 1265 τῆς
1115 1195 1265 1258 Θείας
1292 1194 1505 1263 φύσεως
1533 1196 1935 1267 περιείληπται,

364 1291 429 1357 τῇ
465 1288 689 1358 ἀπειρίᾳ
731 1286 824 1340 τοῦ
870 1288 977 1340 πᾶν
1032 1285 1371 1355 περιέχοντος
1416 1284 1790 1354 ἁπανταχόθεν
1840 1288 1938 1355 ἐμ-

366 1378 803 1450 περατούμενονς
850 1379 908 1431 'O
940 1378 1036 1447 μέν
1065 1377 1174 1447 γὰρ
1194 1376 1435 1445 Μωῦσῆς
1462 1377 1544 1439 είς
1570 1376 1631 1429 τὸ
1664 1376 1791 1447 ἑξῆς
1820 1378 1937 1446 βλέ-

366 1489 503 1537 πων,
537 1469 834 1539 βασιλεύειν
862 1468 1023 1522 αύτόν
1056 1485 1186 1539 φησι
1214 1469 1305 1521 τὸν
1337 1468 1507 1523 αἰῶνα
1536 1472 1629 1523 καὶ
1662 1472 1747 1523 ἐπ’
1768 1472 1937 1524 αἰῶνα

366 1563 457 1616 καὶ
481 1562 582 1615 ἔτι.
633 1564 690 1615 ὐ
730 1562 786 1614 δὲ
820 1560 989 1632 μέγας
1015 1561 1177 1613 Δασίδ
1207 1561 1342 1630 πρὸς
1373 1560 1435 1614 τὸ
1461 1562 1687 1615 κατόπιν
1714 1563 1935 1632 ἀγαγὼν

364 1652 464 1724 τὴν
513 1652 771 1715 διάνοιαν,
820 1647 998 1703 εἶπεν·
1065 1650 1117 1702 Ὀ
1150 1651 1217 1704 δὲ
1252 1652 1395 1717 Θεὸς
1434 1651 1732 1718 ,βασιλεὺς
1769 1652 1937 1721 ἡμῶν

365 1741 715 1810 προαιώνιος
740 1757 753 1772 ο
814 1742 907 1793 καὶ
954 1738 1115 1792 πάλιν
1136 1754 1150 1768 ·
1192 1740 1236 1790 Ε
1243 1741 1626 1793 ἰσακούσεται
1663 1744 1696 1795 ό
1732 1745 1872 1809 Θεὸς
1904 1746 1936 1796 d

364 1834 649 1902 ὑπάρχων
675 1833 788 1900 πρὸ
816 1831 933 1885 τῶν
955 1831 1201 1885 αἰώνων.
1253 1832 1389 1884 Ἀλλ’
1415 1835 1443 1886 6
1476 1834 1636 1901 σοφὸς
1679 1834 1935 1904 Εὐνόμιος

365 1923 639 1996 ἐρρῶσθαι
665 1924 879 1994 φράσας
908 1926 1019 1986 τοῖς
1039 1923 1375 1993 τηλικούτοις
1396 1924 1749 1996 καθηγηταῖς,
1771 1928 1935 1998 ἄλλην

366 2018 529 2088 φησὶν
558 2018 703 2086 ἡμᾶς
729 2016 905 2085 λέγειν
934 2016 1030 2086 τὴν
1074 2017 1305 2087 ἄναρχον
1334 2017 1497 2089 ζωὴν,
1529 2019 1720 2089 ἑτέραν
1749 2019 1806 2073 δὲ
1838 2020 1936 2091 τὴν

2042 648 2299 713 dicimus,
2342 651 2613 718 quomodo
2663 649 2821 703 nobis
2856 648 3225 718 pervulgatam
3262 648 3459 702 asserit
3507 664 3609 703 sa:-

2041 740 2285 793 culorum
2314 739 2703 794 dissectionem
2724 740 2748 792 ?
2772 739 2877 793 nisi
2904 739 3066 793 etiam
3101 754 3325 819 sacram.
3359 737 3608 808 Scriptu-

2040 847 2155 884 ram
2184 834 2385 886 saecula
2433 830 2676 887 dividere
2708 830 3009 885 Eunomius
3058 831 3220 893 dicat,
3256 845 3377 899 qua
3417 830 3607 885 eadem

2037 923 2391 993 intelligentia
2417 922 2616 977 divina:
2648 922 2775 976 vitae
2802 921 3125 975 inﬁnitatem
3157 922 3449 991 signiﬁcat,
3478 936 3606 975 cum

2038 1013 2205 1069 David
2261 1031 2486 1086 regnum
2517 1023 2643 1069 ante
2674 1014 2873 1069 saecula
2930 1013 3081 1084 quod
3120 1013 3221 1067 fuit
3279 1028 3609 1067 commemo-

2036 1110 2269 1171 raverit,
2298 1116 2353 1161 et
2383 1107 2561 1163 Moses
2605 1123 2765 1177 super
2804 1107 3001 1162 saecula
3030 1106 3122 1161 Dei
3155 1122 3381 1177 regnum
3417 1118 3605 1161 osten-

2035 1200 2087 1253 di
2113 1200 2518 1264 demonstrarit,
2545 1202 2618 1255 ita
2646 1210 2704 1255 ut
2746 1216 2810 1255 ex
2854 1200 3118 1254 ambobus
3160 1215 3261 1253 nos
3284 1201 3456 1254 simus
3483 1199 3608 1253 edo-

2036 1290 2107 1343 cti
2139 1290 2283 1360 quod
2310 1305 2471 1345 omne
2501 1291 2646 1359 quod
2702 1291 3007 1345 intervallis
3062 1289 3379 1344 distinctum
3424 1289 3608 1343 animo

2035 1382 2365 1452 concipitur,
2404 1383 2547 1436 intra
2589 1384 2826 1436 divinam
2871 1392 3119 1436 naturam
3150 1380 3606 1451 comprehensum

2035 1480 2119 1527 est
2149 1472 2416 1527 inﬁnitate
2446 1474 2563 1541 ejus
2589 1473 2681 1541 qui
2718 1473 3031 1527 universum
3061 1472 3324 1531 coatinet,
3363 1471 3511 1524 omni
3540 1486 3608 1525 ex

2035 1573 2187 1632 parte
2211 1564 2592 1618 terminatum?
2625 1563 2803 1619 Moses
2832 1564 2975 1618 enim
3009 1563 3063 1618 in
3100 1563 3152 1616 id
3181 1562 3325 1633 quod
3350 1563 3608 1631 deinceps

2036 1656 2539 1725 sequiturintuens,
2566 1657 2743 1725 ipsum
2774 1671 3005 1726 regnare
3025 1658 3153 1710 dicit
3175 1656 3430 1710 saaculum
3464 1663 3519 1710 et
3554 1655 3609 1708 in

2041 1746 2322 1809 saaculum,
2354 1754 2408 1799 et
2437 1746 2595 1799 ultra.
2630 1744 2858 1815 Magnus
2892 1752 3071 1799 autem
3102 1744 3266 1798 David
3283 1745 3350 1799 ad
3384 1744 3437 1799 id
3463 1743 3611 1813 quod

2039 1845 2185 1891 retro
2207 1844 2293 1892 est
2319 1836 2651 1906 cogitatione
2674 1835 2930 1899 adducta,
2954 1836 3114 1897 dixit,
3160 1835 3297 1889 Deus
3321 1849 3413 1887 rex
3434 1844 3612 1888 noster

2037 1940 2158 1984 ante
2182 1931 2378 1984 saecula
2405 1931 2471 1996 '7;
2503 1939 2556 1985 et
2584 1945 2815 1985 rursus:
2845 1929 3043 1983 Audiet
3074 1930 3210 1983 Deus
3240 1929 3331 1998 qui
3366 1936 3443 1981 est
3492 1935 3613 1979 ante

2039 2023 2235 2076 secula
2264 2023 2329 2075 ⁸⁸.
2361 2022 2467 2077 Sed
2514 2022 2734 2092 sapiens
2766 2022 3071 2076 Eunomius
3104 2022 3271 2076 tantis
3328 2020 3612 2089 magistris

365 2108 752 2179 ἀτελεύτητον’
810 2108 972 2162 πάλιν
1023 2107 1116 2161 καὶ
1158 2108 1366 2162 αἰώνων
1410 2108 1570 2161 τινῶν
1618 2112 1936 2182 ἑτερότητας

2039 2114 2219 2168 valere
2245 2113 2455 2174 dicens.
2486 2114 2651 2166 aliam
2697 2114 2774 2167 ait
2803 2129 2905 2167 nos
2957 2128 3204 2167 asserere
3252 2111 3419 2165 vitam
3464 2111 3613 2179 prin-

366 2201 460 2255 καὶ
502 2201 782 2272 διαφορὰς,
819 2199 1295 2270 συνδιασχιζούσας
1322 2203 1386 2271 τῇ
1421 2202 1695 2271 ἑτερότητι
1728 2202 1935 2256 ἑαυτῶν

366 2295 461 2347 καὶ
504 2292 602 2363 τὴν
645 2293 773 2363 περὶ
817 2292 949 2345 Θεοῦ
980 2291 1294 2361 φαντασίαν.
1347 2292 1489 2345 Ἀλλ’
1518 2292 1593 2356 ὡς
1624 2293 1690 2346 ἂν
1736 2293 1809 2364 μὴ
1848 2294 1934 2347 διὰ

369 2384 579 2456 μακροῦ
602 2383 812 2453 γένοιτο
839 2388 970 2455 ἡμῖν
996 2389 1028 2456 ή
1059 2387 1195 2457 πρὸς
1239 2386 1307 2438 τά
1334 2384 1599 2456 εἰρημένα
1629 2386 1796 2457 μάχη,
1839 2389 1936 2439 αὑ-

363 2477 461 2547 τὴν
494 2476 875 2545 προσθήσομεν
920 2475 1278 2529 ἀὸασάνιστον
1326 2475 1418 2528 καὶ
1462 2474 1808 2540 ἀνεξέταστον
1834 2476 1933 2545 τὴν

366 2566 658 2628 ὲν-τούτοις
677 2566 771 2619 τοῦ
801 2566 1062 2638 Εὑνομίου
1094 2564 1424 2634 φιλοπονίαν,
1456 2563 1647 2635 ἱκανὴν
1673 2560 1836 2619 οὖσαν
1867 2564 1932 2617 δι’

366 2655 439 2713 ὧν
471 2658 756 2723 σπουδάζει
805 2660 931 2729 περὶ
980 2659 1039 2711 τὸ
1070 2657 1262 2728 ψεῦδος
1313 2655 1669 2728 ἐκδηλοτέραν
1715 2661 1935 2729 ποιῆσαι

371 2757 483 2817 τοῖς
517 2756 752 2815 συνετοῖς
780 2751 877 2823 τὴν
903 2751 1175 2820 ἀλήθειαν.

2039 2205 2186 2275 cipio
2221 2214 2520 2270 carentem,
2550 2205 2711 2258 aliam
2742 2219 2871 2258 vero
2921 2204 3025 2257 ﬁne
3061 2210 3360 2257 carentem.
3397 2201 3612 2256 Rursus

2039 2302 2094 2349 et
2126 2293 2451 2348 saeculorum
2491 2292 2862 2361 quorumdam
2902 2294 3222 2355 varietates,
3269 2301 3322 2346 et
3362 2290 3615 2345 differen-

2038 2385 2145 2438 tias
2168 2400 2291 2453 quae
2327 2399 2426 2439 sua
2448 2384 2771 2439 diversitate
2820 2384 2985 2438 simul
3010 2384 3174 2437 etiam
3207 2382 3276 2437 de
3315 2382 3426 2437 Deo
3474 2382 3612 2435 ima-

2040 2476 2369 2547 ginationem
2395 2475 2733 2529 discindunt.
2779 2475 2888 2530 Sed
2916 2492 2985 2529 ne
3031 2476 3250 2545 longius
3282 2482 3466 2528 nostra
3516 2473 3613 2527 ad-

2039 2582 2232 2622 versus
2265 2567 2411 2620 dieta
2442 2568 2795 2637 protrahatur
2840 2582 3047 2638 pugna,
3081 2567 3257 2637 ipsam
3289 2566 3612 2636 adjiciemus

2041 2659 2281 2714 nondum
2334 2660 2685 2731 exagitatam,
2747 2675 2923 2728 neque
2988 2660 3350 2713 examinataui
3396 2660 3466 2712 in
3528 2659 3613 2714 his

2043 2748 2296 2806 Eunomii
2336 2752 2659 2806 industriam
2686 2794 2700 2818 ,
2745 2767 2867 2822 quae
2900 2751 3037 2806 satis
3090 2758 3177 2806 est
3222 2750 3457 2815 idonea,
3516 2766 3615 2821 per

365 2864 486 2917 quae
515 2848 760 2903 studiose
794 2854 1095 2915 occupatur
1130 2846 1182 2898 in
1237 2845 1544 2909 mendacio,
1587 2842 1654 2897 ad
1701 2843 2052 2900 illustriorem
2086 2845 2515 2917 intelligentibus
2548 2846 2853 2901 faciendam
2891 2848 3196 2901 veritatem.

446 2943 653 3013 Ἐρωτᾷ
684 2942 792 3012 γὰρ
817 2942 963 3010 ἡμᾶς
1011 2940 1213 3009 προῖὼν
1242 2939 1318 3010 τῷ
1354 2940 1496 3009 λόγῳ
1519 2982 1533 3003 ,
1570 2939 1620 2991 τί
1649 2956 1778 2991 ποτε
1814 2938 1939 3001 τοὺς

366 3033 565 3096 αἰῶνας
610 3032 853 3103 οἰόμεθα.
919 3032 1027 3086 Καί
1080 3048 1160 3084 τοι
1208 3048 1270 3099 γε
1314 3031 1645 3099 δικαιότερον
1696 3026 1764 3100 ἦν
1808 3031 1939 3099 παρ’

365 3123 523 3194 ἡμῶν
561 3122 707 3192 αὐτῷ
743 3122 811 3174 τά
846 3120 1069 3173 τοιαῦτα
1110 3118 1484 3190 προτείνεσθαι
1516 3117 1623 3171 τῶν
1656 3116 1944 3187 ἐρωτημάα

366 3233 493 3269 των.
543 3214 715 3276 Αὐτὸς
758 3213 867 3283 γάρ
898 3214 1041 3265 ἐστιν
1084 3213 1112 3263 6
1157 3211 1252 3263 τοῦ
1284 3210 1417 3263 Θεοῦ
1463 3210 1561 3279 τὴν
1611 3209 1798 3262 οὐσίαν
1846 3209 1943 3260 ἐπ-

2110 2940 2220 2995 Nos
2251 2944 2397 2997 enim
2430 2942 2790 3012 progrediens
2823 2957 3077 2998 sermone
3103 2943 3438 3012 interrogat,
3459 2941 3618 3011 quid-

2036 3047 2162 3086 nam
2188 3036 2404 3089 tandem
2430 3036 2628 3090 saecula
2656 3042 2932 3103 putamus.
2982 3035 3144 3103 Atqui
3174 3045 3290 3089 erat
3336 3035 3534 3101 justius
3581 3049 3612 3088 a

2038 3124 2196 3178 nobis
2227 3123 2330 3192 ipsi
2370 3125 2508 3179 tales
2561 3124 2893 3194 quaestiones
2961 3124 3210 3194 proponi.
3285 3123 3407 3193 Ipse
3449 3125 3613 3179 etiam

2038 3223 2125 3269 est
2180 3214 2273 3283 qui
2316 3212 2412 3269 Dei
2449 3215 2747 3269 essentiam
2796 3229 2857 3269 se
2920 3215 3247 3281 cognovisse
3308 3214 3613 3283 proﬁtetur,

366 3307 666 3377 εγνωκέναι
699 3305 893 3373 λέγων,
921 3307 950 3356 6
981 3304 1048 3357 τὰ
1072 3305 1205 3374 ἡμῖν
1229 3302 1494 3371 ἀνέφικτα
1522 3299 1843 3371 καταληπτά
1868 3302 1934 3371 τῇ

2041 3306 2242 3375 quique
2275 3321 2338 3360 ea
2369 3321 2489 3374 quae
2518 3307 2678 3360 nobis
2706 3308 2976 3374 attingere
3006 3320 3111 3357 non
3139 3305 3288 3367 licet.
3332 3306 3615 3361 intellectu

368 3401 475 3470 ἰδίᾳ
517 3399 728 3452 συνέσει
760 3394 1142 3467 διοριζόμενος.
1180 3394 1387 3447 Οὐκοῦν
1412 3393 1573 3455 αὐτὸς
1600 3394 1733 3463 ἡμῖν
1762 3409 1941 3460 φυσιο-

365 3489 588 3559 λογείτω
611 3490 708 3559 τὴν
735 3488 843 3540 τῶν
871 3485 1081 3539 αἰώνων
1108 3484 1314 3547 οὐσίαν,
1342 3487 1370 3537 6
1391 3484 1459 3538 τὰ
1490 3483 1746 3536 ἐπέκεινα
1768 3499 1942 3535 κατει-

364 3565 593 3651 ληφέναι
639 3578 956 3648 κομπάζων.
994 3576 1104 3629 Καὶ
1141 3575 1202 3627 τὸ
1229 3574 1615 3644 ἀμφίκρημνον
1660 3574 1819 3626 τοῦτο
1850 3572 1941 3625 καὶ

363 3676 702 3745 διλήμματον
734 3674 832 3741 τῆς
860 3669 1223 3740 ἀποκρίσεως,
1268 3668 1342 3739 μὴ
1374 3668 1493 3720 λίαν
1535 3666 1779 3737 φοϐερῶς
1819 3668 1941 3717 ἐπι-

368 3766 558 3819 σειέτω
602 3766 711 3826 τοῖς
742 3761 977 3823 ἰδιώταις
1012 3762 1159 3829 ἡμῖν,
1205 3760 1300 3822 ὡς.
1345 3761 1395 3811 εί
1439 3758 1558 3811 τόδε
1584 3759 1710 3821 τοὺς
1737 3758 1941 3821 αἰῶνας

366 3853 503 3909 εἶναι
534 3856 875 3925 νομίσαιμεν,
920 3854 1079 3923 τῆσδε
1139 3852 1235 3922 τῆς
1263 3851 1490 3913 ἀτοπίας
1516 3851 1937 3921 ὑπαπαντώσης,

366 3950 460 4001 καὶ
492 3948 539 4000 εἰ
566 3948 627 4000 τὸ
658 3947 862 4015 ἕτερον,
895 3945 992 4013 τῆς
1030 3943 1241 4014 ἑτέρας.
1291 3943 1359 3995 El
1393 3941 1513 4010 μὲν
1548 3941 1655 4009 γὰρ
1689 3941 1937 4007 ἀιδίους,

367 4041 521 4108 φησι,
558 4039 806 4107 λέγοιτε,
845 4037 1149 4103 Ἕλληνες
1176 4034 1395 4089 ἔσεσθε
1431 4032 1529 4085 καὶ
1555 4033 1941 4087 Οὐαλεντῖνοι

364 4131 465 4184 καὶ
505 4130 831 4197 ,ϐάρϐαρον
882 4128 934 4180 εί
976 4126 1045 4179 δὲ
1082 4124 1427 4194 γενητοὺς,
1477 4123 1707 4187 οὐκέτι,
1754 4126 1937 4195 φησὶν,

367 4220 768 4291 ὁμολογήσετε
804 4217 883 4282 τῷ
924 4214 1045 4281 Θεῷ
1072 4216 1136 4268 τὸ
1170 4214 1518 4284 ἀγέννητον.
1565 4216 1629 4267 Ὢ
1654 4216 1753 4283 τῆς
1792 4218 1939 4287 ἁμά-

365 4331 461 4383 χου
488 4312 688 4382 ταύτης
725 4312 816 4363 καὶ
843 4305 1307 4375 ἀνανταγωνίστου
1351 4307 1775 4378 ἐπιχειρήσεωςί
1815 4308 1939 4362 Ἐάν

364 4424 418 4458 τι
444 4404 696 4475 γεννητὸν
728 4402 1056 4473 ὁμολογηθῇ,
1086 4397 1131 4455 ὧ
1170 4400 1422 4471 Εὐνόμιε,
1456 4402 1489 4470 ἡ
1518 4399 1611 4453 τοῦ
1646 4401 1938 4471 ἀγεννήτου

365 4497 627 4567 ὁμολογία
653 4496 1146 4566 περιγραφήσεται.
1176 4496 1285 4547 Καὶ
1317 4491 1420 4545 ποῦ
1452 4510 1531 4545 σοι
1555 4493 1939 4563 διεῤῥυήκασιν

364 4592 421 4644 αἱ
466 4588 562 4642 τοῦ
593 4587 849 4657 γεννητοῦ
896 4587 1029 4658 πρὸς
1076 4586 1136 4639 τὸ
1172 4585 1464 4654 ἀγέννητον
1492 4584 1842 4654 τεχνολογίαι,
1871 4586 1936 4637 δι’

2042 3410 2145 3449 suo
2204 3395 2592 3464 comprehendi
2649 3395 2996 3449 determinat.
3062 3392 3231 3464 Igitur
3281 3395 3398 3465 ipse
3460 3396 3616 3450 nobis

2040 3485 2311 3540 edisserat
2360 3487 2687 3541 saeculorum
2751 3486 3072 3548 essentiam,
3105 3486 3199 3555 qui
3252 3486 3340 3540 illa
3380 3502 3616 3557 superna

2048 3591 2108 3630 se
2150 3576 2636 3645 comprehendisse
2688 3576 2921 3645 jac-litat.
2973 3579 3149 3647 Atque
3197 3577 3303 3630 hoc
3362 3580 3619 3646 utrinque

2040 3682 2283 3736 praeceps
2316 3674 2370 3721 et
2412 3668 2840 3722 dilemmaticum
2872 3668 3249 3736 responsionis
3282 3670 3334 3721 in
3374 3683 3476 3723 nos
3510 3668 3616 3722 im-

2043 3759 2270 3827 peritos,
2319 3773 2388 3811 ne
2448 3759 2612 3813 nimis
2650 3758 2968 3813 terribiliter
3026 3761 3257 3828 quatiat,
3292 3769 3352 3813 ut
3403 3762 3450 3814 si
3513 3760 3617 3814 hoc

2042 3850 2241 3905 saecula
2288 3865 2412 3903 esse
2467 3850 2823 3912 arbitremur,
2887 3851 3003 3904 [nec
3050 3851 3363 3905 absurditas
3420 3851 3617 3906 suboc-

2041 3948 2252 4003 currat,
2324 3948 2379 3993 et
2454 3941 2499 3994 si
2552 3940 2655 3994 hoc
2736 3942 2990 4004 alterum,
3060 3942 3250 3995 altera.
3330 3942 3392 3996 Si
3453 3947 3614 4004 enim.

2042 4030 2239 4098 inquit,
2288 4032 2605 4098 sempiterna
2644 4030 2870 4093 dicatis,
2909 4031 3081 4085 Cra-ci
3125 4034 3271 4087 eritis
3322 4043 3370 4086 et
3420 4032 3612 4085 Valen-

2043 4123 2140 4176 tini
2203 4132 2252 4176 et
2332 4123 2568 4177 barbari.
2636 4124 2791 4189 Quod
2841 4126 2887 4178 si
2954 4126 3149 4194 genita,
3208 4142 3309 4178 non
3367 4126 3614 4192 amplius,

2041 4213 2238 4283 inquit,
2284 4214 2668 4281 conﬁtebimini
2704 4214 2757 4267 in
2794 4213 2906 4267 Deo
2945 4216 3084 4283 quod
3115 4226 3194 4269 est
3240 4217 3543 4287 ingenitum.
3572 4216 3617 4271 Ο

2043 4305 2515 4375 inexpugnabilem
2555 4313 2610 4361 et
2634 4307 3038 4361 ineluctabileivi
3063 4310 3509 4378 aggressionem!
3559 4308 3615 4362 Si

2040 4397 2171 4466 quid
2208 4398 2475 4468 genitum,
2520 4413 2554 4452 o
2585 4397 2836 4464 Eunomi,
2878 4413 3200 4454 concessum
3233 4398 3417 4462 fuerit,
3466 4415 3619 4469 Inge-

2041 4487 2141 4541 niti
2166 4486 2443 4542 confessio
2470 4489 2793 4543 abolebitur.
2860 4488 2924 4541 Et
2957 4505 3067 4558 quo
3129 4491 3224 4545 tibi
3281 4489 3617 4544 emuxerunt

2038 4580 2205 4651 geniti
2233 4595 2359 4633 cum
2397 4580 2641 4650 ingenito
2665 4589 2819 4634 tanto
2854 4580 3087 4634 artiﬁcio
3116 4581 3490 4650 pronuntiata.
3519 4597 3619 4650 per

364 4676 440 4736 ὧν
470 4682 531 4736 τὸ
573 4682 822 4750 ἀνόμοιον
868 4680 971 4747 τῆς
1006 4678 1100 4732 τοῦ
1127 4676 1259 4731 Υίοῦ
1290 4679 1425 4747 πρὸς
1456 4676 1544 4730 τὸν
1572 4679 1936 4749 γεγεννηκότα

2040 4688 2160 4742 quas
2188 4672 2455 4728 dissimile
2492 4674 2747 4727 essentia:
2804 4672 2925 4727 Filii
2982 4688 3106 4726 cum
3165 4688 3229 4726 eo
3272 4673 3367 4742 qui
3425 4674 3616 4741 genuit

364 4774 548 4838 οὐσίας
571 4772 1069 4837 κατασκευάζεται;
1107 4772 1289 4823 Ἔοικε
1320 4770 1427 4840 γὰρ
1456 4770 1547 4838 ἀφ’
1579 4764 1653 4824 ὧν
1677 4772 1771 4824 νῦν
1800 4772 1940 4825 διδα-

367 4866 625 4936 σκόμεθα.
662 4864 736 4935 μὴ
765 4863 1032 4934 ἀνομοίως
1068 4861 1211 4931 ἔχειν
1248 4864 1276 4914 6
1310 4862 1501 4932 Πατὴρ
1540 4862 1680 4915 κατά
1718 4862 1813 4933 τὴν
1847 4864 1939 4917 οὐ-

366 4958 505 5019 σίαν,
534 4958 610 5019 ὡς
657 4956 790 5023 πρὸς
830 4954 889 5007 τὸ
917 4953 1174 5022 γεννητὸν
1209 4952 1598 5024 θεωρούμενος,
1643 4952 1777 5006 ἀλλά
1810 4954 1942 5006 καθ-

363 5052 482 5104 όλου
512 5053 577 5120 τῇ
605 5049 698 5102 τοῦ
729 5048 1020 5117 ἀγεννήτου
1049 5046 1306 5117 ὁμολογίᾳ
1328 5048 1407 5108 εἰς
1432 5045 1494 5098 τὸ
1524 5045 1596 5116 μὴ
1626 5045 1684 5098 ὃν
1713 5045 1941 5100 ἀναλύε-

364 5143 517 5196 σθαι·
556 5142 714 5213 εῖπερ
744 5142 810 5195 ἂν
837 5140 1127 5209 γεννητοὺς
1158 5140 1400 5208 εἴπωμεν
1432 5139 1557 5202 τοὺς
1599 5138 1820 5201 αἰῶνας,
1852 5141 1932 5201 είς

361 5235 422 5287 τὸ
453 5234 648 5305 μηκέτι
680 5232 771 5285 τὸν
800 5232 1091 5301 ἀγέννητον
1124 5229 1402 5300 ὁμολογεῖν
1432 5230 1754 5301 ἐναγόμεθα.
1795 5231 1932 5283 Ἀλλ’

365 5324 560 5394 ῐδωμεν
583 5324 680 5395 τὴν
710 5325 953 5394 ἀνάγκην
981 5324 1049 5377 δι’
1089 5318 1157 5395 ἦς
1182 5325 1328 5394 ἡμᾶς
1362 5324 1495 5395 πρὸς
1522 5325 1621 5394 τὴν
1658 5324 1935 5391 συγκατά-

363 5417 509 5469 θεσιν
535 5417 632 5487 τῆς
666 5417 893 5480 ἀτοπίας
923 5414 1129 5485 ταύτης
1158 5416 1573 5484 συναναγκάζει.
1612 5412 1712 5468 Ὦν
1736 5416 1845 5487 γὰρ
1865 5417 1933 5488 τῇ

361 5508 682 5575 παραθέσει,
712 5509 865 5576 φησὶ,
906 5509 1253 5579 προσγίνεται
1298 5508 1373 5578 τῷ
1421 5508 1538 5579 Θεῷ
1580 5509 1639 5562 τὸ
1677 5508 1931 5579 ἄναρχον,

359 5597 562 5650 τούτων
596 5597 693 5649 ούκ
737 5596 926 5661 ὄντων,
968 5599 1070 5653 οὐκ
1116 5598 1264 5651 ἔσται
1290 5598 1351 5650 τὸ
1383 5600 1817 5669 προστιθέμενον.
1870 5602 1933 5652 Ὢ

360 5688 455 5757 τῆς
490 5688 713 5757 ἰσχυρᾶς
742 5688 943 5758 ταύτης
988 5689 1083 5742 καὶ
1114 5689 1356 5758 ἀφύκτου
1399 5689 1588 5758 λαϐῆς,
1629 5690 1704 5754 ὡς
1732 5693 1796 5743 ἑκ
1823 5691 1931 5744 τῶν

365 5782 543 5849 μέσων
560 5779 709 5848 ἡμᾶς
734 5782 843 5841 τοῖς
863 5778 1074 5843 ἀλύτοις
1096 5780 1173 5850 ἂμ
1180 5798 1343 5850 μασιν
1359 5781 1661 5851 ἀθλητικῶς
1678 5782 1931 5851 διασφίγ-

433 5893 477 5925 "
528 5892 867 5954 Psal.nvu,
932 5893 1018 5947 15.
1095 5893 1142 5924 ⁸⁸
1166 5893 1309 5948 Psal.
1347 5911 1534 5962 LXXIII,
1581 5895 1663 5951 ιε.

684 5965 957 6024 Ριτιιυι..
1004 5964 1122 6025 Gn.
1156 5966 1345 6025 XLV.

2038 4765 2399 4835 prmstruitis?
2432 4764 2664 4819 Videtur
2689 4766 2834 4819 enim
2884 4781 2948 4818 ex
2988 4764 3189 4834 quibus
3253 4780 3401 4819 nunc
3453 4764 3617 4819 doce-

2037 4876 2181 4925 mur,
2219 4877 2326 4915 non
2355 4860 2611 4915 dissimili
2660 4859 2821 4914 modo
2861 4860 3063 4913 habere
3106 4859 3265 4914 Pater
3312 4862 3613 4915 secundum

2036 4953 2356 5018 essentiam,
2398 4958 2460 5005 ut
2508 4967 2632 5006 cum
2694 4951 2879 5020 genito
2933 4952 3353 5017 consideratur;
3405 4952 3499 5006 sed
3561 4954 3614 5005 in

2037 5046 2359 5099 universum
2411 5045 2640 5115 ingeniti
2679 5044 3034 5100 confessione
3084 5045 3148 5098 ad
3207 5046 3257 5098 id
3308 5046 3451 5115 quod
3506 5061 3615 5099 non

2037 5144 2141 5195 est.
2172 5138 2373 5192 resolvi
2399 5156 2413 5191 :
2451 5136 2720 5207 siquidem
2753 5138 2934 5208 genita
2963 5138 3162 5191 saecula
3187 5137 3516 5199 dixerimus,
3543 5138 3612 5191 ad

2038 5229 2406 5285 conﬁtendum
2456 5246 2565 5284 non
2600 5230 2837 5301 amplius
2862 5246 2983 5286 esse
3032 5232 3335 5301 ingenitum
3372 5231 3616 5299 impelle-

2040 5339 2183 5377 mur.
2236 5322 2342 5377 Sed
2400 5323 2683 5377 videamus
2734 5324 3120 5377 necessitatem
3174 5339 3271 5393 per
3299 5339 3462 5393 quam
3512 5338 3615 5378 nos

2042 5414 2110 5469 ad
2141 5416 2518 5470 assensionem
2555 5416 2913 5471 ahsurditatis
2960 5416 3127 5483 hujus
3162 5417 3474 5471 necessario
3519 5431 3614 5471 co-

2041 5507 2137 5576 git.
2170 5506 2413 5573 Quorum
2442 5509 2589 5563 enim
2614 5508 2978 5577 appusitione,
3007 5509 3203 5578 inquit,
3239 5507 3350 5562 Deo
3373 5509 3612 5573 advenit,

2040 5596 2092 5651 id
2116 5598 2261 5667 quod
2294 5598 2789 5667 principio.caret,
2838 5599 2883 5653 si
2931 5600 3046 5653 haec
3090 5615 3197 5653 non
3238 5598 3464 5662 fuerint,
3500 5614 3613 5653 non

2038 5690 2143 5745 erit
2170 5691 2317 5761 quod
2354 5690 2631 5761 adjicitur.
2677 5690 2723 5745 0
2752 5691 2987 5745 validam
3030 5691 3173 5745 hanc
3225 5699 3281 5745 et
3325 5691 3615 5746 inevitabi-

2042 5784 2147 5837 lem
2181 5784 2405 5851 luctam,
2443 5792 2505 5839 ut
2537 5799 2603 5840 ex
2637 5784 2833 5839 mediis
2886 5798 2986 5840 nos
3018 5783 3407 5840 insolubilibus
3464 5800 3613 5839 nemo

3204 5966 3280 6025 3b
