4146 6386
509 447 653 503 4607

521 565 627 621 bus
664 559 920 617 athletice
949 555 1281 614 constrictos
1330 555 1511 610 tonet!
1571 553 1898 609 seculorum
1928 565 2097 622 appo-
2127 551 2172 608 A

520 655 723 712 sitione
747 651 884 707 dicit
915 649 1028 706 Deo
1060 649 1320 704 advenire
1357 648 1683 717 ingenitum.
1719 646 1760 698 A
1804 660 1914 716 quo
1939 643 2103 699 adve-

528 743 688 798 nire?
719 741 856 808 Quis
882 741 985 795 hoc
1019 740 1116 804 ait,
1144 738 1291 809 quod
1324 737 1372 793 ei
1400 737 1492 807 qui
1531 747 1615 792 est
1655 737 1864 806 absque
1898 733 2103 802 princi—

527 835 637 903 pio,
663 848 728 887 ex
785 825 1153 900 acqiiisitionc
1197 845 1295 898 per
1350 827 1748 898 appositionem
1793 825 2103 895 aliquorum

527 924 740 980 accedit
785 923 1106 993 ingenitum.
1149 919 1335 990 Neque
1384 919 1575 982 dictio,
1610 932 1790 988 neque
1833 915 2104 970 sententia

527 1017 692 1083 hujus
720 1014 1080 1070 absurditatis
1107 1015 1163 1068 in
1214 1013 1420 1068 nostris
1455 1013 1610 1067 libris
1650 1008 2103 1079 deprehenditur.

537 1106 715 1161 Dictio
746 1107 968 1176 quidem
1002 1107 1086 1162 sui
1110 1105 1283 1176 ipsius
1311 1105 1417 1160 erit
1437 1112 1691 1174 patrona,
1713 1101 1847 1155 nihil
1876 1101 1985 1154 tale
2007 1098 2108 1152 ha-

529 1199 664 1253 bens
691 1199 857 1268 quale
878 1206 1069 1252 contra
1103 1211 1204 1252 nos
1239 1196 1506 1266 prolatum
1543 1202 1664 1249 est:
1701 1193 1973 1248 dictorum
2018 1205 2108 1245 au-

529 1298 638 1344 tem
686 1289 1131 1361 signiﬁcationis.
1183 1289 1308 1358 quis
1365 1287 1464 1342 ﬁdc
1492 1287 1711 1356 dignior
1761 1284 2109 1340 existimatus

453 1417 458 1420 -
533 1383 695 1439 fuerit
719 1385 1044 1455 explanator
1100 1398 1265 1454 quam
1319 1382 1423 1452 ipsi
1484 1387 1742 1451 parentes
1795 1375 2111 1434 sermonis?

528 1477 740 1532 Justius
767 1488 852 1532 est
885 1477 1052 1547 igitur
1077 1485 1137 1531 ut
1167 1490 1268 1530 nos
1290 1473 1421 1544 quid
1453 1472 1638 1526 animo
1663 1469 1933 1526 sentimus
1955 1468 2112 1524 dica-

533 1585 677 1623 mus.
718 1570 855 1624 Cum
886 1570 1031 1622 ultra
1060 1579 1112 1623 ct
1134 1578 1258 1622 ante
1288 1565 1490 1620 saecula
1524 1563 1616 1618 Dei
1653 1563 1818 1616 vitam
1854 1560 2027 1616 fuisse
2057 1565 2112 1612 et

532 1677 654 1716 esse
683 1675 1085 1724 asseveramus,
1115 1659 1352 1713 dicimus
1383 1656 1496 1719 hare
1527 1656 1671 1710 sicut
1703 1655 1755 1707 in
1793 1652 2110 1723 praeceden-

533 1753 683 1808 tibus
708 1752 855 1807 dicta
905 1759 1056 1805 sunt.
1100 1749 1225 1816 Sed,
1275 1749 1370 1811 ait,
1428 1747 1476 1801 si
1523 1745 1842 1801 saeculorum
1877 1759 1979 1796 non
2034 1753 2111 1796 est

534 1844 819 1910 appositio,
855 1842 1000 1896 nullo
1024 1842 1181 1896 modo
1207 1849 1379 1908 potest
1403 1855 1515 1893 esse
1545 1837 1600 1890 id
1628 1836 1766 1907 quod
1797 1836 1901 1889 Deo
1929 1850 1993 1890 ea:
2013 1834 2112 1886 hac

1761 436 1817 490 S.
1859 428 2189 491 GREGOBII
2226 425 2516 484 NYSSENI

3650 411 3784 467 1068

2201 545 2474 616 ξαςοέχειί
2525 542 2603 611 Τῇ
2650 537 2949 609 παραθέσει
2991 535 3100 600 ,τῶν
3145 533 3354 586 αἰώνων
3404 526 3788 602 προσγίνεσθαι

2203 639 2348 706 λέγει
2376 636 2454 706 τῷ
2495 632 2614 703 Θεῷ
2656 631 2718 684 τό
2766 628 3078 697 ἀγέννητον.
3127 624 3286 696 Παρὰ
3316 623 3458 685 τίνος
3496 621 3788 692 προσγίνε-

2207 728 2360 793 σθαι;
2410 725 2504 788 Τίς
2530 721 2683 777 τοῦτό
2723 733 2909 790 φησιν,
2941 717 3022 769 ὅτι
3051 714 3126 786 τῷ
3156 714 3404 783 ἀνάρχως
3431 711 3543 762 ὄντι
3581 707 3639 774 ἐξ
3667 707 3789 758 ἐπι-

2205 819 2450 886 κτήσεως
2482 813 2570 867 διὰ
2603 807 2954 883 παραθέσεως
2979 823 3138 860 τινων
3168 802 3522 876 προσγίνεται
3550 799 3610 852 τὸ
3636 797 3792 867 ἀγέν-

2206 927 2405 982 νητον;
2440 908 2576 962 Οὑτε
2627 907 2660 976 ἡ
2708 903 2872 969 λέξις,
2923 900 3047 955 οὑτε
3089 900 3124 968 ἡ
3170 897 3377 951 διάνοια
3418 894 3516 964 τῆς
3559 890 3793 951 ἀτοπίας

2207 979 2410 1075 ταύτης
2460 1004 2518 1055 ἐν
2553 1003 2666 1062 τοῖς
2699 995 2990 1068 ἡμετέροις
3016 991 3300 1060 ἐλέγχεται
3336 985 3536 1054 λόγοις.
3691 979 3792 1051 μὲν

2207 1097 2318 1168 γὰρ
2365 1073 2539 1158 λέξις,
2588 1090 2786 1159 ἑαυτῆς
2828 1086 2978 1139 ἔσται
3028 1082 3340 1152 συνήγορος,
3390 1075 3542 1129 οὐδὲν
3593 1073 3794 1143 ἔχουσα

2207 1189 2444 1244 τοιοῦτον
2476 1181 2586 1238 οἷον
2631 1182 2752 1238 καθ’
2786 1179 2943 1252 ἡμῶν
2970 1175 3360 1247 προενήνεκται
3383 1186 3398 1199 ο
3447 1168 3549 1237 τῆς
3586 1166 3642 1219 δὲ
3682 1165 3792 1218 τῶν

2211 1280 2516 1353 εἰρημένων
2537 1275 2846 1346 ἐμφάσεως,
2869 1271 2952 1334 τίς
2975 1269 3040 1323 ἂν
3062 1265 3331 1336 ἐξηγητὴς
3355 1258 3794 1353 ἀξιοπιστότερβ

2210 1371 2492 1444 νομισθείη
2537 1367 2715 1420 αὑτῶν
2745 1363 2853 1417 τῶν
2893 1361 3154 1430 πατέρων
3201 1356 3294 1410 τοῦ
3335 1353 3530 1421 λόγους
3583 1347 3792 1402 Οὐκοῦν

2212 1467 2370 1537 ἡμεῖς
2401 1460 2723 1529 δικαιότεροι
2757 1456 2935 1523 λέγειν
2965 1470 3020 1506 τι
3050 1447 3298 1519 νοοῦμεν.
3331 1447 3500 1498 Ὅταν
3538 1441 3794 1494 ἐπέκεινα

2212 1558 2320 1610 τῶν
2339 1554 2549 1609 αἰώνων
2571 1552 2667 1622 τὴν
2703 1547 2849 1619 ζωὴν
2877 1545 2967 1598 τοῦ
2995 1541 3128 1597 Θεοῦ
3156 1536 3293 1594 εἶναι
3321 1533 3687 1608 διοριζόμεθα,
3707 1530 3798 1584 λέ-

2213 1667 2381 1720 γομεν
2401 1647 2458 1700 δὲ
2475 1645 2645 1699 ταῦτα
2664 1643 2807 1712 ἆπερ
2830 1641 2886 1692 ἐν
2907 1640 3018 1700 τοῖς
3035 1635 3302 1705 φθάσασιν
3318 1630 3552 1700 εἴρηται.
3583 1624 3792 1687 Ἀλλὰ,

2215 1718 2349 1816 quid
2371 1781 2385 1805 ,
2425 1737 2532 1807 τῆς
2574 1733 2954 1802 παραθέσεως
2995 1726 3111 1781 τῶν
3144 1726 3372 1780 αἰώνων
3425 1722 3535 1775 οὐκ
3580 1718 3795 1783 οὔσης,

2214 1837 2514 1893 ἀδύνατον
2551 1825 2701 1884 εἶναι
2737 1826 2804 1879 τὸ
2846 1825 2914 1877 ἐκ
2951 1822 3170 1887 ταύτης
3208 1817 3288 1882 τῷ
3328 1811 3452 1878 Θεῷ
3480 1807 3796 1879 προστιθέ-

534 1893 819 2005 adiicitur:
847 1893 1168 2004 Appositam'
1209 1893 1356 1986 'dicit
1388 1946 1511 1985 esse
1557 1893 1902 1998 ἀγεννησίαν.
1959 1925 2114 1980 Dicat

2231 1944 2417 1983 meror.
2452 1917 2874 1995 Προστεθεῖσθαι
2901 1914 2955 1966 δέ
2989 1913 3089 1983 τὴν
3121 1906 3443 1978 ἀγεννησίαν
3479 1903 3647 1970 λέγει.
3685 1901 3792 1952 Λε-

535 2037 590 2081 et
615 2042 644 2080 a
672 2041 780 2096 quo
815 2026 921 2080 tale
946 2023 1078 2094 quid
1124 2022 1235 2077 Deo
1265 2023 1576 2092 appositum
1598 2028 1702 2076 est.
1764 2018 1821 2073 Si
1876 2016 2042 2089 igitur
2083 2029 2116 2070 a

537 2114 740 2183 seipso,
802 2112 1072 2166 ridiculus
1131 2110 1297 2166 fuerit
1343 2125 1498 2164 suam
1557 2109 1849 2163 amentiam
1894 2105 2115 2161 crimini

536 2213 760 2260 vertens
786 2205 992 2259 nostris
1024 2203 1403 2266 sermonibus;
1435 2202 1480 2256 si
1523 2209 1703 2255 autem
1749 2214 1777 2253 a
1805 2198 1988 2265 nobis,
2033 2196 2119 2252 di-

537 2298 775 2352 Ctionem
799 2297 1011 2364 recitet,
1035 2305 1087 2350 ct
1119 2295 1528 2351 accusationem
1562 2291 1936 2348 admittemus.

611 2477 716 2532 Sed
746 2478 857 2531 haec
897 2475 1272 2546 praetereunda
1313 2489 1437 2531 esse
1468 2473 1728 2536 arbitror,
1752 2482 1808 2528 et
1857 2488 2120 2543 quaecun-

538 2582 647 2638 que
679 2569 794 2622 haec
831 2574 1266 2636 consequuntur.
1294 2564 1674 2620 Proculdubio
1699 2565 1813 2620 haec
1837 2573 1965 2620 sunt
1999 2578 2124 2634 pue-

541 2661 786 2714 rulorum
831 2661 1041 2713 ludicra
1083 2676 1150 2714 cx
1179 2673 1347 2714 arena
1389 2657 1795 2714 exstructiones
1848 2656 2117 2726 quasdam

541 2757 895 2812 aediﬁciorum
947 2755 1410 2821 componentium.
1443 2753 1774 2810 Constructa
1814 2753 2123 2821 enimqua-

541 2850 666 2902 dam
709 2849 934 2903 membri
963 2849 1206 2918 periodo,
1239 2848 1322 2901 vix
1360 2846 1426 2900 ad
1479 2846 1637 2901 ﬁnem
1702 2844 1967 2914 pervenit,
1999 2857 2124 2898 cum

544 2945 716 3012 ipsam
749 2942 914 2995 vitam
946 2942 1280 2996 demonstrat
1308 2939 1559 3009 principii
1591 2945 1864 2993 exsortem
1897 2951 2040 3002 esse,
2071 2941 2127 2990 et

545 3037 696 3088 nullo
734 3034 840 3088 ﬁne
889 3034 1232 3088 terminatam
1287 3040 1534 3087 nostrum
1567 3040 1751 3084 votum
1809 3029 2040 3097 implens
2070 3026 2128 3080 in

546 3128 638 3181 tali
673 3126 874 3183 studio.
908 3126 1092 3194 Neque
1123 3126 1268 3180 cnim
1297 3141 1326 3179 a
1377 3124 1534 3178 nobis
1593 3122 1739 3175 aliud
1788 3120 1918 3190 quid
1974 3134 2128 3175 assc-

546 3224 687 3274 ritur
715 3235 879 3290 quam
913 3219 1055 3288 quod
1090 3233 1196 3272 una
1226 3227 1312 3272 est
1343 3225 1398 3272 et
1441 3216 1703 3270 continua
1740 3215 1857 3284 ipsa
1905 3229 2001 3279 per
2039 3227 2124 3267 se-

546 3313 722 3382 ipsam
755 3312 937 3366 divina
963 3311 1093 3370 vita,
1133 3309 1340 3362 inﬁnita
1369 3316 1423 3362 et
1449 3308 1801 3376 sempiterna,
1842 3305 1990 3359 nullo
2027 3303 2128 3356 ali-

548 3418 658 3471 quo
685 3402 919 3455 termino
948 3414 1185 3469 unquam
1217 3399 1493 3468 prohibita
1515 3397 1581 3450 ad
1617 3397 1912 3449 inﬁnitum.
1941 3393 2129 3447 Hacte-

551 3509 655 3548 nus
688 3493 924 3561 scriptor
982 3506 1114 3546 suos
1148 3490 1362 3544 labores
1415 3497 1469 3544 et
1503 3488 1732 3544 sudores
1767 3486 1981 3541 veritati
2012 3499 2132 3554 quae

551 3598 636 3641 est
665 3584 964 3642 secundum
1004 3599 1102 3638 nos
1135 3581 1378 3648 largitur,
1431 3579 1814 3633 demonstrans
1842 3576 2016 3646 ipsam
2053 3576 2133 3628 vi-

554 3691 660 3732 tam
694 3686 885 3731 neutra
909 3683 1066 3744 parte
1093 3672 1396 3730 terminari,
1438 3686 1615 3739 neque
1645 3669 1690 3725 si
1719 3669 1842 3738 quis
1871 3666 2016 3738 quod
2047 3675 2132 3722 est

555 3781 680 3824 ante
705 3768 900 3822 saecula
940 3766 1213 3835 exquirat,
1275 3779 1451 3831 neque
1482 3761 1525 3816 si
1561 3761 1704 3830 quod
1747 3761 1851 3814 erit
1883 3770 2007 3829 post
2048 3774 2136 3812 ra-

554 3863 865 3916 tiociuetur.
907 3859 1009 3913 Sed
1049 3859 1102 3911 in
1149 3855 1504 3925 sequentibus
1539 3870 1731 3908 rursus
1770 3854 1834 3904 ad
1870 3867 2025 3906 suam
2050 3867 2138 3905 rc-

556 3954 792 4007 volvitur
825 3951 1222 4006 confusionem.
1259 3949 1395 4001 Cum
1427 3947 1572 4000 enim
1621 3946 1850 4000 dixisset
1888 3943 2134 3998 eamdem

557 4062 678 4101 esse
711 4045 877 4099 vitam
935 4042 1204 4112 principio
1255 4047 1310 4093 ct
1353 4038 1456 4090 ﬁne
1490 4044 1789 4096 carentem,
1836 4035 2043 4087 omisso
2071 4033 2136 4085 de

557 4140 668 4191 vita
699 4150 972 4194 sermone,
1000 4133 1250 4188 nmiones
1279 4146 1399 4200 qua:
1429 4131 1482 4182 in
1529 4127 1712 4182 divina
1748 4126 1856 4178 vita
1889 4124 2140 4179 conside-

559 4241 774 4291 rantur,
837 4227 902 4279 ail
960 4239 1123 4278 uuam
1187 4237 1378 4278 omnes
1435 4219 1683 4274 notitiam
1725 4233 1848 4272 cum
1911 4215 2136 4285 redegit,

563 4335 730 4376 unum
771 4319 952 4372 omnia
988 4316 1135 4372 iecit.
1180 4315 1245 4370 Si
1293 4314 1435 4368 enim
1485 4313 1613 4378 vita,
1657 4309 1852 4378 inquit,
1893 4307 2140 4376 principii

562 4431 746 4478 expers
769 4422 818 4466 et
852 4412 954 4480 ﬁne
980 4426 1186 4472 carens,
1218 4417 1372 4478 atque
1411 4403 1831 4470 incorruptibilis
1861 4411 1936 4455 est
1975 4411 2022 4454 et
2056 4401 2142 4453 in-

563 4507 756 4575 genita,
785 4503 923 4557 idem
955 4513 1089 4557 esset
1119 4517 1242 4556 eum
1287 4500 1519 4570 ingenito
1564 4495 2064 4563 incorruptibilitas,
2095 4501 2144 4546 et

563 4597 701 4666 quod
731 4593 973 4662 principii
994 4601 1071 4646 est
1097 4607 1280 4646 exsors
1310 4606 1431 4643 eum
1459 4606 1518 4643 eo
1539 4587 1679 4659 quod
1711 4587 1867 4654 ﬁnem
1895 4584 2144 4639 ettermi~

566 4704 692 4740 imm
725 4704 826 4739 non
850 4686 1020 4738 habet.
1059 4685 1236 4753 Atque
1268 4683 1354 4736 his
1381 4681 1568 4750 adjicit
1596 4696 1661 4735 ex
1711 4675 2146 4732 ratiocinationi-

571 4781 672 4834 bus
699 4778 983 4832 auxilium.
1019 4775 1142 4829 Non
1170 4775 1309 4829 enim
1338 4773 1456 4842 ﬁeri
1489 4781 1675 4838 potest,
1723 4779 1781 4822 ut
1811 4786 1919 4822 una
1937 4767 2148 4838 quidem

569 4875 640 4924 sit
665 4873 792 4933 vita,
820 4867 1234 4934 incorruptibilis
1265 4884 1384 4920 vero
1409 4867 1552 4919 ratio
1580 4881 1685 4918 non
1711 4860 1993 4938 sigeadem
2029 4875 2149 4914 cum

572 4965 776 5018 ratione
806 4962 1022 5029 ingeniti
1043 4976 1062 5013 :
1080 4960 1333 5029 praeclare
1359 4959 1446 5012 hic
1471 4971 1769 5028 generosus
1795 4953 1964 5012 addit.
1988 4951 2150 5006 Putat

574 5064 754 5111 autem
782 5069 959 5123 neque
1009 5052 1236 5122 iustitia:
1293 5049 1560 5104 rationem
1602 5049 1872 5103 diversam
1927 5058 2052 5100 esse
2079 5043 2150 5098 ab

577 5148 662 5204 his
686 5162 807 5218 qua:
834 5145 978 5200 dicta
1005 5153 1156 5206 sunt,
1198 5142 1484 5205 exsistere,
1535 5155 1710 5211 neque
1753 5137 2038 5207 sapientiae
2064 5151 2153 5190 ra-

575 5245 781 5297 tionem
835 5246 890 5294 et
921 5238 1174 5308 potentiae
1205 5247 1263 5298 et
1293 5235 1574 5297 bonitatis,
1617 5241 1672 5286 at
1718 5229 2156 5299 uniuscujusque

576 5333 863 5387 nominum
899 5345 1020 5400 qua:
1054 5328 1162 5384 Deo
1206 5327 1405 5382 decore
1451 5330 1781 5395 congruunt.
1815 5320 1973 5376 Nulla
2017 5335 2155 5390 quo-

577 5443 683 5496 que
707 5431 778 5481 sit
815 5426 954 5478 ratio
979 5439 1100 5494 quae
1128 5421 1474 5492 peculiariter
1499 5427 1553 5474 et
1576 5418 1870 5487 separatim
1892 5416 2158 5487 intelliga-

579 5533 688 5585 tur,
714 5519 810 5575 sed
852 5521 906 5572 in
940 5517 1090 5572 onini
1136 5517 1419 5571 nominum
1449 5514 1771 5570 recensione
1831 5527 2000 5566 unum
2034 5512 2156 5567 sub-

574 5615 796 5683 jiciatur
833 5611 977 5682 quod
1021 5609 1396 5679 signiﬁcatur;
1422 5615 1583 5677 atque
1612 5622 1718 5660 una
1771 5604 2157 5674 descriptionis

579 5709 720 5760 ratio
753 5705 822 5760 de
855 5719 1184 5773 unoquoque
1213 5717 1402 5757 eorum
1434 5716 1556 5771 qua}
1581 5699 1865 5766 dicuntur,
1886 5695 2161 5751 deﬁnitio-

584 5816 708 5856 nem
741 5799 975 5869 expleat.
1020 5796 1086 5850 Et
1109 5797 1155 5850 si
1187 5797 1559 5864 interrogatus
1597 5792 1763 5847 fueris
1783 5789 2058 5860 quodnam
2092 5789 2161 5843 sit

575 5891 780 5962 iudicis
839 5888 1241 5960 signiﬁcatum,
1284 5884 1790 5957 interpretationem
1839 5881 1933 5951 τῆς
1999 5879 2160 5948 ἀγεν-

2217 2020 2360 2089 γέτω
2389 2016 2482 2070 καὶ
2507 1993 2641 2083 παρ’
2670 2012 2791 2064 ὅτου
2815 2006 2893 2077 τῷ
2915 2003 3033 2074 Θεῷ
3053 2001 3114 2055 τὸ
3134 1998 3370 2053 τοιοῦτον
3399 1993 3795 2066 προστέθειται.

2218 2112 2281 2164 Εἰ
2318 2109 2414 2180 μέν
2454 2102 2547 2159 οὖν
2584 2082 2714 2173 παρ’
2748 2095 2963 2161 ἑαυτοῦ,
3009 2092 3213 2164 γελοῖος
3259 2091 3325 2144 ἂν
3378 2089 3486 2158 εἴη,
3525 2085 3622 2156 τὴν
3663 2082 3798 2135 ἰδίαν

2218 2204 2403 2256 ἄνοιαν
2445 2195 2691 2267 ἐγκαλῶν
2729 2195 2844 2254 τοῖς
2880 2187 3168 2260 ἡμετέροις
3208 2183 3421 2252 λόγοις·
3474 2181 3522 2232 εἰ
3570 2178 3628 2230 δέ
3659 2173 3792 2244 παρ’

2219 2294 2400 2365 ἡμῶν,
2441 2285 2814 2354 ὑπαναγνώτω
2852 2281 2949 2352 τὴν
2994 2277 3157 2343 λέξιν,
3203 2275 3297 2329 καὶ
3338 2273 3437 2343 τὴν
3466 2267 3801 2339 κατηγορίαν

2219 2383 2500 2454 δεξόμεθα.

2305 2453 2464 2532 Ἀλλά
2502 2471 2881 2544 παραδραμεῖν
2921 2464 3074 2538 οἶμαι
3124 2462 3322 2534 χρῆναι
3366 2458 3460 2512 καὶ
3508 2453 3682 2508 ταῦτα
3710 2454 3807 2505 καὶ

2222 2573 2322 2626 ὅσα
2348 2568 2551 2622 τούτων
2592 2564 2733 2618 κατὰ
2765 2562 2824 2614 τὸ
2863 2557 3149 2613 ἀκόλουθον
3184 2554 3384 2623 ἔχεται.
3429 2547 3657 2601 Παιδίων
3695 2545 3808 2614 γὰρ

2223 2657 2480 2729 ἄντικρύς
2513 2656 2659 2707 ἐστιν
2703 2650 2992 2721 ἀθύρματα
3034 2640 3379 2701 κατασκευάς
3422 2652 3572 2696 τινας
3614 2633 3811 2686 οἰκοδο-

2229 2727 2496 2824 μημάτων
2529 2749 2585 2801 ὲν
2626 2745 2838 2816 ψάμμῳ
2873 2737 3236 2796 διατιθέντων.
3278 2731 3496 2794 Συνθεὶς
3541 2727 3649 2798 γάρ
3689 2742 3811 2778 τινα

2227 2817 2398 2898 κῶλον
2435 2838 2698 2909 περίοδον,
2731 2836 2825 2888 καὶ
2880 2832 3030 2902 μόλις
3069 2830 3161 2882 ἐπὶ
3200 2827 3255 2880 τὸ
3301 2825 3474 2896 πέρας
3502 2817 3811 2885 διεξελθὼν.

2227 2939 2322 3009 τὴν
2357 2934 2524 3004 αὑτὴν
2563 2930 2704 3002 ζωὴν
2749 2925 3125 2982 ἀποδείκνυσιν
3166 2917 3399 2990 ἆναρχόν
3440 2933 3499 2968 τε
3551 2909 3688 2966 εἶναι
3717 2910 3814 2962 καὶ

2229 3003 2602 3096 ἀτελεύτητον,
2635 3021 2906 3094 ἡμετέραν
2939 3017 3103 3087 εὐχὴν
3150 3011 3374 3083 πληρῶν
3400 3011 3458 3063 ἐν
3493 3010 3562 3078 τῇ
3587 3003 3814 3072 τοιαύτῃ

2232 3122 2455 3192 σπουδῇ.
2491 3119 2624 3172 Οὐδέ
2654 3118 2762 3185 γὰρ
2795 3113 2924 3183 παρ’
2956 3109 3112 3180 ἡμῶν
3155 3106 3286 3160 ἄλλο
3328 3121 3380 3156 τι
3416 3101 3636 3168 λέγεται
3664 3098 3698 3167 ἢ
3732 3097 3817 3149 ὅτι

2237 3221 2332 3290 μία
2361 3189 2475 3270 ἐστὶ
2503 3213 2598 3267 καὶ
2624 3209 2852 3277 συνεχὴς
2885 3203 3023 3274 αὑτὴ
3056 3202 3191 3272 πρὸς
3228 3197 3429 3268 ἑαυτὴν
3457 3196 3492 3265 ἡ
3525 3192 3646 3246 θεία
3669 3189 3814 3290 Fuit,

2230 3281 2453 3381 ἀπειρός
2482 3322 2542 3358 τε
2571 3302 2664 3357 καὶ
2697 3299 2886 3362 ἀΐδιος,
2925 3295 3020 3349 καὶ
3053 3289 3348 3361 οὐδαμόθεν
3397 3285 3570 3341 οὐδενὶ
3615 3281 3814 3351 πέρατι

2231 3375 2544 3470 κωλυομένη
2578 3395 2712 3467 πρὸς
2741 3393 2802 3445 τὸ
2829 3392 3096 3461 ἀόριστον.
3141 3385 3320 3454 Μέχρι
3370 3379 3573 3433 τούτων
3603 3378 3631 3428 ὁ
3658 3375 3817 3442 λογο·

2232 3466 2440 3567 γράφος
2490 3466 2628 3551 τοὺς
2670 3483 2863 3539 ἑαυτοῦ
2912 3481 3106 3541 πόνους
3161 3477 3253 3529 καὶ
3295 3473 3422 3536 τοὺς
3479 3467 3710 3540 ἱδρῶτας
3753 3466 3821 3534 τῇ

2233 3556 2367 3643 ὲὲιθί
2391 3585 2538 3656 ἡμᾶς
2585 3577 2811 3648 ἀληθείᾳ
2868 3570 3183 3644 χαρίζεται,
3239 3565 3451 3626 δεικνὺς
3494 3559 3593 3629 τὴν
3653 3556 3824 3626 αὑτὴν

2235 3679 2377 3749 ζωὴν
2402 3646 2520 3730 κατ’
2549 3646 2825 3739 οὐδέτερον
2860 3665 3020 3735 μέρος
3055 3649 3639 3749 περατουμένην,.οΰτε
3677 3646 3826 3749 εἰτὸ

2235 3772 2341 3842 πρὸ
2371 3768 2580 3824 αἰώνων
2618 3779 2702 3827 τις
2747 3757 3006 3824 ἐξετάζει,
3039 3752 3160 3806 οὔτε
3197 3752 3244 3802 εί
3277 3748 3336 3800 τὸ
3373 3742 3510 3815 μετά
3536 3740 3693 3794 τοῦτο
3731 3737 3825 3788 λος

2235 3830 2457 3932 γίζοιτο.
2499 3857 2636 3910 Ἀλλ’
2667 3857 2725 3908 ἐν
2765 3853 2876 3914 τοῖς
2917 3845 3112 3914 ἐφεξῆς
3144 3842 3305 3896 πάλιν
3356 3836 3490 3907 πρὸς
3539 3832 3638 3903 τὴν
3687 3830 3828 3883 ἰδίαν

2237 3919 2597 4023 ἐπανέρχεται
2645 3944 2923 4014 σύγχυσιν.
2966 3936 3149 3991 Εἰπὼν
3196 3934 3304 4003 γὰρ
3343 3929 3440 4000 τὴν
3477 3925 3644 3996 αὐτὴν
3686 3919 3828 3976 εἶναι

2240 4048 2383 4119 ζωὴν
2412 4016 2646 4113 ἀναρχόν
2667 4057 2724 4092 τε
2751 4036 2844 4090 καὶ
2867 4030 3242 4099 ἀτελεύτητον,
3273 4024 3430 4092 ἀφεὶς
3452 4021 3544 4074 τὸν
3567 4017 3695 4119 περὶ
3707 4016 3826 4119 ’της

2241 4106 2387 4209 iulia;
2413 4106 2590 4204 λόγὸᾲᾷ
2633 4130 2731 4194 τὰς
2765 4120 3236 4193 ἐπιθεωρουμένας
3273 4113 3566 4209 ὑπολήψεις
3610 4111 3685 4209 τῇ
3705 4106 3831 4209 θεία

2242 4231 2356 4302 ζωῇ
2407 4230 2486 4291 εἰς
2535 4226 2662 4297 μίαν
2711 4221 2811 4280 τὰς
2862 4216 3042 4277 πάσας
3086 4212 3292 4265 ἔννοιαν
3342 4203 3628 4268 συντάξας,
3664 4200 3724 4252 ἓν
3760 4199 3833 4250 τά

2245 4292 2424 4376 ᾆτάἐὶτα
2455 4292 2730 4386 ἐποίησεν.
2755 4313 2822 4366 Εἰ
2854 4309 2965 4378 γὰρ
2996 4307 3034 4372 ἡ
3069 4303 3202 4370 ζωὴ,
3234 4299 3418 4369 φησὶν,
3458 4292 3722 4386 ἇναρχός
3767 4307 3834 4342 τε

2245 4416 2344 4470 καὶ
2375 4385 2766 4474 ἀτελεύτητος
2793 4403 2890 4457 καί
2927 4396 3224 4468 ἄφθαρτός
3254 4395 3385 4446 ἐστι
3436 4387 3534 4442 καὶ
3574 4385 3835 4454 ἀγέννη-

2249 4525 2371 4572 τος,
2403 4501 2620 4557 ταύτὸν
2645 4498 2721 4551 ἂν
2747 4496 2843 4563 εἴη
2875 4491 2957 4557 τῷ
2983 4487 3289 4560 ἀγεννήτῳ
3311 4485 3347 4552 ἡ
3374 4478 3694 4572 ἀφθαρσιά,
3733 4475 3836 4572 καὶ

2177 4607 2223 4662 D
2249 4566 2341 4663 τῷ⁵
2360 4566 2732 4654 ἀτελευτήτῳ
2766 4586 2833 4639 τὸ
2884 4583 3168 4648 ἄναρχον.
3199 4575 3309 4630 Καὶ
3346 4569 3685 4663 προστίθησι.
3713 4566 3838 4618 τού-

2252 4658 2365 4750 τοις
2391 4685 2488 4754 τὴν
2517 4685 2580 4735 ἐκ
2607 4680 2713 4733 τῶν
2742 4673 3015 4744 λογισμῶν
3037 4667 3372 4739 συμμαχίαν.
3406 4665 3487 4717 Οὐ
3524 4658 3838 4754 pilatim-te:

2252 4749 2377 4842 τὸκ,
2408 4749 2562 4846 φησὶ,
2601 4774 2714 4841 τὴν
2749 4770 2865 4840 μὲν
2895 4767 3047 4833 ζωὴν·
3078 4759 3231 4817 εἶναι
3274 4759 3440 4846 μίαν,
3476 4753 3583 4806 τὸν
3607 4749 3691 4846 ἑδὲ
3727 4749 3838 4802 τοῦ

2255 4839 2554 4937 ἀφθάρτου
2580 4839 2870 4932 ,ιόγοκίιὴ
2901 4859 3007 4909 τὸν
3038 4852 3222 4907 αὑτὸν
3244 4845 3396 4901 εἶναι
3422 4842 3502 4908 τῷ
3530 4839 3636 4895 τοῦ
3663 4841 3841 4908 ἀγεν-

2256 4932 2452 5028 νίήτοι).
2479 4954 2658 5022 λόγῳ,
2700 4948 2878 5010 καλῶς
2913 4948 2942 4998 ὁ
2985 4944 3228 5012 γενναῖος
3275 4935 3644 5009 προστίθησιν.
3678 4932 3840 4982 Δοκεῖ

2257 5020 2330 5103 δὲ.
2355 5046 2487 5119 μηδέ
2509 5020 2600 5097 τδν
2637 5045 2735 5112 τῆς
2773 5037 3115 5104 δικαιοσύνης
3160 5032 3315 5100 λόγον
3346 5029 3533 5098 ’ἕτερον
3568 5022 3728 5119 *παρά
3767 5020 3842 5072 τὰ

2261 5114 2519 5212 εἰρημένα
2539 5135 2842 5206 τυγχάνειν.
2877 5129 3011 5199 μηδέ
3036 5127 3126 5178 τὸν
3149 5125 3247 5193 τῆς
3278 5120 3466 5190 σοφίας
3497 5115 3591 5170 καὶ
3617 5114 3708 5166 τὸν
3739 5114 3843 5212 τῇς

2259 5204 2538 5301 δύνά-μεως
2563 5204 2778 5280 καὶτὸν
2809 5223 2908 5290 τῆς
2957 5217 3309 5286 ἀγαθότητος,
3342 5211 3438 5265 καὶ
3469 5208 3699 5262 ἑκάστου
3729 5204 3842 5257 τῶν

2262 5294 2576 5392 θεοπρεπῶν
2613 5315 2906 5386 ὀνομάτων.
2941 5309 3050 5363 Καὶ
3086 5305 3273 5378 μηδεὶς
3323 5302 3462 5356 ἔστω
3490 5299 3652 5392 ,λόγος
3696 5294 3845 5392 κατὰ

2262 5415 2324 5469 τὸ
2372 5387 2567 5476 ἰδιάζον
2607 5407 2911 5476 νοοὺμενος,
2959 5400 3072 5456 ἀλλ’
3122 5399 3213 5451 ἐπὶ
3251 5393 3416 5448 παντὶ
3444 5391 3522 5462 τῷ
3558 5387 3846 5456 καταλόγῳ

2263 5507 2371 5560 τῶν
2396 5503 2689 5574 ὀνομάτων,
2720 5498 2776 5551 ἓν
2811 5493 3117 5550 ὑποκείσθω
3159 5490 3218 5543 τὸ
3266 5485 3660 5556 σημαινόμενον
3681 5496 3696 5508 ”
3749 5479 3846 5531 καὶ

2266 5597 2344 5663 εἷς
2375 5571 2694 5667 ὑπογραφῆς
2732 5592 2886 5659 λόγος
2931 5589 3021 5641 τὸν
3062 5583 3188 5654 περὶ
3217 5582 3444 5634 ἑκάστου
3478 5575 3583 5628 τῶν
3612 5571 3846 5667 λεγομέζ

2266 5711 2370 5747 νων
2402 5692 2522 5762 ὅρον
2546 5682 2958 5755 ἀποπληρούτω.
2985 5681 3104 5733 Κᾶν
3135 5673 3414 5748 ἐρωτηθῇς
3452 5668 3510 5722 τὸ
3533 5666 3625 5720 τοῦ
3653 5661 3848 5732 κριτοῦ

2270 5753 2682 5853 σημαινόμενον,
2722 5753 2821 5845 sipo
2857 5773 2952 5844 τῆς
3000 5765 3322 5836 ἀγεννησίας
3372 5757 3664 5853 ἑρμηνείαν
3709 5753 3850 5853 ἀπό-

2271 5892 2472 5947 κριναι.
2507 5870 2624 5926 Κᾶν
2657 5868 2754 5938 τῆς
2790 5863 3127 5930 δικαιοσύνης
3166 5858 3260 5931 δέῃ
3309 5854 3403 5908 τὸν
3450 5847 3673 5925 όρισμδν
3718 5846 3888 5918 ἀποχ
