4146 6386
399 458 540 516 ίθϐθ

1485 458 1762 517 CONTRA
1797 462 2164 521 EUNOMIUM
2199 506 2213 530 ,
2250 464 2375 521 LIB.
2415 464 2525 519 XII.

3520 465 3656 519 H70

389 578 594 638 δοῦναι,
623 573 684 627 τδ
712 572 999 643 ἀσώματόν
1032 588 1115 628 σοι
1142 574 1428 648 πρόχειρον
1454 579 1535 641 εἰς
1559 579 1654 650 τὴν
1684 580 1960 650 ἁπόκρισικ

2078 584 2291 651 νησίας,
2320 584 2372 637 id
2404 590 2512 639 est.
2554 580 2777 650 ingeniti
2814 579 3065 642 rationis,
3092 578 3382 648 responde.
3412 577 3474 631 Et
3502 583 3544 631 si
3568 582 3657 647 ju-

389 667 547 720 ἔστω.
576 666 641 718 Τί
672 665 728 719 δὲ
750 666 1003 735 σημαίνει
1028 668 1061 737 ή
1103 666 1401 739 ἀφθαρσία,
1428 670 1562 740 ὅπερ
1591 672 1623 740 ἡ
1663 671 1754 723 τοῦ
1784 671 1967 734 ἐλέους

390 759 603 821 πάντως
638 759 799 829 ἐρεῖς,
825 757 858 827 ἢ
886 758 918 828 ή
944 759 1042 829 τῆς
1065 758 1298 829 κρίσεως
1330 761 1573 831 σημασία
1608 764 1964 834 παρίστησιν·

388 848 530 903 οὕτω
567 850 661 902 καὶ
685 850 754 902 τὰ
796 849 916 902 καθ’
948 849 1174 904 ἕκαστον
1223 852 1397 905 πάντα
1428 853 1771 923 προσάλληλα
1806 872 1967 923 μετα-

389 943 653 1013 χωρείτω,
709 943 979 1013 μηδεμιᾶς
1028 942 1330 1014 ίδιαζούσης
1362 947 1647 1015 ἐμφάσεως
1685 946 1745 998 τὸ
1784 946 1967 1016 ἓτερον

386 1033 482 1085 τοῦ
510 1034 695 1103 ἐτέρου
721 1033 1157 1103 διαστελλούσης.
1192 1033 1294 1086 Καὶ
1332 1036 1379 1088 εί
1426 1035 1599 1090 ταῦτα
1633 1036 1909 1106 νομοθετεῖ
1940 1039 1968 1089 ὁ

389 1124 670 1193 Εύνὸμιος,
699 1124 751 1177 τί
783 1124 958 1194 μάτην
982 1125 1037 1177 αί
1065 1125 1279 1195 Γραφαὶ
1310 1126 1677 1198 πολυωνύμως
1695 1128 1791 1199 τὴν
1820 1129 1968 1184 Θείαν

390 1214 550 1285 φύσιν
596 1215 952 1269 ἀνακαλοῦσιν
999 1216 1163 1280 Θεὸν,
1212 1218 1426 1289 κριτὴν,
1463 1218 1690 1282 δίκαιον,
1728 1222 1964 1293 ἰσχυρὸν,

393 1310 759 1380 μακρόθυμον,
808 1309 1078 1380 ἀληθινὸν,
1127 1310 1415 1382 ἐλεήμονα,
1463 1313 1556 1365 καὶ
1612 1313 1745 1367 ἄλλα
1799 1315 1967 1368 πολλὰ

388 1401 609 1453 τοιαῦτα
654 1400 1153 1470 κατονομάζουσαι;
1187 1403 1250 1455 Εἰ
1297 1403 1405 1475 γὰρ
1436 1405 1586 1459 οὐδὲν
1629 1405 1737 1459 τῶν
1774 1407 1969 1477 ὀνομά-

387 1509 493 1545 των
537 1493 628 1546 ὲπί
672 1510 815 1555 τινος
864 1492 1169 1563 ίδιαζούσης
1217 1497 1423 1560 ἐννοίας
1471 1497 1965 1568 καταλαμϐάνεται,

388 1582 561 1635 πάντα
585 1582 641 1635 δὲ
662 1583 909 1653 ἀλλήλοις
926 1583 1015 1635 διὰ
1036 1584 1137 1653 τῆς
1166 1586 1307 1638 κατὰ
1334 1587 1394 1639 τὸ
1420 1588 1811 1659 σημαινόμενον
1840 1607 1969 1657 συγ-

386 1673 596 1743 χύσεως
632 1675 1031 1746 ἀναπέιρυρται,
1083 1679 1308 1747 μάταιον
1351 1678 1417 1732 ἂν
1466 1679 1553 1751 είη
1609 1681 1827 1744 πολλαῖς
1877 1683 1969 1734 ἐπὶ

386 1764 478 1817 τοῦ
505 1765 665 1819 αὑτοῦ
694 1768 813 1829 ταῖς
851 1768 1186 1837 ἐπωνυμίαις
1216 1769 1540 1841 κεχρῆσθαι,
1577 1772 1844 1842 μηδεμιᾶς
1868 1772 1969 1842 τῆς

386 1858 525 1910 κατὰ
566 1858 626 1910 τὸ
681 1858 1075 1929 σημαινόμενον
1135 1860 1398 1931 διαφορᾶς
1458 1863 1553 1916 ἀπ’
1607 1863 1850 1934 ἀλλήλων
1900 1864 1967 1916 τὰ

2070 677 2231 733 stitia:
2276 675 2647 729 deﬁnitionem
2707 682 2757 727 te
2783 671 3011 725 reddere
3058 677 3329 740 oporteat,
3380 669 3530 739 quod
3569 678 3656 725 cst

2068 769 2449 837 incorporeum
2519 763 2615 816 tibi
2650 762 2721 822 sit
2765 763 2818 815 in
2847 770 3095 831 promptu
3123 759 3190 814 ad
3217 760 3653 829 responsionem.

2068 858 2209 924 Quid
2240 865 2420 911 autem
2443 853 2711 925 signiﬁcet
2740 852 3246 921 incorruptibilitas;
3292 851 3437 921 quod
3483 853 3653 903 misc-

2067 951 2318 1005 ricordize
2340 949 2562 1005 omnino
2588 948 2759 1007 dices,
2785 945 3068 1015 veljudicii
3091 943 3419 1014 signiﬁcatio
3445 957 3643 1011 reprae-

2069 1050 2250 1098 sentat
2285 1060 2299 1096 :
2363 1041 2445 1096 sic
2481 1048 2536 1095 et
2561 1038 2775 1108 singula
2825 1038 3005 1091 omnia
3068 1036 3208 1089 inter
3264 1049 3324 1088 se
3352 1048 3633 1103 percurre.

2070 1133 2219 1187 nulla
2264 1132 2484 1202 propria
2512 1128 2856 1199 etjpcculiari
2902 1127 3300 1196 significatione
3332 1125 3555 1179 alteram
3587 1123 3656 1176 ab

2069 1227 2241 1279 altero
2301 1224 2691 1291 distinguente.
2758 1221 2824 1274 Et
2856 1220 2901 1274 si
2939 1220 3052 1273 haec
3109 1218 3301 1273 statuit
3329 1216 3653 1277 Eunomius,

2069 1315 2199 1385 quid
2224 1314 2430 1369 frustra
2488 1312 2785 1380 Scriptum
2832 1312 3021 1364 multis
3077 1310 3393 1364 nominibus
3418 1308 3655 1361 divinam

2071 1417 2324 1461 naturam
2349 1413 2569 1469 vocant,
2603 1403 2794 1467 Deum,
2824 1402 3087 1472 judicem,
3142 1403 3373 1471 justum,
3432 1398 3652 1460 fortem,
3690 1420 3700 1428 -

2068 1498 2455 1568 longanimem,
2492 1510 2701 1559 verum,
2732 1495 3167 1554 misericordem,
3201 1492 3434 1561 aliisque
3468 1490 3656 1545 multis

2068 1590 2337 1658 ejusmodi
2382 1588 2702 1643 nominibus
2736 1586 3113 1655 appellantes?
3166 1584 3223 1638 Si
3255 1584 3400 1639 enim
3439 1583 3653 1636 nullum

2070 1684 2264 1737 horum
2292 1682 2574 1735 nominum
2593 1680 2645 1733 in
2669 1680 2848 1748 aliqua
2871 1678 3110 1748 propria,
3137 1685 3190 1729 ot
3214 1676 3283 1729 ab
3302 1675 3426 1730 aliis
3445 1683 3656 1728 secreta

2069 1773 2261 1829 notitia
2323 1770 2829 1841 comprehenditur,
2881 1770 2976 1824 sed
3012 1768 3193 1823 omnia
3248 1768 3393 1822 inter
3461 1781 3521 1820 se
3558 1781 3654 1834 per

2070 1864 2497 1935 signiﬁcatorum
2520 1862 2896 1917 confusionem
2924 1862 3180 1929 permista
3212 1868 3339 1911 sunt
3360 1866 3413 1912 et
3434 1864 3657 1911 contur-

385 1948 625 2018 ὀνόματα
673 1951 1106 2027 διαστελλούσης.
1138 1956 1234 2020 Τίς
1280 1956 1627 2027 ἀπόπληκτος
1676 1957 1849 2022 οὕτως
1884 1959 1958 2022 ὠς

2067 1964 2210 2027 bata,
2238 1973 2434 2012 vanum
2462 1954 2627 2009 fuerit
2651 1953 2841 2007 multis
2865 1954 2919 2007 in
2942 1953 3133 2007 eodem
3162 1949 3239 2004 uti
3274 1949 3657 2020 appellationi-

384 2040 619 2107 ἀγνοεῖν,
641 2042 721 2095 ὅτι
746 2044 781 2114 ή
817 2045 915 2115 μὲν
956 2047 1077 2102 θεία
1116 2049 1296 2116 φύσις,
1319 2049 1347 2102 ὅ
1366 2049 1419 2101 τί
1448 2066 1579 2103 ποτε
1620 2050 1742 2103 κατ’
1771 2050 1958 2104 οὐσίαν

384 2131 519 2193 ἐστὶ,
557 2131 654 2202 μία
681 2136 847 2202 ἐστὶν,
879 2136 1025 2207 ἁπλῆ
1054 2156 1137 2203 τις
1170 2140 1262 2192 καὶ
1297 2140 1571 2211 μονοειδὴς
1614 2140 1708 2195 καὶ
1736 2141 1959 2195 ἀσύνθε-

383 2239 494 2287 τος,
522 2226 616 2278 καὶ
644 2230 765 2281 κατ’
795 2230 983 2284 οὐδένα
1021 2232 1241 2302 τρόπον,
1267 2233 1324 2285 ἐν
1348 2233 1564 2304 ποικίλῃ
1586 2235 1690 2287 τινὶ
1712 2234 1957 2287 συνθέσει

384 2311 763 2388 θεωρουμένηο
787 2322 820 2390 ή
860 2320 917 2373 δὲ
954 2321 1264 2394 ἀνθρωπίνη
1311 2322 1456 2395 ψυχὴ
1496 2325 1668 2395 χαμαὶ
1707 2326 1955 2394 κειμένη,

382 2407 475 2458 καὶ
502 2409 557 2459 ἐν
584 2408 660 2479 τῷ
690 2411 861 2483 γηΐνῳ
883 2412 1055 2485 τούτῳ
1097 2414 1196 2484 βίῳ
1241 2415 1699 2486 κατορωρυγμένη
1719 2455 1734 2477 ν
1774 2415 1850 2483 τῷ
1884 2416 1959 2485 μὴ

381 2496 640 2553 δύνασθαι
668 2502 951 2571 τηλαυγῶς
982 2506 1216 2558 κατιδεῖν
1245 2506 1305 2558 τὸ
1348 2505 1696 2576 ζητούμενον,
1740 2506 1960 2569 πολλαῖς

385 2588 611 2652 ἐννοίαις
637 2592 735 2662 τῆς
756 2593 1032 2663 άφράστου
1062 2595 1273 2663 φύσεως
1296 2596 1647 2668 πολυτρόπως
1684 2597 1776 2649 καὶ
1802 2598 1961 2650 πολυ-

387 2680 568 2749 μερῶς
603 2683 943 2754 ἐπορέγεται.
979 2687 1040 2738 οὑ
1075 2688 1216 2740 κατὰ
1250 2688 1347 2760 τὴν
1391 2686 1516 2758 μίαν
1565 2688 1685 2741 τινὰ
1726 2689 1962 2742 διάνοιαν

382 2770 444 2821 τὸ
470 2770 846 2843 κεκρυμμένον
876 2775 1199 2847 θηρεύουσα.
1230 2772 1308 2829 Ἦ
1335 2778 1442 2849 γὰρ
1469 2777 1533 2831 ἂν
1565 2776 1782 2841 εὔκολος
1818 2774 1885 2849 ἦν
1926 2782 1959 2849 ή

384 2864 704 2935 κατάληψις,
734 2868 783 2919 εί
818 2867 915 2936 μία
963 2886 1045 2931 τις
1086 2870 1216 2939 ἡμῖν
1261 2868 1445 2938 ἔφοδος
1484 2869 1619 2940 πρὸς
1664 2870 1762 2940 τὴν
1813 2870 1960 2923 Θείαν

381 2954 714 3027 ἀπεκέκριτο
741 2959 959 3025 γνῶσιν.
1003 2960 1137 3012 Νυνὶ
1162 2960 1218 3013 δὲ
1254 2961 1342 3014 διὰ
1381 2961 1479 3029 μὲν
1506 2962 1605 3030 τῆς
1632 2962 1961 3033 ἐμφαινομέ-

382 3061 479 3113 νης
514 3045 590 3116 τῷ
631 3048 793 3101 παντὶ
834 3050 1043 3117 σοφίας,
1088 3051 1251 3120 σοφὸν
1296 3048 1434 3104 εἶναι
1476 3052 1566 3105 τὸν
1617 3054 1710 3105 τοῦ
1762 3055 1961 3118 παντὸς

380 3134 774 3192 ἐπιστατοῦντα
807 3141 1127 3211 ὲνοήσαμεν.
1170 3142 1269 3196 Διὰ
1303 3142 1360 3195 δὲ
1402 3143 1500 3212 τῆς
1531 3142 1640 3196 τῶν
1669 3143 1960 3215 θαυμάτων

383 3229 803 3301 μεγαλουργίας,
832 3233 1113 3303 δυνάμεως
1159 3235 1396 3305 ἔμφασιν
1436 3235 1752 3305 ἐδεξάμεθα.
1792 3238 1864 3289 Τὸ
1905 3238 1961 3291 δὲ

380 3321 440 3385 ἐξ
476 3324 683 3378 ἐκείνου
732 3326 792 3379 τὸ
839 3329 947 3380 πᾶν
978 3328 1206 3398 ὲξῆφθαι
1242 3328 1534 3393 πιστεύειν,
1566 3329 1660 3381 τοῦ
1693 3329 1960 3400 μηδεμίαν

380 3415 545 3469 αὑτοῦ
600 3418 697 3488 τῆς
756 3418 1041 3490 ὑπάρξεως
1106 3420 1284 3475 αἰτίαν
1338 3415 1477 3474 εἶναι
1525 3422 1819 3492 τεκμήριον
1875 3422 1960 3491 γί-

380 3524 549 3564 νεται.

2063 2053 2188 2113 bus,
2220 2052 2266 2107 si
2301 2049 2449 2104 nulla
2516 2047 2815 2103 secundum
2869 2044 3232 2115 signiﬁcatum
3281 2040 3583 2096 differentia
3625 2054 3657 2093 ιι

2066 2160 2125 2199 se
2152 2142 2452 2211 distinguat
2488 2139 2735 2192 nomina.
2766 2137 2903 2203 Quis
2940 2137 3012 2188 ita
3064 2134 3319 2203 stupidus
3364 2139 3419 2187 et
3452 2131 3654 2185 attoni-

2064 2242 2178 2298 tus,
2218 2243 2279 2287 ut
2315 2234 2549 2303 ignoret,
2598 2229 2743 2299 quod
2784 2228 2965 2282 divina
2990 2226 3205 2296 quidem
3236 2234 3429 2279 natura
3460 2238 3655 2278 secun-

2066 2326 2194 2381 dum
2224 2324 2522 2381 essentiam
2553 2321 2815 2392 quidquid
2847 2328 2951 2381 est,
2980 2333 3086 2373 una
3120 2326 3224 2378 est,
3256 2316 3485 2385 simplex
3506 2329 3655 2383 qua:—

2066 2419 2191 2472 dam
2247 2424 2301 2471 et
2330 2414 2638 2473 uniformis,
2700 2420 2751 2465 et
2795 2410 3180 2480 incomposita,
3247 2416 3301 2461 et
3353 2406 3652 2476 quamnim

2066 2509 2228 2564 modo
2255 2510 2311 2563 in
2338 2508 2517 2575 aliqua
2541 2505 2691 2558 varia
2714 2503 3063 2557 concretione
3090 2507 3377 2563 cernatur,
3405 2499 3652 2551 humana

2068 2610 2247 2657 autem
2279 2600 2461 2652 anima
2515 2595 2665 2649 humi
2717 2595 2907 2663 jaccns
2940 2604 2993 2649 et
3024 2594 3125 2647 hac
3155 2601 3375 2647 terrena
3409 2590 3520 2643 vita
3555 2591 3654 2643 ob-

2068 2701 2213 2754 ruta,
2245 2691 2371 2760 quia
2399 2706 2508 2745 non
2534 2690 2711 2758 possit
2738 2686 2885 2757 quod
2913 2685 3173 2755 quaeritur
3226 2685 3373 2738 clare
3427 2690 3481 2736 et
3513 2681 3655 2735 dilu-

2066 2783 2187 2840 cide
2228 2783 2556 2853 perspicere,
2589 2781 2781 2835 multis
2818 2778 3026 2833 notitiis
3051 2776 3376 2831 iuetl'abilem
3403 2781 3651 2828 naturam

2069 2873 2254 2928 multis
2286 2872 2462 2926 modis
2499 2879 2553 2926 et
2586 2870 2946 2925 multifariam
2996 2869 3220 2938 expetit,
3270 2882 3379 2921 non
3417 2881 3524 2920 una
3556 2864 3656 2918 ali-

2067 2980 2174 3035 qua
2233 2964 2617 3032 intelligentia,
2679 2963 2824 3032 quod
2888 2962 3207 3016 abstrusum
3268 2968 3374 3023 est,
3420 2972 3651 3012 venans.

2066 3055 2202 3110 Nam
2234 3071 2365 3110 sane
2392 3054 2570 3110 facilis
2609 3063 2756 3111 esset
2787 3052 3239 3122 comprehensio,
3286 3052 3333 3105 si
3362 3065 3506 3104 unus
3530 3049 3655 3118 qui-

2067 3146 2191 3200 dam
2224 3146 2382 3199 nobis
2413 3146 2477 3199 ad
2515 3145 2755 3200 divinam
2784 3143 3171 3213 cogitationem
3205 3142 3384 3196 aditus
3405 3150 3656 3195 secretus

2068 3244 2236 3292 esset.
2297 3237 2456 3290 Nunc
2512 3242 2694 3289 autem
2756 3249 2852 3302 per
2884 3241 3236 3303 apparentem
3287 3232 3342 3285 in
3397 3231 3655 3285 universo

2066 3329 2197 3382 orbe
2223 3326 2571 3396 sapientiam,
2606 3325 2660 3378 id
2691 3325 2912 3393 sapiens
2932 3338 3054 3378 csse
3068 3322 3211 3391 quod
3232 3323 3490 3376 universo
3518 3336 3655 3390 prat-

2066 3420 2225 3479 sidet,
2248 3418 2636 3473 intelleximus.
2659 3415 2763 3470 Sed
2786 3432 2880 3485 per
2899 3416 3229 3469 mirabilium
3250 3412 3651 3468 miriﬁcentiam

2066 3509 2325 3581 potentia:
2358 3508 2821 3579 signiﬁcationem
2846 3508 3185 3577 accepimus.
3243 3504 3434 3560 Exillo
3469 3514 3652 3559 autem

380 3598 693 3655 universum
723 3602 955 3671 pendere
984 3602 1129 3671 quod
1152 3601 1463 3665 credamus,
1496 3603 1863 3659 certissimum
1890 3604 1948 3657 fit
1980 3611 2386 3674 argumentum,
2426 3601 2630 3655 nullam
2696 3615 2819 3655 esse
2879 3599 3002 3668 ejus
3030 3599 3369 3655 cxsistentize
3398 3613 3649 3653 causam.

449 3691 617 3744 Πάλιν
642 3692 704 3744 τὸ
726 3692 1005 3762 βδελυκτδν
1030 3693 1129 3757 τῆς
1162 3693 1359 3756 κακίας
1385 3695 1696 3763 νοήσαντες,
1716 3696 1777 3748 τὸ
1799 3695 1961 3749 ἀναλ-

378 3781 596 3835 λοίωτον
637 3783 800 3836 αὑτοῦ
846 3784 942 3837 καὶ
984 3784 1183 3853 ἀμιγὲς
1215 3784 1351 3855 πρὸς
1379 3786 1575 3839 κακίαν
1612 3786 1962 3857 καταλαμϐά-

379 3890 563 3943 νομεν,
590 3875 687 3944 τήν
716 3893 774 3928 τε
802 3874 893 3929 τοῦ
928 3875 1156 3929 θανάτου
1196 3876 1493 3950 διαφθορὰν
1523 3878 1709 3931 κακῶν
1737 3878 1962 3948 ἔσχατον

380 3961 517 4017 εἶναι
562 3966 878 4035 νομίσαντες
902 4006 915 4027 ,
964 3968 1231 4021 ἀθάνατόν
1287 3984 1347 4020 τε
1399 3970 1493 4021 καὶ
1550 3969 1825 4038 ἄφθαρτον
1872 3970 1962 4022 τὸν

379 4055 655 4125 ἀλλότριον
681 4057 877 4119 παντὸς
918 4055 1158 4109 τοιούτου
1199 4057 1468 4128 νοήματος
1497 4060 1877 4129 ὠνομάσαμεν,
1900 4061 1962 4113 οὑ

378 4146 439 4200 τὸ
468 4148 823 4218 ὑποκείμενον
860 4153 980 4213 ταῖς
1022 4149 1251 4213 ἐννοίαις
1288 4150 1510 4213 ταύταις
1560 4148 1961 4221 συνδιασχίζον-

376 4256 487 4305 τες,
512 4240 625 4295 ἀλλ’
650 4241 747 4294 ὃτί
778 4259 905 4311 ποτε⁵
943 4244 1059 4295 κατ’
1092 4243 1276 4296 ούσίαν
1310 4243 1478 4305 ἐστὶν,
1519 4244 1582 4296 ἓν
1626 4239 1761 4298 εἶναι
1800 4262 1962 4298 πεπιο

378 4329 684 4394 στευκότες,
726 4330 861 4402 πρὸς
900 4331 1080 4395 πάσας
1126 4330 1225 4395 τὰς
1266 4332 1517 4395 τοιαύτας
1560 4333 1856 4403 ὑπολήψεις
1901 4338 1963 4387 τὸ

375 4420 565 4491 νοηθὲν
595 4422 805 4485 οἰκείως
841 4421 984 4492 ἔχειν
1030 4422 1426 4493 ὑπειλήφαμεν.
1461 4424 1536 4477 Ού
1578 4425 1687 4495 γὰρ
1730 4425 1961 4494 μάχεται

376 4512 513 4583 πρὸς
554 4513 752 4584 ἄλληλα
805 4514 874 4567 τὰ
914 4515 1152 4585 ὀνόματα
1199 4516 1339 4569 κατὰ
1376 4516 1473 4587 τὴν
1517 4517 1624 4568 τῶν
1665 4517 1957 4570 ἀντιθέτων

2130 3694 2345 3747 Rursus
2369 3692 2832 3746 abominationem
2863 3697 2917 3743 et
2947 3691 3382 3745 exsecrationem
3440 3689 3651 3758 peccati

2063 3802 2189 3839 eum
2229 3786 2744 3844 animadvertimus,
2798 3782 3301 3837 incommutabilem
3336 3767 3457 3849 ejus
3482 3790 3645 3834 natu-

2060 3894 2176 3932 ram
2216 3887 2270 3932 et
2296 3878 2366 3931 ab
2404 3876 2553 3930 omni
2581 3875 2703 3929 labe
2726 3874 2937 3943 peccati
2968 3882 3271 3941 separatam
3298 3872 3656 3941 comprehen-

2060 3968 2265 4030 dimus,
2303 3975 2358 4021 et
2419 3967 2618 4021 mortis
2675 3965 2975 4035 perniciem
3028 3964 3296 4016 malorum
3344 3973 3651 4017 extremum

2065 4061 2339 4123 arbitrati,
2393 4057 2757 4113 immortalem
2794 4066 2849 4111 et
2892 4054 3386 4123 incorruptibilem,
3413 4054 3650 4108 alienum

2066 4151 2134 4205 ab
2156 4150 2304 4205 omni
2335 4149 2464 4203 mali
2495 4148 2717 4203 notione
2749 4148 3174 4210 nominavimus,
3207 4160 3317 4198 non
3345 4144 3653 4213 subjectum

2064 4240 2151 4295 his
2174 4241 2383 4295 notitiis
2410 4239 2813 4305 discindentes,
2834 4238 2927 4294 sed
2955 4237 3102 4307 quod
3133 4235 3434 4292 secundum
3455 4250 3653 4289 essen-

2061 4334 2193 4386 tiam
2224 4341 2329 4393 est,
2368 4347 2536 4386 unum
2568 4346 2691 4387 esse
2720 4331 3032 4398 credentes,
3062 4330 3111 4383 id
3136 4329 3280 4399 quod
3311 4329 3651 4383 intellectum

2063 4433 2170 4490 est,
2210 4422 2418 4493 aliquid
2444 4422 2653 4493 pr0prii
2702 4422 2902 4478 habere
2933 4438 3057 4477 cum
3085 4420 3337 4476 omnibus
3372 4421 3521 4476 hisce
3550 4436 3652 4475 no-

2065 4516 2309 4571 tionibus
2343 4516 2805 4571 existimavimus.
2839 4511 2960 4569 Non
2995 4515 3141 4570 enim
3172 4515 3314 4569 inter
3345 4529 3403 4567 se
3430 4514 3652 4567 nomina

296 4606 303 4619 ‘
374 4604 555 4672 φύτιν,
580 4605 653 4667 ὡς
690 4607 737 4657 εί
776 4605 837 4658 τὸ
875 4606 934 4659 ἒν
962 4607 1215 4677 ὑπάρχει,
1253 4607 1327 4678 μὴ
1354 4608 1420 4661 ἂν
1446 4608 1523 4678 τῷ
1554 4608 1702 4678 αύτῷ
1727 4609 1958 4662 συνθεω-

2063 4615 2329 4677 pugnant,
2389 4606 2695 4663 secundum
2743 4606 3120 4675 oppositorum
3174 4614 3451 4666 naturam,
3511 4612 3567 4657 ut
3602 4605 3652 4660 si

375 4697 605 4769 ρηθῆναι
647 4699 707 4751 τὸ
744 4699 963 4769 ἕτερον’
998 4700 1073 4763 ὡς
1098 4702 1198 4754 οὑκ
1240 4702 1511 4771 ἐνδέχεται
1537 4701 1679 4771 ζωὴν
1706 4702 1822 4771 ἃμα
1863 4703 1957 4754 καὶ

372 4788 599 4842 θάνατον
625 4791 751 4859 περὶ
778 4791 869 4844 τὸν
896 4792 1056 4844 αὑτὸν
1095 4793 1367 4863 νοηθῆναι,
1397 4793 1533 4847 ἀλλὰ
1558 4793 1779 4864 τοιαύτη
1810 4796 1956 4848 ἐστὶν

372 4882 601 4936 ἑκάστου
644 4882 750 4936 τῶν
796 4882 887 4935 ἐπὶ
937 4884 1035 4952 τῆς
1093 4884 1239 4947 θείας
1292 4885 1505 4953 φύσεως
1560 4886 1868 4957 λεγομένων
1921 4890 1954 4958 ἡ

371 4974 624 5043 ἔμφασις,
650 4974 788 5027 ὥστε
814 4975 916 5027 κᾶν
948 4974 1124 5047 ίδιάζῃ
1150 4976 1227 5047 τῷ
1256 4995 1319 5046 σῃ
1329 4978 1657 5048 μαινομένῳ,
1688 4980 1956 5050 μηδεμίαν

374 5066 541 5135 [σχειν
575 5067 711 5137 πρὸς
735 5068 796 5120 τὸ
843 5067 1333 5139 συνονομαζόμενον
1370 5070 1702 5124 ἐναντίωσιν.
1744 5071 1809 5123 Τί
1846 5071 1955 5143 γὰρ

374 5156 702 5211 ἐναντιοῦται
736 5157 815 5227 τῷ
854 5158 1134 5229 ἀσωμάτῳ
1182 5160 1242 5212 τὸ
1286 5160 1516 5223 δίκαιον,
1564 5161 1666 5215 κᾶν
1709 5162 1783 5233 μὴ
1819 5180 1954 5233 συμ-

369 5247 528 5320 ϐαίνῃ
571 5249 710 5329 κατὰ
750 5251 847 5320 τὴν
887 5249 1093 5303 ἔννοιαν
1131 5251 1378 5321 ἀλλήλοις
1409 5252 1477 5305 τά
1513 5255 1762 5324 ῥήματας
1790 5256 1953 5308 Ποίαν

366 5337 421 5389 δὲ
456 5340 633 5409 μάχην
676 5341 707 5408 ἡ
751 5338 1023 5409 άγαθότης
1052 5339 1163 5409 ἔχει
1208 5340 1341 5410 πρὸς
1384 5340 1446 5393 τὸ
1478 5340 1734 5407 ἀόρατον;
1766 5340 1953 5404 Οὕτως

367 5426 487 5478 οὐδὲ
520 5428 579 5479 τὸ
607 5428 775 5479 ἀΐδιον
809 5429 905 5496 τῆς
939 5429 1087 5492 θείας
1120 5430 1264 5498 ζωῆς
1292 5429 1495 5493 διπλοῖς
1524 5430 1747 5501 ὀνόμασί
1773 5448 1831 5483 τε
1860 5432 1953 5483 καὶ

366 5520 600 5588 νοήμασι
626 5520 1042 5591 γνωριζόμενον,
1083 5520 1163 5591 τῷ
1206 5522 1547 5591 ἀτελευτήτῳ
1596 5523 1689 5575 κει)⁸
1736 5522 1814 5592 τῷ
1858 5524 1953 5576 άν-

367 5609 519 5679 άρχῳ
544 5650 559 5670 .
601 5615 668 5681 τῇ
710 5611 940 5683 διαφορᾷ
982 5612 1089 5664 τῶν
1142 5614 1418 5680 ὀνομάτων
1473 5613 1971 5683 συνδιατέμνεται

366 5703 459 5753 καὶ
498 5702 618 5754 οὑδὲ
649 5703 843 5755 ταύτόν
884 5705 998 5755 ἐστι
1042 5704 1118 5774 τῷ
1153 5704 1323 5774 ἑτέρῳ
1354 5705 1629 5775 κατὰ“τὴν
1677 5706 1945 5775 σημασίακ.

363 5794 420 5843 τὲ
452 5792 639 5862 ἓτερον
669 5793 857 5863 ὄνομα.
890 5794 962 5845 Τὸ
1004 5795 1100 5865 μὲν
1148 5794 1254 5866 γὰρ
1300 5795 1398 5865 τὴν
1439 5796 1537 5864 τῆς
1583 5796 1775 5866 ἀρχῆς,
1809 5795 1868 5849 τὸ
1890 5796 1946 5848 δὲ

362 5882 459 5957 τὴν
486 5884 579 5939 τοῦ
611 5885 795 5951 τέλους
839 5887 1189 5957 ἀλλοτρίωσιν
1238 5886 1460 5952 ἔδειξενσ
1510 5886 1632 5939 οὔτε
1682 5889 1943 5959 μερισμόν

2062 4715 2231 4753 unum
2285 4700 2464 4760 adest,
2516 4711 2624 4751 non
2654 4698 2709 4750 in
2744 4696 2936 4751 eodem
2990 4695 3329 4765 intelligatur
3362 4693 3595 4747 alterum
3631 4712 3645 4747 :

2060 4793 2205 4846 sicut
2229 4790 2282 4843 in
2308 4789 2499 4845 eodem
2526 4789 2696 4842 vitam
2733 4787 2897 4841 simul
2936 4794 2990 4839 et
3018 4792 3246 4839 mortem
3278 4783 3507 4852 intelligi
3530 4798 3643 4837 non

2057 4883 2344 4953 contingit,
2373 4881 2469 4936 sed
2506 4881 2638 4935 talis
2664 4887 2750 4935 est
2778 4877 3218 4948 uniuscujusque
3245 4892 3434 4931 eorum
3472 4876 3650 4929 nomi-

2058 4988 2187 5026 num
2222 4987 2343 5041 quzn
2395 4974 2461 5025 de
2505 4972 2689 5025 divina
2739 4980 2935 5024 natura
2971 4967 3233 5022 dicuntur
3288 4966 3645 5035 significatio,

2064 5073 2125 5119 ut
2166 5066 2382 5120 tametsi
2408 5064 2719 5135 signiﬁcatu
2753 5070 3064 5133 separatum
3089 5061 3183 5125 sit,
3222 5060 3427 5114 nullam
3458 5068 3645 5113 tamen

2056 5158 2320 5212 adversus
2354 5155 2502 5209 aliud
2532 5155 2677 5225 quod
2710 5154 2875 5209 simul
2901 5168 3026 5207 cum
3056 5167 3123 5207 eo
3172 5152 3513 5216 nominatur,
3546 5151 3647 5205 ha-

2055 5249 2181 5303 beat
2214 5248 2681 5303 contrarietatem.
2709 5245 2850 5310 Quid
2882 5246 3028 5301 enim
3077 5244 3403 5312 incorporeo
3451 5242 3646 5296 adver-

2056 5348 2209 5395 satur
2227 5339 2460 5409 justum,
2484 5339 2585 5394 etsi
2624 5338 2766 5391 inter
2791 5352 2849 5392 se
2871 5335 3176 5390 secundum
3207 5333 3455 5388 notitiam
3480 5334 3643 5388 verba

2053 5447 2161 5485 non
2189 5431 2558 5486 conveniant?
2595 5429 2768 5496 Quam
2804 5436 2984 5482 autem
3019 5426 3181 5480 habet
3210 5442 3333 5479 cum
3372 5425 3641 5479 invisibili

2051 5524 2467 5599 repugnantiam
2494 5522 2753 5577 bonitas?
2784 5521 2875 5575 Sic
2908 5535 3083 5590 neque
3104 5518 3455 5573 divinreivitze
3484 5527 3643 5571 teter-

2051 5610 2306 5673 ternitas,
2330 5608 2467 5693 licet
2497 5613 2713 5667 duobus
2749 5612 3065 5666 nominibus
3088 5620 3143 5666 et
3192 5612 3515 5667 nationibus
3551 5612 3639 5665 di-

2054 5694 2368 5777 gnoscatur,
2396 5706 2465 5758 ab
2492 5720 2557 5761 eo
2605 5705 2751 5776 quod
2817 5704 3112 5759 terminum
3163 5720 3271 5758 non
3326 5704 3527 5767 habet,
3583 5712 3639 5758 et

2054 5796 2325 5865 principio
2376 5806 2554 5861 caret,
2600 5795 2883 5849 nominum
2940 5792 3241 5849 differentia
3272 5794 3635 5858 discinditur;

2049 5904 2226 5958 neque
2252 5887 2392 5943 idem
2422 5896 2505 5943 est
2536 5903 2658 5943 cum
2684 5887 2854 5943 altero
2882 5886 3181 5942 secundum
3215 5886 3636 5957 signiﬁcantium
