4146 6386
451 443 584 505 4'37!

447 574 678 624 alterum
716 574 935 614 nomen.
1001 552 1115 608 line
1145 547 1362 620 quidem
1402 541 1678 614 principii,
1716 537 1850 593 illud
1901 548 2033 588 vero
2062 535 2255 592 A‘rwa

2132 620 2409 691 ὀνομάτων
2435 612 2668 682 διαφορά
2698 603 3095 677 παρεσκεύασε.

448 657 573 712 ﬁnis
605 650 987 707 alienationem
1021 640 1262 698 ostendit
1289 657 1303 704 ;
1343 651 1517 705 neque
1561 630 1903 702 partitionem
1929 624 2030 678 ali-

447 763 612 819 quam
641 742 874 812 subjecti
910 739 1150 808 ipsorum
1199 731 1502 789 nominum,
1531 740 1654 795 qua:
1679 725 1732 776 in
1763 736 1829 776 eo
1854 717 2032 773 consi-

450 844 734 898 derantur,
771 831 1075 888 diﬁ‘erentia
1104 823 1440 896 pragstruxit.

526 935 648 988 llaec
680 931 895 1002 quidem
918 933 1047 980 sunt
1069 938 1190 993 qua:
1223 935 1252 973 a
1275 917 1433 973 nobis
1454 914 1734 978 dicuntur;
1757 923 1877 978 (pta:
1906 919 2035 960 vero

457 1031 524 1084 ab
558 1023 874 1080 adversario
902 1025 1115 1079 nostro,
1140 1009 1441 1068 secundum
1469 1007 1642 1076 ipsam
1670 999 1932 1056 dictionis
1964 1000 2038 1050 lo-

459 1120 752 1174 cutionem,
791 1112 916 1167 talia
953 1115 1099 1169 sunt,
1140 1113 1198 1159 ut
1249 1102 1458 1156 nullum
1493 1113 1558 1150 ex
1605 1090 2038 1148 ratiocinationi-

458 1214 562 1267 bus
595 1207 854 1261 auxilium
891 1203 1144 1276 habeant,
1193 1188 1559 1249 cuminteriln
1585 1189 1705 1256 ipse
1730 1184 2040 1256 prodigiose

457 1320 619 1360 voces
650 1297 960 1369 hujusmodi
997 1300 1318 1362 arrogantes
1353 1302 1518 1342 sensu
1575 1283 1721 1337 omni
1769 1286 2036 1339 carentes,

461 1399 514 1452 iu
571 1396 938 1450 membrorum
988 1397 1041 1442 et
1107 1383 1456 1456 periodorum
1508 1378 1679 1446 ﬁgura
1720 1381 1924 1427 temere
1977 1383 2040 1421 ac

465 1491 692 1546 fortuito
716 1494 968 1558 exspuat.
1013 1481 1289 1535 Dictorum
1320 1483 1500 1530 autem
1545 1471 1665 1540 ejus
1695 1467 1785 1521 hic
1841 1477 2042 1533 scopus

462 1593 546 1640 est
574 1604 585 1638 :
634 1581 838 1635 nullam
892 1591 1016 1631 esse
1048 1575 1392 1626 diversorum
1430 1565 1713 1620 nomiuum
1740 1555 2040 1614 secundum

465 1672 895 1744 signiﬁcationes
930 1663 1314 1722 diﬁ‘erentiam,
1351 1667 1409 1712 ut
1454 1654 1660 1725 aliquid
1701 1664 1891 1706 eorum
1923 1660 2044 1714 quas

467 1785 575 1823 non
610 1767 796 1821 insunt
853 1761 958 1832 ipsi
1017 1756 1315 1812 attribuere
1357 1749 1658 1804 videamur.
1710 1742 1848 1796 Nam
1902 1755 2042 1798 cum,

469 1859 781 1930 inquit,reri
808 1869 1070 1910 sermones
1102 1865 1167 1904 ea:
1194 1846 1444 1915 subjectis
1470 1853 1519 1896 et
1543 1835 1858 1911 signiﬁcatis
1890 1831 2041 1888 rebus
2076 1875 2122 1936 Β

460 1956 726 2026 judicium
772 1956 1004 2009 sumant,
1065 1954 1113 1998 et
1166 1941 1275 1994 alia
1331 1938 1454 1991 aliis
1506 1933 1660 1988 rebus
1715 1929 2044 1988 conveniant,

472 2055 602 2104 sicut
636 2044 893 2099 eteadem
945 2039 1155 2098 iisdem,
1212 2031 1508 2090 necessario
1557 2033 1760 2098 oportet
1824 2023 2050 2073 duorum

472 2138 700 2191 alterum
727 2149 858 2194 esse,
892 2130 968 2185 vel
997 2146 1104 2182 rem
1127 2143 1243 2196 qum
1295 2122 1601 2177 declaratur
1636 2130 1853 2184 prorsus
1880 2110 2052 2163 diver-

473 2246 611 2293 sam,
643 2226 719 2282 vel
743 2241 903 2295 neque
947 2223 1239 2276 orationem
1273 2232 1388 2286 qua:
1428 2230 1536 2268 rem
1589 2209 1824 2262 declarat
1853 2225 1858 2228 ·
1883 2202 2056 2255 diver-

475 2339 610 2376 sam.
645 2319 769 2373 Hzec
826 2327 879 2370 et
918 2316 1022 2369 alia
1054 2313 1221 2366 multa
1259 2311 1324 2362 ad
1373 2303 1637 2377 propositi
1667 2298 1818 2369 sc0pi
1876 2303 2056 2351 astru—

477 2417 716 2472 ctionem
767 2408 1134 2481 persequitur,
1180 2411 1466 2473 postquam
1495 2394 1764 2451 orationis
1791 2388 2055 2461 quasdam

485 2509 796 2572 relationes,
825 2513 878 2557 et
893 2499 1283 2570 appositiones,
1299 2504 1351 2548 et
1369 2489 1626 2562 speciem,
1645 2497 1698 2540 et
1721 2481 1974 2538 mensura
1984 2495 2058 2539 m,

478 2611 533 2657 ct
563 2610 790 2671 partem,
818 2603 873 2650 et
904 2604 1136 2661 tempus,
1169 2599 1222 2643 et
1255 2588 1434 2640 locum
1458 2584 1513 2636 in
1541 2579 1775 2634 medium
1808 2573 2057 2646 protulit,

482 2703 541 2748 ut
574 2710 668 2764 per
694 2694 890 2746 horum
919 2678 1489 2742 substractiones,sive
1505 2671 1852 2741 exceptiones
1876 2682 2062 2722 essen-

483 2792 573 2842 tiae
599 2783 886 2841 iudicatrix
918 2776 1213 2847 ἁγεννησία
1239 2775 1350 2827 ﬁat.
1387 2768 1562 2838 Hujus
1589 2772 1770 2820 autem
1795 2758 2062 2814 astructio

481 2881 552 2936 ad
585 2880 728 2932 hunc
761 2890 819 2929 se
848 2872 1008 2926 habet
1030 2868 1247 2922 modum
1276 2876 1435 2930 ;mea
1460 2867 1640 2913 autem
1673 2851 1910 2907 dictione
1941 2862 2066 2902 sen-

484 2972 709 3026 tentiam
731 2966 1058 3038 exprimam.
1089 2958 1207 3014 Non
1241 2955 1384 3012 aliud
1411 2954 1564 3025 quid,
1595 2949 1794 3018 inquit,
1829 2955 1914 3001 est
1955 2945 2066 2997 vita

483 3076 651 3132 quam
714 3056 974 3115 essentia,
1019 3069 1086 3106 ne
1117 3051 1298 3119 aliqua
1351 3042 1677 3115 compositio
1726 3041 1780 3094 in
1834 3035 2067 3106 simplici

489 3129 684 3208 natura
722 3149 1080 3218 intelligatur,
1129 3145 1180 3196 in
1211 3143 1262 3196 id
1290 3140 1435 3211 quod
1492 3135 1784 3206 participat
1810 3141 1866 3186 et
1923 3129 2068 3200 quod

491 3243 850 3316 participatur
880 3239 1103 3293 notione
1127 3235 1322 3289 divisa.
1348 3229 1456 3284 Sed
1489 3229 1652 3292 idem,
1692 3223 1890 3292 inquit,
1924 3218 2070 3291 quod
2099 3229 2141 3286 ο

491 3345 576 3391 est
606 3336 740 3397 vita,
768 3339 852 3387 est
877 3334 1040 3386 etiam
1070 3325 1334 3386 essentia,
1367 3321 1684 3393 praeclaram
1745 3316 1906 3370 istam
1951 3309 2074 3382 phi--

493 3428 797 3499 losophiam
833 3424 1076 3478 tradens.
1111 3419 1305 3472 Nullus
1345 3416 1489 3470 enim
1515 3426 1706 3466 eorum
1754 3409 1846 3478 qui
1877 3404 2077 3461 mentis

493 3533 622 3580 sunt
673 3527 972 3590 compotes,
1007 3510 1418 3570 contradixerit,
1462 3509 1576 3560 haac
1620 3518 1729 3558 non
1761 3504 1836 3557 ita
1896 3514 1956 3555 se
1984 3499 2080 3554 ha-

497 3618 646 3671 bere.
673 3612 776 3666 Sed
811 3606 1084 3680 quomodo
1104 3604 1402 3658 orationem
1438 3597 1503 3651 ad
1532 3609 1759 3665 scopum
1786 3590 2078 3654 conclusit,

501 3713 544 3762 si
569 3706 711 3778 quod
744 3702 1016 3775 principio
1047 3705 1196 3753 caret
1245 3693 1638 3764 signiﬁcantes,
1683 3685 1880 3755 inquit,
1915 3682 2081 3737 vitam

499 3800 894 3872 signiﬁcamus,
948 3795 1090 3846 hanc
1122 3799 1302 3843 autem
1361 3786 1526 3838 vitam
1579 3780 1874 3836 essentiam
1900 3775 2085 3830 dicere

503 3891 750 3947 veritatis
813 3901 995 3943 sermo
1020 3881 1321 3951 compellit,
1381 3878 1556 3948 ipsius
1583 3872 1783 3926 divinae
1809 3867 2084 3928 essentiae,

507 3987 704 4055 inquit,
745 3978 1167 4051 signiﬁcativum
1228 3987 1353 4027 esse
1400 3966 1741 4038 ingenitum?
1771 3961 1880 4016 Nos
1905 3968 2087 4014 autem

507 4081 649 4148 quod
680 4075 861 4148 genita
878 4087 986 4126 non
1017 4071 1089 4123 sit
1117 4069 1183 4121 ab
1201 4067 1307 4119 alio
1327 4063 1511 4118 divina
1531 4063 1638 4115 vita
1667 4057 1834 4128 (quod
1870 4055 2090 4126 quidem

506 4173 783 4244 signiﬁcat
817 4163 1088 4238 principio
1117 4159 1359 4215 carentis
1400 4153 1574 4220 notio)
1617 4161 1672 4208 et
1707 4151 1809 4220 ipsi
1857 4149 2093 4204 assenti-

516 4283 657 4321 mur.
712 4263 892 4333 lpsum
929 4265 1108 4312 autem
1161 4251 1304 4321 quod
1347 4246 1686 4318 signiﬁcatur
1741 4258 1836 4312 per
1869 4241 2094 4296 verbum

511 4375 626 4415 non
653 4356 894 4427 genitum
923 4364 1066 4412 esse,
1123 4343 1441 4400 existimare
1494 4337 1812 4396 essentiam,
1849 4333 2095 4386 solorum

515 4452 607 4522 qui
645 4449 830 4503 lurore
879 4441 1227 4498 concitantur
1261 4448 1384 4488 esse
1413 4429 1764 4483 arbilramur.
1788 4423 1923 4490 Quis
1952 4421 2098 4476 enim

516 4545 590 4599 ita
613 4542 838 4596 demens
864 4543 917 4589 et
945 4551 973 4586 a
998 4531 1207 4586 ratione
1229 4524 1404 4584 avius,
1434 4529 1492 4574 ut
1513 4517 1884 4573 deﬁnitionem
1912 4527 2102 4568 essen-

518 4640 629 4698 tia},
670 4650 774 4688 non
801 4644 921 4685 esse
970 4625 1234 4697 genitum,
1273 4613 1620 4689 pronuntiet?
1653 4608 1723 4664 Ut
1755 4610 1899 4664 enim
1937 4622 2099 4676 gene-

521 4734 662 4783 ratio
689 4721 1069 4794 cognationem
1099 4714 1261 4767 habet
1291 4724 1414 4763 cum
1443 4721 1508 4761 eo
1534 4703 1680 4774 quod
1710 4702 1951 4772 genitum
1996 4704 2102 4758 est,

518 4823 595 4876 ita
629 4817 885 4873 nimirum
917 4807 1160 4878 ingenito
1189 4819 1297 4857 non
1340 4797 1624 4869 generatio
1653 4799 1936 4863 congruet.
1971 4790 2107 4844 Cum

521 4915 690 4983 igitur
727 4908 783 4962 id
813 4903 958 4975 quod
993 4917 1099 4955 non
1125 4907 1207 4953 est
1236 4897 1293 4948 in
1318 4893 1481 4946 Patre
1506 4885 1844 4959 ἀγγεννησία
1882 4884 2109 4938 demon-

525 5013 681 5064 stret.
718 4997 992 5070 quomodo
1017 5007 1116 5045 nos
1138 4983 1659 5044 demonstrationem
1677 4979 1798 5049 ejus
1826 4975 1973 5045 quod
1999 4990 2108 5029 non

527 5099 690 5159 inest,
731 5092 799 5146 ad
825 5087 1118 5145 essentiam
1182 5082 1358 5135 facere
1385 5071 1812 5132 conﬁtebimur?
1868 5068 1973 5123 Sed
2006 5067 2109 5123 sibi

526 5187 629 5258 ipsi
662 5201 787 5241 cum
817 5182 966 5237 dedit
998 5177 1143 5248 quod
1169 5190 1346 5244 neque
1395 5187 1425 5225 a
1459 5170 1638 5232 nobis,
1693 5179 1872 5235 neque
1893 5161 2114 5234 exposi-

528 5291 709 5335 torum
755 5271 1146 5338 consequentia
1179 5270 1283 5338 ipsi
1312 5262 1650 5323 conceditur,
1703 5272 1896 5328 nempe
1947 5255 2111 5324 ἀγεν-

529 5373 722 5444 νησίαν
747 5371 840 5424 Dei
871 5367 1071 5421 divina:
1105 5363 1227 5415 vita:
1259 5373 1381 5414 esse
1425 5352 1869 5424 signiﬁcativam,
1892 5347 2116 5403 conclu—

534 5467 622 5523 sit.
659 5463 728 5518 Ut
755 5471 934 5516 autem
974 5453 1337 5510 clarissimum
1367 5447 1528 5502 ﬁatin
1559 5445 1660 5498 hoc
1685 5442 1806 5496 loco
1834 5440 2004 5510 ipsius
2020 5439 2116 5492 de-

534 5559 903 5613 liramcntum,
953 5547 1033 5602 sic
1081 5555 1390 5599 sermonem
1445 5536 1860 5592 consideremus
1924 5551 1935 5586 :
2019 5544 2115 5600 per

537 5664 657 5719 qua:
685 5646 828 5702 enim
869 5645 922 5696 in
955 5640 1115 5693 Patre
1144 5635 1211 5689 ad
1236 5631 1562 5702 ἁγεννησίαν
1596 5624 1852 5683 essentia:
1878 5624 2118 5677 circum-

540 5738 1002 5797 duxitrationcm,
1028 5728 1431 5786 examinemus,
1467 5737 1594 5776 uum
1617 5721 1781 5775 etiam
1807 5717 2008 5788 pariter
2027 5729 2123 5785 per:

539 5832 759 5889 easdem
784 5823 1286 5899 argumentationes
1309 5827 1361 5873 et
1399 5815 1518 5870 Filii
1544 5812 1836 5870 essentiam
1865 5808 1932 5862 ad
1962 5809 2122 5876 ἁγεν·

543 5921 737 5996 νησίαν
768 5920 1121 5982 adducemus.

1701 420 1756 474 S.
1801 408 2131 470 GREGORII
2165 404 2455 464 NYSSENI

3571 378 3710 434 107?.

2298 525 2391 580 τοῦ
2441 515 2859 588 ὑποκειμένουὴ
2904 510 3010 565 τῶν
3056 502 3534 574 ἑπιθεωρουμὲνων
3563 501 3714 564 αυτῷ

2205 885 2285 938 Τά
2322 883 2418 953 μὲν
2445 879 2510 949 δὴ
2536 876 2663 946 παρ’
2691 873 2848 944 ἡμῶν
2880 870 3069 933 ταῦτα,
3094 867 3162 919 τά
3194 865 3250 918 δὲ
3292 860 3444 933 παρά
3485 859 3580 913 τοῦ
3620 875 3720 911 πο-

2136 977 2425 1048 λεμοῦντος
2457 973 2586 1041 ἡμῖν
2614 969 2730 1021 κατ’
2764 964 2931 1034 αὐτὴν
2962 962 3057 1032 μὲν
3090 961 3189 1029 τὴν
3215 958 3312 1028 τῆς
3341 954 3541 1021 λέξεως
3583 950 3722 1020 σύμ-

2140 1089 2358 1146 φρασιν,
2413 1061 2639 1120 τοιαῦτά
2697 1061 2864 1118 ἐστιν,
2913 1053 2988 1116 ὼς
3043 1048 3309 1122 μηδεμίαν
3370 1044 3466 1115 τὴν
3507 1045 3570 1094 ἐκ
3615 1039 3723 1093 τῶν

2138 1133 2412 1234 λόγισμῶν
2461 1155 2776 1227 συμμαχίαν
2839 1149 2981 1217 ἔχειν
3005 1187 3018 1205 ,
3067 1140 3367 1201 ἀλλοκότως
3413 1134 3576 1190 αὐτοῦ
3623 1133 3723 1196 τὰς

2140 1256 2393 1317 τοιαύτας
2422 1245 2754 1320 στομφώδεις
2797 1242 2889 1294 καὶ
2929 1237 3274 1303 ἀδιανοήτως
3314 1228 3495 1300 φωνὰς
3529 1229 3585 1279 ἐν
3619 1223 3727 1277 κώ-

2140 1351 2246 1402 λων
2268 1345 2360 1399 καὶ
2388 1316 2651 1411 περιόδων
2673 1335 2912 1406 σχήματι
2944 1328 3077 1399 πρὸς
3099 1325 3158 1378 τό
3181 1341 3242 1376 συ
3253 1321 3390 1393 μϐάν
3423 1316 3730 1374 ἀποπτύον-

2141 1459 2252 1504 τος.
2295 1439 2353 1490 ⁹Ο
2399 1434 2454 1487 δὲ
2507 1429 2705 1490 σκοπὸς
2753 1425 2860 1478 τῶν
2904 1419 3209 1489 λεγομένων
3259 1407 3410 1476 οὗτός
3461 1414 3614 1464 ἐστι·
3667 1404 3731 1456 τὸ

2147 1531 2416 1605 μηδεμίαν
2461 1521 2599 1579 εἶναι
2649 1521 2756 1574 τῶν
2809 1513 3067 1570 ποικίλων
3121 1507 3398 1578 ὀνομάτων
3443 1502 3582 1556 κατὰ
3629 1498 3731 1560 τὰς

2143 1626 2407 1698 ἐμφάσεις
2439 1615 2722 1686 διαφοράν,
2744 1609 2821 1680 τῷ
2862 1626 2914 1661 τι
2949 1607 3058 1658 τῶν
3088 1604 3145 1657 οὺ
3180 1598 3486 1672 προσόντων
3517 1592 3730 1661 δοκοίη-

2318 1714 2440 1769 Τῶν
2471 1712 2580 1782 γὰρ
2607 1685 2870 1772 ἀληθῶν,
2904 1699 3037 1770 φησὶ
3058 1738 3073 1760 ,
3120 1695 3316 1780 λόγων
3342 1691 3411 1744 ἐκ
3445 1685 3564 1741 τῶν
3591 1689 3729 1739 ὐπο-

2147 1780 2433 1880 όιειμένων
2458 1780 2554 1856 καὶ
2589 1794 2974 1865 δηλουμένων
3011 1784 3366 1856 πραγμάτων
3397 1780 3734 1848 λαμϐανόν-

2152 1866 2267 1956 των
2296 1901 2410 1966 τὴν
2436 1894 2760 1960 ἐπίκρισιν,
2796 1884 2892 1939 καί
2940 1879 3058 1934 τῶν
3103 1877 3317 1944 ἐτέρων
3345 1873 3565 1939 ἑτέροις
3592 1866 3739 1934 πρά-

2152 2007 2334 2064 γμασι
2363 1979 2912 2054 συναρμοζομένων,
2931 1972 3135 2040 ὥσπερ
3161 1963 3243 2022 αὖ
3277 1965 3376 2019 καὶ
3399 1963 3514 2018 τῶν
3541 1957 3739 2014 αὐτῶν

2154 2052 2278 2149 τοῖς
2307 2052 2531 2144 αὐτοῖς,
2559 2052 2628 2139 ἐξ
2657 2070 2923 2140 ἀνάγκης
2959 2063 3054 2118 δεῖ
3085 2060 3257 2115 δυοῖν
3281 2053 3431 2110 εἶναι
3471 2052 3739 2118 θάτερον,

2154 2187 2194 2254 ἣ
2225 2184 2322 2237 καὶ
2352 2181 2415 2234 τὸ
2455 2175 2693 2243 πρᾶγμα
2729 2169 2795 2223 τὸ
2829 2165 3203 2234 δηλούμενον
3242 2155 3477 2218 πάντως
3516 2150 3740 2216 ἕτερον,

2156 2239 2378 2348 ἧμηδὲ
2422 2239 2530 2325 τόν
2558 2239 2862 2335 (inicio-ca
2907 2259 3111 2326 λόγον,
3159 2251 3382 2317 ἕτερον.
3432 2242 3614 2296 Ταῦτα
3651 2239 3746 2294 καὶ

2159 2367 2331 2423 πολλὰ
2376 2363 2468 2417 ἐπὶ
2504 2360 2712 2420 τούτοις
2751 2353 2885 2408 ἄλλα
2925 2347 3148 2402 τοιαῦτα
3199 2341 3334 2409 πρὸς
3363 2338 3460 2407 τὴν
3485 2335 3576 2387 τοῦ
3610 2349 3748 2402 προ-

2159 2462 2403 2521 τεθέντος
2443 2453 2591 2522 αὐτῷ
2632 2446 2834 2502 σκοποῦ
2879 2437 3223 2506 κατασκευὴν
3263 2431 3616 2502 διεξέρχεται,
3657 2428 3750 2477 ὲκ-

2160 2552 2339 2608 6αλὼν
2371 2547 2465 2603 τοῦ
2491 2547 2648 2614 λόγου
2681 2539 2892 2612 σχέσεις
2928 2533 3100 2594 τινάς,
3131 2529 3225 2583 καὶ
3273 2522 3624 2594 παραθέσεις,
3657 2518 3750 2570 καὶ

2163 2643 2324 2707 εἶδος,
2353 2641 2444 2694 καὶ
2474 2640 2689 2710 μέτρον,
2712 2633 2806 2686 καὶ
2833 2627 3015 2700 μέρος,
3046 2623 3139 2676 καὶ
3163 2619 3376 2690 χρόνον,
3409 2615 3502 2668 καὶ
3528 2613 3749 2683 τρόπον,

2163 2739 2238 2801 ὼς
2269 2735 2356 2790 διὰ
2384 2733 2484 2802 τῆς
2519 2729 2722 2782 τούτων
2768 2718 3167 2790 ὑπεξαιρέσεως
3205 2713 3302 2782 τῆς
3347 2709 3532 2767 οὐσίτις
3589 2703 3756 2755 ἐνδει-

2168 2827 2360 2898 κτικὴν
2411 2823 2508 2893 τὴν
2552 2815 2876 2888 ἀγεννησίαν
2919 2807 3189 2880 γενέσθαι.
3247 2805 3310 2856 Ἦ
3354 2802 3410 2855 δὲ
3447 2794 3756 2864 κατασκευὴ

2168 2885 2355 2974 τοῦτόν
2405 2885 2631 2983 ἔχειτὸν
2673 2906 2904 2977 τρόπον·
2954 2897 3094 2963 λέξω
3139 2895 3195 2948 δὲ
3227 2895 3294 2964 τῇ
3335 2886 3569 2961 ἐμαυτοῦ
3613 2885 3758 2949 λέξει

2169 3012 2230 3063 τὸ
2261 2976 2466 3077 νόημαῖ
2495 3003 2608 3054 Οὐκ
2636 2976 2762 3053 ἄλλο
2799 3013 2870 3055 τι,
2897 2991 3084 3062 φησὶν,
3117 2985 3156 3053 ἡ
3188 2987 3302 3058 ζωὴ
3343 2982 3492 3053 παρὰ
3532 2979 3631 3050 τὴν
3670 2976 3762 3030 οὑ-

2175 3105 2295 3157 σίαν
2339 3097 2504 3158 ἐστὶν,
2537 3095 2612 3156 ὼς
2638 3091 2702 3146 ἂν
2744 3090 2816 3160 μή
2849 3103 2930 3150 τις
2969 3082 3216 3142 σύνθεσις
3269 3077 3396 3148 περὶ
3447 3074 3544 3144 τὴν
3585 3070 3762 3137 ἁπλῆν

2175 3195 2342 3246 νοοῖτο
2372 3187 2552 3258 φύσιν,
2585 3182 2720 3254 πρὸς
2757 3180 2816 3234 τι
2851 3176 3075 3248 μετέχον
3116 3174 3210 3225 καὶ
3261 3167 3617 3240 μετεχόμενον
3662 3162 3763 3228 τῆς

2177 3285 2383 3344 ἐννοίας
2421 3273 2802 3349 μεριζομένης.
2844 3267 2983 3321 Ἀλλ’
3021 3265 3173 3326 αὐτὸ,
3215 3260 3400 3331 φησὶν,
3442 3259 3578 3328 ὅπερ
3617 3253 3767 3306 ἐστὶν

2177 3373 2377 3446 ἡζωὴ,
2411 3369 2567 3424 οὐσία
2617 3365 2754 3428 ἐστὶ,
2807 3359 2988 3421 καλῶς
3048 3357 3114 3410 τὰ
3166 3353 3388 3408 τοιαῦτα
3437 3344 3763 3419 φιλοσοφῶν.

2179 3439 2252 3521 (λὺ
2284 3439 2392 3535 γάρ
2425 3463 2488 3518 ἄν
2514 3478 2597 3524 τις
2629 3456 2873 3513 ἀντείποι
2902 3452 3009 3505 τῶν
3058 3449 3179 3502 νοῦν
3211 3447 3459 3516 ἐχόντων,
3494 3442 3569 3512 μὴ
3598 3439 3771 3492 ταῦτα

2179 3531 2536 3626 οὕτωςίἕχειν.
2586 3548 2750 3606 Ἀλλά
2795 3545 2912 3608 πῶς
2956 3544 3047 3596 τὸν
3079 3542 3233 3609 λόγον
3283 3537 3376 3590 ἐπὶ
3426 3536 3517 3589 τὸν
3569 3531 3772 3586 σκοπὸν

2185 3650 2563 3720 συνεπέρανεν,
2606 3644 2654 3696 εἰ
2703 3641 2765 3694 τὸ
2813 3638 3048 3707 ἄναρχον
3093 3631 3466 3702 σημαίνοντες,
3488 3626 3640 3694 φησὶ,
3671 3622 3772 3692 τὴν

2184 3743 2328 3813 ζωὴν
2357 3717 2731 3809 ἐσημήναμεν,
2761 3731 2964 3799 ταύτην
2990 3727 3044 3779 δὲ
3068 3726 3167 3795 τὴν
3201 3721 3344 3793 ζωὴν
3367 3719 3553 3773 οὐσίαν
3593 3717 3776 3783 λέγειν

2185 3836 2214 3887 ὁ
2255 3832 2356 3902 τῆς
2396 3829 2650 3900 ἀληθείας
2697 3821 2994 3891 ἀναγκάζει
3041 3818 3232 3885 λόγος,
3283 3813 3451 3882 αὐτῆς
3495 3805 3632 3862 εἶναι
3674 3806 3778 3875 τῆς

2188 3900 2338 3986 Θείας
2367 3921 2570 3982 οὐσίας,
2602 3917 2756 3987 φησὶ.
2784 3909 3118 3984 σημαντικὸν
3147 3908 3206 3959 τὸ
3239 3905 3560 3973 άγέννητον;
3587 3900 3782 3968 ἰἰμείς

2188 4017 2246 4070 δὲ
2294 4015 2354 4067 τὸ
2411 4012 2508 4083 μὲν
2559 4009 2632 4080 μὴ
2680 4002 3037 4075 γεγεννῆσθαι
3084 4000 3212 4069 παρ’
3254 3997 3438 4066 ἐτέρου
3490 3992 3586 4062 τὴν
3630 3989 3784 4042 θείαν

2192 4107 2356 4178 ζωὴν,
2385 4106 2521 4174 ὅπερ
2550 4101 2800 4172 σημαίνει
2828 4097 2861 4166 ἡ
2891 4093 2984 4147 τοῦ
3027 4093 3264 4160 ἁνάρχου
3308 4086 3532 4148 διάνοια,
3563 4081 3659 4136 καὶ
3689 4078 3786 4133 αὑ-

2192 4171 2276 4254 τοὶ
2294 4171 2686 4265 συντιθέμεθα.
2734 4188 2873 4243 Αὐτὸ
2899 4187 2954 4239 δὲ
2980 4185 3039 4238 τὸ
3067 4183 3154 4237 διὰ
3178 4183 3281 4253 τῆς
3303 4179 3394 4233 τοῦ
3432 4177 3503 4247 μὴ
3534 4171 3790 4242 γεγεννῆ-

2198 4291 2322 4344 σθαι
2360 4287 2554 4352 λέξεως
2594 4280 3022 4354 σημαινόμενον,
3063 4275 3248 4329 οὐσίαν
3292 4271 3562 4340 νομίζειν,
3612 4265 3792 4336 μόνοιν

2195 4378 2304 4432 τῶν
2353 4378 2414 4429 ἐκ
2463 4352 3171 4445 μανίαςγπαραφερομένων
3228 4358 3470 4430 οἰόμεθα.
3535 4355 3632 4416 Τίς
3680 4352 3792 4421 γὰρ

2201 4468 2374 4529 οὕτως
2407 4465 2718 4532 ἐξέστηκεν,
2753 4461 2829 4524 ὡς
2866 4457 3088 4530 ὁρισμὸν
3121 4452 3307 4516 οὐσίας
3349 4449 3446 4520 τὴν
3491 4447 3564 4517 μὴ
3597 4443 3796 4512 γέννη-

2131 4588 2177 4643 D
2208 4577 2289 4612 σιν
2345 4552 2762 4624 ἀποφήνασθαις
2797 4552 2886 4614 Ὠς
2934 4547 3044 4618 γὰρ
3102 4543 3318 4606 οἰκείως
3379 4539 3491 4610 ἔχει
3545 4536 3683 4607 πρὸς
3735 4533 3796 4586 τὸ

2206 4648 2462 4720 γεννητδν
2491 4649 2524 4716 ὴ
2556 4645 2829 4713 γέννησις,
2860 4639 3001 4693 οὓτω
3028 4636 3229 4708 δηλαδὴ
3271 4633 3366 4687 καὶ
3406 4629 3487 4700 τῷ
3515 4629 3800 4696 ἀγεννήτῳ

2208 4739 2682 4812 ἐφαρμοσθήσεται
2733 4735 2766 4804 ἡ
2823 4733 2896 4804 μὴ
2944 4731 3218 4800 γέννησις.
3266 4726 3331 4778 Ὀ
3381 4720 3471 4777 οὖν
3521 4721 3620 4774 οὐκ
3681 4718 3800 4770 ἐστι

2208 4834 2337 4904 περὶ
2359 4807 2448 4885 τὸν
2478 4807 2697 4897 Πατέρα
2731 4825 2830 4894 τῆς
2867 4821 3190 4894 ἀγεννησίας
3221 4813 3652 4884 ἐνδεικνυμένης,
3683 4807 3803 4869 πῶς

2211 4926 2370 4996 ἡμεῖς
2421 4925 2500 4984 εἰς
2551 4918 2737 4972 οὐσίαν
2793 4914 2890 4985 τὴν
2949 4913 3043 4966 τοῦ
3096 4912 3169 4984 μὴ
3217 4907 3506 4979 προσόντος
3573 4900 3802 4965 ἔνδειξιν

2214 4990 2606 5084 συντιθέμεθα;
2653 5008 2792 5062 Ἀλλ’
2833 5005 3010 5076 ἐαυτῷ
3043 5005 3184 5067 δοὺς,
3218 5001 3278 5053 τὸ
3318 4999 3453 5069 μήτε
3481 4993 3612 5064 παρ’
3642 4990 3806 5062 ἡμῶν

2218 5111 2352 5180 μήτε
2383 5109 2448 5159 ὲκ
2480 5106 2577 5174 τῆς
2602 5103 2710 5156 τῶν
2749 5100 3012 5152 τεθέντων
3043 5092 3359 5153 ἀκολουθίας
3400 5086 3547 5156 αὑτῷ
3587 5100 3807 5152 συγχω.

2219 5201 2501 5270 ρούμενον,
2537 5197 2599 5248 τὸ
2634 5190 2965 5264 σημαντικὸν
2995 5188 3143 5249 θείας
3171 5184 3313 5255 ζωῆς
3350 5181 3445 5250 τὴν
3479 5175 3807 5247 ἀγεννησίαν

2217 5287 2356 5344 εἶναι
2379 5288 2471 5341 τοῦ
2496 5283 2655 5344 Θεοῦ,
2686 5281 3068 5351 συνεπέρανεν.
3109 5277 3194 5338 Ὠς
3221 5274 3263 5326 δ’
3288 5273 3352 5325 ἂν
3376 5271 3609 5340 μάλιστα
3639 5283 3809 5319 κατα-

2220 5383 2392 5452 φανὴς
2429 5382 2456 5432 ό
2494 5379 2620 5449 περί
2653 5376 2743 5429 τὸν
2778 5375 2940 5427 τόπον
2982 5369 3166 5423 τοῦτον
3199 5364 3362 5420 αὑτοῦ
3407 5364 3616 5432 γένοιτο
3645 5359 3811 5427 λῆρος

2219 5449 2414 5528 οὑτωσὶ
2455 5472 2545 5524 τὸν
2593 5470 2750 5538 λόγον
2787 5464 3238 5532 διασκοπήσωμεν
3264 5499 3276 5512 .
3324 5458 3401 5508 Δι’
3444 5449 3520 5508 ὧν
3562 5452 3670 5519 γὰρ
3717 5449 3811 5502 ἐπὶ

2219 5567 2312 5620 τοῦ
2337 5564 2576 5632 Πατέρος
2600 5564 2678 5625 εἰς
2705 5559 2802 5630 τὴν
2831 5555 3155 5627 ἀγεννησίαν
3185 5552 3275 5604 τὸν
3305 5549 3401 5615 τῆς
3436 5544 3621 5607 οὐσίας
3655 5559 3816 5612 περι-

2222 5664 2395 5732 ήγαγε
2424 5659 2598 5724 λόγον,
2629 5655 2990 5724 ἐξετάσωμεν,
3049 5650 3097 5702 εἰ
3157 5647 3229 5718 μὴ
3272 5645 3410 5698 κατὰ
3455 5641 3517 5694 τὸ
3565 5637 3678 5691 ἴσον
3724 5635 3815 5688 διὰ

2221 5753 2330 5806 τῶν
2359 5749 2536 5805 αὐτῶν
2569 5745 3008 5816 ἐπιχειρημάτων
3035 5741 3129 5795 καὶ
3163 5738 3256 5792 τοῦ
3299 5734 3428 5790 Υίοῦ
3465 5732 3560 5804 τὴν
3599 5728 3816 5794 οὐσίαν,

2225 5848 2304 5910 εἰς
2337 5845 2432 5916 τὴν
2463 5840 2785 5911 ἀγεννησίαν
2825 5836 3106 5905 ἀνάξομεν.
