4146 6386
403 393 546 452 1075

1535 397 1813 454 CONTRA
1851 395 2246 454 EUNOMIUM.
2287 394 2408 448 LIB.
2451 395 2565 451 XII.

3520 394 3660 454 {(373

469 510 580 574 Δεῖ,
595 509 746 579 φησὶ,
760 509 869 577 τῆς
886 508 1075 578 αὐτῆς
1087 507 1232 576 ζωῆς
1247 510 1462 581 καὶτῆς
1478 507 1975 576 είλικρινῶςμιᾶς,

2159 503 2396 574 Oportet,
2421 505 2618 575 inquit,
2645 503 2877 573 ejusdem
2908 505 3026 560 vita
3054 514 3101 560 et
3152 504 3462 575 simpliciter
3503 512 3662 564 unius

400 601 508 655 ἕνα
525 600 620 654 καὶ
637 599 938 654 τόναῠτὸν·
952 596 1103 653 εἶναι
1116 603 1318 670 λόγον,
1335 599 1450 654 κᾶν
1465 599 1588 666 τοῖς
1607 602 1858 668 ὀνόμασι
1876 599 1974 651 καὶ

401 691 482 756 τῷ
499 693 688 758 τρόπῳ
709 690 805 744 καὶ
831 689 903 758 τῇ
919 690 1078 756 τάξει
1103 693 1380 760 φαίνηται
1396 691 1696 761 διάφορος.
1722 690 1842 746 Τῶν
1867 689 1975 759 γὰρ

402 781 632 851 ἀληθῶς
671 784 866 852 λόγων
885 784 953 836 ἐκ
982 783 1100 836 τῶν
1129 784 1532 854 ὑποκειμένων
1558 785 1656 838 καὶ
1686 781 1977 851 δηλουμέ-

401 893 525 930 νων
549 874 904 944 πραγμάτων
928 876 1352 944 λαμϐανόντων
1377 882 1492 944 τὴν
1516 877 1839 944 ἐπίκρισιν,
1876 878 1972 929 καὶ

400 967 520 1021 τῶν
529 967 744 1035 ἐτέρων
755 965 977 1036 ἑτέροις
989 968 1290 1038 πράγμασι
1303 967 1975 1040 συνορμοζομένων,ὥσ-

401 1075 512 1125 περ
524 1053 600 1111 αὖ
619 1058 715 1112 καὶ
736 1057 854 1113 τῶν
867 1060 1065 1113 αὐτῶν
1084 1061 1207 1127 τοῖς
1223 1061 1445 1127 αὐτοῖς,
1475 1063 1544 1125 ἐξ
1571 1061 1837 1130 ἀνάγκης
1851 1061 1978 1115 δεῖν

401 1148 572 1202 δυοῖν
606 1145 757 1202 εἶναι
783 1150 1050 1218 θάτερον,
1081 1153 1118 1220 ἢ
1159 1153 1348 1206 καὶτὸ
1385 1152 1621 1222 πρᾶγμα
1654 1153 1722 1207 τὸ
1758 1153 1976 1220 δηλού-

397 1257 584 1310 μενον
605 1239 840 1307 πάντως
861 1243 1088 1309 ἕτερον,
1119 1243 1158 1312 ἢ
1205 1243 1358 1314 μηδὲ
1399 1244 1504 1298 τὸν
1542 1245 1844 1312 δηλοῦντα
1871 1247 1977 1298 λό-

403 1348 512 1400 γον
563 1331 801 1402 ἕτερον’
859 1334 1119 1402 μηδενὸς
1191 1334 1581 1404 ὑποκειμένου
1640 1335 1978 1404 πράγματος

402 1426 561 1493 παρὰ
579 1426 694 1494 τὴν
714 1427 820 1480 τοῦ
848 1429 984 1482 Υἱοῦ
1009 1427 1180 1496 ζωὴν,
1211 1428 1257 1493 ᾧ
1279 1447 1369 1495 τις
1400 1427 1476 1482 ἂν
1500 1429 1538 1496 ἧ
1571 1428 1685 1496 τὴν
1710 1428 1979 1481 διάνοιαν

400 1519 782 1587 ἑπερείσειεν,
817 1519 855 1588 ἢ
892 1522 999 1574 τὸν
1025 1521 1229 1588 ἕτερον
1274 1523 1460 1591 λόγον
1509 1522 1850 1590 imprimi-ste.
1887 1521 1976 1589 Μή

401 1608 485 1671 τίς
509 1610 654 1662 ἐστιν
679 1612 735 1662 ὲν
767 1613 877 1674 τοῖς
917 1611 1224 1682 εἰρημένοις
1255 1613 1612 1682 ἀναρμοστία,
1649 1612 1724 1675 ὡς
1764 1613 1823 1664 ού
1862 1611 1978 1664 δέον

403 1702 495 1754 ἐπὶ
537 1701 629 1754 τοῦ
672 1703 1000 1771 Μονογενοῦς
1051 1703 1118 1756 τὰ
1163 1704 1382 1757 τοιαῦτα
1424 1703 1664 1774 λέγεινῆ
1706 1704 1975 1775 γράφεινς

403 1789 536 1859 Οὐχὶ
562 1791 653 1844 καὶ
706 1793 734 1844 ὁ
777 1792 902 1855 Υἱὸς
955 1794 1118 1856 αὐτός
1159 1795 1273 1846 ἐστι
1322 1793 1434 1864 ζωὴ
1480 1793 1780 1864 εἰλικρινῶς
1837 1794 1975 1862 pia;

403 1879 534 1948 Οὐχὶ
557 1880 652 1932 καὶ
695 1881 781 1933 ἐπ’
828 1879 990 1932 αὑτοῦ
1037 1880 1133 1932 ἕνα
1181 1880 1276 1934 καὶ
1311 1880 1400 1933 τὸν
1441 1880 1600 1934 αὐτὸν
1640 1875 1775 1933 εἶναι
1813 1897 1980 1949 προσο

402 1975 526 2044 ήκει
557 1973 734 2042 λόγον,
766 1973 867 2028 κᾶν
913 1977 1025 2037 τοῖς
1065 1974 1320 2046 ὀνόμασιν
1366 1975 1398 2045 ἢ
1444 1974 1518 2044 τῷ
1558 1974 1743 2044 τρόπῳ
1782 1975 1875 2027 καὶ
1910 1977 1975 2044 τῇ

401 2063 550 2128 τάξει
585 2065 836 2135 φαίνηται
877 2066 1168 2137 διάφορος;
1204 2068 1338 2141 Οὐχλ
1381 2069 1475 2121 καὶ
1515 2069 1600 2120 ἐπ’
1630 2066 1836 2120 ἐκείνου
1868 2066 1977 2118 τῶν

400 2155 495 2209 δύο
511 2157 573 2209 τὸ
597 2157 781 2228 ἕτερον
807 2157 866 2222 ἐξ
892 2159 1137 2227 ἀνάγκης
1161 2160 1433 2228 στήσεται,
1464 2158 1497 2224 ἢ
1531 2159 1622 2211 καὶ
1659 2158 1718 2211 τὸ
1749 2161 1977 2229 πρᾶγμα

400 2247 462 2299 τὸ
497 2247 820 2317 δηλούμενον
848 2247 1064 2310 πάντως
1096 2248 1300 2318 ἓτερον,
1343 2249 1375 2318 ἢ
1431 2249 1564 2320 μηδὲ
1592 2249 1680 2301 τὸν
1714 2248 1979 2320 δηλοῦντα

401 2338 576 2408 λόγον,
627 2339 850 2411 μηδενὸς
888 2341 1247 2411 ὑποκειμένου
1306 2342 1622 2412 πράγματος
1679 2342 1828 2411 παρὰ
1876 2341 1973 2413 τὴν

401 2429 545 2502 ζωὴν
582 2430 766 2493 αὐτοῦ,
799 2423 844 2498 ᾧ
889 2448 972 2494 τις
1013 2432 1077 2484 ἂν
1105 2431 1138 2496 ἦ
1177 2433 1274 2502 τὴν
1305 2433 1538 2486 διάνοιαν
1565 2431 1971 2503 ὲπερείσειεν,ἥ

399 2522 490 2574 τὸν
545 2521 730 2591 ἕτερον
781 2521 938 2590 λόγον
983 2522 1353 2594 ὲπιῤῥίψειενς
1409 2523 1574 2576 Οὐδὲν
1635 2526 1766 2593 παρ’
1815 2525 1973 2594 ήμῶν

398 2615 510 2676 τοίς
535 2614 664 2684 περὶ
700 2611 792 2665 τοῦ
823 2613 1035 2684 Πατρὸς
1068 2615 1372 2685 εἰρημένοις
1408 2614 1555 2685 παρὰ
1587 2614 1680 2669 τοῦ
1711 2615 1974 2686 Εὐνομίου

2077 613 2239 650 unum
2263 605 2314 651 et
2335 596 2570 651 eumdem
2594 613 2706 650 esse
2731 613 3042 659 sermonem,
3071 599 3310 666 quamvis
3335 599 3661 664 nominibus,

2075 701 2125 744 ct
2152 689 2304 744 modo
2329 701 2378 744 et
2399 689 2583 743 ordine
2613 689 2854 743 videatur
2901 706 3013 744 esse
3045 690 3283 744 diversus
3304 706 3322 742 :
3364 706 3484 742 cum
3518 691 3658 743 enim

2077 784 2183 837 veri
2214 799 2476 838 sermones
2511 797 2575 836 ea:
2596 783 2844 852 subjectis
2888 792 2936 836 et
2974 781 3125 836 rebus
3151 798 3268 852 qua:
3316 779 3662 834 declarantur

2076 871 2510 942 dijudicationem
2542 882 2796 937 sumant;
2828 888 3047 941 cumque
3077 872 3169 924 alii
3200 871 3324 924 aliis
3351 872 3504 924 rebus
3535 888 3660 924 son-

2075 971 2288 1034 gruant,
2315 966 2450 1016 sicut
2471 963 2629 1017 iidem
2646 963 2850 1027 iisdem,
2871 963 3164 1017 necessario
3185 962 3409 1015 duorum
3433 963 3659 1014 alterum

2077 1070 2189 1108 esse
2214 1065 2468 1124 oportere,
2495 1055 2573 1108 vel
2595 1072 2703 1109 rem
2727 1072 2842 1124 quin
2872 1054 3198 1117 declaratur,
3237 1055 3448 1108 omnino
3482 1055 3654 1106 direr-

2078 1163 2227 1210 sam,
2244 1147 2320 1200 vel
2347 1164 2507 1218 neque
2526 1149 2955 1218 orationemque
2977 1147 3215 1202 declarat
3243 1147 3501 1202 diversam
3525 1164 3656 1208 esse.

2079 1253 2197 1291 cum
2243 1237 2391 1291 nulla
2440 1255 2520 1293 res
2551 1240 2661 1292 alia
2691 1240 2926 1309 subjecta
2985 1242 3054 1293 sit
3079 1250 3271 1308 prater
3324 1237 3448 1293 Filii
3474 1240 3656 1300 vitam,

2079 1333 2164 1386 cui
2193 1332 2456 1403 quispiam
2486 1333 2649 1400 possit
2697 1332 3069 1402 cogitationem
3109 1333 3285 1400 ﬁgere,
3334 1334 3409 1384 vel
3432 1331 3656 1384 alterum

2078 1439 2367 1477 sermonem
2391 1423 2664 1491 projicere.
2696 1422 2834 1476 Num
2861 1423 3042 1493 aliqua
3074 1433 3160 1476 est
3181 1423 3234 1475 in
3271 1423 3435 1477 dictis
3467 1422 3656 1476 incon-

2079 1516 2338 1576 cinnitas,
2373 1515 2513 1584 quod
2543 1531 2650 1569 non
2679 1525 2927 1584 onor-teat
2957 1516 3025 1569 de
3055 1514 3344 1584 Unigenito
3377 1515 3504 1567 talia
3533 1529 3659 1583 pro-

2082 1610 2248 1674 ferre,
2276 1610 2360 1663 vel
2390 1610 2675 1664 scribere?
2698 1610 2944 1680 nunquid
2994 1610 3156 1662 etiam
3184 1608 3354 1662 Filius
3375 1608 3491 1675 ipse
3532 1613 3654 1667 est,

2081 1698 2189 1753 vita
2209 1699 2424 1754 sincere
2439 1706 2490 1753 et
2510 1699 2829 1767 simpliciter
2849 1696 3246 1763 ona?nunquid
3273 1697 3437 1750 etiam
3472 1695 3658 1764 inipso

2082 1769 2251 1841 vitam
2279 1796 2333 1842 et
2358 1788 2604 1842 eamdem
2635 1790 2890 1842 convenit
2918 1802 3040 1841 esse
3090 1786 3383 1850 rationem,
3440 1784 3656 1837 tametsi

2083 1879 2397 1935 nominibus
2427 1886 2482 1933 et
2533 1880 2748 1944 ordine,
2803 1880 2888 1934 vel
2923 1879 3083 1933 modo
3121 1878 3372 1932 videatur
3401 1875 3660 1930 diﬂerre?

2081 1969 2410 2040 Nunquidin
2443 1971 2538 2025 illo
2569 1971 2805 2026 duorum
2851 1972 3088 2026 alterum
3110 1971 3427 2025 necessario
3447 1979 3657 2023 statuo-

2082 2072 2194 2130 tur,
2228 2063 2314 2117 vel
2345 2077 2459 2117 rem
2491 2079 2613 2132 qua:
2647 2062 3233 2127 declaratur,omnino
3250 2061 3543 2124 diversam,
3578 2061 3657 2112 vel

2081 2171 2258 2227 neque
2295 2157 2602 2211 orationem
2635 2172 2760 2226 qua:
2789 2156 3052 2219 declarat,
3098 2157 3248 2209 nulla
3295 2171 3354 2209 re
3413 2154 3657 2223 Suhjecta

2080 2255 2276 2320 praeter
2294 2249 2459 2302 vitam
2486 2247 2682 2317 ipsius,
2699 2249 2752 2302 in
2771 2263 2882 2318 quo
2897 2248 3020 2317 quis
3037 2249 3422 2318 cogitationem
3443 2248 3660 2298 tirmare

2079 2341 2274 2412 possit,
2302 2339 2385 2394 vel
2417 2340 2644 2393 alteram
2671 2341 2975 2394 orationem
3006 2340 3270 2408 abjicere?
3289 2337 3480 2392 Nihila
3503 2337 3663 2391 nobis

2079 2433 2166 2488 his
2203 2446 2324 2502 qua:
2345 2430 2414 2486 de
2449 2429 2611 2486 Patre
2635 2430 2703 2485 ab
2733 2429 3001 2485 Eunomio
3026 2430 3172 2485 dicta
3204 2437 3332 2485 sunt
3362 2428 3659 2482 immistum

2078 2533 2184 2580 est.
2207 2522 2314 2579 Sed
2339 2523 2406 2577 ad
2432 2522 2679 2577 eamdem
2700 2521 3104 2577 confessionem
3131 2531 3185 2575 et
3210 2519 3660 2575 consecutionem

2081 2616 2352 2679 venimus,
2383 2617 2559 2670 solum
2622 2614 2743 2670 Filii
2771 2630 2969 2669 nomen
2996 2615 3408 2684 interponentes

401 2709 758 2782 ἐμμέμικται.
808 2711 946 2763 Ἀλλ’
988 2711 1074 2764 ἐπ’
1104 2711 1274 2781 αὐτῆς
1305 2711 1537 2783 ἤλθομεν
1578 2712 1680 2782 τῆς
1724 2713 2015 2784 ὁμολογίας
2059 2712 2280 2782 καὶτῆς
2321 2709 2662 2773 ἀκολουθίας,
2705 2708 2865 2779 μόνον
2901 2708 2992 2763 τοῦ
3037 2709 3168 2762 Υἰοῦ
3205 2707 3562 2780 παρενθέντες
3598 2706 3660 2763 τὸ

397 2805 584 2872 ὄνομα.

471 2985 534 3037 Ei
563 2981 656 3038 οὖν
688 2987 782 3038 καὶ
813 2986 973 3052 αὐτὸς
1017 2992 1111 3061 μία
1144 2991 1257 3064 ζωὴ
1291 2991 1583 3064 εἰλικρινὴς
1629 2988 1810 3058 πάσης
1845 3006 1969 3041 συν-

401 3077 601 3140 Θέσεως
632 3078 723 3131 καὶ
745 3078 949 3148 πλοκῆς
971 3078 1366 3150 κεχωρισμένη,
1394 3081 1488 3146 καὶ
1515 3081 1663 3134 οὐδὲν
1683 3081 1972 3135 ἀπόκειται

2152 2979 2208 3042 Si
2250 2985 2416 3056 igitur
2439 2988 2605 3042 etiam
2648 2987 2765 3056 ipse
2812 3001 2918 3040 una
2953 2986 3065 3041 vrta'
3092 2987 3332 3050 sincera,
3376 2974 3448 3040 ab
3497 2986 3651 3039 omni

2077 3081 2476 3152 compositione
2506 3089 2560 3133 et
2593 3080 2754 3149 plexu
2793 3087 3069 3144 separata,
3105 3087 3160 3132 et
3190 3078 3339 3130 nulla
3373 3093 3462 3132 res
3493 3092 3655 3147 repo-

400 3169 630 3239 πρᾶγμα
663 3169 814 3240 παρὰ
849 3169 948 3239 τὴν
978 3169 1072 3222 τοῦ
1108 3169 1238 3223 Υἱοῦ
1282 3170 1444 3242 ζωήν.
1480 3151 1622 3235 ⁸Πῶς
1654 3173 1762 3244 γὰρ
1799 3174 1857 3226 ὲν
1893 3172 1971 3243 τῷ

2080 3151 2225 3224 nitur
2254 3176 2449 3239 praeter
2480 3167 2606 3222 Filii
2640 3168 2826 3222 vitam.
2857 3167 3143 3232 Quomodo
3173 3167 3319 3221 enim
3349 3167 3402 3220 in
3428 3182 3486 3220 re
3516 3167 3656 3221 sim-

399 3258 556 3329 ἁπλῷ
604 3260 750 3329 μίξις
783 3259 1061 3332 ἀλλοτρίου
1098 3262 1417 3331 πράγματος
1447 3262 1839 3327 ὑποπτεύοιτος
1893 3264 1969 3317 Ού

399 3350 508 3422 γὰρ
549 3350 613 3404 ἂν
642 3351 721 3404 ἔτι
769 3352 972 3406 ἁπλοῦν
1021 3351 1107 3423 εἴη
1155 3353 1213 3405 τὸ
1265 3354 1380 3423 μεθ’
1414 3354 1599 3425 ἑτέρου
1647 3355 1930 3427 νοούμενον
1953 3374 1967 3386 ·

401 3441 544 3512 ἁπλῆ
573 3443 628 3494 δὲ
658 3443 768 3513 ζωὴ
792 3445 882 3496 καὶ
907 3445 938 3513 ἡ
969 3443 1060 3496 τοῦ
1080 3445 1290 3514 Πατρὸς
1321 3445 1478 3498 οὐσία
1504 3461 1518 3474 ο
1542 3446 1718 3516 ἁπλῆς
1739 3446 1796 3499 δὲ
1826 3446 1971 3516 ζωῆς

400 3532 521 3584 κατ’
554 3532 715 3587 αὐτὸν
742 3531 832 3584 τόν
867 3549 924 3585 τε
954 3532 1053 3600 τῆς
1097 3532 1260 3602 ζωῆς,
1295 3535 1388 3586 καὶ
1419 3535 1510 3587 τὸν
1535 3536 1632 3606 τῆς
1673 3535 1972 3606 ἁπλότητος

400 3620 577 3690 λόγον.
599 3623 821 3688 οὐδεμία
845 3621 925 3686 τίς
953 3624 1067 3675 ἐστι
1087 3623 1337 3695 διαφορὰ,
1357 3623 1480 3677 οὔτε
1501 3626 1819 3689 ὲπιτάσεως,
1846 3624 1972 3680 οὔτε

403 3715 643 3782 ύφέσεως
669 3757 680 3773 ,
715 3715 836 3767 οὕτε
868 3719 966 3786 τῆς
992 3716 1132 3768 κατὰ
1172 3717 1231 3768 τὸ
1263 3719 1448 3780 ποσὸν,
1479 3718 1510 3788 ἦ
1547 3719 1696 3771 ποιὸν
1726 3720 1976 3792 ἑτερότη-

401 3821 492 3865 τος
526 3805 626 3875 τὴν
671 3804 1034 3876 παραλλαγὴν”
1062 3805 1412 3876 ἐμποιούσης,
1460 3806 1671 3876 ἀνάγκη
1712 3809 1861 3860 πᾶσα
1905 3807 1974 3860 τὰ

401 3896 519 3955 ταῖς
552 3894 740 3956 αὑταῖς
771 3894 1001 3956 ἐννοίαις
1047 3894 1429 3963 συμϐαίνοντα,
1475 3897 1566 3946 καὶ
1600 3896 1704 3948 ὑπὸ
1733 3896 1842 3949 τῶν
1878 3899 1974 3950 αὺ-

401 3985 508 4037 τῶν
541 3986 919 4056 προσηγοριῶν
946 3986 1322 4056 ὀνομάζεσθαι.
1353 3987 1419 4039 Εἰ
1445 3983 1536 4039 οὖν
1560 3987 1618 4039 ἓν
1646 3987 1706 4040 τὸ
1742 3991 1974 4058 πρᾶγμα

402 4078 463 4130 τὸ
492 4079 631 4132 κατὰ
657 4079 756 4148 τὴν
790 4078 1068 4148 ἁπλότητα
1109 4079 1209 4148 τῆς
1247 4078 1392 4147 ζωῆς
1441 4081 1498 4132 ὲν
1533 4081 1706 4148 Πατρὶ
1737 4081 1830 4134 καὶ
1861 4080 1974 4151 Υἱῷ

403 4168 900 4238 καταλαμὸάνεται,
929 4170 1190 4238 οὐδεμίαν
1212 4168 1302 4222 τοῦ
1338 4172 1436 4240 τῆς
1468 4169 1768 4242 ἁπλότητος
1789 4171 1972 4240 λόγου,

403 4256 585 4320 καθὼς
611 4258 843 4328 εἴρηται,
875 4257 1228 4328 παραλλαγὴν
1247 4258 1556 4331 δεχομένου,
1587 4261 1798 4332 ἀνάγκη
1823 4263 1975 4315 πᾶσα

403 4349 568 4420 τὸντῷ
612 4351 691 4402 ἐνὶ
724 4351 1162 4422 ὲεραρμσζόμενον
1192 4352 1380 4422 ὄνομα,
1418 4353 1510 4406 καὶ
1539 4354 1674 4425 πρὸς
1698 4354 1760 4407 τὸ
1792 4354 1975 4425 ἕτερον

405 4441 700 4513 προσφυῶς
733 4441 874 4513 ἔχειν
898 4457 913 4472 ⁸
941 4442 1079 4496 ὥστε
1109 4447 1156 4496 εί
1195 4446 1227 4515 ἡ
1256 4445 1492 4516 ἁπλότης
1521 4445 1621 4515 τῆς
1649 4445 1742 4499 τοῦ
1763 4447 1976 4517 Πατρὸς

2080 3261 2206 3332 plici
2236 3276 2326 3316 res
2346 3261 2536 3314 alienae
2557 3260 2740 3316 mistio
2765 3259 2818 3313 in
2853 3259 3224 3327 suspicionem
3256 3257 3516 3313 caderet?
3540 3257 3660 3312 Non

2077 3355 2222 3408 enim
2255 3353 2491 3424 amplius
2521 3353 2757 3423 simplex
2794 3352 2979 3417 fuerit,
3008 3352 3153 3422 quod
3197 3367 3322 3406 cum
3359 3353 3536 3406 altero
3570 3355 3659 3407 in-

2078 3444 2359 3515 telligitur,
2394 3443 2621 3513 simplex
2673 3453 2856 3498 autem
2898 3444 3006 3496 vita
3062 3451 3115 3496 et
3144 3442 3326 3498 Patris
3375 3444 3658 3506 essentia;

2078 3535 2344 3605 simplicis
2396 3543 2577 3588 autem
2613 3536 2740 3588 vitae
2779 3535 3080 3589 secundum
3137 3534 3384 3589 eamdem
3434 3535 3557 3588 vita:
3607 3543 3664 3588 et

2079 3625 2448 3695 simplicitatis
2504 3627 2773 3681 rationem
2829 3627 2980 3680 nulla
3033 3632 3117 3680 est
3155 3625 3484 3690 diﬂ‘erentia,
3537 3641 3662 3678 cum

2078 3719 2229 3774 nulla
2260 3719 2331 3772 sit
2355 3717 2612 3778 intentio,
2646 3733 2821 3786 neque
2843 3717 3117 3780 remissio,
3144 3733 3322 3786 neque
3355 3719 3660 3772 secundum

2079 3816 2347 3879 quantum
2374 3809 2459 3862 vel
2494 3808 2655 3877 quale
2683 3807 2997 3870 diversitas,
3030 3823 3152 3876 quae
3186 3808 3423 3876 aliquam
3450 3807 3662 3862 discre-

2080 3899 2321 3970 pantiam
2357 3898 2540 3960 faciat,
2567 3900 2938 3954 necessarium
2958 3906 3046 3953 est
3071 3898 3295 3951 omnino
3329 3914 3450 3966 qua:
3468 3898 3662 3952 iisdem

2081 3989 2398 4044 nationibus
2430 3989 2788 4051 conveniunt,
2829 3988 2992 4042 etiam
3045 3987 3237 4040 iisdem
3284 3987 3636 4056 appellationi

2081 4081 2185 4136 bus
2211 4082 2507 4136 nominari.
2535 4080 2593 4133 Si
2624 4094 2756 4149 ergo
2783 4095 2873 4133 res
2900 4094 3006 4132 una
3041 4077 3344 4133 secundum
3386 4078 3509 4131 vitae
3534 4078 3662 4132 sitn-

2083 4174 2377 4243 plicitatem
2411 4173 2466 4227 in
2508 4172 2670 4226 Patre
2697 4179 2752 4227 et
2800 4169 2941 4224 Filio
2981 4170 3488 4240 comprehenditur,
3536 4184 3665 4223 cum

2083 4269 2289 4322 nullam
2319 4266 2688 4336 simplicitatis
2717 4264 2916 4325 oratio,
2946 4264 3093 4319 sicut
3121 4264 3332 4318 dictum
3362 4272 3467 4329 est,
3504 4263 3660 4318 dilic-

2081 4357 2313 4412 rentiam
2367 4356 2622 4426 accipiat,
2672 4372 2900 4412 necesse
2949 4364 3035 4411 est
3083 4357 3301 4426 penitus
3355 4367 3414 4408 ut
3461 4372 3662 4409 nomen

2082 4451 2227 4520 quod
2263 4450 2357 4504 uni
2392 4451 2646 4519 congruit
2675 4451 2837 4504 etiam
2875 4450 3032 4505 alteri
3071 4450 3384 4503 conveniat.
3411 4450 3490 4502 lla
3529 4459 3584 4502 ut
3615 4450 3663 4504 si

405 4533 550 4603 ζωῆς
580 4532 657 4602 τῷ
684 4534 784 4604 τῆς
811 4535 1136 4606 ἀγεννησίας
1150 4537 1374 4606 ὀνόματι
1401 4537 1837 4608 διασημαίνεται,
1872 4557 1975 4609 μη-

2084 4543 2409 4612 simplicitas
2438 4543 2562 4595 vita:
2603 4539 2784 4596 Patris
2830 4541 3052 4595 nomine
3094 4542 3194 4611 τῆς
3228 4541 3553 4610 ἁγεννησίας
3589 4542 3665 4594 si-

403 4625 461 4678 δὲ
509 4625 644 4695 πρὸς
690 4625 787 4697 τὴν
828 4625 922 4678 τοῦ
959 4627 1088 4679 Υἱοῦ
1131 4628 1409 4699 ἁπλότητα
1460 4628 1557 4699 τὴν
1615 4631 1797 4700 φωνὴν
1830 4631 1979 4682 ἀνοι-

405 4716 568 4779 κείως
597 4715 759 4788 ἔχειν.
813 4719 1020 4789 Ὥσπερ
1045 4719 1152 4788 γὰρ
1181 4720 1240 4771 τὸ
1266 4720 1480 4787 λογικὸν
1517 4722 1611 4774 καὶ
1647 4721 1858 4792 θνητὸν,
1891 4723 1982 4776 καὶ⁸

406 4807 498 4861 νοῦ
547 4811 640 4862 καὶ
676 4811 984 4879 ἐπιστήμης
1026 4811 1268 4864 δεκτικὸν
1313 4811 1596 4882 ἄνθρωπος
1633 4812 1977 4883 ὀνομάζεται,

406 4899 606 4968 ὁμοίιος
632 4898 722 4951 ἐπί
750 4916 808 4951 τε
836 4900 928 4952 τοῦ
977 4901 1148 4970 Ἀδὰμ
1195 4903 1288 4955 καὶ
1320 4902 1412 4954 τοῦ
1439 4902 1604 4956 Ἀϐελ
1627 4920 1641 4933 ·
1697 4905 1788 4957 καὶ
1830 4905 1980 4958 οὐδὲν

405 4992 506 5062 τὴν
542 4993 640 5062 τῆς
667 4991 879 5060 φύσεως
904 4993 1214 5062 ἐπωνυμίαν
1238 4994 1564 5063 ύ-πήμειψεν,
1596 4993 1719 5048 οὔτε
1759 4997 1850 5048 ἐπὶ
1888 4995 1979 5050 τοῦ

410 5083 577 5136 ’Ἅϐελ
595 5085 656 5137 τὸ
679 5084 768 5138 διὰ
796 5085 1116 5155 γεννήσεως,
1145 5084 1266 5138 οὕτε
1297 5089 1389 5140 ἐπὶ
1419 5085 1512 5139 τοῦ
1561 5086 1732 5158 ’Λδὰμ
1767 5088 1827 5140 τὸ
1852 5089 1980 5142 ἄνευ

409 5178 714 5248 γεννήσεως
741 5179 820 5240 είς
846 5175 988 5248 ζωὴν
1014 5177 1322 5248 παρελθεῖν,
1351 5176 1477 5232 οὕτε
1500 5180 1658 5250 είπερ
1683 5181 1743 5233 τὸ
1778 5181 1982 5234 ἁπλοῦν

411 5269 506 5322 καὶ
529 5267 817 5324 ἀσύνθετον
848 5270 948 5340 τῆς
985 5269 1080 5323 τοῦ
1103 5271 1316 5341 Πατρός
1339 5270 1481 5341 ζωῆς
1504 5273 1673 5342 ὄνομα
1707 5273 1804 5343 τὴν
1827 5275 1982 5342 ἀγεν-

412 5357 604 5427 νησίαν
639 5359 752 5430 ἔχει
775 5379 788 5392 ο
819 5359 1075 5425 ὡσαύτως
1102 5361 1195 5415 καὶ
1221 5361 1312 5414 ἐπὶ
1344 5363 1444 5432 τῆς
1484 5364 1576 5416 τοῢ
1610 5363 1738 5417 Υἱοῦ
1769 5364 1912 5435 ζωῆς
1941 5368 1977 5436 ή

412 5447 549 5519 αὐτὴ
579 5448 754 5503 ἔννοια
779 5454 843 5520 τῇ
873 5452 1010 5522 αὐτῇ
1042 5454 1190 5523 φωνῇ
1213 5453 1332 5505 κατ’
1359 5452 1601 5522 ἀνάγκην
1633 5455 1982 5526 ἐφαρμοσθή-

415 5557 600 5594 σεται·
627 5542 782 5614 εἴπερ
808 5544 895 5614 δὴ,
943 5543 1124 5608 καθώς
1160 5562 1323 5616 φησιν
1351 5547 1379 5598 ό
1403 5546 1684 5616 Εύνόμιος,
1716 5547 1860 5600 δυοῖν
1888 5549 1983 5603 θά-

412 5647 590 5703 τερον,
607 5631 640 5704 ἢ
667 5637 762 5688 καὶ
780 5636 840 5689 τὸ
860 5639 1092 5708 πρᾶγμα
1115 5643 1175 5690 το
1194 5636 1516 5707 δηλούμενον
1542 5639 1756 5704 πάντως
1776 5641 1979 5715 ἕτερον,

415 5722 450 5795 ἢ
483 5725 615 5796 μηδὲ
644 5729 734 5780 τὸν
757 5728 1018 5799 δηλοῦντα
1048 5729 1204 5799 λόγον
1231 5730 1417 5785 Ξτεοον
1455 5726 1612 5785 εἶναι.

2082 4635 2394 4705 gnilicatur,
2429 4649 2606 4702 neque
2637 4635 2704 4687 ad
2739 4632 2862 4686 Filii
2893 4633 3296 4710 simplicitatem
3335 4649 3520 4687 vocem
3558 4633 3664 4686 im-

2082 4725 2321 4794 proprie,
2355 4724 2470 4778 sive
2499 4723 2891 4777 convenienter
2912 4737 2973 4776 se
2999 4723 3272 4778 habuerit.
3294 4723 3664 4788 Quemadmo-

2081 4814 2209 4868 dum
2242 4814 2386 4867 enim
2420 4813 2688 4867 rationale
2723 4820 2778 4867 et
2816 4811 3073 4874 mortale,
3112 4821 3166 4867 et
3196 4814 3342 4881 quod
3379 4815 3579 4868 mentis
3610 4826 3665 4869 et

2083 4905 2327 4958 scientiae
2365 4920 2559 4972 capax,
2622 4904 2784 4970 homo
2832 4904 3174 4967 nominatur,
3217 4906 3470 4960 similiter
3521 4917 3570 4960 et
3605 4907 3659 4961 in

2085 4995 2316 5058 Adamo,
2347 5007 2400 5048 et
2448 4996 2501 5048 iu
2539 4995 2726 5060 Abele,
2770 5005 2824 5050 et
2864 4997 2997 5050 nihil
3043 5005 3251 5050 natnrzc
3302 5001 3662 5066 cognomina-

2084 5088 2287 5143 tionetn
2324 5089 2653 5151 iuunutavit,
2682 5105 2860 5157 neque
2890 5090 2943 5143 in
2995 5091 3162 5144 Abele
3192 5090 3338 5160 quod
3370 5107 3468 5160 per
3496 5107 3662 5160 gene-

2081 5178 2374 5242 rationem,
2408 5193 2583 5246 neque
2615 5180 2667 5232 in
2706 5180 2917 5234 Adamn
2960 5173 3107 5249 quod
3149 5181 3268 5235 sine
3310 5186 3662 5250 generatione

2084 5269 2149 5325 ad
2201 5271 2368 5326 vitam
2426 5271 2714 5340 prodierit,
2759 5287 2935 5341 neque
2993 5273 3264 5340 siquidem
3317 5276 3550 5344 simplex
3611 5288 3664 5329 et

2084 5360 2497 5428 compositionis
2523 5376 2719 5430 expers
2746 5361 2855 5414 vita
2906 5360 3083 5415 Patris
3115 5378 3315 5416 nomen
3349 5364 3446 5433 τὴν
3494 5366 3662 5431 ἀγεν-

2085 5450 2274 5520 νησίαν
2310 5451 2472 5505 habet
2506 5470 2520 5505 :
2564 5450 2753 5506 eodem
2795 5460 2956 5522 pacto
2984 5460 3038 5506 et
3078 5451 3134 5506 in
3168 5452 3289 5508 Filii
3332 5453 3441 5506 vita
3473 5455 3661 5508 eadem

2084 5545 2239 5599 notio
2278 5545 2454 5598 eidem
2484 5544 2604 5597 voci
2658 5543 2975 5598 necessario
3021 5553 3285 5614 congruet
3319 5563 3332 5599 :
3366 5545 3658 5614 siquidem,

2084 5633 2232 5688 sicut
2260 5632 2394 5686 dicit
2424 5631 2747 5695 Eunomius,
2779 5632 3013 5686 duorum
3045 5633 3300 5697 alterum,
3335 5634 3420 5688 vel
3457 5643 3510 5687 et
3545 5650 3661 5689 rem

2085 5739 2208 5793 qua),
2236 5722 2549 5778 declaratur
2591 5723 2817 5777 omnino
2853 5723 3153 5789 diversam,
3192 5724 3279 5779 vel
3324 5740 3503 5796 neque
3541 5739 3664 5796 qua

2083 5815 2346 5881 declarat,
2377 5815 2678 5869 orationem
2716 5813 2994 5870 diversam
3026 5830 3168 5871 esse.
