4146 6386
493 384 636 442 1οῗ5

562 499 673 554 Sed
706 497 836 570 quid
873 498 1168 569 incassum
1191 509 1247 557 et
1283 509 1486 557 temere
1523 502 1677 555 vanis
1709 501 2065 554 immoramur
2099 507 2144 560 Α

493 607 620 646 cum
662 598 940 661 oporteret
975 592 1415 664 diligentioribus
1461 592 1528 648 ad
1561 593 1906 649 reiutandam
1946 607 2069 647 ser-

495 697 720 737 monum
753 684 926 753 ipsius
967 687 1260 740 amentiam
1300 685 1552 742 Eunomii
1603 687 1803 742 librum
1846 697 2067 756 proten-

494 772 644 838 dere,
676 785 729 830 et
755 775 964 846 absque
986 778 1407 849 corrigentihus,
1441 778 1559 833 sive
1585 778 2063 848 redarguentibus,

496 865 624 922 inde
675 881 786 921 non
838 867 1015 922 soluat
1065 868 1338 938 dogmatis
1395 869 1812 938 blasphemiam,
1876 884 2067 923 verum

493 957 660 1011 etiam
695 959 1112 1014 consuetudinis
1139 959 1456 1030 languorem
1488 968 1542 1013 et
1571 971 1848 1029 torporem
1876 957 2080 1012 intelli-‘

497 1049 748 1118 gentibus
778 1049 1195 1107 demonstrare?
1227 1053 1583 1106 multifariam
1634 1053 1782 1107 enim
1825 1068 1933 1108 non
1978 1067 2067 1108 se-

497 1139 742 1194 cundum
772 1151 1017 1198 nostram
1057 1143 1404 1208 sententiam,
1439 1145 1532 1198 sed
1574 1143 1878 1198 secundum
1923 1141 2074 1212 quod

497 1232 547 1286 ei
579 1231 815 1297 videtur,
847 1249 1043 1289 nomen
1072 1235 1315 1298 ἐπινοίας
1356 1251 1639 1305 perperam
1667 1239 2068 1304 interpretans,

501 1335 760 1392 tanquam
826 1329 879 1380 in
937 1335 1206 1381 nocturna
1259 1341 1459 1397 pugna,
1517 1326 1668 1380 nullo
1727 1325 2075 1380 discernente

501 1414 650 1486 quod
681 1417 917 1472 amicum
943 1427 1047 1482 est,
1081 1429 1133 1473 et
1159 1421 1304 1490 quod
1330 1420 1594 1485 alienum,
1637 1433 1733 1489 per
1757 1433 1878 1488 qua:
1915 1416 2074 1470 nobis

499 1509 702 1564 bellum
737 1511 940 1567 inferre
966 1513 1285 1575 arbitratur,
1313 1528 1473 1568 suum
1503 1512 1700 1581 dogma
1734 1528 1793 1566 se
1829 1513 2072 1581 punctim

501 1600 668 1658 ferire
699 1618 808 1658 non
834 1605 1104 1673 intelligit.
1129 1605 1284 1671 Quod
1302 1606 1448 1660 enim
1475 1606 1712 1659 maxime
1735 1604 1802 1658 ab
1832 1604 2075 1658 Ecclesia

499 1694 717 1764 piorum
765 1696 1004 1765 seipsum
1051 1696 1289 1751 alienare
1323 1704 1577 1766 oportere
1614 1704 1790 1766 putat,
1823 1695 1927 1750 hoc
1967 1703 2072 1760 est,

500 1787 648 1855 quod
705 1787 957 1842 videlicet
1009 1788 1228 1854 astruit,
1279 1789 1498 1843 tandem
1537 1787 1830 1858 aliquando
1879 1785 2072 1848 Deum,

1697 387 1754 441 S.
1796 382 2122 440 GREGORII
2162 381 2446 440 NYSSENI

3609 363 3751 424 1076

2253 495 2412 551 Ἀλλὰ
2439 515 2492 549 τι
2526 499 2638 560 τοῖς
2666 493 2912 565 ματαίοις
2941 472 3422 561 ὲμφι).οχωροῦμεν
3443 478 3601 549 είκῆ;
3632 479 3753 531 δέον

2179 587 2345 657 αὐτὴν
2387 588 2500 649 τοῖς
2541 581 2988 654 φιλοπονωτέροις
3030 580 3109 639 είς
3159 574 3379 642 ἔλεγχον
3419 571 3520 640 τῆς
3568 568 3755 629 ἀνοίας

2179 679 2286 732 τῶν
2311 677 2483 744 λόγων
2518 675 2819 746 προτείνειν
2851 670 2944 724 τοῦ
2979 667 3247 737 Εὑνομίου
3285 665 3385 735 τὴν
3417 660 3616 732 βίϐλον,
3655 657 3754 712 καὶ

2179 771 2301 842 δίχα
2329 771 2436 823 τῶν
2455 769 2785 823 εὐθυνόντων
2815 763 3040 818 αὐτόθεν
3061 761 3123 814 ού
3159 759 3318 829 μόνον
3341 755 3402 808 τὺ
3431 754 3523 807 τοῦ
3547 753 3757 821 δόγμα-

2179 884 2270 929 τος
2295 865 2642 935 βλάσφημον,
2691 857 2828 913 άλλά
2858 857 2952 910 καὶ
2990 855 3054 908 τὸ
3099 853 3198 923 τῆς
3248 848 3536 919 συνηθείας
3563 845 3754 935 ἄτονον

2180 933 2305 1018 τοῖς.
2330 955 2570 1016 συνετοῖς
2595 947 2989 1003 ἐπιδεικνύναι.
3023 940 3383 1010 Πολυτρόπως
3409 937 3518 1006 γάρ
3537 936 3638 989 οὐκ
3657 933 3756 987 ἐπὶ

2181 1047 2282 1114 τῆς
2308 1045 2579 1116 ἡμετέρας
2607 1042 2833 1104 ἐννοίας,
2867 1037 3004 1093 ἀλλά
3028 1034 3170 1089 κατὰ
3195 1032 3258 1086 τὸ
3296 1028 3444 1100 αὐτῷ
3468 1026 3661 1082 δοκοῦν
3693 1024 3756 1080 τὸ

2181 1139 2279 1206 τῆς
2300 1134 2537 1188 ἐπινοίας
2562 1134 2730 1202 ὄνομα
2747 1125 3197 1200 παρερμηνεύων,
3211 1122 3460 1192 καθάπερ
3486 1121 3544 1174 ἐν
3566 1135 3758 1172 νυκτο-

2185 1227 2356 1297 μαχίᾳ
2393 1225 2616 1296 μηδενὸς
2648 1223 3010 1292 διακρίνοντος
3041 1217 3102 1271 τὸ
3130 1213 3414 1285 φιλόπονόν
3443 1228 3505 1264 τε
3534 1212 3629 1265 καὶ
3657 1209 3757 1262 ἀλ-

2181 1318 2422 1389 λότριον,
2471 1315 2536 1368 δι’
2569 1309 2643 1369 ὧν
2683 1315 2816 1384 ἡμῖν
2857 1308 3255 1382 προσπολεμεῖν
3283 1305 3470 1366 οἴεται,
3518 1301 3580 1354 τὸ
3623 1302 3760 1354 ῖδιον

2181 1409 2356 1479 δόγμα
2379 1405 2727 1461 κατακεντῶν
2755 1400 3106 1471 ούρυνίησιν.
3161 1397 3226 1450 Ὃ
3257 1394 3366 1469 γὰρ
3397 1392 3628 1464 μάλιστα
3659 1391 3760 1460 τῆς

2196 1497 2520 1570 Ἑκκλησίας
2543 1495 2650 1550 τῶν
2696 1491 3062 1548 εὐσεϐούντων
3089 1487 3278 1542 ἑαυτὸν
3305 1482 3615 1552 ἀλλοτριοῦν
3649 1482 3763 1535 οῐε-

2183 1610 2271 1646 ται
2298 1591 2407 1645 δεῖν
2427 1632 2440 1653 ,
2468 1589 2629 1643 τοῦτό
2660 1589 2774 1641 ἐστι
2816 1585 2878 1638 τὸ
2903 1581 3355 1646 κατασκευάζειν,
3383 1577 3481 1649 ὀψέ
3509 1593 3637 1631 ποτε
3667 1575 3761 1628 τὸν

2183 1684 2313 1737 Θεὸν
2336 1681 2657 1752 γεγενῆσθαι
2681 1678 2921 1746 Πατέρα,
2952 1675 3046 1729 καὶ
3066 1675 3127 1728 τὸ
3153 1674 3252 1743 τῆς
3283 1670 3619 1740 πατρότητος
3642 1667 3761 1719 ὀνο-

2189 1794 2263 1844 μα
2295 1774 2556 1845 νεώτερον
2593 1768 2867 1824 εἶναιτῶν
2907 1767 3109 1821 λοιπῶν
3159 1766 3459 1836 ὀνομάτων,
3504 1763 3603 1816 ὅσα
3631 1760 3762 1830 περὶ

500 1874 716 1931 Patrem
751 1893 874 1932 esse
902 1879 1140 1944 factum;
1168 1890 1222 1934 et
1246 1879 1590 1949 paternitatis
1619 1893 1818 1934 nomen
1851 1877 2078 1948 reliquis

2192 1865 2340 1918 ιύτὸν
2363 1865 2596 1932 λέγεται.
2655 1860 2747 1927 Ἐξ
2773 1859 2982 1912 ἐκείνου
3010 1857 3118 1927 γὰρ
3153 1857 3318 1910 αὐτὸν
3350 1854 3617 1925 κληθῆναι
3648 1852 3761 1904 Πα-

501 1968 817 2024 nominibus
862 1971 1134 2026 recentius
1174 1987 1318 2036 esse,
1365 1987 1707 2042 quaecunque
1739 1973 1808 2028 de
1837 1973 1957 2042 ipso
1997 1971 2082 2026 di-

502 2069 723 2114 cuntur.
752 2060 830 2114 Ex
865 2062 958 2116 illo
991 2063 1138 2117 enim
1175 2072 1418 2134 tempore
1449 2064 1627 2133 ipsum
1657 2063 1874 2118 Patrem
1916 2078 2081 2118 voca-

501 2162 618 2207 tum
653 2154 845 2217 fuisse,
891 2169 922 2208 a
976 2171 1089 2224 quo
1121 2154 1283 2210 Pater
1340 2157 1627 2225 proposuit
1660 2157 1778 2212 ﬁeri
1810 2165 1864 2212 et
1902 2157 2081 2212 factus

500 2253 606 2300 est.
642 2243 912 2310 Quoniam
940 2246 1106 2314 igitur
1138 2245 1193 2300 in
1224 2246 1329 2301 hoc
1355 2262 1607 2302 sermone
1639 2246 1930 2313 construit,
1961 2262 2080 2301 om-

502 2351 603 2392 nes
644 2353 766 2407 qua:
817 2336 884 2392 de
922 2338 1107 2391 divina
1161 2349 1359 2392 natura
1393 2337 1655 2393 dicuntur
1691 2339 2081 2409 appellationes

503 2430 807 2485 secundum
855 2431 1221 2501 signiﬁcatum
1268 2431 1412 2486 inter
1463 2445 1524 2486 se
1579 2439 1770 2486 mutuo
1814 2430 2080 2495 conferri,

503 2522 821 2593 nullamque
854 2525 910 2577 in
942 2523 1076 2593 ipsis
1102 2539 1226 2580 esse
1263 2522 1646 2578 diﬁerentiam.
1681 2521 1864 2577 Unum
1899 2531 2081 2577 autem

503 2617 810 2680 nominum,
847 2631 971 2686 quae
991 2617 1059 2672 de
1078 2618 1198 2686 ipso
1220 2617 1499 2681 dicuntur,
1523 2625 1607 2671 est
1633 2615 1830 2671 Pater:
1864 2623 1923 2670 ut
1937 2615 2082 2670 enim

502 2709 966 2780 incorruptibilis,
997 2717 1052 2764 et
1075 2717 1337 2775 aeternus,
1366 2711 1447 2764 sic
1471 2714 1526 2764 et
1553 2709 1715 2763 Pater
1738 2708 2080 2771 nominatur,

501 2802 590 2856 vel
627 2802 794 2858 etiam
828 2802 883 2855 in
916 2802 1019 2856 hac
1045 2816 1200 2866 voce,
1233 2817 1353 2856 eam
1379 2815 1542 2870 quam
1571 2801 1639 2855 de
1661 2799 1889 2869 reliquis
1920 2799 2086 2854 habet

505 2892 823 2948 nominibus
883 2893 1213 2948 sententiam
1285 2891 1662 2955 conlirmahit,
1739 2899 1794 2946 et
1849 2891 2083 2960 primam

503 2985 816 3054 Opinionem
849 2991 1180 3055 corrumpet,
1221 2983 1489 3054 siquidem
1518 2999 1644 3037 cum
1679 2983 1937 3038 omnibus
1984 2997 2086 3052 apo

507 3077 892 3145 pellationibus
918 3077 1082 3132 etiam
1104 3076 1450 3147 paternitatis
1475 3076 1670 3130 notitia
1688 3075 2086 3144 comprehensa

507 3167 689 3224 fuerit.
724 3167 1080 3237 Perspicuum
1104 3168 1250 3221 enim
1283 3166 1430 3236 quod
1460 3167 1507 3221 si
1533 3166 1673 3220 idem
1706 3167 1870 3220 fuerit
1909 3167 2088 3220 ineor-

507 3258 783 3327 ruptibilis
810 3269 864 3313 et
890 3256 1068 3312 Patris
1117 3256 1508 3328 signiﬁcatum,
1550 3263 1610 3309 ut
1648 3269 1866 3324 semper
1898 3255 2084 3309 incor-

507 3349 810 3419 ruptibilis,
861 3350 945 3404 sic
983 3364 1201 3418 semper
1231 3349 1396 3403 etiam
1447 3347 1608 3401 Pater
1638 3348 1915 3401 communi
1947 3361 2086 3401 con-

509 3457 676 3496 sensu
711 3441 948 3505 dicetur,
994 3455 1118 3494 cum
1164 3441 1257 3505 sit,
1289 3449 1348 3493 ut
1402 3440 1498 3504 ait,
1536 3453 1643 3493 una
1682 3439 1939 3493 omnibus
1983 3452 2086 3493 no-

509 3534 753 3590 minibus
793 3534 1142 3605 signiﬁcatio,
1182 3534 1267 3587 vel
1321 3534 1367 3587 si
1401 3540 1606 3586 metuat
1637 3530 1746 3586 Deo
1787 3530 2089 3586 attribuere

509 3641 579 3682 ex
609 3625 759 3681 omni
784 3625 1087 3680 aeternitate
1123 3623 1526 3695 paternitatem,
1558 3621 2088 3692 argumentationem

509 3717 826 3774 necessario
864 3716 1146 3779 dissolvet,
1188 3715 1387 3784 cuique
1447 3713 1656 3768 nomini
1705 3712 1983 3782 propriam
2035 3719 2091 3768 et

2181 1961 2338 2027 τέρα,
2361 1956 2450 2024 ἀφ’
2483 1946 2544 2007 οῦ
2578 1951 2836 2021 προέθετο
2865 1948 3116 2018 γενέσθαι
3143 1947 3352 2018 Πατὴρ,
3386 1945 3478 1998 καὶ
3519 1944 3757 2011 ἐγένετο.

2196 2045 2409 2117 Ἐπειδὴ
2428 2045 2604 2098 τοίνυν
2630 2044 2687 2094 ἐν
2724 2039 2801 2110 τῷ
2839 2041 2982 2109 λόγῳ
3014 2037 3186 2104 τούτῳ
3232 2034 3628 2098 κατασκευάζει
3656 2032 3763 2086 πά-

2185 2153 2284 2199 σας
2331 2135 2430 2198 τὰς
2478 2132 2870 2203 ἐπιλεγομένας
2914 2132 2981 2200 τῇ
3031 2129 3152 2198 θείᾳ
3193 2127 3352 2196 φύσει
3391 2123 3764 2196 προσηγορίας

2183 2231 2324 2284 κατὰ
2370 2230 2432 2282 τὸ
2470 2226 2863 2299 σημαινόμενον
2910 2221 3166 2292 ἀλλήλαις
3212 2216 3618 2290 συμφέρεσθαι,
3668 2214 3766 2267 καὶ

2187 2325 2456 2398 μηδεμίαν
2485 2325 2543 2375 ἐν
2567 2321 2757 2384 αὑταῖς
2790 2314 2928 2372 εἶναι
2951 2315 3234 2386 διαφοράν.
3271 2314 3367 2366 Ἓν
3399 2313 3456 2366 δέ
3489 2310 3599 2364 τῶν
3632 2312 3758 2363 ἐπι-

2183 2417 2490 2488 λεγομένων
2535 2413 2680 2466 ἐστὶν
2730 2409 3010 2480 ὀνομάτων
3057 2408 3152 2460 καὶ
3201 2406 3230 2458 ὀ
3273 2404 3492 2474 Πατήρ·
3539 2401 3616 2464 ὡς
3657 2399 3768 2472 γὰρ

2184 2509 2460 2580 ἄφθαρτός
2485 2523 2543 2558 τε
2573 2504 2668 2558 καὶ
2692 2503 2880 2565 ἀΐδιος,
2903 2501 3044 2553 οῦτω
3075 2499 3168 2552 καὶ
3197 2497 3387 2566 Πατὴρ
3418 2493 3766 2564 ὀνομάζεται,

2184 2605 2219 2675 ἢ
2251 2599 2488 2671 κυρώσει
2511 2599 2604 2652 καὶ
2641 2597 2734 2648 ἐπὶ
2771 2595 2870 2664 τῆς
2914 2592 3097 2662 φωνῆς
3121 2588 3327 2660 ταύτης
3354 2587 3452 2659 τὴν
3487 2587 3619 2656 περὶ
3655 2582 3769 2636 τῶν

2185 2691 2385 2746 λοιπῶν
2422 2689 2701 2758 ὀνομάτων
2730 2684 2886 2749 δόξαν
2905 2725 2920 2749 ,
2974 2683 3068 2734 καὶ
3094 2681 3378 2752 διαφθερεῖ
3405 2678 3504 2749 τὴν
3534 2696 3589 2745 π.
3613 2675 3761 2744 ώτην

2188 2786 2473 2855 ὑπόληψιν,
2500 2782 2658 2852 εἰπερ
2685 2781 2887 2842 πάσαις
2917 2780 3035 2841 ταῖς
3067 2773 3460 2846 προσηγορίαις
3479 2771 3571 2823 καὶ
3597 2771 3630 2839 ἡ
3667 2769 3770 2837 τῆς

2185 2878 2522 2946 πατρότητος
2534 2875 2710 2928 ἔννοια
2726 2890 2789 2924 συ
2797 2888 2904 2941 μπε
2911 2869 3086 2942 ριειλη
3093 2868 3271 2939 μμένη
3287 2866 3459 2935 τύχοι.
3474 2863 3642 2932 Δῆλον
3659 2862 3773 2932 γάρ

2187 2971 2268 3022 ὅτι
2297 2969 2344 3020 εί
2383 2966 2576 3019 ταύτὸν
2605 2962 2690 3032 εἴη
2717 2961 2780 3014 τὸ
2824 2959 3222 3030 σημαινόμενον
3250 2955 3530 3025 ἀφθάρτου
3571 2969 3631 3005 τε
3675 2951 3772 3004 καὶ

2188 3059 2423 3131 Πατρὺς,
2451 3057 2525 3121 ὼς
2553 3055 2641 3110 ἀεὶ
2668 3053 2959 3124 ἄφθαρτος,
2982 3051 3153 3113 οὕτως
3183 3051 3268 3102 ἀεὶ
3291 3048 3386 3101 καὶ
3412 3047 3602 3115 Πατὴρ
3627 3045 3763 3114 ὁμο-

2188 3151 2566 3224 λογηθήσεται,
2603 3147 2750 3217 μιᾶς,
2785 3144 2860 3207 ὣς
2899 3161 3052 3214 φησι,
3103 3143 3237 3195 πᾶσι
3270 3143 3382 3202 τοῖς
3414 3138 3642 3206 ὀνόμασι
3664 3137 3770 3204 τῆς

2193 3241 2464 3316 σημασίας
2483 3238 2677 3308 οὔσης·
2701 3236 2800 3308 ἦεί
2817 3234 3033 3303 φοϐοῖτο
3053 3231 3112 3297 ἐξ
3132 3231 3302 3285 ἀϊδίου
3328 3227 3775 3300 προσμαρτυρεῖν

2189 3337 2267 3408 τῷ
2298 3334 2416 3405 Θεῷ
2445 3333 2542 3403 τὴν
2571 3330 2906 3400 πατρότητα,
2941 3326 3093 3379 λύσει
3118 3323 3234 3378 κατ’
3263 3321 3507 3389 ἀνάγκην
3548 3317 3610 3370 τὸ
3653 3318 3776 3368 ἐπι-

2193 3407 2448 3502 χείρημα,
2475 3426 2690 3495 ἑκάστῳ
2714 3421 2823 3476 τῶν
2863 3419 3144 3490 ὀνομάτων
3179 3415 3507 3484 ἐνυπάρχειν
3544 3407 3778 3472 tatam-

2194 3499 2294 3578 σαν
2336 3499 2624 3592 »ὀμολογῶν
2673 3514 2972 3585 σημασίαν,
3016 3513 3113 3566 καὶ
3149 3509 3322 3569 οὕτως
3365 3508 3394 3559 ὁ
3431 3502 3601 3566 πολὺς
3628 3499 3779 3569 αὐτῷ

2192 3613 2460 3688 περὶτῶν
2494 3609 2777 3680 ὀνομάτων
2808 3605 2989 3670 ὕθλος,
3025 3602 3373 3674 πομφόλυγος
3399 3597 3561 3668 δίκην
3599 3595 3779 3664 ἀπορ-

2199 3708 2388 3782 ραγεὶς
2416 3701 2870 3759 κατασϐέννυται.
3328 3721 3330 3723 -

511 3815 839 3884 peculiarem
873 3813 1053 3868 inesse
1084 3810 1540 3882 signiﬁcationem
1571 3808 1901 3872 conﬁtendo,
1953 3814 2010 3864 et
2053 3808 2134 3862 sic
2183 3805 2366 3860 multa:
2417 3799 2520 3871 ipsi
2567 3797 2635 3853 de
2673 3792 2990 3850 nominibus
3032 3783 3190 3859 nugae
3231 3785 3394 3841 bullae
3431 3783 3605 3837 instar
3648 3792 3787 3832 con-

511 3918 704 3982 tractae
762 3907 1208 3973 exstinguuntur.

583 3999 738 4066 Quod
768 4000 814 4054 si
848 3997 1151 4052 contrarias
1182 4007 1305 4048 esse
1343 3991 1538 4044 harum
1574 4003 1770 4042 vocum
1811 3984 2092 4057 signiﬁca-

514 4093 695 4147 tiones
746 4090 1096 4159 respondeat,
1161 4085 1292 4155 quia
1339 4083 1589 4137 videlicet
1648 4082 1764 4136 sola
1817 4079 1994 4133 Patris
2039 4085 2096 4133 et

516 4184 732 4255 opiﬁcis
772 4181 1064 4251 appellatio
1106 4177 1417 4249 generative
1465 4174 1576 4230 Deo
1605 4173 1878 4238 adveniat,
1918 4187 2092 4241 quan-

515 4275 809 4344 doquidem
838 4289 903 4328 ex
934 4271 1269 4342 operatione,
1307 4277 1362 4322 ut
1390 4268 1506 4337 ipse
1541 4265 1808 4335 loquitur,
1851 4272 2100 4333 utraeque

515 4383 677 4439 ypces
707 4366 776 4421 de
804 4363 918 4418 Deo
945 4363 1328 4432 praedicentur,
1354 4374 1453 4414 nos
1475 4356 1755 4412 cohibebit
1783 4354 2014 4408 inultum
2041 4352 2092 4405 in

517 4459 622 4512 hoc
655 4456 903 4525 subiecto
939 4453 1248 4518 immorari,
1291 4452 1420 4505 dum
1460 4450 1578 4504 hazc
1618 4446 1933 4508 conﬁtetur,
1974 4459 2096 4514 quae

2259 3979 2324 4032 El
2353 3977 2411 4031 δὲ
2446 3974 2762 4040 ἀπολογοῖτο
2790 3969 2917 4040 περὶ
2945 3968 3046 4038 τῆς
3077 3964 3472 4032 ἐναντιότητος,
3497 3958 3570 4022 ὡς
3610 3957 3783 4027 μόνης

2189 4073 2291 4142 τῆς
2310 4067 2406 4122 τοῦ
2424 4068 2637 4136 Πατρδς
2664 4064 2758 4117 καὶ
2794 4063 2892 4130 τῆς
2915 4057 3010 4112 τοῦ
3043 4054 3375 4127 δημιουργοῦ
3414 4049 3786 4122 προσηγορίας

2195 4140 2708 4232 ἐπιγεννηματικῶς
2745 4153 2822 4222 τῷ
2851 4150 2970 4222 Θεῷ
3010 4146 3474 4219 προσγενομένης,
3518 4142 3606 4195 διά
3637 4141 3698 4194 τὺ
3724 4140 3787 4205 ἐξ

2199 4253 2498 4327 ἐνεργείας,
2525 4253 2601 4314 ὡς
2635 4249 2798 4310 αὐτὸς
2825 4245 2998 4313 λέγει,
3034 4239 3299 4310 ἑκατέρας
3325 4233 3675 4303 ἐπιλέγεσθαι
3706 4231 3784 4302 τῷ

2201 4325 2320 4420 Θεῷ
2346 4347 2446 4410 τὰς
2496 4343 2702 4415 φωνὰς,
2742 4335 3073 4410 περιγράψει
3105 4334 3204 4402 τὴν
3246 4328 3445 4400 πολλὴν
3469 4325 3624 4398 ἡμῶν
3657 4326 3787 4396 περὶ

2201 4444 2262 4496 τὸ
2295 4440 2652 4513 προκείμενον
2696 4433 2972 4504 ἀσχολίαν,
3020 4427 3194 4482 ταῦτα
3231 4422 3526 4496 ὁμολογῶν,
3575 4421 3612 4474 ἃ.
3653 4419 3790 4473 πολ-

519 4549 708 4603 multis
740 4554 926 4602 essent
960 4545 1240 4598 laboribus
1293 4557 1322 4595 a
1369 4541 1528 4595 nobis
1586 4538 1984 4608 redarguenda.
2042 4535 2087 4588 Si

2203 4536 2315 4598 λοῖς
2359 4533 2467 4586 ἔδει
2518 4530 2701 4590 πόνοις
2750 4524 2879 4596 παρ’
2918 4519 3074 4592 ἡμῶν
3122 4515 3514 4586 διελέγχεσθαι.
3570 4514 3632 4566 Εἰ
3679 4513 3791 4583 γάρ

518 4643 663 4696 enim
699 4656 807 4695 una
832 4648 916 4694 est
947 4638 1250 4698 conditoris
1283 4646 1337 4691 et
1372 4635 1548 4689 Patris
1579 4633 1730 4687 vocis
1765 4629 2097 4701 signiﬁcatio

520 4741 605 4805 (ex
641 4733 963 4804 operatione
994 4730 1138 4784 enim
1179 4726 1477 4796 utraque),
1519 4722 1848 4792 aequivalent
1875 4720 2100 4773 omnino

520 4827 662 4879 inter
683 4841 740 4880 se
759 4825 924 4878 etiam
950 4836 1071 4891 quae
1093 4836 1189 4888 per
1216 4834 1378 4873 voces
1400 4815 1782 4885 signiﬁcantur
1821 4833 1832 4866 :
1865 4826 2098 4882 quorum

519 4917 666 4970 enim
701 4917 845 4969 idem
889 4909 1274 4984 signiﬁcatum,
1319 4910 1514 4963 horum
1570 4922 1747 4976 neque
1793 4905 2100 4974 subjectum

521 5025 750 5081 prorsus
785 5007 1080 5075 discrepat.
1123 5003 1182 5057 Si
1228 5018 1357 5071 ergo
1401 5018 1468 5056 ex
1509 5000 1828 5069 operatione
1856 5006 1910 5053 et
1941 4995 2102 5049 Pater

521 5111 576 5156 et
604 5098 787 5168 opifex
824 5098 1161 5162 nominatur,
1196 5096 1367 5168 plane
1401 5092 1547 5147 dicet
1579 5094 1868 5144 immutare
1903 5087 2104 5142 volenti

521 5194 609 5247 bis
667 5191 981 5245 nominibus
1032 5204 1127 5258 per
1176 5188 1594 5241 conversionem
1649 5185 1748 5247 uti,
1798 5189 1853 5235 et
1899 5180 2101 5243 dicere,

520 5283 668 5353 quod
709 5281 889 5350 opifex
913 5279 1060 5342 Filii,
1101 5288 1155 5332 et
1196 5285 1351 5344 pater
1385 5275 1584 5345 lapidis
1620 5284 1703 5327 est
1736 5271 1898 5330 Deus.
1935 5269 2105 5338 siqui—

521 5375 646 5428 dem
698 5376 868 5441 patris
911 5371 1208 5441 appellatio
1253 5370 1460 5423 nullam
1517 5377 1723 5420 naturae
1779 5363 2102 5418 relationem

523 5467 816 5537 signiﬁcat.
863 5465 1019 5530 Quod
1066 5475 1245 5518 autem
1283 5478 1378 5532 per
1433 5463 1531 5515 hoc
1579 5457 1947 5528 praestruitur,
1995 5470 2107 5507 non

525 5560 764 5629 amplius
797 5559 958 5612 habet
1002 5555 1396 5610 absurditatem
1430 5553 1760 5622 ambiguam,
1818 5547 1963 5618 apud
2013 5562 2108 5600 eos

529 5652 622 5722 qui
675 5659 854 5705 mente
895 5656 950 5704 et
994 5647 1354 5717 intelligentia
1407 5654 1536 5699 sunt
1578 5641 1810 5713 prazditi.
1853 5638 1923 5694 Ut
1961 5638 2106 5693 enim

530 5741 830 5796 absurdum
859 5750 944 5795 est
971 5739 1206 5809 lapidem
1231 5745 1422 5808 putare
1450 5735 1640 5799 Deum,
1666 5734 1750 5788 vel
1778 5732 1924 5785 aliud
1951 5729 2107 5794 quid-

530 5847 693 5903 quam
728 5846 918 5885 eorum
951 5846 1072 5900 qua:
1102 5844 1199 5900 per
1226 5829 1559 5884 creationem
1603 5826 1989 5886 substiterunt,
2029 5823 2106 5876 sic

2206 4628 2301 4700 μία
2343 4626 2440 4696 τῆς
2476 4641 2535 4676 τε
2591 4619 2682 4674 τοῦ
2727 4614 3069 4689 Δημιουργοῦ
3115 4611 3208 4665 καὶ
3269 4609 3370 4679 τῆς
3433 4605 3528 4661 τοῦ
3578 4605 3791 4674 Harpe;

2203 4699 2386 4790 φωνῆς
2433 4719 2467 4788 ἡ
2535 4712 2780 4784 σημασία
2836 4708 2929 4779 (ἐξ
2987 4705 3264 4776 ἐνεργείας
3314 4703 3422 4771 γὰρ
3483 4699 3787 4768 ἑκάτερα),

2207 4811 2515 4880 ἰσοδυναμεῖ
2562 4807 2778 4866 πάντως
2826 4799 3076 4871 ἀλλήλοις
3115 4796 3208 4850 καὶ
3235 4796 3304 4848 τὰ
3335 4793 3422 4846 διά
3454 4793 3563 4846 τῶν
3598 4789 3793 4858 φωνῶν

2204 4879 2620 4974 σημαινόμενα·
2689 4887 2764 4947 ὧν
2819 4891 2926 4961 γάρ
2967 4889 3028 4940 τὸ
3076 4884 3474 4956 σημαινόμενον
3514 4882 3576 4934 τὸ
3623 4879 3790 4942 αὐτὸ,

2204 4992 2409 5044 τούτων
2452 4986 2573 5039 οὐδὲ
2622 4984 2684 5037 τὸ
2721 4979 3082 5048 ὑποκείμενον
3121 4975 3336 5032 πάντως
3387 4973 3659 5042 διάφορον.
3728 4969 3794 5021 ΕΞ

2204 5082 2296 5138 οῦν
2338 5082 2397 5146 ἐξ
2428 5077 2702 5149 ἐνεργείας
2734 5076 2826 5127 καί
2851 5070 3042 5140 Πατὴρ
3088 5068 3181 5120 καὶ
3220 5063 3561 5135 Δημιουργός
3597 5061 3798 5128 ὀνομά-

2207 5177 2380 5241 ζεται,
2422 5171 2598 5238 ἔξεστι
2628 5169 2841 5228 πάντως
2878 5163 2969 5217 καὶ
2989 5159 3356 5224 ὑπαλλάξαντι
3384 5155 3525 5208 κατὰ
3554 5155 3615 5206 τὸ
3652 5153 3798 5205 ἀντι-

2209 5268 2436 5338 στρέφον
2464 5267 2576 5325 τοῖς
2608 5260 2830 5328 ὀνόμασι
2872 5252 3182 5327 χρήσασθαι
3213 5251 3306 5304 καὶ
3334 5249 3506 5300 εἰπεῖν
3527 5286 3541 5308 ,
3581 5246 3664 5298 ὅτι
3695 5243 3796 5296 καὶ

2206 5355 2534 5429 δημιουργὸς
2566 5352 2660 5404 τοῦ
2691 5346 2850 5411 Υίοῦ,
2891 5345 2986 5398 καὶ
3023 5341 3204 5413 πατὴρ
3241 5341 3335 5393 τοῦ
3383 5337 3528 5389 λίθου
3575 5333 3726 5386 ἐστὶν
3769 5335 3800 5385 ὁ

2207 5451 2362 5515 Θεὸς,
2405 5448 2561 5514 εἴπερ
2602 5441 2829 5512 ἄμοιρόν
2859 5441 2974 5490 ἐστι
3021 5435 3082 5488 τὸ
3117 5432 3211 5486 τοῦ
3257 5430 3460 5500 πατρὸς
3497 5427 3668 5496 ὄνομα
3698 5425 3803 5494 τῆς

2209 5542 2349 5600 κατὰ
2373 5540 2532 5610 φύσιν
2564 5533 2817 5605 σχετικῆς
2852 5527 3145 5601 σημασίας.
3178 5523 3250 5577 Τὸ
3284 5523 3339 5574 δὲ
3362 5520 3448 5573 διὰ
3471 5517 3660 5571 τούτου
3693 5531 3800 5568 κα-

2208 5629 2702 5697 τασκευαζόμενον,
2735 5624 2835 5676 οὐκ
2863 5621 2938 5673 ἐτ’
2969 5615 3266 5689 ἀμφίϐολον
3300 5614 3414 5682 ἕχει
3443 5613 3540 5680 τὴν
3569 5606 3801 5661 ἀτοπίαν

2211 5730 2320 5788 τοῖς
2344 5741 2406 5792 γε
2435 5721 2560 5774 νοῦν
2584 5719 2794 5789 ἔχουσιν
2817 5732 2829 5743 ·
2862 5714 2937 5776 ὡς
2969 5712 3079 5781 γάρ
3107 5708 3305 5764 ἄτοπόν
3333 5708 3449 5759 ἐστι
3480 5703 3624 5756 λίθον
3648 5700 3801 5772 ἡγεῖ-

2217 5815 2515 5877 σθαιΘεὶν,
2557 5813 2589 5880 ἢ
2637 5809 2762 5863 ἄλλο
2809 5824 2859 5859 τι
2895 5804 3002 5857 τῶν
3033 5802 3121 5857 διὰ
3172 5801 3401 5862 κτίσεως
3429 5793 3814 5862 ὑποστάντων,
