4146 6386
375 376 513 432 {077

1463 379 1742 437 CONTRA
1777 376 2170 447 EUNOMIUM,
2212 380 2340 436 LIB.
2385 381 2497 436 Xll.

3481 362 3626 430 τοτε

373 493 546 558 οὕτως
578 491 1057 567 δμολογηθήσεται,
1108 498 1243 570 μηδὲ
1280 498 1357 568 τῷ
1378 499 1669 565 Μονογενεῖ
1688 497 1808 568 Θεῷ
1832 497 1941 550 δεῖν

2061 512 2145 551 πο
2191 499 2445 555 confesso
2476 498 2782 562 habebitur,
2830 511 3005 567 neque
3047 501 3302 565 oportere
3338 490 3628 561 Unigenito

385 589 819 658 προσμαρτυρεῖν
849 588 947 659 τὴν
984 589 1231 660 θεότητα,
1266 591 1392 659 μιᾶς
1417 592 1510 642 καὶ
1538 590 1635 659 τῆς
1660 589 1831 657 αὐτῆς
1848 588 1950 657 τῆς

376 679 517 732 κατά
546 678 644 749 τὴν
666 679 943 750 ἐνέργειαν
967 683 1240 752 σημασίας
1266 683 1579 754 ἀμφοτέρας
1599 683 1676 752 τῷ
1700 681 1818 751 Θεῷ
1850 682 1951 745 τὰς

378 769 599 839 κλήσεις
629 771 769 825 κατὰ
787 773 878 826 τὸν
916 774 1180 845 Εὐνομίου
1214 775 1370 843 λόγον
1401 775 1948 847 προσμαρτυρούσηςν

379 858 499 911 καθ’
518 859 586 929 ἣν
607 860 699 912 καὶ
721 861 929 932 Πατὴρ,
950 864 1043 916 καὶ
1058 865 1400 935 Δημιουργὸς
1418 864 1761 934 ὀνομάζεται.
1792 863 1953 916 Ἀλλά

378 950 489 1002 τῶν
525 952 905 1023 προκειμένων
932 954 1206 1025 ἐχώμεθα.

449 1043 757 1098 Διαϐάλλων
783 1045 891 1116 γάρ
927 1046 1019 1099 τὸν
1050 1046 1317 1117 ἡμέτερον
1346 1048 1503 1116 λόγον
1532 1048 1625 1101 τὸν
1656 1049 1795 1103 κατά
1833 1048 1953 1103 δια-

382 1134 582 1205 φόρους
612 1135 867 1201 ἐπιϐολὰς
890 1137 1115 1206 λέγοντα
1145 1139 1243 1209 τὴν
1275 1140 1405 1210 περὶ
1428 1140 1564 1193 Θεοῦ
1595 1141 1793 1209 γνῶσιν
1823 1142 1955 1211 ἡμῖν

382 1224 819 1295 συναγείρεσθαι,
840 1227 971 1297 φησί
1002 1227 1193 1298 μηκέτ’
1227 1229 1390 1282 αὐτὸν
1418 1228 1547 1299 παρ’
1572 1233 1604 1299 ἡ
1614 1229 1728 1299 μῶν
1751 1229 1957 1283 ἁπλοῦν

381 1308 520 1366 εῐναι
542 1314 1068 1381 κατασκευάζεσθαι,
1085 1316 1161 1379 ὡς
1192 1317 1679 1387 μεταλαμϐάνοντα
1701 1318 1809 1370 τῶν
1833 1335 1957 1389 νοη-

384 1406 572 1476 μάτων
598 1406 707 1460 τῶν
734 1408 801 1460 δι’
838 1408 1075 1478 ἑκάστης
1112 1408 1480 1479 προσηγορίας
1518 1408 1953 1479 σημαινομένων,

383 1499 478 1551 καὶ
496 1497 583 1551 διά
606 1498 704 1568 τῆς
740 1498 963 1553 ἐκείνων
1006 1500 1294 1568 μετουσίας
1335 1498 1757 1570 συμπληροῦντα
1782 1498 1958 1568 ἑαυτῷ

380 1586 478 1655 τὴν
504 1587 643 1640 κατὰ
673 1587 733 1640 τὸ
754 1584 891 1640 εἶναι
917 1586 1215 1641 τελείωσιν.
1249 1586 1435 1639 Ταῦτα
1464 1586 1551 1640 διὰ
1587 1586 1687 1654 τῆς
1719 1584 1958 1655 ἐμαυτοῦ

382 1677 584 1744 λέξεως
636 1679 945 1749 συντέμνων
989 1680 1151 1733 αὐτοῦ
1205 1678 1302 1751 τὴν
1360 1677 1577 1749 μακρὰν
1623 1676 1957 1746 ἀδολεσχίαν.

398 1770 556 1835 ’Λλλά
609 1770 745 1842 πρὸς
786 1770 884 1841 τὴν
927 1771 1161 1841 ματαίαν
1197 1770 1400 1838 ταύτην
1434 1770 1585 1839 οἶμαι
1637 1769 1733 1821 καὶ
1776 1768 1962 1821 ἄτονον

385 1862 815 1933 περιττολογίαν,
849 1862 969 1915 οὐδὲ
999 1862 1100 1934 τὴν
1143 1862 1464 1932 ἀντίρρησιν
1501 1862 1563 1915 ἄν
1603 1878 1727 1914 τινα
1754 1860 1862 1913 τῶν
1900 1856 1961 1912 εὖ

383 1956 720 2027 φρονούντων
764 1953 875 2020 ἔξω
909 1957 1008 2025 τῆς
1060 1953 1202 2006 κατά
1255 1955 1355 2023 τὴν
1406 1952 1589 2007 ἄνοιαν
1630 1952 1963 2023 κατηγορίας

384 2044 733 2113 ποιήσασθαι,
766 2045 828 2096 Εἰ
852 2044 950 2115 μὲν
978 2043 1083 2114 γάρ
1100 2060 1158 2095 τι
1182 2042 1416 2097 τοιοῦτον
1434 2046 1491 2097 ὲν
1516 2046 1625 2106 τοῖς
1643 2045 1772 2113 παρ’
1796 2045 1828 2115 ή
1837 2042 1953 2112 μῶν

382 2136 692 2207 εἰρημένοις
729 2131 818 2205 ἦν,
867 2136 973 2188 ἔδει
1010 2136 1227 2198 πάντως
1263 2136 1411 2205 ἡμᾶς
1454 2134 1487 2204 ἢ
1524 2133 1871 2188 ἀνατίθεσθαι
1895 2133 1963 2187 τὰ

382 2228 569 2291 κακῶς
604 2227 886 2298 εἰρημένα,
920 2228 953 2297 ἢ
988 2227 1047 2279 τὸ
1078 2227 1377 2297 ἀμφίϐολον
1406 2226 1503 2296 τῆς
1542 2225 1781 2288 διανοίας
1824 2225 1961 2295 πρὸς

381 2320 446 2374 τὸ
489 2320 779 2373 ἀνεύθυνον
830 2323 927 2390 τῆς
977 2320 1273 2391 ἑρμηνείας
1314 2320 1486 2387 ἄγειν.
1546 2318 1697 2371 Ἐπεὶ
1743 2317 1801 2370 δὲ
1839 2317 1961 2371 οὔτε

381 2412 598 2483 εἴρηται
649 2414 780 2482 παρ’
829 2412 987 2482 ήμῶν
1044 2412 1283 2465 τοιοῦτον
1335 2411 1523 2474 οὐδὲν,
1587 2410 1710 2463 οὔτε
1768 2412 1801 2480 ή
1854 2410 1961 2464 τῶν

383 2504 688 2576 εἰρημένων
744 2504 1032 2557 ἀκολουθία
1092 2504 1228 2574 πρὸς
1274 2503 1371 2573 τὴν
1414 2503 1668 2573 τοιαύτην
1717 2503 1961 2573 ἀνάγκην

385 2592 576 2658 ἐξωθεῖ
610 2593 708 2664 τὴν
746 2593 999 2658 διάνοιαν,
1025 2593 1076 2646 τί
1114 2594 1192 2646 δεῖ
1234 2596 1345 2656 τοῖς
1381 2594 1830 2663 ὁμολογουμένοις
1876 2597 1960 2647 ἐν·

384 2681 721 2754 διατρίϐοντα
741 2683 1054 2736 ἀποκναίειν
1078 2685 1201 2745 τοὺς
1222 2683 1649 2752 ἐντυγχάνοντας
1675 2686 1741 2753 τῇ
1772 2700 1849 2736 πα
1859 2700 1957 2753 ρα-

384 2771 539 2826 τάσει
561 2771 653 2824 τοῦ
682 2771 839 2840 λόγου
866 2790 882 2837 ;
917 2772 1013 2835 Τίς
1036 2772 1145 2843 γὰρ
1174 2772 1344 2836 οὕτως
1377 2772 1483 2837 ἕξω
1517 2773 1753 2837 διανοίας
1782 2775 1955 2837 ἐστὶν,

384 2865 460 2927 ὼς
489 2865 727 2928 ἀκούσας
759 2864 847 2918 διὰ
880 2864 1091 2917 πολλῶν
1119 2866 1406 2936 νοημάτων
1431 2866 1541 2927 τὰς»
1568 2866 1809 2929 εὐσεϐεῖς
1833 2869 1961 2938 περὶ

384 2957 521 3011 Θεοῦ
553 2958 847 3028 ὑπολήψεις
887 2956 1253 3029 ἀθροίζεσθαι,
1289 2958 1543 3023 σύνθετον
1576 2960 1641 3011 ὲκ
1687 2959 1959 3029 διαφόρων

390 3050 453 3104 τὸ
481 3051 634 3104 Θεῖον
658 3050 889 3114 οἴεσθαι,
912 3050 945 3120 ἢ
977 3052 1040 3101 ἐκ
1060 3049 1414 3120 μεταλήψεώς
1443 3069 1601 3104 τινων
1628 3052 1807 3121 ἑαυτῷ
1840 3069 1962 3105 συν⁴

2053 590 2314 644 deitatem
2342 591 2660 653 :tttribuere,
2692 604 2816 643 cum
2851 604 2965 643 una
2995 587 3295 655 eademque
3326 584 3626 639 secundum

2052 682 2421 751 operationem
2443 680 2769 750 signiﬁcatio
2790 686 3049 747 utrasque
3071 676 3183 731 Deo
3212 674 3623 745 appellationes,

2054 780 2113 825 ut
2142 772 2398 840 opinatur
2436 771 2759 837 Eunomius,
2795 770 3079 833 attribuat,
3119 766 3420 822 secundum
3465 781 3632 835 quau:

2051 871 2106 917 et
2129 862 2289 918 Pater
2316 871 2371 917 et
2400 861 2582 933 opifex
2610 862 2944 916 nominatur.
2981 858 3088 914 Sed
3121 859 3403 927 proposita
3433 863 3626 913 tenea-

2053 968 2197 1008 mus.
3609 943 3619 959 ’

2122 1044 2386 1100 Nostrum
2411 1046 2555 1100 enim
2575 1060 2883 1101 sermonem
2912 1046 3281 1107 ealnmnians,
3307 1043 3400 1113 qui
3426 1056 3628 1097 secun-

2056 1136 2185 1192 dum
2237 1137 2551 1192 diﬂ'erentes
2609 1138 2920 1193 intellectus
2958 1137 3377 1208 -applieationcs
3433 1134 3633 1188 asserit

2057 1228 2154 1284 Dei
2186 1229 2550 1299 cognitionem
2584 1230 2639 1283 in
2682 1231 2841 1286 nobis
2866 1231 3116 1292 excitari,
3151 1229 3228 1283 ait
3260 1245 3367 1282 non
3397 1227 3630 1297 amplius

2058 1322 2237 1390 ipsum
2275 1338 2305 1376 a
2337 1322 2495 1378 nobis
2526 1322 2826 1390 simplicem
2858 1338 2979 1379 esse
3016 1322 3288 1392 prmstrui,
3326 1321 3453 1389 quia
3482 1319 3631 1372 vide-

2058 1410 2185 1465 licet
2226 1414 2478 1466 notiones
2503 1426 2624 1482 qua:
2654 1426 2751 1481 per
2785 1426 3057 1481 quamque
3103 1410 3522 1479 appellationem
3556 1408 3633 1459 εἰσ

2058 1502 2406 1573 gniﬁcantur,
2439 1504 2579 1559 alias
2600 1511 2722 1573 post
2752 1505 2888 1558 alias
2922 1510 3188 1565 assumat,
3214 1509 3268 1557 et
3301 1516 3394 1570 per
3417 1499 3630 1552 illarum

2062 1594 2524 1664 participationem
2585 1594 2687 1650 sibi
2762 1595 2866 1664 ipsi
2920 1592 3312 1664 perfectionem
3378 1592 3633 1646 essentia:

2060 1688 2347 1755 compleat.
2380 1686 2504 1741 Haec
2544 1686 2780 1756 propriis
2823 1687 3007 1741 verbis
3047 1684 3295 1747 recitavi,
3327 1683 3628 1736 concidens

2063 1775 2181 1843 ejus
2210 1776 2478 1843 prolixam
2517 1774 2867 1845 nugationem
2927 1774 3040 1828 sive
3092 1772 3484 1842 garrulitatem.
3526 1767 3631 1823 Sed

1995 1844 2035 1897 Β
2066 1867 2133 1921 ad
2182 1868 2324 1921 hanc
2378 1882 2571 1921 vanam
2615 1875 2670 1921 et
2722 1864 3016 1920 invalidam
3064 1876 3635 1933 supervacanearnque

2066 1958 2427 2028 loquentiam,
2464 1974 2639 2027 neque
2668 1972 2994 2027 quemquam
3022 1957 3113 2025 qui
3146 1963 3293 2008 recte
3321 1953 3498 2021 sapiat
3535 1953 3634 2006 de-

2065 2051 2193 2105 bere
2236 2049 2665 2104 contradicendo
2722 2048 3053 2118 respondere
3118 2048 3238 2101 sine
3283 2045 3636 2099 accusatione

2063 2142 2313 2197 amentiae.
2364 2141 2625 2195 arbitror.
2682 2140 2739 2193 Si
2793 2140 2937 2194 enim
2982 2137 3111 2206 quid
3163 2136 3271 2190 tale
3326 2137 3383 2189 in
3432 2134 3636 2189 nostris

2062 2232 2222 2290 dictis
2243 2240 2409 2297 esset,
2444 2239 2723 2299 oporteret
2749 2245 2850 2283 nos
2882 2228 3169 2281 maledicta
3197 2232 3517 2286 retractare,
3551 2224 3635 2277 vel

2063 2322 2207 2392 quod
2249 2322 2558 2393 ambiguam
2602 2320 2929 2375 sententiam
2968 2318 3151 2379 habet,
3197 2316 3265 2369 ad
3309 2315 3637 2382 interpreta-

2063 2413 2228 2468 tionis
2252 2427 2544 2466 censuram
2585 2422 2638 2465 et
2662 2425 2891 2465 examen
2918 2422 3195 2463 revocare.
3239 2404 3345 2460 Sed
3374 2403 3636 2474 quoniam

2063 2505 2198 2559 nihil
2235 2503 2533 2573 quidquam
2566 2503 2673 2557 tale
2708 2517 2737 2554 a
2772 2500 2928 2556 nobis
2952 2499 3157 2553 dictum
3186 2507 3269 2553 est
3297 2539 3311 2559 ,
3358 2510 3535 2565 neque
3563 2496 3640 2546 di-

2060 2606 2270 2651 ctorum
2305 2595 2621 2649 consecutio
2655 2593 2722 2648 ad
2755 2594 2919 2647 talem
2957 2590 3337 2647 necessitatem
3364 2587 3643 2656 compellit

2060 2688 2473 2758 cogitationem,
2506 2686 2638 2756 quid
2682 2701 2820 2756 opus
2865 2692 2949 2740 est
2982 2685 3036 2737 in
3072 2682 3381 2737 manifestis
3412 2689 3467 2735 et
3505 2696 3639 2734 con-

2061 2780 2222 2835 fessis
2258 2780 2643 2833 immorantem
2673 2778 2908 2832 lectores
2941 2775 3101 2829 taedio
3125 2774 3336 2828 allicere
3371 2772 3651 2826 sermonis

2060 2871 2462 2943 protractione?
2488 2871 2621 2936 Quis
2658 2870 2804 2924 enim
2839 2871 2911 2923 ita
2947 2877 3101 2923 extra
3149 2875 3387 2920 mentem
3426 2873 3534 2928 est,
3576 2872 3641 2917 ut

2062 2979 2185 3018 cum
2218 2963 2449 3017 audierit
2482 2978 2576 3031 per
2608 2962 2809 3016 multas
2840 2960 3093 3014 notiones
3137 2959 3204 3013 de
3233 2957 3343 3011 Deo
3376 2958 3491 3026 pias
3524 2957 3643 3026 Opi-

2062 3058 2260 3112 niones
2293 3056 2562 3121 acervari,
2593 3071 2660 3109 ex
2695 3053 2928 3109 diversis
2962 3067 3163 3106 numen
3196 3049 3490 3104 conﬂatum
3518 3064 3641 3104 esse

386 3142 629 3213 αγείρειν
663 3141 762 3212 τὴν
804 3141 1113 3211 τελειότητα
1138 3159 1152 3207 ;
1180 3140 1393 3213 Εὖρατό
1430 3159 1513 3205 τις
1545 3142 1663 3195 καθ’
1704 3143 1957 3197 ὑπόθεσιν

2066 3157 2236 3221 putet,
2270 3150 2353 3204 vel
2385 3164 2448 3203 ex
2480 3147 2950 3217 transsumptione
2992 3143 3353 3215 quorumdam
3394 3141 3498 3197 sibi
3534 3140 3637 3210 ipsi

387 3234 747 3306 γεωμετρίαν,
771 3237 800 3288 ὁ
830 3234 884 3287 δὲ
917 3234 1080 3297 αὐτὸς
1112 3226 1264 3299 οὗτος
1299 3233 1616 3305 ὑπειλήφθω
1648 3236 1741 3289 καὶ
1766 3239 1962 3309 ἀστρο-

386 3328 577 3397 νομίας
602 3326 823 3397 εὑρετὴς
852 3321 1010 3391 εἶναι,
1031 3326 1280 3397 ἰατρικῆς
1306 3344 1363 3379 τε
1392 3327 1554 3380 πάλιν
1579 3328 1674 3380 καὶ
1706 3345 1965 3400 γραμμα-

387 3420 566 3490 τικῆς,
601 3420 695 3472 καὶ
727 3419 1023 3490 γεωργίας,
1060 3419 1155 3472 καὶ
1191 3418 1365 3472 ἄλλων
1391 3418 1646 3473 τοιούτων
1679 3422 1963 3492 ἐπιτηδευ-

392 3512 576 3582 μάτων
626 3513 808 3566 τινῶν.
870 3508 994 3583 1Ἆρ’
1035 3502 1223 3582 ἐπειδὴ
1267 3512 1439 3566 πολλά
1483 3514 1578 3566 καὶ
1626 3513 1857 3585 διάφορα
1895 3516 1963 3569 τά

387 3604 627 3673 ὀνόματα
653 3602 761 3657 τῶν
786 3603 1230 3673 ἐπιτηδευμάτων
1256 3602 1385 3671 περί
1404 3604 1505 3675 τὴν
1538 3604 1664 3674 μίαν
1681 3604 1961 3676 θεωρεῖται

386 3696 598 3766 ψυχὴν,
646 3695 894 3758 σύνθετος
939 3694 1025 3747 διὰ
1074 3695 1231 3748 τοῦτο
1272 3697 1305 3764 ή
1356 3694 1501 3766 ψυχὴ
1546 3696 1960 3766 νομισθήσεταις

392 3789 585 3843 Καίτοι
611 3806 675 3857 γε
712 3788 962 3841 πλεῖστον
1005 3788 1246 3857 διαφέρει
1278 3787 1338 3839 τὸ
1382 3788 1525 3840 κατά
1560 3789 1658 3859 τὴν
1718 3791 1963 3862 ἰατρικὴν

393 3881 788 3953 σημαινόμενον
829 3879 931 3947 τῆς
979 3880 1377 3949 ἀστρονομικῆς
1433 3882 1763 3952 ἐπιστήμης,
1802 3883 1896 3936 καὶ
1928 3886 1961 3954 ἡ

391 3972 753 4044 γραμματικὴ
783 3971 919 4042 πρὸς
958 3972 1056 4043 τὴν
1085 3971 1425 4041 γεωμετρίαν
1453 3972 1709 4043 οὐδεμίαν
1734 3974 1875 4027 κατὰ
1901 3975 1963 4027 τὸ

396 4064 789 4135 σημαινόμενον
830 4064 927 4132 τὴν
964 4061 1243 4115 κοινωνίαν
1277 4063 1387 4132 ἕχει
1412 4079 1425 4090 ·
1478 4065 1586 4117 οὐδ’
1634 4061 1699 4119 αὖ
1742 4067 1903 4120 πάλιν
1927 4070 1961 4138 ή

391 4156 659 4217 ναυτιλία,
682 4157 775 4208 καὶ
807 4157 839 4225 ἡ
865 4154 1149 4223 γεοπονία”
1182 4156 1315 4209 ἀλλά
1349 4157 1456 4227 μὴν
1482 4159 1609 4229 περὶ
1636 4160 1733 4229 τὴν
1764 4160 1959 4231 ψυχὴν,

389 4248 597 4302 τούτων
628 4247 864 4316 ἑκάστης
893 4246 984 4298 τὸν
1008 4246 1164 4313 λόγον
1208 4246 1431 4301 δυνατὸν
1472 4247 1843 4320 ἀθροισθῆναι,
1872 4254 1963 4305 καὶ

392 4340 455 4392 οὐ
507 4338 595 4391 διὰ
629 4336 785 4391 τοῦτο
830 4335 1219 4400 πολυσύνθετος
1273 4339 1305 4407 ή
1358 4336 1504 4409 ψυχὴ
1545 4339 1784 4409 γίνεται,
1843 4343 1962 4397 οὐδὲ

394 4430 572 4483 πάντα
593 4430 662 4481 τὰ
682 4428 918 4499 ὀνόματα
934 4427 1041 4481 τῶν
1063 4428 1505 4497 ἐπιτηδευμάτων
1526 4430 1663 4499 πρὸς
1685 4431 1742 4483 ἓν
1767 4449 1829 4503 ση
1841 4450 1963 4501 μαι-

2070 3241 2458 3312 perfectionem
2509 3238 2843 3309 congerere?
2887 3237 3162 3290 Ponanms
3199 3237 3435 3306 aliquem
3485 3235 3640 3289 inve-

2069 3335 2218 3388 nisse
2245 3332 2622 3404 geometriam,
2655 3330 2743 3384 hic
2765 3329 2905 3383 idem
2934 3328 3277 3383 existimetur
3294 3325 3643 3381 astronomia

2070 3427 2320 3480 inventor
2351 3438 2494 3487 esse,
2529 3420 2812 3476 medicina:
2841 3435 3036 3475 rursus
3083 3429 3137 3474 et
3171 3419 3562 3490 grammaticae,
3588 3429 3643 3471 et

2069 3514 2439 3585 agriculturae,
2460 3522 2514 3567 et
2539 3512 2769 3566 aliorum
2804 3508 3163 3580 quorumdam
3204 3507 3393 3562 talium
3431 3506 3643 3561 studio-

2069 3624 2214 3662 rum.
2253 3606 2336 3659 An
2366 3620 2489 3659 cum
2532 3604 2703 3658 multa
2732 3610 2786 3659 et
2820 3601 3137 3656 differentia
3164 3600 3387 3655 nomina
3428 3598 3643 3655 studio-

2069 3715 2214 3762 rum,
2247 3698 2302 3751 in
2335 3713 2441 3751 una
2462 3694 2881 3751 considerantur
2910 3693 3113 3756 anima,
3147 3698 3367 3762 propter
3396 3692 3500 3745 hoc
3520 3692 3642 3744 ani-

2070 3805 2157 3843 ma
2176 3788 2480 3857 composita
2497 3784 2936 3841 existimabitur?
2956 3784 3120 3857 Atqui
3141 3783 3436 3852 plurimum
3462 3781 3644 3836 differt

2070 3881 2359 3935 medicina:
2387 3876 2753 3947 significatum
2784 3874 2853 3927 ab
2883 3874 3255 3928 astronomiea
3295 3872 3550 3939 scientia,
3588 3881 3644 3927 et

2071 3971 2427 4043 grammatica
2450 3985 2574 4023 eum
2594 3969 2888 4037 geometria
2919 3968 3125 4021 nullam
3150 3968 3451 4021 secundum
3473 3966 3644 4036 signi-

2071 4067 2289 4121 ﬁcatum
2321 4062 2761 4117 communionem
2814 4060 2997 4125 habet,
3044 4074 3222 4129 neque
3260 4074 3455 4113 rursus
3484 4058 3641 4113 navi—

2070 4159 2217 4227 gatio
2254 4166 2308 4210 et
2340 4155 2677 4225 agricultura
2703 4172 2717 4207 :
2746 4164 3125 4206 verumtamen
3149 4152 3263 4205 fieri
3288 4159 3465 4220 potest
3492 4160 3553 4204 ut
3586 4151 3641 4204 in

2073 4264 2177 4303 una
2207 4248 2506 4316 eademque
2540 4246 2724 4298 anima
2767 4243 2961 4297 harum
3009 4242 3254 4297 omnium
3286 4240 3639 4296 scientiarum

2070 4342 2213 4395 ratio
2242 4347 2590 4407 congeratur,
2630 4350 2804 4405 neque
2838 4343 3127 4404 propterea
3170 4333 3351 4386 anima
3382 4333 3454 4386 sit
3486 4347 3640 4386 com-

2070 4434 2269 4502 posita,
2327 4445 2500 4498 neque
2554 4428 2735 4481 omnia
2778 4425 3193 4492 disciplinarum
3238 4431 3293 4477 et
3332 4422 3638 4476 studiorum

395 4518 616 4589 νόμενον
659 4520 1037 4589 ἀνακιρνᾶται.
1098 4518 1161 4571 Εἰ
1195 4518 1374 4571 τοίνυν
1412 4520 1441 4571 ὁ
1476 4520 1811 4591 ἀνθρώπινος
1840 4523 1960 4587 νοῦς

2069 4524 2288 4579 numina
2324 4523 2377 4575 in
2421 4538 2529 4574 uno
2575 4520 2881 4590 significatu
2911 4517 3357 4572 commiscentur.
3392 4513 3448 4567 Si
3477 4514 3642 4583 igitur

394 4610 481 4665 διὰ
507 4610 772 4663 τοσούτων
817 4611 947 4680 περὶ
988 4608 1153 4662 αὑτοῦ
1199 4610 1526 4680 λεγομένων,
1578 4613 1729 4665 οὐδὲν
1765 4616 1843 4676 εἰς
1867 4615 1964 4685 τὴν

396 4703 673 4771 ἁπλότητα
722 4700 1039 4770 βλάπτεται,
1074 4700 1194 4761 πῶς
1233 4699 1298 4753 ἄν
1328 4718 1411 4763 τις
1453 4702 1662 4772 οἰηθείη
1693 4704 1783 4756 τὸν
1811 4704 1962 4770 Θεὸν,

398 4796 445 4847 εἰ
471 4793 650 4861 σοφὸς,
697 4793 790 4845 καὶ
834 4792 1060 4854 δίκαιος,
1098 4792 1192 4843 καὶ
1237 4790 1462 4856 ἀγαθὸς,
1493 4794 1587 4844 καὶ
1631 4793 1817 4859 ἀΐδιος,
1872 4797 1966 4848 καὶ

396 4887 573 4939 πάντα
602 4886 670 4937 τά
690 4885 963 4955 θεοπρεπῆ
987 4883 1201 4937 καλοῖτο
1224 4882 1483 4951 ὀνόματα,
1522 4886 1570 4935 εἰ
1595 4886 1668 4955 μὴ
1699 4886 1800 4955 μία
1834 4888 1965 4941 πᾶσι

394 4977 676 5047 νομισθείη
692 4978 802 5038 τοῖς
820 4975 1045 5045 ὀνόμασι
1063 4973 1327 5043 σημασία,
1343 4973 1375 5042 ἦ
1394 4973 1679 5046 πολυμερῆ
1698 4978 1962 5045 γίνεσθαι,

397 5070 430 5138 ἦ
468 5072 530 5121 εκ
562 5068 851 5138 μετουσίας
878 5065 1083 5118 τούτων
1102 5064 1161 5117 τὸ
1186 5063 1390 5116 τέλειον
1412 5065 1593 5136 ἐαυτῷ
1622 5070 1965 5139 συναγείρειν

400 5162 493 5231 τῆς
517 5160 730 5230 φύσεως
750 5178 765 5226 ;

482 5338 617 5390 ’ΔΗΒ
647 5338 988 5407 ἐξετάσωμεν
1016 5338 1182 5390 αὑτοῦ
1212 5339 1306 5391 καὶ
1331 5340 1428 5409 τὴν
1457 5342 1817 5413 σφοδροτέραν
1842 5344 1965 5397 καθ’

399 5428 553 5497 ήμῶν
588 5430 919 5498 κατηγορίαν
955 5428 1184 5497 ἔχουσαν
1214 5430 1416 5493 οῦτωςι
1455 5435 1522 5484 El
1552 5432 1619 5484 δὲ
1640 5434 1746 5496 δεῖ,
1780 5434 1963 5504 φησὶν,

399 5522 495 5573 ἐπὶ
516 5523 618 5574 τὸν
654 5522 1101 5591 ἁποτομώτερον
1139 5525 1407 5592 χωρῆσαι
1441 5529 1645 5595 λόγον,
1687 5528 1828 5580 οὐδὲ
1853 5529 1967 5595 τὴν

400 5611 618 5663 οὐσίαν
637 5610 828 5676 αὐτὴν
845 5612 1232 5679 ἀνεπίμικτον
1253 5616 1349 5667 καὶ
1373 5616 1636 5683 καθαρὰν
1661 5617 1966 5684 φυλάσσει

400 5702 518 5755 τῶν
546 5702 827 5767 χειρόνων
856 5702 953 5754 καὶ
987 5702 1105 5753 τῶν
1130 5703 1437 5757 ἐναντίων.
1490 5707 1551 5757 Ὶι
1589 5708 1685 5775 μὲν
1715 5703 1805 5760 οὖν
1830 5726 1963 5762 κατ-

330 5790 343 5856 ξ
400 5794 599 5865 ιηγορία
625 5794 889 5865 τοσαύτησ
928 5797 955 5847 ὁ
982 5795 1038 5847 δὲ
1083 5796 1189 5849 τῶν
1219 5797 1575 5867 ἐγκλημάτων
1604 5799 1817 5870 ἔλεγχος
1850 5804 1961 5867 τίς;

2068 4618 2305 4671 lnnnana
2337 4630 2491 4668 mens
2528 4628 2623 4682 per
2662 4610 2885 4664 totidem
2923 4625 3044 4679 qua:
3085 4611 3152 4664 de
3198 4609 3313 4677 ipsa
3355 4608 3637 4667 dicuntur,

2067 4709 2199 4761 nihil
2256 4709 2309 4759 in
2353 4721 2449 4759 sua
2497 4703 2850 4771 simplicitate
2907 4700 3143 4763 laaditur,
3194 4699 3469 4769 quomodo
3517 4699 3640 4768 quis

2068 4798 2236 4853 Deum
2280 4794 2574 4864 putaverit,
2611 4794 2656 4847 si
2682 4792 2924 4860 sapiens,
2957 4789 3236 4857 ctjustus,
3268 4796 3321 4843 et
3350 4788 3550 4851 bonus,
3584 4800 3637 4841 et

2026 4911 2034 4919 ·
2067 4889 2456 4956 sempiternus,
2494 4894 2548 4938 et
2585 4884 2843 4937 ornnihus
2890 4882 2998 4935 Deo
3030 4881 3245 4934 decoris
3278 4888 3503 4935 vocetur
3537 4896 3635 4934 no-

2068 4980 2329 5041 minibus,
2353 4978 2395 5031 si
2430 4993 2535 5029 non
2561 4974 2817 5028 omnibus
2843 4974 2989 5025 hisce
3029 4972 3340 5027 nominibus
3382 4988 3487 5024 una
3515 4972 3635 5025 exi-

2066 5073 2287 5127 stimata
2348 5070 2512 5122 fuerit
2563 5084 2686 5121 esse
2733 5066 3098 5134 significatio,
3158 5064 3341 5117 multis
3388 5064 3637 5133 partibus

2067 5171 2345 5225 constare,
2385 5160 2469 5213 vel
2497 5175 2562 5213 ex
2595 5161 2785 5211 horum
2820 5156 3237 5226 participatione
3270 5164 3487 5221 natur-.e,
3514 5168 3638 5223 per-

2066 5257 2359 5311 fectionem
2393 5253 2498 5307 sibi
2527 5250 2911 5305 accumulare?

2140 5348 2247 5402 Sed
2280 5347 2401 5416 ejus
2431 5344 2889 5399 vehementiorem
2940 5353 3129 5395 contra
3185 5358 3285 5395 nos
3323 5340 3632 5395 accusatio-

2065 5456 2189 5494 nem
2215 5438 2615 5497 exarninetnus,
2651 5451 2770 5503 qua:
2800 5434 2879 5488 sic
2916 5434 3098 5488 habet.
3132 5433 3288 5499 Quod
3325 5435 3393 5497 si,
3436 5433 3637 5499 inquit,

2068 5532 2135 5584 ad
2170 5532 2477 5585 severiowm
2508 5539 2705 5595 oportet
2733 5528 3025 5579 orationem
3053 5528 3247 5589 venire,
3276 5543 3436 5594 neque
3474 5541 3641 5577 t’ssew

2070 5624 2197 5675 (iam
2221 5624 2391 5689 ipsam
2421 5621 2803 5687 impermislant
2836 5629 2883 5671 et
2911 5637 2939 5671 a
2973 5618 3322 5671 deterioribus
3350 5632 3396 5671 et
3427 5631 3613 5673 contra

2069 5716 2162 5767 riis
2188 5728 2375 5780 puram
2400 5722 2589 5765 servat.
2626 5710 2749 5764 llaec
2772 5700 2951 5778 igitur
2986 5710 3266 5764 accusatio
3295 5718 3487 5762 contra
3513 5726 3638 5773 nos,

2069 5804 2359 5860 criminum
2423 5812 2601 5859 autem
2659 5802 2925 5871 probatio,
2957 5802 3119 5871 qum?
3177 5799 3470 5857 Videamus
3521 5802 3641 5872 ejus
