4146 6386
480 299 617 352 €079
1717 296 1772 349 S.
1812 288 2139 348 GREGORII
2177 288 2469 347 NYSSENI
3564 278 3565 281 “
3590 283 3730 337 MBO

485 424 856 471 retu-mentem
883 433 1056 488 ipsam
1083 426 1136 472 et
1164 418 1459 471 oratoriam
1488 424 1677 471 contra
1710 430 1810 471 nos
1834 432 2053 485 aggres-
2080 418 2104 471 ἐ

2208 417 2387 486 δωμεν
2432 408 2602 480 αὐτὴν
2646 409 2743 479 τὴν
2799 408 3031 478 σφοδρὰν
3075 404 3240 459 αὐτοῦ
3282 405 3376 458 καὶ
3436 405 3731 473 ῥητορικὴν

485 508 718 560 sionem.
772 509 852 573 Si,
903 508 1102 577 inquit,
1156 509 1439 562 secundum
1497 508 1548 561 id
1606 507 1744 576 quod
1789 508 1906 560 vita:
1952 507 2058 575 ﬁne

2205 508 2279 561 ιϐ’
2323 506 2479 577 ἡμῶν
2511 502 2869 572 ἐπιχείρησιν.
2920 501 2989 553 El
3018 497 3165 551 κατὰ
3198 497 3261 550 τὸ
3309 496 3729 560 ἀτελεύτητον,

486 603 629 647 caret
686 596 858 648 solum
909 608 985 650 est
1037 599 1471 665 incorruptibilis,
1509 608 1555 650 et
1595 596 1881 650 secundum
1920 596 2058 665 quod

2205 599 2315 669 ησὶ,
2345 598 2456 663 τῆς
2494 593 2640 662 ζωῆς
2661 594 2852 662 μόνον
2890 590 3061 643 ἐστὶν
3096 587 3413 657 ἄφθαρτος,
3456 586 3550 638 καὶ
3582 585 3733 638 κατὰ

486 686 739 753 principii
791 697 870 739 est
916 704 1101 755 expers
1137 690 1307 742 solum
1353 700 1429 742 est
1484 689 1763 758 ingenitus,
1805 699 2060 757 quatenus

2205 691 2228 743 ὸ
2280 690 2544 757 ἄναρχον
2593 687 2784 755 μόνον
2822 683 3183 752 ἀγέννητος,
3238 678 3384 733 καθὸ
3424 678 3509 747 μή
3561 678 3737 729 ἐστιν

493 793 599 830 non
620 786 698 830 est
730 779 1170 846 incorruptibilis,
1204 782 1563 849 corruptibilis
1588 782 1710 842 crit,
1751 791 1800 834 et
1829 797 1932 848 qua
1960 795 2064 832 non

2205 786 2480 851 φθαρτος,
2503 778 2761 848 φθαρτὸς
2774 776 2963 838 ἔσται,
2986 773 3082 827 καὶ
3104 772 3249 825 καθὸ
3262 772 3345 839 μή
3369 771 3537 822 ἐστιν
3556 768 3735 835 ἀγέν-

494 877 572 919 est
591 870 876 938 ingenitus,
903 873 1002 923 erit
1024 873 1247 940 genitus.
1273 871 1540 926 Eteodem
1568 886 1760 925 rursus
1783 879 2063 939 resumpto

2205 890 2365 939 ητος,
2395 868 2683 940 γεννητὸς
2708 867 2902 921 ἔσται.
2952 866 3060 918 Καὶ
3097 859 3452 915 ὲπαναλαϐὼν
3482 858 3643 911 πάλιν
3670 856 3737 909 τὸ

494 959 614 1013 iniit
653 976 665 1014 :
704 960 825 1014 Erit
869 964 1032 1032 igitur
1086 964 1373 1018 secundum
1422 964 1475 1016 id
1517 963 1654 1031 quod
1692 962 1937 1032 principii
1989 969 2067 1015 est

495 1069 700 1122 expers,
734 1056 1000 1124 ingenitus
1028 1056 1189 1109 simul
1211 1065 1259 1108 et
1292 1054 1675 1122 corruptibilis,
1706 1063 1757 1106 et
1782 1052 2068 1106 secundum

497 1149 635 1215 quod
661 1146 818 1213 ﬁnem
854 1148 1153 1207 noultabet,
1193 1145 1615 1212 incorruptibilis
1650 1144 1810 1197 simul
1848 1153 1896 1197 et
1924 1145 2070 1212 geni-

502 1245 606 1289 tus.
663 1236 759 1291 Est
810 1237 975 1305 igitur
1030 1239 1143 1290 hmo
1199 1237 1443 1292 severior
1488 1236 1609 1304 ejus
1654 1237 1851 1300 oratio,
1904 1250 2069 1304 quam

2167 963 2299 1017 αὑτό
2341 979 2504 1033 φησιν
2531 978 2545 991 ο
2603 961 2808 1013 Ἔσται
2861 959 2977 1024 ἄρα
3018 954 3167 1009 κατὰ
3201 953 3318 1022 μὲν
3342 951 3409 1003 τὸ
3447 950 3736 1016 ἄναρχον,

2168 1056 2496 1123 ἀγέννητος
2521 1052 2668 1121 ὁμοῦ
2692 1052 2789 1104 καὶ
2817 1047 3093 1118 φθαρτὸς,
3134 1045 3283 1099 κατὰ
3310 1043 3378 1096 δὲ
3404 1044 3471 1095 τὸ
3495 1041 3742 1095 ἀτελεύ-

2171 1164 2369 1215 τητον,
2416 1145 2713 1213 ἄφθαρτος
2742 1141 2890 1210 ὁμοῦ
2924 1140 3022 1193 καὶ
3060 1138 3363 1207 γεννητός.
3424 1136 3480 1187 '0
3511 1133 3609 1202 μὲν
3646 1127 3743 1184 οὖν

2172 1234 2584 1306 ἀποτομώτερος
2612 1233 2779 1285 αὐτοῦ
2803 1232 2958 1298 λόγος
2982 1223 3133 1292 οὗτός
3164 1230 3328 1288 ἐστιν,
3356 1225 3417 1279 ὃν
3438 1224 3557 1278 καθ’
3583 1225 3616 1293 ή
3625 1223 3745 1294 μῶν

502 1336 694 1380 contra
730 1343 831 1382 nos
861 1343 920 1381 se
948 1328 1285 1397 prolaturum
1319 1344 1442 1384 esse
1484 1328 1721 1382 minatus
1751 1336 1856 1391 est,
1901 1338 1958 1381 ut
1988 1343 2075 1380 ar-

2205 1327 2447 1398 :poolaetv
2479 1324 2795 1395 ἠπείλησεν,
2828 1326 2908 1386 εἰς
2934 1322 3155 1390 ἔλεγχον
3185 1319 3278 1372 τοῦ
3310 1317 3409 1388 τὴν
3434 1317 3618 1371 οὐσίαν
3646 1314 3748 1369 τοῦ

504 1425 635 1488 guat
664 1426 717 1471 et
747 1419 1041 1473 convincat
1071 1434 1172 1474 nos
1216 1418 1397 1473 dicere
1451 1418 1540 1474 Dei
1577 1420 1873 1475 essentiam
1920 1418 2074 1474 dete-

2205 1418 2310 1472 leoﬁ
2342 1418 2520 1485 λέγειν
2550 1418 2696 1487 ἡμᾶς
2719 1413 3079 1485 ὲπιμεμίχθαι
3112 1415 3227 1475 τοῖς
3264 1410 3523 1472 ἐναντίοις
3556 1426 3615 1461 τε
3649 1409 3749 1460 καὶ

502 1509 744 1563 rioribus
788 1518 843 1563 et
892 1510 1188 1565 contrariis
1243 1510 1538 1565 immistam
1593 1526 1734 1565 esse.
1786 1510 1897 1581 Ego
1946 1526 2077 1565 vero

2205 1515 2287 1573 ei;
2330 1510 2585 1580 χείροσιν.
2652 1506 2792 1575 Ἐγὼ
2825 1505 2880 1559 δὲ
2931 1504 3157 1576 φανερὸν
3205 1504 3302 1573 μὲν
3354 1501 3592 1572 ἡγοῦμαι
3634 1501 3751 1563 τοῖς

504 1608 753 1670 apertum
788 1610 843 1656 et
865 1603 1071 1656 clarum
1116 1602 1379 1659 existimo
1408 1603 1492 1657 his
1528 1603 1617 1671 qui
1658 1602 1709 1654 in
1743 1602 1943 1671 seipsis
1978 1602 2077 1655 ha-

2212 1605 2491 1677 ρῤωμένον
2527 1602 2737 1673 ἔχουσιν
2770 1602 2826 1653 ὲν
2873 1601 3081 1662 ἑαυτοῖς
3108 1598 3169 1651 τὸ
3198 1597 3297 1667 τῆς
3329 1594 3588 1665 ἀληθείας
3619 1609 3749 1664 κρι-

509 1693 638 1747 bent
668 1693 885 1747 ﬁrmum
916 1702 969 1749 et
993 1694 1234 1749 validum
1265 1693 1516 1749 veritatis
1550 1693 1839 1762 judicium,
1869 1694 2075 1746 nullam

2205 1702 2386 1770 τήριον,
2409 1700 2488 1750 ὅτι
2510 1696 2760 1765 οὐδεμίαν
2782 1695 2839 1746 ὲν
2870 1695 2984 1755 τοῖς
3009 1691 3316 1762 εἰρημένοις
3342 1687 3631 1748 δεδωκότος
3653 1683 3753 1737 τοῦ

509 1784 563 1837 in
595 1784 679 1837 his
709 1783 871 1839 dictis
910 1784 1261 1856 sycophanta:
1299 1784 1426 1839 huic
1468 1785 1794 1854 magistrum
1825 1792 2076 1839 nostrum

2205 1752 2498 1846 ἱιδασκάλου
2524 1788 2599 1857 τῷ
2629 1752 2936 1857 συκοφάντῃ
2965 1752 3155 1852 ias-+15,
3192 1781 3572 1852 παραποιήσας
3595 1771 3755 1839 οὗτος

511 1890 700 1928 ansam
737 1876 976 1937 dedisse.
1031 1875 1124 1932 sed
1179 1876 1327 1931 hunc
1369 1892 1469 1945 pro
1521 1892 1619 1932 sua
1672 1876 1898 1931 libidine
1939 1877 2082 1930 dicta

2205 1884 2319 1955 τρὺς
2348 1883 2409 1936 τὸ
2440 1881 2629 1935 δοκοῦν
2657 1880 2726 1932 τὰ
2751 1877 3035 1949 εἰρημένα,
3060 1874 3157 1945 τὴν
3184 1871 3518 1944 μειρακιώδη
3545 1869 3757 1936 ταύτην

513 1961 851 2028 distorsisse,
889 1973 1054 2032 atque
1103 1964 1249 2019 hunc
1282 1965 1543 2034 puerilem
1583 1966 1936 2034 sephismatis
1969 1965 2085 2021 sive

511 2052 689 2104 cavilli
718 2053 901 2120 jocum
924 2054 1291 2110 conclusisse.
1328 2054 1710 2111 Verumtamen
1740 2066 1797 2111 ut
1827 2057 2085 2111 omnibus

514 2146 863 2203 manifestius
922 2147 1026 2202 hoc
1080 2147 1387 2220 legentibus
1425 2149 1539 2212 ﬁat,
1594 2148 1730 2202 illud
1783 2148 1982 2203 iterum
2018 2148 2085 2202 ad

513 2237 741 2291 verbum
777 2238 1041 2304 recitabo,
1087 2247 1142 2293 et
1175 2240 1260 2294 his
1292 2238 1545 2293 Eunomii
1583 2242 1746 2294 verba
1794 2254 2089 2309 apponam:

516 2323 1003 2392 lncorruptibilem,
1036 2328 1111 2380 ait
1142 2329 1334 2382 doctor
1364 2330 1461 2395 τα),
1507 2338 1556 2381 et
1594 2330 1884 2399 ingenitum
1919 2328 2089 2383 Deum

517 2414 881 2469 universorum
901 2416 1151 2485 dicimus,
1167 2417 1451 2471 secundum
1472 2418 1773 2486 di/ferentes
1797 2418 2091 2472 intellectus

517 2506 896 2573 applicationes
949 2518 999 2562 et
1046 2519 1322 2578 conceptus
1376 2510 1459 2563 his
1508 2509 1809 2563 nominibus
1869 2518 2095 2566 utentes:

519 2596 656 2651 Cum
688 2600 827 2651 enim
879 2610 1018 2653 retro
1060 2610 1180 2656 ante
1218 2602 1415 2656 sa’cula
1464 2602 1797 2669 inspicimus,
1839 2616 2095 2668 superan-

522 2699 621 2742 tem
651 2706 852 2743 omnem
870 2692 1409 2763 circumscriptionem
1433 2694 1749 2746 invenientes
1777 2691 1875 2745 Dei
1902 2693 2091 2755 vitam,

521 2782 696 2847 ipsum
728 2783 1017 2851 ingenitum
1048 2785 1298 2839 dicimus.
1333 2785 1468 2840 Cum
1499 2801 1618 2839 vero
1652 2795 1875 2837 mentem
1909 2784 1977 2837 ad
2014 2801 2097 2838 su-

518 2874 871 2937 pervenientia
912 2877 1109 2929 alecula
1150 2877 1498 2939 intendimus,
1535 2876 1674 2945 quod
1723 2876 2099 2930 indetermina-

525 2973 657 3028 tum,
680 2967 971 3034 inﬁnitum,
1000 2968 1247 3036 nulloque
1264 2969 1369 3036 ﬁne
1390 2968 1837 3037 comprehensum,
1862 2968 2098 3037 appella-

2183 1974 2277 2028 τοῦ
2308 1974 2637 2042 σοφίσματος
2670 1970 2887 2023 παιδιὰν
2921 1966 3356 2037 ωνδιεπέρανεν.
3404 1963 3549 2032 Πλὴν
3578 1961 3654 2022 ὡς
3684 1960 3758 2013 ἂν

2186 2065 2535 2137 ἐκδηλότερον
2564 2064 2698 2116 πᾶσι
2726 2061 2933 2130 γένοιτο
2962 2060 3075 2121 τοίς
3109 2056 3544 2126 ἐντυγχάνουσιν,
3575 2054 3757 2104 ἐκεῖνο

2185 2174 2245 2210 τε
2272 2156 2433 2210 πάλιν
2469 2155 2561 2207 ἐπὶ
2608 2151 2805 2219 λέξεως
2834 2149 3237 2219 ἀναγνώσομαι,
3260 2147 3355 2200 καὶ
3382 2142 3755 2213 ἀντιπαραθή-

2191 2266 2269 2302 σω
2295 2247 2504 2311 τούτοις
2526 2248 2595 2300 τὰ
2624 2246 2886 2315 Εὐνομίου
2918 2244 3156 2314 ῥήματα.
3211 2242 3556 2309 Ἄφθαρτον,
3592 2234 3762 2304 φησὶν

2190 2341 2218 2392 ὀ
2240 2338 2576 2402 διδάσκαλος,
2598 2338 2697 2392 καὶ
2726 2336 3058 2405 ἀγέννητον
3083 2332 3230 2386 Θεὸν
3256 2329 3376 2383 τῶν
3403 2329 3560 2382 ὅλων
3584 2326 3759 2395 λέγο-

2188 2451 2321 2503 μεν,
2353 2432 2503 2487 κατὰ
2531 2430 2856 2499 διαφόρους
2882 2428 3164 2490 ἐπιϐολὰς
3202 2422 3326 2488 τοῖς
3350 2422 3601 2489 ὀνόμασι
3624 2418 3767 2471 τού-

2191 2542 2315 2589 τοις
2343 2521 2647 2591 χράψενοι.
2695 2520 2883 2572 ’Ὀταν
2907 2518 3025 2587 μὲν
3064 2516 3173 2585 γὰρ
3214 2518 3300 2580 εις
3331 2513 3473 2578 τοὺς
3509 2512 3767 2566 κατόπιν

2194 2614 2411 2680 αἰῶνας
2435 2611 2890 2680 ἀποϐλέψωμεν,
2942 2608 3513 2677 ὐπερεκπίπτουσαν
3560 2603 3766 2669 πάσης

2195 2705 2562 2777 περιγραφῆς
2607 2704 2989 2771 εὑρίσκοντες
3035 2698 3151 2765 τὴν
3212 2697 3367 2764 ζωὴν
3423 2694 3529 2749 τοῦ
3576 2692 3759 2754 Θεοῦ,

2196 2796 2524 2867 ἀγέννητον
2558 2793 2743 2846 αὐτὸν
2782 2791 3054 2859 λέγομεν.
3107 2788 3285 2839 Ὅταν
3314 2785 3384 2837 δὲ
3432 2784 3556 2849 τοῖς
3591 2783 3768 2850 ἐπερ-

2198 2887 2472 2958 χομένοις
2505 2884 2677 2941 αὶῶσι
2706 2882 2815 2936 τὸν
2850 2882 3001 2935 νοῦν
3036 2877 3465 2947 ἐπιϐάλλωμεν,
3508 2875 3576 2928 τὸ
3612 2875 3772 2940 ἀόρι-

2199 2996 2350 3033 στον
2381 2978 2479 3032 καί
2506 2976 2771 3044 ἄπειρον,
2800 2976 2897 3028 καὶ
2931 2974 3129 3027 οὐδενὶ
3161 2972 3319 3026 τέλει
3361 2966 3770 3033 καταληπτὸν,

524 3073 642 3109 mus
687 3058 1107 3126 incorruptibile.
1155 3058 1222 3111 Ut
1258 3060 1421 3128 igitur
1446 3059 1584 3129 quod
1630 3063 1750 3114 vita:
1793 3061 1950 3128 ﬁnem
1996 3076 2099 3111 non

2205 3070 2769 3141 προᾳηγορεύσαμεν
2812 3066 3134 3135 ἄφθαρτον.
3218 3064 3316 3128 Ὣς
3364 3057 3478 3117 οὖν
3527 3058 3592 3114 τὸ
3636 3060 3778 3112 ἀτε-

525 3148 701 3210 ητώεῑ,
733 3151 1173 3219 incorruptibile;
1202 3152 1277 3205 sic
1310 3152 1447 3221 quod
1484 3154 1745 3221 principio
1781 3154 1903 3206 vita
1934 3159 2099 3215 caret,

525 3240 817 3306 ingenitum
871 3242 1201 3293 nominatum
1254 3250 1335 3294 est
1400 3242 1836 3294 commentatione
1898 3250 2101 3304 nostra,

528 3332 619 3402 qui
648 3332 757 3385 htec
804 3333 1243 3400 contemplamur.
1291 3331 1392 3386 Hic
1435 3348 1619 3387 sermo
1661 3334 1833 3386 nostri
1864 3332 2106 3387 doctoris

530 3432 635 3486 est,
671 3424 775 3478 hoc
814 3423 1018 3478 docens
1059 3438 1162 3478 nos
1194 3439 1291 3492 per
1322 3438 1386 3477 ea
1435 3439 1556 3493 quae
1591 3432 1722 3478 sunt
1764 3423 1933 3487 dicta,
1961 3422 2109 3493 quod

532 3514 641 3566 vita
672 3513 860 3567 divina
896 3529 1019 3567 cum
1049 3515 1119 3567 sit
1173 3522 1368 3567 natura
1396 3530 1507 3568 una
1555 3521 1610 3569 et
1641 3514 1697 3567 in
1732 3530 1793 3568 se
1822 3515 2107 3577 continua,

533 3618 711 3672 neque
740 3617 771 3655 a
812 3604 1086 3674 principio
1133 3604 1323 3673 aliquo
1376 3603 1591 3673 incipit,
1650 3618 1827 3673 neque
1877 3604 2112 3665 termino

534 3694 1029 3751 circumscribitur.
1093 3693 1161 3749 Et
1210 3695 1358 3765 quod
1418 3694 1670 3749 notiones
1718 3710 1841 3764 qua:
1903 3696 1959 3749 in
2009 3695 2113 3749 hac

536 3786 723 3840 divina
766 3786 876 3841 vita
920 3786 1365 3849 considerantur,
1424 3786 1739 3841 nominibus
1784 3786 2113 3855 quibusdam

536 3878 667 3933 licet
693 3878 997 3934 declarare.
1024 3879 1181 3945 Quod
1205 3879 1352 3934 enim
1388 3893 1498 3932 non
1523 3886 1606 3933 est
1635 3894 1699 3933 ex
1730 3880 1912 3948 aliqua
1944 3894 2115 3933 causa

538 3971 797 4043 ἀνάρχου,
839 3970 893 4025 id
926 3979 1034 4033 est,
1089 3971 1359 4040 principio
1407 3969 1668 4032 carentis,
1716 3980 1771 4024 et
1792 3970 2120 4040 ἀγεννήτου,

540 4061 771 4130 ingeniti
796 4074 931 4114 voce
963 4060 1315 4115 enuntiamus
1351 4077 1363 4113 :
1408 4060 1665 4129 quodque
1700 4060 1850 4113 nullo
1883 4059 1991 4123 line
2017 4074 2117 4129 po-

540 4160 655 4207 test
685 4152 1063 4206 circumscribi
1107 4166 1286 4221 neque
1315 4152 1371 4205 in
1407 4152 1691 4207 interitum
1715 4152 1970 4217 dissolvi,
2014 4152 2121 4206 hoc

542 4243 979 4312 incorruptibilis
1026 4250 1082 4299 et
1122 4242 1480 4312 ἀτελευτήτου
1514 4243 1677 4297 ﬁnem
1714 4258 1824 4297 non
1869 4243 2122 4299 habentis

545 4335 819 4404 signiﬁcat
868 4335 1061 4389 dictio.
1123 4337 1303 4405 Atque
1362 4334 1468 4389 hoc
1519 4335 1708 4388 deﬁnit
1760 4344 2014 4404 oportere
2066 4335 2122 4389 in

2200 3165 2490 3229 λεύτητον
2520 3159 2626 3226 τῆς
2671 3157 2819 3226 ζωῆς
2849 3157 3179 3227 ἄφθαρτον,
3235 3155 3387 3208 οὕτω
3426 3152 3525 3206 καί
3574 3151 3641 3204 τὸ
3670 3150 3777 3202 ἇν-

2203 3269 2393 3321 αρχον
2446 3249 2634 3317 αὐτῆς
2671 3248 3003 3317 ἀγέννητον
3036 3244 3351 3313 ὠνομάσθη
3372 3284 3386 3306 ,
3438 3240 3515 3310 τῇ
3545 3240 3783 3305 ἐπινοίᾳ

2206 3346 2583 3413 θεωρούντων
2616 3341 2784 3410 ἡμῶν
2813 3341 3021 3393 ταῦτα.
3082 3332 3249 3399 Οὗτος
3279 3335 3373 3388 τοῦ
3403 3331 3721 3386 διδασκάλου
3750 3332 3784 3383 ὁ

2207 3434 2380 3502 λόγος,
2408 3432 2564 3485 τοῦτο
2605 3429 2873 3484 παιδεύων
2900 3429 3046 3499 ἡμᾶς
3074 3427 3162 3480 διὰ
3189 3426 3305 3478 τῶν
3345 3424 3669 3493 εἰρημένων,
3699 3421 3782 3471 ὃτι

2213 3525 2309 3595 μία
2336 3520 2469 3577 οὖσα
2506 3524 2571 3593 τῇ
2605 3520 2762 3591 φύσει
2802 3520 2894 3573 καὶ
2934 3520 3162 3588 συνεχὴς
3190 3516 3325 3587 πρὸς
3358 3514 3555 3583 ἑαυτὴν
3589 3513 3621 3582 ή
3664 3510 3785 3563 Θεία

2206 3617 2344 3685 ζωὴ,
2374 3614 2495 3667 οὗτε
2521 3614 2628 3669 ἀπὸ
2657 3615 2830 3682 ἀρχῆς
2857 3629 3002 3675 τινος
3032 3612 3277 3681 ἄρχεται,
3299 3607 3426 3660 οὕτε
3457 3604 3653 3676 πέρατί
3679 3620 3786 3656 τινι

2211 3708 2627 3779 περιγράφεται.
2680 3706 2787 3757 Καὶ
2829 3705 2910 3757 ὃτι
2947 3702 3046 3766 τὰς
3073 3698 3543 3771 ὲπιθεωρουμένας
3570 3699 3636 3766 τῇ
3669 3697 3791 3765 ζωῇ

2210 3799 2383 3870 ταύτῃ
2422 3798 2630 3859 ἑννοίας
2682 3797 2861 3862 ἔξεστι
2914 3794 2980 3846 δι’
3022 3793 3298 3862 ὀνομάτων
3342 3789 3504 3843 τινῶν
3549 3785 3792 3856 φανερὰς

2213 3890 2573 3959 καταστῆσαι.
2599 3887 2689 3957 Τῷ
2710 3904 2771 3939 τε
2795 3887 2902 3957 γὰρ
2933 3884 3006 3955 μὴ
3041 3884 3100 3948 ἐξ
3127 3884 3304 3945 αἰτίας
3332 3878 3470 3935 εἶναί
3506 3896 3671 3942 τινος,
3695 3878 3794 3931 διὰ

2214 3981 2312 4051 τῆς
2342 3978 2434 4032 τοῦ
2462 3979 2697 4047 ἀνάρχω
2726 3993 2785 4029 τε
2817 3976 2911 4028 καὶ
2932 3974 3225 4042 ἀγεννήτου
3250 3969 3433 4039 φωνῆς
3462 3966 3787 4035 ἐξαγγέλλο-

2222 4088 2338 4141 μεν,
2389 4069 2483 4123 καὶ
2524 4068 2603 4138 τῷ
2641 4066 2826 4138 μηδενὶ
2876 4062 3305 4135 περιγράφεσθαι
3334 4061 3497 4122 τέλει,
3538 4058 3673 4129 μηδὲ
3707 4058 3790 4119 είς

2222 4160 2425 4230 φθορὰν
2471 4158 2816 4219 διαλύεσθαι,
2867 4155 3023 4208 τοῦτο
3078 4156 3111 4223 ὴ
3148 4152 3243 4205 τοῦ
3277 4151 3551 4221 ἀφθάρτου
3600 4166 3659 4201 τε
3701 4146 3800 4201 καὶ

2222 4252 2575 4320 ἀτελευτήτου
2603 4248 2948 4318 διασημαίνει
2975 4246 3137 4311 λέξις.
3172 4245 3283 4297 Καὶ
3302 4243 3460 4296 τοῦτο
3483 4241 3798 4312 διορίζεται,

2224 4343 2286 4395 τὸ
2301 4343 2408 4395 δεῖν
2429 4342 2519 4394 ἐπὶ
2541 4342 2638 4410 τῆς
2657 4340 2804 4401 θείας
2829 4339 2973 4405 ζωῆς
3000 4340 3057 4391 τὸ
3086 4338 3184 4407 μὲν
3206 4336 3303 4405 τὴν
3327 4334 3500 4404 ἀρχὴν
3528 4332 3600 4402 μὴ
3630 4333 3799 4400 ἔχειν,

545 4425 729 4478 divina
774 4424 881 4477 vita
924 4424 1073 4493 quod
1129 4423 1457 4494 principium
1518 4439 1627 4477 non
1677 4424 1858 4486 habet,
1900 4423 2102 4492 ingenit

2228 4432 2532 4498 ἁγεννήτως
2588 4417 2723 4482 εἶναι
2775 4429 2971 4493 λέγειν,
3021 4427 3082 4479 τὸ
3141 4426 3196 4477 δὲ
3230 4424 3599 4490 ἀτελευτήτως
3635 4417 3803 4484 εἶναι,

549 4516 769 4569 notuine
802 4518 1146 4584 exprimere;
1197 4515 1347 4585 quod
1399 4530 1530 4570 vero
1570 4516 1674 4569 line
1715 4524 1887 4578 caret,
1929 4516 2117 4569 incor-

547 4608 806 4676 ruptibile
834 4608 1139 4661 nominare.
1176 4607 1446 4673 Quoniam
1485 4607 1756 4677 quidquid
1780 4622 1902 4661 esse
1929 4607 2116 4669 desiit,

548 4696 603 4747 in
638 4695 985 4750 abolitionem
1027 4696 1176 4750 cadit
1231 4696 1487 4766 penitus;
1522 4696 1874 4749 abolitionem
1927 4704 2111 4749 autem

547 4787 668 4855 ejus
697 4788 844 4856 quod
876 4795 983 4853 est,
1016 4803 1138 4841 cum
1175 4788 1506 4848 audivimus,
1536 4788 1657 4855 ejus
1687 4786 1832 4855 quod
1863 4786 2120 4841 constitit

549 4878 832 4933 interitum
869 4878 1258 4932 intelleximus.
1295 4876 1430 4931 Eum
1482 4877 1647 4946 igitur
1694 4878 1789 4946 qui
1836 4893 2117 4946 nunquam

548 4985 675 5024 esse
708 4970 927 5027 desinit.
985 4971 1307 5040 alienusque
1339 4977 1424 5025 est
1463 4971 1531 5023 ab
1565 4971 1712 5024 omni
1758 4970 2127 5025 dissolutione

552 5076 677 5128 qua:
735 5059 792 5112 ﬁt
852 5076 946 5128 per
1010 5061 1453 5130 corruptionem,
1527 5060 1996 5129 incorruptibilem
2051 5060 2129 5113 ait

557 5166 853 5205 nominari.

626 5242 766 5307 Quid
803 5243 970 5311 igitur
1016 5243 1080 5296 ad
1119 5244 1232 5297 haec
1280 5242 1617 5298 Eunomius?
1665 5244 1746 5306 Si,
1784 5244 1983 5313 inquit,
2025 5262 2129 5313 qua

554 5336 674 5388 vita:
697 5337 801 5403 ﬁne
829 5348 970 5388 caret
999 5344 1076 5389 est
1102 5337 1536 5402 incorruptibilis.
1568 5345 1616 5389 et
1651 5352 1754 5405 qua
1786 5336 2031 5404 principii
2056 5348 2134 5389 est

557 5441 737 5494 expers
769 5426 941 5480 solum
971 5438 1047 5479 est
1080 5428 1360 5496 ingenitus,
1391 5436 1646 5493 quatenus
1687 5443 1790 5478 non
1829 5436 1906 5480 est
1936 5427 2135 5494 ingeni-

561 5528 667 5582 tus,
695 5520 898 5587 genitus
928 5519 1042 5571 erit.
1073 5517 1204 5582 Quis
1235 5518 1366 5582 haec,
1387 5516 1688 5579 oEunomi,
1728 5516 1820 5571 tibi
1855 5515 1999 5571 dedit
2022 5532 2132 5571 non

640 5716 715 5789 (α)
743 5716 919 5773 Verba
950 5717 1131 5773 Basilii
1159 5718 1254 5772 lib.
1291 5728 1473 5771 contra
1504 5716 1839 5771 Eunomium.

2226 4523 2499 4594 ἄφθαρτον
2547 4520 2954 4589 κατονομάζειν.
3000 4518 3218 4587 Ἐπειδὴ
3268 4518 3377 4568 πᾶν
3421 4515 3482 4567 τὸ
3523 4512 3615 4566 τοῦ
3658 4509 3804 4565 εἶναι

2228 4614 2592 4682 παυσάμενον,
2641 4614 2698 4664 ὲν
2729 4609 3021 4679 ἀφανισμῷ
3056 4610 3264 4677 γίνεται
3304 4608 3516 4668 πάντως
3542 4621 3557 4637 ·
3608 4607 3805 4673 ἀφανι-

2229 4706 2362 4776 σμὸν
2389 4706 2446 4759 δὲ
2484 4705 2575 4758 τοῦ
2618 4705 2768 4767 ὄντος
2809 4702 3160 4764 ἀκούσαντες,
3201 4703 3300 4772 τὴν
3343 4700 3438 4752 τοῦ
3473 4697 3808 4760 συνεστῶτος

2228 4798 2432 4868 φθορὰν
2457 4798 2778 4866 ἐνοήσαμεν.
2815 4795 2918 4847 Τὸν
2944 4790 3036 4847 οὗν
3065 4793 3329 4864 μηδέποτε
3357 4789 3451 4844 τοῦ
3482 4786 3620 4842 εἷναι
3645 4789 3811 4841 παυό-

2230 4905 2417 4957 μενον,
2482 4886 2757 4956 ἀλλότριόν
2818 4901 2877 4936 τε
2910 4884 3009 4953 τῆς
3057 4882 3201 4935 κατά
3251 4879 3456 4951 φθοράν
3510 4877 3810 4939 διαλύσεως

2228 4980 2380 5044 ὄντα,
2414 4979 2688 5050 ἄφθαρτον
2719 4974 3078 5047 ὀνομάζεσθαι
3112 4973 3280 5043 λέγει.

2308 5243 2371 5295 Τί
2401 5239 2495 5295 οὖν
2526 5242 2659 5313 πρὸς
2698 5241 2868 5293 ταῦτα
2902 5242 2931 5292 ὁ
2963 5238 3255 5309 Εὐνόμιος;
3299 5237 3368 5289 El
3396 5232 3543 5287 κατὰ
3568 5230 3634 5283 τὸ
3672 5229 3810 5282 ἀτε-

2237 5336 2549 5400 λεύτητον,
2585 5333 2738 5402 φησὶ,
2763 5330 2870 5400 τῆς
2902 5331 3049 5397 ζωῆς
3066 5332 3256 5398 μόνον
3280 5325 3451 5380 ἐστίν
3487 5322 3811 5391 ἄφθαρτος,

2240 5427 2340 5481 καὶ
2373 5427 2520 5480 κατὰ
2543 5426 2609 5479 τὸ
2642 5425 2906 5495 ἄναρχον
2923 5425 3114 5493 μόνον
3141 5421 3486 5491 ἀγέννητοτ.
3515 5415 3638 5469 καθ’
3666 5413 3698 5466 ὃ
3724 5412 3811 5482 μή

2239 5521 2409 5574 ἐστιν
2437 5520 2785 5589 ἀγέννητος,
2835 5517 3123 5587 γεννητὸς
3158 5514 3347 5567 ἔσται.
3394 5509 3487 5570 Τίς
3516 5505 3690 5560 ταῦτά
3729 5520 3816 5559 σοι
