4146 6386
400 360 531 414 i081

1487 360 1769 418 CONTRA
1805 358 2196 427 EUNOMIUM,
2235 360 2362 415 LIB.
2402 361 2525 415 XII.

3506 368 3643 424 {083

398 479 658 540 δέδωκεν,
694 470 740 530 ὧ
768 477 1021 550 Εὐνόμιε,
1052 479 1127 543 ὡς
1166 480 1241 552 μὴ
1278 480 1422 553 πάσῃ
1453 481 1870 553 συνθεωρεῖσθαι
1900 483 1969 551 τῇ

2078 480 2131 533 in
2169 480 2315 534 omni
2351 480 2462 533 vita
2511 478 2604 533 Dei
2644 478 3221 549 incorruptibilitatem
3264 481 3644 540 considerari?

401 571 513 641 ζωῇ
545 571 638 624 τοῦ
667 572 803 625 Θεοῦ
831 572 930 641 τὴν
955 572 1264 644 ἀφθαρσίαν
1289 590 1302 638 ;
1325 574 1418 637 Τίς
1443 574 1632 626 διελὼν
1667 577 1725 627 ἐν
1751 574 1844 626 δύο
1875 574 1973 645 τὴν

400 663 551 717 θείαν
585 665 729 735 ζωὴν
753 663 1075 729 ἰδιαζούσαις
1108 668 1315 733 φωναῖς
1351 665 1677 736 ἐπονομάζει
1707 665 1814 718 τῶν
1843 668 1973 734 ἡμι-

398 756 582 824 τὸμων
601 757 877 826 ἑκάτερον,
897 755 1037 808 ὥστε
1060 749 1212 826 ᾧπερ
1231 756 1296 809 ἂν
1310 759 1563 828 τμήματι
1590 758 1747 812 τοῦτο
1767 760 1975 830 προσῆν

400 847 462 899 τὸ
492 846 684 916 θνομα,
729 849 804 919 μὴ
847 851 1129 918 προσεῖναι
1161 849 1341 917 λέγειν
1372 849 1521 919 αύτῷ
1546 852 1638 903 καὶ
1680 851 1740 903 τὸ
1765 851 1971 922 ἓτερον,

399 940 500 1008 τῆς
530 938 628 1007 σῆς
657 938 794 1009 αὕτη
835 940 1186 1010 διαλεκτικῆς
1216 941 1557 1012 ήδριμύτης,
1593 942 1654 995 τὸ
1679 942 1775 1014 τὴν
1808 944 1976 1015 ἀνάρ-

402 1049 512 1101 χως
534 1028 699 1085 οὖσαν
730 1032 892 1102 ζωὴν,
919 1032 1163 1104 φθαρτὴν
1186 1037 1357 1087 εἰπεῖν
1386 1029 1544 1097 εἶναι,
1568 1036 1662 1087 καὶ
1686 1038 1749 1105 τῇ
1770 1035 1975 1106 ἀφθάρ-

400 1141 478 1195 τῳ
520 1124 594 1195 μὴ
637 1124 1058 1195 συνθεωρεῖσθαι
1102 1127 1161 1179 τὺ
1208 1127 1441 1196 ἄναρχον
1471 1142 1485 1158 ·
1526 1128 1742 1195 ὅμοιον,
1786 1127 1974 1197 ὥσπερ

401 1214 467 1268 ἂν
494 1218 652 1279 εἴτις
681 1216 893 1284 λογικόν
923 1234 981 1269 τε
1013 1219 1107 1271 καὶ
1141 1219 1233 1271 νοῦ
1268 1220 1360 1271 καὶ
1391 1220 1702 1290 ἐπιστήμης
1731 1219 1974 1272 δεκτικὸν

402 1306 493 1357 τὸν
527 1306 809 1373 ἄνθρωπον
839 1302 979 1360 εἶναι
1005 1307 1173 1376 λέγοι,
1211 1309 1472 1378 ἑκάτερον
1502 1309 1826 1381 ἐφαρμόζων
1853 1308 1975 1362 τού-

401 1415 509 1451 των
557 1397 665 1452 τῶν
696 1398 975 1469 ὀνομάτων
1009 1398 1089 1470 τῷ
1118 1401 1482 1471 ὑποκειμένῳ,
1535 1402 1676 1455 κατά
1720 1400 1975 1470 διάφορον

403 1489 663 1559 ἐπιὸολήν
694 1507 753 1541 τε
783 1491 878 1543 καὶ
907 1490 1135 1554 ἔννοιαν,
1157 1491 1345 1544 ἔπειτα
1380 1492 1531 1563 παρά
1554 1510 1697 1555 τινος
1732 1491 1972 1545 τοιούτου

403 1582 878 1651 καταχλευάζοιτο,
912 1582 1195 1647 διεξιόντος
1224 1587 1291 1637 τὰ
1320 1585 1501 1654 ὃμοια.
1561 1586 1681 1639 ’Ότι
1718 1586 1767 1637 εί
1799 1585 1975 1638 δεκτι-

404 1673 498 1735 κὸς
526 1668 617 1725 νοῦ
668 1674 762 1727 καὶ
807 1676 1115 1745 ἐπιστήμης
1154 1677 1182 1727 ὁ
1228 1675 1532 1746 ἄνθρωπος,
1584 1675 1799 1742 λογικὸς
1832 1678 1973 1729 κατά

403 1764 559 1817 τοῦτο
583 1758 721 1819 εἶναι
748 1766 810 1818 οὐ
835 1765 1075 1829 δύναται,
1094 1765 1229 1820 ἀλλά
1253 1766 1388 1819 καθὸ
1412 1766 1657 1829 δεκτικός
1691 1768 1838 1820 ἐστιν
1862 1769 1972 1820 ἐπι-

2076 569 2210 637 Quis
2242 573 2297 624 in
2323 571 2431 625 duo
2460 572 2697 639 partitus
2733 570 2973 625 divinam
3012 571 3178 625 vitam
3214 573 3445 631 vocibus
3481 590 3641 645 sepa-

2074 665 2235 716 ratim
2272 664 2711 733 signiﬁcantibus
2744 664 3164 718 semisectorum
3209 674 3500 735 utrumque
3541 682 3645 721 no-

2075 759 2270 821 minat,
2307 758 2380 810 ita
2418 767 2475 811 ut
2513 758 2970 828 quemadmodum
3018 759 3061 813 si
3094 759 3187 813 uni
3232 770 3513 830 segmento
3542 762 3645 817 hoc

2076 848 2278 902 inesset
2319 864 2538 913 nomen,
2569 848 2744 902 eidem
2780 849 3011 901 alterum
3040 864 3149 902 non
3175 865 3296 905 esse
3325 850 3505 906 dicat:
3530 852 3644 906 haec

2075 946 2181 992 tua:
2219 938 2518 993 dialectica:
2562 939 2859 1004 subtilitas,
2912 939 3076 993 vitam
3130 955 3254 1008 quze
3300 947 3385 996 est
3436 942 3645 1011 absque

2075 1031 2346 1101 principio
2378 1032 2786 1100 corruptibiletn
2823 1047 2945 1087 esse
2970 1030 3170 1095 dicere,
3200 1042 3253 1086 et
3295 1047 3421 1087 cum
3456 1033 3644 1087 incor-

2077 1122 2319 1189 ruptibili
2345 1122 2489 1191 quod
2520 1123 2775 1191 principii
2806 1131 2892 1176 est
2919 1138 3113 1191 expers
3141 1140 3249 1177 non
3273 1124 3640 1180 considerari.

2078 1210 2339 1267 Similiter
2377 1229 2442 1267 ac
2482 1215 2526 1266 si
2567 1212 2691 1282 quis
2744 1213 2889 1282 quod
2926 1214 3159 1269 rationis
3209 1225 3291 1269 est
3346 1217 3641 1285 particeps,

2075 1304 2277 1358 mentis
2307 1313 2361 1358 et
2406 1306 2648 1359 scientia:
2680 1320 2875 1374 capax,
2917 1306 3195 1360 hominem
3242 1322 3365 1361 esse
3413 1307 3641 1371 diceret,

2077 1402 2374 1464 utrumque
2402 1411 2600 1449 nomen
2632 1396 2877 1464 subjecto
2895 1396 3319 1452 accommodans
3341 1399 3641 1453 secundum

2076 1485 2412 1541 diﬁ'erentem
2449 1486 2650 1541 mentis
2695 1496 3019 1557 conceptum
3060 1497 3115 1543 et
3162 1490 3647 1559 excogitationem,

2075 1578 2272 1633 deinde
2298 1594 2329 1631 a
2357 1580 2546 1633 nescio
2585 1596 2695 1647 quo
2736 1581 3169 1635 subsannaretur
3202 1580 3316 1635 haec
3354 1589 3407 1636 et
3445 1582 3644 1637 similia

2072 1675 2401 1737 exponente.
2434 1667 2590 1733 Quod
2618 1670 2664 1724 si
2698 1669 2898 1724 mentis
2920 1678 2974 1723 et
2999 1670 3241 1725 scientia:
3266 1686 3436 1741 capax
3454 1673 3641 1733 homo,

2076 1757 2309 1812 rationis
2339 1760 2612 1828 particeps
2645 1759 2948 1813 secundum
2981 1758 3215 1829 idipsum
3246 1776 3370 1815 esse
3411 1778 3521 1816 non
3556 1777 3651 1831 po-

405 1817 651 1928 στήμης,
669 1817 827 1911 τούτο
858 1817 1029 1927 μονον
1047 1817 1226 1920 έέτάιξ
1253 1817 1320 1910 ea
1338 1817 1398 1909 δέ
1421 1817 1620 1929 aut;
1638 1817 1707 1912 ιδ
1732 1817 1972 1930 mea

2080 1857 2205 1915 test,
2240 1849 2335 1905 sed
2371 1858 2642 1919 quatenus
2674 1851 2918 1905 scientia:
2958 1860 3043 1906 est
3086 1852 3360 1922 particeps
3413 1854 3516 1907 hoc
3555 1869 3647 1908 so-

404 1951 438 2019 ἠ
467 1949 655 2017 φύσις’
692 1950 786 2002 καὶ
814 1949 997 2015 πάλιν,
1039 1952 1087 2002 εἰ
1107 1949 1321 2017 λογικὸν
1360 1948 1516 2022 ὁρίζῃ
1548 1948 1638 2002 τὸν
1668 1949 1970 2020 ἄνθρωπον,

403 2040 584 2093 οὐκέτι
646 2040 792 2110 αὐτῷ
854 2040 916 2093 τὸ
962 2040 1205 2094 δεκτικὸν
1272 2040 1372 2093 τοῦ
1434 2040 1525 2094 νοῦ
1576 2042 1969 2111 συγχωρήσεις.

404 2131 556 2185 Καθὸ
588 2131 695 2203 γὰρ
727 2132 939 2200 λογικός
992 2132 1160 2195 ἐστιν,
1196 2130 1459 2201 ἀμέτοχος
1493 2131 1730 2195 διανοίας
1762 2134 1975 2186 ἀναδει-

405 2224 680 2294 χθήσεται.
738 2224 800 2277 Ei
846 2224 904 2276 δέ
953 2223 1215 2296 πρόδηλον
1248 2225 1307 2277 ἐν
1341 2223 1551 2287 τούτοις
1576 2224 1692 2277 ἐστὶ
1727 2226 1887 2279 παντὶ
1917 2225 1975 2280 τὸ

406 2313 611 2382 γελοῖόν
630 2331 691 2367 τε
720 2314 814 2367 καὶ
846 2314 1091 2385 ἀνόητον,
1113 2315 1235 2367 οὐδὲ
1272 2316 1358 2367 ἐπ’
1392 2316 1603 2367 ἐκείνου
1635 2315 1850 2378 πάντως
1870 2318 1976 2388 ἀμ-

406 2403 641 2472 φίόολον.
711 2406 999 2473 Ἀναγνοὺς
1040 2406 1148 2476 γὰρ
1185 2404 1279 2458 τοῦ
1309 2405 1628 2460 διδασκάλου
1666 2406 1764 2477 τὴν
1795 2408 1973 2478 ῥῆσιν,

408 2497 565 2550 σκιάν
582 2497 834 2568 εὑρήσεις
857 2497 956 2567 τὴν
981 2497 1195 2551 παιδιὰν
1214 2496 1307 2550 τοῦ
1333 2497 1680 2567 σοφίσματος.
1708 2497 1844 2551 Οὔτε
1868 2500 1975 2567 γὰρ

407 2593 465 2642 ἐν
496 2590 573 2660 τῷ
616 2590 757 2644 κατά
801 2592 890 2644 τὸν
929 2591 1213 2662 ἄνθρωπον
1240 2591 1595 2660 ὑποδείγματι
1629 2592 1689 2645 τὸ
1730 2592 1975 2645 δεκτικὸν

406 2682 508 2751 τῆς
533 2683 841 2751 ἐπιστήμης
866 2683 971 2735 ὑπὸ
1007 2682 1101 2734 τοῦ
1142 2682 1299 2751 λόγου
1344 2682 1629 2743 κωλύεται,
1678 2683 1710 2753 ἢ
1749 2682 1853 2735 ὑπὸ
1880 2682 1974 2735 τοῦ

406 2773 655 2827 δεκτικοῦ
698 2776 798 2845 τῆς
827 2774 1064 2836 διανοίας
1102 2775 1131 2825 ὁ
1167 2774 1322 2841 λόγος
1349 2790 1363 2802 ·
1409 2772 1533 2826 ούτε
1573 2774 1636 2826 τὸ
1665 2774 1835 2827 ἀΐδιον
1877 2775 1975 2845 τῆς

409 2865 557 2927 θείας
584 2863 745 2934 ζωῆς,
775 2864 807 2935 ἢ
841 2865 902 2917 τὸ
939 2864 1211 2935 ἄφθαρτον
1237 2865 1336 2917 οὐκ
1368 2865 1500 2934 ἔχει,
1532 2865 1627 2918 ἐάν
1662 2866 1896 2936 ἄναρχον
1916 2863 1972 2939 ᾖ,

410 2956 443 3026 ἢ
480 2956 636 3026 εἴπερ
683 2955 781 3026 τὴν
822 2955 1131 3026 ἀφθαρσίαν
1170 2972 1254 3015 τις
1295 2955 1431 3025 αὐτῇ
1485 2957 1885 3026 μαρτυρήσειε,
1916 2956 1976 3008 τὸ

409 3051 659 3120 ἁνάρχως
688 3044 829 3102 εἶναι
866 3048 1316 3119 ἀφαιρεθήσεται.
1373 3046 1511 3099 Ἀλλ’
1532 3048 1561 3099 ὁ
1590 3049 1656 3117 τῇ
1690 3048 1855 3119 τέχνῃ
1876 3046 1975 3117 τῆς

2075 1943 2186 1995 lum
2240 1943 2366 2006 erit,
2413 1943 2645 1995 alterum
2697 1959 2823 1996 vero
2858 1958 2965 1996 non
3015 1944 3265 1997 admittet
3315 1953 3550 2010 natura;
3590 1954 3647 2000 et

2076 2048 2291 2097 rursus,
2338 2034 2384 2089 si
2432 2034 2663 2088 rationis
2698 2034 3017 2104 participem
3070 2033 3302 2091 definias
3342 2037 3642 2105 hominem,

2076 2140 2186 2179 non
2222 2127 2455 2195 amplius
2476 2129 2652 2196 ipsum
2685 2129 2883 2181 mentis
2915 2143 3037 2183 esse
3064 2142 3319 2198 capacem
3353 2130 3641 2186 concedis:

2075 2226 2182 2288 q'ua
2208 2222 2351 2274 enim
2384 2222 2613 2274 rationis
2630 2227 2714 2276 est
2741 2222 3035 2291 particeps,
3061 2222 3426 2293 intelligentia:
3448 2240 3646 2294 expers

2076 2310 2566 2364 demonstrabitur.
2606 2310 2763 2376 Quod
2808 2310 2851 2364 si
2902 2311 3121 2381 planum
3163 2320 3246 2365 est
3287 2313 3464 2367 cuivis
3497 2315 3644 2382 quod

2077 2402 2135 2455 in
2164 2402 2249 2455 hi's
2272 2410 2357 2456 est
2387 2402 2678 2457 ridiculum
2704 2412 2985 2466 etamens,
3016 2418 3196 2472 neque
3218 2403 3272 2457 in
3303 2404 3396 2459 illo
3421 2420 3648 2474 prorsus

2077 2494 2181 2549 erit
2204 2491 2541 2565 ambiguum.
2573 2494 2708 2549 Nam
2742 2496 2788 2551 si
2818 2494 3058 2550 doctoris
3091 2495 3388 2550 dictionem
3426 2498 3645 2567 legeris,

2079 2588 2327 2642 umbram
2384 2589 2629 2643 invenies
2685 2588 2865 2642 cavilli
2908 2588 3113 2657 jocum.
3159 2588 3347 2658 Neque
3396 2588 3541 2644 enim
3589 2590 3644 2644 in

2076 2681 2324 2749 exemplo
2350 2681 2417 2735 de
2456 2681 2675 2735 homine
2718 2680 2963 2735 scientiae
2992 2696 3163 2751 capax
3212 2696 3242 2733 a
3270 2681 3483 2736 ratione
3528 2697 3649 2751 pro-

2078 2770 2317 2835 hibetur,
2371 2772 2456 2825 vel
2499 2786 2529 2825 a
2568 2772 2769 2826 mentis
2798 2772 2985 2839 capaci
3016 2772 3182 2826 ratio.
3224 2770 3414 2842 Neque
3446 2772 3650 2828 divina;

2077 2863 2201 2917 vitae
2258 2864 2534 2919 aeternitas
2581 2864 2667 2918 vel
2728 2863 3145 2932 incorruptibile
3194 2879 3306 2918 non
3359 2865 3542 2929 habet,
3597 2866 3644 2919 si

2078 2956 2333 3025 principii
2368 2959 2578 3025 {expers
2618 2955 2804 3019 fuerit,
2850 2956 2937 3009 vel
2986 2956 3031 3010 si
3074 2956 3647 3027 incnrruptibilitatem

2078 3047 2202 3115 quis
2228 3047 2327 3116 ipsi
2366 3046 2694 3109 attribuerit,
2742 3053 2936 3099 natura
2975 3047 3245 3117 principio
3274 3058 3495 3103 careute
3522 3063 3649 3118 spo-

408 3142 749 3211 διαλεκτικῆς
799 3139 1072 3209 ἀγχινοίας
1121 3138 1402 3210 ἀναζητῶν
1446 3136 1544 3207 τὴν
1592 3137 1867 3208 ἀλήθειαν,
1913 3139 1976 3191 ἐκ

2083 3138 2322 3192 liabitur.
2363 3137 2468 3192 Sed
2507 3138 2635 3192 dum
2672 3137 2969 3192 dialectica:
3017 3138 3253 3193 solertiaa
3299 3146 3415 3194 arte
3453 3141 3651 3194 verita-

409 3232 516 3285 τῶν
549 3232 692 3285 ἰδίων
732 3231 808 3301 τῷ
842 3230 1096 3301 ἡμετέρῳ
1129 3230 1270 3300 λόγῳ
1317 3228 1606 3299 παρενθεὶς
1634 3227 1672 3281 ἃ.
1708 3227 1977 3291 ἐϐούλετο,

363 3324 375 3341 ‘
410 3322 586 3393 ἐαυτῷ
623 3324 854 3392 μάχεται
882 3321 977 3374 καὶ
1006 3321 1195 3372 ἐαυτὸν
1216 3318 1530 3390 ἀνατρέπει,
1556 3319 1664 3373 τῶν
1693 3318 1978 3389 ἡμετέρων

409 3415 470 3467 οὺ
503 3412 968 3483 προσαπτόμενος.
1002 3412 1074 3463 Τὸ
1108 3410 1215 3481 γάρ
1249 3411 1378 3481 παρ’
1404 3410 1558 3481 ἡμῶν
1578 3410 1729 3463 οὐδὲν
1760 3406 1830 3480 ἦν
1859 3410 1974 3463 ἐτε-

414 3522 537 3575 ρον,
582 3504 616 3575 ἢ
661 3505 721 3556 τὸ
772 3504 871 3573 τὴν
903 3502 1155 3572 ἀνάρχως
1193 3498 1356 3554 οὖσαν
1402 3502 1563 3571 ζωὴν,
1597 3502 1888 3571 ἀγέννητον
1909 3500 1976 3553 δι’

410 3595 649 3658 ἐπινοίας
675 3593 1052 3663 ὀνομάζεσθαι,
1098 3593 1216 3660 οὐχὶ
1253 3592 1519 3659 γίνεσθαι,
1549 3593 1641 3644 καὶ
1684 3592 1782 3661 τὴν
1815 3595 1891 3654 εἰς
1917 3591 1980 3643 τὸ

412 3687 659 3758 ἀόριστον
711 3684 1038 3757 προϊοῦσαν,
1103 3688 1171 3754 τῇ
1215 3683 1308 3736 τοῦ
1358 3683 1636 3753 ἀφθάρτου
1694 3684 1978 3753 σημαίνειν

412 3777 775 3850 προσηγορίᾳ,
800 3778 860 3829 οὐ
896 3780 1068 3830 ποιεῖν
1088 3776 1383 3847 ἄφθαρτον,
1417 3777 1550 3830 άλλά
1585 3777 1869 3847 σημαίνειν
1891 3772 1980 3829 οὖ-

414 3886 513 3922 σαν
542 3870 795 3939 τοιαύτην
820 3886 835 3899 °
884 3868 1025 3921 ὥστε
1061 3868 1122 3919 τὸ
1159 3868 1255 3937 μὲν
1298 3868 1547 3938 ἀόριστον
1571 3868 1691 3921 καθ’
1721 3868 1978 3937 ἑκάτερον

412 3959 548 4015 εἶναι
576 3962 672 4032 τὴν
713 3960 861 4013 θείαν
888 3959 1054 4030 ζωὴν,
1095 3959 1190 4013 τοῦ
1236 3960 1593 4029 ὑποκειμένου
1650 3960 1779 4014 ῐδιον
1804 3955 1973 4012 εἶναι·

410 4055 473 4107 τὸ
500 4055 558 4107 δὲ
584 4054 755 4115 οὕτως
796 4052 829 4123 ἢ
860 4052 1034 4115 οὕτως
1071 4051 1138 4104 τὰ
1163 4052 1611 4121 ἐπιθεωρούμενα
1649 4051 1730 4121 τῷ
1760 4052 1979 4103 ὑποκει-

416 4147 559 4216 μένῳ
586 4147 829 4215 νοήματα
853 4143 1125 4212 λέγεσθαι,
1160 4144 1289 4214 περὶ
1324 4144 1423 4213 τὴν
1460 4145 1644 4214 φωνήν
1668 4146 1787 4195 ἐστι
1811 4143 1979 4212 μόνην

410 4239 509 4308 τὴν
556 4238 889 4309 ἐνδεικτικὴν
941 4236 1033 4290 τοῦ
1086 4236 1481 4306 σημαινομένου
1535 4236 1825 4305 νοήματος.
1883 4236 1978 4289 Ἐν

411 4333 591 4402 νόημα
624 4332 751 4397 περὶ
784 4330 883 4401 τὴν
918 4329 1067 4383 θείαν
1110 4328 1275 4397 ζωὴν,
1304 4329 1367 4380 τὸ
1406 4328 1480 4398 μὴ
1511 4326 1569 4391 ἐξ
1600 4328 1778 4391 αίτίας
1808 4328 1979 4396 αὐτὴν

411 4417 572 4485 εἶναι,
602 4420 758 4473 τοῦτο
790 4421 824 4489 ή
858 4418 949 4471 τοῦ
976 4419 1269 4487 ἀγεννήτου
1298 4416 1441 4479 λέξις
1466 4416 1829 4469 ἐνδείκνυται·
1863 4416 1979 4468 ἐτε-

2080 3238 2185 3284 tem
2219 3231 2477 3299 exquirit,
2528 3246 2595 3285 ex
2645 3232 2760 3285 suis
2812 3240 3000 3286 nostro
3048 3232 3288 3287 sermoni
3325 3248 3447 3302 qua:
3475 3234 3650 3288 voluit

2082 3323 2438 3392 interpositis,
2481 3338 2665 3377 secum
2700 3323 2817 3392 ipse
2840 3334 3064 3393 pugnat,
3092 3339 3259 3393 seque
3282 3324 3459 3393 ipsum
3496 3334 3647 3373 ever.

2079 3414 2166 3475 tit,
2200 3423 2385 3467 nostra
2417 3427 2525 3465 non
2556 3412 2851 3481 attingens.
2884 3412 3038 3478 Quod
3070 3414 3215 3466 enim
3248 3414 3643 3477 asserebamus;

2079 3520 2190 3558 non
2241 3503 2395 3558 aliud
2443 3513 2579 3568 erat,
2617 3520 2778 3573 quam
2826 3504 2990 3557 vitam
3040 3505 3307 3575 principio
3349 3514 3647 3571 carentem,

2080 3596 2372 3665 ingenitam
2412 3612 2507 3664 per
2542 3597 3053 3651 commentationem
3094 3598 3387 3661 nominari,
3426 3612 3533 3651 non
3570 3597 3653 3667 gi-

2079 3686 2195 3755 gni,
2228 3693 2282 3740 et
2310 3702 2430 3754 qua:
2475 3688 2529 3740 in
2574 3687 2845 3740 inﬁnitum
2894 3687 3163 3756 procedit,
3212 3689 3653 3757 incorruptibilis

2082 3777 2441 3845 appellatione
2465 3777 2775 3847 signiﬁcare
2803 3793 2911 3831 non
2942 3778 3415 3848 incorruptibilem
3444 3779 3652 3844 facere,

2082 3867 2175 3921 sed
2204 3883 2323 3922 eam
2352 3869 2516 3923 talem
2540 3884 2663 3923 esse
2687 3870 2998 3938 signiﬁcare
3024 3887 3037 3922 :
3071 3884 3241 3939 quare
3261 3870 3404 3939 quod
3431 3872 3651 3941 quidem

2082 3960 2291 4014 inﬁnita
2313 3972 2481 4016 estex
2505 3970 2738 4031 utraque
2760 3972 2912 4031 parte
2932 3962 3117 4016 divina
3138 3962 3271 4026 vita,
3294 3963 3397 4016 hoc
3419 3963 3654 4032 subjecti

2080 4059 2163 4106 est
2196 4053 2504 4122 proprium;
2537 4053 2683 4121 quod
2722 4062 2903 4106 autem
2938 4053 3019 4107 sic
3050 4053 3135 4107 vel
3158 4054 3256 4118 sic,
3287 4068 3409 4123 quae
3436 4055 3490 4107 in
3522 4054 3657 4108 sub-

2075 4146 2222 4215 jecto
2251 4145 2691 4213 conspiciuntur,
2729 4145 2978 4200 notiones
3016 4144 3289 4209 dicantur,
3317 4147 3419 4199 hoc
3454 4147 3507 4199 in
3540 4146 3656 4200 sola

2079 4250 2213 4290 voce
2245 4235 2499 4290 consistit
2539 4251 2660 4304 qua:
2700 4236 2977 4289 notionem
3014 4236 3374 4305 signiﬁcatam
3426 4237 3651 4290 iudieat.

2082 4327 2201 4382 Una
2233 4328 2287 4381 in
2310 4327 2492 4381 divina
2533 4328 2642 4380 vita
2682 4329 2835 4381 notio
2873 4336 2977 4390 est.
3015 4330 3158 4397 quod
3193 4328 3311 4399 ipsa
3343 4345 3449 4383 non
3483 4331 3553 4384 sit
3586 4347 3653 4384 ex

2082 4428 2273 4478 causa,
2347 4414 2491 4469 hanc
2541 4428 2721 4471 autem
2771 4417 2995 4486 ingeniti
3047 4418 3215 4471 dictio
3267 4418 3656 4485 demonstrat;

414 4532 505 4586 ρον
533 4513 711 4583 νόημα
748 4512 875 4583 περὶ
913 4510 1011 4580 τὴν
1046 4510 1213 4579 αὐτὴν
1256 4508 1402 4578 ζωὴν
1433 4508 1494 4559 τὸ
1533 4508 1781 4576 ἀόριστον
1813 4507 1976 4576 αὐτὴν

2085 4506 2252 4560 altera
2286 4506 2438 4559 nouo
2460 4505 2527 4560 de
2553 4508 2738 4560 eadem
2762 4508 2894 4570 vita,
2935 4508 3081 4577 quod
3110 4509 3226 4579 ipsa
3257 4511 3328 4563 sit
3357 4510 3565 4563 infinita
3600 4521 3656 4566 et

411 4603 551 4661 εἶναι
592 4606 685 4659 καὶ
714 4604 1086 4673 ἀτελεύτητον,
1127 4600 1281 4654 τοῦτο
1314 4604 1345 4669 ἡ
1375 4600 1468 4652 τοῦ
1502 4601 1777 4670 ἀφθάρτου
1815 4616 1982 4668 προσ-

410 4695 608 4767 ηγορία
636 4694 985 4764 παρίστησιν,
1016 4691 1154 4744 ὥστε
1177 4691 1238 4743 τὸ
1264 4692 1360 4761 μὲν
1375 4691 1729 4760 ὑποκείμενον
1748 4690 1981 4760 ἄναρχον

410 4782 548 4840 εἶναι
573 4784 665 4837 καὶ¹
688 4782 1065 4851 ἀτελεύτητον,
1087 4782 1225 4851 ὅπερ
1248 4780 1393 4832 ἐστὶν
1420 4780 1558 4848 ὑπὲρ
1595 4782 1700 4833 πᾶν
1729 4779 1899 4849 ὄνομά
1922 4796 1980 4831 τε

409 4881 505 4932 καὶ
531 4878 729 4946 νόημα.
787 4875 858 4926 Τὸ
891 4874 947 4926 δὲ
980 4876 1117 4943 μήτε
1170 4872 1228 4938 ἐξ
1262 4872 1441 4934 αἰτίας
1476 4872 1607 4924 αὐτὸ
1650 4868 1806 4935 εἶναι,
1846 4874 1981 4941 μήτε

410 4974 489 5035 είς
518 4971 577 5023 τὸ
599 4966 941 5037 ἀνύπαρκτόν
971 4982 1100 5017 ποτε
1122 4964 1486 5033 παρίστασθαι
1505 5003 1521 5025 ,
1573 4962 1745 5016 ταῦτα
1772 4963 1863 5016 διὰ
1880 4964 1980 5033 τῆς

407 5062 515 5114 τῶν
542 5061 819 5130 ὀνομάτων
848 5056 1049 5110 τούτων
1077 5056 1314 5119 ἐπινοίας
1344 5056 1684 5125 σημαίνεται.

478 5153 542 5205 Τί
568 5151 745 5204 τοίνυν
773 5152 838 5203 ἐκ
856 5149 962 5201 τῶν
988 5147 1270 5217 ἡμετέρων
1295 5147 1454 5199 αὐτὸν
1481 5147 1617 5217 πρὸς
1641 5146 1738 5218 τὴν
1754 5147 1978 5220 ἀνόητον

408 5241 609 5311 ταύτην
639 5239 858 5292 παιδιὰν
888 5236 1271 5306 παρεκίνησεν,
1304 5234 1444 5289 ὥστε
1476 5235 1636 5288 πάλιν
1666 5235 1983 5306 ἐπαναλαμ-

408 5331 637 5383 6άνοντα
672 5329 731 5383 τὸ
768 5325 883 5382 ἴσον
913 5330 1084 5379 εἰπεῖν
1114 5326 1325 5388 τούτοις
1351 5330 1463 5389 τοῖς
1510 5328 1746 5398 ῥήμασιν
1780 5343 1794 5391 ;
1827 5328 1985 5380 Ἐστι

408 5423 537 5494 γὰρ,
557 5422 696 5475 κατὰ
720 5422 816 5492 μὲν
834 5422 893 5473 τὸ
918 5420 1173 5491 ἄναρχον,
1193 5418 1487 5489 ἀγέννητος
1502 5419 1636 5488 ὁμοῦ
1660 5420 1752 5472 καὶ
1778 5419 1984 5490 ἄφθαρ-

408 5526 531 5571 τοςο
581 5509 722 5562 κατά
755 5509 811 5561 δὲ
854 5508 915 5561 τὸ
961 5506 1347 5577 ἀτελεύτητον,
1400 5508 1673 5579 ἄφθαρτος
1719 5509 1853 5579 ὁμοῦ
1886 5510 1981 5562 καὶ

408 5602 683 5671 γεννητὸς.
734 5601 903 5654 Τοῦτο
934 5601 989 5653 δὲ
1031 5600 1133 5654 κᾶν
1165 5600 1239 5671 μὴ
1279 5601 1411 5671 παρ’
1445 5601 1599 5669 ήμῶν
1630 5601 1979 5673 διευκρινήθη

408 5692 487 5761 τῷ
517 5694 677 5764 ὶὸγῳ,
710 5694 870 5747 παντὶ
909 5692 1171 5765 πρόδηλόν
1204 5694 1316 5745 ἐστι
1360 5692 1439 5761 τῷ
1470 5693 1561 5746 καὶ
1586 5693 1832 5747 ὁπωσοῦν
1860 5698 1973 5747 δια-

409 5785 556 5847 νοίας
583 5784 878 5857 μετέχοντι,
900 5785 1046 5849 ὅπως
1066 5786 1179 5837 ἐστὶ
1202 5784 1600 5852 καταγέλαστόν
1626 5803 1679 5838 τε
1713 5788 1804 5839 καὶ
1832 5788 1980 5859 ἀνόη-

2083 4597 2189 4651 ﬁne
2220 4604 2428 4658 careat,
2473 4596 2613 4651 hanc
2637 4607 2816 4651 autem
2874 4599 3308 4668 incorruptibilis
3359 4601 3659 4670 appellatio

2082 4695 2433 4757 repraesentat
2467 4706 2480 4741 :
2512 4689 2587 4741 ita
2628 4696 2687 4741 ut
2715 4688 3021 4758 subjectum
3056 4690 3275 4760 quidem
3302 4690 3573 4761 principio
3600 4701 3656 4746 et

2082 4779 2189 4832 ﬁne
2228 4786 2439 4842 careat,
2473 4779 2619 4849 quod
2650 4788 2735 4835 est
2770 4796 2936 4850 super
2970 4796 3132 4836 omne
3159 4796 3357 4836 nomen
3393 4794 3446 4836 et
3476 4784 3657 4836 notio-

2080 4885 2225 4931 nem,
2258 4870 2402 4939 quod
2432 4878 2610 4923 autem
2643 4870 2820 4939 ipsum
2852 4886 3026 4940 neque
3047 4887 3114 4925 ex
3143 4887 3309 4926 causa
3342 4882 3446 4935 est,
3477 4890 3657 4943 neque

2080 4962 2148 5016 ad
2201 4962 2253 5016 id
2301 4962 2447 5032 quod
2483 4978 2591 5016 non
2642 4972 2750 5029 est,
2786 4980 3024 5032 unquam
3077 4966 3350 5032 deveniet,
3415 4968 3529 5022 haec
3562 4984 3657 5037 per

2078 5056 2360 5110 nominum
2388 5057 2584 5109 horum
2620 5057 3136 5111 commentationem
3182 5057 3583 5126 signiﬁcantur.

2151 5144 2290 5210 Quid
2339 5146 2503 5215 igitur
2531 5161 2597 5199 ex
2628 5145 2837 5201 nostris
2879 5146 3056 5215 ipsum
3101 5145 3167 5199 ad
3203 5146 3346 5200 hunc
3383 5156 3655 5201 amentem

2079 5246 2133 5292 et
2173 5238 2398 5291 stultum
2440 5237 2627 5305 jocum
2655 5239 2969 5301 commovit,
3018 5244 3076 5289 ut
3110 5253 3303 5292 rursus
3344 5253 3647 5300 resumens,

2081 5330 2223 5383 idem
2272 5329 2435 5384 etiam
2483 5329 2629 5382 dicat
2664 5328 2749 5381 his
2782 5328 3008 5382 verbis?
3040 5327 3134 5383 Est
3163 5330 3305 5382 enim
3354 5330 3657 5383 secundum

2081 5421 2226 5490 quod
2286 5427 2435 5473 caret
2488 5420 2760 5489 principio
2812 5419 3088 5488 ingenitus
3142 5420 3307 5473 simul
3362 5428 3417 5473 et
3475 5419 3655 5471 incor-

2087 5512 2392 5582 ruptibilis;
2436 5513 2736 5567 secundum
2782 5528 2911 5566 vero
2950 5511 3094 5581 quod
3128 5512 3287 5566 ﬁnem
3330 5528 3438 5565 non
3473 5511 3656 5571 habet,

2088 5603 2523 5673 incorruptibilis
2568 5603 2731 5657 simul
2784 5610 2837 5655 et
2870 5603 3105 5671 genitus.
3158 5602 3269 5655 Iloc
3323 5609 3526 5661 autem,
3554 5600 3658 5653 etsi

2090 5712 2196 5750 non
2228 5711 2257 5748 a
2286 5696 2443 5749 nobis
2475 5711 2728 5749 sermone
2760 5693 3115 5761 dijudicatum
3144 5702 3247 5757 est,
3276 5692 3447 5747 cuivis
3481 5701 3656 5744 ‘amen

2088 5790 2169 5839 vel
2208 5802 2534 5858 quocunque
2585 5786 2743 5841 modo
2791 5786 2989 5841 mentis
3039 5784 3276 5855 compoti
3310 5783 3654 5855 perspicuum
