4146 6386
511 303 653 360 1085

1712 295 1771 351 S.
1804 292 2132 350 GBEGORII
2168 292 2460 350 NYSSENI

3622 298 3768 355 1085

510 427 613 480 est,
643 413 920 486 quomodo
966 410 1260 467 ridiculum
1304 417 1409 476 est,
1444 417 1499 465 et
1541 409 1801 464 amentiae
1848 412 2090 479 plenum,

2193 423 2306 471 τον,
2339 406 2536 477 μᾶλλον
2565 406 2621 460 δὲ
2654 407 2848 472 ἀσεϐὲς
2882 408 2975 461 καὶ
3002 408 3346 479 κατάκριτον.
3382 401 3452 479 Ὦ
3486 409 3593 481 γὰρ
3620 411 3768 485 λόγῳ

510 510 620 562 imo
663 522 791 562 vero
848 504 1075 575 impium
1132 512 1186 558 et
1231 502 1727 558 condcmnandmn.
1780 502 1899 568 Quo
1945 503 2089 557 enim

512 615 769 656 sermone
820 597 1093 653 construit
1153 595 1590 665 incorruptibilis
1645 595 2089 664 coniugationem

509 706 635 744 cum
689 705 756 744 eo
806 689 953 759 quod
994 697 1079 743 est
1126 687 1383 757 principii
1426 702 1642 756 expers,
1691 686 1881 740 eodem
1929 685 2092 741 modo

511 795 674 834 omne
709 781 864 849 pium
900 788 954 835 et
977 779 1085 833 Deo
1110 778 1367 832 decorum
1403 793 1600 832 nomen
1644 778 1801 831 habet
1836 777 2088 832 ludibrio.

511 869 632 925 Non
666 871 809 926 enim
834 872 1008 925 solum
1041 870 1156 924 hzec
1181 869 1290 923 duo
1318 869 1371 922 in
1396 869 1578 923 divina
1602 869 1711 923 vita
1751 877 2089 937 spectantur,

510 976 638 1016 esse
689 962 810 1016 sine
859 960 1169 1031 principio,
1219 968 1274 1014 et
1322 960 1599 1013 interitum
1652 975 1762 1012 non
1812 968 2091 1029 appetere,

514 1049 611 1105 sed
661 1051 826 1105 etiam
865 1051 1104 1106 materia:
1158 1066 1354 1120 expers
1380 1058 1433 1104 et
1463 1049 1556 1103 ira:
1607 1049 1828 1104 nescius
1868 1049 2089 1114 dicitur,

516 1140 986 1211 immutabilisquc
1045 1151 1100 1197 et
1164 1142 1548 1210 incorporeus,
1588 1141 1995 1211 inaspectabilis
2040 1151 2094 1195 et

517 1232 687 1300 ﬁgura
734 1247 968 1295 carens,
1040 1243 1303 1302 vetusque
1350 1241 1404 1287 et
1461 1233 1642 1299 justus
1674 1273 1689 1295 ,
1747 1243 1801 1287 et
1845 1232 1963 1287 alia:
2004 1234 2089 1287 in—

516 1321 884 1376 numerabiles
931 1337 1051 1391 qua:
1102 1323 1158 1375 in
1211 1321 1396 1375 divina
1436 1323 1545 1374 vita
1606 1322 1855 1377 notiones
1905 1324 2089 1377 consio

516 1414 810 1477 derantur,
864 1428 1096 1483 quarum
1154 1428 1382 1482 quaeque
1434 1414 1488 1467 in
1553 1414 1732 1482 seipsa
1789 1415 2090 1469 secundum

518 1504 847 1572 peculiarem
908 1512 961 1557 ct
1028 1514 1340 1574 separatam
1404 1505 1650 1559 notitiam
1712 1507 2092 1577 signiﬁcativis

521 1594 745 1650 vocibus
797 1596 1136 1651 enuntiatur.
1197 1596 1403 1662 Quovis
1447 1597 1609 1668 igitur
1663 1598 1883 1653 nomine
1943 1600 2088 1669 quod

523 1686 631 1742 Deo
650 1687 904 1742 decoram
940 1696 990 1742 et
1020 1688 1432 1743 convenientem
1459 1690 1769 1758 Opinionem
1795 1689 2085 1761 signiﬁcet,

521 1778 643 1833 licet
687 1778 842 1847 juxta
886 1780 1033 1833 illam
1080 1779 1446 1850 prodigiosam
1483 1780 1549 1834 ab
1579 1778 1844 1834 Eunomio
1872 1782 2090 1851 excogi-

518 1878 690 1924 tatam
740 1873 1127 1942 cogitationem
1176 1881 1500 1927 connectere
1546 1890 1560 1926 :
1609 1874 1842 1943 exempli
1892 1876 2087 1945 gratia,

519 1965 663 2030 quod
719 1963 1074 2018 immateriale
1103 1970 1208 2028 est,
1264 1974 1318 2018 ct
1364 1964 1509 2034 quod
1550 1964 1644 2018 ira:
1677 1980 1895 2035 expers,
1928 1966 2089 2020 ambo

517 2052 587 2107 de
614 2053 794 2107 divina
820 2054 930 2107 vita
967 2055 1245 2120 dicuntur,
1283 2056 1379 2110 sed
1421 2071 1528 2110 non
1560 2056 1614 2109 in
1649 2056 1836 2111 eadem
1872 2067 2091 2112 senten-

518 2145 593 2197 tia
627 2154 936 2216 utrumque.
969 2146 1102 2200 Nam
1140 2164 1169 2202 a
1202 2148 1472 2203 materiali
1503 2147 1851 2216 pcrmistione
1878 2149 2088 2205 Numen

520 2253 716 2307 purum
759 2254 900 2304 esse,
948 2256 1044 2309 per
1089 2242 1463 2296 itnmaterialis
1518 2242 1796 2297 notionem
1832 2244 2092 2313 cognovi-

521 2345 665 2383 mus.
714 2329 773 2383 In
818 2346 883 2384 eo
928 2347 1057 2386 vero
1112 2332 1260 2402 quod
1306 2333 1400 2387 irae
1454 2340 1539 2387 est
1574 2349 1793 2403 expers,
1836 2336 2092 2390 alienatio

520 2421 589 2474 ab
640 2422 733 2475 ira:
778 2422 1187 2491 perturbatione
1217 2424 1577 2492 signiﬁcatur.
1609 2426 1710 2481 Per
1757 2427 1872 2481 haec
1900 2427 2087 2498 igitur,

520 2523 580 2565 ut
606 2520 688 2567 est
716 2514 1032 2578 verisimile,
1063 2526 1218 2569 curet
1241 2515 1560 2583 Eunomius,
1603 2519 1900 2588 eodemque
1931 2520 2090 2574 modo

523 2604 576 2656 in
619 2604 732 2657 haec
789 2604 935 2658 dicta
995 2606 1300 2660 insultabit.
1358 2605 1514 2663 Dicet
1563 2609 1707 2663 enim
1768 2612 1883 2680 pari
1948 2628 2090 2666 nexu

519 2692 914 2749 absurditatem
962 2704 1296 2753 connectens
1328 2716 1343 2753 :
1373 2694 1435 2752 Si
1463 2714 1571 2769 qua
1605 2715 1636 2753 a
1670 2702 1936 2755 materiali
1970 2718 2093 2772 per-

522 2788 777 2843 mistione
823 2797 1142 2859 segregatus
1182 2799 1284 2854 est,
1321 2790 1695 2848 immaterialis
1728 2796 1948 2861 dicitur,
2001 2813 2091 2851 se-

520 2880 759 2935 cundum
813 2881 917 2935 hoc
950 2898 1057 2936 non
1104 2881 1208 2936 erit
1253 2882 1347 2937 ira:
1389 2899 1604 2954 expers,
1637 2894 1690 2941 et
1734 2888 1778 2942 si
1819 2890 1945 2958 quia
1983 2905 2092 2945 non

521 2971 857 3026 iracundiam
908 2974 1132 3043 appetit,
1174 2982 1260 3028 est
1303 2974 1396 3030 ira:
1441 2991 1655 3041 exsors,
1707 2996 1817 3034 non
1860 2984 2095 3052 amplius

523 3064 581 3117 in
621 3079 685 3118 eo
740 3072 918 3134 potest
967 3065 1111 3134 quod
1160 3075 1245 3119 est
1297 3065 1654 3125 immateriale
1706 3074 1951 3141 concedi,
1999 3079 2169 3159 sedc

519 3158 670 3211 omni
725 3157 1051 3211 necessitate
1102 3172 1168 3211 eo
1219 3159 1363 3228 quod
1429 3161 1500 3217 sit
1543 3176 1574 3214 a
1623 3165 1850 3220 materia
1901 3182 2092 3236 purus,

523 3246 901 3301 innuaterialis
948 3245 1111 3300 simul
1150 3254 1204 3301 et
1255 3248 1554 3305 iracundus
1599 3251 2093 3325 demonstrabitur;

520 3344 579 3390 et
631 3351 738 3405 qua
771 3337 825 3389 in
860 3336 995 3389 iram
1029 3351 1136 3389 non
1173 3337 1384 3403 incidit,
1424 3354 1533 3393 non
1570 3342 1867 3398 iracundus
1898 3354 1952 3399 et
1978 3363 2095 3399 ma-

525 3427 735 3481 terialis
780 3427 970 3483 eodem
1022 3430 1182 3485 modo
1234 3431 1543 3485 invenietur
1589 3450 1602 3485 :
1651 3433 1730 3487 sic
1773 3443 1826 3489 et
1876 3435 1929 3489 in
1974 3437 2095 3493 aliis

520 3516 777 3572 omnibus
829 3517 1093 3574 invenies.
1136 3520 1204 3574 Et
1250 3520 1296 3575 si
1348 3520 1545 3589 placet,
1576 3522 1803 3575 alteram
1836 3525 2095 3595 conjuge-

522 3607 721 3663 tionem
768 3609 931 3663 talem
974 3626 1370 3681 proponamus,
1402 3613 1546 3683 quod
1604 3614 1944 3670 immutabile
1987 3626 2090 3681 est,

520 3699 646 3754 dico
690 3710 745 3754 et
788 3701 1189 3773 incorporeum.
1240 3706 1379 3760 Cum
1428 3706 1571 3761 enim
1624 3706 1816 3762 horum
1859 3710 2090 3764 duorum

523 3791 804 3851 nominum
830 3802 1123 3865 utrumque
1146 3797 1448 3851 secundum
1488 3798 1761 3867 propriam
1809 3808 1861 3853 et
1890 3800 2091 3855 distin-

520 3890 664 3935 ctam
715 3884 1168 3953 signiﬁcationem
1217 3886 1285 3941 de
1331 3887 1515 3941 divina
1569 3889 1678 3943 vita
1727 3886 1967 3952 dicatur,
2016 3890 2091 3944 si-

520 3972 721 4028 militer
757 3985 813 4028 et
854 3976 911 4029 in
962 3977 1048 4031 his
1080 3977 1333 4031 Eunomii
1374 3978 1642 4048 sapientia
1688 3988 1968 4036 construet
1994 3982 2092 4037 ab-

519 4065 861 4120 surditatem.
908 4066 963 4120 Si
994 4068 1138 4121 enim
1181 4069 1327 4137 quod
1362 4085 1574 4138 semper
1619 4072 1808 4126 eodem
1844 4072 2006 4127 modo
2033 4090 2092 4127 se

519 4156 699 4218 habet,
752 4172 884 4212 voce
928 4160 1283 4215 immutabilis
1308 4161 1669 4230 signiﬁcatur,
1700 4170 1753 4217 et
1786 4164 2091 4234 incorporei

518 4247 811 4315 appellatio
867 4249 1095 4303 materia
1154 4251 1488 4306 abstractam
1547 4260 1601 4306 et
1668 4253 2087 4311 intellectualem

517 4339 811 4391 essentiam
858 4348 1235 4409 repraesentat,
1293 4341 1439 4397 dicet
1489 4343 1738 4413 profecto
1782 4345 1972 4400 eadem
2032 4348 2087 4402 in

2192 499 2586 563 κατασκευάζει
2610 499 2707 568 τὴν
2721 499 2815 552 τοῦ
2834 499 3107 569 ἀφθάρτου
3126 502 3263 571 πρὸς
3280 502 3339 554 τὸ
3358 502 3591 573 ἄναρχον
3610 507 3769 569 συζυ-

2192 589 2337 657 γίαν,
2362 589 2440 659 τῷ
2470 589 2617 658 αὐτῷ
2639 590 2823 660 τρόπῳ
2851 591 3047 654 παντὸς
3071 591 3324 657 εὐσεϐοῦς
3343 611 3401 645 τε
3427 596 3522 648 καὶ
3540 594 3769 667 θεοπρε-

2193 681 2325 744 ποῦς
2346 682 2671 745 καταπαίζει
2692 682 2968 751 ὀνόματος.
2989 683 3063 735 Οὐ
3085 683 3195 755 γὰρ
3219 684 3379 754 μόνον
3393 685 3460 739 τὰ
3476 686 3569 739 δύο
3590 685 3769 741 ταῦτα

2191 777 2318 845 περὶ
2336 773 2593 845 τὴν,θείαν
2611 773 2891 845 θεωρεῖται
2908 775 3145 846 ζωὴν,ητὸ
3159 776 3407 846 ἀνάρχως
3424 795 3481 830 τε
3499 773 3658 841 εἶναι,
3670 780 3770 832 καὶ

2193 864 2397 934 φθορὰν
2421 866 2493 935 μὴ
2517 864 2855 935 προσίεσθαι,
2869 864 3004 918 ἀλλά
3024 865 3118 918 καὶ
3135 865 3294 928 άῦλὸς
3311 884 3368 918 τε
3388 868 3481 920 καὶ
3500 868 3769 937 ἀόργητος

2191 957 2426 1025 λέγεται,
2456 956 2722 1027 ἀτρεπτὸς
2748 974 2807 1009 τε
2836 957 2931 1009 καὶ
2968 956 3276 1025 ἀσώματος,
3305 958 3535 1028 ἀόρατός
3569 976 3627 1012 τε
3668 959 3769 1011 καὶ

2191 1048 2614 1118 ἀσχημάτιστος,
2643 1046 2848 1119 ἀληθής
2863 1064 2922 1101 τε
2949 1049 3039 1101 καὶ
3059 1047 3286 1112 δίκαιος,
3314 1051 3408 1101 καὶ
3433 1050 3567 1103 ἄλλα
3591 1050 3769 1120 μυρία.

2194 1141 2323 1210 περὶ
2336 1141 2433 1210 τὴν
2455 1139 2603 1193 θείαν
2620 1141 2764 1211 ζωήν
2787 1143 2903 1193 ἐστι
2920 1142 3189 1210 νοήματα,
3205 1133 3278 1193 ὧν
3297 1140 3526 1194 ἕκαστον
3542 1141 3625 1209 'szp'
3641 1143 3769 1195 ἐαυ-

2191 1231 2284 1284 τοῦ
2322 1231 2460 1284 κατά
2501 1249 2622 1285 τινα
2657 1231 2961 1296 ἰδιάζουσαν
3007 1231 3213 1283 ἔννοιαν
3245 1234 3363 1293 ταῖς
3408 1233 3769 1300 σημαντικαίς

2194 1322 2395 1391 φωναῖς
2411 1319 2809 1388 ἐξαγγέλλεται.
2828 1319 2998 1373 Παντὶ
3012 1318 3190 1372 τοίνυν
3205 1319 3447 1388 ὀνόματι,
3464 1317 3541 1387 τῷ
3560 1336 3623 1388 ση
3633 1335 3739 1387 μαν
3750 1348 3769 1357 ο

2191 1412 2325 1483 τικῷ
2351 1413 2451 1482 τῆς
2484 1410 2819 1483 θεοπρεποῦς
2864 1412 3185 1482 ὑπολήψεως
3214 1451 3229 1475 ,
3266 1412 3440 1477 ἔξεστι
3466 1411 3767 1482 συμπλέξαι

2193 1505 2289 1574 τὴν
2320 1504 2695 1574 ὲπινοηθεῖσαν
2721 1503 2873 1575 παρά
2908 1502 3003 1557 τοῦ
3035 1503 3303 1574 Εὐνομίου
3345 1504 3491 1556 κατά
3518 1505 3579 1556 τὸ
3606 1504 3765 1556 ἀλλὰ·

2192 1612 2345 1648 κοτον
2374 1594 2663 1663 συζυγίαν·
2694 1589 2827 1657 οἷον,
2858 1594 2921 1647 τὸ
2949 1594 3110 1648 ἆῦλόν
3136 1611 3194 1646 τε
3218 1595 3311 1646 καὶ
3343 1594 3631 1664 ἀόργητον,
3662 1595 3767 1664 ἁμ-

2193 1687 2393 1758 φότερα
2423 1686 2634 1753 λέγεται
2679 1686 2807 1755 περὶ
2848 1683 2945 1755 τὴν
2985 1684 3134 1738 θείαν
3179 1683 3342 1754 ζωὴν,
3382 1682 3498 1760 ἀλλ’
3533 1685 3591 1736 ού
3625 1683 3765 1736 κατὰ

2196 1782 2294 1849 τῆς
2322 1780 2489 1849 αὐτῆς
2516 1779 2751 1842 διανοίας
2779 1778 3054 1847 ἑκάτερον.
3092 1778 3164 1829 Tb
3196 1778 3295 1847 μὲν
3316 1777 3425 1847 γὰρ
3445 1776 3767 1847 καθαρεύειν

2198 1872 2385 1940 ὑλικῆς
2430 1870 2709 1940 ἐπιμιξίας
2743 1870 2803 1922 τὸ
2844 1869 3033 1933 Θεῖον,
3092 1868 3181 1920 διὰ
3227 1869 3324 1937 τῆς
3365 1867 3528 1921 ἀΰλου
3558 1868 3764 1930 ἐννοίας

2198 1964 2519 2032 ὲνοήσαμεν.
2586 1961 2674 2015 Ἑν
2707 1961 2765 2014 δὲ
2812 1960 2889 2029 τῷ
2932 1961 3246 2032 ἀοργήτῳὴ
3286 1960 3631 2029 ἀλλοτρίωσις
3666 1961 3761 2012 τοῦ

2198 2057 2337 2109 κατὰ
2368 2054 2467 2126 τὴν
2507 2054 2675 2124 ὀργὴν
2724 2053 2929 2115 πάθους
2964 2053 3300 2123 σημαίνεται.
3359 2052 3762 2123 Ἐπιδραμεῖται

2196 2149 2372 2204 τοίνυν
2395 2147 2488 2201 καὶ
2507 2147 2737 2212 τούτοις,
2762 2146 2901 2199 κατά
2930 2146 2989 2199 τὸ
3018 2146 3190 2207 εἰκὸς,
3224 2148 3251 2198 ὁ
3274 2145 3551 2214 Εὐνόμιος.
3589 2145 3678 2196 καὶ
3704 2143 3765 2195 τὸ

2195 2239 2312 2295 ἴσον
2340 2245 2397 2294 εν
2427 2244 2537 2304 τοῖς
2566 2240 2874 2311 εἰρημένοις
2914 2240 3219 2309 ὀρχήσεται.
3273 2238 3429 2303 Λέξει
3477 2236 3585 2307 γὰρ
3622 2237 3764 2288 κατὰ

2197 2335 2286 2387 τὸν
2314 2334 2473 2387 αὐτὸν
2518 2332 2708 2404 εἱρμὸν
2757 2333 2854 2400 τὴν
2882 2330 3108 2384 ἀτοπίαν
3144 2328 3501 2399 συμπλέκωψ
3535 2326 3596 2379 Εἰ
3629 2326 3764 2378 καθὸ

2198 2426 2523 2498 κεχώρισται
2571 2425 2671 2493 τῆς
2728 2423 2919 2492 ὑλικῆς
2973 2421 3282 2491 ἐπιμιξίας,
3325 2420 3486 2482 άῦλος
3525 2419 3773 2486 λέγεται,

2198 2520 2339 2571 κατά
2362 2516 2518 2569 τοῦτο
2546 2516 2644 2568 οὑκ
2670 2514 2820 2567 ἔσται
2854 2515 3142 2583 ἀόργητος,
3172 2513 3265 2565 καὶ
3290 2514 3338 2563 εἰ
3382 2511 3460 2581 τῷ
3491 2510 3565 2580 μὴ
3598 2526 3765 2580 προσ-

2203 2608 2376 2662 ίεσθαι
2395 2608 2491 2679 τὴν
2521 2607 2690 2678 ὀργήν
2719 2607 2865 2657 ἐστιν
2898 2605 3184 2674 ἀόργητος,
3221 2603 3400 2656 οὐκέτι
3426 2603 3646 2655 δυνατὸν
3676 2603 3762 2654 ἐπ’

2198 2702 2360 2756 αὐτοῦ
2388 2700 2763 2771 ὁμολογεῖσθαι
2791 2699 2850 2753 τὸ
2877 2699 3054 2761 ἇῡλον,
3083 2697 3218 2751 ἀλλά
3239 2698 3376 2750 κατὰ
3398 2698 3578 2750 πᾶσαν
3600 2695 3766 2763 ἀνάγ-

2201 2810 2302 2863 κην
2334 2794 2390 2845 ὲν
2428 2792 2529 2862 μὲν
2554 2791 2631 2861 τῷ
2669 2790 2989 2861 καθαρεύειν
3018 2788 3165 2861 ὕλης.
3205 2789 3364 2851 ἄῦλος
3391 2787 3523 2858 ὁμοῦ
3555 2787 3645 2839 καὶ
3673 2787 3769 2855 ὀρ-

2198 2886 2346 2951 γίλος
2371 2881 2830 2952 ἀναδειχθήσεται,
2859 2884 2916 2933 ὲν
2944 2880 3001 2932 δὲ
3028 2878 3103 2949 τῷ
3126 2879 3222 2949 τὴν
3245 2879 3422 2948 ὀργὴν,
3449 2878 3520 2947 μὴ
3555 2877 3767 2947 apocris-

2202 2976 2344 3037 σθαι,
2374 2974 2637 3045 ἀόργητός
2667 2991 2726 3026 τε
2764 2975 2858 3026 καὶ
2888 2972 3067 3035 ύλικὸς
3100 2970 3239 3024 κατά
3258 2971 3450 3024 ταύτὸν
3483 2969 3767 3039 εὑρεθήσε-

2199 3087 2321 3122 ται·
2380 3068 2548 3131 οὕτως
2589 3066 2683 3119 καὶ
2731 3066 2821 3117 ἐπὶ
2863 3064 2971 3118 τῶν
3009 3063 3181 3117 ἄλλων
3236 3065 3486 3135 εὑρήσεις
3527 3063 3765 3116 πάντων.

2199 3162 2309 3217 Καὶ
2337 3162 2385 3212 εί
2422 3160 2588 3222 δοκεῖ,
2627 3155 2916 3228 προθῶμεν
2963 3156 3155 3226 ὲτέραν
3196 3154 3454 3223 συζυγίαν
3487 3155 3768 3224 ὀνομάτων

2197 3250 2468 3320 τοιαύτην,
2504 3249 2565 3301 τὸ
2609 3248 2871 3318 ἄτρεπτον
2917 3245 3058 3313 λέγω
3086 3246 3178 3299 καὶ
3204 3245 3265 3298 τὸ
3296 3244 3602 3315 ἀσώματον.
3643 3245 3774 3298 Τῶν

2196 3342 2304 3413 γὰρ
2328 3340 2420 3393 δύο
2442 3339 2641 3393 τούτων
2667 3339 2945 3409 ὀνομάτων
2967 3338 3227 3408 ἑκατέρου
3247 3335 3385 3390 κατά
3408 3336 3505 3408 τὴν
3535 3337 3765 3401 ἰδιάζουο

2199 3451 2297 3487 σαν
2332 3433 2564 3503 ἔμφασιν
2593 3432 2684 3483 ἐπὶ
2712 3432 2809 3500 τῆς
2853 3430 3002 3494 θείας
3030 3430 3335 3501 λεγομένων
3368 3429 3533 3500 ζωῆς,
3567 3431 3768 3499 ὁμοίως

2197 3525 2289 3576 καὶ
2316 3524 2400 3575 ἐπ’
2449 3521 2623 3574 αὐτῶν
2657 3523 2691 3592 ἡ
2737 3519 2831 3574 τοῦ
2859 3521 3125 3591 Εὑνομίου
3175 3520 3335 3590 σοφία
3366 3521 3765 3575 κατασκευάσει

2195 3615 2292 3685 τὴν
2320 3615 2566 3668 ἀτοπίαν.
2631 3613 2693 3667 Εἰ
2718 3616 2824 3685 γὰρ
2854 3614 2915 3667 τὸ
2955 3615 3039 3667 ἀεί
3072 3612 3332 3676 ὡσαύτως
3363 3612 3483 3683 ἔχον
3510 3617 3574 3684 τῇ
3613 3618 3764 3685 φωνῇ

2194 3705 2287 3761 τοῦ
2309 3705 2575 3777 ἀτρέπτου
2609 3705 2951 3776 σημαίνεται,
2996 3705 3090 3757 καὶ
3119 3705 3181 3757 τὸ
3224 3704 3407 3776 νοερὸν
3432 3705 3531 3774 τῆς
3554 3705 3763 3767 οὐσίας,

2194 3801 2227 3869 ἡ
2256 3799 2346 3851 τοῦ
2377 3798 2667 3868 ἀσωμάτου
2694 3798 3031 3867 προσηγορία
3066 3797 3413 3867 παρίστησιν.
3465 3797 3609 3868 Ἐρεί
3629 3797 3765 3851 πάν·-

2192 3907 2299 3953 τως
2329 3890 2398 3943 τὰ
2430 3889 2568 3943 αὐτὰ
2596 3889 2689 3941 καὶ
2729 3889 2821 3941 ἐπὶ
2856 3889 3060 3942 τούτων
3107 3892 3135 3943 ὁ
3164 3889 3443 3961 Εὑνόμιος,
3471 3890 3553 3942 ὅτι
3582 3888 3761 3958 ἀσύμ-

2194 3982 2334 4035 ϐατά
2364 3983 2480 4034 ἐστι
2513 3982 2606 4035 καὶ
2648 3980 2923 4051 ἀλλότρια,
2963 3980 3059 4033 καὶ
3087 3981 3459 4051 ἀκοινωνήτως
3491 3980 3601 4051 ἔχει
3628 3981 3764 4051 πρὸς

2191 4072 2394 4143 ἄλληλα
2421 4072 2490 4126 τά
2520 4075 2630 4135 τοῖς
2661 4071 2919 4142 ὀνόμασιν
2959 4072 3367 4143 ὲνθεωρούμενα
3388 4074 3605 4136 τούτοις
3644 4078 3766 4137 νοήο

2194 4181 2358 4234 ματα.
2424 4164 2510 4216 Ἐν
2562 4164 2660 4234 μὲν
2708 4163 2818 4234 γὰρ
2850 4162 2927 4233 τῷ
2965 4162 3193 4216 πάντοτε
3228 4163 3487 4227 ὡσαύτως
3529 4164 3674 4235 ἔχειν
3702 4165 3764 4218 τὸ

2190 4255 2342 4308 Θεῖον
2362 4295 2376 4316 ,
2417 4255 2576 4325 μόνον
2608 4256 2874 4326 ἄτρεπτον
2900 4254 3049 4308 ἔσται
3078 4255 3171 4308 καὶ
3199 4256 3297 4308 οὐκ
3325 4255 3639 4326 ἀσώματον·
3705 4258 3765 4309 ἐν

2191 4349 2247 4401 δὲ
2270 4347 2347 4418 τῷ
2375 4347 2545 4419 νοερῷ
2568 4366 2626 4400 τε
2653 4349 2745 4401 καὶ
2767 4348 2934 4401 ἀειδεί
2968 4348 3066 4418 τῆς
3087 4349 3294 4411 οὐσίας,
3317 4349 3378 4400 τὸ
3409 4349 3504 4418 μὲν
3533 4349 3761 4417 ἀσώμα-

517 4429 604 4483 his
636 4427 958 4496 Eunomius,
992 4435 1139 4501 quod
1169 4434 1437 4490 dissident
1466 4445 1518 4489 et
1557 4436 1733 4490 aliena
1789 4448 1917 4493 sunt
1963 4440 2086 4493 nul-

2193 4458 2279 4493 τον
2317 4440 2447 4510 ἔχει,
2498 4439 2593 4492 τοῦ
2633 4440 2689 4492 δὲ
2724 4440 2994 4511 ἀτρέπτου
3038 4439 3404 4511 κεχώρισταιο
3453 4441 3590 4494 ὥστε
3622 4459 3763 4513 συμ-

518 4524 733 4592 lamque
752 4523 895 4577 inter
916 4540 974 4579 se
993 4528 1429 4582 communionem
1454 4537 1507 4582 et
1531 4530 1845 4584 societatem
1866 4531 2089 4601 habent,

520 4626 645 4681 qua:
684 4612 737 4664 in
785 4612 871 4667 his
907 4614 1221 4669 nominibus
1244 4618 1683 4683 considerantur,
1717 4620 1993 4674 notiones.
2031 4622 2090 4674 In

514 4718 581 4755 eo
613 4703 757 4756 enim
797 4705 944 4772 quod
974 4722 1173 4760 numen
1196 4707 1384 4762 eodem
1412 4708 1573 4762 modo
1605 4725 1664 4764 se
1692 4710 1876 4773 habet,
1914 4712 2087 4765 solum

516 4792 854 4848 immutabile
871 4796 974 4848 erit
994 4804 1047 4849 et
1069 4810 1178 4848 non
1210 4795 1590 4865 incorporeum
1617 4817 1632 4863 -,
1656 4798 1711 4852 in
1740 4799 2089 4855 intellectuali

517 4902 646 4940 vero
694 4897 747 4942 et
798 4887 1019 4942 informi
1064 4890 1325 4953 essentia,
1364 4889 1508 4957 quod
1562 4892 1945 4959 incorporeum
1997 4902 2081 4948 est

2191 4533 2416 4597 ϐαίνειν,
2448 4535 2575 4586 ὅταν
2611 4535 2709 4603 μὲν
2741 4535 2802 4586 τὸ
2838 4533 3191 4586 ἀναλλοίωτον
3221 4534 3313 4586 ἐπὶ
3335 4534 3435 4603 τῆς
3456 4534 3605 4597 θείας
3629 4534 3765 4588 θεω-

2192 4628 2364 4695 ρεῖται
2412 4623 2578 4693 ζωῆς,
2634 4623 2771 4694 μετὰ
2810 4623 2905 4677 τοῦ
2958 4625 3225 4694 ἀτρέπτου
3268 4626 3361 4678 καὶ
3406 4626 3563 4695 σῶμα
3593 4627 3764 4696 αὐτὴν

2189 4711 2327 4768 εἶναι
2362 4713 2894 4776 κατασκευάζεσθαιο
2952 4715 3080 4767 ὅταν
3112 4716 3168 4767 δὲ
3202 4715 3263 4767 τὸ
3295 4716 3477 4787 νοερὸν
3507 4716 3764 4785 ἐξετάζη-

2187 4826 2296 4872 ται,
2351 4807 2485 4877 ὁμοῦ
2534 4824 2593 4860 τε
2642 4806 2928 4877 ἀσώματον
2973 4808 3143 4880 αὐτὴν
3176 4805 3337 4875 εἶναι,
3380 4811 3473 4864 καὶ
3524 4811 3765 4881 τρεπτὴν

2188 4897 2534 4968 διορίζεσθαι.

517 4978 697 5043 habet,
750 4982 820 5035 ab
877 4982 1201 5036 immutabili
1257 4995 1437 5035 autem
1486 4993 1796 5052 separatum
1875 4996 2001 5042 est:
2072 4992 2146 5045 ita
2184 5003 2243 5047 ut
2279 4991 2646 5060 cumquide
2674 4993 2818 5060 quod
2862 4994 3198 5048 immutabile
3222 5004 3307 5050 est
3337 4998 3391 5050 in
3426 4999 3608 5051 divina
3649 5003 3762 5055 vita

513 5072 918 5140 consideratur,
957 5089 1081 5127 cum
1115 5076 1438 5129 immutabili
1489 5076 1702 5130 accidat
1728 5078 1901 5147 ipsam
1926 5083 2089 5136 etiam
2124 5099 2326 5154 corpus
2375 5098 2498 5138 esse
2543 5085 2751 5149 astrui;
2797 5101 2919 5139 cum
2950 5101 3083 5140 vero
3149 5087 3513 5146 intellectuale
3572 5094 3763 5163 exqui-

515 5164 677 5227 ritur,
725 5166 839 5219 sive
884 5166 1030 5235 quod
1074 5182 1101 5217 a
1139 5167 1365 5220 materia
1396 5167 1731 5222 abstractum
1771 5180 1876 5234 est,
1923 5174 2088 5229 simul
2126 5192 2245 5232 esse
2287 5176 2665 5245 incorporeum
2712 5187 2766 5230 et
2812 5178 3124 5234 mutabilem
3174 5181 3406 5237 deﬁniri.

584 5253 709 5309 Haec
751 5266 878 5309 sunt
907 5254 1156 5309 Eunomii
1196 5257 1356 5310 docta
1391 5267 1582 5311 contra
1620 5261 1904 5315 veritatem
1932 5278 2084 5317 com-

512 5353 713 5400 menta.
764 5345 903 5411 Quid
951 5348 1094 5401 enim
1148 5363 1286 5416 opus
1331 5356 1414 5402 est
1453 5350 1634 5402 omnia
1667 5364 2081 5421 persequentem

512 5437 568 5490 in
626 5440 912 5508 nugatoria
968 5440 1287 5510 garrulitate
1332 5442 1651 5509 producere,
1707 5444 1974 5514 siquidem
2028 5446 2081 5499 in

510 5531 767 5586 omnibus
814 5533 1046 5587 similem
1081 5533 1221 5587 hanc
1272 5534 1395 5587 licet
1426 5536 1719 5589 amentiam
1763 5546 1817 5591 et
1853 5538 2082 5593 rationis

508 5624 779 5680 defectum
816 5629 1063 5697 praestrui
1111 5628 1440 5683 observare?
1479 5628 1690 5684 Etenim
1728 5642 1781 5686 et
1809 5633 1952 5702 quod
1988 5649 2079 5688 ve-

510 5728 655 5782 rum,
697 5724 748 5773 et
794 5718 936 5787 quod
971 5718 1203 5787 justum,
1234 5719 1483 5776 similiter
1515 5720 1654 5776 inter
1684 5736 1743 5777 se
1775 5722 2074 5778 secundum

2255 5266 2438 5317 Ταῦτα
2466 5265 2560 5317 τοῦ
2596 5267 2858 5337 Εὐνομίου
2909 5268 2977 5320 τὰ
3026 5271 3163 5335 σοφά
3198 5273 3335 5326 κατὰ
3364 5274 3464 5342 τῆς
3503 5275 3763 5346 ἀληθείας

2183 5359 2488 5428 εὑρήματα.
2548 5358 2613 5409 Τί
2647 5358 2755 5427 γὰρ
2786 5360 2866 5411 δεῖ
2898 5362 3060 5413 πᾶσιν
3091 5363 3370 5428 ἐπεξιόντα
3413 5369 3761 5435 παρατείνειν

2182 5450 2240 5501 ὲν
2261 5448 2545 5519 ἀδολεσχίᾳ
2572 5448 2663 5501 τὸν
2689 5449 2874 5517 λόγον;
2911 5452 3066 5504 Ἔστι
3085 5453 3193 5522 γὰρ
3211 5455 3408 5523 ὁμοίως
3434 5458 3523 5509 ἐπὶ
3542 5458 3761 5511 πάντων

2180 5540 2279 5609 τὴν
2327 5541 2545 5609 ἀλογίαν
2584 5542 2785 5611 ταύτην
2837 5544 3384 5615 κατασκευαζομένην
3436 5547 3756 5599 θεάσασθαι·

2187 5630 2280 5682 καὶ
2310 5629 2417 5703 γὰρ
2444 5634 2537 5683 καὶ
2572 5632 2631 5683 τὸ
2657 5632 2907 5701 ἀληθινὸν
2935 5634 3027 5685 καὶ
3054 5636 3114 5687 τὸ
3153 5636 3357 5689 δίκαιον
3383 5639 3579 5707 ὁμοίως
3602 5638 3759 5708 ἀλλή‹

2186 5722 2293 5785 λοις
2344 5726 2483 5777 κατά
2524 5724 2622 5791 τὴν
2668 5724 3038 5794 προλαϐοῦσαν
3083 5726 3285 5798 πλοκὴν
3331 5727 3751 5798 μαχεσθήσεταε.
