4146 6386
398 330 542 390 10εό

1442 325 1724 385 CONTRA
1761 323 2146 392 EUNOMIUM,
2185 325 2316 380 LIB.
2357 325 2474 382 ΧΠ.

3504 325 3650 382 i086

403 455 568 507 ’Δλλο
595 451 704 522 γὰρ
734 452 833 522 τῆς
865 450 1152 522 ἀληθείας,
1196 449 1291 505 καὶ⁵
1331 424 1516 523 ἕτερον
1547 451 1640 504 τοῦ
1673 450 1880 504 δικαίου
1911 450 1972 503 τὸ

2082 451 2472 520 praecedentem
2519 449 2860 520 complexum
2911 448 3254 520 pugnabunt.
3289 445 3451 501 Aliud
3495 449 3641 503 enim

403 545 800 617 σημαινόμενον
817 585 833 610 ,
867 542 1008 597 ὥστε
1053 545 1228 596 εἰπεῖν
1265 543 1330 597 ἂν
1356 545 1421 596 ἐκ
1445 543 1536 597 τοῦ
1561 543 1850 597 ἀκολούθου
1878 543 1970 595 καὶ

401 636 530 709 περὶ
561 633 768 687 τούτων
806 632 1095 702 Εὐνόμιον,
1130 631 1208 703 τῷ
1239 633 1336 703 μὲν
1365 632 1555 703 δικαίῳ
1574 633 1636 685 τὸ
1662 631 1860 701 ἀληθὲς
1893 630 1968 702 μὴ

401 729 697 799 παρεῖναι,
749 727 816 796 τῇ
865 724 921 777 δὲ
967 724 1193 795 ἀληθείᾳ
1230 724 1432 778 λείπειν
1483 725 1543 778 τὸ
1574 725 1815 778 δίκαιον·
1879 725 1974 777 καὶ

404 818 753 888 συμϐαίνειν,
803 817 930 869 ὅταν
961 815 1022 867 τὸ
1068 815 1165 886 τῆς
1197 814 1406 878 ἀδικίας
1432 814 1709 886 ἀλλότριον
1742 815 1834 868 ἐπὶ
1877 813 1972 867 τοῦ

403 906 539 960 Θεοῦ
568 923 651 969 τις
687 903 980 975 λογίςηται,
999 905 1203 958 δίκαιον
1236 905 1329 958 καὶ
1348 904 1542 974 ψευδὲς
1571 899 1786 958 εἶναιτὸ
1821 903 1975 957 Θεῖον

405 997 546 1051 κατά
577 996 771 1049 ταύτὸν
791 995 1205 1064 ἀποφαίνεσθαι.
1253 994 1378 1048 Ἐὰν
1405 994 1461 1048 δὲ
1483 995 1581 1064 τὴν
1608 995 1742 1066 πρὸς
1764 995 1824 1048 τὸ
1843 994 1976 1065 ψεῦ-

403 1088 491 1150 δος
519 1087 682 1141 αὐτοῦ
729 1087 1076 1159 ἀλλοτρίωσιν
1109 1086 1470 1157 λογιζώμεθα,
1510 1087 1707 1158 ἀληθὲς
1739 1086 1855 1156 ἅμα
1881 1087 1976 1139 καὶ

403 1179 587 1233 ἄδικον
620 1179 1045 1244 κατασκευάζειν
1076 1179 1137 1233 τὸ
1167 1179 1339 1233 Θεῖον.
1401 1178 1586 1243 Οὕτως
1631 1179 1694 1232 τὸ
1729 1179 1974 1249 ἀόρατον,

402 1268 578 1331 οὕτως
624 1270 684 1322 τὸ
731 1270 1156 1341 ἀσχημάτιστον.
1212 1269 1458 1336 Ἐξέσται
1502 1271 1611 1342 γὰρ
1649 1271 1736 1325 διὰ
1773 1271 1978 1324 τούτων

405 1360 546 1414 κατά
570 1355 670 1428 τὴν
690 1356 1041 1429 ὁμοιότροπον
1061 1355 1432 1429 προεκτεθεῖσι
1455 1355 1666 1427 σοφίαν,
1692 1359 1827 1432 μήτε
1842 1357 1979 1429 ἐντῷ

403 1452 796 1523 ἀσχηματίστῳ
825 1451 890 1505 τὸ
920 1452 1149 1522 ἀόρατον
1181 1448 1315 1505 εἶναι
1359 1449 1571 1520 λέγειν,
1637 1453 1772 1524 μήτε
1817 1453 1874 1506 ἐν
1899 1452 1978 1524 τῷ

405 1545 624 1619 ἀοράτῳ
662 1543 840 1613 λέγειν
882 1545 942 1598 τὸ
974 1545 1399 1616 ἀσχημάτιστον.
1455 1544 1615 1598 Ἀλλά
1646 1544 1724 1616 τῷ
1753 1545 1850 1614 μὲν
1885 1546 1976 1598 ἀο-

408 1640 556 1710 ράτῳ
598 1636 892 1709 συμπλέξει
917 1636 980 1689 τὸ
1025 1636 1232 1706 σχῆμα,
1276 1636 1469 1708 ὁρατὸν
1500 1635 1557 1689 δὲ
1597 1635 1686 1688 διὰ
1716 1636 1815 1705 τῆς
1846 1636 1978 1689 ἀνα-

406 1731 645 1801 στροφῆς
683 1727 1079 1784 κατασκευάσει
1114 1727 1173 1782 τὸ
1201 1727 1627 1799 ἀσχημάτιστον.
1675 1726 1860 1780 Ταῦτα
1883 1727 1977 1780 καὶ

2071 541 2343 607 veritatis,
2389 548 2445 595 et
2474 540 2622 595 aliud
2659 541 2794 610 justi
2823 539 3211 608 signiﬁcatum,
3238 538 3314 592 ita
3355 545 3416 592 ut
3458 537 3646 594 Euno—

2074 631 2217 686 mins
2258 647 2324 686 ex
2381 631 2774 700 consequentia
2824 630 2988 684 etiam
3033 628 3101 684 de
3147 629 3233 684 his
3279 628 3446 695 dicat,
3493 628 3648 699 justo

2073 722 2292 791 quidem
2315 737 2504 776 verum
2529 737 2638 776 non
2668 721 2882 783 adesse.
2922 735 2951 774 a
2983 721 3210 774 veritate
3243 727 3424 774 autem
3455 719 3648 776 abesse

2073 814 2315 884 justum;
2361 821 2416 868 et
2457 814 2796 884 contingere,
2848 820 2906 866 ut
2935 827 3059 866 cum
3097 811 3242 882 quod
3287 812 3358 868 ab
3381 811 3646 884 injustitia

2075 914 2158 959 est
2189 905 2448 970 alienum,
2497 906 2554 960 in
2596 903 2708 960 Deo
2757 906 2884 976 quis
2913 905 3134 977 cogitat,
3171 907 3380 976 justum
3412 915 3467 962 et
3503 922 3650 961 men-

2075 997 2265 1051 dacem
2297 997 2467 1053 Deum
2498 1013 2622 1054 esse
2648 998 2837 1054 eodem
2870 998 3030 1053 modo
3059 998 3396 1069 pronuntiet.
3431 998 3488 1052 Si
3517 1014 3650 1053 vero

2077 1104 2107 1142 a
2137 1089 2421 1144 mendacio
2448 1090 2832 1145 alienationem
2863 1090 2984 1161 ejus
3009 1089 3419 1156 ratiocinemur,
3450 1105 3642 1146 verum

2076 1179 2240 1234 simul
2278 1189 2334 1236 et
2366 1182 2631 1249 injustum
2667 1179 2836 1237 Deum
2867 1190 3202 1238 astruamus.
3233 1181 3326 1236 Sic
3353 1183 3647 1246 invisibiie,

2077 1269 2158 1325 sic
2197 1271 2342 1340 quod
2397 1272 2582 1343 ﬁgurae
2615 1279 2700 1327 est
2733 1287 2949 1343 expers.
2980 1271 3189 1327 Licebit
3231 1272 3377 1327 enim
3412 1287 3508 1341 per
3537 1273 3652 1326 haec

2077 1361 2382 1416 secundum
2429 1363 2662 1418 similem
2713 1362 2801 1418 bis
2847 1377 2971 1433 quae
3013 1363 3168 1435 prius
3197 1363 3444 1434 exposita
3497 1371 3649 1426 sunt,

2078 1453 2404 1522 sapientiam
2464 1453 2667 1518 dicere,
2716 1469 2894 1524 neque
2943 1453 2995 1509 ei
3045 1454 3192 1523 quod
3244 1454 3418 1525 ﬁgura
3474 1461 3650 1518 caret,

2077 1544 2353 1601 invisibile
2376 1545 2593 1613 inesse;
2628 1562 2805 1617 neque
2843 1546 3046 1601 visibili
3077 1546 3221 1617 quod
3258 1545 3433 1615 ﬁgura
3479 1553 3651 1601 caret.

2080 1633 2186 1690 Sed
2247 1636 2466 1706 quidem
2530 1641 2588 1694 in
2636 1637 2900 1692 invisibili
2956 1639 3190 1709 ﬁguram
3235 1638 3651 1708 complectetur,

2080 1728 2300 1784 visibile
2356 1739 2538 1784 autem
2598 1744 2696 1800 per
2743 1728 3010 1798 ejusmodi
3066 1729 3460 1796 inversionem,
3509 1729 3653 1798 quod

407 1823 501 1875 ἐπὶ
527 1822 730 1876 τούτων
750 1821 938 1886 εἰπὼν,
965 1821 1001 1876 ἀ
1025 1821 1153 1890 περὶ
1183 1820 1278 1873 τοῦ
1303 1819 1582 1891 ἀφθάρτου
1610 1835 1670 1872 τε
1698 1820 1792 1872 καὶ
1815 1819 1980 1890 ἀνάρ-

2083 1820 2268 1889 ﬁgurae
2313 1829 2401 1875 est
2441 1834 2656 1889 expers,
2707 1828 3008 1876 construct.
3064 1820 3191 1875 Haec
3243 1823 3406 1877 etiam
3453 1822 3519 1876 de
3568 1820 3654 1875 his

407 1929 504 1982 χου
537 1912 969 1982 ἐτεχνολόγησεν,
995 1912 1098 1976 ὅτι,
1128 1911 1297 1964 Ὅταν
1320 1910 1382 1964 τὸ
1399 1908 1689 1963 ἀσύνθετον
1713 1908 1812 1979 τῆς
1832 1908 1980 1971 θείας

408 2003 554 2073 ζωῆς
569 2003 927 2074 λογιζώμεθα,
943 2002 1346 2075 ἀσχημάτιστον
1375 2001 1475 2073 μὲν
1502 2000 1672 2071 αὐτὴν
1692 1999 1982 2072 ὁμολογοῦ-

411 2115 530 2170 μεν,
552 2097 610 2148 οὐ
637 2098 742 2168 μὴν
766 2099 859 2150 καὶ
881 2098 1130 2167 ἀόρατον.
1167 2097 1278 2149 Καὶ
1297 2097 1422 2149 ὃταν
1449 2111 1514 2147 πε
1525 2093 1576 2164 pl
1597 2093 1692 2146 τοῦ
1720 2093 1793 2164 μὴ
1823 2093 1983 2146 δύνα-

412 2194 534 2245 σθαι
556 2193 881 2262 σωματικοῖς
896 2189 1190 2258 ὀφθαλμοῖς
1207 2187 1299 2240 τὸν
1314 2186 1446 2240 Θεὸν
1470 2186 1596 2239 ἰδεῖν
1618 2187 1980 2256 ἐννοήσωμεν,

405 2282 470 2337 τὸ
495 2285 721 2356 ἀόρατον
759 2283 905 2352 αὐτῷ
959 2284 1434 2351 συγχωρήσαντες,
1476 2278 1536 2331 τὸ
1561 2277 1667 2342 ἔξω
1707 2279 1982 2349 σχήματος

408 2371 546 2429 εἶναι
569 2377 628 2429 οὐ
662 2374 1054 2445 συνθησόμεθα.
1095 2374 1160 2428 El
1188 2372 1245 2425 δὲ
1266 2371 1442 2425 ταῦτα
1475 2369 1856 2438 καταγέλαστα
1878 2371 1982 2423 πᾶ-

411 2484 496 2520 σιν
530 2467 730 2538 ὁμοίως
773 2467 921 2520 δοκεῖ
960 2466 1052 2520 καὶ
1086 2464 1310 2535 ἀνόητα,
1359 2463 1494 2516 πολὺ
1533 2462 1732 2532 μᾶλλον
1761 2463 1983 2515 ἐκείνων

409 2560 507 2632 τὴν
531 2559 762 2613 ἀτοπίαν
792 2561 820 2613 ὁ
850 2558 972 2612 νοῦν
1004 2557 1141 2628 ἔχων
1171 2555 1632 2626 καταψηφίσεται,
1673 2554 1794 2607 ὃθεν
1817 2555 1984 2626 ὁρμη·

411 2651 524 2715 θεὶς
547 2653 576 2705 ὁ
615 2651 773 2720 λόγος
815 2651 907 2703 ἐπὶ
953 2650 1124 2703 ταῦτα
1162 2648 1227 2702 δι’
1279 2646 1572 2700 ἀκολούθου
1619 2647 1719 2717 τὴν
1757 2647 1982 2700 ἀτοπίαν

410 2743 743 2813 προήγαγεν.
789 2741 926 2794 Ἀλλ’
953 2740 1381 2810 ἐπιλαμϐάνεται
1412 2739 1511 2810 τῆς
1538 2736 1633 2791 τοῦ
1665 2738 1982 2792 διδασκάλου

411 2834 616 2904 φωνῆς,
644 2834 719 2896 ώς
752 2834 812 2887 οὐ
845 2834 1073 2897 δεόντως
1101 2834 1160 2885 ἐν
1188 2831 1266 2903 τῷ
1296 2831 1636 2901 ἀτελευτήτῳ
1674 2829 1982 2899 θεωρούσης

408 2925 472 2978 τὸ
495 2925 788 2996 ἄφθαρτον,
813 2927 908 2978 καὶ
939 2928 996 2978 ἐν
1026 2924 1103 2996 τῷ
1129 2923 1389 2994 ἀφθάρτῳ
1419 2920 1644 2992 νοούσης
1673 2920 1735 2974 τὸ
1764 2919 1982 2973 ἀτελεύ-

409 3037 593 3090 τητον.
625 3018 832 3072 Οὐκοῦν
863 3018 924 3070 τὸ
965 3017 1342 3088 παραπλήσιον
1369 3017 1435 3086 τῇ
1474 3014 1722 3084 ἀγχινοίᾳ
1750 3012 1843 3066 τοῦ
1880 3011 1982 3065 Εὐ-

2081 1927 2207 1966 cum
2263 1911 2484 1977 dixerit,
2533 1927 2653 1983 quae
2705 1912 2774 1966 de
2824 1912 3224 1982 incorruptibili
3274 1921 3328 1967 et
3386 1912 3655 1982 principio

2081 2010 2305 2056 carente
2354 2003 2700 2071 excogitavit.
2758 2002 2956 2068 Quod,
3007 2005 3226 2074 quando
3278 2003 3477 2058 divinae
3531 2002 3656 2056 vita:

2082 2092 2226 2160 quod
2252 2101 2332 2146 est
2361 2092 2734 2147 inconcretum
2771 2095 2979 2149 ratione
2999 2094 3452 2164 contemplamur,
3479 2093 3654 2163 ipsam

2084 2181 2268 2252 ﬁgurae
2316 2192 2594 2252 expertem
2647 2186 2994 2248 conﬁtemur,
3027 2201 3136 2241 non
3186 2186 3314 2240 item
3349 2185 3657 2254 inaspecta-

2083 2271 2274 2326 bilem.
2324 2269 2392 2326 Et
2444 2287 2570 2327 cum
2610 2274 2974 2344 cogitabimus
3019 2275 3291 2330 neminem
3325 2273 3492 2329 Deum
3536 2289 3658 2329 cor-

2083 2363 2263 2431 poreis
2282 2363 2456 2418 oculis
2479 2363 2664 2420 videre
2689 2380 2872 2435 posse,
2898 2366 3172 2421 invisibile
3191 2366 3243 2421 ei
3269 2365 3654 2430 concedentes,

2081 2471 2236 2514 extra
2265 2459 2496 2530 ﬁguram
2531 2475 2654 2516 esse
2687 2476 2796 2514 non
2823 2462 3246 2517 consentiamus.
3283 2460 3438 2526 Quod
3469 2461 3517 2516 si
3545 2459 3660 2515 haec

2083 2551 2339 2607 omnibus
2381 2551 2614 2607 ridicula
2649 2551 2908 2607 videntur
2939 2553 3192 2608 similiter
3223 2562 3278 2608 et
3308 2569 3338 2606 a
3389 2561 3570 2609 mente
3606 2562 3660 2607 et

2081 2648 2292 2700 ratione
2335 2644 2496 2699 devia
2534 2653 2589 2700 et
2634 2645 2832 2709 aliena,
2883 2648 3057 2700 multo
3103 2649 3278 2722 magis
3320 2648 3534 2701 illorum
3565 2647 3662 2702 ab—

2082 2737 2427 2801 surditatein,
2451 2739 2545 2809 qui
2571 2747 2750 2793 mente
2780 2740 2942 2802 valet,
2975 2755 3075 2794 suo
3111 2740 3370 2810 suffragio
3402 2740 3662 2794 condem-

2082 2829 2249 2894 nabit,
2274 2829 2419 2884 unde
2445 2829 2668 2884 incitata
2685 2830 2862 2884 oratio
2881 2830 2947 2886 ad
2969 2831 3082 2886 haec
3104 2847 3201 2901 per
3215 2833 3661 2887 consecutionem

2082 2919 2471 2974 absurditatem
2515 2920 2762 2974 adduxit.
2823 2921 2930 2976 Sed
2979 2922 3222 2978 doctoris
3268 2939 3455 2978 vocem
3510 2937 3662 2978 mor-

2081 3010 2237 3065 dicus
2284 3012 2482 3080 carpit,
2531 3011 2674 3080 quod
2723 3027 2832 3065 non
2874 3013 3263 3068 convenienter
3304 3012 3360 3067 in
3414 3027 3481 3068 eo
3513 3013 3662 3083 quod

411 3113 598 3182 νομίου
618 3111 711 3164 καὶ
734 3114 896 3182 ἡμεῖς
921 3110 1309 3180 γελοιάσωμεν.
1345 3107 1720 3176 Ἐξετάσωμεν
1749 3105 1854 3176 γὰρ
1883 3104 1980 3174 τὴν

2086 3102 2190 3157 ﬁne
2236 3112 2384 3157 caret
2436 3113 2645 3172 spectet
2691 3104 2839 3174 quod
2887 3113 2972 3159 est
3019 3105 3472 3175 incorruptibile;
3522 3113 3577 3159 et
3604 3105 3661 3159 in

409 3201 663 3273 τοιαύτην
683 3202 846 3256 αὑτοῦ
876 3202 1100 3272 γνώμην
1137 3202 1264 3271 περὶ
1302 3198 1410 3253 τῶν
1439 3196 1717 3268 ὀνομάτων
1753 3196 1976 3263 τούτων,

411 3292 536 3362 ἥτις
568 3292 732 3345 ἐστίν.

488 3653 664 3707 Ἄλλο
699 3671 754 3707 τι
805 3655 938 3723 φησι
989 3651 1069 3718 τῷ
1102 3654 1514 3723 σημαινομὲνῳ
1559 3655 1624 3709 τὸ
1665 3657 1984 3724 ἀτελεύτη-

412 3757 521 3795 τον
545 3738 696 3795 εἶναι
722 3742 880 3810 παρὰ
909 3741 976 3794 τὸ
1001 3741 1323 3811 ἄφθαρτον,
1354 3742 1392 3810 ἣ
1425 3741 1494 3796 ἐν
1525 3744 1598 3796 τὰ
1621 3742 1728 3797 δύο
1757 3745 1984 3813 συνθή-

412 3848 603 3886 σεται.
631 3833 857 3886 Ἀλυνεὶ
867 3831 985 3902 μὲν
1003 3831 1074 3885 ἐν
1094 3833 1395 3902 ἀμφότερα
1417 3833 1603 3902 λέγοι,
1616 3833 1697 3899 τῷ
1723 3834 1984 3903 ἡμετέρῳ

414 3923 848 3991 συναγορεύσω
861 3922 1106 3990 λόγῳΕὶ
1119 3922 1186 3975 δὲ
1207 3923 1360 3977 ἄλλο
1386 3921 1538 3989 φησι
1567 3924 1670 3978 τοῦ
1683 3924 1984 3993 ἀφθάρτου

414 4008 566 4067 εἶναι
580 4015 675 4067 καὶ
696 4013 898 4082 ἕτερον
906 4013 1013 4066 τοῦ
1027 4013 1424 4082 ἀτελευτήτου
1434 4013 1500 4065 τὸ
1516 4018 1980 4085 σημαινόμενον·

415 4102 644 4175 ἀνάγκη
667 4103 834 4159 πᾶσα
847 4104 944 4157 ἐπὶ
965 4104 1081 4157 τῶν
1091 4105 1420 4173 ἀλλοτρίως
1435 4104 1502 4173 ἐχ
1509 4107 1697 4160 όντων
1707 4109 1856 4175 πρὸς
1874 4109 1985 4162 ἀλ-

413 4199 594 4263 ληλα,
607 4194 693 4264 μὴ
708 4195 774 4249 τὸ
795 4195 938 4249 αὐτὸ
963 4191 1114 4249 εῖναι
1134 4194 1284 4249 κατά
1301 4194 1420 4262 τὴν
1439 4195 1692 4265 δύναμιν
1710 4196 1790 4261 τῷ
1810 4195 1986 4265 ἑτέρῳ

415 4287 482 4342 τὸ
500 4287 720 4356 ἓτερον.
747 4287 981 4341 Οὐκοῦν
1002 4290 1054 4341 εὶ
1068 4288 1226 4355 ἄλλη
1253 4288 1360 4341 τοῦ
1381 4287 1681 4356 ἀφθάρτου
1702 4290 1740 4357 ἠ
1761 4287 1982 4353 ἔννοια,

417 4379 514 4433 καὶ
532 4379 638 4433 τοῦ
655 4377 1055 4444 ἀτελευτήτου
1073 4378 1258 4432 πάλιν
1275 4377 1444 4447 ἑτέρα
1457 4423 1473 4444 ,
1491 4379 1589 4432 καὶ
1604 4379 1734 4433 ἐστι
1755 4381 1986 4434 τούτων

2084 3195 2486 3262 iacorruptibili
2537 3209 2646 3249 non
2697 3203 2845 3250 recte
2898 3196 3164 3266 intelligat
3217 3196 3361 3266 quod
3389 3197 3663 3251 inﬁnitum

2081 3289 2185 3337 est.
2247 3281 2394 3354 Ergo
2435 3284 2579 3352 quod
2633 3298 2741 3337 non
2795 3285 3046 3340 absimile
3076 3293 3160 3341 est
3191 3286 3260 3340 ab
3293 3284 3545 3340 Eunomii
3573 3301 3665 3341 so-

2083 3373 2276 3434 lertia,
2329 3388 2430 3428 nos
2479 3375 2645 3428 etiam
2700 3375 3007 3429 riserimus.
3074 3374 3463 3430 Examinemus
3519 3376 3664 3430 enim

2082 3465 2255 3536 ipsius
2289 3467 2616 3521 sententiam
2651 3466 2720 3523 de
2756 3467 2840 3522 his
2871 3468 3212 3534 nominibus,
3242 3484 3364 3539 quae
3405 3469 3530 3524 talis
3557 3481 3660 3525 est.

2152 3557 2316 3610 Aliud
2338 3557 2463 3626 quid
2515 3557 2694 3626 inquit
2739 3575 2830 3627 per
2851 3558 3209 3628 signiﬁcatum
3234 3559 3504 3627 inﬁnitum
3526 3577 3660 3624 esse,

2085 3647 2233 3700 aliud
2278 3647 2699 3716 incorruptibile,
2746 3648 2825 3702 vel
2862 3664 3025 3701 unum
3059 3647 3219 3702 ambo
3250 3648 3361 3702 [nec
3387 3666 3498 3704 esse
3529 3651 3662 3720 fate-

2085 3739 2246 3792 bitur.
2277 3737 2380 3793 Sed
2411 3741 2460 3792 si
2493 3756 2656 3793 unum
2686 3742 2839 3794 ambo
2879 3741 3045 3805 dicat,
3073 3751 3252 3796 nostro
3278 3743 3507 3796 sermoni
3531 3745 3664 3798 asti-

2084 3829 2390 3897 pulabitur;
2437 3830 2484 3882 si
2534 3840 2707 3882 autem
2750 3831 2980 3884 alterum
3019 3831 3148 3884 dicit
3180 3848 3293 3885 esse
3332 3832 3662 3901 incorrupti-

2086 3920 2228 3980 bilis,
2275 3929 2327 3974 et
2376 3919 2600 3974 alterum
2645 3922 2841 3989 inﬁniti
2889 3921 3268 3991 signiﬁcatum,
3309 3924 3663 3977 necessarium

2083 4020 2159 4066 est
2204 4013 2415 4066 omnino
2465 4013 2519 4064 in
2573 4011 2653 4064 his
2697 4028 2813 4081 quae
2861 4011 3068 4066 diversa
3104 4022 3227 4066 sunt
3279 4013 3415 4067 inter
3448 4031 3524 4077 se,
3561 4031 3664 4069 non

2084 4101 2224 4156 idem
2274 4118 2387 4156 esse
2421 4102 2705 4155 secundum
2733 4105 3021 4171 potentiam
3067 4119 3185 4156 cum
3215 4103 3386 4158 altera
3413 4104 3660 4160 alterunt.

2090 4193 2228 4264 Ergo
2258 4196 2306 4248 si
2355 4195 2467 4246 alia
2510 4193 2925 4263 incorruptibilis
2974 4196 3142 4259 notio,
3201 4204 3252 4249 et
3285 4196 3390 4265 ﬁne
3435 4199 3662 4251 carentis

2084 4301 2272 4339 rursus
2326 4285 2456 4350 alia,
2508 4296 2558 4339 et
2591 4287 2780 4339 horum
2818 4295 2897 4340 est
2936 4295 3214 4356 utrumque
3263 4286 3400 4357 quod
3447 4304 3549 4342 non
3585 4298 3663 4342 est

2089 4377 2318 4430 alterum
2341 4392 2360 4440 ;
2407 4391 2572 4445 neque
2611 4377 3012 4445 incorruptibile
3052 4376 3196 4429 dabit
3245 4393 3354 4431 esse
3389 4379 3528 4446 quod
3559 4381 3664 4447 ﬁne

417 4465 697 4534 ἑκάτερον
712 4465 854 4533 ὅπερ
867 4468 976 4519 οὐκ
992 4465 1124 4520 ἐστι
1141 4467 1204 4520 τὸ
1219 4466 1441 4534 ἕτερον*
1459 4467 1595 4521 οὔτε
1610 4467 1676 4521 τὸ
1690 4468 1981 4536 ἄφθαρτον

2091 4476 2256 4533 caret,
2307 4482 2467 4535 neque
2517 4465 2656 4536 quod
2706 4476 2784 4519 est
2837 4468 2959 4536 ﬁnis
3003 4482 3186 4534 expers
3221 4467 3662 4538 incorruptibile:

417 4557 812 4625 ἀτελεύτητον
823 4553 974 4612 εἶναι
987 4558 1183 4622 δώσει,
1201 4559 1339 4612 οὔτε
1357 4559 1751 4627 ἀτελεύτητον
1767 4558 1988 4628 ἄφθαρ-

421 4666 546 4703 τον’
571 4650 733 4704 ἀλλὰ
753 4649 1015 4717 φθαρτὸν
1030 4649 1146 4718 μὲν
1157 4649 1327 4702 ἔσται
1359 4649 1425 4703 τὸ
1439 4651 1834 4715 ἀτελεύτητον
1853 4691 1866 4716 ,
1899 4669 1988 4706 τε-

423 4742 719 4808 λευτητὸν
731 4741 798 4794 δὲ
822 4742 888 4794 τὸ
915 4741 1232 4808 ἄφθαρτον.
1277 4741 1435 4794 Ἀλλά
1464 4741 1828 4812 παραιτοῦμαι
1862 4744 1988 4807 τοὺς

423 4834 862 4903 ἐντυγχάνοντας,
885 4833 956 4903 μὴ
985 4832 1104 4884 καθ’
1118 4833 1150 4900 ὴ
1157 4831 1270 4900 μῶν
1281 4832 1473 4902 τρέψαι
1485 4832 1582 4901 τὴν
1596 4833 1688 4885 ἐπὶ
1702 4833 1778 4903 τῷ
1794 4834 1987 4903 γελοίῳ

422 4927 779 4994 κατάγνωσιν.
798 4923 982 4976 Ταῦτα
996 4923 1104 4992 γὰρ
1131 4923 1292 4992 ἡμεῖς
1304 4923 1436 4992 πρὸς
1452 4923 1544 4975 τὸν
1563 4923 1879 4994 γελοιαστὴν
1896 4926 1987 4978 ὑπ’

419 5017 660 5087 ἀνάγκης
692 5015 1018 5084 ἐπαίξαμεν,
1051 5013 1136 5066 ἵνα
1164 5013 1252 5065 διὰ
1282 5012 1382 5082 τῆς
1411 5013 1598 5083 ὁμοίας
1625 5015 1860 5079 παιδιᾶς,
1889 5016 1986 5085 τὴν

421 5106 751 5178 μειρακιώδη
770 5105 861 5158 τοῦ
875 5105 1205 5174 σοφίσματος
1224 5103 1385 5157 αὑτοῦ
1405 5103 1607 5175 πλοκὴν
1623 5105 1982 5178 διαλύσωμεν.

432 5199 569 5250 Ἀλλ’
591 5201 639 5250 εἰ
662 5198 734 5268 μὴ
759 5196 894 5267 βαρύ
907 5213 967 5248 τε
981 5196 1076 5248 καὶ
1091 5194 1318 5264 ὀχληρὸν
1333 5196 1444 5257 τοῖς
1462 5197 1843 5266 ἐντυγχάνουσι
1863 5200 1988 5268 φαί-

417 5307 578 5354 νοιτο,
609 5291 708 5342 οὐκ
732 5289 956 5359 ἄκαιρον
987 5286 1052 5340 ἂν
1078 5287 1163 5356 εἴη
1200 5285 1360 5339 πάλιν
1393 5287 1487 5340 ἐπὶ
1515 5287 1710 5353 λέξεως
1735 5291 1986 5344 ἐκθέσθαι

417 5381 509 5434 τοῦ
543 5382 804 5448 Εὑνομίου
830 5381 899 5432 τὰ
927 5381 1164 5450 ῥήματα.
1204 5379 1269 5430 Et
1300 5377 1450 5431 κατὰ
1473 5377 1539 5430 τὸ
1568 5379 1984 5449 ἀτελεύτητον,

419 5471 572 5541 φησι,
590 5471 697 5540 τῆς
719 5471 864 5539 ζωῆς
884 5472 1072 5540 μόνον
1090 5469 1263 5523 ἐστὶν
1277 5467 1594 5536 ἄφθαρτος,
1627 5471 1725 5523 καὶ
1753 5473 1902 5525 κατὰ
1920 5474 1985 5526 τὸ

417 5564 684 5632 ἄναρχον
691 5567 880 5632 μόνον
890 5559 1386 5632 ἀγέννητος,καθὸ
1393 5561 1476 5628 μή
1491 5562 1658 5614 ἐστιν
1668 5562 1984 5631 ἄφθαρτος,

416 5655 674 5722 φθαρτὸς
697 5654 868 5707 ἔσται
888 5669 900 5680 '
934 5652 1030 5705 καὶ
1047 5649 1191 5706 καθύ
1203 5649 1286 5718 μή
1303 5649 1471 5702 ἐστιν
1486 5651 1829 5719 ἀγέννητος,
1853 5671 1986 5721 Τεν-

415 5747 595 5813 ἰἠτιῖς
621 5747 811 5803 ἔσται.
842 5747 950 5803 Καὶ
985 5741 1335 5801 ἐπαναλαϐὼν
1359 5743 1416 5794 τὸ
1439 5745 1565 5797 αὐτὸ
1600 5747 1778 5812 πάλιν,
1799 5750 1980 5818 φησίν·

2089 4561 2179 4612 sed
2225 4557 2564 4626 corruptibile
2595 4557 2804 4628 quidem
2846 4560 2944 4612 erit
2981 4559 3118 4628 quod
3151 4561 3310 4628 ﬁnem
3337 4578 3440 4615 non
3486 4563 3660 4626 liabet,

2085 4661 2134 4702 et
2167 4649 2323 4717 ﬁnem
2351 4647 2545 4701 habens
2572 4649 2710 4716 quod
2735 4660 2812 4703 est
2841 4648 3262 4717 incorruptibile.
3304 4651 3410 4705 Sed
3434 4655 3662 4710 lectores

2087 4739 2352 4810 deprecor
2396 4754 2464 4792 ne
2502 4754 2602 4793 nos
2654 4739 2725 4793 ob
2768 4740 2957 4794 istincc
2991 4741 3218 4794 ridenda
3251 4741 3612 4797 condemnem
3645 4763 3658 4798 :

2087 4831 2204 4886 lucc
2241 4833 2387 4886 enim
2423 4846 2522 4884 nos
2568 4831 2830 4885 adversus
2874 4832 3154 4886 irrisorem
3195 4849 3305 4901 pra:
3339 4836 3663 4891 necessitate

2088 4922 2342 4984 lusimus,
2400 4932 2459 4974 ut
2520 4937 2616 4990 per
2666 4921 2898 4975 similem
2950 4924 3154 4988 lusum,
3194 4923 3490 4992 juvenilem
3542 4927 3662 4996 ejus

2089 5013 2449 5085 sophismatis
2493 5029 2692 5065 nexum
2749 5011 3137 5068 dissolvamus.
3193 5015 3299 5068 Sed
3349 5017 3396 5071 si
3446 5032 3552 5070 non
3587 5019 3663 5072 Ie-

2087 5105 2343 5175 gentibus
2385 5119 2549 5173 grave
2586 5112 2643 5156 et
2681 5104 2970 5158 molestum
3021 5105 3290 5169 videatur,
3322 5107 3465 5161 haud
3501 5108 3663 5163 fuerit

2090 5195 2551 5263 intempestivum,
2588 5193 2784 5248 iterum
2829 5195 2893 5248 ad
2927 5199 3149 5251 verbum
3185 5215 3454 5267 exponere
3486 5199 3663 5253 Euno-

2090 5285 2184 5338 inii
2229 5284 2395 5337 dicta.
2452 5282 2532 5347 Si,
2584 5284 2783 5353 inquit,
2844 5303 2947 5354 qua
2983 5289 3101 5341 vitae
3163 5289 3286 5357 ﬁnis
3338 5302 3411 5343 est
3460 5273 3661 5360 expers,

2088 5376 2259 5431 solum
2309 5386 2388 5429 est
2435 5377 2875 5445 iucorruptibilis,
2937 5389 2986 5433 et
3041 5398 3143 5451 qua
3184 5384 3443 5452 principio
3496 5396 3660 5449 caret,

2087 5470 2259 5522 solum
2311 5478 2398 5522 εει·
2424 5468 2710 5536 ingenitus,
2761 5481 3016 5539 quatenus
3069 5484 3291 5527 nonest
3347 5478 3663 5543 incorrupti-

2092 5561 2233 5622 bilis,
2277 5560 2639 5629 corruptibilis
2687 5563 2810 5628 erit,
2861 5575 2909 5618 et
2953 5576 3208 5632 quatenus
3264 5584 3364 5620 non
3410 5577 3484 5620 est
3521 5571 3662 5636 inge-

2093 5658 2256 5719 nitus,
2294 5658 2497 5726 genitus
2549 5657 2668 5710 erit.
2714 5656 2776 5710 Et
2826 5667 3116 5730 postquam
3154 5660 3297 5715 idem
3349 5662 3661 5729 resumpsit,

2094 5763 2283 5804 mrsus
2343 5748 2515 5818 inquit
2551 5767 2562 5802 :
2594 5747 2708 5802 Erit
2765 5750 2946 5819 igitur,
2997 5762 3253 5821 quatenus
3300 5763 3376 5807 est
3418 5754 3662 5822 principii
