4146 6386
502 306 638 361 1087

1753 291 1812 345 S.
1838 284 2166 346 GREGORH
2198 284 2498 342 NYSSENI

3602 282 3741 340 £088

496 439 705 483 exsors,
746 418 1008 489 ingenitus
1056 416 1214 470 simul
1256 425 1305 468 et
1337 413 1731 481 corruptibilis;
1758 429 1849 481 per
1870 412 1921 463 id
1952 426 2069 463 vero
2098 459 2100 467 ,

2200 408 2379 460 [ἔσται
2432 405 2546 474 ἄρα
2598 404 2747 458 κατὰ
2790 403 2907 473 μὲν
2957 403 3021 456 τὸ
3072 402 3368 472 ἄναρχον,
3419 400 3747 471 ἀγέννητος

500 526 636 583 quoa
660 512 765 580 ﬁne
788 520 928 563 caret
963 506 1378 575 incorruptibilis
1417 506 1577 559 simul
1603 515 1650 559 et
1680 506 1904 575 genitus.
1934 502 2067 556 Nam

500 616 624 671 qua:
686 601 866 668 inepte
917 608 972 652 et
1022 598 1333 666 importune
1383 610 1721 666 supervacua
1773 595 2068 659 interserit,

504 698 692 762 utpote
734 706 853 759 quas
898 689 1067 742 nihilo
1123 690 1244 757 plus
1292 688 1357 741 ad
1401 686 1671 742 sermonis
1702 686 2071 756 praestructio-

506 801 632 839 nem
679 782 992 845 conferunt,
1044 791 1328 851 prastereo.
1380 778 1487 833 Sed
1518 789 1830 833 nostrorum
1865 791 2075 831 sermo-

507 894 637 931 num
692 876 1051 939 sententiam,
1107 890 1173 928 ex
1208 874 1409 943 quibus
1478 873 1566 925 hic
1616 871 1733 940 ipse
1791 868 2073 939 apposuit,

506 970 684 1023 cuivis
730 979 860 1036 puto
910 967 1069 1020 facile
1119 978 1241 1019 esse
1301 964 1625 1033 intelligere,
1672 963 1816 1032 quod
1874 960 2076 1014 nullam

507 1060 703 1116 habent
765 1059 1204 1112 communionem
1264 1071 1388 1109 cum
1449 1070 1512 1109 ea
1563 1053 1909 1107 accusatione
1960 1066 2081 1121 qua:

507 1161 699 1207 contra
727 1168 825 1205 nos
849 1151 918 1203 ab
941 1151 1058 1219 ipso
1080 1156 1402 1217 praestructa
1451 1154 1569 1211 est;
1612 1144 2079 1212 incorruptibilem

505 1246 673 1306 enim,
722 1252 776 1296 et
832 1243 1130 1308 ingenitum
1181 1239 1350 1293 Deum
1396 1240 1775 1292 universorum
1822 1237 2080 1299 dicimus,

508 1338 581 1388 ait
633 1335 913 1404 magister,
942 1332 1242 1387 secundum
1279 1332 1523 1386 diversos
1566 1332 1763 1385 mentis
1788 1338 2084 1399 conceptus

508 1426 594 1479 his
644 1427 958 1479 nominibus
1007 1432 1245 1478 utentes.
1298 1421 1433 1477 Nam
1483 1424 1538 1477 in
1584 1440 1673 1489 eo,
1707 1424 1907 1492 inquit,
1938 1422 2082 1491 quod

508 1533 723 1571 omnem
780 1516 1351 1587 circumscriptionem
1408 1517 1730 1571 saeculorum
1774 1522 2083 1585 exsuperet,

509 1610 811 1666 secundum
854 1625 1070 1663 omnem
1101 1610 1417 1665 distantiam
1456 1610 1773 1679 temporalis
1809 1609 2085 1663 extensio-

510 1705 621 1765 nis,
651 1704 765 1758 sive
790 1702 937 1773 quod
975 1712 1059 1757 est
1099 1718 1126 1755 a
1157 1703 1445 1773 principio,
1486 1702 1603 1756 sive
1637 1702 1782 1771 quod
1827 1703 2085 1771 deinceps

511 1796 780 1863 sequitur,
815 1795 1229 1856 ratiocinemur,
1267 1794 1411 1864 quod
1462 1794 1763 1849 secundum
1801 1801 2087 1862 utramque

511 1887 793 1941 notionem
850 1896 1068 1941 aeternae
1107 1888 1231 1940 vita:
1272 1887 1653 1955 inﬁnitumque
1688 1893 1741 1940 et
1792 1886 2088 1939 incircum-

512 1979 775 2049 scriptum
818 1989 923 2043 est,
968 1978 1074 2033 hoc
1117 1978 1333 2047 quidem
1365 1977 1920 2047 incorruptibilitatis,
1956 1976 2089 2031 illud

515 2088 643 2127 vero
697 2072 924 2141 ingeniti
979 2074 1200 2126 nomine
1249 2070 1643 2141 signiﬁcamus.
1686 2068 1792 2125 Isle
1842 2085 1970 2123 vero
2013 2070 2086 2124 ait

515 2179 616 2219 nos
661 2162 859 2218 docere
912 2163 1056 2233 quod
1114 2163 1248 2218 illud
1296 2163 1445 2234 quod
1498 2162 1769 2233 principio
1801 2170 1970 2223 caret,
2006 2170 2092 2217 est

514 2256 788 2321 essentia;
845 2264 901 2310 et
952 2256 1097 2325 quod
1152 2255 1313 2309 ﬁnem
1370 2270 1481 2309 non
1538 2253 1701 2309 habet
1762 2267 1956 2307 rursus
2007 2258 2093 2306 est

515 2348 777 2413 essentia,
830 2350 987 2417 quasi
1022 2348 1133 2401 duo
1161 2356 1441 2417 segmenta
1471 2350 1833 2405 essentiarum
1862 2364 1928 2403 ex
1959 2364 2093 2404 con-

517 2437 688 2490 trario
740 2437 887 2490 dicta
948 2452 977 2489 a
1030 2436 1189 2490 nobis
1222 2434 1594 2491 conferantur.
1627 2437 1804 2507 Atque
1840 2438 1912 2491 ita
1946 2439 2092 2507 quod

517 2525 821 2581 absurdum
874 2533 957 2581 est
986 2526 1228 2590 conﬁcit,
1265 2541 1365 2580 sua
1409 2526 1582 2595 ipsius
1628 2543 1858 2597 ponens,
1885 2537 1937 2584 et
1970 2544 2094 2582 cum

517 2619 636 2671 suis
682 2632 1040 2685 congressus,
1094 2624 1148 2669 et
1196 2631 1225 2668 a
1273 2616 1457 2685 seipse
1504 2618 1836 2687 compositas
1887 2621 2097 2689 cogita-

520 2710 700 2762 tiones
729 2707 794 2761 ad
849 2706 1148 2762 absurdum
1190 2708 1545 2776 compellens,
1590 2710 1726 2763 nihil
1784 2718 2097 2766 nostrorum

520 2799 760 2868 attingit.
803 2797 958 2864 Quod
984 2799 1128 2853 enim
1156 2799 1231 2851 ait
1259 2798 1425 2853 Deum
1461 2800 1927 2871 incorruptibilem
1952 2818 2095 2867 esse,

522 2891 825 2946 secundum
874 2891 927 2944 id
988 2892 1165 2947 solum
1210 2907 1320 2961 quo
1363 2892 1525 2947 ﬁnem
1570 2909 1675 2948 non
1722 2896 1903 2961 habet,
1936 2894 2099 2965 hujus

520 2997 627 3048 est,
675 3000 784 3038 non
839 2992 1110 3039 nostrum.
1162 2983 1364 3039 Eodem
1411 2993 1571 3054 pacto
1614 2994 1667 3039 et
1714 2986 2101 3056 incorruptibi-

2169 500 2317 567 ὁμοῦ
2354 498 2452 550 καὶ
2486 494 2779 566 φθαρτὸς,
2817 494 2965 548 κατὰ
2993 494 3063 547 δὲ
3096 494 3162 547 τὸ
3203 495 3600 560 ἀτελεύτητον
3626 534 3640 557 ,
3677 492 3746 546 ἅ-

2171 593 2433 659 φθαρτος
2465 587 2613 657 ὁμοῦ
2651 587 2751 640 καὶ
2780 589 3081 655 γεννητός.
3114 585 3224 649 Τὰς
3260 586 3368 657 γὰρ
3398 585 3651 654 ἀκαίρους
3686 586 3749 637 ὲν

2172 679 2252 749 τῷ
2295 680 2443 750 μέσῳ
2478 679 2585 731 τῶν
2619 677 2887 749 περιττῶν
2921 677 3265 749 παρενθήκας
3301 676 3375 739 ὡς
3410 676 3557 729 οὐδὲν
3587 676 3751 729 πλέον

2175 774 2253 834 εἰς
2281 773 2381 841 τὴν
2414 769 2507 823 τοῦ
2541 770 2699 837 λόγου
2735 769 3077 839 κατασκευὴν
3106 768 3459 832 συντελούσας
3487 768 3749 839 παρίημι.

2158 863 2346 930 ,Ἀλλά
2371 864 2469 933 τὴν
2500 862 2599 932 μὲν
2627 862 2864 917 διάνοιαν
2889 861 2995 915 τῶν
3025 860 3308 933 ἡμετέρων
3332 860 3521 929 λόγων,
3552 863 3645 929 ἀφ’
3675 856 3753 915 ὧν

2178 957 2335 1018 αὐτὸς
2359 950 2510 1017 οὗτος
2535 954 2819 1025 παρέθετο,
2845 952 3007 1006 παντὶ
3031 952 3207 1023 ῥᾴδιον
3227 949 3379 1023 οἶμαι
3401 954 3752 1023 κατανοῆσαι,

2178 1046 2252 1109 ὠς
2281 1044 2531 1115 οὐδεμίαν
2549 1043 2776 1113 ἔχουσαν
2805 1042 3084 1096 κοινωνίαν
3125 1042 3259 1114 πρὸς
3288 1043 3385 1113 τὴν
3416 1059 3756 1096 κατασκευα-

2181 1136 2400 1189 σθεῖσαν
2465 1136 2613 1207 αὐτῷ
2675 1134 2797 1189 καθ’
2840 1134 3000 1205 ἡμῶν
3044 1134 3394 1205 κατηγορίαν.
3446 1134 3757 1205 Ἀφθαρτον

2181 1228 2291 1299 γὰρ
2321 1229 2413 1282 καὶ
2438 1228 2728 1298 ἀγέννητον
2751 1227 2843 1280 τὸν
2872 1228 3001 1282 Θεὸν
3026 1228 3133 1281 τῶν
3156 1227 3292 1280 ὅλων
3313 1228 3561 1297 λέγομεν,
3592 1229 3757 1297 φησὶν

2182 1325 2211 1376 ὁ
2240 1321 2573 1385 διδάσκαλος,
2609 1320 2749 1375 κατά
2783 1320 3074 1392 διαφόρους
3103 1321 3358 1383 ἐπιϐολὰς
3386 1323 3497 1383 τοῖς
3533 1320 3759 1389 ὀνόμασι

2182 1410 2392 1475 τούτοις
2454 1410 2744 1482 χρώμενοι.
2806 1410 2879 1462 Τὸ
2929 1410 3037 1479 γὰρ
3095 1410 3519 1482 ὐπερεκπίπτειν
3575 1412 3757 1474 αὐτὸν,

2186 1504 2339 1572 φησὶ,
2375 1503 2474 1573 τῆς
2513 1502 2623 1556 τῶν
2662 1502 2872 1557 αἰώνων
2914 1503 3261 1574 περιγραφῆς
3310 1503 3449 1556 κατά
3495 1506 3601 1556 πᾶν
3646 1504 3762 1557 διά-

2188 1612 2371 1666 στημα
2400 1596 2499 1666 τῆς
2531 1597 2783 1669 χρονικῆς
2824 1596 3211 1665 παρατάσεως,
3257 1595 3369 1648 εἴτε
3400 1595 3461 1649 τὸ
3506 1596 3765 1665 ἐξαρχῑῃ,

2188 1688 2297 1740 εἴτε
2326 1688 2387 1740 τὸ
2424 1687 2620 1758 ἑφεξῆς
2649 1686 2994 1758 λογιζόμεθα.
3023 1687 3085 1739 τὸ
3114 1686 3232 1740 καθ’
3262 1687 3525 1758 ἑκατέραν
3556 1688 3763 1741 ἔννοιαν

2117 1754 2160 1811 Β
2186 1781 2280 1851 τῆς
2317 1754 2485 1833 ἁῐδίού
2531 1754 2673 1849 ζωῆς
2712 1754 2958 1851 ἀόριστόν
3005 1797 3063 1832 τε
3109 1779 3203 1833 καὶ
3234 1754 3670 1850 ἀπερίγραπτον,
3699 1780 3764 1832 τὸ

3362 1872 3386 1883 ς

2191 1873 2290 1945 μὲν
2316 1873 2392 1942 τῷ
2417 1873 2516 1940 τῆς
2540 1873 2846 1943 ἀφθαρσίας
2877 1873 3120 1943 ὀνόματι,
3146 1873 3205 1925 τὸ
3233 1872 3288 1925 δὲ
3318 1872 3396 1941 τῷ
3424 1872 3521 1942 τῆς
3547 1872 3771 1942 ἀγεννη-

2190 1965 2310 2028 σίας
2344 1964 2793 2034 διασημαίνομεν.
2827 1966 3020 2017 Οὑτοσὶ
3051 1964 3106 2017 δέ
3139 1981 3270 2034 φησι
3302 1964 3478 2032 λέγειν
3510 1965 3655 2035 ἡμᾶς
3682 1965 3772 2017 ὅτι

2188 2056 2248 2108 τὸ
2276 2055 2509 2126 ἄναρχον
2537 2055 2692 2109 οὐσία
2730 2057 2867 2118 ἐστὶ,
2897 2056 2993 2108 καὶ
3025 2056 3379 2127 ἀτελεύτητον
3410 2055 3566 2108 οὐσία
3605 2055 3767 2108 πάλιν

2190 2146 2359 2213 ἐστὶν,
2381 2146 2454 2209 ὼς
2484 2146 2577 2199 δύο
2601 2148 2863 2217 τμήματα
2884 2147 3080 2200 οὐσιῶν
3112 2148 3250 2200 κατά
3278 2148 3339 2200 τὸ
3367 2147 3605 2201 ἐναντίον
3624 2146 3775 2214 λεγό-

2195 2254 2333 2307 μενα
2354 2238 2483 2307 παρ’
2504 2238 2659 2309 ἡμῶν
2686 2238 3105 2309 συμϐάλλεσθαι.
3133 2240 3239 2291 Καὶ
3269 2237 3410 2292 οὕτω
3438 2240 3777 2292 κατασκευά-

2193 2328 2275 2392 ζει
2330 2328 2390 2381 τὸ
2433 2330 2653 2394 ἄτοπον,
2703 2331 2770 2384 τὰ
2812 2330 3001 2383 ἑαυτοῦ
3041 2331 3247 2394 τιθεὶς,
3286 2332 3382 2384 καὶ
3426 2335 3536 2393 τοῖς
3576 2329 3773 2383 ἑαυτοῦ

2195 2422 2671 2494 συμπλεκόμενος,
2707 2424 2799 2477 καὶ
2852 2425 2951 2490 τὰς
2999 2428 3131 2496 παρ’
3178 2423 3372 2477 ἑαυτοῦ
3431 2423 3774 2486 συντεθείσας

2193 2513 2429 2577 διανοίας
2478 2514 2691 2581 ὲξωθῶν
2740 2517 2820 2579 εἰς
2852 2516 2913 2568 τὸ
2953 2517 3182 2579 ἄτοπον,
3218 2516 3337 2569 κατ’
3367 2516 3517 2568 οὐδὲν
3555 2515 3611 2567 δὲ
3662 2515 3775 2566 τῶν

2194 2605 2475 2677 ἡμετέρων
2532 2605 2926 2676 προσάπτεται.
2988 2607 3060 2659 Τὸ
3099 2607 3207 2675 γάρ
3259 2607 3400 2659 κατά
3445 2606 3506 2659 τὸ
3553 2605 3775 2659 ἀτελεύ-

2195 2715 2355 2769 τητον
2401 2700 2499 2769 τῆς
2548 2699 2692 2769 ζωῆς
2730 2701 2889 2769 μόνον
2940 2700 3031 2754 τὸν
3095 2700 3225 2754 Θεὸν
3276 2700 3549 2768 ἄφθαρτον
3598 2694 3776 2761 εἷναι,

2196 2794 2386 2847 τούτου
2436 2797 2571 2858 ἐστὶ,
2621 2796 2715 2848 καὶ⁸
2766 2795 2862 2865 οὐχ
2901 2797 3188 2866 ἡμέτερον.
3242 2795 3515 2859 Ὡσαύτως
3549 2798 3643 2849 καὶ
3685 2796 3780 2849 τὸν

2198 2885 2492 2957 ἄφθαρτον,
2524 2887 2756 2957 ἄναρχον
2789 2888 2862 2957 μὴ
2896 2883 3056 2951 εἷναι,
3090 2888 3188 2957 τῆς
3218 2888 3387 2957 αὐτῆς
3418 2887 3693 2956 ἀγχινοίας
3716 2888 3780 2939 τὸ

2201 2978 2439 3050 εὕρημα,
2474 2980 2573 3048 τῆς
2602 2980 2662 3033 τὸ
2696 2980 2769 3050 μὴ
2805 2981 3004 3050 προσὸν
3036 2982 3115 3042 εἰς
3151 2980 3243 3033 τὸν
3268 2983 3365 3049 τῆς
3408 2981 3592 3042 οὐσίας
3624 2980 3781 3047 λόγον

525 3077 651 3139 lem,
680 3076 933 3146 principii
965 3084 1238 3131 exsortem
1271 3091 1379 3129 non
1401 3092 1545 3143 esse,
1584 3077 1827 3145 ejusdem
1866 3077 2100 3132 solertiae

2201 3068 2667 3139 κατατασσούσης.
2712 3070 2898 3140 Ἡμεῖς
2923 3070 3029 3141 γὰρ
3054 3070 3204 3123 οὐδὲν
3232 3069 3340 3122 τῶν
3367 3069 3441 3140 μὴ
3472 3068 3783 3139 προσόντων

523 3175 893 3222 commentum
949 3174 1054 3231 cst,
1090 3181 1211 3235 quae
1243 3165 1391 3236 quod
1436 3182 1544 3221 non
1578 3167 1721 3221 inest
1755 3166 1822 3219 ad
1857 3167 2107 3222 essentia:

524 3260 793 3312 rationem
843 3256 1059 3327 redigit.
1098 3258 1209 3312 Nos
1243 3258 1386 3311 enim
1427 3257 1563 3311 nihil
1594 3273 1782 3313 eorum
1836 3274 1959 3328 quae
1998 3274 2107 3312 non

527 3349 735 3411 insunt,
786 3345 1088 3402 essentiani'
1116 3363 1239 3402 esse
1288 3348 1599 3404 deﬁnimus.
1656 3349 1818 3419 Atqui
1855 3349 1966 3405 Deo
1998 3366 2108 3405 non

530 3443 675 3497 inest
721 3455 899 3509 neque
946 3439 1018 3492 ad
1074 3440 1360 3494 interitum
1399 3440 1566 3493 vitam
1621 3440 1893 3505 desinere,
1932 3458 2110 3512 neque

530 3549 561 3589 a
590 3537 945 3604 generatione
969 3549 1093 3588 esse
1121 3532 1385 3602 incipere.
1414 3533 1570 3599 Quod
1606 3534 1826 3603 quidem
1868 3551 1965 3605 per
1997 3538 2110 3590 haec

531 3626 642 3680 duo
690 3626 914 3679 nomina
958 3626 1499 3694 incorruptibilitatis
1550 3627 1760 3681 scilicet
1794 3634 1848 3681 et
1882 3627 2109 3697 ingeniti

531 3717 875 3786 exprimitur.
913 3716 1013 3771 Hic
1044 3726 1225 3770 autem
1258 3732 1387 3772 suas
1420 3732 1592 3787 nugas
1622 3734 1746 3772 eum
1783 3719 1989 3774 nostris
2021 3720 2113 3773 de-

530 3808 698 3861 cretis
756 3807 1070 3877 divulgans,
1114 3805 1357 3876 seipsum
1406 3805 1687 3861 ditlamare
1740 3822 1836 3876 per
1883 3823 2112 3862 accusa-

532 3898 738 3951 tionem
791 3906 984 3952 contra
1026 3912 1129 3951 nos
1170 3897 1480 3951 institutam
1528 3912 1636 3950 non
1682 3897 1955 3966 intelligit.
2005 3896 2109 3963 Qui

530 3991 678 4045 enim
724 3989 1019 4045 essentiam
1052 3989 1377 4056 ἀγεννησίαν
1404 4003 1527 4043 esse
1561 3988 1771 4052 deﬁnit,
1818 3989 1870 4041 in
1905 3996 2112 4042 tantam

538 4096 637 4151 per
673 4080 1115 4135 consecutionem
1160 4080 1553 4134 absurditatem
1587 4080 1797 4143 evadet,
1850 4090 2111 4149 quantam

536 4175 743 4228 nostris
788 4174 1027 4229 decretis
1077 4174 1270 4228 inurit.
1323 4175 1487 4229 Aliud
1541 4176 1685 4229 enim
1729 4175 2005 4245 principii,
2060 4184 2115 4230 et

537 4262 687 4316 aliud
734 4262 859 4317 ﬁnis
912 4278 1112 4317 nomen
1158 4263 1458 4317 secundum
1499 4278 1680 4319 rerum
1718 4263 2114 4316 intellectarum

537 4353 937 4408 distinctricem
988 4353 1468 4424 signiﬁcationem,
1514 4353 1782 4422 siquidem
1834 4354 1998 4408 unius
2026 4355 2116 4408 ho-

2208 3162 2393 3215 οὐσίαν
2424 3158 2560 3215 εἶναι
2586 3162 2951 3233 διοριζόμεθα.
2976 3164 3046 3216 Οὐ
3072 3165 3329 3235 πρόσεστι
3351 3163 3407 3216 δὲ
3432 3162 3507 3232 τῷ
3528 3162 3667 3231 Θεῷ,
3698 3160 3786 3213 οὗ·

2207 3272 2267 3306 τε
2298 3254 2357 3306 τὸ
2395 3255 2474 3316 εἰς
2506 3254 2709 3323 φθορὰν
2744 3255 2841 3324 τὴν
2874 3254 3016 3324 ζωὴν
3063 3254 3363 3324 καταλῆξαι
3385 3295 3398 3315 ,
3429 3253 3549 3306 οὐτε
3578 3254 3639 3306 τὸ
3675 3254 3787 3307 ἀπὸ

2209 3346 2514 3413 γεννήσεως
2546 3344 2605 3395 τὸ
2629 3339 2764 3395 εἶναι
2796 3342 3079 3414 ἄρξασθαι.
3106 3343 3282 3415 Ὅπερ
3303 3344 3389 3396 διὰ
3411 3343 3518 3396 τῶν
3545 3344 3637 3396 δύο
3659 3344 3785 3395 τού-

2209 3454 2316 3489 των
2343 3435 2621 3502 ὀνομάτων
2653 3435 2750 3505 τῆς
2780 3451 2839 3486 τε
2866 3435 3171 3506 ἀφθαρσίας
3203 3438 3298 3489 καὶ
3331 3435 3430 3504 τῆς
3460 3438 3787 3507 ἁγεννησίας

2212 3530 2562 3600 παρίσταται.
2621 3529 2680 3581 '0
2721 3528 2777 3580 δὲ
2826 3530 2913 3582 τὸν
2960 3531 3090 3583 ἴδιον
3125 3530 3292 3601 λῆρον
3335 3534 3447 3594 τοῖς
3495 3533 3791 3603 ἡμετέροις

2209 3623 2468 3692 δόγμασιν
2504 3621 2936 3693 ὲπιθρυλλήσας,
2970 3622 3159 3675 ἑαυτὸν
3200 3622 3522 3693 στηλιτεύων
3554 3624 3642 3677 διὰ
3685 3624 3794 3695 τῆς

2212 3716 2544 3785 κατηγορίας
2572 3716 2670 3787 τῆς
2704 3714 2825 3768 καθ’
2871 3716 3026 3787 ἡμῶν
3068 3717 3128 3769 οὐ
3163 3718 3424 3786 συνίησιν.
3471 3717 3527 3770 Ὀ
3560 3718 3669 3789 γὰρ
3693 3720 3791 3771 οὐ-

2213 3807 2333 3860 σίαν
2361 3808 2459 3878 τὴν
2490 3807 2814 3877 ἀγεννησίαν
2844 3804 2982 3861 εἶναι
3007 3808 3391 3878 διοριζόμενος,
3425 3811 3502 3872 εἰς
3521 3810 3794 3879 τοσαύτην

2212 3900 2355 3952 κατά
2382 3901 2441 3953 τὸ
2474 3900 2762 3953 ἀκόλουθον
2799 3901 2896 3971 τὴν
2939 3900 3168 3954 ἀτοπίαν
3206 3900 3536 3971 ἐκϐήσεται,
3576 3902 3642 3972 ἡν
3676 3905 3794 3966 τοῖς

2214 3988 2500 4059 ἡμετέροις
2522 3988 2783 4059 δόγμασιν
2815 3991 3084 4060 ἐπιφέρει.
3124 3989 3287 4041 ’Ἄλλο
3314 3990 3420 4060 γάρ
3462 3991 3559 4060 τῆς
3589 3990 3791 4061 ἀρχῆς,

2213 4081 2307 4133 καὶ
2338 4079 2464 4134 ἄλλο
2493 4080 2585 4132 τοῦ
2616 4080 2802 4143 τέλους
2837 4080 2976 4135 κατὰ
3012 4081 3110 4152 τὴν
3156 4082 3583 4154 διαστηματικὴν
3617 4086 3798 4156 παρά-

2217 4187 2404 4224 στασιν
2432 4173 2766 4242 νοουμένων,
2805 4175 2852 4225 εί
2889 4174 2987 4242 μὲν
3019 4173 3117 4244 τὴν
3143 4175 3260 4236 ἐνὸς
3300 4175 3502 4229 τούτων
3538 4178 3799 4247 στέρησιν

2213 4262 2400 4316 οὐσίαν
2436 4281 2518 4326 τις
2561 4260 2699 4318 εἶναι
2743 4265 2878 4336 δοίη,
2916 4266 2971 4331 ἐξ
3011 4268 3265 4337 ἡμισείας
3299 4268 3461 4321 αὐτοῦ
3507 4269 3603 4339 τὴν
3649 4269 3800 4339 ζωὴν

2217 4357 2512 4427 ὐποστὴσει
2544 4357 2688 4428 μόνῳ
2719 4356 2796 4427 τῷ
2823 4358 3043 4429 ἀνάρχῳ
3078 4361 3395 4427 ὑφεστῶσαν
3418 4401 3432 4425 ,
3474 4362 3609 4432 πρὸς
3650 4363 3706 4415 δὲ
3737 4363 3805 4416 τὸ

538 4462 661 4501 rum
720 4445 1107 4514 privationem,
1158 4445 1203 4499 si
1253 4446 1376 4515 quis
1422 4447 1715 4500 essentiam
1772 4461 1895 4500 esse
1939 4445 2095 4500 daret

2220 4447 2574 4517 ἀτελεύτητον
2598 4488 2612 4512 ,
2645 4449 2826 4502 οὐκέτι
2858 4450 2947 4502 διά
2982 4452 3079 4521 τῆς
3110 4452 3320 4521 φύσεως
3349 4454 3762 4507 ὲπεκτείνουσαν
3781 4496 3801 4519 ,

538 4552 604 4592 ex
655 4536 882 4590 dimidia
918 4543 1072 4604 parte
1103 4536 1187 4589 sui
1230 4535 1402 4604 ipsius
1462 4538 1627 4588 vitam
1680 4535 1780 4590 soli
1845 4536 2116 4605 principio

541 4633 756 4687 carenti
789 4632 1180 4686 subsistentem
1222 4639 1570 4700 supponeret,
1607 4628 1675 4684 ad
1721 4629 1774 4684 id
1813 4645 1939 4683 vero
1972 4631 2116 4700 quod

544 4723 704 4776 ﬁnem
749 4737 854 4776 non
911 4722 1094 4785 habet,
1149 4738 1257 4775 non
1314 4723 1546 4790 amplius
1601 4738 1698 4792 per
1756 4729 2008 4777 naturam
2059 4739 2118 4777 se

542 4814 949 4876 extendentem,
987 4815 1256 4883 siquidem
1292 4822 1506 4880 natura,
1563 4815 1787 4885 ingeniti
1836 4815 1976 4870 ratio
2019 4832 2120 4884 pu-

546 4912 778 4959 taretur.
811 4904 971 4970 Quod
999 4905 1043 4959 si
1078 4914 1311 4974 utraque
1338 4906 1609 4960 essentias
1646 4922 1769 4962 esse
1803 4907 1926 4977 quis
1957 4923 2119 4979 coge-

544 5004 652 5059 ret,
674 4996 900 5049 omnino
921 4996 1292 5051 necessarium
1318 5005 1486 5061 esset,
1537 4996 1836 5053 secundum
1870 4998 2124 5051 traditam

550 5088 619 5141 ab
648 5085 916 5141 Eunomio
944 5087 1343 5153 deﬁnitionem,
1369 5096 1661 5158 utrumque
1691 5104 1892 5143 nomen
1929 5104 2127 5144 secun-

548 5180 680 5233 dum
738 5180 1051 5250 impositam
1112 5182 1590 5251 signiﬁcationem,
1646 5189 1701 5236 et
1752 5181 1807 5234 in
1874 5182 2125 5237 essentne

550 5271 766 5326 ratione
792 5288 915 5327 esse
938 5273 1163 5337 habere,
1198 5280 1411 5327 tantum
1450 5274 1582 5328 illud
1619 5274 1911 5336 exsistens,
1950 5291 2126 5345 quan-

552 5374 670 5417 tum
718 5363 1083 5434 signiﬁcantia
1113 5365 1493 5435 appellationis
1530 5365 1871 5421 demonstrat
1906 5375 2001 5422 :et
2050 5367 2129 5422 sic

556 5455 735 5510 valida
764 5457 857 5511 ﬁet
889 5456 1145 5511 Eunomii
1170 5458 1333 5520 ratio,
1369 5458 1496 5526 quia
1540 5474 1716 5528 neque
1746 5459 1893 5529 quod
1930 5459 2129 5530 princi-

557 5546 631 5615 pii
678 5562 874 5617 expers
920 5558 1025 5611 est,
1076 5548 1239 5601 habet
1290 5549 1343 5601 id
1393 5547 1537 5619 quod
1586 5548 1692 5605 ﬁne
1732 5561 1902 5613 caret,
1951 5567 2129 5620 neque

557 5636 702 5706 quod
753 5637 911 5693 ﬁnem
958 5653 1066 5692 non
1116 5639 1300 5701 habet.
1349 5640 1654 5694 contineret
1692 5640 1744 5694 id
1796 5640 1943 5711 quod
1982 5645 2129 5712 prin-

2223 4538 2381 4609 είπερ
2415 4539 2573 4608 φύσις
2617 4541 2649 4609 ἡ
2681 4542 2973 4611 ἀγεννησία
3017 4541 3305 4612 νομίζοιτο.
3339 4544 3400 4596 Εί
3431 4544 3486 4596 δὲ
3516 4547 3805 4617 ἀμφότερά

2222 4646 2305 4691 τις
2343 4630 2527 4683 οὐσίαν
2574 4627 2711 4684 εἶναι
2755 4631 3025 4701 βιάζοιτο,
3066 4634 3286 4705 ἀνάγκη
3332 4638 3480 4690 πᾶσα
3526 4643 3669 4691 κατά
3708 4638 3805 4692 τὸν

2224 4722 2555 4776 ἀποδοθέντα
2583 4723 2675 4776 τοῦ
2709 4726 2971 4795 Εὐνομίου
2999 4726 3153 4795 λόγον
3179 4728 3436 4800 ἑκάτερον
3466 4729 3574 4782 τῶν
3599 4731 3808 4800 ὀνομά-

2225 4827 2332 4863 των
2354 4812 2496 4865 κατά
2525 4812 2623 4883 τὴν
2652 4812 2975 4887 ἐγκειμένην
3002 4816 3237 4886 ἔμφασιν
3265 4820 3359 4872 καὶ
3388 4822 3446 4873 ὲν
3475 4820 3550 4890 τῷ
3578 4820 3678 4890 τῆς
3707 4822 3805 4874 οὐ-

2228 4903 2347 4966 σίας
2376 4904 2519 4976 λόγῳ
2551 4907 2611 4959 τὸ
2650 4904 2787 4960 εἶναι
2834 4909 2976 4979 ἔχειν
2999 4950 3013 4973 ,
3052 4913 3301 4981 τοσοῦτον
3341 4914 3583 4985 ὑπάρχον
3617 4916 3803 4984 μόνον,

2227 4994 2350 5046 ὅσον
2385 4998 2416 5065 ἡ
2467 4999 2711 5066 σημασία
2756 5002 2854 5067 τῆς
2891 5004 3261 5073 προσηγορίας
3306 5004 3665 5059 ἐνδείκνυται·
3708 5006 3810 5057 καὶ

2227 5088 2399 5152 οὕτως
2433 5091 2649 5161 ἰσχυρὸς
2677 5094 2705 5145 ὁ
2731 5092 2825 5144 τοῦ
2860 5094 3122 5165 Εὐνομίου
3154 5095 3308 5162 λόγος
3338 5098 3644 5167 γενήσεται,
3679 5096 3808 5151 οὐτε

2228 5182 2321 5234 τοῦ
2351 5184 2584 5253 ἁνάρχου
2610 5183 2669 5236 τὸ
2697 5184 3045 5255 ἀτελεύτητον
3076 5186 3305 5256 ἔχοντος,
3328 5186 3449 5240 οὐτε
3479 5188 3570 5241 τοῦ
3594 5190 3812 5243 ἀτελευ-

2230 5274 2392 5339 τήτου
2423 5274 2485 5325 τὸ
2513 5272 2768 5344 ἄναρχον.
2804 5276 3021 5347 Ἐπειδὴ
3050 5276 3190 5331 κατά
3217 5277 3307 5330 τὸν
3335 5278 3488 5346 λόγον
3520 5279 3684 5332 αὐτοῦ
3714 5282 3811 5332 καὶ

2230 5367 2389 5418 οὐσία
2414 5366 2521 5418 τῶν
2548 5367 2852 5438 εἰρημένων
2875 5368 3019 5420 ἐστὶν
3044 5369 3319 5441 ἑκάτερον,
3351 5373 3444 5423 καὶ
3470 5371 3714 5439 ἀμίκτως
3737 5373 3813 5425 τὰ

2230 5459 2322 5511 δύο
2336 5461 2454 5523 ταῖς
2468 5460 2695 5521 ἐννοίαις
2713 5458 2825 5529 ἔχει
2837 5459 3201 5531 προσάλληλα,
3220 5461 3314 5515 καὶ
3331 5461 3453 5514 οὐτε
3469 5463 3501 5533 ἡ
3518 5463 3659 5534 ἀρχὴ
3676 5463 3814 5533 πρὸς

2231 5552 2290 5605 τὸ
2309 5552 2459 5615 τέλος
2479 5552 2569 5605 τὸν
2589 5552 2749 5605 αὐτὸν
2774 5552 2885 5623 ἔχει
2904 5553 3079 5621 λόγον,
3114 5553 3237 5607 οὔτε
3255 5554 3322 5608 τὰ
3346 5556 3661 5627 ἀναιρετικά
3690 5556 3818 5609 τού-

2231 5662 2339 5697 των
2352 5646 2439 5698 όνό
2444 5663 2548 5717 ματ
2556 5648 2644 5715 ab:
2651 5646 2946 5717 ροσάλληλα
2959 5649 3075 5709 ταῖς
3087 5663 3155 5716 ση
3164 5649 3385 5718 μασίαις
3399 5649 3758 5721 συμφέρεται.

553 5731 688 5804 cipii
719 5739 802 5786 est
830 5746 1046 5804 expers.
1074 5732 1343 5797 Quoniam
1394 5735 1689 5789 secundum
1718 5735 1836 5805 ejus
1910 5736 2176 5791 rationem
2214 5751 2400 5792 eorum
2434 5754 2556 5810 qua:
2585 5738 2732 5793 dicta
2782 5749 2927 5804 sunt,
2977 5749 3266 5811 utrumque
3304 5750 3387 5797 est
3457 5740 3719 5805 essentia,
3763 5748 3821 5793 et
