4146 6386
313 438 451 498 1089

1447 436 1734 492 CONTRA
1774 434 2164 501 EUNOMIUM,
2205 432 2335 488 LIB.
2377 434 2493 491 XII.

3443 438 3580 495 5090

307 555 419 610 duo
476 551 590 606 haec
658 551 800 607 inter
868 567 929 606 se
1002 552 1209 606 mutuis
1281 553 1596 608 nationibus
1671 568 1782 607 non
1844 551 2279 623 permiscentur,
2348 565 2527 618 neque
2579 549 2908 623 principium
2970 569 3094 607 eum
3158 553 3264 609 ﬁne
3332 557 3580 612 eamdem

307 645 572 699 rationem
637 645 821 712 habet,

311 744 534 791 nuntur.

901 659 1081 715 neque
1123 659 1245 716 quae
1309 646 1424 700 haec
1481 645 1592 700 vim
1659 645 1942 700 auferendi
2012 643 2218 698 habent
2291 643 2535 709 nomina,
2598 643 2742 699 inter
2802 659 2864 700 se
2924 644 3309 716 signiﬁcantiis
3355 661 3584 718 compo-

388 826 476 888 Ὠς
518 826 561 879 δ’
594 826 658 879 ἂν
695 827 790 879 καὶ
833 826 997 889 αὐτὸς
1027 819 1276 897 ἐπιγνοίη
1307 826 1398 879 τὸν
1433 825 1562 880 ἴδιον
1595 826 1779 896 λῆρον,
1828 828 1892 878 ὲκ

2067 823 2140 880 Ut
2174 833 2355 879 autem
2413 839 2544 880 suas
2600 826 2716 895 ipse
2764 841 2936 896 nugas
2981 834 3265 897 agnoscat,
3309 844 3374 883 ex
3433 829 3582 885 illius

308 915 414 967 τῶν
453 917 582 988 παρ’
625 917 832 970 ἐκείνου
869 916 1140 989 ῥηθέντων
1184 917 1337 970 ἔσται
1381 919 1408 970 ὁ
1454 916 1694 988 ἐλεγχος.
1730 916 1889 983 Λέγει

311 1007 420 1074 γὰρ
452 1011 562 1071 τοῖς
598 1009 887 1080 ἡμετέροις
923 1009 1246 1079 μαχόμενος,
1286 1009 1367 1060 ὅτι
1399 1009 1427 1060 ὁ
1459 1007 1591 1071 Θεὸς
1623 1009 1716 1062 καὶ
1750 1008 1892 1061 κατά

312 1098 371 1149 τὸ
401 1098 752 1170 ἀτελεύτητόν
787 1102 931 1152 ἐστιν
961 1100 1253 1169 ἀγέννητος
1277 1138 1291 1160 ,
1329 1099 1421 1151 καὶ
1459 1097 1598 1152 κατά
1636 1099 1696 1151 τὸ
1728 1099 1890 1166 ἀγέν-

312 1207 470 1260 νητον
498 1191 869 1263 ἀτελεύτητος,
903 1191 977 1254 ὡς
1010 1193 1136 1262 μιᾶς
1164 1192 1271 1244 τῶν
1300 1192 1579 1262 ὀνομάτων
1612 1193 1670 1244 ἐν
1699 1191 1892 1245 ἐκατέ-

319 1299 430 1351 ροις
458 1281 622 1354 οὔσης
653 1284 965 1353 ἐμφάσεως.
1006 1285 1068 1337 Εἰ
1097 1283 1273 1337 τοίνυν
1301 1285 1394 1337 καὶ
1423 1284 1564 1338 κατὰ
1591 1284 1651 1336 τὸ
1676 1283 1895 1336 ἀτελεύ-

317 1374 476 1442 τητὸν
512 1376 657 1428 ἐστιν
684 1375 994 1445 ἀγέννητος,
1022 1377 1118 1429 καὶ
1155 1377 1348 1429 ταύτόν
1387 1379 1502 1430 ἐστι
1530 1377 1672 1430 κατά
1700 1377 1758 1429 τὸ
1795 1394 1893 1447 ση-

318 1466 639 1535 μαινόμενον
666 1466 726 1520 τὺ
747 1467 1098 1538 ἀτελεύτητὸν
1123 1485 1182 1522 τε
1211 1470 1303 1522 καὶ
1332 1469 1644 1539 ἀγέννητον,
1677 1469 1896 1522 ἀτελεύς

315 1573 474 1625 τητον
505 1557 560 1610 δὲ
591 1558 684 1610 καὶ
713 1557 803 1610 τὸν
832 1559 958 1612 Υἰὺν
987 1555 1124 1613 εἶναι
1160 1560 1483 1626 συντίθεται,
1513 1561 1808 1632 ἀγέννητον
1833 1562 1896 1613 ἐκ

316 1647 416 1716 τῆς
458 1648 772 1714 ἀκολουθίας
813 1651 1015 1720 ταύτης
1059 1653 1151 1706 καὶ
1193 1651 1285 1705 τὸν
1333 1653 1460 1705 Υἰὸν
1502 1656 1622 1707 κατ’
1655 1655 1897 1725 ἀνάγκην

319 1738 659 1809 συνθήσεται,
700 1743 856 1814 εἰπερ
897 1744 1091 1798 ταύτόν
1137 1747 1273 1809 ἐστι,
1321 1745 1504 1808 καθὼς
1559 1745 1768 1816 εἴρηκε,
1820 1747 1898 1818 τῷ

317 1829 537 1901 ἀνάρχῳ
558 1831 618 1885 τὸ
638 1833 1007 1904 ἀτελεύτητον.
1056 1835 1142 1899 Ὠς
1165 1835 1272 1907 γὰρ
1294 1837 1349 1888 ἐν
1377 1834 1454 1906 τῷ
1474 1835 1754 1905 ἀγεννήτῳ
1775 1834 1899 1906 βλέ-

318 1941 410 1978 πει
449 1925 509 1979 τὸ
542 1927 916 1998 ἀτελεύτητον,
956 1929 1125 1992 οὕτως
1171 1929 1424 2000 ὁμολογεῖ
1463 1929 1774 2000 νενοηκέναι
1809 1929 1902 1982 καὶ

317 2017 377 2067 ὲν
404 2017 481 2088 τῷ
513 2018 852 2091 ἀτελευτήτῳ
889 2020 950 2073 τὸ
978 2020 1230 2094 ἄναρχον.
1266 2021 1338 2073 Οὐ
1372 2020 1480 2092 γὰρ
1510 2018 1575 2073 ἂν
1605 2021 1662 2072 ὲν
1693 2020 1770 2090 τῷ
1803 2019 1902 2090 ῐσῳ

317 2109 416 2182 τὴν
438 2109 544 2162 τῶν
572 2111 847 2182 ὀνομάτων
870 2112 1212 2184 ἀναστροφὴν
1243 2113 1555 2180 ἐποιήσατο.
1603 2111 1764 2166 ’Λλλά
1795 2110 1899 2180 φύ-

1996 915 2156 970 dietis
2188 915 2292 969 erit
2345 916 2636 980 refutatio;
2689 915 2824 970 dicit
2868 917 3014 972 enim
3071 919 3277 973 nostris
3304 935 3580 990 pugnans,

1998 1007 2142 1076 quod
2177 1005 2319 1061 Deus
2340 1016 2393 1062 et
2437 1006 2737 1061 secundum
2783 1008 2836 1062 id
2878 1008 3024 1078 quod
3071 1012 3175 1064 ﬁne
3207 1021 3356 1063 caret
3380 1021 3464 1064 est
3493 1012 3582 1064 in-

1997 1097 2232 1166 genitus.
2273 1104 2326 1150 et
2343 1097 2642 1150 secundum
2693 1096 2838 1164 quod
2867 1098 3165 1167 ingenitum
3194 1107 3302 1162 est,
3338 1106 3423 1153 est
3455 1100 3582 1154 ﬁnis

1997 1200 2215 1254 expers,
2252 1200 2316 1238 ac
2349 1186 2392 1240 si
2438 1185 2725 1254 utriusque
2779 1186 3016 1240 nominis
3051 1196 3196 1240 esset
3231 1203 3339 1240 una
3371 1187 3582 1258 signiﬁ-

2000 1276 2164 1330 catio.
2197 1277 2254 1330 Si
2303 1276 2472 1345 igitur
2521 1287 2576 1330 et
2625 1277 2926 1331 secundum
2970 1276 3022 1330 id
3071 1277 3219 1344 quod
3258 1277 3416 1334 ﬁnem
3471 1295 3582 1336 non

2003 1365 2163 1418 habet
2193 1375 2276 1421 est
2311 1366 2603 1436 ingenitus,
2633 1374 2687 1420 et
2721 1366 2860 1421 idem
2885 1367 3183 1422 secundum
3218 1369 3583 1439 signiﬁcatum

2001 1458 2060 1510 τὸ
2075 1457 2422 1529 ἀτελεύτητον
2441 1459 2606 1529 (quod
2627 1458 2782 1513 ﬁnem
2815 1476 2924 1513 non
2958 1460 3174 1531 habet,)
3210 1471 3263 1516 et
3291 1462 3584 1532 ἀγέννητον

2004 1550 2170 1620 (quod
2201 1559 2284 1605 est
2310 1550 2660 1620 ingenitum.)
2685 1549 2882 1604 Filium
2910 1563 3085 1606 autem
3115 1553 3277 1606 etiam
3297 1554 3587 1625 ἀτελεύτη-

2003 1658 2092 1693 τον
2111 1642 2272 1694 ﬁnetn
2307 1657 2416 1695 non
2438 1643 2636 1696 habere
2658 1644 2980 1707 assentitur,
3000 1658 3066 1697 ex
3087 1644 3188 1698 hac
3209 1646 3584 1716 consequendi

2006 1735 2334 1788 necessitate
2359 1734 2524 1788 etiam
2555 1733 2752 1788 Filium
2782 1735 3086 1805 ingenitum
3119 1751 3242 1791 esse
3268 1739 3584 1792 necessario

2005 1825 2376 1890 conﬁtebitur,
2410 1827 2678 1896 siquidem
2717 1827 2858 1882 idem
2891 1836 3003 1894 est,
3036 1828 3181 1883 sicut
3214 1828 3388 1896 dixit,
3421 1831 3581 1885 ﬁnem

2008 1935 2119 1973 non
2148 1919 2385 1984 habere,
2421 1935 2547 1974 cum
2587 1935 2651 1974 eo
2678 1919 2826 1988 quod
2859 1927 2943 1974 est
2970 1920 3242 1990 principio
3273 1937 3483 1976 carere.
3516 1920 3586 1976 Ut

2007 2013 2152 2067 enim
2191 2013 2244 2065 in
2279 2013 2524 2082 ingenito
2557 2012 2705 2067 videt
2738 2013 2885 2082 quod
2919 2011 3080 2067 ﬁnem
3120 2029 3230 2068 non
3265 2015 3466 2081 habet,
3504 2018 3586 2071 sic

2009 2102 2303 2157 conﬁtetur
2337 2105 2390 2156 in
2420 2118 2483 2157 eo
2510 2102 2654 2173 quod
2701 2103 2858 2158 ﬁnem
2903 2103 3068 2159 habet
3115 2106 3492 2171 intellexisse.
3528 2107 3585 2162 id

321 2218 402 2254 σει
441 2203 533 2255 καί
575 2204 633 2256 ού
683 2204 982 2276 παραθέσει
1029 2205 1137 2258 τῶν
1181 2204 1412 2269 αἰώνων,
1459 2205 1646 2276 φησὶν,
1694 2207 1723 2259 ὁ
1771 2204 1903 2268 Θεός

2009 2195 2154 2264 quod
2183 2195 2438 2266 principii
2471 2204 2556 2250 est
2581 2210 2780 2266 expers
2801 2235 2816 2260 ,
2850 2211 2957 2250 non
2989 2200 3134 2252 enim
3167 2199 3222 2252 in
3254 2201 3450 2269 aequali
3482 2215 3584 2253 no-

321 2294 467 2347 ὲστιν
501 2294 812 2365 ἀγέννητος.
855 2297 951 2361 Τίς
983 2297 1038 2351 δὲ
1073 2300 1101 2351 ὁ
1146 2297 1276 2368 περὶ
1315 2296 1522 2350 τούτων
1569 2298 1902 2368 μαχόμενος,

320 2384 382 2436 τὸ
407 2383 480 2454 μὴ
515 2384 671 2453 φύσει
712 2388 800 2440 τὸν
831 2387 962 2440 Θεὸν
1008 2389 1117 2442 πᾶν
1155 2383 1294 2441 εἶναι
1340 2389 1369 2441 ὃ
1440 2405 1490 2441 τι
1525 2387 1620 2441 καὶ
1652 2387 1900 2455 λέγεταις

323 2475 433 2528 Καὶ
468 2476 574 2546 γὰρ
617 2477 709 2528 καὶ
734 2476 961 2535 δίκαιον.
1005 2477 1100 2530 καὶ
1131 2476 1375 2538 δυνατὸν,
1418 2476 1513 2529 καὶ
1545 2475 1781 2546 Πατέρα,
1812 2475 1905 2528 καὶ

323 2566 614 2635 ἄφθαρτον,
643 2566 765 2620 οὔτε
791 2571 856 2640 τῇ
883 2569 1016 2641 πρὸς
1044 2569 1168 2631 τοῦς
1198 2567 1400 2631 αἰῶνας
1428 2566 1726 2638 παραθέσει
1752 2565 1907 2634 λέγο-

328 2675 426 2728 μεν
455 2658 544 2710 τὸν
567 2659 696 2712 Θεὸν
717 2657 877 2724 εἶναι,
905 2659 1026 2712 οὔτε
1058 2663 1124 2731 τῇ
1147 2659 1282 2729 πρὸς
1310 2658 1495 2730 ἕτερον
1521 2677 1572 2712 τι
1598 2657 1707 2711 τῶν
1731 2657 1904 2711 ὄντων

323 2750 588 2822 ἀναφορᾷ,
615 2750 749 2805 ἀλλά
792 2753 920 2823 περί
944 2752 1076 2806 αὐτὸ
1105 2752 1166 2804 τὸ
1199 2750 1586 2820 ὑποκείμενον,
1617 2750 1646 2803 ὃ
1694 2747 1746 2802 τί
1775 2763 1905 2802 ποτε

325 2841 464 2896 κατά
491 2843 589 2915 τὴν
619 2843 779 2912 φύσιν
807 2845 975 2904 ἐστὶν,
1004 2845 1182 2897 πᾶσαν
1208 2843 1406 2913 εὐσεὸἧ
1425 2841 1737 2913 θεωροῦμεν
1771 2840 1904 2894 ὑπό-

323 2935 518 3004 ὶηψιν·
578 2935 653 2998 ὡς
693 2937 807 3004 εἴγε
866 2937 987 2990 καθ’
1031 2935 1288 2988 ὑπόθεσιν
1325 2937 1462 3005 μήτε
1486 2934 1638 2998 αἰὼν,
1687 2935 1823 3004 μήτε
1853 2950 1907 2985 τι

322 3026 450 3080 ἄλλο
481 3024 588 3079 τῶν
617 3026 759 3080 κατά
786 3027 882 3098 τὴν
917 3027 1091 3080 κτίσιν
1120 3026 1424 3091 νοουμένων
1450 3025 1902 3096 δεδημιούργητο,

323 3118 475 3171 οὐδὲν
505 3114 665 3188 ἦττον
691 3115 760 3188 ἦν
789 3118 853 3172 ἂν
885 3121 914 3172 ὁ
946 3119 1098 3181 Θεὸς,
1138 3119 1273 3187 ὅπερ
1311 3117 1406 3170 νῦν
1445 3112 1584 3170 εἶναι
1615 3115 1906 3168 πεπίστευ-

324 3225 432 3271 ιαι,
462 3209 613 3262 οῦδὲν
652 3209 760 3262 τῶν
789 3208 997 3262 αἰώνων
1033 3213 1110 3272 είς
1132 3209 1193 3261 τὸ
1221 3208 1472 3276 γενέσθαι
1507 3208 1535 3261 ὅ
1566 3209 1706 3274 ἐστι,
1739 3223 1908 3277 προσ-

325 3300 590 3373 δεόμενος.
634 3303 773 3356 Ἀλλ’
800 3304 899 3357 οὐκ
933 3304 1290 3370 ἐπείσακτον,
1322 3304 1518 3374 φησιν,
1554 3304 1672 3356 οὐδὲ
1722 3301 1908 3355 σύνθεο

320 3410 434 3456 τον,
454 3393 574 3446 οὐδὲ
593 3389 846 3467 διάφορον
872 3394 982 3466 ἔχει
1006 3396 1168 3466 ζωήν.
1199 3395 1369 3458 Αὐτὸς
1387 3395 1495 3464 γάρ
1512 3397 1658 3447 ἐστιν
1682 3396 1714 3464 ἡ
1741 3393 1907 3457 ἀΐδιος

326 3485 458 3556 ζωὴ.
487 3486 605 3538 κατ’
634 3487 802 3557 αὐτὴν
835 3488 932 3558 τὴν
963 3487 1106 3558 ζωὴν
1137 3487 1422 3550 ἀθάνατος,
1453 3488 1579 3540 κατ’
1612 3485 1780 3556 αὐτὴν
1807 3485 1907 3555 τὴν

323 3576 621 3631 ἀθανασίαν
663 3578 952 3650 ἄφθαρτος.
995 3579 1178 3633 Ταῦτα
1211 3580 1304 3632 καὶ
1350 3579 1478 3649 περὶ
1527 3577 1618 3631 τοῦ
1666 3578 1905 3645 Μονογε-

323 3666 448 3730 νοῦς
497 3668 916 3738 μεμαθήκαμεν,
960 3670 1054 3722 καὶ
1093 3671 1121 3722 ὁ
1153 3669 1449 3737 ἀντιλέγων
1483 3669 1581 3721 οὐκ
1628 3667 1808 3729 ἔστιν,
1857 3668 1906 3719 εἰ

330 3759 402 3828 μή
443 3775 527 3820 τις
557 3758 662 3828 ἄρα
701 3761 820 3822 ταῖς
869 3758 1113 3812 Ἰωάννου
1145 3763 1350 3828 φωναῖς
1381 3762 1445 3813 ὲκ
1472 3758 1564 3812 τοῦ
1599 3756 1905 3830 προφανοῦς

319 3847 660 3918 διαμάχοιτο.
713 3849 849 3901 υῦτε
903 3849 1012 3922 γὰρ
1058 3849 1356 3920 ἐπεισήχθη
1408 3849 1487 3920 τῷ
1534 3847 1716 3919 Υἰῷή
1770 3847 1903 3918 ζωή.

337 3939 484 4010 Ἐγὼ
515 3940 620 4014 γάρ
647 3943 782 4008 εἰμι,
809 3943 992 4010 φησὶν,
1020 3942 1058 4009 ἡ
1082 3941 1212 4009 ζωή.
1242 3942 1382 3996 Οὔτε
1405 3939 1656 4002 σύνθετος
1677 3939 1840 3992 αὐτοῦ
1871 3941 1904 4009 ἡ

325 4034 462 4102 ζωὴ,
516 4031 638 4085 οὔτε
685 4032 960 4104 διάφορος,
995 4033 1132 4087 ἀλλά
1179 4033 1320 4088 κατά
1368 4032 1571 4103 ταύτην
1613 4031 1712 4102 τὴν
1761 4030 1906 4100 ζωήν

325 4125 469 4175 ἐστιν
501 4123 784 4187 ἀθάνατος.
832 4125 945 4177 Τίνι
991 4125 1100 4194 γὰρ
1142 4125 1206 4178 ἄν
1244 4143 1324 4189 τις
1357 4124 1502 4196 ἄλλῳ
1531 4123 1592 4177 τὸ
1638 4123 1904 4177 ἀθάνατον

327 4213 463 4284 πλὴν
493 4215 550 4265 ὲν
585 4212 694 4284 ζωῇ
727 4214 1021 4285 θεωρήσειε
1044 4233 1059 4281 ;
1102 4217 1209 4268 Καὶ
1236 4217 1355 4269 κατ’
1382 4215 1552 4287 αὐτὴν
1580 4215 1678 4286 τὴν
1705 4215 1906 4268 ἀθανα-

328 4302 467 4365 σίαν,
499 4302 786 4375 ἄφθαρτος.
832 4306 904 4358 Τὸ
935 4308 1042 4378 γὰρ
1074 4307 1301 4361 θανάτου
1336 4309 1604 4380 κρεῖττον,
1649 4309 1744 4361 καὶ
1775 4307 1906 4376 φθο-

326 4397 427 4464 ρᾶς
459 4395 674 4459 πάντως
700 4398 846 4450 ἐστὶν
889 4399 1255 4454 ἀνεπίδεκτον.
1298 4399 1475 4473 Μέχρι
1519 4399 1709 4452 τούτου
1744 4398 1840 4452 καὶ
1877 4399 1907 4451 ὁ

325 4482 590 4554 ἡμέτερος
628 4483 817 4539 ἕπεται
849 4487 1026 4555 λόγος.

2009 2288 2214 2341 minum
2247 2290 2659 2343 conversionem
2689 2289 2930 2346 fecisset.
2962 2289 3069 2345 Sed
3101 2299 3299 2347 natura
3321 2333 3338 2357 ,
3369 2292 3583 2362 inquit,

2006 2385 2058 2431 et
2092 2393 2199 2431 non
2233 2378 2562 2433 saeculorum
2600 2378 2947 2449 appositione
2983 2378 3128 2435 Deus
3161 2389 3246 2436 est
3282 2381 3581 2452 ingenitus.

2007 2466 2140 2533 Quis
2174 2468 2240 2522 de
2269 2485 2333 2523 eo
2362 2469 2661 2523 contendat
2683 2511 2698 2534 ,
2735 2469 2900 2525 Deum
2936 2485 3044 2525 non
3077 2481 3276 2526 natura
3319 2473 3374 2528 id
3421 2490 3585 2530 omne

2007 2573 2131 2612 esse
2156 2559 2300 2628 quod
2335 2558 2495 2621 etiam
2523 2558 2729 2613 dicitur
2752 2559 2774 2612 ?
2801 2559 3015 2615 Etenim
3045 2570 3100 2616 et
3126 2562 3335 2631 justum
3358 2602 3373 2627 ,
3404 2572 3458 2618 et
3487 2580 3586 2634 po-

2006 2659 2244 2715 tentem,
2281 2660 2334 2704 et
2367 2651 2616 2718 Patrem,
2646 2665 2700 2708 et
2727 2654 3202 2724 incorruptibilem
3230 2673 3247 2724 ;
3281 2673 3456 2727 neque
3484 2675 3586 2715 sa:-

2005 2745 2257 2798 culorum
2309 2744 2656 2814 appositione
2705 2745 2876 2801 Deum
2929 2763 3054 2803 esse
3100 2748 3375 2814 dicimus,
3411 2766 3588 2822 neque

2006 2852 2130 2889 cum
2163 2838 2335 2891 altero
2367 2852 2558 2890 eorum
2589 2853 2711 2906 quae
2744 2846 2875 2892 sunt
2904 2840 3212 2906 relatione;
3249 2841 3346 2896 sed
3377 2843 3432 2896 in
3465 2844 3588 2914 ipso

2009 2927 2255 2996 subjecto
2275 2968 2289 2992 ,
2320 2929 2586 2998 quidquid
2615 2929 2831 2984 tandem
2862 2933 3162 2986 secundum
3190 2939 3441 2987 naturam
3465 2945 3584 3001 est,

2008 3035 2224 3074 onmem
2265 3022 2411 3090 piam
2447 3022 2762 3091 opinionem
2795 3025 3272 3094 contemplamur:
3320 3037 3378 3082 ut
3423 3029 3472 3082 si
3518 3044 3585 3084 ex

2009 3113 2385 3182 suppositione
2431 3131 2608 3184 neque
2651 3117 2955 3181 saeculum,
3001 3132 3183 3187 neque
3227 3118 3380 3173 aliud
3427 3121 3589 3190 quid-

2007 3222 2168 3274 quam
2198 3221 2420 3272 eorum,
2472 3224 2596 3278 qua:
2652 3209 2953 3263 secundum
3005 3212 3339 3268 creationem
3383 3215 3588 3270 intelli-

2008 3305 2232 3365 guntur,
2281 3306 2428 3352 esset
2477 3299 2796 3365 conditum,
2838 3301 3203 3358 nihilominus
3251 3314 3399 3362 esset
3444 3306 3589 3363 Deus

2007 3388 2153 3457 quod
2187 3405 2332 3442 nunc
2364 3404 2487 3444 esse
2518 3390 2791 3444 creditum
2829 3399 2945 3455 est,
2977 3392 3114 3446 nihil
3147 3402 3205 3448 nt
3232 3396 3304 3450 sit
3333 3397 3478 3466 quod
3505 3408 3589 3454 est

2009 3479 2226 3534 smculis
2257 3480 2530 3549 indigens.
2577 3481 2683 3536 Sed
2728 3483 2804 3536 ait
2847 3499 3030 3552 neque
3071 3485 3458 3553 adventitiam,
3492 3505 3589 3546 ne-

2013 3588 2120 3641 que
2149 3575 2515 3642 compositam
2539 3615 2552 3639 ,
2586 3591 2764 3645 neque
2793 3575 3135 3632 differenten]
3164 3577 3370 3635 habere
3396 3582 3586 3637 vitam.

2013 3665 2134 3733 ipse
2161 3664 2305 3718 enim
2340 3673 2426 3719 est
2454 3673 2655 3719 aeterna
2690 3667 2797 3718 vita
2820 3705 2836 3729 ,
2871 3667 3177 3722 secundum
3211 3670 3390 3739 ipsam
3417 3672 3587 3726 vitam

2013 3757 2369 3817 immortalis.
2407 3756 2708 3811 secundum
2756 3756 3221 3814 immortalitatem
3256 3761 3590 3834 incorrupti-

2014 3846 2159 3900 bilis.
2197 3845 2321 3900 Haec
2350 3847 2514 3900 etiam
2547 3845 2615 3901 de
2665 3844 2955 3916 Unigenito
3001 3849 3316 3905 didicimus.
3347 3851 3459 3908 Nec
3505 3863 3591 3910 est

2011 3938 2102 4007 qui
2135 3938 2514 4000 contradicat,
2549 3938 2655 3991 nisi
2683 3937 2913 3993 Joannis
2941 3941 3170 3996 vocibus
3199 3957 3266 3996 ex
3299 3950 3589 4015 propatulo

2012 4037 2297 4098 repugnet.
2333 4027 2522 4096 Neque
2549 4028 2695 4082 enim
2726 4027 2864 4082 Filio
2891 4030 3001 4084 vita
3033 4031 3256 4087 aliunde
3279 4033 3453 4089 ascita
3479 4047 3585 4092 est.

2013 4118 2124 4188 Ego
2182 4120 2324 4172 enim
2370 4135 2520 4182 sum,
2551 4118 2764 4187 inquit,
2808 4119 2915 4172 vita
2950 4120 3020 4175 ⁸³.
3077 4119 3263 4191 Neque
3305 4124 3426 4192 ejus
3479 4127 3588 4182 vita

2012 4213 2355 4281 composita.
2391 4226 2567 4278 neque
2614 4209 2906 4274 differens,
2945 4213 3038 4267 sed
3091 4215 3392 4270 secundum
3446 4218 3588 4274 hanc

2008 4304 2173 4355 vitam
2206 4312 2289 4356 est
2321 4303 2668 4357 immortalis.
2707 4301 2761 4356 In
2795 4319 2906 4374 quo
2947 4305 3091 4358 enim
3138 4307 3246 4360 alio
3294 4310 3440 4377 quod
3487 4311 3588 4363 im-

2012 4394 2240 4446 mortale
2259 4401 2363 4456 est,
2386 4403 2744 4463 praeterquam
2769 4395 2824 4448 in
2848 4395 2979 4458 vita,
2999 4399 3504 4468 contemplaretur?
3526 4401 3588 4456 Et

2015 4487 2320 4540 secundum
2355 4484 2528 4554 ipsam
2565 4486 3026 4540 immortalitatem
3072 4489 3504 4559 incorruptibilis
3535 4504 3588 4548 et

326 4583 501 4626 morte
539 4577 828 4642 potentior,
858 4585 1020 4646 atque
1062 4594 1291 4648 prorsus
1336 4579 1592 4634 interitus
1623 4578 1800 4632 omnis
1829 4589 1912 4632 est
1945 4593 2160 4647 expers.
2196 4574 2476 4629 Hactenus
2505 4591 2685 4628 sermo
2717 4583 2907 4630 noster
2933 4577 3094 4632 dictis
3124 4580 3445 4636 assentitur.

397 4664 498 4717 Τὸν
535 4665 592 4718 δὲ
644 4671 1131 4741 συγγεγραμμένον
1183 4675 1296 4736 τοῖς
1346 4672 1654 4742 εἰρημένοις
1699 4670 1911 4741 γρίφου.

325 4755 716 4828 ἑρμηνεύοντες
741 4760 789 4811 οἰ
819 4763 883 4831 τῇ
916 4762 1214 4832 Προυνίκου
1240 4762 1401 4833 σοφίᾳ
1424 4765 1554 4831 ἐγγυ
1565 4761 1911 4832 μνασθέντες·

2085 4668 2402 4738 Ascriptutn
2435 4678 2617 4723 autem
2650 4671 2703 4722 in
2741 4670 3098 4738 sequentibus
3127 4671 3380 4740 griphum
3419 4672 3589 4727 inter-

2015 4769 2320 4832 pretentur,
2350 4761 2442 4830 qui
2479 4763 2530 4814 in
2558 4759 2781 4814 Prunici
2809 4761 3074 4830 sapientia
3104 4771 3232 4816 sunt
3256 4765 3539 4818 exercitati
3567 4785 3582 4820 :

324 4849 383 4914 ἐξ
417 4850 630 4920 ἐκείνης
657 4851 766 4922 γὰρ
793 4853 940 4905 δοκεῖ
970 4871 1060 4924 μοι
1111 4856 1210 4925 τῆς
1262 4855 1617 4926 παρασκευῆς
1659 4853 1728 4906 τὰ
1765 4853 1903 4923 εἰρη-

2012 4870 2078 4907 cx
2114 4854 2206 4906 illo
2235 4853 2380 4906 enim
2419 4867 2686 4923 apparatu
2719 4855 2849 4907 mihi
2884 4853 3100 4908 videtur
3128 4871 3249 4924 qute
3279 4856 3421 4910 dicta
3455 4867 3586 4912 sunt

330 4939 465 5007 μένα
514 4940 953 5010 προενηνοχέναι.
1000 4942 1065 4995 Τί
1112 4943 1220 5011 γάρ
1267 4960 1467 5014 φησιν;
1501 4945 1790 5010 Ἀναρχος
1833 4938 1917 4993 ὢν

326 5029 626 5099 ἀνάρχως,
656 5030 984 5100 ἀγέννητός
1011 5033 1180 5086 ἐστιν
1198 5031 1558 5102 ἀγεννήτως,
1594 5032 1912 5098 ἀτελεύτη-

2018 4943 2338 5012 protulisse.
2376 4942 2518 5007 Quid
2550 4945 2692 4996 enim
2726 4944 2846 4996 ait?
2873 4942 3003 4997 Cum
3034 4945 3102 4997 sit
3127 4945 3372 5013 principii
3401 4961 3585 5014 expers

2016 5038 2128 5088 sine
2163 5035 2455 5103 principio,
2493 5035 2756 5102 ingenitus
2792 5049 2870 5089 est
2905 5036 3164 5105 ingenita,
3211 5037 3584 5093 interminatus

326 5123 427 5186 τός
474 5122 644 5174 ἐστιν
679 5122 1115 5192 ἀτελευτήτως,
1160 5123 1299 5176 οὔτε
1332 5123 1460 5177 καθ’
1498 5123 1722 5190 ἕτερον,
1772 5121 1903 5175 οὔτε

2013 5126 2380 5187 interminata,
2418 5122 2556 5194 quod
2591 5140 2751 5190 neque
2785 5125 3072 5176 secundum
3119 5125 3380 5192 alterum,
3425 5143 3587 5196 neque

325 5216 399 5270 δι’
441 5216 664 5285 ἕτερον,
711 5219 849 5272 οὔτε
885 5219 1036 5288 πρὸς
1077 5219 1283 5287 ἕτερον
1319 5219 1666 5288 λεγόμενον.
1711 5218 1769 5270 ’0
1803 5218 1911 5290 γὰρ

329 5307 740 5378 κεκαθαρμένος
758 5307 855 5380 τὴν
876 5310 1066 5381 ἀκοὴν,
1090 5312 1184 5364 καὶ
1211 5310 1512 5382 διορατικὸς
1534 5309 1631 5380 τὴν
1651 5309 1908 5372 διάνοιαν,

325 5394 432 5450 οἶδε
462 5399 556 5451 καὶ
585 5399 690 5470 πρὸ
717 5401 824 5452 τῶν
856 5402 1004 5472 ἐμῶν
1041 5403 1236 5472 λόγων,
1268 5404 1347 5456 ὅτι
1369 5402 1510 5472 πλὴν
1542 5400 1637 5454 τοῦ
1664 5403 1908 5469 πατάγου

325 5489 430 5540 τῶν
460 5489 757 5559 ὀνομάτων,
779 5492 814 5546 ἀ
840 5497 904 5564 τῇ
929 5494 1200 5566 ἀλλοκότῳ
1226 5494 1406 5549 αὐτῶν
1433 5494 1719 5565 συμπλοκῇ
1752 5511 1911 5547 κατε-

327 5582 611 5652 κρότησεν,
639 5584 791 5637 οὐδὲν
820 5588 962 5656 ἴχνος
989 5587 1421 5659 ὲπιστημονικῆς
1449 5587 1687 5649 διανοίας
1711 5588 1768 5637 ἐν
1798 5587 1910 5648 τοῖς

327 5674 634 5742 εἰρημένοις
659 5674 992 5746 εὑρίσκεται.
1017 5679 1077 5731 Εἰ
1103 5678 1158 5731 δὲ
1187 5677 1295 5750 ἄρα
1318 5695 1400 5740 τις
1433 5677 1526 5729 καὶ
1554 5676 1682 5730 σκιά
1704 5677 1908 5746 νοήμα-

327 5781 436 5827 τος,
469 5763 546 5834 τῷ
572 5765 728 5836 ψόφῳ
758 5766 866 5821 τῶν
900 5768 1159 5841 ῥημάτων
1195 5768 1522 5842 ἐνευρεθείη,
1552 5769 1586 5840 ἢ
1621 5768 1815 5832 ἀσεϐὲς
1848 5767 1910 5821 τὸ

396 5902 442 5937 ⁸³
476 5902 632 5960 Joan.
660 5922 736 5973 ιι,
763 5906 854 5963 25.

2010 5227 2224 5285 propter
2272 5222 2537 5275 alterum,
2589 5230 2748 5284 neque
2802 5213 2870 5267 ad
2927 5214 3154 5268 alterum
3207 5214 3426 5271 dicitur.
3480 5215 3585 5282 Qui

2014 5324 2202 5362 aurem
2235 5315 2519 5377 purgatam
2555 5306 2755 5370 habet,
2800 5314 2854 5359 et
2900 5307 3258 5376 intelligentia
3294 5318 3377 5362 est
3409 5309 3586 5363 solers

2015 5415 2078 5455 ac
2111 5400 2400 5470 perspicax
2425 5439 2439 5462 ,
2474 5407 2772 5468 antequam
2804 5399 3101 5469 quidquam
3138 5399 3401 5464 dixerim,
3433 5401 3586 5456 novit

2017 5501 2214 5562 praeter
2243 5490 2535 5544 verborum
2571 5489 2894 5558 strepitum,
2943 5505 3064 5559 qua:
3091 5501 3402 5544 monstroso
3435 5491 3585 5561 ipso-

2014 5600 2135 5639 rum
2169 5583 2459 5653 complexu
2489 5582 2738 5651 crepuit,
2766 5584 2975 5636 nullum
3006 5582 3286 5636 scientiam
3313 5583 3584 5652 gignentis

2016 5673 2403 5744 intelligentim
2432 5673 2722 5740 vestigium
2753 5673 2804 5725 in
2842 5673 2926 5725 his
2955 5672 3116 5726 dictis
3147 5672 3396 5725 inveniri.
3431 5671 3586 5737 Quod

2017 5769 2058 5822 si
2092 5767 2272 5836 aliqua
2306 5764 2546 5818 notionis
2585 5764 2774 5818 umbra
2811 5765 2864 5818 in
2899 5765 3001 5818 hoc
3035 5763 3322 5818 verborum
3353 5765 3586 5836 strepitu
