4146 6386
546 455 683 514 1091

1764 448 1823 505 S.
1862 441 2190 501 GREGORII
2218 440 2503 499 NYSSENI

3676 436 3826 492 1092

542 571 767 626 inventa
804 567 1007 633 fuerit,
1032 568 1119 623 vel
1160 567 1306 637 quod
1350 567 1629 621 inventum
1674 564 1872 628 fuerit,
1896 563 2120 618 omnino

2226 562 2441 633 εὑρεθὲν
2468 561 2617 613 ἔσται
2648 559 2883 622 πάντως,
2914 556 2947 627 ἢ
2976 553 3395 621 καταγέλαστον.
3434 552 3501 605 Τί
3530 551 3637 623 γάρ
3660 551 3804 605 νοῶν

546 662 772 732 impium
805 661 947 725 erit,
978 661 1061 716 vel
1095 661 1410 715 ridiculum.
1466 659 1610 725 Quid
1642 659 1789 712 enim
1821 658 2134 731 intelligens

544 753 649 808 hoc
688 750 866 807 dicis?
919 750 1007 806 dic
1054 751 1211 807 mihi.
1263 752 1420 818 Quod
1465 751 1724 823 principii
1771 767 1967 822 expers
2017 754 2135 810 sine

546 845 655 901 fine
683 853 805 911 est,
841 853 896 899 et
926 844 1035 899 ﬁne
1061 859 1262 898 carens
1291 845 1509 913 absque
1543 843 1833 913 principio.
1871 844 1951 896 An
1987 845 2130 900 idem

547 944 709 1005 putas
744 952 867 991 esse
900 936 1232 1007 principium
1265 951 1391 990 cum
1431 935 1582 989 ﬁne?
1614 934 1679 988 Et
1715 935 1784 989 de
1819 951 1930 990 uno
1964 953 2130 992 sensu

546 1027 685 1081 duas
728 1041 891 1081 voces
938 1026 1149 1095 positas
1186 1041 1345 1086 esse,
1397 1034 1456 1077 ut
1504 1022 1648 1078 Petri
1677 1031 1732 1078 et
1763 1021 2003 1080 Simonis
2037 1040 2133 1095 ap-

549 1118 876 1187 pellationes
908 1132 1078 1171 unum
1124 1116 1403 1186 quoddam
1449 1116 1760 1185 subjectum
1808 1117 2127 1183 declarant,

550 1212 825 1281 huiusque
868 1211 1043 1281 gratia
1096 1209 1565 1279 quemadmodum
1624 1210 1957 1279 principium
2003 1228 2127 1265 cum

550 1303 656 1357 ﬁne
696 1302 838 1356 idem
874 1318 995 1356 esse
1030 1311 1225 1371 putas,
1264 1302 1343 1355 sic
1375 1301 1643 1371 copulans
1672 1301 1738 1355 ad
1766 1318 1931 1357 unam
1959 1304 2130 1374 signi-

550 1394 827 1448 ﬁcantiam
862 1395 1001 1449 duas
1036 1410 1201 1449 voces
1245 1395 1439 1448 horum
1488 1402 1784 1464 utrumque
1835 1397 2086 1452 tollentes
2110 1438 2126 1459 ,

550 1490 713 1541 ﬁnem
747 1487 871 1541 dico
908 1496 963 1542 et
996 1487 1369 1557 principium,
1409 1502 1475 1541 ex
1508 1502 1778 1542 converso
1813 1488 2127 1559 intelligens

550 1579 692 1633 idem
726 1594 849 1633 esse
879 1593 1006 1631 eum
1040 1577 1293 1647 principii
1326 1586 1578 1645 experte,
1614 1578 1666 1631 id
1702 1576 1848 1648 quod
1893 1576 2001 1633 ﬁne
2030 1594 2126 1633 ca-

548 1679 671 1735 ret,
698 1671 837 1725 duas
866 1686 1031 1726 voces
1062 1669 1323 1725 confusas
1353 1670 1495 1723 inter
1517 1686 1576 1725 se
1606 1686 1767 1724 unam
1801 1670 2001 1725 fecisti.
2027 1673 2125 1725 At-

548 1778 655 1832 que
693 1764 808 1817 hmc
843 1763 937 1816 tibi
983 1764 1266 1816 nominum
1303 1762 1420 1815 vult
1447 1762 1759 1817 commistio
1781 1802 1795 1827 ,
1827 1778 1952 1817 cum
1985 1762 2125 1819 dicis

548 1854 851 1926 ingenitum
886 1871 1011 1910 esse
1045 1859 1165 1912 sine
1207 1856 1341 1918 ﬁne,
1375 1864 1431 1909 et
1477 1856 1583 1911 ﬁne
1620 1872 1818 1913 carens
1854 1859 2117 1923 ingenite.

2237 654 2393 709 τοῦτο
2430 654 2644 723 λέγεις;
2673 651 2810 707 Εἰπέ
2852 668 2961 722 μοι.
3005 648 3131 703 ’Ότι
3161 648 3394 719 ἀναρχός
3423 650 3569 703 ἐστιν
3598 650 3818 703 ἀτελευ-

2236 751 2413 819 τήτως
2434 788 2449 811 ,
2482 747 2576 800 καὶ
2604 744 2961 814 ἀτελεύτητος
2996 742 3267 815 ἀνάρχως.
3308 738 3456 813 *Αρα
3485 742 3677 796 ταύτὸν
3714 745 3821 798 οἴει

2235 841 2331 906 τὴν
2384 840 2560 911 ἀρχὴν
2599 832 2739 891 εἶναι
2776 835 2855 906 τῷ
2898 835 3075 898 τέλει;
3127 834 3236 887 Καὶ
3279 834 3401 887 καθ’
3437 834 3556 898 ένὸς
3604 834 3822 887 κεῖσθαι

2234 934 2505 1001 νοήματος
2536 928 2635 994 τὰς
2663 929 2757 983 δύο
2786 928 2988 998 φωνὰς,
3021 927 3096 990 ὡς
3122 926 3325 997 Πέτρου
3358 926 3453 977 καὶ
3487 926 3731 995 Σίμωνος
3762 928 3819 978 αί

2236 1023 2595 1096 προσηγορίαι
2616 1022 2675 1076 ’ἐν
2698 1040 2750 1076 τι
2778 1022 2839 1076 τὸ
2867 1020 3223 1090 ὑποκείμενον
3250 1018 3316 1071 δι’
3344 1017 3549 1071 ἑαυτῶν
3573 1017 3817 1088 δηλοῦσι,

2234 1120 2331 1173 καὶ
2358 1120 2547 1173 τούτου
2585 1119 2744 1189 χάριν
2776 1115 2965 1187 ὥσπερ
3007 1114 3103 1185 τήν
3144 1113 3316 1183 ἀρχὴν
3346 1112 3423 1182 τῷ
3451 1112 3592 1165 τέλει
3620 1113 3819 1165 ταύτὸν

2233 1208 2373 1265 εἶναι
2414 1210 2677 1282 νομίζεις,
2724 1209 2897 1272 οὕτως
2926 1206 3165 1275 συνάψας
3198 1205 3335 1276 πρὸς
3372 1206 3500 1275 μίαν
3542 1208 3818 1276 σημασίαν

2231 1306 2327 1368 τὰς
2356 1304 2448 1358 δύο
2470 1304 2651 1374 φωνὰς
2675 1304 2773 1367 τὰς
2797 1301 3057 1372 ἐκατέρου
3092 1300 3296 1353 τούτων
3323 1300 3691 1371 ἀναιρετικάς,
3719 1300 3817 1353 τοῦ

2230 1398 2415 1461 τέλους
2439 1397 2583 1464 λέγω
2600 1399 2692 1449 καὶ
2718 1396 2815 1465 τῆς
2833 1394 3027 1465 ἀρχῆς,
3050 1394 3115 1445 ὲκ
3130 1392 3223 1444 τοῦ
3242 1391 3595 1460 ἀντιστρόφου
3618 1393 3817 1462 νοήσας

2229 1490 2306 1561 τῷ
2345 1489 2569 1561 ἀνάρχῳ
2612 1486 2808 1540 ταύτὸν
2850 1482 3081 1539 εἶναιτὸ
3121 1484 3492 1556 ἀτελεύτητον,
3541 1484 3669 1553 μίαν
3716 1484 3818 1547 τὰς

2228 1585 2321 1637 δύο
2363 1584 2546 1652 φωνὰς
2586 1582 2860 1653 συγχύσας
2894 1580 3149 1652 ἀλλήλαις
3188 1579 3470 1649 ἐποίησας.
3512 1578 3620 1632 Kal.
3658 1577 3817 1632 τοῦτό

2232 1694 2313 1730 σοι
2366 1675 2614 1746 βούλεται
2651 1675 2759 1727 τῶν
2798 1674 3077 1744 ὀνομάτων
3124 1674 3158 1743 ή
3209 1671 3384 1742 μίξις,
3419 1673 3477 1724 ὲν
3509 1670 3588 1741 τῷ
3633 1670 3814 1734 λέγειν

2229 1767 2521 1837 ἀγέννητον
2548 1762 2685 1820 εἶναι
2710 1767 3081 1837 ἀτελευτήτως
3099 1807 3114 1828 ,
3153 1764 3247 1818 καὶ
3277 1763 3633 1833 ἀτελεύτητον
3660 1767 3813 1831 ἀγενο

2229 1861 2422 1931 νήτως.
2448 1861 2555 1913 Kal
2575 1860 2691 1923 πῶς
2713 1860 2811 1911 οὐκ
2832 1855 2970 1922 εἶδες
2988 1859 3048 1911 τὸ
3071 1856 3263 1920 ἀσεϐὲς
3286 1858 3344 1910 ὲν
3364 1859 3476 1921 τοῖς
3500 1856 3813 1927 λεγομένοις

549 1946 834 2013 Quomodo
871 1947 925 2001 in
959 1947 1045 2003 bis
1074 1947 1240 2002 dictis
1292 1963 1399 2001 non
1451 1948 1774 2013 advertisti,
1829 1949 1977 2018 quod
2025 1952 2123 2004 im-

2230 1955 2345 2025 ἅμα
2386 1955 2480 2008 καὶ
2528 1954 2961 2020 καταγέλαστον;
3005 1953 3068 2004 Ei
3111 1950 3220 2021 γάρ
3260 1951 3325 2002 ὲκ
3368 1949 3463 2004 τοῦ
3515 1950 3629 2002 ἴσου
3661 1950 3809 2018 γίνε-

550 2036 699 2108 pium
732 2046 817 2093 est
851 2039 1016 2092 simul
1059 2046 1114 2093 et
1154 2038 1304 2108 quod
1355 2038 1705 2093 ridiculum?
1758 2042 1815 2093 Si
1866 2043 2010 2095 enim
2060 2058 2127 2096 ex

548 2147 706 2202 a-quo
738 2148 834 2202 per
866 2132 1009 2186 hanc
1045 2147 1239 2185 novam
1271 2131 1582 2187 mistionem
1618 2134 1901 2188 nominum
1942 2136 1999 2187 fit
2044 2135 2128 2188 iu-

550 2224 734 2279 versio
756 2264 770 2285 ,
801 2223 872 2277 ita
906 2232 967 2277 ut
1002 2224 1306 2294 ingenilum
1340 2224 1412 2278 sit
1448 2224 1803 2280 interminate
1849 2226 1965 2281 sive
2010 2226 2128 2282 sine

550 2317 654 2371 ﬁne
686 2316 1023 2387 ingenitum,
1077 2322 1132 2369 et
1177 2315 1589 2369 interminatum
1636 2318 1751 2371 sive
1775 2317 1880 2372 ﬁne
1928 2334 2128 2373 carens

548 2411 621 2463 sit
652 2408 889 2475 ingenite
920 2407 1336 2461 interminatum
1366 2409 1483 2462 sive
1511 2408 1620 2462 ﬁne
1652 2423 1872 2469 carens,
1901 2412 2129 2466 omnino

548 2515 773 2555 necesse
797 2507 881 2554 est
909 2514 1071 2553 omne
1102 2498 1513 2553 interminatum
1543 2516 1650 2553 non
1682 2501 1841 2555 aliter
1867 2516 1991 2557 esse
2021 2503 2127 2557 nisi

548 2591 794 2660 ingenite
822 2591 1006 2645 fuerit.
1044 2589 1105 2643 Et
1134 2591 1211 2644 sic
1236 2590 1334 2644 tibi
1370 2591 1667 2655 invenitur,
1695 2607 1727 2647 ο
1757 2594 2090 2648 amicissime
2110 2637 2125 2655 ,

548 2685 866 2755 pervulgata
916 2693 969 2737 et
1018 2684 1252 2737 multum
1305 2683 1435 2735 trita
1482 2684 1812 2754 ἀγεννησία,
1854 2701 1978 2754 quae
2012 2686 2129 2740 solo

547 2785 643 2832 tuo
688 2777 899 2845 judicio
944 2774 1127 2830 Patris
1172 2776 1469 2830 essentiam
1523 2783 1679 2830 notat
1723 2785 1777 2833 et
1824 2779 2123 2848 exprimit,

547 2869 857 2923 communis
888 2867 1033 2920 facta
1061 2883 1187 2920 cum
1218 2867 1475 2921 omnibus
1502 2884 1623 2937 quae
1651 2868 1870 2924 interitu
1899 2880 2125 2935 carent,

546 2967 600 3011 et
632 2960 816 3011 omnia
844 2957 1054 3012 faciens
1083 2954 1232 3011 Patri
1264 2958 1763 3012 consubstantialia
1787 2999 1803 3024 ,
1838 2970 2125 3029 propterea

545 3047 695 3119 quod
724 3047 982 3103 omnibus
1024 3047 1286 3102 similiter
1314 3056 1614 3118 appareat,
1648 3050 1851 3118 quibus
1886 3067 1982 3121 per
2022 3052 2129 3105 im-

550 3140 935 3195 mortalitatem
983 3139 1097 3193 vita
1150 3139 1204 3193 in
1249 3139 1524 3193 infinitum
1576 3140 1856 3208 procedit,
1893 3142 2128 3197 archan-

2229 2065 2318 2101 ται
2362 2048 2450 2100 διά
2504 2048 2606 2116 τῆς
2648 2046 2843 2116 καινῆς
2890 2053 3093 2114 ταύτης
3141 2043 3339 2115 μίξεως
3383 2045 3416 2115 ἡ
3458 2044 3569 2096 τῶν
3610 2043 3812 2113 ὀνομά-

2225 2157 2335 2193 των
2398 2137 2752 2208 ἀναστροφὴ,
2815 2136 2891 2200 ὡς
2951 2134 3013 2188 τὸ
3069 2135 3365 2206 ἀγέννητον
3439 2135 3812 2205 ἀτελευτήτως

2228 2230 2365 2287 εἶναι
2433 2233 2755 2303 ἀγέννητον,
2812 2229 2906 2283 καὶ
2971 2226 3033 2281 τὸ
3089 2227 3445 2297 ἀτελεύτητον
3500 2227 3814 2297 ἀγεννήτως

2228 2320 2368 2378 εἶναι
2422 2325 2813 2394 ἀτελεύτητον,
2856 2321 3069 2390 ἀνάγκη
3116 2322 3265 2374 πᾶσα
3332 2320 3685 2389 ἀτελεύτητον
3736 2323 3815 2392 μὴ

2230 2418 2404 2480 ἄλλως
2454 2412 2594 2471 εἶναι
2620 2458 2635 2481 ,
2685 2418 2733 2469 εί
2784 2416 2857 2486 μὴ
2890 2414 3198 2485 ἀγεννήτως
3232 2413 3337 2481 εἴη.
3367 2412 3479 2465 Kal.
3509 2412 3683 2475 οὕτως
3730 2413 3817 2465 εύ-

2232 2508 2474 2579 ρίσκεταί
2520 2525 2632 2570 σοι,
2667 2498 2712 2558 ὦ
2761 2505 2980 2573 φίλτατε
3002 2543 3015 2566 ,
3041 2505 3074 2573 ἡ
3114 2501 3547 2573 πολυθρύλλητος
3580 2503 3815 2572 ἀγεννή-

2231 2598 2320 2651 σία
2342 2640 2355 2660 ,
2391 2599 2423 2667 ἡ
2469 2597 2604 2667 μόνη
2644 2595 2786 2649 κατὰ
2816 2594 2874 2648 σὲ
2910 2594 3005 2647 τοῦ
3042 2592 3253 2663 Πατρός
3295 2593 3394 2663 τήν
3427 2592 3614 2646 οὐσίαν
3645 2609 3818 2662 χαρα-

2228 2688 2590 2759 κτηρίζουσα,
2620 2686 3067 2756 κοινοποιουμένη
3107 2684 3244 2754 πρὸς
3277 2685 3386 2737 πᾶν
3424 2684 3485 2735 τὸ
3523 2683 3817 2746 ἀθάνατον,

2228 2783 2322 2834 καὶ
2348 2782 2525 2834 πάντα
2556 2779 2787 2833 ποιοῦσα
2811 2778 2887 2849 τῷ
2918 2777 3095 2848 Πατρὶ
3123 2776 3383 2846 όμοούσια
3410 2817 3424 2838 ,
3452 2776 3539 2830 διὰ
3562 2776 3623 2829 τὸ
3650 2778 3817 2829 πᾶσιν

2226 2871 2427 2943 ὁμοίως
2454 2870 2835 2941 ἐμφαίνεσθαι,
2864 2865 2947 2933 οἷς
2975 2869 3062 2922 διὰ
3090 2870 3188 2936 τῆς
3221 2868 3520 2931 ἀθανασίας
3565 2870 3820 2939 πρόεισιν

2225 2968 2258 3036 ή
2298 2963 2410 3033 ζωὴ
2445 2963 2580 3034 πρὸς
2618 2963 2678 3017 τὸ
2703 2964 2951 3033 ἄπειρον,
3000 2962 3381 3033 ἀρχαγγέλοις,
3415 2960 3688 3028 ἀγγέλοις,
3726 2962 3819 3013 ἀν-

2227 3056 2528 3128 θρωπίναις
2558 3056 2775 3126 ψυχαῖς
2814 3056 2953 3126 τάχα
2990 3055 3045 3107 δὲ
3078 3056 3173 3108 καὶ
3204 3054 3340 3125 αὐτῇ
3378 3056 3444 3124 τῇ
3476 3055 3815 3124 ἀποστατικῇ

2226 3148 2475 3219 δυνάμει,
2507 3147 2586 3217 τῷ
2613 3146 2844 3217 διαϐόλῳ
2869 3163 2929 3199 τε
2960 3146 3051 3199 καὶ
3079 3147 3189 3207 τοῖς
3224 3144 3493 3213 δαίμοσιν.
3525 3143 3588 3197 El
3618 3145 3726 3215 γὰρ
3753 3146 3819 3197 τὸ

545 3234 721 3302 gelis,
775 3233 1020 3302 angelis,
1074 3232 1331 3287 humanis
1381 3234 1626 3288 animis:
1678 3234 1912 3289 fortasse
1959 3238 2122 3291 etiam

2228 3240 2586 3312 ἀτελεύτητόν
2620 3258 2680 3293 τε
2730 3245 2826 3294 καὶ
2867 3240 3139 3311 ἄφθαρτον
3180 3240 3492 3309 ἀγεννήτως
3536 3238 3680 3291 κατά
3724 3239 3819 3291 τὸν

548 3328 653 3396 ipsi
687 3327 941 3398 potestati
973 3340 1093 3395 qua":
1124 3324 1359 3389 defecit,
1394 3326 1618 3381 diabolo
1659 3333 1714 3381 et
1755 3326 2117 3383 daemonibus.

548 3420 607 3473 Si
634 3422 779 3474 enim
812 3418 1223 3473 interminatum
1266 3420 1381 3473 sive
1423 3418 1529 3473 ﬁne
1567 3434 1793 3481 carens,
1838 3428 1892 3473 et
1936 3419 2120 3473 incor-

2229 3334 2321 3387 σὺν
2368 3334 2525 3403 λόγον
2561 3334 2780 3396 πάντως
2831 3334 2984 3394 ἐστὶ,
3030 3334 3194 3384 παντὶ
3238 3331 3317 3402 τῷ
3365 3332 3705 3402 ἀτελευτήτῳ
3756 3348 3818 3382 τε

2227 3426 2321 3478 καὶ
2341 3425 2602 3497 ἀφθάρτῳ
2625 3425 3044 3497 συνθεωρεῖσθαι
3062 3427 3277 3487 πάντως
3297 3425 3400 3496 χρὴ
3422 3426 3481 3476 τὸ
3500 3423 3818 3493 ἀγέννητον,

547 3512 838 3581 ruptibile,
883 3510 1153 3579 ingenite,
1196 3517 1254 3563 ut
1302 3518 1359 3564 tu
1408 3511 1684 3581 loqueris,
1734 3511 1897 3581 plane
1935 3519 2058 3576 est,
2094 3514 2151 3567 in
2202 3518 2351 3572 omni
2410 3519 2774 3575 interminato
2808 3530 2861 3574 et
2896 3519 3303 3589 incorruptibili
3341 3518 3567 3572 omnino
3598 3526 3818 3588 Oportet

546 3605 853 3675 ingenitum
895 3604 1268 3659 considerari.

615 3703 671 3757 In
702 3703 817 3757 haec
844 3700 1157 3755 inciduntet
1180 3700 1532 3754 revolvuntur
1548 3700 1808 3763 absurda,
1838 3702 2118 3771 quiprius«

543 3812 707 3866 quam
748 3794 1041 3849 didicerint
1067 3808 1188 3862 qua:
1209 3793 1422 3847 discere
1443 3792 1620 3855 decet,
1650 3810 1745 3863 per
1778 3810 1900 3863 quze
1927 3795 2123 3849 docere

544 3888 937 3959 aggrediuntur
963 3901 1118 3940 suam
1158 3885 1431 3939 inscitiam
1471 3886 1833 3955 publicantes.
1869 3886 1923 3941 Si
1956 3888 2119 3941 etiam

544 3980 782 4049 aliquam
812 3974 1146 4046 dijudicandi
1171 3975 1455 4028 scientiam
1484 3974 1728 4035 haberet,
1764 3988 1873 4028 non
1904 3974 2124 4045 ignora-

542 4077 626 4127 ret
685 4085 907 4126 sensum
973 4066 1317 4137 pecnliariter
1365 4065 1704 4119 reconditum
1757 4066 1813 4119 in
1856 4080 1922 4120 eo
1976 4066 2121 4136 quod

544 4163 799 4234 principii
848 4168 933 4216 est
992 4174 1189 4229 expers
1216 4157 1441 4226 etquod
1500 4156 1607 4211 ﬁne
1646 4164 1817 4211 caret.
1871 4156 1937 4209 Et
1975 4156 2122 4227 quod

543 4253 762 4326 quidem
825 4251 1235 4307 interminatum
1272 4250 1389 4303 sive
1442 4248 1548 4303 ﬁne
1600 4264 1794 4304 carens
1829 4264 2123 4305 commune

540 4356 626 4405 est
651 4346 893 4403 omnium
923 4357 1263 4413 quzecunque
1285 4340 1490 4395 credita
1522 4348 1649 4393 sunt
1676 4355 1837 4409 posse
1867 4340 2032 4394 vitam
2065 4340 2121 4394 in

542 4440 815 4497 inﬁnitum
844 4436 1206 4507 protendere;
1243 4432 1496 4503 principii
1552 4448 1682 4485 vero
1715 4447 1911 4501 expers
1947 4432 2120 4487 solius

540 4541 623 4587 est
674 4530 766 4601 qui
805 4529 1015 4598 absque
1043 4539 1208 4581 causa
1257 4532 1360 4578 est.
1404 4522 1691 4587 Quomodo
1742 4523 1909 4593 igitur
1968 4523 2116 4592 quod

539 4623 780 4678 omnium
810 4632 1102 4673 commune
1126 4622 1231 4675 est.
1282 4613 1610 4685 aequivalere
1644 4612 1721 4666 illi
1778 4613 1903 4669 licet
1926 4614 2119 4669 existi—

539 4731 711 4779 mare,
748 4712 893 4783 quod
952 4710 1123 4765 solius
1158 4707 1275 4769 Dei,
1306 4722 1498 4775 nempe
1552 4706 1824 4775 praecipua
1881 4705 2117 4775 quadam

540 4806 752 4861 ratione
798 4818 917 4856 esse
951 4800 1018 4853 ab
1052 4798 1308 4853 omnibus
1354 4795 1624 4849 creditum
1675 4802 1781 4854 est.
1818 4797 1893 4849 ita
1925 4807 1983 4850 ut
2022 4813 2119 4867 per

540 4900 642 4953 hoc
660 4897 745 4951 vel
787 4893 1087 4963 ingenitum
1123 4905 1412 4943 commune
1431 4888 1593 4942 faciat
1619 4888 2117 4943 omnibusimmor-

541 4990 769 5045 talitatis
798 4984 1174 5056 participibus,
1202 4982 1283 5037 vel
1314 4982 1449 5035 nihil
1492 4980 1803 5034 immortale
1826 4993 1951 5034 esse
1984 4994 2119 5033 con-

538 5082 718 5144 cedat,
754 5078 1023 5149 siquidem
1087 5075 1258 5129 solius
1285 5081 1370 5128 est
1429 5071 1534 5127 ﬁne
1576 5071 1819 5126 carentis
1881 5071 2119 5142 ingenite

538 5191 681 5238 esse,
712 5181 767 5228 et
795 5181 1011 5233 contra,
1042 5171 1089 5225 si
1137 5169 1312 5222 solius
1337 5176 1421 5221 est
1448 5168 1552 5220 fine
1585 5165 1827 5219 carentis
1880 5164 2121 5235 ingenite

537 5282 661 5321 esse
694 5269 718 5321 ?
762 5264 844 5319 sic
870 5263 1016 5318 enim
1053 5261 1502 5317 existimarentur
1548 5259 1902 5312 interminata
1936 5258 2117 5311 omnia

537 5377 661 5416 esse
692 5360 955 5429 ingenita.
989 5355 1093 5411 Sed
1131 5356 1245 5409 haec
1307 5354 1652 5413 omittantur,
1682 5360 1736 5407 et
1776 5352 1896 5419 ejus
1931 5354 2120 5405 eonvi~

538 5455 709 5509 tiandi
739 5451 1077 5508 consuetudo
1107 5464 1269 5519 quam
1306 5448 1359 5500 in
1400 5462 1499 5502 sua
1540 5446 1684 5499 dicta
1741 5444 1959 5504 infudit,
1994 5460 2119 5497 cum

538 5548 624 5602 his
658 5545 879 5600 silentio
910 5543 1240 5598 involvatur.
1271 5540 1350 5593 Ad
1371 5540 1656 5593 lectionem
1687 5547 2116 5606 conscquenlem

536 5654 851 5710 pergamus.

606 5730 866 5787 Fortasse
904 5736 1084 5782 autem
1140 5724 1272 5778 mihi
1324 5722 1538 5776 videtur
1590 5723 1848 5791 praeciare
1914 5720 2115 5775 habere

534 5825 699 5880 etiam
755 5822 986 5891 plurima
1035 5832 1158 5888 quae
1186 5816 1445 5884 deinceps
1477 5823 1785 5883 sequuntur
1821 5815 2113 5865 inexcussa

536 5928 977 5984 pi-atlereurrerc.
1008 5912 1065 5964 In
1088 5909 1343 5965 omnibus
1376 5911 1519 5962 enim
1551 5907 1691 5961 idem
1727 5914 1829 5970 est,
1861 5921 1965 5958 non
1991 5920 2112 5957 cum

2299 3702 2518 3765 Τούτοις
2556 3702 2974 3773 περιπίπτουσιν
3007 3702 3056 3753 οί
3097 3701 3224 3770 πρὶν
3261 3700 3451 3770 μαθεῖν
3479 3699 3515 3752 ὃ.
3547 3702 3817 3771 προσήκει

2232 3796 2442 3867 μαθεῖν,
2474 3797 2540 3848 δι’
2567 3790 2641 3848 ὧν
2662 3794 2931 3847 διδάσκειν
2954 3792 3291 3863 ἐπιχειροῦσι
3315 3792 3413 3863 τὴν
3436 3792 3641 3845 ἑαυτῶν
3668 3794 3818 3863 ἀμα-

2229 3889 2349 3941 θίαν
2397 3885 2831 3956 δημοσιεύοντες.
2890 3885 2950 3937 ΕΞ
2990 3884 3097 3953 γάρ
3144 3878 3258 3952 εἶχε
3306 3899 3430 3935 τινα
3469 3882 3817 3954 διακριτικὴν

2230 3982 2557 4049 ἐπιστήμην,
2593 3978 2694 4030 οὐκ
2722 3977 2789 4030 ἂν
2819 3976 3051 4047 ἠγνόησε
3081 3975 3179 4044 τὴν
3219 3974 3522 4039 ἰδιαζόντως
3554 3976 3816 4045 ἐγκειμέ-

2226 4090 2323 4144 νην
2349 4071 2426 4143 τῷ
2455 4088 2515 4124 τε
2560 4070 2782 4139 ἀνάρχῳ
2809 4069 2903 4120 καὶ
2933 4067 3012 4137 τῷ
3044 4067 3383 4136 ἀτελευτήτῳ
3410 4067 3667 4120 διάνοιαν.
3704 4068 3818 4120 Ka‘.

2223 4166 2303 4218 ὃτι
2329 4164 2388 4217 τὸ
2416 4164 2513 4235 μὲν
2534 4160 2888 4229 ἀτελεύτητον
2911 4158 3086 4212 κοινὸν
3108 4158 3324 4211 πάντων
3344 4160 3513 4220 ἐστὶν,
3541 4160 3643 4213 ὃσα
3670 4159 3818 4228 διαρο

2224 4255 2340 4307 κεῖν
2357 4252 2712 4305 πεπίστευται
2741 4251 2806 4319 τῇ
2847 4246 2959 4317 ζωῇ
2985 4246 3121 4317 πρὸς
3138 4246 3197 4299 τὸ
3217 4244 3462 4317 ἄπειρον·
3485 4247 3545 4299 τὸ
3566 4246 3623 4299 δὲ
3646 4248 3817 4317 ἀναρ-

2223 4363 2336 4416 χον,
2373 4345 2532 4416 μόνου
2556 4342 2672 4396 ἐστὶ
2702 4342 2795 4395 τοῦ
2841 4340 2967 4395 ἄνευ
2998 4340 3175 4403 αἰτίας
3208 4339 3377 4401 ὄντος.
3405 4338 3529 4403 Πῶς
3559 4333 3651 4392 οὖν
3701 4338 3814 4392 ἔστι

2223 4440 2284 4492 τὸ
2311 4439 2528 4492 πάντων
2557 4436 2754 4498 κοινὸν,
2791 4433 3109 4505 ίσοδύναμον
3149 4433 3342 4502 ἐκείνῳ
3371 4434 3621 4503 νομίσαι,
3648 4434 3676 4485 ὃ
3718 4435 3817 4503 μό-

2223 4550 2315 4585 νου
2347 4530 2441 4586 τυῦ
2472 4530 2605 4583 Θεοῦ
2645 4528 2764 4583 κατ’
2794 4528 3069 4599 ἐξαίρετον
3101 4522 3241 4580 εἶναι
3272 4525 3423 4597 παρά
3457 4527 3673 4579 πάντων
3715 4545 3814 4579 πε-

2223 4624 2526 4684 πίστευται,
2551 4621 2689 4673 ὥστε
2708 4620 2796 4672 διά
2810 4618 2997 4672 τούτου
3018 4617 3051 4688 ἢ
3075 4617 3448 4685 κοινοποιῆσαι
3472 4616 3611 4687 πρὸς
3630 4616 3810 4669 πάντα

2218 4718 2287 4771 τὰ
2320 4716 2424 4785 τῆς
2460 4713 2756 4775 ἀθανασίας
2794 4711 3087 4782 μετέχοντα
3127 4709 3189 4761 τδ
3217 4709 3532 4779 ἀγέννητον,
3566 4708 3601 4779 ἦ
3642 4709 3811 4777 μηδὲν

2218 4810 2486 4865 ἀθάνατον
2553 4807 2855 4876 συγχωρεῖν
2904 4800 3064 4866 εἶναι,
3118 4801 3278 4873 εἴπερ
3330 4801 3489 4871 μόνον
3548 4802 3662 4853 ἐστὶ
3713 4800 3810 4853 τοῦ

2218 4903 2514 4973 ἀγεννήτου
2548 4898 2607 4951 τὸ
2645 4896 3014 4965 ἀτελευτήτως
3054 4890 3224 4956 εἶναι,
3256 4894 3350 4946 xal.
3379 4894 3440 4945 τὸ
3469 4892 3723 4961 ἔμπαλιν,
3759 4895 3811 4946 εὶ

2216 4992 2309 5045 τοῦ
2363 4990 2720 5059 ἀτελευτήτου
2787 4986 2949 5057 μόνου
3000 4986 3116 5037 ἐστὶ
3167 4984 3229 5036 τὸ
3282 4984 3593 5051 άγεννήτως
3646 4978 3807 5040 εἶναιε

2221 5084 2375 5138 Ούτω
2412 5082 2520 5153 γὰρ
2554 5079 2620 5133 ἂν
2652 5076 2791 5131 εἶναι
2845 5076 3124 5147 νομισθείη
3170 5075 3238 5128 τὰ
3272 5075 3601 5144 ἀτελεύτητα
3629 5074 3809 5127 πάντα

2217 5178 2505 5245 ἀγέννητα.
2570 5172 2707 5224 Ἀλλ’
2756 5170 2936 5224 ὲάσθω
2987 5168 3320 5231 καὶταῦτα,
3353 5168 3449 5221 καὶ
3490 5169 3523 5238 ἡ
3570 5163 3807 5236 συνήθης

2219 5268 2383 5321 αὐτοῦ
2423 5267 2657 5335 λοιδορία
2703 5266 2769 5335 ἢν
2802 5267 2913 5327 τοῖς
2950 5262 3259 5335 εἰρημένοις
3293 5262 3595 5332 ἐπήντλησε
3618 5301 3630 5323 ,
3665 5260 3805 5330 μετά

2218 5363 2421 5415 τούτων
2454 5359 2713 5425 σιγάσθω.
2752 5357 2893 5429 Πρὸς
2928 5357 2984 5409 δὲ
3027 5356 3087 5409 τὸ
3116 5355 3407 5409 ἀκόλουθον
3431 5355 3671 5424 ἔλθωμεν
3700 5355 3806 5421 τὴς

2220 5453 2599 5522 ἀναγνώσεως.

2296 5715 2447 5783 Τάχα
2473 5711 2526 5765 δέ
2562 5729 2649 5782 μοι
2678 5710 2821 5761 δοκεῖ
2850 5707 3026 5769 καλῶς
3053 5704 3212 5775 ἔχειν,
3244 5705 3333 5757 καὶ
3355 5704 3421 5755 τὰ
3442 5702 3667 5755 πλεῖστα
3696 5700 3811 5753 τῶν

2223 5809 2418 5877 ἑφεξῆς
2470 5802 2844 5873 παραδραμεῖν
2890 5798 3238 5862 ἀνεξέταστα.
3308 5796 3393 5846 Ἐν
3440 5796 3571 5846 πᾶσι
3624 5792 3732 5861 γὰρ
3776 5794 3807 5844 ό

2224 5900 2383 5961 αὑτός
2420 5901 2565 5949 ἐστιν
2604 5897 2662 5948 ού
2699 5897 2810 5955 τοῖς
2842 5894 2968 5961 παρ’
3001 5888 3159 5961 ήμῶν
3196 5887 3657 5958 συμπλεκόμενος,
3688 5884 3803 5937 ἀλλ’
