  <div class='ocr_page' id='page_1' title='image "/cluster/home/n/w/nwhite01/storage/ocr_20150623/45/nnc1.0046978445/558.png"; bbox 0 0 4146 6386; ppageno 0'>
   <div class='ocr_carea' id='block_1_1' title="bbox 323 447 467 504">
    <p class='ocr_par' dir='ltr' id='par_1_1' title="bbox 323 447 467 504">
     <span class='ocr_line' id='line_1_1' title="bbox 323 447 467 504; baseline 0 -2"><span class='ocrx_word' id='word_1_1' title='bbox 323 447 467 504; x_wconf 74' lang='lat'><strong>1093</strong></span> 
     </span>
    </p>
   </div>
   <div class='ocr_carea' id='block_1_2' title="bbox 1415 438 2453 508">
    <p class='ocr_par' dir='ltr' id='par_1_2' title="bbox 1415 438 2453 508">
     <span class='ocr_line' id='line_1_2' title="bbox 1415 438 2453 508; baseline 0.002 -12"><span class='ocrx_word' id='word_1_2' title='bbox 1415 439 1698 496; x_wconf 78' lang='lat' dir='ltr'><strong>CONTRA</strong></span> <span class='ocrx_word' id='word_1_3' title='bbox 1747 438 2138 508; x_wconf 80' lang='lat' dir='ltr'><strong>EUNOMIUM,</strong></span> <span class='ocrx_word' id='word_1_4' title='bbox 2171 440 2303 496; x_wconf 80' lang='lat' dir='ltr'><strong>LIB.</strong></span> <span class='ocrx_word' id='word_1_5' title='bbox 2338 440 2453 498; x_wconf 78' lang='lat' dir='ltr'><strong>XII.</strong></span> 
     </span>
    </p>
   </div>
   <div class='ocr_carea' id='block_1_3' title="bbox 3453 445 3594 501">
    <p class='ocr_par' dir='ltr' id='par_1_3' title="bbox 3453 445 3594 501">
     <span class='ocr_line' id='line_1_3' title="bbox 3453 445 3594 501; baseline -0.014 0"><span class='ocrx_word' id='word_1_6' title='bbox 3453 445 3594 501; x_wconf 71' lang='grc' dir='ltr'>ιοιη</span> 
     </span>
    </p>
   </div>
   <div class='ocr_carea' id='block_1_4' title="bbox 321 559 1915 638">
    <p class='ocr_par' dir='ltr' id='par_1_4' title="bbox 321 560 1908 638">
     <span class='ocr_line' id='line_1_4' title="bbox 321 560 1908 638; baseline -0.006 -15"><span class='ocrx_word' id='word_1_7' title='bbox 321 566 501 638; x_wconf 82' lang='grc' dir='ltr'>ἐαυτῷ</span> <span class='ocrx_word' id='word_1_8' title='bbox 541 564 715 629; x_wconf 83' lang='grc' dir='ltr'>διδοὺς</span> <span class='ocrx_word' id='word_1_9' title='bbox 758 564 836 627; x_wconf 84' lang='grc' dir='ltr'><strong>ῶς</strong></span> <span class='ocrx_word' id='word_1_10' title='bbox 871 564 938 616; x_wconf 82' lang='grc' dir='ltr'><strong>ἐκ</strong></span> <span class='ocrx_word' id='word_1_11' title='bbox 970 560 1064 616; x_wconf 88' lang='grc' dir='ltr'><strong>τοῦ</strong></span> <span class='ocrx_word' id='word_1_12' title='bbox 1099 560 1372 632; x_wconf 86' lang='grc' dir='ltr'>ήμετέρου</span> <span class='ocrx_word' id='word_1_13' title='bbox 1401 560 1561 630; x_wconf 86' lang='grc' dir='ltr'>λόγου</span> <span class='ocrx_word' id='word_1_14' title='bbox 1608 561 1771 631; x_wconf 79' lang='grc' dir='ltr'>δῆθεν</span> <span class='ocrx_word' id='word_1_15' title='bbox 1809 560 1908 625; x_wconf 83' lang='grc' dir='ltr'><strong>τὰς</strong></span> 
     </span>
    </p>
   </div>
   <div class='ocr_carea' id='block_1_5' title="bbox 2018 559 3597 638">
    <p class='ocr_par' dir='ltr' id='par_1_5' title="bbox 2018 559 3597 632">
     <span class='ocr_line' id='line_1_5' title="bbox 2018 559 3597 632; baseline 0.005 -18"><span class='ocrx_word' id='word_1_16' title='bbox 2018 560 2080 616; x_wconf 90' lang='lat' dir='ltr'><strong>iis</strong></span> <span class='ocrx_word' id='word_1_17' title='bbox 2093 577 2214 632; x_wconf 67' lang='lat' dir='ltr'><strong>qua:</strong></span> <span class='ocrx_word' id='word_1_18' title='bbox 2234 577 2263 614; x_wconf 90' lang='lat' dir='ltr'><strong>a</strong></span> <span class='ocrx_word' id='word_1_19' title='bbox 2285 561 2441 616; x_wconf 89' lang='lat' dir='ltr'><strong>nobis</strong></span> <span class='ocrx_word' id='word_1_20' title='bbox 2463 559 2723 614; x_wconf 90' lang='lat' dir='ltr'><strong>dicuntur</strong></span> <span class='ocrx_word' id='word_1_21' title='bbox 2750 574 2971 614; x_wconf 89' lang='lat' dir='ltr'><strong>manum</strong></span> <span class='ocrx_word' id='word_1_22' title='bbox 2999 574 3318 626; x_wconf 91' lang='lat' dir='ltr'><strong>conserens,</strong></span> <span class='ocrx_word' id='word_1_23' title='bbox 3340 563 3438 619; x_wconf 84' lang='lat' dir='ltr'><strong>sed</strong></span> <span class='ocrx_word' id='word_1_24' title='bbox 3458 580 3597 622; x_wconf 77' lang='lat' dir='ltr'><strong>sane</strong></span> 
     </span>
    </p>
   </div>
   <div class='ocr_carea' id='block_1_6' title="bbox 322 649 1909 732">
    <p class='ocr_par' dir='ltr' id='par_1_6' title="bbox 322 649 1909 732">
     <span class='ocr_line' id='line_1_6' title="bbox 322 649 1909 732; baseline -0.004 -18"><span class='ocrx_word' id='word_1_25' title='bbox 322 659 460 732; x_wconf 81' lang='grc' dir='ltr'>πρὸς</span> <span class='ocrx_word' id='word_1_26' title='bbox 485 657 756 712; x_wconf 80' lang='grc' dir='ltr'>ἀντίθεσιν</span> <span class='ocrx_word' id='word_1_27' title='bbox 787 654 1063 727; x_wconf 86' lang='grc' dir='ltr'>ἀφορμὰς,</span> <span class='ocrx_word' id='word_1_28' title='bbox 1093 649 1175 718; x_wconf 75' lang='grc' dir='ltr'>οἷς</span> <span class='ocrx_word' id='word_1_29' title='bbox 1200 652 1262 706; x_wconf 81' lang='grc' dir='ltr'><strong>τὸ</strong></span> <span class='ocrx_word' id='word_1_30' title='bbox 1287 652 1353 705; x_wconf 78' lang='grc' dir='ltr'>δι’</span> <span class='ocrx_word' id='word_1_31' title='bbox 1379 653 1666 724; x_wconf 92' lang='grc' dir='ltr'>ἀκριϐείας</span> <span class='ocrx_word' id='word_1_32' title='bbox 1696 654 1909 721; x_wconf 81' lang='grc' dir='ltr'>ἐπεξιέ-</span> 
     </span>
    </p>
   </div>
   <div class='ocr_carea' id='block_1_7' title="bbox 321 743 1905 820">
    <p class='ocr_par' dir='ltr' id='par_1_7' title="bbox 321 743 1905 820">
     <span class='ocr_line' id='line_1_7' title="bbox 321 743 1905 820; baseline -0.002 -17"><span class='ocrx_word' id='word_1_33' title='bbox 321 768 431 812; x_wconf 89' lang='grc' dir='ltr'>ναι,</span> <span class='ocrx_word' id='word_1_34' title='bbox 460 748 688 820; x_wconf 86' lang='grc' dir='ltr'>μάταιον</span> <span class='ocrx_word' id='word_1_35' title='bbox 717 745 783 800; x_wconf 83' lang='grc' dir='ltr'><strong>ἀν</strong></span> <span class='ocrx_word' id='word_1_36' title='bbox 809 763 893 809; x_wconf 90' lang='grc' dir='ltr'><strong>τις</strong></span> <span class='ocrx_word' id='word_1_37' title='bbox 920 744 1064 798; x_wconf 89' lang='grc' dir='ltr'>είποι</span> <span class='ocrx_word' id='word_1_38' title='bbox 1087 744 1196 798; x_wconf 84' lang='grc' dir='ltr'><strong>τῶν</strong></span> <span class='ocrx_word' id='word_1_39' title='bbox 1224 743 1431 815; x_wconf 84' lang='grc' dir='ltr'>κρίνειν</span> <span class='ocrx_word' id='word_1_40' title='bbox 1459 745 1905 816; x_wconf 85' lang='grc' dir='ltr'>ἐπεσκεμμένων,</span> 
     </span>
    </p>
   </div>
   <div class='ocr_carea' id='block_1_8' title="bbox 322 836 1908 912">
    <p class='ocr_par' dir='ltr' id='par_1_8' title="bbox 322 836 1908 912">
     <span class='ocr_line' id='line_1_8' title="bbox 322 836 1908 912; baseline -0.004 -16"><span class='ocrx_word' id='word_1_41' title='bbox 322 841 554 912; x_wconf 68' lang='grc' dir='ltr'>ἑκάστου</span> <span class='ocrx_word' id='word_1_42' title='bbox 587 839 696 892; x_wconf 90' lang='grc' dir='ltr'><strong>τῶν</strong></span> <span class='ocrx_word' id='word_1_43' title='bbox 726 837 867 909; x_wconf 89' lang='grc' dir='ltr'><strong>μετά</strong></span> <span class='ocrx_word' id='word_1_44' title='bbox 905 836 1142 898; x_wconf 82' lang='grc' dir='ltr'><strong>διανοίας</strong></span> <span class='ocrx_word' id='word_1_45' title='bbox 1180 836 1616 907; x_wconf 78' lang='grc' dir='ltr'>ἐντυγχανόντων</span> <span class='ocrx_word' id='word_1_46' title='bbox 1639 838 1805 892; x_wconf 84' lang='grc' dir='ltr'>αὑτοῦ</span> <span class='ocrx_word' id='word_1_47' title='bbox 1831 837 1908 909; x_wconf 81' lang='grc' dir='ltr'>τῷ</span> 
     </span>
    </p>
   </div>
   <div class='ocr_carea' id='block_1_9' title="bbox 322 921 1908 1002">
    <p class='ocr_par' dir='ltr' id='par_1_9' title="bbox 322 921 1908 1002">
     <span class='ocr_line' id='line_1_9' title="bbox 322 921 1908 1002; baseline -0.001 -18"><span class='ocrx_word' id='word_1_48' title='bbox 322 931 736 1002; x_wconf 84' lang='grc' dir='ltr'>συγγράμματι,</span> <span class='ocrx_word' id='word_1_49' title='bbox 766 929 824 994; x_wconf 81' lang='grc' dir='ltr'><strong>ἐξ</strong></span> <span class='ocrx_word' id='word_1_50' title='bbox 845 927 1024 981; x_wconf 82' lang='grc' dir='ltr'>αὐτῶν</span> <span class='ocrx_word' id='word_1_51' title='bbox 1049 926 1156 979; x_wconf 90' lang='grc' dir='ltr'><strong>τῶν</strong></span> <span class='ocrx_word' id='word_1_52' title='bbox 1185 921 1490 997; x_wconf 84' lang='grc' dir='ltr'>λεγομένων</span> <span class='ocrx_word' id='word_1_53' title='bbox 1511 928 1609 1000; x_wconf 80' lang='grc' dir='ltr'>τὴν</span> <span class='ocrx_word' id='word_1_54' title='bbox 1636 945 1908 999; x_wconf 80' lang='grc' dir='ltr'>συκοφαν-</span> 
     </span>
    </p>
   </div>
   <div class='ocr_carea' id='block_1_10' title="bbox 321 1019 1907 1092">
    <p class='ocr_par' dir='ltr' id='par_1_10' title="bbox 321 1019 1907 1092">
     <span class='ocr_line' id='line_1_10' title="bbox 321 1019 1907 1092; baseline 0 -17"><span class='ocrx_word' id='word_1_55' title='bbox 321 1023 442 1076; x_wconf 90' lang='grc' dir='ltr'>τίαν</span> <span class='ocrx_word' id='word_1_56' title='bbox 474 1021 1002 1092; x_wconf 83' lang='grc' dir='ltr'>καταλαμϐάνοντος.</span> <span class='ocrx_word' id='word_1_57' title='bbox 1040 1019 1422 1090; x_wconf 88' lang='grc' dir='ltr'>Πρεσϐυτέραν</span> <span class='ocrx_word' id='word_1_58' title='bbox 1448 1019 1598 1090; x_wconf 81' lang='grc' dir='ltr'>λέγει</span> <span class='ocrx_word' id='word_1_59' title='bbox 1636 1020 1730 1074; x_wconf 89' lang='grc' dir='ltr'><strong>τοῦ</strong></span> <span class='ocrx_word' id='word_1_60' title='bbox 1773 1021 1907 1075; x_wconf 83' lang='grc' dir='ltr'>Θεοῦ</span> 
     </span>
    </p>
   </div>
   <div class='ocr_carea' id='block_1_11' title="bbox 323 1109 1906 1185">
    <p class='ocr_par' dir='ltr' id='par_1_11' title="bbox 323 1109 1906 1185">
     <span class='ocr_line' id='line_1_11' title="bbox 323 1109 1906 1185; baseline 0 -19"><span class='ocrx_word' id='word_1_61' title='bbox 323 1113 422 1185; x_wconf 77' lang='grc' dir='ltr'><strong>τὴν</strong></span> <span class='ocrx_word' id='word_1_62' title='bbox 465 1113 621 1180; x_wconf 79' lang='grc' dir='ltr'>ἀξίαν</span> <span class='ocrx_word' id='word_1_63' title='bbox 691 1112 792 1181; x_wconf 81' lang='grc' dir='ltr'>τῆς</span> <span class='ocrx_word' id='word_1_64' title='bbox 833 1109 928 1164; x_wconf 89' lang='grc' dir='ltr'><strong>τοῦ</strong></span> <span class='ocrx_word' id='word_1_65' title='bbox 970 1110 1240 1181; x_wconf 83' lang='grc' dir='ltr'>ἡμετέρου</span> <span class='ocrx_word' id='word_1_66' title='bbox 1287 1109 1599 1182; x_wconf 80' lang='grc' dir='ltr'>καθηγητοῦ</span> <span class='ocrx_word' id='word_1_67' title='bbox 1642 1112 1906 1177; x_wconf 87' lang='grc' dir='ltr'>ἐπινοίας.</span> 
     </span>
    </p>
   </div>
   <div class='ocr_carea' id='block_1_12' title="bbox 325 1201 1910 1276">
    <p class='ocr_par' dir='ltr' id='par_1_12' title="bbox 325 1201 1910 1276">
     <span class='ocr_line' id='line_1_12' title="bbox 325 1201 1910 1276; baseline -0.004 -17"><span class='ocrx_word' id='word_1_68' title='bbox 325 1206 460 1259; x_wconf 82' lang='grc' dir='ltr'><strong>Οὐδὲ</strong></span> <span class='ocrx_word' id='word_1_69' title='bbox 492 1207 650 1276; x_wconf 87' lang='grc' dir='ltr'>ήμεῖς</span> <span class='ocrx_word' id='word_1_70' title='bbox 680 1202 1063 1272; x_wconf 77' lang='grc' dir='ltr'>ἀντιλέγομεν·</span> <span class='ocrx_word' id='word_1_71' title='bbox 1098 1203 1132 1272; x_wconf 86' lang='grc' dir='ltr'><strong>ή</strong></span> <span class='ocrx_word' id='word_1_72' title='bbox 1183 1201 1291 1272; x_wconf 87' lang='grc' dir='ltr'>γὰρ</span> <span class='ocrx_word' id='word_1_73' title='bbox 1323 1201 1416 1255; x_wconf 88' lang='grc' dir='ltr'><strong>τοῦ</strong></span> <span class='ocrx_word' id='word_1_74' title='bbox 1461 1201 1596 1255; x_wconf 82' lang='grc' dir='ltr'>Θεοῦ</span> <span class='ocrx_word' id='word_1_75' title='bbox 1628 1202 1774 1269; x_wconf 82' lang='grc' dir='ltr'>ἀξία,</span> <span class='ocrx_word' id='word_1_76' title='bbox 1814 1205 1910 1274; x_wconf 83' lang='grc' dir='ltr'><strong>ἥν-</strong></span> 
     </span>
    </p>
   </div>
   <div class='ocr_carea' id='block_1_13' title="bbox 323 1288 1909 1366">
    <p class='ocr_par' dir='ltr' id='par_1_13' title="bbox 323 1288 1909 1366">
     <span class='ocr_line' id='line_1_13' title="bbox 323 1288 1909 1366; baseline -0.001 -18"><span class='ocrx_word' id='word_1_77' title='bbox 323 1313 447 1350; x_wconf 88' lang='grc' dir='ltr'>τινα</span> <span class='ocrx_word' id='word_1_78' title='bbox 476 1296 581 1366; x_wconf 84' lang='grc' dir='ltr'><strong>χρὴ</strong></span> <span class='ocrx_word' id='word_1_79' title='bbox 613 1294 706 1347; x_wconf 79' lang='grc' dir='ltr'><strong>καὶ</strong></span> <span class='ocrx_word' id='word_1_80' title='bbox 725 1293 928 1363; x_wconf 84' lang='grc' dir='ltr'>ταύτην</span> <span class='ocrx_word' id='word_1_81' title='bbox 949 1291 1190 1363; x_wconf 74' lang='grc' dir='ltr'>νομίζειν</span> <span class='ocrx_word' id='word_1_82' title='bbox 1214 1288 1373 1353; x_wconf 81' lang='grc' dir='ltr'>εἶναι,</span> <span class='ocrx_word' id='word_1_83' title='bbox 1402 1294 1463 1345; x_wconf 89' lang='grc' dir='ltr'><strong>οὐ</strong></span> <span class='ocrx_word' id='word_1_84' title='bbox 1487 1293 1588 1361; x_wconf 83' lang='grc' dir='ltr'><strong>τῆς</strong></span> <span class='ocrx_word' id='word_1_85' title='bbox 1613 1294 1734 1347; x_wconf 90' lang='grc' dir='ltr'>καθ’</span> <span class='ocrx_word' id='word_1_86' title='bbox 1762 1295 1909 1365; x_wconf 82' lang='grc' dir='ltr'>ἡμᾶς</span> 
     </span>
    </p>
   </div>
   <div class='ocr_carea' id='block_1_14' title="bbox 331 1384 1908 1458">
    <p class='ocr_par' dir='ltr' id='par_1_14' title="bbox 331 1384 1908 1458">
     <span class='ocr_line' id='line_1_14' title="bbox 331 1384 1908 1458; baseline -0.001 -18"><span class='ocrx_word' id='word_1_87' title='bbox 331 1387 489 1458; x_wconf 86' lang='grc' dir='ltr'>μόνον</span> <span class='ocrx_word' id='word_1_88' title='bbox 516 1388 708 1455; x_wconf 82' lang='grc' dir='ltr'>γενεᾶς</span> <span class='ocrx_word' id='word_1_89' title='bbox 742 1384 1063 1457; x_wconf 88' lang='grc' dir='ltr'>προτερεύει</span> <span class='ocrx_word' id='word_1_90' title='bbox 1087 1424 1102 1449; x_wconf 93' lang='grc'><strong>,</strong></span> <span class='ocrx_word' id='word_1_91' title='bbox 1132 1384 1270 1438; x_wconf 89' lang='grc' dir='ltr'><strong>ἀλλά</strong></span> <span class='ocrx_word' id='word_1_92' title='bbox 1311 1385 1407 1438; x_wconf 71' lang='grc' dir='ltr'><strong>καὶ</strong></span> <span class='ocrx_word' id='word_1_93' title='bbox 1442 1384 1624 1454; x_wconf 85' lang='grc' dir='ltr'><strong>πάσης</strong></span> <span class='ocrx_word' id='word_1_94' title='bbox 1652 1386 1751 1456; x_wconf 85' lang='grc' dir='ltr'><strong>τῆς</strong></span> <span class='ocrx_word' id='word_1_95' title='bbox 1792 1387 1908 1440; x_wconf 89' lang='grc' dir='ltr'>κτί-</span> 
     </span>
    </p>
   </div>
   <div class='ocr_carea' id='block_1_15' title="bbox 330 1473 1909 1547">
    <p class='ocr_par' dir='ltr' id='par_1_15' title="bbox 330 1473 1909 1547">
     <span class='ocr_line' id='line_1_15' title="bbox 330 1473 1909 1547; baseline -0.001 -13"><span class='ocrx_word' id='word_1_96' title='bbox 330 1499 465 1544; x_wconf 89' lang='grc' dir='ltr'>σεως</span> <span class='ocrx_word' id='word_1_97' title='bbox 496 1480 589 1534; x_wconf 78' lang='grc' dir='ltr'>καὶ</span> <span class='ocrx_word' id='word_1_98' title='bbox 636 1478 812 1533; x_wconf 88' lang='grc' dir='ltr'>αὐτῶν</span> <span class='ocrx_word' id='word_1_99' title='bbox 861 1478 1176 1547; x_wconf 79' lang='grc' dir='ltr'>ὑπέρκειται</span> <span class='ocrx_word' id='word_1_100' title='bbox 1215 1477 1326 1531; x_wconf 89' lang='grc' dir='ltr'><strong>τῶν</strong></span> <span class='ocrx_word' id='word_1_101' title='bbox 1358 1479 1588 1533; x_wconf 85' lang='grc' dir='ltr'>αίώνων.</span> <span class='ocrx_word' id='word_1_102' title='bbox 1618 1478 1684 1531; x_wconf 91' lang='grc' dir='ltr'>Τί</span> <span class='ocrx_word' id='word_1_103' title='bbox 1724 1473 1816 1532; x_wconf 83' lang='grc' dir='ltr'><strong>οῦν</strong></span> <span class='ocrx_word' id='word_1_104' title='bbox 1842 1479 1909 1534; x_wconf 89' lang='grc' dir='ltr'><strong>ἐκ</strong></span> 
     </span>
    </p>
   </div>
   <div class='ocr_carea' id='block_1_16' title="bbox 327 1570 1906 1644">
    <p class='ocr_par' dir='ltr' id='par_1_16' title="bbox 327 1570 1906 1644">
     <span class='ocr_line' id='line_1_16' title="bbox 327 1570 1906 1644; baseline -0.003 -17"><span class='ocrx_word' id='word_1_105' title='bbox 327 1573 532 1628; x_wconf 83' lang='grc' dir='ltr'>τούτων</span> <span class='ocrx_word' id='word_1_106' title='bbox 565 1571 642 1644; x_wconf 80' lang='grc' dir='ltr'>τῷ</span> <span class='ocrx_word' id='word_1_107' title='bbox 674 1572 814 1643; x_wconf 84' lang='grc' dir='ltr'>λόγῳ</span> <span class='ocrx_word' id='word_1_108' title='bbox 843 1572 1212 1642; x_wconf 86' lang='grc' dir='ltr'>προσγίνεται,</span> <span class='ocrx_word' id='word_1_109' title='bbox 1242 1572 1291 1624; x_wconf 89' lang='grc' dir='ltr'>εἰ</span> <span class='ocrx_word' id='word_1_110' title='bbox 1322 1570 1395 1642; x_wconf 84' lang='grc' dir='ltr'>μὴ</span> <span class='ocrx_word' id='word_1_111' title='bbox 1421 1570 1697 1624; x_wconf 85' lang='grc' dir='ltr'>Βασιλείου</span> <span class='ocrx_word' id='word_1_112' title='bbox 1726 1571 1906 1642; x_wconf 87' lang='grc' dir='ltr'>μόνον,</span> 
     </span>
    </p>
   </div>
   <div class='ocr_carea' id='block_1_17' title="bbox 327 1662 1908 1733">
    <p class='ocr_par' dir='ltr' id='par_1_17' title="bbox 327 1662 1908 1733">
     <span class='ocr_line' id='line_1_17' title="bbox 327 1662 1908 1733; baseline -0.002 -13"><span class='ocrx_word' id='word_1_113' title='bbox 327 1665 467 1721; x_wconf 80' lang='grc' dir='ltr'><strong>ἀλλά</strong></span> <span class='ocrx_word' id='word_1_114' title='bbox 509 1667 602 1719; x_wconf 72' lang='grc' dir='ltr'>καὶ</span> <span class='ocrx_word' id='word_1_115' title='bbox 643 1664 861 1718; x_wconf 90' lang='grc' dir='ltr'>πάντων</span> <span class='ocrx_word' id='word_1_116' title='bbox 890 1664 998 1716; x_wconf 89' lang='grc' dir='ltr'><strong>τῶν</strong></span> <span class='ocrx_word' id='word_1_117' title='bbox 1052 1663 1221 1716; x_wconf 78' lang='grc' dir='ltr'>ὄντων</span> <span class='ocrx_word' id='word_1_118' title='bbox 1270 1662 1518 1732; x_wconf 88' lang='grc' dir='ltr'>ἀνωτέρα</span> <span class='ocrx_word' id='word_1_119' title='bbox 1565 1663 1908 1733; x_wconf 84' lang='grc' dir='ltr'>ὁμολογεῖται</span> 
     </span>
    </p>
   </div>
   <div class='ocr_carea' id='block_1_18' title="bbox 323 1747 1908 1827">
    <p class='ocr_par' dir='ltr' id='par_1_18' title="bbox 323 1747 1908 1827">
     <span class='ocr_line' id='line_1_18' title="bbox 323 1747 1908 1827; baseline -0.002 -17"><span class='ocrx_word' id='word_1_120' title='bbox 323 1757 419 1810; x_wconf 87' lang='grc' dir='ltr'><strong>τοῦ</strong></span> <span class='ocrx_word' id='word_1_121' title='bbox 453 1756 641 1827; x_wconf 87' lang='grc' dir='ltr'>Θεοῦή</span> <span class='ocrx_word' id='word_1_122' title='bbox 678 1755 840 1820; x_wconf 58' lang='lat' dir='ltr'><strong>sigla;</strong></span> <span class='ocrx_word' id='word_1_123' title='bbox 876 1755 1003 1819; x_wconf 78' lang='grc' dir='ltr'>Ναὶ,</span> <span class='ocrx_word' id='word_1_124' title='bbox 1040 1754 1223 1825; x_wconf 79' lang='grc' dir='ltr'>φησὶν,</span> <span class='ocrx_word' id='word_1_125' title='bbox 1249 1747 1389 1806; x_wconf 80' lang='grc' dir='ltr'><strong>ἀλλά</strong></span> <span class='ocrx_word' id='word_1_126' title='bbox 1428 1754 1490 1807; x_wconf 85' lang='grc' dir='ltr'><strong>τὸ</strong></span> <span class='ocrx_word' id='word_1_127' title='bbox 1518 1752 1688 1825; x_wconf 74' lang='grc' dir='ltr'>ὄνομα</span> <span class='ocrx_word' id='word_1_128' title='bbox 1717 1757 1750 1826; x_wconf 89' lang='grc' dir='ltr'><strong>ή</strong></span> <span class='ocrx_word' id='word_1_129' title='bbox 1783 1755 1908 1820; x_wconf 82' lang='grc' dir='ltr'>ἀξία</span> 
     </span>
    </p>
   </div>
   <div class='ocr_carea' id='block_1_19' title="bbox 327 1839 1907 1919">
    <p class='ocr_par' dir='ltr' id='par_1_19' title="bbox 327 1839 1907 1919">
     <span class='ocr_line' id='line_1_19' title="bbox 327 1839 1907 1919; baseline -0.002 -17"><span class='ocrx_word' id='word_1_130' title='bbox 327 1849 496 1903; x_wconf 80' lang='grc' dir='ltr'>ἐστίν.</span> <span class='ocrx_word' id='word_1_131' title='bbox 549 1847 658 1900; x_wconf 74' lang='grc' dir='ltr'><strong>Καὶ</strong></span> <span class='ocrx_word' id='word_1_132' title='bbox 705 1847 788 1910; x_wconf 83' lang='grc' dir='ltr'><strong>τίς</strong></span> <span class='ocrx_word' id='word_1_133' title='bbox 817 1845 1095 1911; x_wconf 82' lang='grc' dir='ltr'>ἀπέδειξε,</span> <span class='ocrx_word' id='word_1_134' title='bbox 1124 1843 1319 1898; x_wconf 82' lang='grc' dir='ltr'>ταύτὸν</span> <span class='ocrx_word' id='word_1_135' title='bbox 1365 1839 1502 1897; x_wconf 86' lang='grc' dir='ltr'>εἶναι</span> <span class='ocrx_word' id='word_1_136' title='bbox 1533 1848 1602 1917; x_wconf 86' lang='grc' dir='ltr'>τῇ</span> <span class='ocrx_word' id='word_1_137' title='bbox 1649 1845 1776 1916; x_wconf 76' lang='grc' dir='ltr'>ἀξίᾳ</span> <span class='ocrx_word' id='word_1_138' title='bbox 1809 1847 1907 1919; x_wconf 86' lang='grc' dir='ltr'>τὴν</span> 
     </span>
    </p>
   </div>
   <div class='ocr_carea' id='block_1_20' title="bbox 2016 652 3597 725">
    <p class='ocr_par' dir='ltr' id='par_1_20' title="bbox 2016 652 3597 725">
     <span class='ocr_line' id='line_1_20' title="bbox 2016 652 3597 725; baseline 0.004 -19"><span class='ocrx_word' id='word_1_139' title='bbox 2016 653 2120 708; x_wconf 87' lang='lat' dir='ltr'><strong>sibi</strong></span> <span class='ocrx_word' id='word_1_140' title='bbox 2154 653 2255 724; x_wconf 85' lang='lat' dir='ltr'><strong>ipsi</strong></span> <span class='ocrx_word' id='word_1_141' title='bbox 2291 652 2428 708; x_wconf 88' lang='lat' dir='ltr'><strong>dans</strong></span> <span class='ocrx_word' id='word_1_142' title='bbox 2452 652 2600 706; x_wconf 76' lang='lat' dir='ltr'><strong>velut</strong></span> <span class='ocrx_word' id='word_1_143' title='bbox 2621 667 2690 706; x_wconf 83' lang='lat' dir='ltr'><strong>ex</strong></span> <span class='ocrx_word' id='word_1_144' title='bbox 2723 659 2914 707; x_wconf 90' lang='lat' dir='ltr'><strong>nostro</strong></span> <span class='ocrx_word' id='word_1_145' title='bbox 2941 667 3197 708; x_wconf 90' lang='lat' dir='ltr'><strong>sermone</strong></span> <span class='ocrx_word' id='word_1_146' title='bbox 3222 653 3292 708; x_wconf 90' lang='lat' dir='ltr'><strong>ad</strong></span> <span class='ocrx_word' id='word_1_147' title='bbox 3314 669 3597 725; x_wconf 89' lang='lat' dir='ltr'><strong>opponen-</strong></span> 
     </span>
    </p>
   </div>
   <div class='ocr_carea' id='block_1_21' title="bbox 2015 745 3600 814">
    <p class='ocr_par' dir='ltr' id='par_1_21' title="bbox 2015 745 3600 814">
     <span class='ocr_line' id='line_1_21' title="bbox 2015 745 3600 814; baseline 0.001 -12"><span class='ocrx_word' id='word_1_148' title='bbox 2015 747 2145 802; x_wconf 87' lang='lat' dir='ltr'><strong>dum</strong></span> <span class='ocrx_word' id='word_1_149' title='bbox 2198 761 2258 802; x_wconf 90' lang='lat' dir='ltr'><strong>se</strong></span> <span class='ocrx_word' id='word_1_150' title='bbox 2318 745 2660 808; x_wconf 84' lang='lat' dir='ltr'><strong>occasiones,</strong></span> <span class='ocrx_word' id='word_1_151' title='bbox 2727 745 2928 814; x_wconf 89' lang='lat' dir='ltr'><strong>quibus</strong></span> <span class='ocrx_word' id='word_1_152' title='bbox 2975 745 3246 802; x_wconf 92' lang='lat' dir='ltr'><strong>subtiliter</strong></span> <span class='ocrx_word' id='word_1_153' title='bbox 3291 748 3600 807; x_wconf 83' lang='lat' dir='ltr'><strong>tractandis</strong></span> 
     </span>
    </p>
   </div>
   <div class='ocr_carea' id='block_1_22' title="bbox 2015 837 3600 909">
    <p class='ocr_par' dir='ltr' id='par_1_22' title="bbox 2015 837 3600 909">
     <span class='ocr_line' id='line_1_22' title="bbox 2015 837 3600 909; baseline 0.001 -15"><span class='ocrx_word' id='word_1_154' title='bbox 2015 853 2234 908; x_wconf 84' lang='lat' dir='ltr'><strong>operam</strong></span> <span class='ocrx_word' id='word_1_155' title='bbox 2286 853 2490 909; x_wconf 90' lang='lat' dir='ltr'><strong>ponere</strong></span> <span class='ocrx_word' id='word_1_156' title='bbox 2556 837 2826 908; x_wconf 89' lang='lat' dir='ltr'><strong>quispiam</strong></span> <span class='ocrx_word' id='word_1_157' title='bbox 2877 852 3067 891; x_wconf 92' lang='lat' dir='ltr'><strong>eorum</strong></span> <span class='ocrx_word' id='word_1_158' title='bbox 3105 840 3198 909; x_wconf 93' lang='lat' dir='ltr'><strong>qui</strong></span> <span class='ocrx_word' id='word_1_159' title='bbox 3251 841 3600 896; x_wconf 72' lang='lat' dir='ltr'><strong>considerate</strong></span> 
     </span>
    </p>
   </div>
   <div class='ocr_carea' id='block_1_23' title="bbox 2017 930 3600 1002">
    <p class='ocr_par' dir='ltr' id='par_1_23' title="bbox 2017 930 3600 1002">
     <span class='ocr_line' id='line_1_23' title="bbox 2017 930 3600 1002; baseline 0.004 -17"><span class='ocrx_word' id='word_1_160' title='bbox 2017 939 2286 986; x_wconf 82' lang='lat' dir='ltr'><strong>noverunt</strong></span> <span class='ocrx_word' id='word_1_161' title='bbox 2307 930 2575 1000; x_wconf 85' lang='lat' dir='ltr'><strong>judicare,</strong></span> <span class='ocrx_word' id='word_1_162' title='bbox 2611 945 2812 985; x_wconf 82' lang='lat' dir='ltr'><strong>vanum</strong></span> <span class='ocrx_word' id='word_1_163' title='bbox 2845 938 2900 987; x_wconf 90' lang='lat' dir='ltr'><strong>et</strong></span> <span class='ocrx_word' id='word_1_164' title='bbox 2937 931 3273 1002; x_wconf 84' lang='lat' dir='ltr'><strong>superﬂuum</strong></span> <span class='ocrx_word' id='word_1_165' title='bbox 3306 950 3432 990; x_wconf 91' lang='lat' dir='ltr'><strong>esse</strong></span> <span class='ocrx_word' id='word_1_166' title='bbox 3450 934 3600 991; x_wconf 79' lang='lat' dir='ltr'><strong>dixe-</strong></span> 
     </span>
    </p>
   </div>
   <div class='ocr_carea' id='block_1_24' title="bbox 2015 1024 3598 1100">
    <p class='ocr_par' dir='ltr' id='par_1_24' title="bbox 2015 1024 3598 1100">
     <span class='ocr_line' id='line_1_24' title="bbox 2015 1024 3598 1100; baseline 0.004 -22"><span class='ocrx_word' id='word_1_167' title='bbox 2015 1025 2108 1089; x_wconf 91' lang='lat' dir='ltr'><strong>rit,</strong></span> <span class='ocrx_word' id='word_1_168' title='bbox 2147 1040 2272 1079; x_wconf 93' lang='lat' dir='ltr'><strong>cum</strong></span> <span class='ocrx_word' id='word_1_169' title='bbox 2311 1024 2693 1095; x_wconf 88' lang='lat' dir='ltr'><strong>unusquisque</strong></span> <span class='ocrx_word' id='word_1_170' title='bbox 2747 1039 2938 1078; x_wconf 90' lang='lat' dir='ltr'><strong>eorum</strong></span> <span class='ocrx_word' id='word_1_171' title='bbox 2994 1025 3089 1095; x_wconf 93' lang='lat' dir='ltr'><strong>qui</strong></span> <span class='ocrx_word' id='word_1_172' title='bbox 3138 1025 3192 1080; x_wconf 92' lang='lat' dir='ltr'><strong>in</strong></span> <span class='ocrx_word' id='word_1_173' title='bbox 3241 1026 3363 1097; x_wconf 87' lang='lat' dir='ltr'><strong>ejus</strong></span> <span class='ocrx_word' id='word_1_174' title='bbox 3393 1030 3598 1100; x_wconf 84' lang='lat' dir='ltr'><strong>scripta</strong></span> 
     </span>
    </p>
   </div>
   <div class='ocr_carea' id='block_1_25' title="bbox 2018 1117 3593 1190">
    <p class='ocr_par' dir='ltr' id='par_1_25' title="bbox 2018 1117 3593 1190">
     <span class='ocr_line' id='line_1_25' title="bbox 2018 1117 3593 1190; baseline 0.002 -18"><span class='ocrx_word' id='word_1_175' title='bbox 2018 1117 2334 1182; x_wconf 88' lang='lat' dir='ltr'><strong>inciderint,</strong></span> <span class='ocrx_word' id='word_1_176' title='bbox 2371 1133 2437 1173; x_wconf 86' lang='lat' dir='ltr'><strong>ex</strong></span> <span class='ocrx_word' id='word_1_177' title='bbox 2466 1118 2601 1187; x_wconf 89' lang='lat' dir='ltr'><strong>ipsis</strong></span> <span class='ocrx_word' id='word_1_178' title='bbox 2627 1117 2793 1172; x_wconf 87' lang='lat' dir='ltr'><strong>dictis</strong></span> <span class='ocrx_word' id='word_1_179' title='bbox 2809 1117 3137 1172; x_wconf 91' lang='lat' dir='ltr'><strong>calumniam</strong></span> <span class='ocrx_word' id='word_1_180' title='bbox 3158 1122 3593 1190; x_wconf 86' lang='lat' dir='ltr'><strong>possitarguere.</strong></span> 
     </span>
    </p>
   </div>
   <div class='ocr_carea' id='block_1_26' title="bbox 2017 1209 3600 1279">
    <p class='ocr_par' dir='ltr' id='par_1_26' title="bbox 2017 1209 3600 1279">
     <span class='ocr_line' id='line_1_26' title="bbox 2017 1209 3600 1279; baseline 0.004 -16"><span class='ocrx_word' id='word_1_181' title='bbox 2017 1209 2117 1265; x_wconf 87' lang='lat' dir='ltr'><strong>Hic</strong></span> <span class='ocrx_word' id='word_1_182' title='bbox 2151 1209 2242 1264; x_wconf 91' lang='lat' dir='ltr'><strong>Dei</strong></span> <span class='ocrx_word' id='word_1_183' title='bbox 2277 1210 2592 1279; x_wconf 87' lang='lat' dir='ltr'><strong>dignitatem</strong></span> <span class='ocrx_word' id='word_1_184' title='bbox 2621 1209 2865 1265; x_wconf 86' lang='lat' dir='ltr'><strong>doctoris</strong></span> <span class='ocrx_word' id='word_1_185' title='bbox 2905 1211 3081 1264; x_wconf 77' lang='lat' dir='ltr'><strong>nostri</strong></span> <span class='ocrx_word' id='word_1_186' title='bbox 3136 1214 3600 1269; x_wconf 89' lang='lat' dir='ltr'><strong>commentatione</strong></span> 
     </span>
    </p>
   </div>
   <div class='ocr_carea' id='block_1_27' title="bbox 2017 1298 3596 1371">
    <p class='ocr_par' dir='ltr' id='par_1_27' title="bbox 2017 1298 3596 1371">
     <span class='ocr_line' id='line_1_27' title="bbox 2017 1298 3596 1371; baseline 0.005 -18"><span class='ocrx_word' id='word_1_187' title='bbox 2017 1298 2381 1370; x_wconf 85' lang='lat' dir='ltr'><strong>antiquiorem</strong></span> <span class='ocrx_word' id='word_1_188' title='bbox 2441 1307 2710 1354; x_wconf 85' lang='lat' dir='ltr'><strong>autumat.</strong></span> <span class='ocrx_word' id='word_1_189' title='bbox 2743 1298 2930 1371; x_wconf 78' lang='lat' dir='ltr'><strong>Neque</strong></span> <span class='ocrx_word' id='word_1_190' title='bbox 2984 1316 3085 1356; x_wconf 91' lang='lat' dir='ltr'><strong>nos</strong></span> <span class='ocrx_word' id='word_1_191' title='bbox 3121 1304 3596 1361; x_wconf 85' lang='lat' dir='ltr'><strong>contradicimus:</strong></span> 
     </span>
    </p>
   </div>
   <div class='ocr_carea' id='block_1_28' title="bbox 2016 1391 3599 1463">
    <p class='ocr_par' dir='ltr' id='par_1_28' title="bbox 2016 1391 3599 1463">
     <span class='ocr_line' id='line_1_28' title="bbox 2016 1391 3599 1463; baseline 0.001 -16"><span class='ocrx_word' id='word_1_192' title='bbox 2016 1391 2286 1462; x_wconf 85' lang='lat' dir='ltr'><strong>siquidem</strong></span> <span class='ocrx_word' id='word_1_193' title='bbox 2324 1391 2418 1446; x_wconf 92' lang='lat' dir='ltr'><strong>Dei</strong></span> <span class='ocrx_word' id='word_1_194' title='bbox 2451 1391 2706 1461; x_wconf 91' lang='lat' dir='ltr'><strong>dignitas,</strong></span> <span class='ocrx_word' id='word_1_195' title='bbox 2760 1407 2925 1460; x_wconf 91' lang='lat' dir='ltr'><strong>quam</strong></span> <span class='ocrx_word' id='word_1_196' title='bbox 2961 1392 3181 1463; x_wconf 87' lang='lat' dir='ltr'><strong>quidem</strong></span> <span class='ocrx_word' id='word_1_197' title='bbox 3236 1393 3400 1448; x_wconf 91' lang='lat' dir='ltr'><strong>etiam</strong></span> <span class='ocrx_word' id='word_1_198' title='bbox 3457 1394 3599 1450; x_wconf 87' lang='lat' dir='ltr'><strong>hanc</strong></span> 
     </span>
    </p>
   </div>
   <div class='ocr_carea' id='block_1_29' title="bbox 2015 1485 3600 1558">
    <p class='ocr_par' dir='ltr' id='par_1_29' title="bbox 2015 1485 3600 1558">
     <span class='ocr_line' id='line_1_29' title="bbox 2015 1485 3600 1558; baseline 0.001 -18"><span class='ocrx_word' id='word_1_199' title='bbox 2015 1485 2336 1540; x_wconf 87' lang='lat' dir='ltr'><strong>existimare</strong></span> <span class='ocrx_word' id='word_1_200' title='bbox 2365 1492 2602 1554; x_wconf 89' lang='lat' dir='ltr'><strong>oportet,</strong></span> <span class='ocrx_word' id='word_1_201' title='bbox 2638 1500 2747 1540; x_wconf 90' lang='lat' dir='ltr'><strong>non</strong></span> <span class='ocrx_word' id='word_1_202' title='bbox 2777 1485 2955 1540; x_wconf 91' lang='lat' dir='ltr'><strong>solum</strong></span> <span class='ocrx_word' id='word_1_203' title='bbox 2991 1493 3151 1540; x_wconf 71' lang='lat' dir='ltr'><strong>mtate</strong></span> <span class='ocrx_word' id='word_1_204' title='bbox 3211 1495 3401 1542; x_wconf 89' lang='lat' dir='ltr'><strong>nostra</strong></span> <span class='ocrx_word' id='word_1_205' title='bbox 3448 1489 3600 1558; x_wconf 92' lang='lat' dir='ltr'><strong>prior</strong></span> 
     </span>
    </p>
   </div>
   <div class='ocr_carea' id='block_1_30' title="bbox 2013 1578 3596 1648">
    <p class='ocr_par' dir='ltr' id='par_1_30' title="bbox 2013 1578 3596 1648">
     <span class='ocr_line' id='line_1_30' title="bbox 2013 1578 3596 1648; baseline 0.001 -14"><span class='ocrx_word' id='word_1_206' title='bbox 2013 1587 2121 1645; x_wconf 89' lang='lat' dir='ltr'><strong>est,</strong></span> <span class='ocrx_word' id='word_1_207' title='bbox 2149 1578 2242 1634; x_wconf 91' lang='lat' dir='ltr'><strong>sed</strong></span> <span class='ocrx_word' id='word_1_208' title='bbox 2271 1579 2432 1634; x_wconf 89' lang='lat' dir='ltr'><strong>etiam</strong></span> <span class='ocrx_word' id='word_1_209' title='bbox 2481 1578 2629 1631; x_wconf 90' lang='lat' dir='ltr'><strong>omni</strong></span> <span class='ocrx_word' id='word_1_210' title='bbox 2692 1585 2965 1643; x_wconf 86' lang='lat' dir='ltr'><strong>creatura,</strong></span> <span class='ocrx_word' id='word_1_211' title='bbox 2993 1585 3048 1632; x_wconf 89' lang='lat' dir='ltr'><strong>et</strong></span> <span class='ocrx_word' id='word_1_212' title='bbox 3079 1579 3212 1648; x_wconf 84' lang='lat' dir='ltr'><strong>ipsis</strong></span> <span class='ocrx_word' id='word_1_213' title='bbox 3241 1581 3460 1635; x_wconf 63' lang='lat' dir='ltr'><strong>saeculis</strong></span> <span class='ocrx_word' id='word_1_214' title='bbox 3494 1597 3596 1636; x_wconf 86' lang='lat' dir='ltr'><strong>su-</strong></span> 
     </span>
    </p>
   </div>
   <div class='ocr_carea' id='block_1_31' title="bbox 2016 1669 3598 1742">
    <p class='ocr_par' dir='ltr' id='par_1_31' title="bbox 2016 1669 3598 1742">
     <span class='ocr_line' id='line_1_31' title="bbox 2016 1669 3598 1742; baseline 0 -16"><span class='ocrx_word' id='word_1_215' title='bbox 2016 1672 2199 1742; x_wconf 91' lang='lat' dir='ltr'><strong>perior</strong></span> <span class='ocrx_word' id='word_1_216' title='bbox 2235 1671 2460 1726; x_wconf 90' lang='lat' dir='ltr'><strong>eminet.</strong></span> <span class='ocrx_word' id='word_1_217' title='bbox 2487 1669 2628 1736; x_wconf 87' lang='lat' dir='ltr'><strong>Quid</strong></span> <span class='ocrx_word' id='word_1_218' title='bbox 2661 1669 2827 1741; x_wconf 79' lang='lat' dir='ltr'><strong>igitur</strong></span> <span class='ocrx_word' id='word_1_219' title='bbox 2851 1685 2919 1725; x_wconf 81' lang='lat' dir='ltr'><strong>ex</strong></span> <span class='ocrx_word' id='word_1_220' title='bbox 2965 1671 3052 1725; x_wconf 90' lang='lat' dir='ltr'><strong>his</strong></span> <span class='ocrx_word' id='word_1_221' title='bbox 3101 1672 3340 1726; x_wconf 88' lang='lat' dir='ltr'><strong>sermoni</strong></span> <span class='ocrx_word' id='word_1_222' title='bbox 3374 1673 3598 1736; x_wconf 85' lang='lat' dir='ltr'><strong>accidit,</strong></span> 
     </span>
    </p>
   </div>
   <div class='ocr_carea' id='block_1_32' title="bbox 2017 1763 3601 1822">
    <p class='ocr_par' dir='ltr' id='par_1_32' title="bbox 2017 1763 3601 1822">
     <span class='ocr_line' id='line_1_32' title="bbox 2017 1763 3601 1822; baseline 0.001 -2"><span class='ocrx_word' id='word_1_223' title='bbox 2017 1765 2064 1821; x_wconf 90' lang='lat' dir='ltr'><strong>si</strong></span> <span class='ocrx_word' id='word_1_224' title='bbox 2088 1780 2197 1819; x_wconf 93' lang='lat' dir='ltr'><strong>non</strong></span> <span class='ocrx_word' id='word_1_225' title='bbox 2222 1763 2422 1819; x_wconf 88' lang='lat' dir='ltr'><strong>Basilio</strong></span> <span class='ocrx_word' id='word_1_226' title='bbox 2451 1764 2630 1819; x_wconf 90' lang='lat' dir='ltr'><strong>solum</strong></span> <span class='ocrx_word' id='word_1_227' title='bbox 2682 1764 2777 1820; x_wconf 84' lang='lat' dir='ltr'><strong>sed</strong></span> <span class='ocrx_word' id='word_1_228' title='bbox 2835 1765 2996 1819; x_wconf 88' lang='lat' dir='ltr'><strong>etiam</strong></span> <span class='ocrx_word' id='word_1_229' title='bbox 3030 1766 3284 1820; x_wconf 91' lang='lat' dir='ltr'><strong>omnibus</strong></span> <span class='ocrx_word' id='word_1_230' title='bbox 3309 1765 3474 1822; x_wconf 89' lang='lat' dir='ltr'><strong>rebus</strong></span> <span class='ocrx_word' id='word_1_231' title='bbox 3502 1782 3601 1822; x_wconf 86' lang='lat' dir='ltr'><strong>su-</strong></span> 
     </span>
    </p>
   </div>
   <div class='ocr_carea' id='block_1_33' title="bbox 2015 1855 3596 1928">
    <p class='ocr_par' dir='ltr' id='par_1_33' title="bbox 2015 1855 3596 1928">
     <span class='ocr_line' id='line_1_33' title="bbox 2015 1855 3596 1928; baseline 0 -15"><span class='ocrx_word' id='word_1_232' title='bbox 2015 1859 2267 1928; x_wconf 90' lang='lat' dir='ltr'><strong>perioret</strong></span> <span class='ocrx_word' id='word_1_233' title='bbox 2287 1857 2566 1928; x_wconf 90' lang='lat' dir='ltr'><strong>antiquior</strong></span> <span class='ocrx_word' id='word_1_234' title='bbox 2583 1855 2677 1911; x_wconf 91' lang='lat' dir='ltr'><strong>Dei</strong></span> <span class='ocrx_word' id='word_1_235' title='bbox 2695 1864 2952 1911; x_wconf 84' lang='lat' dir='ltr'><strong>censetur</strong></span> <span class='ocrx_word' id='word_1_236' title='bbox 2965 1855 3239 1926; x_wconf 81' lang='lat' dir='ltr'><strong>dignitas?</strong></span> <span class='ocrx_word' id='word_1_237' title='bbox 3259 1857 3374 1923; x_wconf 62' lang='lat' dir='ltr'><strong>Nae,</strong></span> <span class='ocrx_word' id='word_1_238' title='bbox 3390 1859 3596 1928; x_wconf 88' lang='lat' dir='ltr'><strong>inquit,</strong></span> 
     </span>
    </p>
   </div>
   <div class='ocr_carea' id='block_1_34' title="bbox 327 1935 1915 2018">
    <p class='ocr_par' dir='ltr' id='par_1_34' title="bbox 327 1937 1912 2011">
     <span class='ocr_line' id='line_1_34' title="bbox 327 1937 1912 2011; baseline 0.004 -23"><span class='ocrx_word' id='word_1_239' title='bbox 327 1939 722 2011; x_wconf 78' lang='grc' dir='ltr'>προσηγορίαν,</span> <span class='ocrx_word' id='word_1_240' title='bbox 744 1939 833 1991; x_wconf 82' lang='grc' dir='ltr'><strong>ἵνα</strong></span> <span class='ocrx_word' id='word_1_241' title='bbox 855 1937 950 1991; x_wconf 71' lang='grc' dir='ltr'>καὶ</span> <span class='ocrx_word' id='word_1_242' title='bbox 979 1938 1140 2008; x_wconf 72' lang='grc' dir='ltr'>ἡμεῖς</span> <span class='ocrx_word' id='word_1_243' title='bbox 1160 1937 1238 2008; x_wconf 84' lang='grc' dir='ltr'>τῷ</span> <span class='ocrx_word' id='word_1_244' title='bbox 1261 1937 1539 2008; x_wconf 83' lang='grc' dir='ltr'>λεγομένῳ</span> <span class='ocrx_word' id='word_1_245' title='bbox 1562 1938 1912 2009; x_wconf 87' lang='grc' dir='ltr'>συνθώμεθα;</span> 
     </span>
    </p>
   </div>
   <div class='ocr_carea' id='block_1_35' title="bbox 2018 1935 3602 2018">
    <p class='ocr_par' dir='ltr' id='par_1_35' title="bbox 2020 1947 3602 2018">
     <span class='ocr_line' id='line_1_35' title="bbox 2020 1947 3602 2018; baseline 0.001 -13"><span class='ocrx_word' id='word_1_246' title='bbox 2020 1951 2113 2005; x_wconf 79' lang='lat' dir='ltr'><strong>sed</strong></span> <span class='ocrx_word' id='word_1_247' title='bbox 2143 1951 2244 2004; x_wconf 91' lang='lat' dir='ltr'><strong>hoc</strong></span> <span class='ocrx_word' id='word_1_248' title='bbox 2269 1965 2465 2003; x_wconf 89' lang='lat' dir='ltr'><strong>nomen</strong></span> <span class='ocrx_word' id='word_1_249' title='bbox 2490 1947 2727 2018; x_wconf 82' lang='lat' dir='ltr'><strong>dignitas</strong></span> <span class='ocrx_word' id='word_1_250' title='bbox 2771 1955 2878 2003; x_wconf 88' lang='lat' dir='ltr'><strong>est.</strong></span> <span class='ocrx_word' id='word_1_251' title='bbox 2929 1947 2996 2001; x_wconf 89' lang='lat' dir='ltr'><strong>Et</strong></span> <span class='ocrx_word' id='word_1_252' title='bbox 3023 1949 3148 2018; x_wconf 91' lang='lat' dir='ltr'><strong>quis</strong></span> <span class='ocrx_word' id='word_1_253' title='bbox 3201 1949 3602 2006; x_wconf 81' lang='lat' dir='ltr'><strong>demonstravit</strong></span> 
     </span>
    </p>
   </div>
   <div class='ocr_carea' id='block_1_36' title="bbox 325 2029 1916 2104">
    <p class='ocr_par' dir='ltr' id='par_1_36' title="bbox 325 2029 1916 2104">
     <span class='ocr_line' id='line_1_36' title="bbox 325 2029 1916 2104; baseline 0.001 -19"><span class='ocrx_word' id='word_1_254' title='bbox 325 2033 546 2096; x_wconf 80' lang='grc' dir='ltr'>Φύσεως</span> <span class='ocrx_word' id='word_1_255' title='bbox 568 2031 745 2104; x_wconf 90' lang='grc' dir='ltr'>ήμῶν,</span> <span class='ocrx_word' id='word_1_256' title='bbox 779 2031 932 2102; x_wconf 74' lang='grc' dir='ltr'>φησὶ,</span> <span class='ocrx_word' id='word_1_257' title='bbox 964 2029 1204 2085; x_wconf 82' lang='grc' dir='ltr'>διδάσκει</span> <span class='ocrx_word' id='word_1_258' title='bbox 1234 2030 1453 2100; x_wconf 81' lang='grc' dir='ltr'>θεσμὸς.</span> <span class='ocrx_word' id='word_1_259' title='bbox 1485 2033 1542 2085; x_wconf 86' lang='grc' dir='ltr'><strong>ἐν</strong></span> <span class='ocrx_word' id='word_1_260' title='bbox 1575 2034 1687 2095; x_wconf 86' lang='grc' dir='ltr'>τοῖς</span> <span class='ocrx_word' id='word_1_261' title='bbox 1715 2033 1916 2103; x_wconf 88' lang='grc' dir='ltr'>ὀνομα-</span> 
     </span>
    </p>
   </div>
   <div class='ocr_carea' id='block_1_37' title="bbox 329 2120 1919 2195">
    <p class='ocr_par' dir='ltr' id='par_1_37' title="bbox 329 2120 1919 2195">
     <span class='ocr_line' id='line_1_37' title="bbox 329 2120 1919 2195; baseline -0.001 -17"><span class='ocrx_word' id='word_1_262' title='bbox 329 2124 578 2195; x_wconf 80' lang='grc' dir='ltr'>ζομένοις</span> <span class='ocrx_word' id='word_1_263' title='bbox 633 2121 972 2193; x_wconf 73' lang='grc' dir='ltr'>πράγμασιν,</span> <span class='ocrx_word' id='word_1_264' title='bbox 1020 2121 1120 2173; x_wconf 81' lang='grc' dir='ltr'><strong>οὐκ</strong></span> <span class='ocrx_word' id='word_1_265' title='bbox 1169 2123 1227 2173; x_wconf 89' lang='grc' dir='ltr'><strong>ἐν</strong></span> <span class='ocrx_word' id='word_1_266' title='bbox 1275 2123 1341 2192; x_wconf 80' lang='grc' dir='ltr'>τῇ</span> <span class='ocrx_word' id='word_1_267' title='bbox 1389 2120 1498 2174; x_wconf 92' lang='grc' dir='ltr'><strong>τῶν</strong></span> <span class='ocrx_word' id='word_1_268' title='bbox 1544 2121 1919 2192; x_wconf 82' lang='grc' dir='ltr'>ὀνομαζόντων</span> 
     </span>
    </p>
   </div>
   <div class='ocr_carea' id='block_1_38' title="bbox 329 2207 1918 2286">
    <p class='ocr_par' dir='ltr' id='par_1_38' title="bbox 329 2207 1918 2286">
     <span class='ocr_line' id='line_1_38' title="bbox 329 2207 1918 2286; baseline -0.001 -16"><span class='ocrx_word' id='word_1_269' title='bbox 329 2215 544 2286; x_wconf 77' lang='grc' dir='ltr'>ἐξουσίᾳ</span> <span class='ocrx_word' id='word_1_270' title='bbox 575 2214 788 2267; x_wconf 83' lang='grc' dir='ltr'>κεῖσθαι</span> <span class='ocrx_word' id='word_1_271' title='bbox 817 2214 917 2284; x_wconf 86' lang='grc' dir='ltr'><strong>τὴν</strong></span> <span class='ocrx_word' id='word_1_272' title='bbox 940 2213 1047 2267; x_wconf 91' lang='grc' dir='ltr'><strong>τῶν</strong></span> <span class='ocrx_word' id='word_1_273' title='bbox 1074 2213 1352 2283; x_wconf 82' lang='grc' dir='ltr'>ὀνομάτων</span> <span class='ocrx_word' id='word_1_274' title='bbox 1380 2213 1557 2278; x_wconf 82' lang='grc' dir='ltr'>ἀξίαν.</span> <span class='ocrx_word' id='word_1_275' title='bbox 1585 2214 1678 2278; x_wconf 89' lang='grc' dir='ltr'><strong>Τίς</strong></span> <span class='ocrx_word' id='word_1_276' title='bbox 1704 2207 1859 2280; x_wconf 73' lang='grc' dir='ltr'>οὗτος</span> <span class='ocrx_word' id='word_1_277' title='bbox 1889 2217 1918 2269; x_wconf 99' lang='lat'><strong>6</strong></span> 
     </span>
    </p>
   </div>
   <div class='ocr_carea' id='block_1_39' title="bbox 326 2307 1917 2382">
    <p class='ocr_par' dir='ltr' id='par_1_39' title="bbox 326 2307 1917 2382">
     <span class='ocr_line' id='line_1_39' title="bbox 326 2307 1917 2382; baseline 0 -20"><span class='ocrx_word' id='word_1_278' title='bbox 326 2312 426 2382; x_wconf 83' lang='grc' dir='ltr'><strong>τῆς</strong></span> <span class='ocrx_word' id='word_1_279' title='bbox 469 2309 683 2379; x_wconf 84' lang='grc' dir='ltr'>φύσεως</span> <span class='ocrx_word' id='word_1_280' title='bbox 710 2309 909 2379; x_wconf 88' lang='grc' dir='ltr'>νόμος;</span> <span class='ocrx_word' id='word_1_281' title='bbox 945 2309 1055 2361; x_wconf 77' lang='grc' dir='ltr'>Καὶ</span> <span class='ocrx_word' id='word_1_282' title='bbox 1095 2307 1212 2372; x_wconf 89' lang='grc' dir='ltr'><strong>πῶς</strong></span> <span class='ocrx_word' id='word_1_283' title='bbox 1241 2308 1301 2360; x_wconf 81' lang='grc' dir='ltr'><strong>ού</strong></span> <span class='ocrx_word' id='word_1_284' title='bbox 1326 2308 1468 2362; x_wconf 87' lang='grc' dir='ltr'><strong>κατά</strong></span> <span class='ocrx_word' id='word_1_285' title='bbox 1505 2309 1723 2362; x_wconf 87' lang='grc' dir='ltr'>πάντων</span> <span class='ocrx_word' id='word_1_286' title='bbox 1751 2326 1917 2362; x_wconf 87' lang='grc' dir='ltr'>κεκυ-</span> 
     </span>
    </p>
   </div>
   <div class='ocr_carea' id='block_1_40' title="bbox 335 2399 1916 2472">
    <p class='ocr_par' dir='ltr' id='par_1_40' title="bbox 335 2399 1916 2472">
     <span class='ocr_line' id='line_1_40' title="bbox 335 2399 1916 2472; baseline 0 -18"><span class='ocrx_word' id='word_1_287' title='bbox 335 2401 615 2472; x_wconf 86' lang='grc' dir='ltr'>ρωμένος;</span> <span class='ocrx_word' id='word_1_288' title='bbox 674 2401 736 2453; x_wconf 83' lang='grc' dir='ltr'><strong>Εἰ</strong></span> <span class='ocrx_word' id='word_1_289' title='bbox 773 2400 881 2471; x_wconf 85' lang='grc' dir='ltr'>γὰρ</span> <span class='ocrx_word' id='word_1_290' title='bbox 935 2400 1095 2470; x_wconf 76' lang='grc' dir='ltr'>φύσις</span> <span class='ocrx_word' id='word_1_291' title='bbox 1143 2400 1204 2453; x_wconf 84' lang='grc' dir='ltr'><strong>τὸ</strong></span> <span class='ocrx_word' id='word_1_292' title='bbox 1237 2399 1476 2454; x_wconf 86' lang='grc' dir='ltr'>τοιοῦτον</span> <span class='ocrx_word' id='word_1_293' title='bbox 1521 2402 1916 2472; x_wconf 81' lang='grc' dir='ltr'>ἐνομοθέτησε,</span> 
     </span>
    </p>
   </div>
   <div class='ocr_carea' id='block_1_41' title="bbox 327 2489 1920 2561">
    <p class='ocr_par' dir='ltr' id='par_1_41' title="bbox 327 2489 1920 2561">
     <span class='ocr_line' id='line_1_41' title="bbox 327 2489 1920 2561; baseline 0.002 -18"><span class='ocrx_word' id='word_1_294' title='bbox 327 2491 469 2543; x_wconf 88' lang='grc' dir='ltr'>κατὰ</span> <span class='ocrx_word' id='word_1_295' title='bbox 494 2491 712 2544; x_wconf 89' lang='grc' dir='ltr'>πάντων</span> <span class='ocrx_word' id='word_1_296' title='bbox 740 2489 1148 2561; x_wconf 85' lang='grc' dir='ltr'>κεκυρωμένος.</span> <span class='ocrx_word' id='word_1_297' title='bbox 1179 2491 1244 2543; x_wconf 86' lang='grc' dir='ltr'><strong>Εἰ</strong></span> <span class='ocrx_word' id='word_1_298' title='bbox 1273 2491 1383 2561; x_wconf 85' lang='grc' dir='ltr'>γὰρ</span> <span class='ocrx_word' id='word_1_299' title='bbox 1409 2491 1570 2559; x_wconf 79' lang='grc' dir='ltr'>φύσις</span> <span class='ocrx_word' id='word_1_300' title='bbox 1598 2492 1658 2545; x_wconf 88' lang='grc' dir='ltr'>τὺ</span> <span class='ocrx_word' id='word_1_301' title='bbox 1681 2492 1920 2546; x_wconf 89' lang='grc' dir='ltr'>τοιοῦτον</span> 
     </span>
    </p>
   </div>
   <div class='ocr_carea' id='block_1_42' title="bbox 328 2581 1914 2656">
    <p class='ocr_par' dir='ltr' id='par_1_42' title="bbox 328 2581 1914 2656">
     <span class='ocr_line' id='line_1_42' title="bbox 328 2581 1914 2656; baseline 0.002 -21"><span class='ocrx_word' id='word_1_302' title='bbox 328 2581 706 2654; x_wconf 86' lang='grc' dir='ltr'>ἐνομοθέτησε,</span> <span class='ocrx_word' id='word_1_303' title='bbox 729 2581 870 2635; x_wconf 87' lang='grc' dir='ltr'><strong>κατά</strong></span> <span class='ocrx_word' id='word_1_304' title='bbox 891 2583 1109 2635; x_wconf 84' lang='grc' dir='ltr'>πάντων</span> <span class='ocrx_word' id='word_1_305' title='bbox 1135 2581 1305 2652; x_wconf 82' lang='grc' dir='ltr'>αὐτὴν</span> <span class='ocrx_word' id='word_1_306' title='bbox 1328 2582 1434 2636; x_wconf 78' lang='grc' dir='ltr'>ἔδει</span> <span class='ocrx_word' id='word_1_307' title='bbox 1461 2584 1522 2636; x_wconf 83' lang='grc' dir='ltr'><strong>τὸ</strong></span> <span class='ocrx_word' id='word_1_308' title='bbox 1551 2585 1750 2656; x_wconf 83' lang='grc' dir='ltr'>κράτος</span> <span class='ocrx_word' id='word_1_309' title='bbox 1771 2584 1914 2656; x_wconf 78' lang='grc' dir='ltr'>ἔχειν</span> 
     </span>
    </p>
   </div>
   <div class='ocr_carea' id='block_1_43' title="bbox 327 2672 1918 2747">
    <p class='ocr_par' dir='ltr' id='par_1_43' title="bbox 327 2672 1918 2747">
     <span class='ocr_line' id='line_1_43' title="bbox 327 2672 1918 2747; baseline 0.002 -19"><span class='ocrx_word' id='word_1_310' title='bbox 327 2674 434 2728; x_wconf 90' lang='grc' dir='ltr'><strong>τῶν</strong></span> <span class='ocrx_word' id='word_1_311' title='bbox 465 2673 862 2728; x_wconf 86' lang='grc' dir='ltr'>κοινωνούντων</span> <span class='ocrx_word' id='word_1_312' title='bbox 906 2673 1005 2743; x_wconf 86' lang='grc' dir='ltr'>τῆς</span> <span class='ocrx_word' id='word_1_313' title='bbox 1047 2672 1262 2742; x_wconf 81' lang='grc' dir='ltr'>φύσεως</span> <span class='ocrx_word' id='word_1_314' title='bbox 1283 2715 1297 2736; x_wconf 93' lang='grc'><strong>,</strong></span> <span class='ocrx_word' id='word_1_315' title='bbox 1325 2673 1516 2747; x_wconf 87' lang='grc' dir='ltr'>ῶσπερ</span> <span class='ocrx_word' id='word_1_316' title='bbox 1553 2677 1646 2728; x_wconf 77' lang='grc' dir='ltr'><strong>καὶ</strong></span> <span class='ocrx_word' id='word_1_317' title='bbox 1686 2676 1754 2729; x_wconf 82' lang='grc' dir='ltr'>τὰ</span> <span class='ocrx_word' id='word_1_318' title='bbox 1783 2677 1918 2730; x_wconf 85' lang='grc' dir='ltr'>ἄλλα</span> 
     </span>
    </p>
   </div>
   <div class='ocr_carea' id='block_1_44' title="bbox 328 2765 1919 2840">
    <p class='ocr_par' dir='ltr' id='par_1_44' title="bbox 328 2765 1919 2840">
     <span class='ocr_line' id='line_1_44' title="bbox 328 2765 1919 2840; baseline 0.001 -18"><span class='ocrx_word' id='word_1_319' title='bbox 328 2768 510 2822; x_wconf 80' lang='grc' dir='ltr'>πάντα</span> <span class='ocrx_word' id='word_1_320' title='bbox 536 2769 635 2821; x_wconf 84' lang='grc' dir='ltr'><strong>ὅσα</strong></span> <span class='ocrx_word' id='word_1_321' title='bbox 659 2768 760 2837; x_wconf 78' lang='grc' dir='ltr'>τῆς</span> <span class='ocrx_word' id='word_1_322' title='bbox 788 2766 1001 2835; x_wconf 78' lang='grc' dir='ltr'>φύσεως</span> <span class='ocrx_word' id='word_1_323' title='bbox 1022 2767 1148 2821; x_wconf 83' lang='grc' dir='ltr'>ἴδια.</span> <span class='ocrx_word' id='word_1_324' title='bbox 1176 2769 1236 2820; x_wconf 83' lang='grc' dir='ltr'><strong>Εἰ</strong></span> <span class='ocrx_word' id='word_1_325' title='bbox 1260 2765 1354 2821; x_wconf 80' lang='grc' dir='ltr'>οὖν</span> <span class='ocrx_word' id='word_1_326' title='bbox 1379 2768 1542 2839; x_wconf 89' lang='grc' dir='ltr'>νόμος</span> <span class='ocrx_word' id='word_1_327' title='bbox 1570 2770 1670 2840; x_wconf 77' lang='grc' dir='ltr'>τῆς</span> <span class='ocrx_word' id='word_1_328' title='bbox 1705 2770 1919 2840; x_wconf 87' lang='grc' dir='ltr'>φύσεως</span> 
     </span>
    </p>
   </div>
   <div class='ocr_carea' id='block_1_45' title="bbox 327 2860 1915 2936">
    <p class='ocr_par' dir='ltr' id='par_1_45' title="bbox 327 2860 1915 2936">
     <span class='ocr_line' id='line_1_45' title="bbox 327 2860 1915 2936; baseline 0.001 -20"><span class='ocrx_word' id='word_1_329' title='bbox 327 2865 393 2916; x_wconf 82' lang='grc' dir='ltr'><strong>ἐκ</strong></span> <span class='ocrx_word' id='word_1_330' title='bbox 428 2863 537 2915; x_wconf 77' lang='grc' dir='ltr'><strong>τῶν</strong></span> <span class='ocrx_word' id='word_1_331' title='bbox 571 2861 910 2933; x_wconf 86' lang='grc' dir='ltr'>πραγμάτων</span> <span class='ocrx_word' id='word_1_332' title='bbox 946 2861 1078 2932; x_wconf 81' lang='grc' dir='ltr'>ἡμῖν</span> <span class='ocrx_word' id='word_1_333' title='bbox 1115 2860 1454 2929; x_wconf 81' lang='grc' dir='ltr'>ἀναφύεσθαι</span> <span class='ocrx_word' id='word_1_334' title='bbox 1501 2863 1600 2927; x_wconf 80' lang='grc' dir='ltr'>τὰς</span> <span class='ocrx_word' id='word_1_335' title='bbox 1639 2881 1915 2936; x_wconf 86' lang='grc' dir='ltr'>προσηγο-</span> 
     </span>
    </p>
   </div>
   <div class='ocr_carea' id='block_1_46' title="bbox 331 2951 1915 3026">
    <p class='ocr_par' dir='ltr' id='par_1_46' title="bbox 331 2951 1915 3026">
     <span class='ocr_line' id='line_1_46' title="bbox 331 2951 1915 3026; baseline 0.001 -19"><span class='ocrx_word' id='word_1_336' title='bbox 331 2954 452 3024; x_wconf 88' lang='grc' dir='ltr'>ρίας</span> <span class='ocrx_word' id='word_1_337' title='bbox 485 2952 677 3010; x_wconf 78' lang='grc' dir='ltr'>ἐποίει.</span> <span class='ocrx_word' id='word_1_338' title='bbox 710 2951 898 3022; x_wconf 86' lang='grc' dir='ltr'>ὥσπερ</span> <span class='ocrx_word' id='word_1_339' title='bbox 925 2954 992 3006; x_wconf 85' lang='grc' dir='ltr'><strong>ἐκ</strong></span> <span class='ocrx_word' id='word_1_340' title='bbox 1033 2951 1142 3005; x_wconf 90' lang='grc' dir='ltr'><strong>τῶν</strong></span> <span class='ocrx_word' id='word_1_341' title='bbox 1180 2954 1509 3024; x_wconf 77' lang='grc' dir='ltr'>σπερμάτων</span> <span class='ocrx_word' id='word_1_342' title='bbox 1541 2955 1575 3025; x_wconf 81' lang='grc' dir='ltr'>ἦ</span> <span class='ocrx_word' id='word_1_343' title='bbox 1608 2954 1716 3008; x_wconf 82' lang='grc' dir='ltr'><strong>τῶν</strong></span> <span class='ocrx_word' id='word_1_344' title='bbox 1752 2955 1915 3026; x_wconf 80' lang='grc' dir='ltr'>ῥιζῶν</span> 
     </span>
    </p>
   </div>
   <div class='ocr_carea' id='block_1_47' title="bbox 327 3044 1915 3118">
    <p class='ocr_par' dir='ltr' id='par_1_47' title="bbox 327 3044 1915 3118">
     <span class='ocr_line' id='line_1_47' title="bbox 327 3044 1915 3118; baseline 0 -19"><span class='ocrx_word' id='word_1_345' title='bbox 327 3045 397 3099; x_wconf 86' lang='grc' dir='ltr'><strong>τά</strong></span> <span class='ocrx_word' id='word_1_346' title='bbox 425 3044 803 3115; x_wconf 85' lang='grc' dir='ltr'>βλαστήματα,</span> <span class='ocrx_word' id='word_1_347' title='bbox 827 3047 917 3100; x_wconf 73' lang='grc' dir='ltr'><strong>καὶ</strong></span> <span class='ocrx_word' id='word_1_348' title='bbox 949 3047 1023 3116; x_wconf 84' lang='grc' dir='ltr'><strong>μὴ</strong></span> <span class='ocrx_word' id='word_1_349' title='bbox 1044 3049 1110 3118; x_wconf 84' lang='grc' dir='ltr'>τῇ</span> <span class='ocrx_word' id='word_1_350' title='bbox 1137 3049 1455 3118; x_wconf 87' lang='grc' dir='ltr'>προαιρέσει</span> <span class='ocrx_word' id='word_1_351' title='bbox 1480 3047 1590 3099; x_wconf 88' lang='grc' dir='ltr'><strong>τῶν</strong></span> <span class='ocrx_word' id='word_1_352' title='bbox 1614 3047 1915 3116; x_wconf 86' lang='grc' dir='ltr'>δηλούντων</span> 
     </span>
    </p>
   </div>
   <div class='ocr_carea' id='block_1_48' title="bbox 325 3139 1915 3211">
    <p class='ocr_par' dir='ltr' id='par_1_48' title="bbox 325 3139 1915 3211">
     <span class='ocr_line' id='line_1_48' title="bbox 325 3139 1915 3211; baseline 0 -20"><span class='ocrx_word' id='word_1_353' title='bbox 325 3141 395 3194; x_wconf 78' lang='grc' dir='ltr'>τὰ</span> <span class='ocrx_word' id='word_1_354' title='bbox 419 3141 718 3211; x_wconf 86' lang='grc' dir='ltr'>πράγματα</span> <span class='ocrx_word' id='word_1_355' title='bbox 739 3140 837 3204; x_wconf 85' lang='grc' dir='ltr'><strong>τάς</strong></span> <span class='ocrx_word' id='word_1_356' title='bbox 867 3157 932 3208; x_wconf 90' lang='grc' dir='ltr'><strong>ση</strong></span> <span class='ocrx_word' id='word_1_357' title='bbox 942 3139 1208 3208; x_wconf 78' lang='grc' dir='ltr'>μαντικὰς</span> <span class='ocrx_word' id='word_1_358' title='bbox 1233 3139 1341 3191; x_wconf 88' lang='grc' dir='ltr'><strong>τῶν</strong></span> <span class='ocrx_word' id='word_1_359' title='bbox 1374 3139 1746 3208; x_wconf 81' lang='grc' dir='ltr'>ὑποκειμένων</span> <span class='ocrx_word' id='word_1_360' title='bbox 1771 3140 1915 3191; x_wconf 79' lang='grc' dir='ltr'>ἐπω-</span> 
     </span>
    </p>
   </div>
   <div class='ocr_carea' id='block_1_49' title="bbox 326 3225 1914 3302">
    <p class='ocr_par' dir='ltr' id='par_1_49' title="bbox 326 3225 1914 3302">
     <span class='ocr_line' id='line_1_49' title="bbox 326 3225 1914 3302; baseline -0.001 -18"><span class='ocrx_word' id='word_1_361' title='bbox 326 3231 522 3302; x_wconf 85' lang='grc' dir='ltr'>νυμίας</span> <span class='ocrx_word' id='word_1_362' title='bbox 557 3229 849 3301; x_wconf 81' lang='grc' dir='ltr'>ἐπέτρεπε,</span> <span class='ocrx_word' id='word_1_363' title='bbox 882 3229 1084 3293; x_wconf 89' lang='grc' dir='ltr'>πάντες</span> <span class='ocrx_word' id='word_1_364' title='bbox 1105 3229 1172 3283; x_wconf 85' lang='grc' dir='ltr'>ἂν</span> <span class='ocrx_word' id='word_1_365' title='bbox 1199 3225 1341 3301; x_wconf 79' lang='grc' dir='ltr'>ἦμεν</span> <span class='ocrx_word' id='word_1_366' title='bbox 1368 3231 1417 3282; x_wconf 87' lang='grc' dir='ltr'>οἱ</span> <span class='ocrx_word' id='word_1_367' title='bbox 1442 3228 1734 3301; x_wconf 77' lang='grc' dir='ltr'>ἄνθρωποι,</span> <span class='ocrx_word' id='word_1_368' title='bbox 1777 3231 1914 3300; x_wconf 83' lang='grc' dir='ltr'>πρὸς</span> 
     </span>
    </p>
   </div>
   <div class='ocr_carea' id='block_1_50' title="bbox 327 3320 1912 3394">
    <p class='ocr_par' dir='ltr' id='par_1_50' title="bbox 327 3320 1912 3394">
     <span class='ocr_line' id='line_1_50' title="bbox 327 3320 1912 3394; baseline -0.001 -18"><span class='ocrx_word' id='word_1_369' title='bbox 327 3321 590 3394; x_wconf 80' lang='grc' dir='ltr'>ἀλλήλους</span> <span class='ocrx_word' id='word_1_370' title='bbox 617 3321 974 3392; x_wconf 85' lang='grc' dir='ltr'>ὁμόγλωσσοι.</span> <span class='ocrx_word' id='word_1_371' title='bbox 1013 3321 1103 3391; x_wconf 86' lang='grc' dir='ltr'><strong>Μὴ</strong></span> <span class='ocrx_word' id='word_1_372' title='bbox 1147 3321 1254 3391; x_wconf 84' lang='grc' dir='ltr'><strong>γάρ</strong></span> <span class='ocrx_word' id='word_1_373' title='bbox 1304 3320 1776 3392; x_wconf 86' lang='grc' dir='ltr'>παρηλλαγμένων</span> <span class='ocrx_word' id='word_1_374' title='bbox 1803 3320 1912 3374; x_wconf 89' lang='grc' dir='ltr'><strong>τῶν</strong></span> 
     </span>
    </p>
   </div>
   <div class='ocr_carea' id='block_1_51' title="bbox 329 3412 1914 3485">
    <p class='ocr_par' dir='ltr' id='par_1_51' title="bbox 329 3412 1914 3485">
     <span class='ocr_line' id='line_1_51' title="bbox 329 3412 1914 3485; baseline -0.001 -18"><span class='ocrx_word' id='word_1_375' title='bbox 329 3414 690 3484; x_wconf 70' lang='grc' dir='ltr'>ἐπικειμένων</span> <span class='ocrx_word' id='word_1_376' title='bbox 727 3417 839 3477; x_wconf 83' lang='grc' dir='ltr'>τοῖς</span> <span class='ocrx_word' id='word_1_377' title='bbox 870 3415 1190 3485; x_wconf 85' lang='grc' dir='ltr'>πράγμασιν</span> <span class='ocrx_word' id='word_1_378' title='bbox 1217 3413 1518 3483; x_wconf 87' lang='grc' dir='ltr'>ὀνομάτων,</span> <span class='ocrx_word' id='word_1_379' title='bbox 1553 3413 1653 3466; x_wconf 75' lang='grc' dir='ltr'><strong>οὐκ</strong></span> <span class='ocrx_word' id='word_1_380' title='bbox 1683 3412 1750 3466; x_wconf 83' lang='grc' dir='ltr'><strong>ἂν</strong></span> <span class='ocrx_word' id='word_1_381' title='bbox 1779 3413 1914 3483; x_wconf 74' lang='grc' dir='ltr'>πρὸς</span> 
     </span>
    </p>
   </div>
   <div class='ocr_carea' id='block_1_52' title="bbox 328 3501 1910 3577">
    <p class='ocr_par' dir='ltr' id='par_1_52' title="bbox 328 3501 1910 3577">
     <span class='ocr_line' id='line_1_52' title="bbox 328 3501 1910 3577; baseline 0 -17"><span class='ocrx_word' id='word_1_382' title='bbox 328 3506 592 3577; x_wconf 81' lang='grc' dir='ltr'>ἀλλήλους</span> <span class='ocrx_word' id='word_1_383' title='bbox 650 3505 791 3559; x_wconf 84' lang='grc' dir='ltr'><strong>κατά</strong></span> <span class='ocrx_word' id='word_1_384' title='bbox 854 3505 920 3558; x_wconf 84' lang='grc' dir='ltr'>τὺ</span> <span class='ocrx_word' id='word_1_385' title='bbox 965 3501 1104 3569; x_wconf 84' lang='grc' dir='ltr'>εἶδος</span> <span class='ocrx_word' id='word_1_386' title='bbox 1154 3504 1529 3575; x_wconf 78' lang='grc' dir='ltr'>διεφωνοῦμεν</span> <span class='ocrx_word' id='word_1_387' title='bbox 1577 3503 1671 3559; x_wconf 89' lang='grc' dir='ltr'><strong>τοῦ</strong></span> <span class='ocrx_word' id='word_1_388' title='bbox 1729 3505 1910 3573; x_wconf 85' lang='grc' dir='ltr'>λόγου.</span> 
     </span>
    </p>
   </div>
   <div class='ocr_carea' id='block_1_53' title="bbox 331 3591 1917 3668">
    <p class='ocr_par' dir='ltr' id='par_1_53' title="bbox 331 3591 1917 3668">
     <span class='ocr_line' id='line_1_53' title="bbox 331 3591 1917 3668; baseline -0.001 -17"><span class='ocrx_word' id='word_1_389' title='bbox 331 3597 518 3651; x_wconf 81' lang='grc' dir='ltr'>⁸Ὀσιόν</span> <span class='ocrx_word' id='word_1_390' title='bbox 556 3612 720 3666; x_wconf 81' lang='grc' dir='ltr'>φησιν</span> <span class='ocrx_word' id='word_1_391' title='bbox 767 3591 930 3658; x_wconf 77' lang='grc' dir='ltr'>εἶναι,</span> <span class='ocrx_word' id='word_1_392' title='bbox 950 3596 1044 3648; x_wconf 77' lang='grc' dir='ltr'><strong>καὶ</strong></span> <span class='ocrx_word' id='word_1_393' title='bbox 1068 3595 1146 3665; x_wconf 83' lang='grc' dir='ltr'><strong>τῷ</strong></span> <span class='ocrx_word' id='word_1_394' title='bbox 1163 3597 1260 3667; x_wconf 83' lang='grc' dir='ltr'><strong>τῆς</strong></span> <span class='ocrx_word' id='word_1_395' title='bbox 1291 3596 1546 3668; x_wconf 86' lang='grc' dir='ltr'>προνοίας</span> <span class='ocrx_word' id='word_1_396' title='bbox 1576 3597 1726 3667; x_wconf 89' lang='grc' dir='ltr'>νόμῳ</span> <span class='ocrx_word' id='word_1_397' title='bbox 1748 3614 1917 3666; x_wconf 89' lang='grc' dir='ltr'>προσ-</span> 
     </span>
    </p>
   </div>
   <div class='ocr_carea' id='block_1_54' title="bbox 330 3685 1912 3758">
    <p class='ocr_par' dir='ltr' id='par_1_54' title="bbox 330 3685 1912 3758">
     <span class='ocr_line' id='line_1_54' title="bbox 330 3685 1912 3758; baseline -0.001 -17"><span class='ocrx_word' id='word_1_398' title='bbox 330 3687 661 3756; x_wconf 74' lang='grc' dir='ltr'>φυέστατον,</span> <span class='ocrx_word' id='word_1_399' title='bbox 701 3685 906 3740; x_wconf 83' lang='grc' dir='ltr'>ἄνωθεν</span> <span class='ocrx_word' id='word_1_400' title='bbox 956 3686 1266 3739; x_wconf 82' lang='grc' dir='ltr'>ἐπικεῖσθαι</span> <span class='ocrx_word' id='word_1_401' title='bbox 1312 3689 1424 3750; x_wconf 80' lang='grc' dir='ltr'>τοῖς</span> <span class='ocrx_word' id='word_1_402' title='bbox 1484 3687 1776 3758; x_wconf 84' lang='grc' dir='ltr'>πράγμασι</span> <span class='ocrx_word' id='word_1_403' title='bbox 1811 3687 1912 3750; x_wconf 84' lang='grc' dir='ltr'>τὰς</span> 
     </span>
    </p>
   </div>
   <div class='ocr_carea' id='block_1_55' title="bbox 332 3773 1918 3850">
    <p class='ocr_par' dir='ltr' id='par_1_55' title="bbox 332 3773 1918 3850">
     <span class='ocr_line' id='line_1_55' title="bbox 332 3773 1918 3850; baseline -0.001 -16"><span class='ocrx_word' id='word_1_404' title='bbox 332 3778 533 3850; x_wconf 75' lang='grc' dir='ltr'>φωνάς.</span> <span class='ocrx_word' id='word_1_405' title='bbox 568 3776 692 3841; x_wconf 87' lang='grc' dir='ltr'><strong>Πῶς</strong></span> <span class='ocrx_word' id='word_1_406' title='bbox 720 3773 812 3830; x_wconf 79' lang='grc' dir='ltr'>οὖν</span> <span class='ocrx_word' id='word_1_407' title='bbox 843 3779 1115 3848; x_wconf 77' lang='grc' dir='ltr'>ἠγνόησαν</span> <span class='ocrx_word' id='word_1_408' title='bbox 1149 3779 1198 3830; x_wconf 88' lang='grc' dir='ltr'>οἱ</span> <span class='ocrx_word' id='word_1_409' title='bbox 1230 3777 1505 3849; x_wconf 75' lang='grc' dir='ltr'>προφῆται</span> <span class='ocrx_word' id='word_1_410' title='bbox 1531 3779 1592 3831; x_wconf 82' lang='grc' dir='ltr'><strong>τὸ</strong></span> <span class='ocrx_word' id='word_1_411' title='bbox 1620 3780 1790 3842; x_wconf 83' lang='grc' dir='ltr'>ὅσιον,</span> <span class='ocrx_word' id='word_1_412' title='bbox 1822 3780 1918 3832; x_wconf 61' lang='grc' dir='ltr'><strong>καλ¹</strong></span> 
     </span>
    </p>
   </div>
   <div class='ocr_carea' id='block_1_56' title="bbox 329 3869 1915 3942">
    <p class='ocr_par' dir='ltr' id='par_1_56' title="bbox 329 3869 1915 3942">
     <span class='ocr_line' id='line_1_56' title="bbox 329 3869 1915 3942; baseline 0.001 -21"><span class='ocrx_word' id='word_1_413' title='bbox 329 3870 424 3923; x_wconf 57' lang='grc' dir='ltr'><strong>τὸν</strong></span> <span class='ocrx_word' id='word_1_414' title='bbox 459 3871 556 3940; x_wconf 84' lang='grc' dir='ltr'>τῆς</span> <span class='ocrx_word' id='word_1_415' title='bbox 597 3869 849 3942; x_wconf 85' lang='grc' dir='ltr'>προνοίας</span> <span class='ocrx_word' id='word_1_416' title='bbox 894 3869 1057 3938; x_wconf 84' lang='grc' dir='ltr'>νόμον</span> <span class='ocrx_word' id='word_1_417' title='bbox 1099 3869 1200 3922; x_wconf 71' lang='grc' dir='ltr'><strong>οὐκ</strong></span> <span class='ocrx_word' id='word_1_418' title='bbox 1242 3869 1662 3940; x_wconf 85' lang='grc' dir='ltr'>ἐπαιδεύθησαν,</span> <span class='ocrx_word' id='word_1_419' title='bbox 1707 3874 1758 3927; x_wconf 78' lang='lat' dir='ltr'><strong>oi</strong></span> <span class='ocrx_word' id='word_1_420' title='bbox 1808 3886 1915 3941; x_wconf 83' lang='grc' dir='ltr'>μη·-</span> 
     </span>
    </p>
   </div>
   <div class='ocr_carea' id='block_1_57' title="bbox 330 3961 1919 4034">
    <p class='ocr_par' dir='ltr' id='par_1_57' title="bbox 330 3961 1919 4034">
     <span class='ocr_line' id='line_1_57' title="bbox 330 3961 1919 4034; baseline -0.004 -15"><span class='ocrx_word' id='word_1_421' title='bbox 330 3963 541 4034; x_wconf 66' lang='grc' dir='ltr'>δαμιῖις,</span> <span class='ocrx_word' id='word_1_422' title='bbox 567 3962 710 4017; x_wconf 86' lang='grc' dir='ltr'><strong>κατά</strong></span> <span class='ocrx_word' id='word_1_423' title='bbox 743 3962 832 4014; x_wconf 82' lang='grc' dir='ltr'><strong>τὸν</strong></span> <span class='ocrx_word' id='word_1_424' title='bbox 868 3961 959 4014; x_wconf 87' lang='grc' dir='ltr'><strong>σὺν</strong></span> <span class='ocrx_word' id='word_1_425' title='bbox 988 3962 1165 4028; x_wconf 90' lang='grc' dir='ltr'>λόγον,</span> <span class='ocrx_word' id='word_1_426' title='bbox 1197 3962 1296 4032; x_wconf 83' lang='grc' dir='ltr'>τὴν</span> <span class='ocrx_word' id='word_1_427' title='bbox 1327 3961 1650 4031; x_wconf 88' lang='grc' dir='ltr'>ἀγεννησίαν</span> <span class='ocrx_word' id='word_1_428' title='bbox 1669 3961 1919 4032; x_wconf 87' lang='grc' dir='ltr'>θεοποιή-</span> 
     </span>
    </p>
   </div>
   <div class='ocr_carea' id='block_1_58' title="bbox 334 4051 1918 4124">
    <p class='ocr_par' dir='ltr' id='par_1_58' title="bbox 334 4051 1918 4124">
     <span class='ocr_line' id='line_1_58' title="bbox 334 4051 1918 4124; baseline -0.003 -13"><span class='ocrx_word' id='word_1_429' title='bbox 334 4073 555 4124; x_wconf 75' lang='grc' dir='ltr'>σαντες;</span> <span class='ocrx_word' id='word_1_430' title='bbox 578 4054 702 4118; x_wconf 89' lang='grc' dir='ltr'>Πῶς</span> <span class='ocrx_word' id='word_1_431' title='bbox 731 4054 788 4107; x_wconf 80' lang='grc' dir='ltr'><strong>δὲ</strong></span> <span class='ocrx_word' id='word_1_432' title='bbox 818 4054 914 4106; x_wconf 78' lang='grc' dir='ltr'>καὶ</span> <span class='ocrx_word' id='word_1_433' title='bbox 943 4052 1104 4116; x_wconf 84' lang='grc' dir='ltr'>αὐτὸς</span> <span class='ocrx_word' id='word_1_434' title='bbox 1131 4055 1161 4106; x_wconf 90' lang='grc' dir='ltr'><strong>ὀ</strong></span> <span class='ocrx_word' id='word_1_435' title='bbox 1205 4052 1336 4116; x_wconf 82' lang='grc' dir='ltr'>Θεὸς</span> <span class='ocrx_word' id='word_1_436' title='bbox 1364 4055 1548 4122; x_wconf 87' lang='grc' dir='ltr'>ἀγνοεῖ</span> <span class='ocrx_word' id='word_1_437' title='bbox 1588 4056 1648 4105; x_wconf 85' lang='grc' dir='ltr'>τὸ</span> <span class='ocrx_word' id='word_1_438' title='bbox 1677 4051 1918 4106; x_wconf 86' lang='grc' dir='ltr'>τοιοῦτον</span> 
     </span>
    </p>
   </div>
   <div class='ocr_carea' id='block_1_59' title="bbox 331 4144 1918 4218">
    <p class='ocr_par' dir='ltr' id='par_1_59' title="bbox 331 4144 1918 4218">
     <span class='ocr_line' id='line_1_59' title="bbox 331 4144 1918 4218; baseline -0.003 -17"><span class='ocrx_word' id='word_1_439' title='bbox 331 4146 473 4212; x_wconf 77' lang='grc' dir='ltr'>εἶδος</span> <span class='ocrx_word' id='word_1_440' title='bbox 499 4147 599 4218; x_wconf 81' lang='grc' dir='ltr'>τῆς</span> <span class='ocrx_word' id='word_1_441' title='bbox 628 4146 924 4216; x_wconf 86' lang='grc' dir='ltr'>ὁσιότητος,</span> <span class='ocrx_word' id='word_1_442' title='bbox 961 4146 1019 4208; x_wconf 84' lang='grc' dir='ltr'>ὃς</span> <span class='ocrx_word' id='word_1_443' title='bbox 1043 4161 1107 4213; x_wconf 88' lang='grc' dir='ltr'><strong>γε</strong></span> <span class='ocrx_word' id='word_1_444' title='bbox 1139 4144 1240 4197; x_wconf 81' lang='grc' dir='ltr'><strong>οὐκ</strong></span> <span class='ocrx_word' id='word_1_445' title='bbox 1266 4144 1472 4198; x_wconf 81' lang='grc' dir='ltr'>ἀνωθεν</span> <span class='ocrx_word' id='word_1_446' title='bbox 1503 4144 1780 4214; x_wconf 83' lang='grc' dir='ltr'>ἐπιτίθησι</span> <span class='ocrx_word' id='word_1_447' title='bbox 1806 4147 1918 4208; x_wconf 89' lang='grc' dir='ltr'>τοῖς</span> 
     </span>
    </p>
   </div>
   <div class='ocr_carea' id='block_1_60' title="bbox 333 4236 1919 4312">
    <p class='ocr_par' dir='ltr' id='par_1_60' title="bbox 333 4236 1919 4312">
     <span class='ocr_line' id='line_1_60' title="bbox 333 4236 1919 4312; baseline -0.001 -18"><span class='ocrx_word' id='word_1_448' title='bbox 333 4241 464 4312; x_wconf 78' lang='grc' dir='ltr'>παρ’</span> <span class='ocrx_word' id='word_1_449' title='bbox 498 4238 662 4293; x_wconf 84' lang='grc' dir='ltr'>αὐτοῦ</span> <span class='ocrx_word' id='word_1_450' title='bbox 703 4238 988 4292; x_wconf 84' lang='grc' dir='ltr'>πλασθεῖσι</span> <span class='ocrx_word' id='word_1_451' title='bbox 1025 4236 1186 4301; x_wconf 79' lang='grc' dir='ltr'>ζώοις</span> <span class='ocrx_word' id='word_1_452' title='bbox 1217 4237 1317 4301; x_wconf 86' lang='grc' dir='ltr'><strong>τάς</strong></span> <span class='ocrx_word' id='word_1_453' title='bbox 1356 4238 1746 4308; x_wconf 85' lang='grc' dir='ltr'>προσηγορίας·</span> <span class='ocrx_word' id='word_1_454' title='bbox 1783 4238 1919 4292; x_wconf 89' lang='grc' dir='ltr'><strong>ἀλλά</strong></span> 
     </span>
    </p>
   </div>
   <div class='ocr_carea' id='block_1_61' title="bbox 333 4327 1920 4405">
    <p class='ocr_par' dir='ltr' id='par_1_61' title="bbox 333 4327 1920 4405">
     <span class='ocr_line' id='line_1_61' title="bbox 333 4327 1920 4405; baseline -0.002 -20"><span class='ocrx_word' id='word_1_455' title='bbox 333 4333 411 4405; x_wconf 84' lang='grc' dir='ltr'>τῷ</span> <span class='ocrx_word' id='word_1_456' title='bbox 460 4331 631 4402; x_wconf 82' lang='grc' dir='ltr'>Ἀδὰμ</span> <span class='ocrx_word' id='word_1_457' title='bbox 653 4330 749 4402; x_wconf 84' lang='grc' dir='ltr'><strong>τήν</strong></span> <span class='ocrx_word' id='word_1_458' title='bbox 769 4329 1017 4394; x_wconf 81' lang='grc' dir='ltr'>ἐξουσίαν</span> <span class='ocrx_word' id='word_1_459' title='bbox 1041 4328 1142 4399; x_wconf 83' lang='grc' dir='ltr'>τῆς</span> <span class='ocrx_word' id='word_1_460' title='bbox 1167 4328 1582 4399; x_wconf 82' lang='grc' dir='ltr'>ὀνοματοποιῖας</span> <span class='ocrx_word' id='word_1_461' title='bbox 1613 4327 1920 4400; x_wconf 76' lang='grc' dir='ltr'>χαρίζεται;</span> 
     </span>
    </p>
   </div>
   <div class='ocr_carea' id='block_1_62' title="bbox 334 4419 1919 4496">
    <p class='ocr_par' dir='ltr' id='par_1_62' title="bbox 334 4419 1919 4496">
     <span class='ocr_line' id='line_1_62' title="bbox 334 4419 1919 4496; baseline -0.004 -18"><span class='ocrx_word' id='word_1_462' title='bbox 334 4427 398 4479; x_wconf 76' lang='lat' dir='ltr'><strong>Ei</strong></span> <span class='ocrx_word' id='word_1_463' title='bbox 419 4425 526 4496; x_wconf 85' lang='grc' dir='ltr'>γὰρ</span> <span class='ocrx_word' id='word_1_464' title='bbox 547 4423 823 4495; x_wconf 80' lang='grc' dir='ltr'>προσφυὲς</span> <span class='ocrx_word' id='word_1_465' title='bbox 852 4421 930 4492; x_wconf 86' lang='grc' dir='ltr'>τῷ</span> <span class='ocrx_word' id='word_1_466' title='bbox 946 4421 1045 4492; x_wconf 84' lang='grc' dir='ltr'>τῆς</span> <span class='ocrx_word' id='word_1_467' title='bbox 1073 4421 1331 4494; x_wconf 88' lang='grc' dir='ltr'>προνοίας</span> <span class='ocrx_word' id='word_1_468' title='bbox 1350 4421 1521 4492; x_wconf 78' lang='grc' dir='ltr'>νόμῳ,</span> <span class='ocrx_word' id='word_1_469' title='bbox 1545 4419 1723 4484; x_wconf 81' lang='grc' dir='ltr'>καθώς</span> <span class='ocrx_word' id='word_1_470' title='bbox 1754 4437 1919 4491; x_wconf 82' lang='grc' dir='ltr'>φησιν</span> 
     </span>
    </p>
   </div>
   <div class='ocr_carea' id='block_1_63' title="bbox 333 4511 1918 4588">
    <p class='ocr_par' dir='ltr' id='par_1_63' title="bbox 333 4511 1918 4588">
     <span class='ocr_line' id='line_1_63' title="bbox 333 4511 1918 4588; baseline -0.006 -16"><span class='ocrx_word' id='word_1_471' title='bbox 333 4521 364 4572; x_wconf 92' lang='grc' dir='ltr'><strong>ὀ</strong></span> <span class='ocrx_word' id='word_1_472' title='bbox 390 4518 675 4588; x_wconf 84' lang='grc' dir='ltr'>Εὐνόμιος,</span> <span class='ocrx_word' id='word_1_473' title='bbox 699 4517 793 4570; x_wconf 75' lang='grc' dir='ltr'>καὶ</span> <span class='ocrx_word' id='word_1_474' title='bbox 820 4515 965 4568; x_wconf 84' lang='grc' dir='ltr'>ὅσιόν</span> <span class='ocrx_word' id='word_1_475' title='bbox 989 4515 1106 4567; x_wconf 89' lang='grc' dir='ltr'>ἐστι</span> <span class='ocrx_word' id='word_1_476' title='bbox 1144 4513 1206 4566; x_wconf 83' lang='grc' dir='ltr'>τὸ</span> <span class='ocrx_word' id='word_1_477' title='bbox 1227 4513 1431 4567; x_wconf 80' lang='grc' dir='ltr'>ἀνωθεν</span> <span class='ocrx_word' id='word_1_478' title='bbox 1475 4511 1781 4566; x_wconf 88' lang='grc' dir='ltr'>ἐπικεῖσθαι</span> <span class='ocrx_word' id='word_1_479' title='bbox 1805 4513 1918 4574; x_wconf 87' lang='grc' dir='ltr'>τοῖς</span> 
     </span>
    </p>
   </div>
   <div class='ocr_carea' id='block_1_64' title="bbox 333 4604 1918 4681">
    <p class='ocr_par' dir='ltr' id='par_1_64' title="bbox 333 4604 1918 4681">
     <span class='ocr_line' id='line_1_64' title="bbox 333 4604 1918 4681; baseline -0.005 -18"><span class='ocrx_word' id='word_1_480' title='bbox 333 4609 622 4681; x_wconf 88' lang='grc' dir='ltr'>πράγμασι</span> <span class='ocrx_word' id='word_1_481' title='bbox 643 4608 740 4670; x_wconf 88' lang='grc' dir='ltr'><strong>τάς</strong></span> <span class='ocrx_word' id='word_1_482' title='bbox 761 4607 963 4678; x_wconf 79' lang='grc' dir='ltr'>φωνὰς,</span> <span class='ocrx_word' id='word_1_483' title='bbox 983 4605 1194 4660; x_wconf 88' lang='grc' dir='ltr'>ἀνόσιον</span> <span class='ocrx_word' id='word_1_484' title='bbox 1223 4606 1440 4668; x_wconf 89' lang='grc' dir='ltr'>πάντως</span> <span class='ocrx_word' id='word_1_485' title='bbox 1463 4605 1556 4657; x_wconf 75' lang='grc' dir='ltr'><strong>καὶ</strong></span> <span class='ocrx_word' id='word_1_486' title='bbox 1577 4604 1918 4675; x_wconf 89' lang='grc' dir='ltr'>ἀνάρμοστον</span> 
     </span>
    </p>
   </div>
   <div class='ocr_carea' id='block_1_65' title="bbox 334 4693 1918 4774">
    <p class='ocr_par' dir='ltr' id='par_1_65' title="bbox 334 4693 1918 4774">
     <span class='ocr_line' id='line_1_65' title="bbox 334 4693 1918 4774; baseline -0.006 -17"><span class='ocrx_word' id='word_1_487' title='bbox 334 4702 486 4774; x_wconf 86' lang='grc' dir='ltr'><strong>παρά</strong></span> <span class='ocrx_word' id='word_1_488' title='bbox 506 4701 612 4755; x_wconf 91' lang='grc' dir='ltr'><strong>τῶν</strong></span> <span class='ocrx_word' id='word_1_489' title='bbox 636 4700 787 4754; x_wconf 85' lang='grc' dir='ltr'>κάτω</span> <span class='ocrx_word' id='word_1_490' title='bbox 804 4701 917 4763; x_wconf 88' lang='grc' dir='ltr'>τοῖς</span> <span class='ocrx_word' id='word_1_491' title='bbox 937 4693 1090 4752; x_wconf 83' lang='grc' dir='ltr'>οὖσιν</span> <span class='ocrx_word' id='word_1_492' title='bbox 1119 4696 1534 4768; x_wconf 83' lang='grc' dir='ltr'>ἐφαρμοσθῆναι</span> <span class='ocrx_word' id='word_1_493' title='bbox 1557 4695 1656 4759; x_wconf 80' lang='grc' dir='ltr'><strong>τὰς</strong></span> <span class='ocrx_word' id='word_1_494' title='bbox 1679 4695 1918 4766; x_wconf 87' lang='grc' dir='ltr'>κλήσεις.</span> 
     </span>
    </p>
   </div>
   <div class='ocr_carea' id='block_1_66' title="bbox 415 4869 1923 4943">
    <p class='ocr_par' dir='ltr' id='par_1_66' title="bbox 415 4869 1923 4943">
     <span class='ocr_line' id='line_1_66' title="bbox 415 4869 1923 4943; baseline -0.008 -10"><span class='ocrx_word' id='word_1_495' title='bbox 415 4878 570 4941; x_wconf 60' lang='grc' dir='ltr'><strong>Ἀλλῗ</strong></span> <span class='ocrx_word' id='word_1_496' title='bbox 623 4880 657 4931; x_wconf 82' lang='grc' dir='ltr'><em>ὁ</em></span> <span class='ocrx_word' id='word_1_497' title='bbox 707 4875 950 4930; x_wconf 77' lang='grc' dir='ltr'>πάντων</span> <span class='ocrx_word' id='word_1_498' title='bbox 994 4873 1289 4943; x_wconf 82' lang='grc' dir='ltr'>κηδεμὼν,</span> <span class='ocrx_word' id='word_1_499' title='bbox 1331 4872 1486 4942; x_wconf 71' lang='grc' dir='ltr'>φησὶ,</span> <span class='ocrx_word' id='word_1_500' title='bbox 1535 4869 1923 4940; x_wconf 79' lang='grc' dir='ltr'>δημιουργίας</span> 
     </span>
    </p>
   </div>
   <div class='ocr_carea' id='block_1_67' title="bbox 333 4961 1924 5039">
    <p class='ocr_par' dir='ltr' id='par_1_67' title="bbox 333 4961 1924 5039">
     <span class='ocr_line' id='line_1_67' title="bbox 333 4961 1924 5039; baseline -0.006 -16"><span class='ocrx_word' id='word_1_501' title='bbox 333 4969 495 5039; x_wconf 76' lang='grc' dir='ltr'>νόμῳ</span> <span class='ocrx_word' id='word_1_502' title='bbox 527 4968 652 5034; x_wconf 80' lang='grc' dir='ltr'>ταῖς</span> <span class='ocrx_word' id='word_1_503' title='bbox 693 4967 1008 5038; x_wconf 72' lang='grc' dir='ltr'>ἡμετέραις</span> <span class='ocrx_word' id='word_1_504' title='bbox 1052 4964 1513 5035; x_wconf 78' lang='grc' dir='ltr'>ἐγκατασπεῖραι</span> <span class='ocrx_word' id='word_1_505' title='bbox 1562 4961 1790 5032; x_wconf 66' lang='grc' dir='ltr'>ψυχαῖς</span> <span class='ocrx_word' id='word_1_506' title='bbox 1818 4962 1924 5015; x_wconf 81' lang='grc' dir='ltr'>ἐδι-</span> 
     </span>
    </p>
   </div>
   <div class='ocr_carea' id='block_1_68' title="bbox 333 5052 1923 5125">
    <p class='ocr_par' dir='ltr' id='par_1_68' title="bbox 333 5052 1923 5125">
     <span class='ocr_line' id='line_1_68' title="bbox 333 5052 1923 5125; baseline -0.007 -11"><span class='ocrx_word' id='word_1_507' title='bbox 333 5062 574 5115; x_wconf 78' lang='grc' dir='ltr'>καίωσε.</span> <span class='ocrx_word' id='word_1_508' title='bbox 611 5059 722 5113; x_wconf 78' lang='grc' dir='ltr'>Καὶ</span> <span class='ocrx_word' id='word_1_509' title='bbox 774 5059 824 5110; x_wconf 88' lang='grc' dir='ltr'><strong>εί</strong></span> <span class='ocrx_word' id='word_1_510' title='bbox 871 5057 1043 5110; x_wconf 87' lang='grc' dir='ltr'>ταῦτα</span> <span class='ocrx_word' id='word_1_511' title='bbox 1083 5059 1207 5120; x_wconf 87' lang='grc' dir='ltr'>ταῖς</span> <span class='ocrx_word' id='word_1_512' title='bbox 1238 5056 1347 5109; x_wconf 86' lang='grc' dir='ltr'><strong>τῶν</strong></span> <span class='ocrx_word' id='word_1_513' title='bbox 1380 5053 1684 5125; x_wconf 83' lang='grc' dir='ltr'>ἀνθρώπων</span> <span class='ocrx_word' id='word_1_514' title='bbox 1724 5052 1923 5122; x_wconf 61' lang='grc' dir='ltr'>ψυχαῖς</span> 
     </span>
    </p>
   </div>
   <div class='ocr_carea' id='block_1_69' title="bbox 334 5144 1924 5223">
    <p class='ocr_par' dir='ltr' id='par_1_69' title="bbox 334 5144 1924 5223">
     <span class='ocr_line' id='line_1_69' title="bbox 334 5144 1924 5223; baseline -0.005 -17"><span class='ocrx_word' id='word_1_515' title='bbox 334 5153 675 5223; x_wconf 84' lang='grc' dir='ltr'>κατεσπάρη,</span> <span class='ocrx_word' id='word_1_516' title='bbox 711 5151 830 5214; x_wconf 88' lang='grc' dir='ltr'><strong>πῶς</strong></span> <span class='ocrx_word' id='word_1_517' title='bbox 853 5151 962 5204; x_wconf 85' lang='grc' dir='ltr'><strong>ἀπὸ</strong></span> <span class='ocrx_word' id='word_1_518' title='bbox 998 5149 1168 5220; x_wconf 81' lang='grc' dir='ltr'>Ἀδὰμ</span> <span class='ocrx_word' id='word_1_519' title='bbox 1209 5149 1372 5220; x_wconf 87' lang='grc' dir='ltr'>μέχρι</span> <span class='ocrx_word' id='word_1_520' title='bbox 1394 5149 1506 5218; x_wconf 76' lang='grc' dir='ltr'>,τῆς</span> <span class='ocrx_word' id='word_1_521' title='bbox 1538 5149 1636 5218; x_wconf 85' lang='grc' dir='ltr'>σῆς</span> <span class='ocrx_word' id='word_1_522' title='bbox 1670 5144 1924 5216; x_wconf 83' lang='grc' dir='ltr'>παραϐά-</span> 
     </span>
    </p>
   </div>
   <div class='ocr_carea' id='block_1_70' title="bbox 334 5240 1922 5317">
    <p class='ocr_par' dir='ltr' id='par_1_70' title="bbox 334 5240 1922 5317">
     <span class='ocr_line' id='line_1_70' title="bbox 334 5240 1922 5317; baseline -0.007 -14"><span class='ocrx_word' id='word_1_523' title='bbox 334 5266 470 5311; x_wconf 90' lang='grc' dir='ltr'>σεως</span> <span class='ocrx_word' id='word_1_524' title='bbox 488 5250 516 5300; x_wconf 89' lang='grc' dir='ltr'>ὁ</span> <span class='ocrx_word' id='word_1_525' title='bbox 537 5249 636 5317; x_wconf 80' lang='grc' dir='ltr'>τῆς</span> <span class='ocrx_word' id='word_1_526' title='bbox 661 5244 1020 5314; x_wconf 87' lang='grc' dir='ltr'>ματαιότητος</span> <span class='ocrx_word' id='word_1_527' title='bbox 1042 5241 1246 5312; x_wconf 89' lang='grc' dir='ltr'>ταύτης</span> <span class='ocrx_word' id='word_1_528' title='bbox 1267 5240 1480 5313; x_wconf 77' lang='grc' dir='ltr'>καρπὸς</span> <span class='ocrx_word' id='word_1_529' title='bbox 1501 5241 1600 5293; x_wconf 85' lang='grc' dir='ltr'><strong>οὑκ</strong></span> <span class='ocrx_word' id='word_1_530' title='bbox 1624 5240 1922 5309; x_wconf 73' lang='grc' dir='ltr'>ἐϐλάστησε</span> 
     </span>
    </p>
   </div>
   <div class='ocr_carea' id='block_1_71' title="bbox 329 5331 1924 5408">
    <p class='ocr_par' dir='ltr' id='par_1_71' title="bbox 329 5331 1924 5408">
     <span class='ocr_line' id='line_1_71' title="bbox 329 5331 1924 5408; baseline -0.005 -16"><span class='ocrx_word' id='word_1_531' title='bbox 329 5343 448 5403; x_wconf 86' lang='grc' dir='ltr'>ταῖς</span> <span class='ocrx_word' id='word_1_532' title='bbox 477 5339 696 5408; x_wconf 83' lang='grc' dir='ltr'>ψυχαῖς,</span> <span class='ocrx_word' id='word_1_533' title='bbox 715 5338 792 5400; x_wconf 86' lang='grc' dir='ltr'>ὡς</span> <span class='ocrx_word' id='word_1_534' title='bbox 811 5338 938 5408; x_wconf 79' lang='grc' dir='ltr'>φῂς,</span> <span class='ocrx_word' id='word_1_535' title='bbox 959 5335 1068 5390; x_wconf 88' lang='grc' dir='ltr'><strong>τῶν</strong></span> <span class='ocrx_word' id='word_1_536' title='bbox 1095 5333 1398 5406; x_wconf 87' lang='grc' dir='ltr'>ἀνθρώπων</span> <span class='ocrx_word' id='word_1_537' title='bbox 1422 5332 1760 5402; x_wconf 88' lang='grc' dir='ltr'>ἐγκείμενος,</span> <span class='ocrx_word' id='word_1_538' title='bbox 1782 5331 1924 5385; x_wconf 83' lang='grc' dir='ltr'>ὥστε</span> 
     </span>
    </p>
   </div>
   <div class='ocr_carea' id='block_1_72' title="bbox 328 5424 1924 5498">
    <p class='ocr_par' dir='ltr' id='par_1_72' title="bbox 328 5424 1924 5498">
     <span class='ocr_line' id='line_1_72' title="bbox 328 5424 1924 5498; baseline -0.005 -15"><span class='ocrx_word' id='word_1_539' title='bbox 328 5431 500 5498; x_wconf 72' lang='grc' dir='ltr'>ὄνομα</span> <span class='ocrx_word' id='word_1_540' title='bbox 547 5429 648 5498; x_wconf 79' lang='grc' dir='ltr'><strong>τῆς</strong></span> <span class='ocrx_word' id='word_1_541' title='bbox 692 5428 786 5481; x_wconf 91' lang='grc' dir='ltr'><strong>τοῦ</strong></span> <span class='ocrx_word' id='word_1_542' title='bbox 829 5427 1042 5497; x_wconf 83' lang='grc' dir='ltr'>Πατρὸς</span> <span class='ocrx_word' id='word_1_543' title='bbox 1074 5427 1261 5490; x_wconf 80' lang='grc' dir='ltr'>οὐσίας</span> <span class='ocrx_word' id='word_1_544' title='bbox 1289 5427 1389 5496; x_wconf 86' lang='grc' dir='ltr'>τὴν</span> <span class='ocrx_word' id='word_1_545' title='bbox 1422 5424 1750 5495; x_wconf 90' lang='grc' dir='ltr'>ἀγεννησίαν</span> <span class='ocrx_word' id='word_1_546' title='bbox 1788 5424 1924 5494; x_wconf 87' lang='grc' dir='ltr'>κλη-</span> 
     </span>
    </p>
   </div>
   <div class='ocr_carea' id='block_1_73' title="bbox 331 5516 1924 5590">
    <p class='ocr_par' dir='ltr' id='par_1_73' title="bbox 331 5516 1924 5590">
     <span class='ocr_line' id='line_1_73' title="bbox 331 5516 1924 5590; baseline -0.002 -19"><span class='ocrx_word' id='word_1_547' title='bbox 331 5520 511 5589; x_wconf 76' lang='grc' dir='ltr'>θῆναι.</span> <span class='ocrx_word' id='word_1_548' title='bbox 545 5516 683 5572; x_wconf 71' lang='lat' dir='ltr'><strong>Eine</strong></span> <span class='ocrx_word' id='word_1_549' title='bbox 720 5519 828 5590; x_wconf 82' lang='grc' dir='ltr'>γὰρ</span> <span class='ocrx_word' id='word_1_550' title='bbox 859 5519 924 5572; x_wconf 85' lang='grc' dir='ltr'>ἂν</span> <span class='ocrx_word' id='word_1_551' title='bbox 951 5517 1108 5572; x_wconf 88' lang='grc' dir='ltr'>τοῦτο</span> <span class='ocrx_word' id='word_1_552' title='bbox 1136 5519 1232 5572; x_wconf 75' lang='grc' dir='ltr'><strong>καὶ</strong></span> <span class='ocrx_word' id='word_1_553' title='bbox 1257 5520 1286 5572; x_wconf 93' lang='lat'><strong>6</strong></span> <span class='ocrx_word' id='word_1_554' title='bbox 1331 5517 1523 5588; x_wconf 82' lang='grc' dir='ltr'>Ἀδάμ,</span> <span class='ocrx_word' id='word_1_555' title='bbox 1555 5518 1651 5570; x_wconf 72' lang='grc' dir='ltr'><strong>καὶ</strong></span> <span class='ocrx_word' id='word_1_556' title='bbox 1695 5518 1742 5569; x_wconf 75' lang='lat' dir='ltr'><strong>oi</strong></span> <span class='ocrx_word' id='word_1_557' title='bbox 1789 5516 1924 5570; x_wconf 89' lang='grc' dir='ltr'>καθ-</span> 
     </span>
    </p>
   </div>
   <div class='ocr_carea' id='block_1_74' title="bbox 333 5609 1923 5680">
    <p class='ocr_par' dir='ltr' id='par_1_74' title="bbox 333 5609 1923 5680">
     <span class='ocr_line' id='line_1_74' title="bbox 333 5609 1923 5680; baseline 0 -18"><span class='ocrx_word' id='word_1_558' title='bbox 333 5611 458 5679; x_wconf 78' lang='grc' dir='ltr'>εξῆς</span> <span class='ocrx_word' id='word_1_559' title='bbox 489 5612 583 5664; x_wconf 83' lang='grc' dir='ltr'>ἀπ’</span> <span class='ocrx_word' id='word_1_560' title='bbox 633 5612 842 5663; x_wconf 85' lang='grc' dir='ltr'>ἐκείνου</span> <span class='ocrx_word' id='word_1_561' title='bbox 889 5612 1089 5674; x_wconf 88' lang='grc' dir='ltr'>πάντες</span> <span class='ocrx_word' id='word_1_562' title='bbox 1116 5653 1130 5675; x_wconf 92' lang='grc'><strong>,</strong></span> <span class='ocrx_word' id='word_1_563' title='bbox 1181 5611 1340 5679; x_wconf 83' lang='grc' dir='ltr'>εἴπερ</span> <span class='ocrx_word' id='word_1_564' title='bbox 1374 5611 1524 5680; x_wconf 81' lang='grc' dir='ltr'><strong>παρά</strong></span> <span class='ocrx_word' id='word_1_565' title='bbox 1553 5609 1647 5663; x_wconf 88' lang='grc' dir='ltr'><strong>τοῦ</strong></span> <span class='ocrx_word' id='word_1_566' title='bbox 1691 5609 1824 5662; x_wconf 86' lang='grc' dir='ltr'>Θεοῦ</span> <span class='ocrx_word' id='word_1_567' title='bbox 1859 5612 1923 5680; x_wconf 87' lang='grc' dir='ltr'><strong>τῇ</strong></span> 
     </span>
    </p>
   </div>
   <div class='ocr_carea' id='block_1_75' title="bbox 333 5699 1924 5774">
    <p class='ocr_par' dir='ltr' id='par_1_75' title="bbox 333 5699 1924 5774">
     <span class='ocr_line' id='line_1_75' title="bbox 333 5699 1924 5774; baseline 0.002 -23"><span class='ocrx_word' id='word_1_568' title='bbox 333 5701 491 5767; x_wconf 78' lang='grc' dir='ltr'>φύσει</span> <span class='ocrx_word' id='word_1_569' title='bbox 521 5699 581 5752; x_wconf 83' lang='grc' dir='ltr'>τὸ</span> <span class='ocrx_word' id='word_1_570' title='bbox 602 5701 840 5753; x_wconf 87' lang='grc' dir='ltr'>τοιοῦτον</span> <span class='ocrx_word' id='word_1_571' title='bbox 871 5703 1237 5772; x_wconf 85' lang='grc' dir='ltr'>κατέσπαρτο.</span> <span class='ocrx_word' id='word_1_572' title='bbox 1269 5703 1479 5774; x_wconf 82' lang='grc' dir='ltr'>Ὥσπερ</span> <span class='ocrx_word' id='word_1_573' title='bbox 1505 5702 1613 5772; x_wconf 79' lang='grc' dir='ltr'><strong>γάρ</strong></span> <span class='ocrx_word' id='word_1_574' title='bbox 1637 5701 1704 5754; x_wconf 80' lang='grc' dir='ltr'>τὰ</span> <span class='ocrx_word' id='word_1_575' title='bbox 1735 5701 1827 5754; x_wconf 85' lang='grc' dir='ltr'><strong>νῦν</strong></span> <span class='ocrx_word' id='word_1_576' title='bbox 1860 5705 1924 5754; x_wconf 81' lang='grc' dir='ltr'><strong>ἐκ</strong></span> 
     </span>
    </p>
   </div>
   <div class='ocr_carea' id='block_1_76' title="bbox 332 5791 1923 5872">
    <p class='ocr_par' dir='ltr' id='par_1_76' title="bbox 332 5791 1923 5872">
     <span class='ocr_line' id='line_1_76' title="bbox 332 5791 1923 5872; baseline -0.013 -10"><span class='ocrx_word' id='word_1_577' title='bbox 332 5791 431 5860; x_wconf 72' lang='grc' dir='ltr'><strong>’τῆς</strong></span> <span class='ocrx_word' id='word_1_578' title='bbox 453 5791 556 5860; x_wconf 63' lang='grc' dir='ltr'><strong>Ῡῆς</strong></span> <span class='ocrx_word' id='word_1_579' title='bbox 605 5793 850 5872; x_wconf 79' lang='grc' dir='ltr'>φυόμενα</span> <span class='ocrx_word' id='word_1_580' title='bbox 876 5796 941 5848; x_wconf 89' lang='grc' dir='ltr'><strong>ἐκ</strong></span> <span class='ocrx_word' id='word_1_581' title='bbox 973 5794 1074 5864; x_wconf 77' lang='grc' dir='ltr'>τῆς</span> <span class='ocrx_word' id='word_1_582' title='bbox 1109 5796 1486 5866; x_wconf 77' lang='grc' dir='ltr'>σπερματικῆς</span> <span class='ocrx_word' id='word_1_583' title='bbox 1522 5795 1768 5864; x_wconf 76' lang='grc' dir='ltr'>διαδοχῆς</span> <span class='ocrx_word' id='word_1_584' title='bbox 1812 5795 1923 5849; x_wconf 76' lang='grc' dir='ltr'>ἀπὸ</span> 
     </span>
    </p>
   </div>
   <div class='ocr_carea' id='block_1_77' title="bbox 334 5885 1924 5957">
    <p class='ocr_par' dir='ltr' id='par_1_77' title="bbox 334 5885 1924 5957">
     <span class='ocr_line' id='line_1_77' title="bbox 334 5885 1924 5957; baseline 0.002 -22"><span class='ocrx_word' id='word_1_585' title='bbox 334 5886 430 5951; x_wconf 80' lang='grc' dir='ltr'>τῆς</span> <span class='ocrx_word' id='word_1_586' title='bbox 462 5885 684 5956; x_wconf 82' lang='grc' dir='ltr'>πρώτης</span> <span class='ocrx_word' id='word_1_587' title='bbox 711 5887 940 5950; x_wconf 85' lang='grc' dir='ltr'>κτίσεως</span> <span class='ocrx_word' id='word_1_588' title='bbox 961 5888 1040 5949; x_wconf 88' lang='grc' dir='ltr'><strong>είς</strong></span> <span class='ocrx_word' id='word_1_589' title='bbox 1059 5887 1144 5940; x_wconf 77' lang='grc' dir='ltr'><strong>ἀεὶ</strong></span> <span class='ocrx_word' id='word_1_590' title='bbox 1165 5887 1408 5957; x_wconf 83' lang='grc' dir='ltr'>διαμένει</span> <span class='ocrx_word' id='word_1_591' title='bbox 1429 5925 1442 5950; x_wconf 90' lang='grc'><strong>,</strong></span> <span class='ocrx_word' id='word_1_592' title='bbox 1473 5887 1563 5939; x_wconf 69' lang='grc' dir='ltr'><strong>καὶ</strong></span> <span class='ocrx_word' id='word_1_593' title='bbox 1584 5887 1732 5941; x_wconf 74' lang='grc' dir='ltr'>οὐδὲν</span> <span class='ocrx_word' id='word_1_594' title='bbox 1759 5889 1816 5941; x_wconf 82' lang='grc' dir='ltr'><strong>ἐν</strong></span> <span class='ocrx_word' id='word_1_595' title='bbox 1846 5888 1924 5957; x_wconf 83' lang='grc' dir='ltr'><strong>τῷ</strong></span> 
     </span>
    </p>
   </div>
   <div class='ocr_carea' id='block_1_78' title="bbox 2023 2037 3599 2108">
    <p class='ocr_par' dir='ltr' id='par_1_78' title="bbox 2023 2037 3599 2108">
     <span class='ocr_line' id='line_1_78' title="bbox 2023 2037 3599 2108; baseline 0 -14"><span class='ocrx_word' id='word_1_596' title='bbox 2023 2042 2164 2096; x_wconf 90' lang='lat' dir='ltr'><strong>idem</strong></span> <span class='ocrx_word' id='word_1_597' title='bbox 2219 2055 2343 2095; x_wconf 90' lang='lat' dir='ltr'><strong>esse</strong></span> <span class='ocrx_word' id='word_1_598' title='bbox 2391 2054 2516 2092; x_wconf 91' lang='lat' dir='ltr'><strong>cum</strong></span> <span class='ocrx_word' id='word_1_599' title='bbox 2579 2037 2844 2108; x_wconf 80' lang='lat' dir='ltr'><strong>dignitate</strong></span> <span class='ocrx_word' id='word_1_600' title='bbox 2870 2037 3311 2108; x_wconf 86' lang='lat' dir='ltr'><strong>appellationem,</strong></span> <span class='ocrx_word' id='word_1_601' title='bbox 3345 2047 3402 2092; x_wconf 93' lang='lat' dir='ltr'><strong>ut</strong></span> <span class='ocrx_word' id='word_1_602' title='bbox 3432 2041 3599 2094; x_wconf 89' lang='lat' dir='ltr'><strong>etiam</strong></span> 
     </span>
    </p>
   </div>
   <div class='ocr_carea' id='block_1_79' title="bbox 2020 2127 3598 2194">
    <p class='ocr_par' dir='ltr' id='par_1_79' title="bbox 2020 2127 3598 2194">
     <span class='ocr_line' id='line_1_79' title="bbox 2020 2127 3598 2194; baseline 0.001 -8"><span class='ocrx_word' id='word_1_603' title='bbox 2020 2147 2122 2186; x_wconf 90' lang='lat' dir='ltr'><strong>nos</strong></span> <span class='ocrx_word' id='word_1_604' title='bbox 2169 2131 2316 2186; x_wconf 92' lang='lat' dir='ltr'><strong>dicto</strong></span> <span class='ocrx_word' id='word_1_605' title='bbox 2370 2129 2787 2184; x_wconf 87' lang='lat' dir='ltr'><strong>assentiamur?</strong></span> <span class='ocrx_word' id='word_1_606' title='bbox 2834 2127 3049 2184; x_wconf 81' lang='lat' dir='ltr'><strong>Nostrae</strong></span> <span class='ocrx_word' id='word_1_607' title='bbox 3093 2137 3325 2194; x_wconf 80' lang='lat' dir='ltr'><strong>naturte,</strong></span> <span class='ocrx_word' id='word_1_608' title='bbox 3368 2133 3465 2194; x_wconf 68' lang='lat' dir='ltr'><strong>ait,</strong></span> <span class='ocrx_word' id='word_1_609' title='bbox 3510 2133 3598 2187; x_wconf 79' lang='lat' dir='ltr'><strong>lex</strong></span> 
     </span>
    </p>
   </div>
   <div class='ocr_carea' id='block_1_80' title="bbox 2021 2221 3602 2292">
    <p class='ocr_par' dir='ltr' id='par_1_80' title="bbox 2021 2221 3602 2292">
     <span class='ocr_line' id='line_1_80' title="bbox 2021 2221 3602 2292; baseline -0.001 -12"><span class='ocrx_word' id='word_1_610' title='bbox 2021 2225 2179 2280; x_wconf 73' lang='lat' dir='ltr'><strong>docet</strong></span> <span class='ocrx_word' id='word_1_611' title='bbox 2206 2224 2261 2278; x_wconf 91' lang='lat' dir='ltr'><strong>in</strong></span> <span class='ocrx_word' id='word_1_612' title='bbox 2298 2223 2462 2278; x_wconf 88' lang='lat' dir='ltr'><strong>rebus</strong></span> <span class='ocrx_word' id='word_1_613' title='bbox 2493 2237 2614 2292; x_wconf 68' lang='lat' dir='ltr'><strong>qua:</strong></span> <span class='ocrx_word' id='word_1_614' title='bbox 2641 2221 3019 2286; x_wconf 87' lang='lat' dir='ltr'><strong>nominantur,</strong></span> <span class='ocrx_word' id='word_1_615' title='bbox 3079 2237 3190 2276; x_wconf 90' lang='lat' dir='ltr'><strong>non</strong></span> <span class='ocrx_word' id='word_1_616' title='bbox 3217 2223 3272 2276; x_wconf 94' lang='lat' dir='ltr'><strong>in</strong></span> <span class='ocrx_word' id='word_1_617' title='bbox 3305 2226 3602 2280; x_wconf 83' lang='lat' dir='ltr'><strong>nominan-</strong></span> 
     </span>
    </p>
   </div>
   <div class='ocr_carea' id='block_1_81' title="bbox 2021 2311 3598 2384">
    <p class='ocr_par' dir='ltr' id='par_1_81' title="bbox 2021 2311 3598 2384">
     <span class='ocr_line' id='line_1_81' title="bbox 2021 2311 3598 2384; baseline 0.003 -18"><span class='ocrx_word' id='word_1_618' title='bbox 2021 2314 2157 2367; x_wconf 90' lang='lat' dir='ltr'><strong>tium</strong></span> <span class='ocrx_word' id='word_1_619' title='bbox 2199 2321 2468 2383; x_wconf 85' lang='lat' dir='ltr'><strong>potestate</strong></span> <span class='ocrx_word' id='word_1_620' title='bbox 2503 2312 2784 2365; x_wconf 91' lang='lat' dir='ltr'><strong>nominum</strong></span> <span class='ocrx_word' id='word_1_621' title='bbox 2832 2311 3151 2382; x_wconf 84' lang='lat' dir='ltr'><strong>dignitatem</strong></span> <span class='ocrx_word' id='word_1_622' title='bbox 3189 2329 3312 2369; x_wconf 85' lang='lat' dir='ltr'><strong>esse</strong></span> <span class='ocrx_word' id='word_1_623' title='bbox 3335 2315 3598 2384; x_wconf 87' lang='lat' dir='ltr'><strong>positam.</strong></span> 
     </span>
    </p>
   </div>
   <div class='ocr_carea' id='block_1_82' title="bbox 2021 2405 3602 2473">
    <p class='ocr_par' dir='ltr' id='par_1_82' title="bbox 2021 2405 3602 2473">
     <span class='ocr_line' id='line_1_82' title="bbox 2021 2405 3602 2473; baseline 0.001 -15"><span class='ocrx_word' id='word_1_624' title='bbox 2021 2406 2278 2472; x_wconf 55' lang='lat' dir='ltr'><strong>Quanam</strong></span> <span class='ocrx_word' id='word_1_625' title='bbox 2309 2405 2421 2459; x_wconf 62' lang='lat' dir='ltr'><strong>haec</strong></span> <span class='ocrx_word' id='word_1_626' title='bbox 2448 2412 2657 2458; x_wconf 71' lang='lat' dir='ltr'><strong>natura:</strong></span> <span class='ocrx_word' id='word_1_627' title='bbox 2685 2405 2808 2459; x_wconf 85' lang='lat' dir='ltr'><strong>lex?</strong></span> <span class='ocrx_word' id='word_1_628' title='bbox 2851 2413 2906 2457; x_wconf 90' lang='lat' dir='ltr'><strong>et</strong></span> <span class='ocrx_word' id='word_1_629' title='bbox 2950 2406 3226 2473; x_wconf 90' lang='lat' dir='ltr'><strong>quomodo</strong></span> <span class='ocrx_word' id='word_1_630' title='bbox 3256 2421 3363 2460; x_wconf 92' lang='lat' dir='ltr'><strong>non</strong></span> <span class='ocrx_word' id='word_1_631' title='bbox 3400 2407 3452 2461; x_wconf 93' lang='lat' dir='ltr'><strong>in</strong></span> <span class='ocrx_word' id='word_1_632' title='bbox 3483 2422 3602 2462; x_wconf 92' lang='lat' dir='ltr'><strong>om-</strong></span> 
     </span>
    </p>
   </div>
   <div class='ocr_carea' id='block_1_83' title="bbox 2023 2495 3598 2554">
    <p class='ocr_par' dir='ltr' id='par_1_83' title="bbox 2023 2495 3598 2554">
     <span class='ocr_line' id='line_1_83' title="bbox 2023 2495 3598 2554; baseline 0.001 -2"><span class='ocrx_word' id='word_1_633' title='bbox 2023 2497 2186 2552; x_wconf 88' lang='lat' dir='ltr'><strong>nibus</strong></span> <span class='ocrx_word' id='word_1_634' title='bbox 2229 2507 2420 2552; x_wconf 88' lang='lat' dir='ltr'><strong>sancta</strong></span> <span class='ocrx_word' id='word_1_635' title='bbox 2445 2503 2500 2551; x_wconf 91' lang='lat' dir='ltr'><strong>et</strong></span> <span class='ocrx_word' id='word_1_636' title='bbox 2545 2503 2662 2549; x_wconf 88' lang='lat' dir='ltr'><strong>rata</strong></span> <span class='ocrx_word' id='word_1_637' title='bbox 2701 2504 2785 2551; x_wconf 87' lang='lat' dir='ltr'><strong>est</strong></span> <span class='ocrx_word' id='word_1_638' title='bbox 2834 2495 3071 2550; x_wconf 82' lang='lat' dir='ltr'><strong>habita?</strong></span> <span class='ocrx_word' id='word_1_639' title='bbox 3101 2496 3159 2551; x_wconf 92' lang='lat' dir='ltr'><strong>Si</strong></span> <span class='ocrx_word' id='word_1_640' title='bbox 3209 2499 3354 2553; x_wconf 90' lang='lat' dir='ltr'><strong>enim</strong></span> <span class='ocrx_word' id='word_1_641' title='bbox 3405 2508 3598 2554; x_wconf 80' lang='lat' dir='ltr'><strong>natura</strong></span> 
     </span>
    </p>
   </div>
   <div class='ocr_carea' id='block_1_84' title="bbox 2021 2588 3602 2660">
    <p class='ocr_par' dir='ltr' id='par_1_84' title="bbox 2021 2588 3602 2660">
     <span class='ocr_line' id='line_1_84' title="bbox 2021 2588 3602 2660; baseline 0.003 -18"><span class='ocrx_word' id='word_1_642' title='bbox 2021 2589 2152 2660; x_wconf 84' lang='lat' dir='ltr'><strong>quid</strong></span> <span class='ocrx_word' id='word_1_643' title='bbox 2209 2589 2319 2644; x_wconf 87' lang='lat' dir='ltr'><strong>tale</strong></span> <span class='ocrx_word' id='word_1_644' title='bbox 2369 2591 2483 2660; x_wconf 82' lang='lat' dir='ltr'><strong>lege</strong></span> <span class='ocrx_word' id='word_1_645' title='bbox 2534 2588 2735 2652; x_wconf 82' lang='lat' dir='ltr'><strong>sanxit,</strong></span> <span class='ocrx_word' id='word_1_646' title='bbox 2795 2588 2862 2642; x_wconf 91' lang='lat' dir='ltr'><strong>de</strong></span> <span class='ocrx_word' id='word_1_647' title='bbox 2893 2588 3148 2644; x_wconf 91' lang='lat' dir='ltr'><strong>omnibus</strong></span> <span class='ocrx_word' id='word_1_648' title='bbox 3182 2597 3360 2644; x_wconf 88' lang='lat' dir='ltr'><strong>ratum</strong></span> <span class='ocrx_word' id='word_1_649' title='bbox 3407 2601 3510 2648; x_wconf 89' lang='lat' dir='ltr'><strong>est.</strong></span> <span class='ocrx_word' id='word_1_650' title='bbox 3544 2591 3602 2646; x_wconf 90' lang='lat' dir='ltr'><strong>Si</strong></span> 
     </span>
    </p>
   </div>
   <div class='ocr_carea' id='block_1_85' title="bbox 2021 2681 3605 2755">
    <p class='ocr_par' dir='ltr' id='par_1_85' title="bbox 2021 2681 3605 2755">
     <span class='ocr_line' id='line_1_85' title="bbox 2021 2681 3605 2755; baseline 0.001 -17"><span class='ocrx_word' id='word_1_651' title='bbox 2021 2683 2164 2738; x_wconf 92' lang='lat' dir='ltr'><strong>enim</strong></span> <span class='ocrx_word' id='word_1_652' title='bbox 2199 2691 2394 2740; x_wconf 90' lang='lat' dir='ltr'><strong>natura</strong></span> <span class='ocrx_word' id='word_1_653' title='bbox 2452 2683 2559 2737; x_wconf 89' lang='lat' dir='ltr'><strong>tale</strong></span> <span class='ocrx_word' id='word_1_654' title='bbox 2593 2683 2720 2752; x_wconf 89' lang='lat' dir='ltr'><strong>quid</strong></span> <span class='ocrx_word' id='word_1_655' title='bbox 2758 2681 2947 2746; x_wconf 84' lang='lat' dir='ltr'><strong>edixit,</strong></span> <span class='ocrx_word' id='word_1_656' title='bbox 3008 2683 3062 2736; x_wconf 91' lang='lat' dir='ltr'><strong>in</strong></span> <span class='ocrx_word' id='word_1_657' title='bbox 3097 2684 3280 2738; x_wconf 90' lang='lat' dir='ltr'><strong>omnia</strong></span> <span class='ocrx_word' id='word_1_658' title='bbox 3311 2685 3483 2755; x_wconf 89' lang='lat' dir='ltr'><strong>ipsam</strong></span> <span class='ocrx_word' id='word_1_659' title='bbox 3513 2687 3605 2739; x_wconf 85' lang='lat' dir='ltr'><strong>ha-</strong></span> 
     </span>
    </p>
   </div>
   <div class='ocr_carea' id='block_1_86' title="bbox 2022 2775 3601 2846">
    <p class='ocr_par' dir='ltr' id='par_1_86' title="bbox 2022 2775 3601 2846">
     <span class='ocr_line' id='line_1_86' title="bbox 2022 2775 3601 2846; baseline -0.001 -14"><span class='ocrx_word' id='word_1_660' title='bbox 2022 2777 2151 2832; x_wconf 90' lang='lat' dir='ltr'><strong>bere</strong></span> <span class='ocrx_word' id='word_1_661' title='bbox 2181 2775 2472 2846; x_wconf 87' lang='lat' dir='ltr'><strong>imperimn</strong></span> <span class='ocrx_word' id='word_1_662' title='bbox 2522 2782 2760 2844; x_wconf 90' lang='lat' dir='ltr'><strong>oportet,</strong></span> <span class='ocrx_word' id='word_1_663' title='bbox 2803 2789 2923 2842; x_wconf 66' lang='lat' dir='ltr'><strong>quae</strong></span> <span class='ocrx_word' id='word_1_664' title='bbox 2971 2781 3225 2828; x_wconf 85' lang='lat' dir='ltr'><strong>naturam</strong></span> <span class='ocrx_word' id='word_1_665' title='bbox 3248 2775 3601 2846; x_wconf 82' lang='lat' dir='ltr'><strong>participant,</strong></span> 
     </span>
    </p>
   </div>
   <div class='ocr_carea' id='block_1_87' title="bbox 2021 2867 3600 2938">
    <p class='ocr_par' dir='ltr' id='par_1_87' title="bbox 2021 2867 3600 2938">
     <span class='ocr_line' id='line_1_87' title="bbox 2021 2867 3600 2938; baseline 0 -16"><span class='ocrx_word' id='word_1_666' title='bbox 2021 2867 2478 2937; x_wconf 88' lang='lat' dir='ltr'><strong>quemadmodmn</strong></span> <span class='ocrx_word' id='word_1_667' title='bbox 2495 2868 2597 2920; x_wconf 85' lang='lat' dir='ltr'><strong>alia</strong></span> <span class='ocrx_word' id='word_1_668' title='bbox 2613 2867 2798 2920; x_wconf 88' lang='lat' dir='ltr'><strong>omnia</strong></span> <span class='ocrx_word' id='word_1_669' title='bbox 2822 2880 2944 2934; x_wconf 68' lang='grc' dir='ltr'>ιιιιιιξ</span> <span class='ocrx_word' id='word_1_670' title='bbox 2968 2873 3097 2920; x_wconf 88' lang='lat' dir='ltr'><strong>sunt</strong></span> <span class='ocrx_word' id='word_1_671' title='bbox 3123 2874 3333 2921; x_wconf 70' lang='lat' dir='ltr'><strong>naturae</strong></span> <span class='ocrx_word' id='word_1_672' title='bbox 3356 2868 3600 2938; x_wconf 88' lang='lat' dir='ltr'><strong>propria.</strong></span> 
     </span>
    </p>
   </div>
   <div class='ocr_carea' id='block_1_88' title="bbox 2023 2955 3604 3026">
    <p class='ocr_par' dir='ltr' id='par_1_88' title="bbox 2023 2955 3604 3026">
     <span class='ocr_line' id='line_1_88' title="bbox 2023 2955 3604 3026; baseline 0.002 -17"><span class='ocrx_word' id='word_1_673' title='bbox 2023 2955 2080 3010; x_wconf 87' lang='lat' dir='ltr'><strong>Si</strong></span> <span class='ocrx_word' id='word_1_674' title='bbox 2107 2956 2275 3026; x_wconf 84' lang='lat' dir='ltr'><strong>igitur</strong></span> <span class='ocrx_word' id='word_1_675' title='bbox 2306 2965 2517 3010; x_wconf 70' lang='lat' dir='ltr'><strong>naturae</strong></span> <span class='ocrx_word' id='word_1_676' title='bbox 2549 2956 2635 3010; x_wconf 81' lang='lat' dir='ltr'><strong>lex</strong></span> <span class='ocrx_word' id='word_1_677' title='bbox 2685 2969 2749 3009; x_wconf 85' lang='lat' dir='ltr'><strong>ex</strong></span> <span class='ocrx_word' id='word_1_678' title='bbox 2782 2955 2945 3010; x_wconf 88' lang='lat' dir='ltr'><strong>rebus</strong></span> <span class='ocrx_word' id='word_1_679' title='bbox 2995 2955 3386 3025; x_wconf 88' lang='lat' dir='ltr'><strong>appellationes</strong></span> <span class='ocrx_word' id='word_1_680' title='bbox 3417 2959 3604 3013; x_wconf 86' lang='lat' dir='ltr'><strong>enasci</strong></span> 
     </span>
    </p>
   </div>
   <div class='ocr_carea' id='block_1_89' title="bbox 2023 3047 3600 3121">
    <p class='ocr_par' dir='ltr' id='par_1_89' title="bbox 2023 3047 3600 3121">
     <span class='ocr_line' id='line_1_89' title="bbox 2023 3047 3600 3121; baseline 0.001 -19"><span class='ocrx_word' id='word_1_681' title='bbox 2023 3048 2242 3110; x_wconf 77' lang='lat' dir='ltr'><strong>l‘uceret,</strong></span> <span class='ocrx_word' id='word_1_682' title='bbox 2271 3049 2413 3102; x_wconf 89' lang='lat' dir='ltr'><strong>sicut</strong></span> <span class='ocrx_word' id='word_1_683' title='bbox 2436 3063 2504 3101; x_wconf 82' lang='lat' dir='ltr'><strong>ex</strong></span> <span class='ocrx_word' id='word_1_684' title='bbox 2549 3047 2852 3102; x_wconf 90' lang='lat' dir='ltr'><strong>seminibus</strong></span> <span class='ocrx_word' id='word_1_685' title='bbox 2887 3047 2969 3102; x_wconf 86' lang='lat' dir='ltr'><strong>vel</strong></span> <span class='ocrx_word' id='word_1_686' title='bbox 3007 3047 3285 3105; x_wconf 89' lang='lat' dir='ltr'><strong>radicibus</strong></span> <span class='ocrx_word' id='word_1_687' title='bbox 3330 3051 3600 3121; x_wconf 81' lang='lat' dir='ltr'><strong>germina,</strong></span> 
     </span>
    </p>
   </div>
   <div class='ocr_carea' id='block_1_90' title="bbox 2022 3139 3605 3211">
    <p class='ocr_par' dir='ltr' id='par_1_90' title="bbox 2022 3139 3605 3211">
     <span class='ocr_line' id='line_1_90' title="bbox 2022 3139 3605 3211; baseline 0.003 -17"><span class='ocrx_word' id='word_1_688' title='bbox 2022 3157 2121 3196; x_wconf 93' lang='lat' dir='ltr'><strong>nec</strong></span> <span class='ocrx_word' id='word_1_689' title='bbox 2142 3142 2426 3194; x_wconf 82' lang='lat' dir='ltr'><strong>hominum</strong></span> <span class='ocrx_word' id='word_1_690' title='bbox 2459 3141 2712 3194; x_wconf 90' lang='lat' dir='ltr'><strong>instituto</strong></span> <span class='ocrx_word' id='word_1_691' title='bbox 2741 3148 2795 3195; x_wconf 84' lang='lat' dir='ltr'><strong>et</strong></span> <span class='ocrx_word' id='word_1_692' title='bbox 2825 3139 3054 3195; x_wconf 86' lang='lat' dir='ltr'><strong>arbitrio</strong></span> <span class='ocrx_word' id='word_1_693' title='bbox 3088 3142 3180 3209; x_wconf 86' lang='lat' dir='ltr'><strong>qui</strong></span> <span class='ocrx_word' id='word_1_694' title='bbox 3204 3157 3290 3196; x_wconf 87' lang='lat' dir='ltr'><strong>res</strong></span> <span class='ocrx_word' id='word_1_695' title='bbox 3323 3143 3474 3211; x_wconf 88' lang='lat' dir='ltr'><strong>ipsas</strong></span> <span class='ocrx_word' id='word_1_696' title='bbox 3505 3145 3605 3198; x_wconf 86' lang='lat' dir='ltr'><strong>de-</strong></span> 
     </span>
    </p>
   </div>
   <div class='ocr_carea' id='block_1_91' title="bbox 2022 3229 3607 3303">
    <p class='ocr_par' dir='ltr' id='par_1_91' title="bbox 2022 3229 3607 3303">
     <span class='ocr_line' id='line_1_91' title="bbox 2022 3229 3607 3303; baseline 0.001 -19"><span class='ocrx_word' id='word_1_697' title='bbox 2022 3232 2256 3296; x_wconf 82' lang='lat' dir='ltr'><strong>clarant,</strong></span> <span class='ocrx_word' id='word_1_698' title='bbox 2297 3229 2688 3300; x_wconf 83' lang='lat' dir='ltr'><strong>signiﬁcativas</strong></span> <span class='ocrx_word' id='word_1_699' title='bbox 2720 3244 2900 3284; x_wconf 89' lang='lat' dir='ltr'><strong>rerum</strong></span> <span class='ocrx_word' id='word_1_700' title='bbox 2931 3231 3332 3287; x_wconf 85' lang='lat' dir='ltr'><strong>nominationes</strong></span> <span class='ocrx_word' id='word_1_701' title='bbox 3380 3236 3607 3303; x_wconf 88' lang='lat' dir='ltr'><strong>permit-</strong></span> 
     </span>
    </p>
   </div>
   <div class='ocr_carea' id='block_1_92' title="bbox 2020 3322 3606 3386">
    <p class='ocr_par' dir='ltr' id='par_1_92' title="bbox 2020 3322 3606 3386">
     <span class='ocr_line' id='line_1_92' title="bbox 2020 3322 3606 3386; baseline 0.004 -12"><span class='ocrx_word' id='word_1_702' title='bbox 2020 3331 2178 3386; x_wconf 80' lang='lat' dir='ltr'><strong>teret,</strong></span> <span class='ocrx_word' id='word_1_703' title='bbox 2227 3337 2417 3376; x_wconf 89' lang='lat' dir='ltr'><strong>omnes</strong></span> <span class='ocrx_word' id='word_1_704' title='bbox 2451 3322 2700 3376; x_wconf 88' lang='lat' dir='ltr'><strong>homines</strong></span> <span class='ocrx_word' id='word_1_705' title='bbox 2729 3336 2976 3376; x_wconf 88' lang='lat' dir='ltr'><strong>essemus</strong></span> <span class='ocrx_word' id='word_1_706' title='bbox 3033 3323 3176 3376; x_wconf 88' lang='lat' dir='ltr'><strong>inter</strong></span> <span class='ocrx_word' id='word_1_707' title='bbox 3205 3338 3305 3378; x_wconf 92' lang='lat' dir='ltr'><strong>nos</strong></span> <span class='ocrx_word' id='word_1_708' title='bbox 3351 3326 3519 3380; x_wconf 87' lang='lat' dir='ltr'><strong>unius</strong></span> <span class='ocrx_word' id='word_1_709' title='bbox 3551 3335 3606 3381; x_wconf 85' lang='lat' dir='ltr'><strong>et</strong></span> 
     </span>
    </p>
   </div>
   <div class='ocr_carea' id='block_1_93' title="bbox 2015 3412 3605 3486">
    <p class='ocr_par' dir='ltr' id='par_1_93' title="bbox 2015 3412 3605 3486">
     <span class='ocr_line' id='line_1_93' title="bbox 2015 3412 3605 3486; baseline 0.003 -19"><span class='ocrx_word' id='word_1_710' title='bbox 2015 3412 2260 3481; x_wconf 85' lang='lat' dir='ltr'><strong>ejusdem</strong></span> <span class='ocrx_word' id='word_1_711' title='bbox 2307 3413 2524 3482; x_wconf 65' lang='lat' dir='ltr'><strong>linguae.</strong></span> <span class='ocrx_word' id='word_1_712' title='bbox 2561 3412 2617 3467; x_wconf 92' lang='lat' dir='ltr'><strong>Si</strong></span> <span class='ocrx_word' id='word_1_713' title='bbox 2646 3412 2789 3465; x_wconf 91' lang='lat' dir='ltr'><strong>enim</strong></span> <span class='ocrx_word' id='word_1_714' title='bbox 2847 3415 3070 3466; x_wconf 89' lang='lat' dir='ltr'><strong>nomina</strong></span> <span class='ocrx_word' id='word_1_715' title='bbox 3126 3414 3293 3470; x_wconf 86' lang='lat' dir='ltr'><strong>rebus</strong></span> <span class='ocrx_word' id='word_1_716' title='bbox 3347 3416 3605 3486; x_wconf 86' lang='lat' dir='ltr'><strong>imposita</strong></span> 
     </span>
    </p>
   </div>
   <div class='ocr_carea' id='block_1_94' title="bbox 2016 3506 3607 3578">
    <p class='ocr_par' dir='ltr' id='par_1_94' title="bbox 2016 3506 3607 3578">
     <span class='ocr_line' id='line_1_94' title="bbox 2016 3506 3607 3578; baseline 0.003 -19"><span class='ocrx_word' id='word_1_717' title='bbox 2016 3522 2126 3559; x_wconf 90' lang='lat' dir='ltr'><strong>non</strong></span> <span class='ocrx_word' id='word_1_718' title='bbox 2177 3506 2575 3575; x_wconf 88' lang='lat' dir='ltr'><strong>discreparent,</strong></span> <span class='ocrx_word' id='word_1_719' title='bbox 2628 3520 2805 3574; x_wconf 88' lang='lat' dir='ltr'><strong>neque</strong></span> <span class='ocrx_word' id='word_1_720' title='bbox 2849 3519 2952 3559; x_wconf 92' lang='lat' dir='ltr'><strong>nos</strong></span> <span class='ocrx_word' id='word_1_721' title='bbox 2985 3506 3037 3560; x_wconf 92' lang='lat' dir='ltr'><strong>in</strong></span> <span class='ocrx_word' id='word_1_722' title='bbox 3105 3508 3377 3561; x_wconf 86' lang='lat' dir='ltr'><strong>sermonis</strong></span> <span class='ocrx_word' id='word_1_723' title='bbox 3423 3511 3607 3578; x_wconf 67' lang='lat' dir='ltr'><strong>spei-ie</strong></span> 
     </span>
    </p>
   </div>
   <div class='ocr_carea' id='block_1_95' title="bbox 2017 3596 3607 3670">
    <p class='ocr_par' dir='ltr' id='par_1_95' title="bbox 2017 3596 3607 3670">
     <span class='ocr_line' id='line_1_95' title="bbox 2017 3596 3607 3670; baseline 0.004 -20"><span class='ocrx_word' id='word_1_724' title='bbox 2017 3596 2451 3654; x_wconf 88' lang='lat' dir='ltr'><strong>dissonaremus.</strong></span> <span class='ocrx_word' id='word_1_725' title='bbox 2473 3597 2735 3653; x_wconf 91' lang='lat' dir='ltr'><strong>Sanctum</strong></span> <span class='ocrx_word' id='word_1_726' title='bbox 2788 3598 2965 3668; x_wconf 89' lang='lat' dir='ltr'><strong>inquit</strong></span> <span class='ocrx_word' id='word_1_727' title='bbox 3015 3615 3158 3661; x_wconf 89' lang='lat' dir='ltr'><strong>esse,</strong></span> <span class='ocrx_word' id='word_1_728' title='bbox 3179 3608 3231 3655; x_wconf 90' lang='lat' dir='ltr'><strong>et</strong></span> <span class='ocrx_word' id='word_1_729' title='bbox 3246 3601 3607 3670; x_wconf 68' lang='lat' dir='ltr'><strong>providenti-&#39;3</strong></span> 
     </span>
    </p>
   </div>
   <div class='ocr_carea' id='block_1_96' title="bbox 2017 3689 3596 3762">
    <p class='ocr_par' dir='ltr' id='par_1_96' title="bbox 2017 3689 3596 3762">
     <span class='ocr_line' id='line_1_96' title="bbox 2017 3689 3596 3762; baseline 0.002 -19"><span class='ocrx_word' id='word_1_730' title='bbox 2017 3691 2121 3760; x_wconf 87' lang='lat' dir='ltr'><strong>legi</strong></span> <span class='ocrx_word' id='word_1_731' title='bbox 2157 3690 2636 3760; x_wconf 86' lang='lat' dir='ltr'><strong>eognatissimum,</strong></span> <span class='ocrx_word' id='word_1_732' title='bbox 2676 3705 2840 3745; x_wconf 85' lang='lat' dir='ltr'><strong>voces</strong></span> <span class='ocrx_word' id='word_1_733' title='bbox 2879 3689 3115 3760; x_wconf 89' lang='lat' dir='ltr'><strong>desuper</strong></span> <span class='ocrx_word' id='word_1_734' title='bbox 3166 3692 3330 3746; x_wconf 87' lang='lat' dir='ltr'><strong>rebus</strong></span> <span class='ocrx_word' id='word_1_735' title='bbox 3363 3694 3596 3762; x_wconf 87' lang='lat' dir='ltr'><strong>imponi.</strong></span> 
     </span>
    </p>
   </div>
   <div class='ocr_carea' id='block_1_97' title="bbox 2017 3781 3606 3855">
    <p class='ocr_par' dir='ltr' id='par_1_97' title="bbox 2017 3781 3606 3855">
     <span class='ocr_line' id='line_1_97' title="bbox 2017 3781 3606 3855; baseline 0.001 -18"><span class='ocrx_word' id='word_1_736' title='bbox 2017 3782 2300 3849; x_wconf 82' lang='lat' dir='ltr'><strong>Quomodo</strong></span> <span class='ocrx_word' id='word_1_737' title='bbox 2329 3781 2494 3852; x_wconf 88' lang='lat' dir='ltr'><strong>igitur</strong></span> <span class='ocrx_word' id='word_1_738' title='bbox 2522 3781 2800 3850; x_wconf 73' lang='lat' dir='ltr'><strong>propheta:</strong></span> <span class='ocrx_word' id='word_1_739' title='bbox 2829 3781 2932 3835; x_wconf 90' lang='lat' dir='ltr'><strong>hoc</strong></span> <span class='ocrx_word' id='word_1_740' title='bbox 2955 3783 3130 3851; x_wconf 87' lang='lat' dir='ltr'><strong>ipsum</strong></span> <span class='ocrx_word' id='word_1_741' title='bbox 3162 3791 3413 3836; x_wconf 87' lang='lat' dir='ltr'><strong>sanctum</strong></span> <span class='ocrx_word' id='word_1_742' title='bbox 3448 3784 3606 3855; x_wconf 80' lang='lat' dir='ltr'><strong>igno-</strong></span> 
     </span>
    </p>
   </div>
   <div class='ocr_carea' id='block_1_98' title="bbox 2016 3873 3601 3947">
    <p class='ocr_par' dir='ltr' id='par_1_98' title="bbox 2016 3873 3601 3947">
     <span class='ocr_line' id='line_1_98' title="bbox 2016 3873 3601 3947; baseline 0.001 -17"><span class='ocrx_word' id='word_1_743' title='bbox 2016 3888 2234 3939; x_wconf 85' lang='lat' dir='ltr'><strong>rarunt,</strong></span> <span class='ocrx_word' id='word_1_744' title='bbox 2266 3889 2367 3929; x_wconf 91' lang='lat' dir='ltr'><strong>nec</strong></span> <span class='ocrx_word' id='word_1_745' title='bbox 2407 3875 2762 3944; x_wconf 58' lang='lat' dir='ltr'><strong>providentiae</strong></span> <span class='ocrx_word' id='word_1_746' title='bbox 2808 3875 2978 3945; x_wconf 87' lang='lat' dir='ltr'><strong>legem</strong></span> <span class='ocrx_word' id='word_1_747' title='bbox 3028 3873 3340 3930; x_wconf 85' lang='lat' dir='ltr'><strong>didicerunt</strong></span> <span class='ocrx_word' id='word_1_748' title='bbox 3388 3877 3467 3930; x_wconf 88' lang='lat' dir='ltr'><strong>illi</strong></span> <span class='ocrx_word' id='word_1_749' title='bbox 3505 3878 3601 3947; x_wconf 90' lang='lat' dir='ltr'><strong>qui</strong></span> 
     </span>
    </p>
   </div>
   <div class='ocr_carea' id='block_1_99' title="bbox 2017 3965 3606 4038">
    <p class='ocr_par' dir='ltr' id='par_1_99' title="bbox 2017 3965 3606 4038">
     <span class='ocr_line' id='line_1_99' title="bbox 2017 3965 3606 4038; baseline -0.003 -17"><span class='ocrx_word' id='word_1_750' title='bbox 2017 3980 2296 4035; x_wconf 89' lang='lat' dir='ltr'><strong>nunquam</strong></span> <span class='ocrx_word' id='word_1_751' title='bbox 2319 3965 2620 4020; x_wconf 90' lang='lat' dir='ltr'><strong>secundum</strong></span> <span class='ocrx_word' id='word_1_752' title='bbox 2645 3975 2795 4017; x_wconf 89' lang='lat' dir='ltr'><strong>Illllm</strong></span> <span class='ocrx_word' id='word_1_753' title='bbox 2830 3979 3137 4020; x_wconf 90' lang='lat' dir='ltr'><strong>sermonem</strong></span> <span class='ocrx_word' id='word_1_754' title='bbox 3165 3965 3265 4036; x_wconf 81' lang='grc' dir='ltr'>τὴν</span> <span class='ocrx_word' id='word_1_755' title='bbox 3279 3968 3606 4038; x_wconf 80' lang='grc' dir='ltr'>ἁγεννησίαν</span> 
     </span>
    </p>
   </div>
   <div class='ocr_carea' id='block_1_100' title="bbox 2019 4053 3607 4124">
    <p class='ocr_par' dir='ltr' id='par_1_100' title="bbox 2019 4053 3607 4124">
     <span class='ocr_line' id='line_1_100' title="bbox 2019 4053 3607 4124; baseline 0.003 -15"><span class='ocrx_word' id='word_1_756' title='bbox 2019 4053 2684 4120; x_wconf 82' lang='lat' dir='ltr'><strong>deiﬁcarunt?Quomodo</strong></span> <span class='ocrx_word' id='word_1_757' title='bbox 2719 4062 2774 4108; x_wconf 88' lang='lat' dir='ltr'><strong>et</strong></span> <span class='ocrx_word' id='word_1_758' title='bbox 2809 4055 2924 4124; x_wconf 89' lang='lat' dir='ltr'><strong>ipse</strong></span> <span class='ocrx_word' id='word_1_759' title='bbox 2949 4054 3089 4111; x_wconf 89' lang='lat' dir='ltr'><strong>Deus</strong></span> <span class='ocrx_word' id='word_1_760' title='bbox 3113 4056 3271 4112; x_wconf 87' lang='lat' dir='ltr'><strong>talem</strong></span> <span class='ocrx_word' id='word_1_761' title='bbox 3297 4059 3607 4114; x_wconf 84' lang='lat' dir='ltr'><strong>sanctitatis</strong></span> 
     </span>
    </p>
   </div>
   <div class='ocr_carea' id='block_1_101' title="bbox 2018 4144 3604 4217">
    <p class='ocr_par' dir='ltr' id='par_1_101' title="bbox 2018 4144 3604 4217">
     <span class='ocr_line' id='line_1_101' title="bbox 2018 4144 3604 4217; baseline 0 -15"><span class='ocrx_word' id='word_1_762' title='bbox 2018 4145 2256 4217; x_wconf 86' lang='lat' dir='ltr'><strong>speciem</strong></span> <span class='ocrx_word' id='word_1_763' title='bbox 2289 4144 2530 4216; x_wconf 86' lang='lat' dir='ltr'><strong>ignorat,</strong></span> <span class='ocrx_word' id='word_1_764' title='bbox 2564 4146 2658 4215; x_wconf 92' lang='lat' dir='ltr'><strong>qui</strong></span> <span class='ocrx_word' id='word_1_765' title='bbox 2693 4161 2800 4200; x_wconf 92' lang='lat' dir='ltr'><strong>non</strong></span> <span class='ocrx_word' id='word_1_766' title='bbox 2833 4146 3069 4217; x_wconf 88' lang='lat' dir='ltr'><strong>desuper</strong></span> <span class='ocrx_word' id='word_1_767' title='bbox 3122 4149 3451 4205; x_wconf 88' lang='lat' dir='ltr'><strong>animalibus</strong></span> <span class='ocrx_word' id='word_1_768' title='bbox 3480 4165 3511 4204; x_wconf 86' lang='lat' dir='ltr'><strong>a</strong></span> <span class='ocrx_word' id='word_1_769' title='bbox 3546 4168 3604 4203; x_wconf 73' lang='lat' dir='ltr'><strong>se.</strong></span> 
     </span>
    </p>
   </div>
   <div class='ocr_carea' id='block_1_102' title="bbox 2017 4239 3605 4310">
    <p class='ocr_par' dir='ltr' id='par_1_102' title="bbox 2017 4239 3605 4310">
     <span class='ocr_line' id='line_1_102' title="bbox 2017 4239 3605 4310; baseline 0.001 -16"><span class='ocrx_word' id='word_1_770' title='bbox 2017 4239 2216 4296; x_wconf 90' lang='lat' dir='ltr'><strong>creatis</strong></span> <span class='ocrx_word' id='word_1_771' title='bbox 2278 4239 2670 4310; x_wconf 88' lang='lat' dir='ltr'><strong>appellationes</strong></span> <span class='ocrx_word' id='word_1_772' title='bbox 2738 4240 3009 4308; x_wconf 90' lang='lat' dir='ltr'><strong>imponit,</strong></span> <span class='ocrx_word' id='word_1_773' title='bbox 3062 4239 3155 4295; x_wconf 88' lang='lat' dir='ltr'><strong>sed</strong></span> <span class='ocrx_word' id='word_1_774' title='bbox 3238 4239 3446 4294; x_wconf 74' lang='lat' dir='ltr'><strong>Adamo</strong></span> <span class='ocrx_word' id='word_1_775' title='bbox 3513 4242 3605 4296; x_wconf 75' lang='lat' dir='ltr'><strong>tin-</strong></span> 
     </span>
    </p>
   </div>
   <div class='ocr_carea' id='block_1_103' title="bbox 2019 4327 3606 4402">
    <p class='ocr_par' dir='ltr' id='par_1_103' title="bbox 2019 4327 3606 4402">
     <span class='ocr_line' id='line_1_103' title="bbox 2019 4327 3606 4402; baseline 0 -16"><span class='ocrx_word' id='word_1_776' title='bbox 2019 4331 2179 4402; x_wconf 85' lang='lat' dir='ltr'><strong>gendi</strong></span> <span class='ocrx_word' id='word_1_777' title='bbox 2207 4329 2432 4384; x_wconf 89' lang='lat' dir='ltr'><strong>nomina</strong></span> <span class='ocrx_word' id='word_1_778' title='bbox 2460 4337 2781 4399; x_wconf 87' lang='lat' dir='ltr'><strong>potestatem</strong></span> <span class='ocrx_word' id='word_1_779' title='bbox 2807 4327 3186 4398; x_wconf 79' lang='lat' dir='ltr'><strong>gratiﬁcatur?</strong></span> <span class='ocrx_word' id='word_1_780' title='bbox 3216 4330 3270 4385; x_wconf 89' lang='lat' dir='ltr'><strong>Si</strong></span> <span class='ocrx_word' id='word_1_781' title='bbox 3303 4332 3447 4386; x_wconf 89' lang='lat' dir='ltr'><strong>enim</strong></span> <span class='ocrx_word' id='word_1_782' title='bbox 3476 4347 3606 4402; x_wconf 82' lang='lat' dir='ltr'><strong>pro-</strong></span> 
     </span>
    </p>
   </div>
   <div class='ocr_carea' id='block_1_104' title="bbox 2017 4421 3606 4492">
    <p class='ocr_par' dir='ltr' id='par_1_104' title="bbox 2017 4421 3606 4492">
     <span class='ocr_line' id='line_1_104' title="bbox 2017 4421 3606 4492; baseline 0.001 -16"><span class='ocrx_word' id='word_1_783' title='bbox 2017 4421 2274 4477; x_wconf 70' lang='lat' dir='ltr'><strong>videntia:</strong></span> <span class='ocrx_word' id='word_1_784' title='bbox 2292 4421 2396 4492; x_wconf 85' lang='lat' dir='ltr'><strong>legi</strong></span> <span class='ocrx_word' id='word_1_785' title='bbox 2421 4429 2737 4490; x_wconf 87' lang='lat' dir='ltr'><strong>cognatum,</strong></span> <span class='ocrx_word' id='word_1_786' title='bbox 2769 4423 2912 4476; x_wconf 91' lang='lat' dir='ltr'><strong>sicut</strong></span> <span class='ocrx_word' id='word_1_787' title='bbox 2935 4421 3177 4491; x_wconf 89' lang='lat' dir='ltr'><strong>loquitur</strong></span> <span class='ocrx_word' id='word_1_788' title='bbox 3205 4422 3526 4488; x_wconf 86' lang='lat' dir='ltr'><strong>Eunomius,</strong></span> <span class='ocrx_word' id='word_1_789' title='bbox 3550 4433 3606 4479; x_wconf 86' lang='lat' dir='ltr'><strong>et</strong></span> 
     </span>
    </p>
   </div>
   <div class='ocr_carea' id='block_1_105' title="bbox 2020 4511 3602 4582">
    <p class='ocr_par' dir='ltr' id='par_1_105' title="bbox 2020 4511 3602 4582">
     <span class='ocr_line' id='line_1_105' title="bbox 2020 4511 3602 4582; baseline 0.001 -13"><span class='ocrx_word' id='word_1_790' title='bbox 2020 4523 2271 4570; x_wconf 90' lang='lat' dir='ltr'><strong>sanctum</strong></span> <span class='ocrx_word' id='word_1_791' title='bbox 2301 4520 2386 4566; x_wconf 91' lang='lat' dir='ltr'><strong>est</strong></span> <span class='ocrx_word' id='word_1_792' title='bbox 2424 4511 2663 4581; x_wconf 90' lang='lat' dir='ltr'><strong>desuper</strong></span> <span class='ocrx_word' id='word_1_793' title='bbox 2699 4512 2866 4565; x_wconf 89' lang='lat' dir='ltr'><strong>rebus</strong></span> <span class='ocrx_word' id='word_1_794' title='bbox 2916 4527 3078 4566; x_wconf 84' lang='lat' dir='ltr'><strong>voces</strong></span> <span class='ocrx_word' id='word_1_795' title='bbox 3137 4512 3426 4582; x_wconf 91' lang='lat' dir='ltr'><strong>impositas</strong></span> <span class='ocrx_word' id='word_1_796' title='bbox 3457 4529 3602 4576; x_wconf 55' lang='lat' dir='ltr'><strong>essm</strong></span> 
     </span>
    </p>
   </div>
   <div class='ocr_carea' id='block_1_106' title="bbox 1948 4604 3602 4693">
    <p class='ocr_par' dir='ltr' id='par_1_106' title="bbox 1948 4604 3602 4693">
     <span class='ocr_line' id='line_1_106' title="bbox 1948 4604 3602 4693; baseline -0.001 -31"><span class='ocrx_word' id='word_1_797' title='bbox 1948 4604 2314 4693; x_wconf 60' lang='lat' dir='ltr'><strong>“profanum</strong></span> <span class='ocrx_word' id='word_1_798' title='bbox 2349 4619 2601 4674; x_wconf 87' lang='lat' dir='ltr'><strong>prorsus.</strong></span> <span class='ocrx_word' id='word_1_799' title='bbox 2655 4612 2711 4656; x_wconf 85' lang='lat' dir='ltr'><strong>et</strong></span> <span class='ocrx_word' id='word_1_800' title='bbox 2742 4604 2968 4674; x_wconf 89' lang='lat' dir='ltr'><strong>impium</strong></span> <span class='ocrx_word' id='word_1_801' title='bbox 3023 4616 3185 4674; x_wconf 88' lang='lat' dir='ltr'><strong>atque</strong></span> <span class='ocrx_word' id='word_1_802' title='bbox 3242 4606 3602 4677; x_wconf 83' lang='lat' dir='ltr'><strong>incongruum</strong></span> 
     </span>
    </p>
   </div>
   <div class='ocr_carea' id='block_1_107' title="bbox 2025 4692 3606 4764">
    <p class='ocr_par' dir='ltr' id='par_1_107' title="bbox 2025 4692 3606 4764">
     <span class='ocr_line' id='line_1_107' title="bbox 2025 4692 3606 4764; baseline -0.001 -14"><span class='ocrx_word' id='word_1_803' title='bbox 2025 4698 2094 4752; x_wconf 93' lang='lat' dir='ltr'><strong>ab</strong></span> <span class='ocrx_word' id='word_1_804' title='bbox 2142 4697 2229 4752; x_wconf 90' lang='lat' dir='ltr'><strong>his</strong></span> <span class='ocrx_word' id='word_1_805' title='bbox 2290 4695 2382 4764; x_wconf 93' lang='lat' dir='ltr'><strong>qui</strong></span> <span class='ocrx_word' id='word_1_806' title='bbox 2410 4705 2538 4749; x_wconf 86' lang='lat' dir='ltr'><strong>sunt</strong></span> <span class='ocrx_word' id='word_1_807' title='bbox 2602 4692 2745 4748; x_wconf 85' lang='lat' dir='ltr'><strong>infra</strong></span> <span class='ocrx_word' id='word_1_808' title='bbox 2793 4695 3056 4748; x_wconf 85' lang='lat' dir='ltr'><strong>vocabula</strong></span> <span class='ocrx_word' id='word_1_809' title='bbox 3086 4696 3250 4750; x_wconf 88' lang='lat' dir='ltr'><strong>rebus</strong></span> <span class='ocrx_word' id='word_1_810' title='bbox 3293 4711 3606 4751; x_wconf 81' lang='lat' dir='ltr'><strong>accommo-</strong></span> 
     </span>
    </p>
   </div>
   <div class='ocr_carea' id='block_1_108' title="bbox 2024 4792 2163 4846">
    <p class='ocr_par' dir='ltr' id='par_1_108' title="bbox 2024 4792 2163 4846">
     <span class='ocr_line' id='line_1_108' title="bbox 2024 4792 2163 4846; baseline -0.014 0"><span class='ocrx_word' id='word_1_811' title='bbox 2024 4792 2163 4846; x_wconf 89' lang='lat' dir='ltr'><strong>dari.</strong></span> 
     </span>
    </p>
   </div>
   <div class='ocr_carea' id='block_1_109' title="bbox 2101 4877 3607 4949">
    <p class='ocr_par' dir='ltr' id='par_1_109' title="bbox 2101 4877 3607 4949">
     <span class='ocr_line' id='line_1_109' title="bbox 2101 4877 3607 4949; baseline -0.003 -13"><span class='ocrx_word' id='word_1_812' title='bbox 2101 4881 2228 4944; x_wconf 85' lang='lat' dir='ltr'><strong>Sed,</strong></span> <span class='ocrx_word' id='word_1_813' title='bbox 2279 4879 2480 4949; x_wconf 83' lang='lat' dir='ltr'><strong>inquit,</strong></span> <span class='ocrx_word' id='word_1_814' title='bbox 2521 4877 2756 4930; x_wconf 86' lang='lat' dir='ltr'><strong>omnium</strong></span> <span class='ocrx_word' id='word_1_815' title='bbox 2783 4885 3019 4939; x_wconf 81' lang='lat' dir='ltr'><strong>curator,</strong></span> <span class='ocrx_word' id='word_1_816' title='bbox 3052 4877 3250 4946; x_wconf 75' lang='lat' dir='ltr'><strong>opiﬁcii</strong></span> <span class='ocrx_word' id='word_1_817' title='bbox 3279 4877 3386 4948; x_wconf 78' lang='lat' dir='ltr'><strong>lege</strong></span> <span class='ocrx_word' id='word_1_818' title='bbox 3410 4879 3607 4933; x_wconf 78' lang='lat' dir='ltr'><strong>nostris</strong></span> 
     </span>
    </p>
   </div>
   <div class='ocr_carea' id='block_1_110' title="bbox 2027 4969 3608 5037">
    <p class='ocr_par' dir='ltr' id='par_1_110' title="bbox 2027 4969 3608 5037">
     <span class='ocr_line' id='line_1_110' title="bbox 2027 4969 3608 5037; baseline -0.001 -9"><span class='ocrx_word' id='word_1_819' title='bbox 2027 4975 2222 5029; x_wconf 82' lang='lat' dir='ltr'><strong>animis</strong></span> <span class='ocrx_word' id='word_1_820' title='bbox 2251 4990 2340 5027; x_wconf 81' lang='lat' dir='ltr'><strong>eas</strong></span> <span class='ocrx_word' id='word_1_821' title='bbox 2387 4971 2617 5025; x_wconf 80' lang='lat' dir='ltr'><strong>inserere</strong></span> <span class='ocrx_word' id='word_1_822' title='bbox 2646 4986 2853 5037; x_wconf 77' lang='lat' dir='ltr'><strong>wquum</strong></span> <span class='ocrx_word' id='word_1_823' title='bbox 2883 4971 3106 5024; x_wconf 81' lang='lat' dir='ltr'><strong>censuit.</strong></span> <span class='ocrx_word' id='word_1_824' title='bbox 3145 4969 3212 5022; x_wconf 81' lang='lat' dir='ltr'><strong>Et</strong></span> <span class='ocrx_word' id='word_1_825' title='bbox 3243 4971 3288 5024; x_wconf 89' lang='lat' dir='ltr'><strong>si</strong></span> <span class='ocrx_word' id='word_1_826' title='bbox 3335 4971 3450 5025; x_wconf 62' lang='lat' dir='ltr'><strong>haec</strong></span> <span class='ocrx_word' id='word_1_827' title='bbox 3489 4974 3608 5026; x_wconf 88' lang='lat' dir='ltr'><strong>ani-</strong></span> 
     </span>
    </p>
   </div>
   <div class='ocr_carea' id='block_1_111' title="bbox 2025 5056 3606 5127">
    <p class='ocr_par' dir='ltr' id='par_1_111' title="bbox 2025 5056 3606 5127">
     <span class='ocr_line' id='line_1_111' title="bbox 2025 5056 3606 5127; baseline -0.004 -8"><span class='ocrx_word' id='word_1_828' title='bbox 2025 5065 2130 5119; x_wconf 92' lang='lat' dir='ltr'><strong>mis</strong></span> <span class='ocrx_word' id='word_1_829' title='bbox 2163 5062 2445 5117; x_wconf 89' lang='lat' dir='ltr'><strong>hominum</strong></span> <span class='ocrx_word' id='word_1_830' title='bbox 2486 5067 2614 5115; x_wconf 90' lang='lat' dir='ltr'><strong>sunt</strong></span> <span class='ocrx_word' id='word_1_831' title='bbox 2664 5059 2938 5127; x_wconf 88' lang='lat' dir='ltr'><strong>inspersa,</strong></span> <span class='ocrx_word' id='word_1_832' title='bbox 2971 5056 3250 5127; x_wconf 92' lang='lat' dir='ltr'><strong>quomodo</strong></span> <span class='ocrx_word' id='word_1_833' title='bbox 3289 5057 3358 5112; x_wconf 87' lang='lat' dir='ltr'><strong>ab</strong></span> <span class='ocrx_word' id='word_1_834' title='bbox 3395 5057 3606 5112; x_wconf 87' lang='lat' dir='ltr'><strong>Adamo</strong></span> 
     </span>
    </p>
   </div>
   <div class='ocr_carea' id='block_1_112' title="bbox 2027 5148 3607 5224">
    <p class='ocr_par' dir='ltr' id='par_1_112' title="bbox 2027 5148 3607 5224">
     <span class='ocr_line' id='line_1_112' title="bbox 2027 5148 3607 5224; baseline -0.002 -17"><span class='ocrx_word' id='word_1_835' title='bbox 2027 5169 2200 5224; x_wconf 90' lang='lat' dir='ltr'><strong>usque</strong></span> <span class='ocrx_word' id='word_1_836' title='bbox 2251 5151 2318 5206; x_wconf 91' lang='lat' dir='ltr'><strong>ad</strong></span> <span class='ocrx_word' id='word_1_837' title='bbox 2368 5159 2517 5205; x_wconf 89' lang='lat' dir='ltr'><strong>tuam</strong></span> <span class='ocrx_word' id='word_1_838' title='bbox 2571 5149 3064 5217; x_wconf 83' lang='lat' dir='ltr'><strong>transgressionem</strong></span> <span class='ocrx_word' id='word_1_839' title='bbox 3124 5148 3289 5216; x_wconf 88' lang='lat' dir='ltr'><strong>hujus</strong></span> <span class='ocrx_word' id='word_1_840' title='bbox 3346 5149 3607 5204; x_wconf 81' lang='lat' dir='ltr'><strong>vanitatis</strong></span> 
     </span>
    </p>
   </div>
   <div class='ocr_carea' id='block_1_113' title="bbox 2028 5241 3607 5316">
    <p class='ocr_par' dir='ltr' id='par_1_113' title="bbox 2028 5241 3607 5316">
     <span class='ocr_line' id='line_1_113' title="bbox 2028 5241 3607 5316; baseline -0.003 -14"><span class='ocrx_word' id='word_1_841' title='bbox 2028 5248 2239 5302; x_wconf 85' lang='lat' dir='ltr'><strong>fructus</strong></span> <span class='ocrx_word' id='word_1_842' title='bbox 2279 5261 2386 5299; x_wconf 92' lang='lat' dir='ltr'><strong>non</strong></span> <span class='ocrx_word' id='word_1_843' title='bbox 2419 5245 2639 5316; x_wconf 90' lang='lat' dir='ltr'><strong>prodiit,</strong></span> <span class='ocrx_word' id='word_1_844' title='bbox 2671 5242 2868 5298; x_wconf 89' lang='lat' dir='ltr'><strong>animis</strong></span> <span class='ocrx_word' id='word_1_845' title='bbox 2901 5241 3206 5305; x_wconf 85' lang='lat' dir='ltr'><strong>hominum.</strong></span> <span class='ocrx_word' id='word_1_846' title='bbox 3235 5252 3295 5295; x_wconf 92' lang='lat' dir='ltr'><strong>ut</strong></span> <span class='ocrx_word' id='word_1_847' title='bbox 3320 5249 3378 5296; x_wconf 93' lang='lat' dir='ltr'><strong>tu</strong></span> <span class='ocrx_word' id='word_1_848' title='bbox 3415 5242 3607 5312; x_wconf 88' lang='lat' dir='ltr'><strong>loque-</strong></span> 
     </span>
    </p>
   </div>
   <div class='ocr_carea' id='block_1_114' title="bbox 2026 5333 3606 5405">
    <p class='ocr_par' dir='ltr' id='par_1_114' title="bbox 2026 5333 3606 5405">
     <span class='ocr_line' id='line_1_114' title="bbox 2026 5333 3606 5405; baseline -0.004 -11"><span class='ocrx_word' id='word_1_849' title='bbox 2026 5340 2126 5400; x_wconf 88' lang='lat' dir='ltr'><strong>ris,</strong></span> <span class='ocrx_word' id='word_1_850' title='bbox 2177 5338 2395 5399; x_wconf 85' lang='lat' dir='ltr'><strong>insitus,</strong></span> <span class='ocrx_word' id='word_1_851' title='bbox 2449 5343 2508 5390; x_wconf 87' lang='lat' dir='ltr'><strong>ut</strong></span> <span class='ocrx_word' id='word_1_852' title='bbox 2555 5350 2754 5390; x_wconf 85' lang='lat' dir='ltr'><strong>nomen</strong></span> <span class='ocrx_word' id='word_1_853' title='bbox 2801 5333 3053 5389; x_wconf 67' lang='lat' dir='ltr'><strong>essentia:</strong></span> <span class='ocrx_word' id='word_1_854' title='bbox 3101 5342 3394 5390; x_wconf 85' lang='lat' dir='ltr'><strong>vocaretur</strong></span> <span class='ocrx_word' id='word_1_855' title='bbox 3441 5336 3606 5405; x_wconf 75' lang='grc' dir='ltr'>ἀγεν-</span> 
     </span>
    </p>
   </div>
   <div class='ocr_carea' id='block_1_115' title="bbox 2026 5426 3605 5504">
    <p class='ocr_par' dir='ltr' id='par_1_115' title="bbox 2026 5426 3605 5504">
     <span class='ocr_line' id='line_1_115' title="bbox 2026 5426 3605 5504; baseline -0.003 -19"><span class='ocrx_word' id='word_1_856' title='bbox 2026 5432 2207 5504; x_wconf 85' lang='grc' dir='ltr'>νησία,</span> <span class='ocrx_word' id='word_1_857' title='bbox 2251 5428 2381 5484; x_wconf 91' lang='lat' dir='ltr'><strong>illud</strong></span> <span class='ocrx_word' id='word_1_858' title='bbox 2410 5429 2610 5498; x_wconf 91' lang='lat' dir='ltr'><strong>quippe</strong></span> <span class='ocrx_word' id='word_1_859' title='bbox 2639 5426 2866 5481; x_wconf 84' lang='lat' dir='ltr'><strong>dixisset</strong></span> <span class='ocrx_word' id='word_1_860' title='bbox 2899 5426 3063 5480; x_wconf 89' lang='lat' dir='ltr'><strong>etiam</strong></span> <span class='ocrx_word' id='word_1_861' title='bbox 3093 5427 3357 5489; x_wconf 85' lang='lat' dir='ltr'><strong>Adamus,</strong></span> <span class='ocrx_word' id='word_1_862' title='bbox 3405 5436 3461 5482; x_wconf 89' lang='lat' dir='ltr'><strong>et</strong></span> <span class='ocrx_word' id='word_1_863' title='bbox 3511 5429 3605 5498; x_wconf 89' lang='lat' dir='ltr'><strong>qui</strong></span> 
     </span>
    </p>
   </div>
   <div class='ocr_carea' id='block_1_116' title="bbox 2027 5517 3606 5591">
    <p class='ocr_par' dir='ltr' id='par_1_116' title="bbox 2027 5517 3606 5591">
     <span class='ocr_line' id='line_1_116' title="bbox 2027 5517 3606 5591; baseline -0.004 -14"><span class='ocrx_word' id='word_1_864' title='bbox 2027 5523 2284 5591; x_wconf 90' lang='lat' dir='ltr'><strong>deinceps</strong></span> <span class='ocrx_word' id='word_1_865' title='bbox 2312 5522 2380 5574; x_wconf 91' lang='lat' dir='ltr'><strong>ab</strong></span> <span class='ocrx_word' id='word_1_866' title='bbox 2420 5520 2512 5573; x_wconf 90' lang='lat' dir='ltr'><strong>illo</strong></span> <span class='ocrx_word' id='word_1_867' title='bbox 2541 5517 2714 5572; x_wconf 84' lang='lat' dir='ltr'><strong>exorti</strong></span> <span class='ocrx_word' id='word_1_868' title='bbox 2745 5524 2873 5572; x_wconf 87' lang='lat' dir='ltr'><strong>sunt</strong></span> <span class='ocrx_word' id='word_1_869' title='bbox 2898 5532 3113 5578; x_wconf 90' lang='lat' dir='ltr'><strong>omnes,</strong></span> <span class='ocrx_word' id='word_1_870' title='bbox 3142 5517 3409 5586; x_wconf 89' lang='lat' dir='ltr'><strong>siquidem</strong></span> <span class='ocrx_word' id='word_1_871' title='bbox 3442 5534 3470 5572; x_wconf 91' lang='lat' dir='ltr'><strong>a</strong></span> <span class='ocrx_word' id='word_1_872' title='bbox 3497 5517 3606 5572; x_wconf 90' lang='lat' dir='ltr'><strong>Deo</strong></span> 
     </span>
    </p>
   </div>
   <div class='ocr_carea' id='block_1_117' title="bbox 2027 5604 3606 5678">
    <p class='ocr_par' dir='ltr' id='par_1_117' title="bbox 2027 5604 3606 5678">
     <span class='ocr_line' id='line_1_117' title="bbox 2027 5604 3606 5678; baseline -0.004 -9"><span class='ocrx_word' id='word_1_873' title='bbox 2027 5615 2134 5669; x_wconf 88' lang='lat' dir='ltr'><strong>tale</strong></span> <span class='ocrx_word' id='word_1_874' title='bbox 2163 5604 2370 5666; x_wconf 71' lang='lat' dir='ltr'><strong>nal&#39;urze</strong></span> <span class='ocrx_word' id='word_1_875' title='bbox 2402 5609 2625 5662; x_wconf 90' lang='lat' dir='ltr'><strong>insitum</strong></span> <span class='ocrx_word' id='word_1_876' title='bbox 2654 5616 2790 5662; x_wconf 90' lang='lat' dir='ltr'><strong>erat.</strong></span> <span class='ocrx_word' id='word_1_877' title='bbox 2823 5606 3289 5673; x_wconf 87' lang='lat' dir='ltr'><strong>Quemadmodum</strong></span> <span class='ocrx_word' id='word_1_878' title='bbox 3315 5609 3459 5662; x_wconf 88' lang='lat' dir='ltr'><strong>enim</strong></span> <span class='ocrx_word' id='word_1_879' title='bbox 3485 5626 3606 5678; x_wconf 67' lang='lat' dir='ltr'><strong>qua:</strong></span> 
     </span>
    </p>
   </div>
   <div class='ocr_carea' id='block_1_118' title="bbox 2027 5697 3603 5769">
    <p class='ocr_par' dir='ltr' id='par_1_118' title="bbox 2027 5697 3603 5769">
     <span class='ocr_line' id='line_1_118' title="bbox 2027 5697 3603 5769; baseline -0.001 -13"><span class='ocrx_word' id='word_1_880' title='bbox 2027 5717 2089 5756; x_wconf 77' lang='lat' dir='ltr'><strong>ex</strong></span> <span class='ocrx_word' id='word_1_881' title='bbox 2119 5707 2263 5753; x_wconf 90' lang='lat' dir='ltr'><strong>terra</strong></span> <span class='ocrx_word' id='word_1_882' title='bbox 2291 5697 2614 5757; x_wconf 82' lang='lat' dir='ltr'><strong>funduntur,</strong></span> <span class='ocrx_word' id='word_1_883' title='bbox 2639 5711 2704 5750; x_wconf 81' lang='lat' dir='ltr'><strong>ex</strong></span> <span class='ocrx_word' id='word_1_884' title='bbox 2731 5697 2978 5750; x_wconf 90' lang='lat' dir='ltr'><strong>seminali</strong></span> <span class='ocrx_word' id='word_1_885' title='bbox 3007 5698 3357 5752; x_wconf 87' lang='lat' dir='ltr'><strong>successione</strong></span> <span class='ocrx_word' id='word_1_886' title='bbox 3383 5714 3411 5751; x_wconf 89' lang='lat' dir='ltr'><strong>a</strong></span> <span class='ocrx_word' id='word_1_887' title='bbox 3431 5701 3603 5769; x_wconf 88' lang='lat' dir='ltr'><strong>prima</strong></span> 
     </span>
    </p>
   </div>
   <div class='ocr_carea' id='block_1_119' title="bbox 2029 5789 3604 5860">
    <p class='ocr_par' dir='ltr' id='par_1_119' title="bbox 2029 5789 3604 5860">
     <span class='ocr_line' id='line_1_119' title="bbox 2029 5789 3604 5860; baseline -0.001 -12"><span class='ocrx_word' id='word_1_888' title='bbox 2029 5795 2302 5848; x_wconf 84' lang='lat' dir='ltr'><strong>creatione</strong></span> <span class='ocrx_word' id='word_1_889' title='bbox 2335 5806 2548 5860; x_wconf 86' lang='lat' dir='ltr'><strong>semper</strong></span> <span class='ocrx_word' id='word_1_890' title='bbox 2587 5798 2924 5860; x_wconf 87' lang='lat' dir='ltr'><strong>permanent,</strong></span> <span class='ocrx_word' id='word_1_891' title='bbox 2981 5789 3300 5860; x_wconf 89' lang='lat' dir='ltr'><strong>nullumque</strong></span> <span class='ocrx_word' id='word_1_892' title='bbox 3339 5807 3526 5846; x_wconf 87' lang='lat' dir='ltr'><strong>semen</strong></span> <span class='ocrx_word' id='word_1_893' title='bbox 3574 5807 3604 5846; x_wconf 88' lang='lat' dir='ltr'><strong>a</strong></span> 
     </span>
    </p>
   </div>
   <div class='ocr_carea' id='block_1_120' title="bbox 2027 5883 3605 5954">
    <p class='ocr_par' dir='ltr' id='par_1_120' title="bbox 2027 5883 3605 5954">
     <span class='ocr_line' id='line_1_120' title="bbox 2027 5883 3605 5954; baseline -0.003 -14"><span class='ocrx_word' id='word_1_894' title='bbox 2027 5894 2224 5940; x_wconf 88' lang='lat' dir='ltr'><strong>natura</strong></span> <span class='ocrx_word' id='word_1_895' title='bbox 2266 5884 2321 5939; x_wconf 89' lang='lat' dir='ltr'><strong>in</strong></span> <span class='ocrx_word' id='word_1_896' title='bbox 2363 5884 2651 5954; x_wconf 67' lang='lat' dir='ltr'><strong>praesentia</strong></span> <span class='ocrx_word' id='word_1_897' title='bbox 2692 5883 3006 5949; x_wconf 85' lang='lat' dir='ltr'><strong>innovatur,</strong></span> <span class='ocrx_word' id='word_1_898' title='bbox 3061 5883 3142 5937; x_wconf 87' lang='lat' dir='ltr'><strong>sic</strong></span> <span class='ocrx_word' id='word_1_899' title='bbox 3189 5894 3243 5937; x_wconf 93' lang='lat' dir='ltr'><strong>et</strong></span> <span class='ocrx_word' id='word_1_900' title='bbox 3292 5883 3379 5953; x_wconf 74' lang='lat' dir='ltr'><strong>hic</strong></span> <span class='ocrx_word' id='word_1_901' title='bbox 3423 5898 3605 5940; x_wconf 78' lang='lat' dir='ltr'><strong>sermo</strong></span> 
     </span>
    </p>
   </div>
  </div>
