4146 6386
502 440 638 495 1093

1774 429 1832 483 S.
1874 426 2199 485 GREGOBII
2240 428 2528 484 NYSSENI

3623 426 3763 480 10"6

499 556 768 629 siquidem
798 559 966 615 esset,
1024 557 1082 602 ut
1130 556 1189 601 tu
1234 545 1338 608 ais,
1386 552 1596 598 natura:
1630 558 1661 597 a
1707 541 1816 597 Deo
1851 542 2071 606 insitus,

2200 544 2402 614 παρόντι
2452 545 2675 615 σπέρμα
2709 546 3110 614 καινοτομεῖται
3156 539 3309 612 παρὰ
3352 539 3453 609 τῆς
3514 538 3764 608 φύσεως,

500 664 625 705 cum
669 646 843 717 prima
870 649 1154 713 parentum
1186 638 1611 709 primigenarum
1650 650 1784 688 voce
1814 633 2077 704 pullulas-

503 750 608 805 set,
641 748 695 794 et
725 753 848 793 cum
881 743 1227 806 posterorum
1258 728 1610 784 successione
1631 726 1945 797 prodiisset.
1975 723 2081 779 Sed

503 831 761 902 quoniam
798 828 903 881 hoc
936 826 1005 881 ab
1053 823 1211 878 initio
1243 838 1349 875 non
1382 828 1520 883 erat,
1573 819 1755 872 nullus
1793 818 1937 871 enim
1972 816 2084 886 pri-

504 937 718 978 morum
772 920 875 974 fuit
919 932 1094 987 usque
1139 915 1205 968 ad
1252 914 1503 967 homines
1554 911 1720 980 hujus
1769 912 1964 971 aetatis,
2017 908 2085 962 ad

507 1030 647 1086 quos
682 1013 791 1067 tale
825 1012 1041 1067 locutus
1089 1020 1193 1069 εει,
1245 1007 1592 1076 perspicuum
1632 1005 1790 1072 plane
1820 1010 1903 1057 est
1941 1000 2088 1071 quod

509 1107 877 1162 adulterinum
932 1103 1063 1173 quid
1112 1109 1166 1156 et
1214 1114 1494 1170 perperam
1551 1098 1827 1151 inventum
1876 1112 1939 1150 ex
1985 1096 2089 1148 hoc

508 1200 759 1254 loliorum
818 1203 939 1252 satu
993 1201 1215 1249 enatum
1268 1202 1372 1254 est,
1428 1206 1538 1243 non
1580 1206 1644 1243 ex
1690 1187 1934 1258 pulchris
1980 1186 2089 1241 illis

518 1290 821 1345 seminibus
875 1301 997 1356 quae
1050 1292 1260 1338 naturae
1308 1297 1457 1353 agro,
1513 1289 1571 1333 ut
1619 1295 1744 1333 cum
1797 1277 2092 1348 Evangelio

517 1385 711 1450 loquar
735 1380 803 1440 ὀ,
841 1378 983 1431 Deus
1018 1375 1326 1429 mandavit:
1375 1388 1496 1442 qua:
1520 1372 1661 1425 enim
1693 1371 1851 1440 plane
1883 1377 2009 1425 sunt
2034 1370 2089 1423 in

512 1471 786 1529 communi
818 1479 1031 1531 natura,
1059 1482 1167 1521 non
1208 1480 1353 1520 nunc
1384 1474 1444 1519 ut
1475 1465 1587 1519 sint
1630 1462 1960 1533 principium
1992 1461 2090 1514 ha-

509 1564 658 1625 bent,
687 1560 782 1615 sed
811 1576 875 1614 ex
900 1558 1075 1629 prima
1117 1556 1509 1611 constitutione
1536 1569 1657 1607 cum
1693 1560 1888 1607 natura
1920 1567 2088 1622 appa-

511 1662 774 1708 ruerunt:
821 1652 964 1705 sicut
1014 1646 1285 1703 sentiendi
1336 1647 1826 1701 instrumentorum
1859 1644 2087 1704 functio,

510 1747 564 1794 et
612 1754 735 1792 cum
773 1737 837 1791 ad
888 1735 1098 1806 aliquid
1143 1736 1305 1789 homo
1331 1734 1631 1804 cupiditate
1676 1734 1957 1797 incitatur,
2006 1733 2088 1788 vel

513 1832 802 1894 alienatur,
831 1838 884 1882 et
913 1830 958 1884 si
992 1828 1122 1898 quid
1150 1827 1293 1881 aliud
1326 1828 1431 1880 tale
1453 1826 1773 1881 conceditur
1798 1842 2087 1881 commune

513 1929 743 1985 naturae,
771 1894 1167 1989 quorum-nihil
1199 1917 1250 1969 in
1275 1917 1504 1985 posteris
1526 1915 1636 1969 vita
1666 1915 1968 1978 innovavit,
2000 1916 2093 1970 sed
2128 1894 2170 1945 Β

512 2018 567 2071 in
608 2015 744 2085 ipsis
773 2011 1203 2083 pr0prietatibus
1247 2024 1276 2063 a
1323 2008 1514 2078 primis
1558 2024 1732 2078 usque
1775 2008 1843 2061 ad
1876 2007 2098 2062 ultimos

512 2115 870 2163 conservatur
896 2120 1115 2174 semper
1156 2101 1301 2172 quod
1334 2101 1635 2155 humanum
1676 2108 1780 2164 est,
1830 2101 1965 2155 nihil
2000 2116 2100 2154 na-

514 2208 633 2252 tura
653 2212 830 2265 neque
850 2211 1045 2250 eorum
1076 2210 1197 2263 quae
1225 2209 1253 2246 a
1285 2192 1554 2261 principio
1576 2193 1765 2247 insunt
1790 2192 2099 2275 abjicienle’

513 2304 688 2358 neque
727 2302 916 2342 eorum
972 2302 1093 2353 quaa
1137 2301 1246 2338 non
1305 2285 1494 2337 insunt
1549 2292 1884 2339 assumente.
1947 2282 2104 2337 Sicut

511 2383 718 2446 videre,
752 2387 963 2433 natura:
987 2378 1206 2447 quidem
1235 2392 1435 2431 munus
1474 2391 1597 2431 esse
1626 2391 1788 2429 nemo
1817 2391 1925 2429 non
1962 2389 2097 2429 con-

516 2472 719 2535 ﬁtetur,
762 2469 858 2524 sed
893 2468 1191 2522 artiliciose
1217 2466 1403 2520 videre
1434 2482 1499 2519 ex
1546 2466 1815 2520 industria
1844 2473 1898 2520 et
1929 2464 2103 2519 artiﬁ-

514 2561 603 2614 cio
636 2559 705 2613 iis
736 2557 828 2627 qui
857 2555 1109 2612 scientiis
1132 2563 1186 2610 et
1224 2555 1532 2623 disciplinis
1564 2569 1784 2622 Operam
1830 2553 2105 2623 impendio

514 2650 783 2706 dederunt
804 2648 1044 2702 advenit.
1078 2648 1197 2701 Non
1224 2647 1368 2701 enim
1394 2646 1638 2699 omnium
1677 2646 2106 2717 dioptraascien-

524 2742 667 2796 tiiica
695 2740 959 2811 cognitio,
995 2738 1077 2792 vel
1106 2738 1558 2809 geometricarum
1593 2737 1858 2791 linearum
1885 2736 2107 2790 demon-

516 2830 743 2885 strativa
776 2827 1191 2897 contemplatio,
1226 2827 1309 2881 vel
1340 2827 1385 2882 si
1419 2825 1548 2896 quid
1593 2827 1699 2880 tale
1732 2824 1883 2880 aliud
1918 2841 1947 2877 a
1976 2826 2101 2894 qui-

515 2922 619 2977 bus
656 2936 763 2976 non
805 2920 1011 2983 videte,
1063 2919 1158 2974 sed
1193 2918 1259 2972 ad
1309 2918 1514 2988 aliquid
1556 2919 1635 2972 uti
1674 2917 1899 2972 videndi
1954 2926 2103 2981 actu,

517 3012 586 3067 ab
618 3019 733 3066 arte
777 3012 1059 3066 inventum
1107 3016 1225 3065 est:
1292 3010 1371 3065 sic
1421 3009 1635 3063 ratione
1680 3009 1867 3063 utendi
1910 3022 2106 3061 munus

517 3116 808 3157 commune
845 3101 1065 3171 quidem
1111 3116 1234 3155 esse
1276 3102 1529 3155 humanae
1566 3107 1775 3154 naturae
1818 3099 2018 3154 dixerit
2052 3108 2107 3154 et

519 3195 825 3264 pr0prium,
870 3193 1106 3260 desuper
1131 3206 1256 3244 cum
1305 3202 1499 3245 natura
1528 3201 1582 3245 et
1619 3190 1925 3245 substantia
1968 3204 2098 3243 con-

519 3287 703 3341 situm.
737 3283 842 3338 Sed
872 3284 1035 3338 rebus
1058 3298 1179 3352 quas
1210 3292 1337 3335 sunt
1369 3299 1528 3337 voces
1563 3283 1804 3336 invenire
1837 3289 1891 3335 et
1918 3280 2096 3350 appel-

522 3377 747 3430 lationes
799 3390 982 3430 rerum
1039 3374 1429 3444 signiﬁcativas
1491 3376 1774 3429 hominum
1826 3390 1949 3429 esse
1999 3374 2091 3444 qui

519 3470 881 3523 ratiocinandi
926 3468 1235 3522 facultatem
1286 3483 1314 3521 a
1368 3468 1477 3522 Deo
1533 3468 1586 3522 in
1638 3468 1832 3538 seipsis
1869 3468 2094 3532 habent,

520 3562 613 3633 qui
660 3576 892 3629 semper,
930 3568 989 3612 ut
1030 3558 1165 3628 ipsis
1192 3560 1390 3628 placet,
1424 3559 1491 3613 ad
1532 3575 1721 3613 eorum
1763 3575 1885 3629 qua:
1913 3559 2097 3614 decla-

522 3662 712 3705 rantur
739 3651 1178 3720 explanationem
1207 3650 1474 3703 dictiones
1504 3651 1716 3719 aliquas
1739 3665 1920 3705 rerum
1952 3651 2099 3720 ipsa-

524 3761 641 3798 rum
678 3743 885 3798 indices
912 3752 966 3798 et
995 3751 1152 3797 notas
1185 3743 1518 3812 excogitant.
1555 3742 1659 3797 Sed
1694 3742 1740 3797 si
1783 3743 1896 3797 haec
1926 3742 2098 3796 robur

524 3837 777 3897 habeant,
806 3835 1039 3888 duorum
1069 3833 1247 3903 inquit
1282 3833 1513 3886 alterum
1545 3831 1742 3892 astrui,
1772 3832 1857 3886 vel
1886 3831 1971 3885 his
2004 3832 2097 3899 qui

520 3926 1012 3981 comminiscuntur
1045 3924 1560 3979 commentationem
1594 3923 1981 3992 antiquiorem,
2014 3923 2097 3977 vel

526 4022 635 4075 Deo
671 4018 970 4074 secundum
1006 4023 1259 4070 naturam
1290 4015 1682 4070 convenientes
1710 4016 2100 4085 appellationes

521 4125 577 4165 ct
631 4112 887 4166 omnibus
931 4108 1369 4179 praeexsistentes
1416 4107 1697 4161 hominum
1750 4107 2100 4177 generatione

527 4202 879 4273 posteriores.
929 4199 1069 4269 Ergo
1114 4199 1317 4253 talibus
1344 4199 1757 4269 repugnandum
1797 4206 1881 4254 est
1915 4209 1968 4254 et
2000 4201 2099 4255 ob-

526 4300 805 4359 standum,
838 4300 892 4347 et
925 4293 989 4346 ad
1021 4301 1131 4345 tam
1167 4290 1451 4345 molestam
1483 4290 1775 4345 amentiam
1807 4306 1903 4360 per
1932 4290 2099 4345 ratio—

534 4406 656 4444 nem
687 4383 1106 4442 conserendum.
1140 4381 1341 4452 Ecquis
1386 4381 1457 4435 ita
1486 4382 1713 4452 simplex
1746 4393 1806 4436 ut
1846 4399 1941 4453 per
1972 4384 2101 4438 talia

528 4482 647 4537 laedi
681 4487 834 4549 putet
864 4488 918 4532 et
948 4477 1241 4536 existimet,
1275 4476 1320 4529 si
1345 4475 1510 4529 verba
1538 4475 1959 4530 ratiocinatricis
1978 4491 2103 4530 esse

530 4572 802 4627 facultatis
827 4569 1143 4631 credantur,
1180 4567 1302 4621 ideo
1344 4566 1505 4620 etiam
1538 4565 1869 4620 conﬁteatur
1908 4568 2102 4621 verbo-

530 4680 647 4718 rum
697 4677 859 4716 voces
913 4660 1261 4729 loquentibus
1310 4674 1432 4713 esse
1495 4658 1857 4727 antiquiores,
1906 4659 1993 4713 vel
2048 4660 2106 4714 in

532 4758 697 4811 Deum
728 4772 786 4811 se
817 4769 1042 4825 peccare
1073 4753 1371 4815 existimet,
1410 4752 1457 4806 si
1497 4752 1766 4814 homines,
1814 4759 2104 4822 postquam

531 4848 695 4919 geniti
730 4856 875 4911 sunt,
929 4860 1029 4915 pro
1055 4853 1217 4914 captu
1253 4860 1354 4899 suo
1384 4842 1550 4897 Deum
1591 4844 1912 4897 nominant?
1948 4843 2106 4911 Quod

530 4939 674 4993 enim
703 4937 1115 5009 supereminens
1138 4944 1332 4989 natura
1366 4951 1471 4987 non
1494 4934 1732 5003 indigeat
1757 4935 1961 4999 verbis,
1986 4952 2108 5005 qua:

533 5046 665 5085 voce
698 5040 750 5084 et
776 5030 959 5099 lingua
988 5028 1389 5097 exprimuntur,
1420 5027 1532 5095 jam
1561 5026 1767 5080 dictum
1796 5036 1908 5093 est;
1940 5036 2106 5098 atque

534 5121 868 5190 superﬂuum
912 5117 1076 5172 fuerit
1114 5132 1210 5185 per
1248 5116 1362 5170 [nec
1406 5117 1705 5171 molestiam
1746 5126 1800 5172 et
1830 5117 2110 5173 fastidium

535 5212 770 5266 orationi
804 5211 1066 5265 inserere.
1097 5207 1233 5262 Nam
1264 5209 1408 5277 quod
1458 5216 1652 5263 natura
1681 5211 1885 5265 nullius
1915 5212 1988 5265 rei
2024 5212 2109 5265 in-

534 5305 755 5375 dignum
786 5310 890 5365 est,
919 5311 974 5357 et
1004 5298 1302 5370 perfectum
1343 5315 1444 5354 nec
1474 5300 1808 5363 redundans,
1835 5302 1969 5356 nihil
2001 5319 2109 5357 non

539 5399 699 5453 habet
724 5412 910 5451 eorum
934 5410 1055 5464 quae
1087 5402 1215 5448 sunt
1240 5395 1575 5459 necessaria,
1608 5411 1785 5465 neque
1812 5397 2108 5467 quidquam

540 5489 700 5543 habet
742 5503 929 5543 eorum
962 5502 1087 5555 quae
1136 5501 1245 5539 non
1283 5496 1409 5539 sunt
1460 5488 1795 5541 necessaria.
1843 5487 2112 5552 Quoniam

538 5575 705 5644 igitur
731 5590 839 5628 non
880 5574 928 5628 ei
958 5588 1094 5642 opus
1127 5581 1213 5627 est
1242 5574 1575 5627 nominativa
1624 5577 2009 5645 appellatione,
2048 5593 2115 5631 ex

539 5666 971 5736 praecedentibus
994 5666 1341 5720 sermonibus
1367 5666 1795 5722 demonstratum
1818 5680 1922 5733 cst,
1953 5678 2117 5739 atque

608 5840 652 5873 ”
680 5841 869 5898 Matth.
902 5856 1000 5903 VL,
1038 5840 1129 5904 ‘28,
1165 5856 1288 5910 sqq.

2184 638 2357 701 οὕτως
2389 638 2483 691 καὶ
2526 640 2554 691 ό
2595 638 2751 705 λόγος
2790 628 2945 698 οὗτος
2988 634 3144 705 εἴπερ
3176 629 3265 705 ἦν,
3299 631 3479 695 καθὼς
3525 632 3588 684 σὺ
3620 632 3764 701 φῂς,

2184 730 2367 783 θεόθεν
2409 729 2855 801 κατεσπαρμένος
2896 730 2962 799 τῇ
3012 727 3202 795 φύσει,
3236 728 3301 796 τῇ
3338 722 3527 795 πρώτῃ
3562 723 3628 777 ἂν
3654 723 3765 774 τῶν

2187 822 2627 893 πρωτοπλάστων
2675 825 2825 893 φωνῇ
2862 819 3259 889 συνεῶάττησε
3282 858 3296 878 ,
3328 817 3419 869 καὶ
3446 819 3512 885 τῇ
3548 814 3765 883 διαδοχῇ

2187 917 2294 967 τῶν
2320 914 2709 985 ἐπιγινομένων
2746 912 3174 983 συνδιεξήρχετο.
3226 911 3364 961 Ἀλλ’
3397 908 3581 977 ἐπειδὴ
3608 907 3768 959 τοῦτο

2194 1006 2343 1077 παρὰ
2396 1006 2494 1076 τὴν
2546 1008 2766 1076 πρώτην
2822 1006 2921 1057 οὐκ
2961 999 3049 1074 ἦν,
3093 1002 3266 1064 οὐδεὶς
3308 1000 3416 1070 γὰρ
3466 999 3572 1052 τῶν
3619 996 3768 1068 πρώ-

2189 1115 2295 1151 των
2329 1098 2488 1168 μὲχρι
2519 1097 2625 1149 τῶν
2670 1096 2761 1149 νῦν
2792 1094 3090 1166 ἀνθρώπων
3128 1095 3264 1164 πρὸς
3294 1091 3385 1154 οὓς
3426 1092 3486 1144 τὺ
3528 1089 3768 1142 τοιοῦτον

2189 1192 2518 1261 ἐφθέγξατο,
2558 1190 2715 1260 δῆλον
2742 1189 2823 1241 ὃτι
2858 1188 3009 1241 νόθον
3036 1204 3088 1239 τι
3117 1186 3212 1238 καὶ
3264 1182 3678 1254 παρευρημένον
3703 1182 3767 1232 ἐκ

2189 1285 2287 1354 τῆς
2319 1282 2668 1347 ζιζανιώδους
2697 1281 2902 1351 ἀνεφύη
2953 1282 3158 1350 σπορᾶς
3177 1319 3191 1342 ,
3219 1278 3316 1330 οὐκ
3354 1279 3418 1329 ἐκ
3448 1276 3554 1327 τῶν
3589 1274 3769 1327 καλῶν

2192 1376 2412 1429 ἐκείνων
2440 1374 2789 1446 σπερμάτων.
2820 1373 2855 1428 ἃ
2878 1372 2952 1443 τῷ
2992 1372 3144 1441 ἁγρῷ
3174 1370 3270 1440 τῆς
3309 1368 3521 1437 φύσεως
3542 1406 3557 1430 ,
3601 1366 3768 1433 εὐαγ-

2192 1466 2421 1535 γελικῶς
2450 1468 2644 1526 εἰπεῖν.
2689 1467 2717 1518 ό
2754 1464 2885 1527 Θεὸς
2916 1462 3262 1517 κατεϐάλετο.
3290 1460 3431 1512 Ὀσα
3458 1457 3566 1527 γὰρ
3601 1457 3658 1509 ἐν
3699 1458 3766 1524 τῇ

2192 1563 2340 1629 κοινῇ
2378 1559 2535 1628 φύσει
2557 1559 2773 1621 πάντως
2796 1558 2959 1620 ἐστὶν,
2983 1556 3044 1609 οὐ
3072 1554 3165 1607 νῦν
3192 1553 3284 1607 τοῦ
3308 1548 3447 1606 εἶναι
3469 1550 3567 1621 τὴν
3596 1548 3769 1621 ἀρχὴν

2193 1651 2328 1721 ἔχει,
2378 1650 2493 1703 ἀλλ’
2537 1652 2601 1703 ἐκ
2654 1651 2753 1720 τῆς
2815 1649 3037 1719 πρώτης
3081 1645 3392 1707 συστάσεως
3432 1640 3766 1711 συνανεφάνη

2190 1742 2256 1809 τῇ
2290 1738 2469 1807 φύσει*
2502 1738 2577 1802 ὡς
2607 1739 2641 1805 ἦ
2672 1756 2731 1791 τε
2757 1738 2865 1791 τῶν
2899 1733 3266 1807 αἰσθητηρίων
3296 1732 3564 1804 ἐνέργεια,
3597 1730 3687 1783 καὶ
3714 1732 3769 1782 τὸ

2200 1831 2335 1902 πρός
2362 1849 2412 1884 τι
2446 1831 2536 1884 τὸν
2582 1829 2866 1901 ἄνθρωπον
2920 1825 3363 1897 ἐπιθυμητικῶς,
3399 1824 3433 1893 ἢ
3479 1821 3769 1893 ἀλλοτρίως

2199 1923 2363 1993 ἔχειν,
2395 1923 2490 1976 καὶ
2518 1922 2573 1975 εἴ
2599 1940 2650 1975 τι
2681 1922 2807 1975 ἄλλο
2835 1920 3071 1975 τοιοῦτον
3095 1919 3439 1990 ὁμολογεῖται
3468 1916 3645 1969 κοινὸν
3670 1915 3769 1985 τῆς

2200 2015 2433 2085 φύσεως,
2464 2010 2537 2067 ὧν
2568 2015 2719 2067 οὐδὲν
2754 2016 2809 2066 ἐν
2850 2016 2960 2075 τοῖς
2996 2011 3391 2080 ἐπιγινομένοις
3414 2010 3443 2061 ὁ
3474 2008 3585 2078 βίος
3620 2007 3769 2059 ἐκαι-

2201 2106 2531 2175 νοτόμησεν,
2570 2105 2687 2158 ἀλλ’
2738 2106 2795 2157 ἐν
2831 2106 2945 2166 τοῖς
2982 2105 3163 2167 αὐτοῖς
3201 2102 3485 2172 ίδιώμασιν
3525 2100 3631 2154 ἀπὸ
3664 2098 3772 2152 τῶν

2202 2193 2432 2263 πρώτων
2468 2194 2627 2265 μέχρι
2662 2194 2769 2247 τῶν
2804 2195 3044 2264 ἐσχάτων
3083 2196 3423 2263 συντηρεῖται
3452 2191 3538 2244 διὰ
3578 2189 3774 2251 παντὸς

2201 2286 2261 2338 τὸ
2284 2284 2639 2356 ἀνθρώπινον·
2680 2287 2830 2341 οὐδὲν
2856 2288 2954 2357 τῆς
2988 2287 3198 2356 φύσεως
3227 2284 3350 2337 οὔτε
3381 2284 3486 2338 τῶν
3513 2281 3571 2348 ἐξ
3603 2280 3775 2351 ἀρχῆς

2204 2378 2511 2448 προσόντων
2555 2377 2965 2449 ἀποὸαλλούσης
2990 2418 3005 2441 ,
3052 2376 3175 2431 οὔτε
3204 2375 3312 2430 τῶν
3346 2376 3420 2447 μὴ
3469 2374 3777 2446 προσόντων

2206 2466 2745 2537 προσλαμϐανούσης.
2772 2467 2981 2537 Ὠσπερ
3004 2466 3059 2518 δὲ
3082 2465 3143 2518 τὸ
3175 2465 3271 2535 μὲν
3299 2464 3429 2533 όρᾷν
3451 2460 3627 2514 κοινὸν
3655 2458 3779 2529 ὁμο-

2205 2558 2438 2626 λογεῖται
2460 2558 2560 2628 τῆς
2584 2558 2797 2627 φύσεως
2816 2598 2829 2623 ,
2858 2558 2919 2611 τὸ
2944 2557 3001 2611 δὲ
3028 2556 3287 2626 τεχνικῶς
3330 2556 3463 2625 όρᾷν
3495 2554 3555 2617 ἐξ
3586 2554 3776 2622 ἐπιτη-

2202 2650 2435 2713 δεύσεως
2455 2653 2565 2714 τοῖς
2585 2648 2940 2703 ἐσπουδακόσι
2964 2650 3091 2719 περὶ
3103 2648 3201 2711 τὰς
3228 2647 3537 2715 ἐπιστήμας
3554 2644 3781 2715 προσγί-

2204 2760 2370 2795 νεται.
2400 2744 2473 2795 Οὐ
2496 2742 2602 2812 γὰρ
2629 2741 2845 2795 πάντων
2888 2742 3033 2793 ἐστὶν
3063 2742 3095 2810 ἡ
3127 2739 3214 2792 διὰ
3246 2741 3344 2809 τῆς
3376 2738 3632 2807 διόπτρας
3662 2738 3781 2788 ἐπι-

2208 2835 2503 2905 στημονικὴ
2538 2835 2883 2905 κατανόησις,
2908 2834 2940 2905 ἢ
2965 2832 3074 2884 τῶν
3096 2829 3484 2902 γεωμετρικῶν
3506 2828 3780 2899 γραμμῶν

2205 2931 2237 2999 ἡ
2268 2928 2623 2997 ἀποδεικτικὴ
2649 2927 2870 2997 θεωρία,
2893 2926 2924 2996 ἢ
2950 2926 3002 2978 εἴ
3042 2942 3093 2977 τι
3120 2923 3329 2989 τοιοῦτο
3358 2923 3565 2994 ἕτερον,
3592 2924 3682 2990 ἀφ’
3706 2917 3781 2975 ὧν

2206 3021 2265 3073 ού
2294 3020 2354 3072 τὸ
2386 3020 2620 3089 βλέπειν,
2647 3018 2781 3071 ἀλλὰ
2810 3017 2870 3070 τὸ
2898 3018 3033 3088 πρός
3055 3034 3106 3069 τι
3130 3016 3427 3087 κεχρῆσθαι
3460 3015 3537 3085 τῷ
3565 3015 3781 3084 βλέπειν

2208 3111 2359 3181 παρὰ
2386 3111 2486 3181 τῆς
2516 3110 2711 3181 τέχνης
2762 3108 3097 3180 ἐφεύρηται·
3135 3108 3277 3161 οὕτω
3322 3108 3415 3160 καὶ
3458 3107 3518 3159 τὸ
3566 3106 3782 3175 λογικὸν

2210 3201 2307 3270 μὲν
2332 3197 2490 3260 εἶναι,
2517 3200 2692 3253 κοινὸν
2725 3199 2789 3253 ἄν
2819 3218 2900 3264 τις
2926 3200 3072 3253 εἴποι
3097 3199 3195 3270 τῆς
3219 3197 3561 3268 ἀνθρωπίνης
3594 3196 3781 3260 οὐσίας

2200 3294 2293 3347 καὶ
2328 3293 2459 3347 ἴδιον
2490 3292 2700 3347 ἄνωθεν
2732 3290 3276 3360 συγκατουσιωμένον
3309 3292 3374 3360 τῇ
3410 3288 3587 3357 φύσει.
3626 3289 3698 3341 Τὸ
3726 3288 3783 3341 δὲ

2196 3388 2305 3449 τοῖς
2327 3381 2445 3438 οὖσι
2478 3385 2814 3455 σημαντικὰς
2832 3384 3011 3453 φωνάς
3027 3384 3369 3454 ἐφευρίσκειν
3396 3385 3487 3435 καὶ
3510 3400 3781 3453 προσηγο-

2200 3476 2317 3548 ρίας
2351 3475 2459 3527 τῶν
2499 3474 2799 3544 ἀνθρώπων
2837 3470 2977 3526 εἶναι
3017 3473 3123 3526 τῶν
3161 3472 3259 3543 τὴν
3292 3472 3516 3541 λογικὴν
3553 3472 3780 3542 δύναμιν

2198 3566 2383 3619 θεόθεν
2426 3567 2483 3618 ἐν
2524 3567 2737 3632 ἑαυτοῖς
2784 3564 3155 3634 κεκτημένων,
3205 3563 3312 3615 τῶν
3355 3565 3461 3626 ἀεὶ,
3511 3565 3653 3618 κατὰ
3724 3564 3784 3616 τὸ

2196 3659 2449 3728 ἀρέσκον,
2479 3658 2660 3720 αὐτοῖς
2685 3656 2819 3727 πρὸς
2845 3657 2943 3727 τὴν
2968 3655 3077 3707 τῶν
3108 3654 3453 3726 δηλουμένων
3486 3656 3784 3726 σαφήνειαν

2196 3750 2369 3817 λέξεις
2394 3753 2543 3813 τινὰς
2568 3750 2675 3803 τῶν
2700 3749 3041 3821 πραγμάτων
3065 3747 3405 3819 ἐμφαντικὰς
3431 3747 3784 3819 ἐφευρισκόν-

2197 3861 2326 3898 των.
2365 3843 2505 3895 ’Λλλ’
2540 3842 2634 3896 ἐὰν
2664 3843 2836 3896 ταῦτα
2871 3847 3048 3915 κρατῇ
3069 3885 3082 3907 ,
3112 3842 3257 3895 δυοῖν
3281 3857 3412 3911 φησι
3446 3841 3788 3893 κατασκευά-

2198 3932 2384 3996 ζεσθαι
2408 3928 2704 4003 θάτερον,ἢ
2733 3931 2839 3985 τῶν
2864 3932 3220 3985 ἐπινοούντων
3242 3930 3339 4001 τὴν
3368 3928 3611 3981 ἐπίνοιαν
3649 3942 3785 3996 πρε-

2200 4023 2463 4096 σϐυτέραν
2488 4024 2520 4095 ἢ
2541 4023 2642 4086 τὰς
2655 4023 2732 4095 τῷ
2751 4024 2867 4096 Θεῷ
2882 4024 3022 4077 κατὰ
3042 4024 3201 4094 φύσιν
3217 4021 3595 4093 προσηκούσας
3614 4036 3788 4090 προσ-

2198 4118 2424 4190 ηγορίας
2448 4117 2543 4172 καὶ
2573 4118 2789 4170 πάντων
2820 4115 3276 4189 προϋπαρχούσας
3294 4156 3308 4181 ,
3335 4118 3436 4187 τῆς
3458 4114 3565 4167 τῶν
3587 4112 3790 4183 ἀνθρώ-

2199 4227 2316 4263 πων
2345 4210 2612 4276 γενέσεως
2636 4206 2887 4278 ὑστέρας.
2923 4208 2987 4259 'A
2999 4224 3065 4279 ρα
3092 4224 3155 4275 γε
3174 4206 3312 4275 πρὸς
3336 4205 3403 4257 τὰ
3424 4202 3648 4258 τοιαῦτα
3675 4203 3791 4255 δια-

2203 4299 2467 4371 μάχεσθαι
2492 4298 2619 4371 χρὴ,
2644 4300 2737 4352 καὶ
2764 4299 2897 4368 πρὸς
2919 4298 3016 4369 τὴν
3044 4296 3217 4361 οὕτως
3242 4295 3463 4367 ἔκδηλον
3486 4296 3672 4349 ἄνοιαν
3702 4293 3791 4346 διὰ

2198 4389 2290 4444 τοῦ
2312 4390 2466 4459 λόγου
2487 4390 2911 4460 συμπλέκεσθαι.
2935 4390 3044 4443 Καὶ
3070 4391 3153 4453 τίς
3170 4389 3338 4452 οὕτως
3363 4386 3583 4458 εὐτελὴς
3601 4388 3677 4449 ὡς
3700 4384 3792 4439 διὰ

2204 4482 2312 4535 τῶν
2340 4483 2595 4535 τοιούτων
2627 4482 2888 4553 βλαϐῆναι
2927 4483 3022 4535 καὶ
3056 4482 3310 4553 νομίσαι,
3345 4482 3395 4533 εἰ
3436 4479 3532 4547 τῆς
3562 4478 3792 4545 λογικῆς

2134 4577 2182 4634 D
2208 4574 2487 4644 δυνάμεως
2515 4570 2653 4627 εἶναι
2686 4575 2997 4646 πιστευθείη
3029 4575 3098 4628 τὰ
3128 4576 3367 4645 ῥήματα,
3401 4572 3495 4627 καὶ
3522 4571 3794 4642 πρεσϐευ-

2210 4667 2375 4734 τέρας
2396 4666 2505 4719 τῶν
2538 4666 2837 4721 λαλούντων
2864 4667 3143 4737 ὁμολογεῖν
3182 4663 3318 4718 εἶναι
3342 4665 3441 4729 τὰς
3474 4664 3583 4716 τῶν
3611 4663 3793 4735 ῥημά-

2211 4777 2320 4811 των
2351 4759 2551 4828 φωνὰς,
2577 4760 2610 4830 ἢ
2646 4759 2987 4829 πλημμελεῖν
3029 4762 3107 4823 εἰς
3133 4759 3194 4812 τὸ
3223 4757 3374 4811 Θεῖον
3405 4757 3611 4810 οἴεσθαι
3630 4797 3644 4819 ,
3680 4756 3793 4809 τῶν

2213 4848 2533 4919 ἀνθρώπων,
2567 4848 2747 4913 καθὼς
2781 4848 3015 4919 χωροῦσι
3043 4848 3181 4918 μετὰ
3218 4848 3277 4901 τὸ
3298 4849 3549 4917 γενέσθαι
3581 4846 3791 4916 ἄνθρω-

2214 4959 2327 5005 ποι,
2374 4941 2433 4994 τὸ
2464 4941 2616 4994 Θεῖον
2646 4940 3017 5011 ὀνομαζόντων
3041 4957 3055 5005 ;
3083 4940 3154 4991 Τὸ
3189 4939 3297 5009 γὰρ
3343 4938 3419 5009 μὴ
3458 4936 3663 4990 δεῖσθαι
3694 4935 3793 5007 τὴν

2213 5034 2584 5105 ὑπερέχουσαν
2617 5033 2776 5102 φύσιν
2808 5033 3065 5104 ῥημάτων
3088 5031 3177 5084 διὰ
3208 5032 3390 5099 φωνῆς
3428 5030 3523 5082 καὶ
3549 5027 3793 5098 γλώττης

2212 5128 2615 5196 ἐκπτυομένων,
2646 5127 2745 5197 ἤδη
2785 5142 2842 5177 τε
2873 5126 3116 5196 εἴρηται,
3168 5124 3264 5176 καὶ
3306 5122 3555 5193 περιττὸν
3590 5121 3656 5174 ἂν
3704 5122 3793 5191 εἴη

2211 5214 2300 5269 διὰ
2332 5214 2441 5267 τῶν
2490 5214 2665 5267 αὐτῶν
2708 5214 2861 5284 ὄχλον
2908 5214 3175 5266 ἐντιθέναι
3229 5213 3308 5283 τῷ
3349 5214 3515 5284 λόγῳ.
3563 5214 3634 5265 Τὸ
3686 5212 3793 5283 γὰρ

2212 5306 2505 5375 ἀπροσδεὲς
2536 5308 2601 5375 τῇ
2646 5303 2803 5374 φύσει
2832 5305 2927 5357 καὶ
2954 5304 3158 5357 τέλειον
3194 5305 3285 5356 καὶ
3317 5303 3623 5375 ἀπέριττον,
3666 5301 3794 5354 οὒτε

2210 5412 2264 5447 τι
2289 5393 2398 5446 τῶν
2430 5394 2654 5447 δεόντων
2682 5396 2781 5447 οὑκ
2803 5394 2936 5464 ἔχει,
2960 5393 3082 5446 οὔτε
3107 5393 3215 5446 τῶν
3240 5393 3313 5464 μὴ
3334 5393 3554 5445 δεόντων
3581 5410 3629 5443 τι
3660 5392 3794 5461 ἔχει.

2229 5486 2380 5538 Ἐπεὶ
2410 5482 2501 5539 οὖν
2532 5487 2591 5539 τὸ
2628 5486 2700 5558 μὴ
2729 5485 2836 5539 δεῖν
2860 5485 3007 5556 αύτῷ
3032 5486 3128 5556 τῆς
3157 5485 3515 5556 ὁνομαστικῆς
3548 5484 3793 5553 κλήσεως

2218 5580 2281 5632 ὲκ
2309 5580 2415 5631 τῶν
2450 5578 2768 5648 φθασάντων
2811 5577 3181 5631 ἀποδέδεικται
3221 5576 3415 5643 λόγων,
3463 5577 3555 5628 καὶ
3593 5575 3657 5627 ὲκ
3696 5574 3798 5643 τῆς

2218 5673 2402 5743 κοινῆς
2428 5672 2536 5727 τῶν
2558 5671 2679 5725 νοῦν
2706 5669 2937 5741 ἐχόντων
2965 5669 3411 5739 συγκαταθέσεως
3435 5666 3793 5738 ὁμολογεῖται,
