4146 6386
374 340 511 397 1097

1419 341 1695 399 CONTRA
1736 338 2129 406 EUNOMIUM,
2164 338 2290 406 LIB.
2322 337 2441 396 XII.

3504 329 3642 388 1098

370 458 544 521 οὐδεὶς
586 458 651 511 ἂν
702 456 944 511 ἀντείποι
986 459 1085 529 τῆς
1133 461 1368 533 ἐσχάτης
1409 464 1665 526 ἀσεϐείας
1712 456 1850 514 εἶναι
1897 459 1951 512 τὸ

2058 472 2124 511 ex
2170 457 2448 514 communi
2492 455 2823 528 sapientium
2868 469 3141 511 consensu
3189 461 3245 508 et
3292 450 3643 507 eonﬁassime

371 554 815 623 προσμαρτυρεῖν
845 551 924 621 τῷ
956 551 1075 622 Θεῷ
1100 552 1169 606 τὰ
1199 554 1272 625 μὴ
1300 555 1508 610 δέοντα.

454 814 593 867 Ἀλλ’
619 815 770 869 οὐδὲν
802 812 954 887 οἶμαι
977 818 1186 883 τούτοις
1206 821 1403 892 χρῆναι
1434 823 1528 876 καὶ
1552 827 1664 886 τοῖς
1694 824 1953 888 τοιούτοις

371 908 742 978 ἐνδιατρίϐειν·
775 910 896 962 οὐδὲ
918 911 987 964 τὰ.
1012 911 1247 983 καθεξῆς
1274 914 1540 984 εἰρημένα
1566 915 1633 967 δι’
1667 916 1953 987 ἀκριϐείας

372 998 632 1068 ἐλέγχειν.
700 999 920 1063 Ἰκανῶς
968 1001 1076 1072 γὰρ
1130 1005 1243 1066 τοῖς
1287 1005 1801 1076 ὲπιστατικωτέροις
1852 1008 1950 1059 αύ-

370 1089 462 1145 τὸς
490 1091 518 1141 6
545 1090 798 1161 ἀντιδίκῳ
832 1091 1085 1163 πονηθεὶς
1127 1093 1316 1161 λόγος,
1370 1096 1670 1169 συνήγορος
1701 1097 1812 1150 τῶν
1850 1099 1951 1168 τῆς

372 1179 651 1246 εὐσεϐείας
695 1183 979 1252 δογμάτων
1020 1186 1450 1258 ἀναφανήσεται.
1509 1190 1650 1260 Φησὶ
1706 1190 1816 1263 γὰρ
1852 1190 1951 1262 τὴν

372 1269 559 1324 οὐσίαν
594 1271 764 1343 αὐτὴν
802 1273 1109 1344 ἀφθαρσίαν
1136 1272 1273 1330 εἶναι
1303 1278 1396 1331 καὶ
1423 1278 1742 1344 ἀθανασίαν,
1766 1280 1950 1335 ὡσαύ-

370 1379 498 1425 τως.
539 1362 678 1432 Ἐγὼ
702 1364 780 1426 δὲ,
810 1364 866 1418 εί
909 1383 969 1420 τε
1008 1367 1266 1437 πρόσεστι
1306 1369 1479 1424 ταῦτα
1523 1374 1588 1442 τῇ
1620 1372 1741 1444 θείᾳ
1765 1373 1947 1442 φύσει,

370 1452 425 1507 εί
442 1471 500 1507 τε
527 1454 663 1508 αὐτὰ
682 1455 853 1511 ταῦτα
884 1457 1022 1511 κατά
1052 1460 1111 1512 τὺ
1129 1462 1527 1534 σημαινόμενον
1546 1465 1578 1535 ή
1603 1465 1759 1517 οὐσία
1778 1466 1947 1530 ἐστὶν,

368 1546 521 1599 οὐδὲν
552 1542 704 1617 οἶμαι
727 1552 921 1620 χρῆναι
946 1550 1082 1621 πρὸς
1106 1552 1266 1606 αὐτὸν
1292 1554 1653 1625 διαμάχεσθαι
1676 1574 1689 1587 ο
1707 1558 1735 1611 ὅ
1773 1576 1825 1612 τι
1840 1558 1949 1629 γὰρ

370 1637 436 1691 ἂν
456 1639 653 1709 νικήσῃ
691 1638 799 1693 τῶν
838 1641 1164 1711 εἰρημένων,
1191 1643 1283 1695 τὸν
1315 1644 1581 1717 ἡμέτερον
1609 1647 1825 1711 πάντως
1856 1667 1949 1701 συ-

370 1731 555 1802 στήσει
605 1731 782 1802 λόγον.
834 1733 897 1787 Εί
933 1733 1032 1803 μὲν
1054 1734 1162 1805 γὰρ
1192 1736 1420 1807 προσείη
1453 1740 1520 1809 τῇ
1572 1739 1730 1812 οὐσίᾳ
1776 1741 1837 1794 τὸ
1874 1742 1946 1813 μή

369 1822 705 1895 φθείρεσθαι,
746 1825 1045 1897 προσέσται
1085 1827 1221 1899 αὐτῇ
1280 1830 1497 1893 πάντως
1527 1831 1709 1885 καὶτὸ
1758 1832 1831 1903 μὴ
1861 1833 1949 1887 διὰ

367 1916 673 1985 γεννήσεως
703 1912 860 1971 εἶναι.
914 1919 1018 1971 Καὶ
1055 1918 1226 1985 οὕτως
1251 1920 1279 1972 6
1310 1920 1408 1991 τῆς
1438 1922 1762 1992 ἀγεννησίας
1793 1924 1949 1993 λόγος

368 2006 473 2073 ἔξω
509 2008 608 2078 τῆς
638 2008 780 2061 κατὰ
799 2009 899 2078 τὴν
920 2009 1106 2062 οὐσίαν
1135 2009 1410 2081 σημασίας
1446 2012 1852 2083 ἀπωσθήσεται.
1885 2016 1948 2067 El

366 2098 443 2160 δὲ,
480 2098 560 2150 ὅτι
589 2100 650 2151 ού
682 2099 962 2171 φθείρεται
1000 2103 1028 2154 6
1056 2101 1207 2165 Θεὸς,
1236 2103 1545 2174 ἀφθαρσίαν
1574 2123 1658 2169 τις
1685 2106 1831 2174 λέγει
1850 2108 1949 2179 τὴν

368 2189 556 2243 οὐσίαν
610 2186 772 2255 εἶναι,
828 2191 923 2244 καὶ
980 2191 1062 2244 ὅτι
1123 2192 1355 2247 θανάτου
1393 2195 1655 2267 κρείττων
1696 2197 1833 2260 ἐστὶ,
1862 2192 1951 2251 διὰ

368 2280 523 2334 τοῦτο
571 2282 742 2352 αὐτὴν
794 2282 893 2353 τὴν
946 2284 1110 2352 φύσιν
1167 2284 1464 2339 ἀθανασίαν
1517 2282 1946 2359 εἷναιόρίζοιτο·

368 2371 642 2442 ἄφθαρτος
664 2373 721 2426 δὲ
771 2375 799 2427 6
836 2374 963 2437 Υἱὸς
1004 2376 1101 2428 καὶ
1127 2376 1413 2441 ἀθάνατος,
1447 2376 1726 2448 ἀφθαρσία
1763 2381 1829 2435 ἂν
1863 2381 1949 2451 εἴη

368 2466 465 2517 καὶ
521 2464 789 2519 ἀθανασία
836 2465 930 2519 καὶ
973 2467 1068 2520 τοῦ
1115 2469 1454 2537 Μονογενοῦς
1494 2473 1528 2543 ή
1560 2472 1733 2525 ούσία.
1766 2473 1829 2526 Ei
1859 2469 1951 2528 οὖν

2056 550 2468 618 comprobatur,
2524 549 2712 603 nullus
2752 545 3170 607 contradixerit,
3226 553 3485 599 extremae
3536 541 3635 595 im-

2057 640 2276 709 pietatis
2321 654 2447 695 esse
2506 638 2617 695 Deo
2674 637 2977 694 attribuere
3035 651 3101 692 ea
3149 649 3272 705 quae
3333 649 3441 689 non
3500 646 3638 686 con-

2055 730 2302 785 veniunt.

2129 819 2238 876 Sed
2284 821 2339 877 in
2389 820 2475 875 bis
2504 835 2711 875 moram
2746 817 2927 875 facere
2972 825 3027 873 et
3058 823 3275 887 tempus
3317 825 3495 871 terere
3524 828 3635 870 non

2051 921 2307 984 oportere
2337 912 2599 977 arbitror,
2656 926 2835 982 neque
2862 908 3122 978 deinceps
3153 924 3275 979 quae
3319 917 3449 962 sunt
3479 904 3630 959 dicta

2055 1006 2329 1061 subtiliter
2370 1004 2738 1076 redarguere:
2792 1001 3010 1057 abunde
3054 1000 3200 1057 enim
3247 996 3634 1054 attentioribus

2052 1114 2233 1154 sermo
2271 1097 2341 1153 ab
2365 1096 2682 1152 adversario
2714 1094 3032 1151 elaboratus
3057 1091 3405 1148 decretorum
3440 1088 3635 1159 impie-

2050 1189 2180 1246 tatis
2227 1197 2492 1260 patronus
2526 1203 2650 1243 esse
2701 1184 3171 1242 manifestabitur.
3220 1182 3437 1237 Asserit
3486 1179 3633 1235 enim

2051 1282 2225 1351 ipsam
2265 1280 2559 1336 essentiam
2612 1277 3189 1348 incorruptibilitatem
3244 1289 3368 1330 esse
3415 1279 3471 1327 et
3526 1271 3633 1325 im-

2051 1373 2439 1428 mortalitatem
2473 1372 2745 1428 similiter.
2794 1368 2908 1440 Ego
2954 1383 3104 1433 vero,
3141 1368 3258 1423 sive
3289 1368 3402 1420 haec
3436 1361 3635 1418 divina:

2050 1471 2261 1517 natura:
2289 1462 2502 1529 insunt,
2554 1462 2671 1517 sive
2700 1461 2815 1516 haec
2853 1461 2971 1531 ipsa
3021 1460 3323 1515 secumlum
3356 1455 3635 1525 signiﬁca-

2050 1566 2163 1608 tum
2193 1563 2324 1610 sunt
2367 1555 2600 1624 ipsamet
2631 1552 2872 1609 essentia
2898 1590 2914 1615 ,
2947 1550 3083 1605 nihil
3114 1549 3350 1606 arbitror
3382 1552 3635 1615 oportere

2048 1662 2173 1701 cum
2229 1648 2350 1718 ipso
2397 1661 2677 1718 pugnare:
2735 1645 3108 1715 quodcunque
3165 1641 3311 1697 enim
3361 1640 3634 1694 dictorum

2049 1739 2266 1802 vicerit,
2309 1746 2560 1794 nostrum
2615 1736 2843 1790 omnino
2895 1748 3203 1789 sermonem
3263 1727 3632 1785 conﬁrmabit.

1983 1803 2024 1858 Β
2053 1830 2109 1885 Si
2161 1831 2308 1886 enim
2347 1829 2600 1885 essentia}
2645 1826 2908 1893 adfuerit,
2962 1841 3072 1881 non
3121 1838 3284 1895 posse
3331 1820 3631 1889 corrumpi,

2050 1923 2152 1993 ipsi
2192 1922 2385 1994 procul
2410 1921 2577 1977 dubio
2611 1921 2810 1985 aderit,
2856 1926 2911 1975 et
2956 1934 3063 1973 non
3095 1933 3192 1986 per
3222 1915 3632 1986 generationem

2048 2032 2192 2073 esse.
2233 2016 2296 2070 Et
2326 2016 2407 2072 sic
2434 2012 2759 2085 ἀγεννησίας
2782 2026 2964 2068 sermo
2997 2017 3150 2065 extra
3184 2007 3630 2078 signiﬁcantiam.

2049 2126 2172 2180 quae
2198 2116 2283 2165 est
2330 2107 2635 2164 secundum
2679 2105 2998 2165 essentiam,
3044 2101 3443 2177 repudiabitur.
3474 2096 3631 2165 Quod

2050 2202 2117 2264 si,
2151 2202 2408 2272 quoniam
2455 2214 2564 2254 non
2589 2198 2960 2267 corrumpitur
2987 2193 3153 2258 Deus,
3201 2188 3633 2261 incorruptibilis

2049 2301 2215 2349 tatem
2246 2293 2373 2364 quis
2400 2291 2537 2346 dicit
2562 2290 2859 2347 essentiam
2890 2304 3037 2353 esse,
3076 2298 3130 2343 et
3162 2287 3291 2357 quia
3320 2294 3497 2339 morte
3532 2297 3635 2352 po-

2044 2386 2248 2441 tentior
2278 2392 2398 2448 est,
2426 2383 2637 2439 idcirco
2663 2383 2836 2453 ipsam
2873 2389 3126 2435 naturam
3168 2376 3631 2433 immortalitatem

2048 2492 2173 2532 esse
2222 2476 2485 2531 deﬁniat:
2542 2473 2975 2543 incorruptibilis
3024 2479 3206 2527 autem
3254 2478 3341 2526 est
3366 2466 3539 2523 Filius
3578 2476 3637 2522 et

367 2554 645 2627 ἁφθαρσία
670 2557 770 2628 μὲν
807 2558 834 2610 6
878 2558 1087 2630 Πατὴρ,
1132 2560 1411 2631 ἀφθαρσία
1442 2562 1499 2615 δὲ
1544 2563 1573 2615 6
1619 2562 1768 2627 Υἱὸς,
1795 2565 1951 2619 οὐσία

2052 2566 2403 2631 immortalis,
2435 2566 2604 2637 igitur
2637 2564 3129 2634 incorruptibilitas
3164 2570 3218 2618 et
3247 2558 3634 2616 immortalitas

365 2648 423 2701 δὲ
447 2648 651 2702 τούτων
689 2650 969 2723 ἑκάτερον,
994 2652 1217 2723 οὐδεμία
1245 2653 1301 2706 δὲ
1329 2655 1468 2708 κατά
1487 2655 1585 2727 τήν
1615 2657 1716 2726 τῆς
1744 2657 1951 2730 ἀφθαρ-

2052 2658 2219 2713 fuerit
2249 2656 2527 2730 Unigeniti
2566 2659 2827 2713 essentia.
2864 2657 2920 2712 Si
2950 2656 3115 2728 igitur
3141 2651 3633 2722 incorruptibilitas

370 2740 493 2803 σίας
534 2740 741 2795 ἔννοιαν
783 2743 1075 2797 ἐπινοεῖται
1098 2745 1350 2816 διαφορὰ,
1394 2748 1514 2801 κατ’
1547 2747 1699 2801 οὐδὲν
1734 2748 1951 2811 πάντως

2050 2748 2270 2821 quidem
2300 2747 2485 2816 Pater,
2521 2748 3015 2819 incorruptibilitas
3045 2759 3174 2801 vero
3204 2741 3399 2807 Filius,
3440 2755 3634 2796 essen-

367 2837 401 2905 ή
431 2833 587 2888 οὐσία
626 2835 723 2905 τῆς
768 2836 956 2900 οὐσίας
992 2838 1415 2911 διενεχθήσεται,
1456 2840 1615 2910 εἰπερ
1642 2840 1837 2911 ἐπίσης
1864 2840 1951 2894 ἐπ’

2052 2842 2127 2897 tia
2175 2850 2354 2897 autem
2391 2841 2588 2897 horum
2642 2850 2954 2910 utrumque.
3003 2838 3155 2893 nulla
3208 2842 3390 2889 autem
3436 2847 3635 2887 secun-

367 2925 693 2997 ἀμφοτέρων
716 2928 750 2997 ἠ
780 2926 941 2996 φύσις
957 2929 1335 3002 ἠλλοτρίωται.
1380 2930 1499 2984 Κᾶν
1524 2930 1594 2984 τά
1613 2929 1753 2985 αὐτὰ
1790 2930 1951 2984 πάλιν

2051 2933 2181 2989 dum
2219 2932 2758 3003 incorruptibilitatis
2803 2932 3079 2986 notionem
3117 2925 3436 2996 intelligitur
3463 2922 3635 2978 diﬁc-

369 3019 835 3090 ἐπαναλαμϐἀνων
861 3024 981 3086 ταῖς
1016 3023 1280 3092 ἀφύκτοις
1306 3026 1473 3095 ἡμᾶς,
1505 3024 1580 3089 ὡς
1616 3028 1811 3089 οἴεται,
1844 3026 1951 3078 τῶν

2052 3022 2250 3089 rentia,
2278 3023 2427 3077 nulla
2461 3023 2517 3077 in
2550 3037 2607 3077 re
2633 3038 2863 3093 prorsus
2887 3019 3126 3076 essentia
3160 3018 3227 3073 ab
3254 3015 3495 3073 essentia
3523 3014 3631 3069 dif-

367 3110 723 3207 διλημμάτων
749 3114 1015 3184 ἀνάγκαις
1041 3116 1272 3187 καταδῇ,
1295 3116 1501 3184 λέγων·
1533 3120 1603 3172 El
1624 3117 1742 3188 μὲν
1772 3117 1951 3186 διορι-

2057 3112 2182 3179 fert,
2213 3112 2485 3183 siquidem
2518 3127 2585 3168 ex
2620 3128 2777 3182 aequo
2805 3112 2860 3165 in
2892 3110 3142 3179 utrisque
3168 3114 3363 3161 natura
3393 3103 3631 3160 alienata

369 3201 521 3263 ζοιτο
549 3207 686 3275 παρ’
715 3205 883 3275 ἡμῶν
928 3206 996 3260 τὸ
1036 3208 1270 3277 προσόν
1299 3208 1404 3263 τοῦ
1434 3208 1628 3275 ὄντος,
1655 3210 1953 3265 σύνθετον

369 3297 437 3350 τὸ
462 3298 637 3354 θεῖσινρ
654 3299 1192 3361 κατασκευάζεσθαι
1208 3319 1223 3333 ·
1246 3304 1299 3355 εὶ
1325 3301 1394 3356 δὲ
1432 3302 1470 3369 ἡ
1494 3302 1782 3369 ἁπλότης,
1819 3307 1955 3373 ὀμο-

368 3386 537 3458 λογεῖ
566 3389 631 3443 τὸ
654 3389 764 3458 τῆς
795 3390 1011 3456 οὐσίας
1035 3391 1419 3461 σημαντικὴν
1443 3389 1559 3459 τὴν
1588 3390 1951 3460 ἀφθαρσίαν,

372 3479 471 3533 καὶ
493 3478 609 3548 τὴν
627 3481 997 3551 ἀγεννησίαν
1022 3482 1260 3549 πάντως
1292 3481 1809 3551 ἀναφανήσεσθαι.
1838 3484 1953 3537 Πά-

370 3571 453 3624 λιν
475 3573 636 3626 αύτὸν
652 3572 939 3645 σύμμαχον
962 3573 1071 3626 τῶν
1088 3575 1119 3645 ή
1128 3574 1255 3645 μετέ
1261 3592 1370 3646 ρων
1390 3573 1742 3647 ἀποδείξομεν
1758 3575 1951 3646 λόγων.

374 3665 437 3717 Ei
465 3663 573 3735 γάρ
626 3665 803 3734 πάντη
848 3664 1099 3720 σύνθετον
1145 3669 1290 3719 ποιεῖ
1331 3665 1431 3738 τὴν
1464 3664 1612 3720 θείαν
1640 3666 1846 3731 οὐσίαν,
1875 3666 1954 3737 τῷ

371 3759 650 3826 προσεῖναί
668 3774 718 3810 τι
743 3756 922 3825 λέγειν
945 3759 1102 3829 αὐτῇ,
1130 3757 1251 3811 οὐδὲ
1279 3756 1375 3829 τὴν
1397 3758 1710 3829 πατρὸτητα
1736 3758 1953 3823 πάντως

371 3847 528 3911 ἐκτὸς
559 3848 658 3918 τῆς
685 3848 874 3912 οὐσίας
910 3848 1328 3919 ἀποποιήσεται,
1370 3850 1505 3904 ἀλλά
1538 3851 1694 3921 φύσει
1733 3852 1953 3923 Πατέρα

369 3937 693 4008 ὁμολογήσει
720 3937 795 4001 ὡς
822 3938 1095 4010 ἄφθαρτον
1123 3956 1184 3991 τε
1232 3940 1323 3993 καὶ
1356 3938 1622 3995 ἀθάνατον
1648 3958 1662 3972 ·
1698 3944 1793 3996 καὶ
1812 3941 1954 3996 οὕτω

376 4033 450 4100 μὴ
485 4027 823 4098 βουλόμενος,
863 4030 943 4092 είς
986 4028 1084 4101 τὴν
1139 4030 1238 4100 τῆς
1267 4029 1483 4098 φύσεως
1523 4032 1832 4101 οἰκείότητα
1862 4032 1952 4085 τὸν

373 4120 498 4174 Υίὸν
521 4119 875 4184 καταδέξεται
898 4138 911 4152 ·
940 4121 1001 4174 ού
1017 4122 1127 4190 γὰρ
1149 4120 1301 4173 ἔσται
1323 4121 1542 4175 δυνατὸν
1568 4122 1773 4175 ἐκείνου
1794 4123 1951 4192 φύσει

374 4210 588 4279 Πατρδς
617 4209 789 4273 ὄντος,
852 4210 950 4280 τῆς
983 4211 1221 4280 φυσικῆς
1253 4212 1387 4283 πρὸς
1414 4211 1577 4264 αὐτὸν
1601 4212 1835 4282 σχέσεως
1860 4213 1952 4265 τὸν

374 4300 501 4354 Υίδν
526 4300 895 4373 ἀφορίζεσθαι.
944 4303 1007 4355 Ei
1054 4301 1110 4355 δὲ
1157 4301 1261 4366 ἔξω
1292 4302 1391 4371 τῆς
1426 4302 1640 4371 φύσεως
1673 4305 1951 4374 προσεῖναι

371 4391 516 4461 λέγει
536 4393 614 4461 τῷ
634 4393 828 4464 Πατρὶ,
856 4392 930 4456 ὡς
951 4390 1213 4463 οὗδὲντῆς
1234 4394 1532 4465 ἁπλότητος
1561 4394 1948 4468 ἀθετουμένης,

2052 3215 2157 3265 est.
2186 3206 2302 3263 Etsi
2345 3207 2536 3262 eadem
2569 3221 2763 3261 rursus
2790 3218 3077 3260 resumens
3111 3201 3544 3265 inevitabilibus,
3572 3206 3633 3254 ut

2054 3307 2237 3371 putat.
2272 3299 2647 3355 dilemmatum
2696 3295 3114 3353 necessitatibus
3165 3294 3366 3360 irretit,
3401 3295 3628 3351 dicens:

2052 3393 2115 3447 Si
2137 3392 2521 3447 discernentur
2549 3409 2583 3445 a
2616 3390 2767 3446 nobis
2801 3390 2943 3463 quod
2975 3391 3111 3445 inest
3158 3388 3223 3442 ab
3250 3397 3386 3452 ante,
3419 3399 3631 3457 compo-

2052 3483 2214 3537 situm
2238 3483 2450 3537 Numen
2473 3480 2533 3535 id
2574 3491 2712 3537 esset
2756 3493 3027 3543 astruere;
3068 3479 3207 3552 quod
3236 3479 3284 3534 si
3314 3480 3633 3549 simplicitas

2051 3581 2149 3638 est,
2202 3573 2444 3626 essentia
2493 3572 2909 3643 signiﬁcativam
2968 3571 3526 3641 incorruptibilitatem
3582 3580 3632 3625 et

2053 3664 2377 3736 ἀγεννησίαν
2403 3680 2624 3735 prorsus
2663 3664 3002 3731 manifestam
3032 3664 3168 3731 fore.
3202 3661 3416 3719 Rursus
3452 3665 3631 3734 ipsum

2051 3764 2367 3812 nostrorum
2384 3771 2699 3812 sermonum
2713 3756 3091 3810 auxiliatorem
3108 3754 3629 3809 demonstrabimus.

2054 3847 2113 3902 Si
2139 3848 2285 3903 enim
2309 3848 2535 3902 omnino
2576 3846 2818 3901 divinam
2844 3847 3145 3903 essentiam
3193 3845 3329 3900 facit
3354 3846 3633 3915 composi-

2051 3946 2186 4002 tam,
2214 3940 2342 4010 quia
2372 3939 2522 3993 dicat
2554 3937 2659 4009 ipsi
2699 3937 2881 3993 inesse
2910 3938 3143 4008 aliquid,
3177 3952 3358 4006 neque
3391 3935 3631 4005 paterni-

2052 4038 2218 4086 tatem
2260 4030 2477 4101 penitus
2508 4037 2668 4085 extra
2704 4029 3001 4085 essentiam
3032 4028 3264 4097 rejiciet,
3302 4028 3397 4084 sed
3434 4034 3631 4080 natura

2051 4120 2270 4177 Patrem
2295 4122 2671 4187 confitebitur,
2708 4130 2769 4176 ut
2802 4120 3277 4191 incorruptibilem
3321 4127 3376 4174 et
3408 4120 3632 4171 immor-

2049 4214 2239 4269 talem.
2272 4214 2337 4270 Et
2362 4216 2444 4270 sic
2469 4214 2635 4269 etiam
2667 4215 2871 4270 invitus
2904 4211 3102 4268 Filium
3143 4214 3210 4267 ad
3242 4219 3449 4266 natura!
3479 4210 3632 4266 simi-

2051 4304 2335 4361 litudinem
2363 4306 2650 4373 admittet;
2683 4322 2809 4360 nam
2838 4305 2953 4360 ﬁeri
2989 4321 3098 4359 non
3140 4306 3364 4375 poterit,
3402 4305 3447 4359 si
3484 4303 3631 4358 illius

2053 4405 2247 4451 natura
2282 4397 2353 4452 sit
2382 4398 2567 4463 Pater,
2614 4407 2672 4451 nt
2704 4411 2735 4450 a
2778 4396 3013 4450 naturali
3048 4412 3172 4451 cum
3216 4396 3335 4466 ipso
3367 4396 3632 4449 relatione

372 4489 421 4539 εί
449 4485 553 4551 ἔξω
568 4486 666 4555 τῆς
695 4484 882 4549 οὐσίας
897 4486 958 4539 τὸ
989 4486 1128 4539 κατὰ
1148 4485 1244 4557 τὴν
1268 4487 1593 4557 ἀγεννησίαν
1612 4489 1948 4559 σημαίνοιτοο

2055 4486 2226 4543 Filius
2246 4495 2551 4559 separetur.
2572 4488 2728 4553 Quod
2747 4488 2793 4542 si
2814 4496 2970 4543 extra
2991 4496 3240 4540 naturam
3265 4485 3413 4539 Patri
3439 4484 3632 4539 adesse

373 4577 421 4629 εἰ
456 4576 513 4628 δὲ
546 4576 717 4645 αὐτῆς
743 4594 873 4646 φησι
895 4576 991 4647 τῆς
1015 4576 1201 4639 οὐσίας
1236 4578 1567 4648 σημαντικὸν
1590 4577 1652 4631 τὸ
1675 4577 1947 4649 ἄφθαρτον

373 4669 551 4723 καὶτὸ
595 4669 913 4739 ἀγέννητον,
943 4670 1038 4722 καὶ
1075 4669 1413 4739 ἰσοδυναμεῖν
1440 4669 1690 4741 ἀλλήλοις
1717 4670 1951 4742 ἑκάτερα

370 4762 481 4817 τῶν
504 4762 785 4833 ὀνομάτων
814 4760 1219 4831 διισχυρίζοιτο,
1254 4760 1329 4824 ὡς
1366 4761 1632 4832 μηδεμίαν
1658 4763 1743 4813 ἐπ’
1772 4762 1951 4815 αὐτῶν

371 4850 513 4910 εἶναι
566 4856 847 4928 διαφορὰν,
904 4853 984 4924 τῷ
1029 4854 1225 4906 ταύτὸν
1264 4855 1544 4925 ἑκατέροις
1587 4854 1862 4922 ἐγκεῖσθαι
1892 4854 1953 4907 τὸ

375 4946 792 5018 σημαινόμενον,
823 4946 920 4999 καὶ
960 4946 1088 5015 μίαν
1119 4944 1265 5013 λέγοι
1301 4945 1395 4998 τοῦ
1430 4945 1705 5017 ἀφθάρτου
1742 4947 1834 4999 καὶ
1859 4944 1950 4998 τοῦ

374 5038 665 5107 ἀγεννήτου
701 5036 801 5107 τὴν
834 5035 1063 5096 ἔννοιαν,
1112 5037 1141 5089 6
1173 5035 1235 5088 τὸ
1273 5034 1330 5088 ἓν
1360 5034 1565 5088 τούτων
1624 5034 1720 5098 ὢν,
1762 5036 1857 5089 καὶ
1893 5035 1954 5089 τὸ

372 5122 555 5193 ἕτερον
586 5124 799 5187 πάντως
815 5122 981 5178 ἐστίν.
1000 5122 1159 5176 Ἀλλά
1191 5123 1297 5194 μήν
1320 5122 1594 5192 ἄφθαρτος
1618 5124 1647 5175 ὁ
1670 5123 1795 5188 Υἱὸς
1814 5119 1952 5178 εἶναι

373 5213 470 5265 καὶ
499 5214 649 5283 παρά
676 5213 881 5267 τούτων
909 5213 1009 5266 οὐκ
1037 5211 1454 5282 ἀμφιϐάλλεται.
1484 5212 1799 5281 Ἀγέννητος
1820 5211 1950 5283 ἄρα,

375 5304 517 5359 κατά
541 5304 633 5358 τὸν
658 5305 752 5359 τοῦ
777 5306 1041 5377 Εὐνομίου
1072 5305 1251 5373 λόγον,
1287 5305 1380 5359 καὶ
1408 5300 1561 5367 οὗτός
1599 5306 1768 5370 ἐστιν,
1796 5304 1954 5376 είπερ

372 5396 537 5449 ταύτὸ
582 5397 835 5467 σημαίνει
881 5400 945 5469 τῇ
1014 5397 1311 5469 ἀγεννησίᾳ
1367 5398 1427 5451 τὸ
1480 5397 1775 5468 ἄφθαρτον,
1812 5397 1953 5450 ὥστε

371 5487 514 5540 δυοῖν
540 5486 787 5559 θάτερον,
813 5490 847 5559 ἢ
864 5489 992 5544 ἄλλο
1019 5508 1071 5543 τι
1100 5490 1359 5562 παράτὴν
1382 5489 1684 5561 ἀφθαρσίαν
1702 5489 1763 5541 τὸ
1796 5490 1956 5558 ἀγέν-

372 5596 532 5649 νητον
586 5579 866 5649 σημαίνειν
925 5579 1270 5651 συνθήσεται,
1310 5582 1343 5653 ἢ
1386 5582 1657 5651 ἐπιμένων
1714 5583 1829 5645 τοῖς
1870 5582 1955 5635 δε-

372 5668 963 5739 δογμένοιςπολλαχῶς
993 5672 1121 5741 περὶ
1154 5673 1245 5725 τὸν
1275 5672 1533 5743 μονογενῆ
1558 5669 1689 5722 Θεὸν
1715 5668 1955 5739 βλασφη-

377 5764 560 5834 μήσει,
589 5762 725 5833 ἦτοι
752 5760 987 5835 φθαρτὸν
1031 5764 1195 5818 αὑτὸν
1242 5764 1410 5820 ποιῶν
1436 5764 1524 5820 ἵνα
1552 5761 1629 5835 μὴ
1660 5761 1952 5834 ἀγέννητον

615 5858 885 5919 Parnm.
926 5857 1044 5919 Gn.
1078 5858 1268 5941 XLV.

2054 4578 2209 4643 dicit,
2240 4579 2369 4649 quia
2398 4580 2453 4633 in
2483 4580 2587 4634 hoc
2613 4579 2936 4649 simplicitas
2963 4578 3086 4648 ejus
3133 4577 3358 4632 minime
3390 4577 3629 4639 laeditur,

2053 4671 2099 4724 si
2151 4680 2304 4725 extra
2356 4672 2652 4726 essentiam
2713 4671 2857 4740 quod
2932 4669 3230 4726 secundum
3305 4666 3631 4736 ἀγεννησίαν

2054 4763 2428 4835 signiﬁcetur;
2477 4763 2626 4834 quod
2676 4764 2721 4819 si
2758 4761 3174 4832 incorruptibile
3214 4768 3270 4813 et
3320 4759 3627 4829 ingenitum

2054 4856 2227 4926 ipsam
2279 4855 2575 4911 essentiam
2624 4854 2953 4925 signiﬁcare,
3011 4860 3066 4908 et
3114 4862 3346 4921 utraque
3404 4850 3628 4905 nomina

2053 4944 2241 4999 eadem
2291 4945 2399 4998 vim
2441 4958 2506 4999 ac
2558 4943 3012 5013 signiﬁcationem
3063 4940 3264 4995 habere
3312 4939 3627 5002 contendat,

2052 5038 2210 5109 quasi
2242 5038 2391 5101 nulla
2418 5038 2473 5091 in
2515 5037 2652 5111 ipsis
2679 5038 2751 5094 sit
2774 5035 3099 5099 diﬁ‘erentia,
3129 5035 3258 5105 quia
3290 5031 3430 5088 idem
3461 5032 3629 5087 utris-

2053 5144 2159 5198 que
2187 5128 2317 5183 insit
2343 5127 2734 5197 signiﬁcatum,
2764 5134 2818 5181 et
2841 5141 3004 5181 unam
3030 5125 3175 5180 dicat
3196 5124 3627 5193 incorruptibilis

2054 5230 2112 5275 ct
2152 5218 2381 5290 ingeniti
2410 5218 2685 5288 notitiam,
2722 5219 2813 5289 qui
2845 5226 2931 5275 est
2964 5218 3159 5272 borum
3191 5232 3358 5271 unum
3394 5225 3449 5271 et
3486 5219 3628 5271 alte-

2054 5326 2175 5366 rum
2202 5326 2432 5382 prorsus
2460 5318 2565 5366 est.
2588 5308 2973 5365 Verumtamen
2996 5308 3427 5379 incorruptibilis
3454 5306 3630 5363 Filius

2053 5417 2177 5458 esse
2221 5413 2276 5457 et
2317 5403 2386 5457 ab
2420 5402 2507 5457 bis
2540 5418 2647 5457 non
2693 5401 3055 5456 dubitabitur.
3101 5400 3383 5471 lngenitus
3434 5400 3625 5470 igitur,

2054 5494 2356 5549 secundum
2386 5492 2636 5548 Eunomii
2665 5493 2952 5559 rationem,
2991 5500 3047 5548 et
3077 5492 3169 5548 hic
3203 5501 3312 5554 est,
3349 5492 3625 5561 slquidem

2055 5585 2196 5641 idem
2232 5585 2508 5656 signiﬁcat
2555 5585 2970 5655 incorruptibile
3009 5584 3155 5654 quod
3199 5582 3427 5652 ingeniti
3460 5582 3625 5644 ratio,

2056 5673 2131 5729 ita
2162 5684 2220 5727 ut
2246 5675 2477 5728 duorum
2520 5674 2774 5736 alterum,
2806 5673 2893 5727 vel
2930 5672 3078 5727 aliud
3121 5671 3400 5742 quidpiam
3432 5680 3631 5741 prmtcr

2057 5766 2631 5839 incorruptibilitatem
2673 5765 2973 5839 ingenitum
3009 5764 3321 5837 signiﬁcare
3359 5764 3630 5821 assentie-

3278 5856 3358 5916 33
