4146 6386
538 374 675 429 1ου9

1772 384 1829 441 S.
1871 384 2197 441 GREGORII
2241 384 2529 441 NYSSENI

3654 384 3800 441 ΗΜ

534 503 645 556 tur,
681 493 762 547 vel
793 510 1022 551 manens
1066 496 1120 553 in
1152 499 1409 570 decretis,
1435 486 1789 571 multifariam
1824 507 1891 562 de
1917 508 2109 580 unige-

2211 507 2364 578 λέγῃ,
2397 507 2432 578 ἢ
2463 506 2757 578 ἀγέννητον
2787 502 2927 560 εἶναι
2943 503 3369 568 κατασκευάζων
3401 503 3487 558 ἴνα
3516 503 3593 575 μὴ
3622 504 3802 575 φθαρ-

536 584 651 636 nito
687 587 795 638 Deo
836 588 1000 656 impie
1046 598 1099 643 et
1138 592 1440 662 irreligiose
1482 594 1737 666 loquetur
1786 599 1871 653 vel
1912 613 2111 653 corru-

2213 601 2305 655 τδν
2332 599 2615 671 ἀποδείξῃ.

534 676 776 747 ptibilem
821 678 999 748 ipsum
1039 680 1246 741 faciens
1301 702 1371 742 ne
1404 687 1707 758 ingenitum
1741 689 1910 757 dicat,
1946 691 2030 746 vel
2068 692 2369 761 ingenitum
2416 707 2540 747 esse
2586 698 2845 747 astruens
2873 703 2943 743 ne
2984 688 3395 759 corruptibilem
3436 688 3795 744 demonstret.

607 767 712 822 Sed
747 772 932 825 nescio
984 774 1114 843 quid
1134 779 1420 833 conveniat
1441 794 1641 849 agere:
1686 790 1868 836 utrum
1920 782 2114 839 ordine

537 860 752 931 singula
782 879 903 933 quae
949 867 1018 920 ab
1045 883 1111 923 eo
1159 871 1440 940 pr0posita
1484 881 1614 926 sunt
1653 875 1794 945 stylo
1832 876 2109 946 persequi.

536 968 600 1004 an
629 952 714 1007 his
748 965 1060 1021 contentus,
1113 960 1379 1018 adversus
1419 978 1559 1018 vana
1590 964 1693 1020 ista
1738 982 1973 1037 pugnam
2001 977 2113 1023 ter-

538 1044 749 1100 minare
780 1045 1028 1102 debeam.
1063 1050 1530 1116 Quemadmodum
1558 1058 1702 1112 enim
1737 1059 1821 1113 his
1848 1060 1941 1129 qui
1977 1060 2114 1115 leta.

540 1135 611 1187 lia
664 1137 907 1193 vendunt
958 1157 1188 1207 venena,
1245 1145 1298 1199 in
1332 1148 1530 1218 exiguo
1580 1148 1725 1204 facta
1776 1152 2110 1220 experientia

488 1300 491 1301 ν
538 1224 706 1279 totius
736 1228 1117 1284 medicamenti
1152 1232 1257 1287 vim
1290 1249 1354 1288 ac
1392 1235 1704 1292 facultatem
1735 1239 1800 1292 ad
1832 1239 2110 1297 inleritum

537 1324 591 1369 et
620 1333 806 1372 necem
844 1320 1182 1378 inferendam
1211 1322 1371 1381 facile
1397 1329 1664 1397 spondet;
1694 1345 1795 1385 nec
1842 1330 1988 1384 ullus
2029 1338 2114 1385 est

535 1409 630 1477 qui
670 1409 901 1475 dubitet,
936 1430 1059 1467 cum
1087 1430 1152 1470 ex
1188 1416 1371 1487 aliqua
1406 1428 1560 1488 parte
1587 1420 1878 1489 perniciem
1911 1422 2114 1476 illatam

535 1502 873 1569 experientia
913 1504 1125 1569 didicit,
1167 1508 1301 1577 quin
1353 1517 1526 1563 totum
1557 1509 1705 1580 quod
1735 1511 1989 1567 venditur
2036 1514 2115 1569 le-

538 1592 647 1646 tale
686 1594 757 1648 sit
804 1609 869 1649 ac
916 1597 1257 1653 mortiferum
1303 1600 1699 1669 pharmacum:
1735 1602 1815 1656 sic
1857 1610 2111 1672 oportere

536 1690 669 1751 puto
704 1685 806 1741 hoc
855 1691 1127 1746 sermonis
1166 1692 1507 1748 mortiferum
1552 1694 1872 1749 veneficium
1921 1712 2017 1767 per
2044 1710 2110 1751 ea

2293 784 2433 837 Ἀλλ’
2465 784 2566 836 οὐκ
2594 778 2689 836 οἷδ’
2709 781 2806 834 ὅτι
2829 781 3098 852 προσήκει
3134 779 3412 851 πράττειν,
3438 778 3546 833 εῐτε
3567 779 3633 832 δι’
3671 780 3797 833 ἀκο-

2207 875 2428 939 λουθίας
2473 873 2745 941 ἐπεξιέναι
2776 874 2910 927 πᾶσι
2935 875 3048 936 τοῖς
3088 870 3489 944 προκειμένοις,
3528 872 3640 925 εῐτε
3697 870 3796 925 καὶ

2206 967 2417 1029 τούτοις
2444 963 2756 1037 περιορίσαι
2779 964 2880 1033 τὴν
2905 962 3040 1035 πρὸς
3061 963 3131 1017 τὰ
3151 963 3355 1034 μάταια
3383 962 3582 1034 μάχην.
3605 959 3793 1014 Καθάο

2208 1078 2314 1132 περ
2338 1059 2449 1131 γὰρ
2474 1058 2570 1112 ἐπὶ
2617 1057 2727 1111 τῶν
2772 1056 2843 1110 τά
2892 1057 3191 1129 δηλητήρια
3245 1054 3588 1121 πωλούντων,
3634 1055 3668 1125 ή
3730 1054 3793 1107 ἐν

2209 1154 2372 1222 ὀλίγῳ
2400 1154 2566 1221 πεῖρα
2589 1149 2791 1214 παντὸς
2825 1149 2923 1203 τοῦ
2954 1149 3245 1221 φαρμάκου
3275 1148 3374 1219 τὴν
3394 1145 3529 1218 πρὸς
3552 1145 3642 1199 τὸν
3675 1143 3794 1199 ὄλε-

2210 1244 2339 1313 θρον
2367 1242 2594 1313 δύναμιν
2610 1244 2722 1306 τοῖς
2740 1242 3067 1311 ὠνουμένοις
3088 1239 3457 1307 κατεγγυᾶται
3472 1253 3485 1267 ·
3505 1236 3599 1290 καὶ
3617 1236 3797 1299 οὐδεὶς

2210 1333 2539 1403 ἀμφιϐάλλει
2587 1333 2689 1403 τὴν
2722 1335 2787 1386 ἐκ
2844 1331 2940 1384 τοῦ
2984 1331 3183 1402 μέρους
3213 1327 3510 1400 διαφθοράν
3531 1326 3620 1382 διά
3644 1343 3793 1389 τινος

2211 1426 2407 1497 πείρας
2436 1422 2791 1494 καταμαθὼν,
2819 1422 2892 1494 μὴ
2919 1421 3040 1474 ὅλον
3062 1416 3198 1474 εἶναι
3225 1420 3284 1473 τὺ
3302 1418 3643 1489 πωλούμενον
3674 1416 3793 1469 ὀλέ-

2215 1518 2346 1587 θρου
2387 1517 2705 1588 φάρμακον
2735 1514 2907 1578 οὕτως
2930 1509 3081 1584 οἶμαι
3125 1513 3233 1565 δεῖν
3289 1511 3384 1566 καὶ
3429 1511 3528 1582 τὴν
3554 1509 3787 1581 δηλητη-

2220 1609 2384 1681 ριώδη
2415 1610 2617 1680 ταύτην
2650 1607 2997 1681 φαρμακείαν
3027 1607 3118 1659 τοῦ
3150 1604 3309 1673 λόγου
3343 1603 3430 1657 διὰ
3451 1602 3563 1656 τῶν
3597 1602 3790 1672 ἐξητα-

2217 1703 2427 1773 σμένων
2472 1701 2884 1771 ἐπιδειχθεὴαν,
2936 1698 3132 1769 μηκέτι
3169 1695 3470 1767 άμφίὸολον
3506 1688 3646 1749 εἶναι
3678 1694 3792 1757 τοῖς

536 1791 658 1844 ιιιιὶῐέ
692 1786 820 1833 sunt
852 1782 1107 1849 superius
1141 1783 1451 1837 examinata
1494 1784 1951 1853 demonstratum,
1998 1803 2106 1842 non

2211 1812 2271 1863 γε
2290 1794 2415 1847 νοῦν
2442 1793 2643 1865 ἔχουσι,
2679 1792 2740 1845 τὸ
2780 1791 2869 1844 διὰ
2903 1790 3102 1853 παντὸς
3128 1785 3265 1843 εἶναι
3292 1786 3568 1856 τοιαύτην,
3597 1785 3683 1838 οἶα
3699 1784 3789 1838 διὰ

537 1868 774 1936 amplius
818 1873 1133 1941 ambiguum
1170 1890 1292 1930 esse
1331 1875 1415 1931 his
1443 1878 1532 1947 qui
1579 1882 1777 1935 mentis
1809 1881 1918 1934 sint
1960 1896 2112 1935 com-

540 1969 714 2026 potes,
748 1962 879 2031 quin
909 1966 981 2019 sit
1008 1982 1105 2036 per
1128 1969 1310 2022 omnia
1342 1971 1449 2025 tale
1484 1970 1641 2039 quale
1667 1987 1764 2041 per
1800 1972 2112 2042 praeceden—

537 2055 608 2106 tia
640 2066 724 2109 est
760 2068 1064 2113 ostensum.
1098 2060 1369 2127 Quocirca
1413 2066 1761 2135 expetibilius
1801 2083 1924 2124 esse
1968 2069 2111 2125 duco

535 2150 589 2202 in
626 2150 708 2206 his
737 2153 1071 2211 vanitatibus
1098 2157 1307 2212 diutius
1335 2162 1677 2217 immorando
1703 2179 1811 2218 non
1844 2165 2115 2234 prolixius

535 2256 842 2295 sermonem
869 2245 1193 2312 producere.
1226 2248 1329 2301 Sed
1360 2251 1619 2318 quoniam
1651 2253 1837 2307 multis
1868 2270 1933 2308 ex
1974 2255 2111 2311 locis

533 2333 679 2400 quod
711 2350 806 2388 eos
855 2338 1186 2405 persuadere
1234 2347 1417 2410 potest
1449 2345 1655 2398 erroris
1700 2345 1959 2413 praesides
2006 2348 2110 2403 sibi

536 2423 667 2491 ἱρηίε
692 2428 1201 2496 comminiscuntur,
1235 2447 1299 2485 ac
1330 2444 1505 2488 metus
1538 2442 1622 2488 est
1652 2451 1720 2491 ne
1742 2437 1869 2506 quia
1902 2438 2111 2508 aliquid

533 2530 597 2585 ex
627 2516 709 2570 his
731 2533 851 2585 quae
875 2519 941 2572 ab
967 2521 1098 2588 ipsis
1119 2531 1248 2576 sunt
1276 2524 1554 2580 elaborata
1574 2526 1890 2597 despectum
1920 2528 2107 2595 fuerit,

534 2607 781 2672 speciosa
806 2609 1175 2666 calumniandi
1195 2624 1386 2667 contra
1410 2630 1513 2669 nos
1534 2618 1753 2671 occasio
1781 2620 2106 2688 praebeatur,

534 2705 595 2749 ut
634 2698 732 2766 qui
760 2699 903 2769 quod
945 2700 1141 2757 fortius
1170 2712 1255 2760 est
1293 2713 1347 2759 et
1374 2706 1642 2763 valentius
1698 2710 2112 2779 reliquerimus:

534 2786 738 2843 idcirco
758 2797 944 2845 oratos
975 2792 1133 2846 velim
1161 2809 1256 2850 eos
1279 2796 1370 2865 qui
1399 2797 1689 2852 nobiscum
1726 2799 1780 2852 in
1803 2800 1902 2857 hoc
1927 2802 2110 2856 studio

531 2891 839 2945 versantur,
880 2883 1028 2936 nulla
1060 2886 1301 2955 neglecta
1334 2891 1677 2957 garrulitate,
1712 2892 1880 2947 alacri
1926 2896 2110 2950 animo

535 2983 780 3042 prompte
832 2977 986 3045 sequi
1034 2982 1358 3044 orationem,
1409 3000 1741 3055 quocunque
1796 2988 2110 3041 necessario

530 3063 799 3121 adversus
830 3070 1097 3124 mendacii
1143 3076 1521 3144 aggressiones
1558 3086 1749 3131 contra
1782 3095 1901 3133 sese
1937 3079 2096 3134 ferat.

531 3156 799 3219 Quoniam
835 3160 1002 3230 igitur
1025 3164 1110 3216 vix
1146 3167 1364 3220 tandem
1396 3167 1463 3222 de
1490 3171 1948 3224 commentatione
1969 3186 2109 3226 som-

531 3249 679 3302 nium
718 3251 771 3305 in
804 3252 1078 3320 profundo
1108 3272 1303 3312 somno
1335 3264 1647 3331 contingere
1687 3262 1872 3327 desiit,
1909 3264 2108 3317 absur-

528 3342 613 3396 «εἰς
662 3342 769 3397 illis
810 3353 863 3397 et
917 3346 1127 3402 insanis
1184 3352 1518 3418 argumentis
1574 3353 1815 3422 seipsum
1861 3370 2104 3421 armatis,

528 3450 838 3490 sermonem
888 3438 956 3492 ad
1005 3440 1234 3494 alterum
1280 3442 1553 3496 somnium
1593 3444 1876 3508 transfert,
1935 3448 2108 3500 multo

531 3528 870 3593 praecedente
894 3530 1107 3585 visione
1131 3531 1427 3588 absurdius
1461 3541 1515 3588 et
1550 3536 1843 3590 amentius.
1877 3537 2105 3593 Laboris

530 3623 711 3669 autem
743 3618 1042 3671 vanitatem
1074 3626 1127 3673 et
1161 3620 1553 3677 absurditatem
1595 3624 1721 3678 licet
1760 3625 2084 3695 dignoscere

530 3708 579 3759 ei
607 3708 699 3777 qui
727 3708 795 3762 de
842 3710 1150 3779 privatione
1182 3714 1483 3782 captiosum
1525 3714 1647 3783 ejus
1685 3731 1990 3770 sermonem
2026 3715 2105 3769 di-

531 3801 799 3865 gnoverit.
835 3802 943 3857 Sed
998 3804 1267 3859 universae
1323 3806 1448 3859 huic
1501 3806 1807 3876 garrulitati
1850 3816 1903 3862 et
1934 3822 2109 3877 nuga-

530 3891 664 3944 tioni
718 3894 932 3948 conseri
975 3904 1029 3948 et
1072 3895 1364 3964 implicari,
1412 3896 1516 3951 hoc
1546 3899 1825 3967 proprium
1857 3897 2107 3952 Eunomii

530 3980 694 4037 fuerit
719 3993 771 4037 et
799 3984 920 4051 ejus
950 3993 1281 4040 sectatorum
1321 3987 1415 4057 qui
1447 3989 1650 4041 nullam
1685 3989 1849 4045 rebus
1870 3991 2110 4046 maxime

530 4074 693 4133 seriis
738 4084 791 4128 et
823 4076 1009 4131 studio
1041 4078 1385 4149 dignissimis
1426 4094 1615 4134 curam
1644 4089 1699 4135 et
1741 4096 1962 4149 operam
2011 4081 2109 4134 ad-

2210 1885 2319 1938 τῶν
2367 1884 2688 1953 φθασάντων
2748 1883 3091 1953 ἐλὴλεγκται.
3146 1881 3257 1934 Καὶ
3310 1879 3504 1933 τούτου
3533 1877 3694 1948 χάριν
3726 1876 3793 1929 τὸ

2214 1976 2287 2048 μὴ
2319 1976 2580 2047 προάγειν
2619 1977 2698 2039 εἰς
2739 1976 2910 2046 μῆκος
2933 1973 3027 2027 τοῦ
3065 1975 3176 2036 τοῖς
3208 1971 3457 2044 ματαίοις
3488 1969 3790 2041 ἐμφιλοχω-

2212 2070 2325 2135 ρείν
2354 2067 2711 2138 αἱρετώτερον
2749 2062 2887 2120 εἶναι
2930 2066 3234 2136 λογίζομαι.
3276 2062 3415 2116 Ἀλλ’
3449 2061 3634 2132 ἐπειδὴ
3659 2058 3789 2112 πολ-

2210 2158 2437 2229 λαχόθεν
2462 2159 2524 2211 τὸ
2554 2158 2779 2212 πιθανὸν
2805 2159 3015 2221 ἑαυτοῖς
3039 2158 3088 2210 οἱ
3109 2156 3412 2227 προστάται
3440 2155 3541 2224 τῆς
3572 2152 3790 2222 ἀπάτης

2210 2251 2544 2322 εὑρίσκουσι.
2596 2250 2690 2303 καὶ
2719 2249 2835 2313 δέος
2882 2248 2958 2320 μὴ
2982 2248 3043 2303 τὸ
3074 2246 3420 2318 παροφθῆναί
3456 2263 3511 2299 τι
3540 2244 3653 2297 τῶν
3682 2260 3783 2296 πε-

2210 2343 2532 2413 πονημένων
2587 2343 2792 2405 αὐτοῖς,
2831 2341 3186 2411 εὐπρόσωπος
3217 2338 3343 2393 καθ’
3370 2337 3529 2409 ἡμῶν
3564 2336 3787 2407 γένηται

2209 2434 2463 2502 διαὸολῆς
2514 2433 2757 2504 ἀφορμὴ,
2793 2432 2869 2496 ὡς
2907 2432 2968 2485 τὸ
2999 2430 3343 2503 ἰσχυρότερον
3385 2428 3788 2489 ἐλλελοιπότων,

2209 2527 2399 2580 τούτου
2424 2526 2583 2596 χάριν
2602 2524 3004 2596 παρῃτησάμην
3032 2524 3157 2586 τοὺς
3176 2520 3604 2592 καθομιλοῦντας
3631 2519 3790 2591 ἡμῶν

2208 2621 2273 2689 τῇ
2306 2617 2506 2687 σπουδῇ
2542 2615 2812 2686 μηδεμίαν
2828 2614 3191 2683 καταγνόντας
3208 2613 3541 2685 ἀδολεσχίαν,
3560 2614 3790 2668 ἔπεσθαι

2209 2707 2506 2777 προθύμως
2534 2706 2612 2777 τῷ
2638 2706 2805 2777 λόγῳ,
2825 2705 3105 2776 πανταχοῦ
3124 2708 3242 2759 κατ’
3259 2706 3502 2776 ἀνάγκην
3526 2703 3666 2776 πρὸς
3686 2704 3794 2767 τάς

2208 2798 2303 2853 τοῦ
2326 2798 2555 2869 ψεύδους
2585 2798 2955 2869 ἐπιχειρήσεις
2981 2798 3171 2852 ἐαυτὸν
3189 2795 3553 2865 ἀντεξάγοντι.
3572 2795 3789 2867 Ἐπειδὴ

2210 2892 2390 2946 τοίνυν
2437 2891 2596 2962 μόγις
2638 2891 2772 2944 ποτέ
2803 2890 2894 2942 τὸν
2940 2887 3069 2960 περ)⁸
3104 2891 3201 2958 τῆς
3220 2887 3463 2952 ἐπινοίας
3502 2887 3713 2960 δνειρον
3730 2888 3792 2939 ἐν

2211 2983 2366 3053 βαθεί
2409 2982 2487 3053 τῷ
2538 2981 2691 3052 ὕπνῳ
2718 2980 3063 3035 διαπλάσσων
3100 2978 3399 3045 ἐπαύσατο,
3429 2981 3540 3043 τοῖς
3565 2978 3793 3041 ἀτόποις

2210 3074 2438 3137 ἐκείνοις
2465 3074 2560 3127 καὶ
2612 3073 2946 3143 ἀδιανοήτοις
2971 3071 3079 3124 τῶν
3113 3070 3559 3141 ἐπιχειρημάτων
3597 3070 3789 3123 ἑαυτὸν

2214 3165 2575 3231 καθοπλίζων,
2612 3166 2836 3235 μετάγει
2874 3164 2967 3217 τὸν
3011 3162 3169 3231 λόγον
3203 3162 3295 3215 ἐπὶ
3339 3162 3524 3233 ἕτερον
3558 3161 3787 3233 ὄνειρον,

2214 3252 2351 3311 πολὺ
2369 3257 2469 3327 τῆς
2484 3255 2859 3327 προλαϐούσης
2879 3254 3174 3322 φαντασίας
3194 3251 3788 3325 ἀνοητότερον.Ἐξεστι

2212 3350 2269 3403 δὲ
2316 3348 2517 3417 γνῶναι
2559 3348 2652 3402 τοῦ
2714 3347 2875 3400 πόνου
2903 3346 2965 3399 τὸ
3012 3347 3261 3417 μάταιον,
3289 3345 3368 3416 τῷ
3393 3346 3493 3417 τὴν
3537 3345 3791 3417 περὶτῆς

2216 3442 2523 3513 στερήσεως
2568 3439 2733 3492 αὐτοῦ
2769 3438 3112 3509 τεχνολογίαν
3157 3439 3571 3507 κατανοήσαντι.
3629 3435 3791 3488 Ἀλλὰ

2209 3531 2271 3584 τὸ
2304 3532 2452 3601 πάσῃ
2484 3532 2553 3600 τῇ
2574 3528 2810 3599 φλυαρίᾳ
2838 3528 3269 3599 συμπλέκεσθαι,
3302 3525 3467 3581 αὐτοῦ
3494 3526 3560 3579 ἂν
3583 3525 3669 3595 είη
3694 3524 3788 3578 τοῦ

2211 3622 2475 3693 Εὑνομίου
2501 3622 2596 3676 καὶ
2632 3621 2740 3674 τῶν
2779 3623 2898 3675 κατ’
2940 3621 3101 3674 αὐτὸν
3126 3621 3233 3673 τῶν
3262 3620 3531 3691 μηδεμίαν
3556 3618 3692 3688 πρὸς
3720 3618 3789 3671 τά

2213 3715 2604 3784 σπουδαιότερα
2656 3713 2765 3765 τῶν
2814 3713 3155 3785 πραγμάτων
3188 3712 3465 3783 φροντίδα.
3512 3712 3705 3781 Ἡμεῖς
3730 3710 3787 3762 δὲ

2210 3807 2296 3860 διὰ
2322 3806 2614 3875 συντομίαν
2632 3805 2724 3857 ἐπὶ
2761 3804 3070 3871 κεφαλαίων
3110 3806 3221 3866 τοῖς
3244 3804 3550 3876 εἰρημένοις
3570 3802 3790 3873 ἐπιδρα-

2215 3896 2480 3969 μούμεθα,
2514 3897 2589 3960 ὼς
2617 3895 2682 3949 ἂν
2707 3896 2840 3965 μήτε
2869 3895 3047 3948 τιτῶν
3077 3895 3342 3948 ὑπαιτίων
3371 3892 3791 3966 παραλειφθείη,

2217 3990 2354 4059 μήτε
2400 4006 2452 4041 τι
2494 3986 2601 4040 τῶν
2631 3985 2871 4056 ματαίων
2910 3988 2986 4049 είς
3010 3986 3265 4056 ἀνόνητον
3290 3986 3462 4056 μῆκος
3484 3985 3790 4056 προαγάγοι

2213 4080 2304 4132 τὸν
2331 4078 2507 4145 λόγον.

530 4169 737 4224 hibcnt.
779 4169 890 4225 Nos
922 4181 1101 4226 autem
1138 4175 1361 4229 concise
1387 4184 1442 4229 et
1472 4177 1787 4231 summatim
1818 4176 1965 4229 dicta
1993 4188 2406 4245 percurremus,
2446 4182 2503 4227 ut
2537 4186 2715 4241 neque
2788 4169 3088 4239 quidquam
3158 4169 3453 4223 criminum
3520 4168 3801 4238 relinqua-

528 4274 639 4321 tur,
672 4279 849 4332 neque
893 4265 1022 4333 quid
1060 4269 1223 4320 inane
1249 4274 1305 4322 et
1334 4282 1535 4322 vanum
1566 4269 1630 4321 ad
1664 4268 1908 4323 inutilem
1940 4267 2302 4337 prolixitatem
2335 4270 2637 4318 sermonem
2668 4263 2950 4331 producat.

597 4354 808 4409 Etenim
850 4357 1230 4425 propositurus
1286 4359 1426 4412 hanc
1481 4361 1743 4429 praeclare
1772 4368 2088 4414 contextam

2275 4354 2500 4409 Μέλλων
2547 4354 2656 4425 γὰρ
2684 4355 2979 4427 προθήσειν
3007 4353 3107 4425 τὴν
3132 4354 3258 4425 περὶ
3304 4354 3414 4407 τῶν
3456 4355 3790 4426 στερητικιῖη

528 4448 829 4501 oralionem
859 4449 1034 4505 dehis
1062 4450 1376 4505 numinibus
1405 4466 1525 4519 quae
1540 4452 1909 4520 privationem
1937 4451 2107 4521 signi-

2211 4446 2487 4517 ὀνομάτων
2508 4446 2873 4517 τεχνολογίαν,
2918 4446 3251 4515 ἐπήγγελται
3293 4444 3486 4510 δείξειν
3521 4447 3629 4500 τῶν
3655 4448 3792 4517 ἠμε-

532 4542 713 4603 licant,
746 4557 805 4595 se
832 4543 1331 4597 demonstraturum
1371 4544 1655 4614 professus
1684 4553 1767 4599 est
1793 4552 2107 4599 nostrorum

527 4630 873 4683 decretorum
912 4633 1330 4699 absurditatem,
1358 4644 1417 4689 ut
1444 4636 1561 4705 ipse
1600 4634 1859 4705 loquitur,
1884 4635 2107 4689 insana-

532 4717 689 4771 hilem
723 4727 777 4771 et
812 4720 1125 4789 religionem
1166 4723 1455 4792 quamdam
1482 4725 1791 4778 simulatam
1827 4739 1891 4778 ac
1921 4739 2108 4792 repre-

529 4808 870 4864 hensibilem.
904 4810 1539 4885 Pollicitatioigiturha-c
1561 4825 1644 4873 est
1666 4835 1680 4871 :
1712 4817 1904 4871 horum
1924 4824 2107 4871 autem

530 4903 820 4980 criminum
855 4906 1256 4962 demonstratio
1284 4925 1407 4979 qua:
1427 4909 1598 4965 ?Cum
1614 4910 1829 4980 quidam
1852 4910 2107 4974 dixerint,

531 4975 726 5063 ἱιηῇιὶι.
758 4998 1049 5061 privatione
1068 5003 1420 5069 generationis
1452 5002 1621 5056 Deum
1653 5020 1767 5056 esse
1792 5004 2105 5073 ingenitum,

530 5101 624 5138 γωδ
641 5086 709 5139 ad
729 5087 1173 5153 reprehensionem
1192 5090 1379 5145 horum
1405 5108 1564 5161 neque
1579 5092 1684 5146 Deo
1696 5110 1978 5161 congruere
1998 5093 2108 5147 ullo

530 5177 685 5229 modo
720 5178 855 5231 hanc
907 5196 1099 5243 vocem,
1141 5199 1300 5252 neque
1347 5185 1611 5237 notionem
1667 5183 1991 5237 dixerimus:
2014 5185 2109 5237 de-

442 5282 447 5287 '
531 5278 800 5325 monstret
834 5274 1105 5327 sermonis
1133 5277 1367 5342 primum
1424 5284 1726 5338 auctorem,
1761 5277 1803 5329 si
1835 5276 1958 5343 quis
1988 5284 2112 5344 post

535 5359 787 5415 homines
828 5373 986 5417 natos
1010 5403 1022 5427 ,
1059 5365 1174 5419 sive
1222 5365 1365 5435 apud
1399 5366 1663 5421 barbaros
1722 5368 1838 5421 sive
1866 5366 2108 5433 Gra-cos,

534 5453 661 5519 quid
693 5454 799 5507 tale
830 5454 1048 5511 locutus
1070 5455 1499 5523 demonstratur,
1560 5466 1614 5513 et
1645 5474 1748 5515 nos
1778 5460 2109 5525 tacehimus;

534 5544 628 5598 sed
670 5552 793 5613 post
827 5545 1107 5601 hominum
1141 5548 1460 5603 memoriam
1495 5549 1679 5605 nullus
1738 5549 2112 5619 deprehensus

537 5638 703 5691 fuerit
738 5638 842 5692 tale
894 5639 1023 5707 quid
1078 5638 1306 5703 dixisse,
1345 5640 1452 5695 nisi
1504 5641 1629 5711 quis
1666 5641 2113 5708 insaniret.Quis

535 5732 679 5784 enim
716 5731 803 5783 hic
854 5733 1205 5797 temulentus,
1268 5732 1395 5802 quis
1448 5734 1586 5787 adeo
1619 5734 1703 5788 vel
1757 5735 1992 5797 insania,
2030 5736 2114 5789 vel

537 5824 850 5901 phrenitide
892 5826 1007 5882 sive
1061 5826 1255 5882 delirio
1274 5842 1305 5881 e
1326 5826 1454 5883 sede
1481 5827 1682 5883 mentis
1718 5842 1830 5883 suae
1851 5827 2113 5898 depulsus

2206 4538 2381 4609 τέρων
2414 4538 2697 4607 δογμάτων
2730 4538 2977 4602 ἀτοπίαν,
3007 4538 3082 4600 ὼς
3107 4538 3269 4602 αὐτός
3294 4538 3792 4609 φησιν,ἀνήκεστον

2208 4630 2302 4682 καὶ
2336 4628 2618 4683 εὐλάϐειάν
2668 4646 2790 4683 τινα
2831 4630 3197 4701 προσποίητον
3237 4631 3344 4682 καὶ·
3372 4628 3689 4700 ἐπίληπτον.
3728 4628 3789 4683 ἸΙ

2212 4722 2309 4791 μὲν
2337 4716 2429 4773 οὖν
2462 4722 2772 4791 ὑπόσχεσις.
2801 4720 2962 4791 αὕτη.
2980 4724 3039 4775 Ὀ
3062 4722 3118 4775 δέ
3151 4720 3259 4775 τῶν
3288 4720 3648 4792 ἐγκλημάτων
3665 4720 3794 4773 τοῦ-

2208 4830 2316 4864 των
2340 4811 2555 4882 ἔλεγχος
2575 4853 2590 4875 ,
2615 4812 2697 4876 τίς
2716 4828 2730 4877 ;
2750 4814 3076 4873 Είπόντωοη.
3094 4813 3246 4882 φησὶ,
3280 4811 3479 4877 τινῶν,
3512 4810 3794 4880 στερήσει

2209 4905 2550 4974 γεννήσεως
2601 4899 2752 4957 εἶναι
2790 4903 2899 4954 τὸν
2931 4902 3077 4955 Θεὸν
3107 4903 3460 4972 ἀγένητον,
3498 4901 3669 4971 ἡμεῖς
3700 4895 3795 4955 ἐπ’

2209 4996 2438 5066 ἐλέγχῳ
2481 4996 2723 5057 τούτων,
2754 4993 3038 5062 μηδαμῶς
3074 4993 3342 5062 ἁρμόζειν
3375 4993 3457 5060 τῷ
3503 4992 3626 5058 Θεῷ
3643 4992 3797 5064 μήτε

2208 5088 2323 5156 τὴν
2357 5088 2567 5157 φωνὴν
2607 5089 2852 5153 ταύτην,
2900 5085 3055 5155 μήτε
3089 5086 3206 5153 τὴν
3243 5086 3489 5141 ἔννοιαν
3513 5086 3792 5155 εῑπωμεν.

2210 5179 2447 5244 Δειξάτω
2475 5180 2566 5234 τὸν
2595 5180 2908 5251 προστάτην
2935 5178 3028 5231 τοῦ
3068 5177 3250 5246 λόγου,
3278 5180 3331 5232 εί
3352 5197 3438 5243 τις
3464 5177 3575 5232 τῶν
3615 5178 3708 5247 ἀφ’
3735 5174 3797 5233 οὗ

2212 5273 2498 5339 γεγόνασιν
2537 5273 2814 5344 ἄνθρωποι
2842 5272 3003 5343 μέχρι
3026 5269 3123 5323 τοῦ
3150 5269 3266 5334 νῦν,
3312 5269 3422 5322 εἴτε
3476 5272 3628 5342 παρά
3664 5270 3798 5342 βαρ⁴

2212 5364 2421 5437 ὀάροις,
2460 5366 2569 5419 εἶτε
2618 5366 2748 5433 παρ’
2777 5364 3003 5434 Ἕλλησι
3032 5361 3093 5414 τὸ
3135 5359 3376 5414 τοιοῦτον
3403 5362 3797 5433 παραφθεγξά-

2217 5475 2373 5527 μενος
2398 5457 2689 5521 δείκνυται,
2719 5458 2813 5510 καὶ
2853 5457 3011 5527 ἡμεῖς
3046 5459 3419 5526 σιωπήσομενο
3450 5455 3563 5508 ἀλλ’
3593 5456 3693 5507 οὐκ
3732 5455 3799 5509 ἂν

2215 5554 2496 5623 ἐλεγχθείη
2531 5554 2638 5606 τῶν
2676 5556 2733 5607 ἐν
2770 5555 2929 5606 παντὶ
2968 5553 3144 5623 χρόνῳ
3180 5551 3567 5621 γεγενημένων
3589 5550 3798 5621 ἀνθρώο

2217 5665 2332 5699 πων
2357 5646 2531 5709 οὐδεὶς
2570 5646 2631 5698 τὸ
2660 5646 2898 5699 τοιοῦτον
2939 5645 3128 5707 εἰπὼν,
3168 5644 3305 5714 πλὴν
3335 5645 3388 5697 εἴ
3414 5660 3497 5706 τις
3534 5642 3795 5719 μαίνοιτο.

2216 5739 2313 5800 Τίς
2342 5737 2451 5809 γὰρ
2478 5729 2633 5799 οὗτος
2684 5739 2748 5789 ἐκ
2794 5735 2964 5806 μέθης
2995 5736 3326 5806 παράφορος,
3365 5734 3447 5796 τίς
3491 5731 3665 5794 οὕτως
3696 5729 3802 5784 ὑτώ

2226 5828 2424 5899 μανίας
2446 5830 2478 5898 ἦ
2509 5829 2806 5900 φρενίτιδος
2832 5826 3133 5897 ἐξεστηκὼς
3168 5826 3267 5897 τὴν
3293 5826 3550 5889 διάνοιαν,
3581 5822 3657 5888 ὡς
3679 5820 3803 5876 τοῦο
