4146 6386
385 360 519 418 “0|

380 493 473 530 τον
506 480 679 534 εἰπεῖν
712 484 804 537 τὸν
856 486 1012 559 λόγον
1040 532 1054 556 ,
1098 493 1178 548 ὅτι
1210 496 1288 568 τῷ
1322 500 1553 573 ἀγεννήτ

384 568 545 635 φύσιν
591 572 690 640 μέν
743 576 947 650 ἐστινὴ
978 582 1249 656 γέννησις,
1282 568 1654 664 στερηθελςδὲ
1694 568 1788 655 τόῦ
1823 568 1965 660 κατά

358 661 565 728 φύσιν,
595 666 659 718 ἐκ
680 672 935 741 γεννητοῦ
969 675 1063 729 τοῦ
1104 680 1359 750 πρόσθεν,
1384 661 1575 757 γέγονε
1625 697 1762 763 μετά
1793 700 1965 755 ταῦτα

382 754 711 826 ἀγέννητος;
749 762 909 817 Ἀλλά
955 767 1126 824 ταῦτα
1171 774 1271 843 τῆς
1323 754 1638 854 ῥητορικῆς.
1661 788 1729 840 τὰ
1773 793 1965 860 τεχνά-

382 861 585 914 σματα,
612 850 690 915 τὸ,
724 853 783 904 ἐν
830 850 911 920 οἷς
951 859 1264 933 ἐλέγχονται
1295 871 1602 939 προσώπων
1630 878 1793 932 τινῶν
1832 883 1964 936 ὑπο-

380 935 563 1002 ϐολαῖς
608 941 706 1013 τὴν
738 946 801 998 ἐκ
826 948 934 1001 τῶν
962 950 1199 1024 ἐλέγχων
1221 935 1487 1033 αἰσχύνην
1514 965 1958 1039 διαδιδράσκειν·

377 1026 516 1081 οὕτω
542 1033 633 1085 καὶ
678 1037 804 1105 περὶ
836 1040 934 1110 τῆς
965 1042 1259 1115 ἀπολογίας
1289 1026 1507 1125 ἐκείνης
1539 1026 1956 1144 ἀπολελόγηται,

377 1117 656 1144 smnus-
709 1142 737 1144 η
780 1128 792 1144 .
1027 1135 1037 1144 .
1211 1139 1223 1144 -
1369 1141 1379 1144 -

374 1117 657 1186 δικασταῖς
706 1128 802 1181 καὶ
833 1135 1159 1205 κατηγόροις·
1199 1117 1612 1218 ἀνατιθεὶςτῆς
1642 1117 1961 1226 ἐπιγράφῆἐ

375 1207 472 1279 τὴν
503 1214 706 1279 αἰτίαν,
729 1219 790 1272 οὐ
816 1225 1176 1296 κατηγόρους,
1208 1232 1268 1283 οὐ
1293 1207 1496 1304 κρίσιν,
1518 1207 1961 1318 οῦτδικαστήριόν

375 1299 635 1367 ἐπιδεῖξαι
686 1306 999 1380 δυνάμενος.
1047 1318 1157 1371 Καὶ
1178 1321 1280 1374 ¹νῦν
1305 1299 1382 1388 ώς
1406 1327 1692 1401 ἀλλοτρίαν
1745 1299 1957 1407 μωρίαν

373 1390 860 1468 ἐπανορθούμενος,
895 1404 975 1467 εἰς
1006 1407 1253 1480 ἀνάγκην
1288 1416 1423 1485 φησὶ
1450 1417 1543 1471 τοῦ
1571 1390 1756 1488 οὕτως.
1782 1390 1956 1481 εἰπεῖν

372 1480 707 1551 ἐληλυθέναι.
768 1486 938 1558 Οὗτος
978 1497 1007 1548 ὁ
1052 1498 1271 1572 ἔλεγχος
1301 1480 1420 1577 si};
1467 1480 1766 1581 ἀνηκέστου
1796 1518 1955 1589 ἡμῶν

1180 1571 1183 1572 ,
1375 1571 1385 1577 ν
1558 1571 1568 1581 Ι
1818 1571 1849 1589 ll
1905 1571 1912 1572 ί
1935 1571 1944 1575 ⁷

370 1571 618 1639 ἀτοπίας,
661 1580 756 1632 καὶ
793 1583 893 1653 τῆς
934 1593 1299 1662 προσποιήτου
1332 1599 1425 1651 καὶ
1458 1602 1758 1675 ἐπιλήπτου
1796 1610 1953 1663 εὐλα-

370 1664 541 1730 ϐείας.
584 1670 724 1725 Ἀλλ’
779 1675 1117 1748 ἀποροῦντας
1151 1687 1297 1755 ἡμᾶς
1353 1708 1517 1761 φησιν
1546 1664 1645 1751 οὐκ
1689 1698 1874 1771 ἔχεινὸ
1897 1721 1952 1759 τι

367 1760 681 1829 χρησόμεθα
707 1769 818 1830 τοῖς
840 1772 1069 1841 παροῦσι
1101 1778 1194 1830 καὶ
1229 1779 1327 1851 τὴν
1352 1782 1581 1856 ἀπορίαν
1618 1760 1952 1862 ἐπικρυπτο-

368 1850 563 1916 μένους
586 1869 600 1883 ·
663 1856 871 1911 ἐκείνου
920 1862 1020 1931 μὲν
1071 1865 1136 1920 ὲκ
1170 1850 1291 1923 τῶν
1314 1850 1574 1944 ῥημάτων
1612 1882 1691 1944 εὶς
1722 1850 1820 1954 την
1853 1884 1948 1938 τοῦ
1980 1879 2022 1933 Β

362 1939 567 2011 κόσμου
597 1943 898 2003 διαϐάλλειν
932 1956 1123 2022 σοφίαν
1144 1976 1158 1990 ·
1190 1960 1387 2027 αὐτοὺς
1418 1965 1476 2019 δὲ
1515 1970 1615 2039 τὴν
1654 1972 1748 2025 τοῦ
1789 1975 1946 2042 ἁγίου

364 2032 681 2104 Πνεῦματος
724 2041 1052 2101 οἰκειοῦσθαι
1091 2049 1459 2110 διδασκαλίαν.
1502 2032 1693 2126 ’Ἄλλος
1736 2032 1947 2137 ὅνείρος

1672 2116 1689 2126 .
1777 2116 1783 2119 -
1810 2116 1943 2137 ηρ,

359 2116 513 2188 οὗτος
557 2128 808 2184 τοσοῦτον
841 2136 1021 2207 ἐαυτῷ
1070 2146 1351 2212 προσεῖναι
1377 2148 1477 2217 τῆς
1506 2148 1610 2216 ἔξω
1642 2155 1835 2223 σοφίας
1864 2159 1945 2211 0?-

359 2213 537 2281 εσθαι,
563 2218 639 2283 ὡς
672 2222 900 2295 φοϐερὸν
940 2228 1206 2303 Βασιλείῳ
1242 2235 1330 2291 διά
1372 2213 1529 2293 τοῦτο
1547 2213 1750 2298 δοκεῖν.
1789 2213 1946 2302 ὀῦτω

358 2306 501 2370 τινὲς
534 2312 627 2363 καὶ
674 2312 986 2382 βασιλεῦσιν
1012 2322 1318 2395 ὁμόθρονοι,
1357 2332 1450 2399 καὶ
1484 2334 1583 2402 τῆς
1608 2334 1944 2410 ὑψηλοτέρας

357 2394 519 2463 ἀξίας
563 2399 702 2457 εἶναι
753 2409 1013 2476 πολλάκις
1057 2416 1284 2483 ἑαυτοὺς
1336 2421 1776 2496 ἐφαντάσθησαν,
1840 2432 1941 2501 τῆς

357 2490 718 2567 ἡπατήμενης
744 2499 849 2553 τῶν
896 2504 1162 2559 ἐνυπνίων
1200 2508 1398 2577 ὅψεως,
1427 2516 1491 2567 ἐκ
1520 2517 1618 2586 τῆς
1642 2520 1761 2573 καθ’
1793 2520 1942 2593 ῦπαρ

356 2578 671 2653 ἐπιθυμίας,
702 2589 800 2660 τὴν
829 2594 957 2661 περὶ
996 2595 1185 2650 τούτου
1218 2600 1437 2673 δόκησιν
1467 2607 1788 2681 ἐντιθείσης.
1825 2615 1941 2668 Οὐκ

356 2669 565 2742 ἔχοντα,
594 2680 781 2748 φησὶν,
801 2682 1096 2752 Βασίλειον,
1126 2691 1155 2742 ὅ
1197 2709 1248 2744 τι
1270 2692 1379 2758 τοῖς
1400 2699 1709 2769 εἰρημένοις
1739 2705 1940 2776 χρήσε-

351 2781 462 2831 ται,
487 2768 790 2827 διαϐάλλειν
812 2776 972 2831 αὐτὸν
1003 2782 1093 2834 ἐπὶ
1125 2787 1186 2855 τῇ
1218 2785 1310 2839 τοῦ
1342 2768 1547 2859 κόσμου
1583 2768 1939 2864 coepiat-H.01-

351 2855 442 2911 λοῦ
477 2860 575 2931 μέν
603 2880 682 2927 τοι
710 2866 808 2936 τὴν
854 2872 1109 2944 τοιαύτην
1137 2876 1203 2929 ἂν
1246 2877 1497 2951 διαϐολὴν
1520 2883 1840 2955 ἐτιμήσατο,
1876 2889 1936 2942 τὸ

351 2949 579 3022 φοϐερὸς
607 2956 923 3029 νομισθῆναι
943 2967 1007 3033 τῇ
1040 2970 1327 3040 περιουσίᾳ
1352 2949 1465 3026 τῶν
1489 2949 1681 3043 λόγων,
1712 2978 1934 3034 καὶτῶν

348 3040 709 3114 ἐπιτυχόντων
764 3053 887 3113 τινὶ,
949 3055 1022 3125 μή
1063 3056 1116 3109 τί
1170 3076 1232 3126 γε
1266 3061 1529 3134 Βασιλείῳ
1558 3067 1653 3119 καί
1688 3085 1794 3123 τινι
1826 3071 1939 3123 τῶν

349 3134 467 3184 κατ’
495 3134 676 3202 αὐτὸν,
708 3137 866 3210 εἴπερ
882 3160 966 3205 τις
994 3144 1128 3209 ὅλως
1159 3148 1276 3200 ἐστὶ
1304 3153 1424 3203 κατ’
1446 3154 1607 3223 αὐτὸν
1637 3156 1675 3228 ἢ
1693 3157 1926 3225 ἐγένετο.

361 3222 518 3276 Ἀλλά
548 3226 638 3297 τὸν
680 3229 779 3297 μὲν
809 3231 897 3285 διά
937 3234 1111 3301 μέσου,
1142 3236 1318 3306 λόγον,
1354 3241 1514 3315 εἴπερ
1544 3222 1699 3312 λόγος
1726 3222 1926 3321 ἐστὶνή

343 3315 762 3392 ἀνδραποδώδης
793 3324 956 3377 αὑτοῦ
996 3326 1249 3399 λοιδορία,
1278 3335 1372 3386 καὶ
1400 3335 1467 3388 τὰ
1498 3338 1714 3406 ἄμουσα
1750 3341 1931 3414 σκώμ-

345 3423 510 3475 ματα,
533 3410 599 3481 διῖ
623 3404 697 3464 ὧν
716 3417 1068 3489 κατατρέχειν
1094 3420 1200 3473 τῶν
1225 3425 1514 3497 ἡμετέρων
1545 3430 1735 3495 οἴεται,
1752 3434 1928 3490 πάντα

341 3501 595 3571 παρήσω,
640 3503 929 3573 βδελυκτόν
970 3528 1029 3562 τε
1070 3514 1161 3565 καὶ
1194 3515 1356 3586 ἀηδὲς
1386 3518 1706 3590 ποιούμενος
1732 3526 1924 3580 τοσοῦ-

338 3605 450 3652 τοις
509 3592 815 3664 μολῦσμασι
869 3599 960 3652 τὸν
992 3601 1256 3675 ἡμέτερον
1293 3608 1698 3679 ὲμφορύνεσθαι
1743 3616 1922 3686 λόγον,

340 3677 527 3752 ὥσπερ
554 3683 605 3735 οἱ
629 3684 695 3737 τὰ
738 3686 948 3760 ὀχθώδη
993 3708 1051 3743 τε
1086 3694 1180 3747 καὶ
1224 3677 1456 3752 ὀδωδότα
1485 3702 1594 3755 τῶν
1627 3706 1800 3760 ἑλκῶν
1815 3677 1925 3779 ’μυί

340 3772 675 3842 σαττόμενοι,
708 3778 802 3832 καὶ
842 3778 1362 3854 δυσανασχετοῦντες
1396 3790 1495 3861 τὴν
1520 3792 1648 3848 θέαν
1675 3796 1783 3851 τῶν
1814 3800 1924 3853 ἀπὸ

337 3863 691 3937 πληθωρικῆς
725 3887 866 3933 τινος
905 3872 1246 3946 βαρυχυμίας
1278 3879 1345 3932 δι’
1370 3882 1796 3957 ἀκροχορδόνων,
1828 3892 1922 3947 καὶ

335 3954 478 4020 ἥλων
505 3957 907 4017 ἁλλοιωθέντων
929 3966 1027 4037 τὴν
1047 3969 1386 4038 ἐπιφάνειαν.
1410 3976 1513 4029 Τὸν
1536 3978 1591 4030 δὲ
1612 3980 1735 4033 νοῦν
1755 3984 1919 4038 αὐτοῦ

332 4046 400 4098 δι’
452 4048 648 4117 ὀλίγων
687 4052 998 4125 ἐκθέμενος,
1049 4060 1148 4132 τὴν
1206 4056 1407 4136 πολλὴν
1467 4068 1574 4123 τῶν
1613 4074 1920 4144 εἰρημένων

333 4138 799 4211 παραδραμοῦμεν
824 4146 1113 4205 δυσωδίαν.

1490 391 1766 451 CONTRA
1806 398 2198 473 EUNOMIUM,
2233 408 2361 467 LIB.
2382 412 2511 471 ΧΗ.

3502 436 3529 492 Ι
3546 436 3647 497 tm

1556 525 1601 578 ῳ
1655 510 1774 583 Θεῷ
1822 515 1966 570 κατά
1992 521 2039 576 Α
2065 530 2135 593 ut
2154 524 2297 581 hunc
2328 544 2633 588 sermonem
2658 537 2922 605 proferat,
2972 541 3117 614 quod
3149 543 3391 617 ingenito
3413 548 3523 609 Deo
3555 571 3644 613 se-

2067 617 2303 672 cundum
2324 630 2572 678 naturam
2596 629 2815 696 quidem
2834 638 2918 687 est
2937 638 3237 702 generatio,
3271 643 3517 711 privatus
3546 661 3644 703 au-

2066 715 2170 761 tem
2202 725 2267 763 eo
2301 714 2445 781 quod
2480 720 2882 775 estsecundum
2917 733 3168 783 naturam
3203 746 3268 785 ex
3316 734 3500 802 genito
3530 738 3641 795 Deo

2064 802 2208 869 quod
2257 806 2405 873 prius
2432 819 2569 873 erat,
2617 810 2798 868 factus
2837 822 2923 870 est
2962 827 3151 886 postea
3194 822 3507 894 ingenitus?
3530 830 3635 887 Sed

2063 891 2179 947 haec
2206 906 2334 950 sunt
2361 898 2645 957 rhetoricae
2665 906 2915 975 artiﬁcia,
2940 925 3135 983 nempe
3163 915 3218 971 in
3243 891 3328 976 his
3351 921 3404 976 in
3437 925 3637 994 quibus

2061 988 2536 1056 reprehenduntur
2571 997 2897 1067 quibusdam
2931 1008 3216 1064 accersitis
3262 1016 3518 1081 personis
3548 1034 3637 1075 re-

2061 1079 2484 1147 prehensionum
2515 1085 2755 1146 dedecus
2806 1093 3184 1169 subterfugere
3216 1116 3231 1168 ;
3263 1079 3347 1158 sic
3367 1112 3421 1160 et
3448 1106 3517 1163 de
3542 1109 3634 1165 illa

2062 1169 2382 1229 defensione
2440 1176 2702 1247 defendit,
2753 1182 3039 1253 judicibus
3108 1199 3164 1245 et
3209 1199 3634 1257 accusatoribus

2061 1266 2431 1324 accusationis
2467 1272 2681 1343 culpam
2716 1284 2770 1330 et
2797 1292 3020 1335 causam
3056 1286 3362 1355 ascribens,
3397 1307 3507 1348 non
3538 1309 3634 1350 ac-

2059 1364 2364 1417 cusatores.
2394 1377 2501 1415 non
2532 1364 2801 1433 judicium
2826 1411 2842 1436 ,
2882 1387 2991 1427 non
3030 1374 3289 1445 iudiciale
3323 1382 3504 1440 forum
3539 1403 3633 1443 va-

2058 1447 2174 1503 lens
2196 1453 2500 1510 ostendere.
2539 1456 2606 1511 Et
2639 1476 2784 1517 nunc
2819 1471 2880 1518 ut
2943 1467 3176 1526 alienam
3242 1476 3533 1534 stultitiam
3578 1491 3635 1539 et

2058 1539 2361 1599 fatuitatem
2422 1549 2726 1620 corrigens,
2771 1570 2830 1611 se
2862 1556 2917 1611 in
2971 1564 3356 1623 necessitatem
3416 1570 3499 1627 sic
3544 1573 3631 1628 lo-

2055 1637 2257 1704 quendi
2289 1641 2503 1697 venisse
2533 1643 2686 1701 dicit.
2722 1646 2848 1704 Haec
2907 1661 2991 1707 est
3038 1658 3391 1727 reprehensio
3428 1676 3631 1723 nostrae

2056 1726 2379 1787 insanabilis
2423 1735 2802 1803 absurditatis,
2835 1748 2889 1795 et
2925 1726 3194 1804 simulatae
3246 1760 3411 1823 atque
3438 1772 3629 1827 repre-

2056 1819 2340 1877 hensibilis
2365 1825 2662 1897 religionis.
2706 1828 2811 1887 Sed
2837 1850 2936 1890 nos
2974 1836 3187 1911 indigos
3217 1819 3350 1899 dicit
3384 1819 3628 1904 non-ha-

2051 1914 2179 1967 bere
2204 1915 2335 1983 quid
2368 1917 2423 1972 in
2458 1924 2744 1988 praesentia
2767 1940 2992 1996 agamus
3024 1938 3077 1985 et
3097 1948 3206 2003 quo
3223 1950 3634 2008 nosvertainus,

2048 2004 2179 2073 quin
2220 2006 2383 2061 etiam
2414 2013 2694 2079 penuriam
2736 2025 2983 2074 nostram
3033 2026 3339 2095 occultare;
3371 2043 3435 2084 ac
3465 2031 3618 2087 illum

1948 2134 1953 2137 μ
2047 2097 2266 2166 quidem
2298 2117 2363 2155 ex
2394 2103 2574 2159 verbis
2600 2106 2670 2159 ob
2687 2108 2874 2163 mundi
2899 2111 3222 2181 sapientiam
3251 2118 3574 2175 calumniari
3605 2140 3620 2177 :

2046 2187 2195 2256 ipsos
2222 2204 2350 2244 vero
2379 2193 2552 2246 sancti
2611 2192 2849 2265 Spiritus
2883 2201 3189 2259 doctrinam
3247 2209 3407 2265 nobis
3442 2211 3622 2267 vindi-
3650 2216 3651 2219 “

2044 2295 2192 2335 care.
2230 2283 2387 2337 Aliud
2419 2284 2522 2340 hoc
2581 2292 2877 2355 somnium,
2912 2301 3120 2350 tantum
3154 2298 3260 2354 sibi
3303 2300 3407 2371 ipsi
3433 2303 3623 2362 adesse

2043 2381 2281 2429 externae
2332 2377 2610 2447 sapientize
2666 2390 2878 2450 putare,
2932 2395 2992 2440 ut
3045 2398 3332 2460 propterea
3360 2395 3622 2455 terribilis

2043 2464 2245 2522 Basilio
2275 2468 2540 2525 videatur.
2602 2472 2693 2528 Sic
2742 2476 2965 2546 quidam
3010 2482 3173 2536 etiam
3225 2499 3348 2540 cum
3399 2490 3620 2559 regibus

2042 2558 2206 2614 simul
2256 2564 2444 2618 eodem
2480 2564 2533 2618 in
2596 2568 2735 2622 solio
2771 2570 2984 2637 sedere,
3037 2583 3092 2629 et
3131 2576 3326 2634 altiore
3354 2558 3621 2653 dignitate

2040 2667 2160 2707 esse
2199 2668 2340 2724 saepe
2380 2670 2439 2710 se
2466 2656 2658 2727 dignos
2712 2663 3078 2730 somniarunt,
3113 2666 3245 2722 falsa
3278 2674 3617 2730 somniorum

2039 2743 2276 2813 imagine
2305 2760 2373 2800 ex
2412 2762 2540 2801 vera
2583 2750 2883 2820 cupiditate
2929 2754 3071 2811 hanc
3115 2758 3250 2826 ipsis
3302 2761 3617 2833 opinionem

2038 2835 2355 2904 inserente;
2406 2855 2514 2893 non
2549 2840 2857 2909 habentem,
2896 2848 2990 2914 ait,
3051 2848 3316 2907 Basilium
3379 2855 3511 2926 quid
3546 2859 3613 2914 ad

2037 2926 2181 2982 dicta
2209 2931 2537 2999 respondeat
2565 2934 2846 2991 criminari
2872 2938 3049 3007 ipsum
3079 2943 3150 2997 ob
3190 2946 3379 3002 mundi
3402 2950 3617 3019 sapien-

2035 3019 2189 3074 tiam.
2224 3018 2400 3090 Magni
2430 3022 2647 3091 quidem
2682 3025 2845 3081 talem
2888 3030 3325 3090 criminationem
3380 3018 3527 3107 fecit,
3554 3050 3616 3097 ut

2035 3118 2381 3173 existimetur
2417 3118 2677 3177 terribilis
2718 3125 3011 3184 verborum
3041 3131 3197 3202 copia
3238 3133 3484 3204 cuilibet,
3517 3154 3614 3194 ne-

1959 3200 2001 3257 C
2032 3215 2161 3271 dum
2208 3215 2412 3272 Basilio
2438 3226 2492 3273 ct
2522 3220 2683 3276 alicui
2712 3200 3135 3297 discipulorum,
3170 3229 3213 3288 si
3239 3200 3614 3309 qliidem'quis

2032 3312 2250 3382 penitus
2277 3321 2360 3369 est
2391 3317 2688 3372 secundum
2715 3319 2893 3389 ipsum
2927 3323 3011 3376 vel
3047 3322 3169 3379 fuit.
3206 3326 3313 3382 Sed
3345 3330 3613 3390 interme-

2030 3408 2179 3463 dium
2213 3423 2541 3475 sermonem,
2565 3413 2612 3469 si
2637 3414 2855 3486 quidem
2885 3432 3067 3472 sermo
3096 3428 3179 3477 est
3207 3425 3407 3482 servile
3434 3427 3611 3499 ipsius

2031 3506 2360 3571 convicium,
2398 3515 2452 3561 et
2486 3508 2704 3564 indocta
2737 3519 2901 3581 atque
2948 3513 3135 3585 inepta
3158 3534 3483 3590 scomnnta,
3512 3543 3609 3596 per

2031 3618 2151 3674 quae
2174 3602 2227 3657 in
2266 3611 2454 3658 nostra
2502 3605 2785 3662 incurrere
2817 3610 3136 3679 arbitratur,
3163 3618 3349 3675 omnia
3381 3632 3607 3692 praeter-

2020 3700 2597 3763 mittam,cxsecrabile
2623 3712 2678 3757 et
2702 3705 3127 3765 abominandum
3151 3714 3496 3783 existimans,
3512 3706 3607 3777 tot

2024 3796 2300 3865 tantisque
2349 3797 2743 3867 pollutionihus
2801 3817 3113 3861 sermonem
3149 3820 3398 3868 nostrum
3432 3814 3606 3873 infer-

2032 3892 2154 3956 ciri,
2195 3892 2652 3961 quemadmodum
2688 3896 2781 3966 qui
2811 3902 3133 3966 praetumida
3168 3915 3223 3960 et
3251 3914 3388 3964 tetra
3418 3910 3602 3969 ulcera

2021 3987 2428 4053 abominantur,
2477 4004 2728 4060 aegreque
2780 3991 2966 4049 ferunt
2998 4003 3372 4068 spectaculum
3412 4022 3602 4064 eorum

2018 4095 2141 4148 quae
2159 4097 2223 4135 ex
2260 4082 2442 4152 aliqua
2476 4083 2657 4152 gravis
2692 4085 2943 4143 humoris
2984 4092 3285 4162 rcpletione
3308 4114 3602 4168 perverru-

2018 4187 2113 4229 cas
2142 4185 2197 4230 et
2226 4176 2410 4232 clavos
2457 4177 2745 4234 immutata
2803 4191 2952 4250 sunt,
2988 4183 3042 4239 in
3091 4189 3234 4246 cutis
3287 4194 3601 4264 superﬁcie.

2061 4227 2108 4229 es
2150 4227 2190 4230 ,,
2233 4227 2407 4232 μ.--
2458 4227 2745 4234 --_---_-_-_
2803 4227 2952 4250 -..-..,
3092 4227 3117 4240 ν

333 4227 567 4285 Sensum
598 4234 840 4304 ipsorum
902 4255 1026 4295 cum
1073 4244 1265 4314 paucis
1329 4263 1633 4319 exposuero
1683 4257 1906 4313 multam
1950 4262 2194 4334 ipsorum
2222 4269 2642 4339 graveolentiam
2674 4281 3117 4342 praetercurram.

403 4324 596 4379 Ἔσται
624 4327 681 4382 δέ
707 4347 795 4399 μοι
819 4333 957 4398 τέως
984 4339 1101 4390 κατ’
1135 4339 1446 4416 ἐλευθερίαν
1474 4348 1503 4399 ὀ
1542 4348 1697 4417 λόγος
1730 4351 1912 4417 διεξα-

328 4416 577 4488 γόμενος,
630 4423 780 4476 οῦδὲν
815 4427 951 4497 πρὸς
1004 4431 1066 4484 τὸ
1101 4434 1514 4504 ἐπηρεαστικῶς
1568 4445 1908 4514 σπαράσσειν

2087 4360 2204 4415 Erit
2235 4369 2415 4418 autem
2442 4363 2574 4418 mihi
2605 4380 2704 4435 pro
2752 4366 3005 4425 libertate
3038 4387 3220 4429 sermo
3252 4376 3346 4445 qui
3396 4378 3598 4447 produ-

2016 4453 2179 4517 citur,
2211 4455 2306 4526 qui
2334 4472 2446 4511 non
2473 4458 2540 4511 ad
2571 4459 2909 4516 calumniose
2965 4461 3382 4535 discerpendum
3431 4471 3597 4541 quid-

326 4522 379 4560 τι
432 4508 539 4562 τῶν
579 4510 886 4584 λεγομένων
932 4519 1415 4595 ἐπιστρεφόμενος.
1460 4530 1577 4595 Πᾶς
1606 4532 1758 4600 λόγος
1787 4536 1815 4588 ὅ
1844 4554 1906 4604 γε

331 4598 382 4620 ιλ
396 4598 501 4620 “n.-
529 4618 540 4620 -
565 4601 582 4620 ‘.
607 4601 619 4620 Ι
1068 4612 1079 4620 ⁸
1173 4614 1184 4620 ⁵
1252 4617 1260 4620 ³
1451 4618 1457 4620 “

2167 4508 2179 4517 ,
2220 4508 2279 4526 τ
2478 4508 2540 4511 η
2579 4508 2909 4516 *ην----μην
2965 4508 3382 4535 υ.υνυ.,.ι.........
3431 4508 3596 4541 ην...-

2029 4562 2178 4615 ιυεηι
2229 4563 2419 4603 eorum
2467 4566 2589 4620 quae
2641 4552 2923 4618 dicuntur,
2976 4560 3335 4615 convertitur.
3403 4561 3596 4619 Omnis

325 4598 542 4668 ἀληθῶς
565 4601 743 4670 λόγος,
782 4612 1087 4682 σημαντικὴ
1131 4614 1215 4677 τίς
1246 4617 1361 4669 ἐστι
1392 4618 1499 4672 τῶν
1540 4624 1659 4674 κατ’
1702 4623 1909 4678 ἔννοιαν

326 4692 640 4761 κινημάτων
669 4697 842 4767 φωνή.
885 4699 1043 4755 Πᾶσα
1064 4703 1120 4756 δὲ
1150 4706 1249 4775 τῆς
1277 4708 1463 4774 ὑγιοῦς
1486 4710 1723 4777 διανοίας
1754 4716 1909 4788 ἐνέρ-

325 4785 451 4848 γειά
473 4801 534 4836 τε
574 4786 669 4839 καὶ
728 4788 963 4860 κίνησις,
992 4795 1129 4865 πρὸς
1161 4798 1259 4868 τὴν
1297 4800 1406 4853 τῶν
1432 4803 1600 4858 ὄντων
1623 4808 1824 4873 γνῶσίν
1848 4828 1908 4863 τε

324 4877 416 4928 καὶ
447 4877 700 4948 θεωρίαν,
724 4880 799 4943 ὡς
821 4882 888 4936 ἂν
917 4881 1027 4939 οἷόν
1056 4905 1115 4940 τε
1158 4885 1213 4963 ᾖ,
1248 4890 1457 4960 βλέπει.
1481 4898 1614 4967 Διχῆ
1644 4900 1700 4953 δὲ
1735 4905 1909 4974 μεμέ-

324 4985 502 5039 ρισται
560 4972 668 5024 τῶν
705 4973 876 5028 ὄντων
908 4979 941 5047 ἡ
973 4978 1153 5047 φύσις.
1208 4984 1288 5045 εἰς
1329 5002 1388 5037 τε
1412 4986 1473 5039 τὸ
1516 4992 1704 5061 νοητὸν
1733 4996 1908 5050 καὶτὸ

320 5061 574 5129 αἰσθητὸν
606 5064 957 5139 διαιρουμένη
979 5087 992 5101 ·
1034 5072 1171 5127 ἀλλά
1198 5075 1306 5128 τῶν
1337 5078 1436 5147 μὲν
1480 5085 1597 5135 κατῖ
1654 5086 1905 5158 αἴσθησιν

322 5156 678 5224 φαινομένων,
722 5159 809 5212 διὰ
875 5162 935 5214 τὸ
992 5164 1280 5237 πρόχειρον
1337 5170 1436 5240 τῆς
1486 5178 1899 5245 κατανοήσεως,

320 5244 473 5313 κοινὴ
513 5247 794 5317 πρόκειται
828 5254 1022 5305 πᾶσιν
1054 5257 1086 5325 ὴ
1119 5256 1318 5325 γνῶσις
1342 5275 1356 5289 ·
1403 5263 1660 5334 οὐδεμίαν
1686 5270 1813 5338 περὶ

320 5333 674 5404 ὑποκείμενον
712 5343 1041 5411 ἀμφιϐολίαν
1073 5349 1409 5423 ἐμποιούσης
1446 5356 1545 5423 τῆς
1577 5359 1900 5431 αἰσθητικῆς

317 5421 645 5492 ἐπικρίσεως
670 5444 683 5456 ·
712 5432 810 5494 τάς
836 5452 893 5486 τε
922 5438 1029 5507 γὰρ
1058 5439 1167 5491 τῶν
1190 5444 1515 5513 χρωμάτων,
1545 5451 1639 5502 καὶ
1668 5453 1777 5505 τῶν
1797 5453 1899 5506 λοι-

316 5512 432 5564 πῶν
456 5519 754 5588 ποιοτήτων
780 5523 1065 5593 διαφορὰς,
1090 5530 1221 5594 ὅσας
1254 5534 1341 5586 διὰ
1382 5538 1481 5606 τῆς
1508 5538 1682 5607 ὅψεως
1712 5544 1807 5597 καὶ
1827 5545 1893 5599 δι’

315 5604 502 5675 ἀκοῆς,
531 5607 562 5678 ἢ
594 5610 931 5683 ὀσφρήσεως.
968 5619 1001 5687 ἢ
1062 5620 1162 5689 τῆς
1214 5626 1353 5678 κατὰ
1398 5604 1495 5700 την
1536 5604 1756 5706 ἀφὴν,ῆ
1794 5637 1892 5708 τὴν

312 5693 500 5760 γεῦσιν
531 5699 834 5771 αἰσθήσεως
872 5708 1243 5782 ὲπικρίνομεν,
1282 5719 1579 5787 ὁμοφώνως
1606 5726 1804 5789 πάντες
1838 5729 1887 5780 οἱ

302 5795 407 5866 τῆς
434 5790 600 5864 αὐτῆς
626 5801 1006 5869 κοινωνοῦντες
1043 5807 1278 5880 φύσεως,
1332 5814 1669 5890 γινώσκομέν
1704 5838 1762 5875 τε
1794 5826 1885 5878 καὶ

2014 4653 2194 4693 sermo
2223 4642 2314 4710 qui
2336 4657 2465 4697 vere
2492 4651 2577 4698 est
2606 4659 2808 4711 sermo,
2852 4647 3208 4717 signiﬁcativa
3242 4659 3328 4706 est
3357 4667 3461 4709 vox
3492 4654 3594 4709 im-

2012 4730 2323 4799 pnlsionum
2352 4750 2473 4805 quae
2504 4735 2559 4790 in
2598 4744 2779 4792 mente
2816 4738 2970 4792 ﬁunt.
3001 4738 3191 4797 Omnis
3228 4750 3412 4798 autem
3445 4760 3594 4802 sana:

2010 4823 2357 4893 cogitationis
2378 4826 2583 4882 functio
2609 4837 2662 4883 et
2686 4830 2910 4899 agitatio
2928 4831 2993 4884 ad
3014 4847 3195 4887 rerum
3223 4837 3590 4907 cognitionem

2008 4923 2065 4968 et
2114 4918 2631 4988 contemplationem
2682 4920 2862 4989 quoad
2897 4929 3075 4990 potest
3119 4931 3348 4992 spectat.
3383 4925 3589 4982 Rerum

2008 5011 2187 5060 autem
2222 5015 2415 5062 natura
2444 5008 2703 5078 bipartita
2731 5020 2853 5075 est;
2891 5012 3062 5066 altera
3115 5024 3296 5071 mente
3318 5017 3588 5084 cernitur,

2007 5112 2171 5152 sensu
2198 5099 2369 5153 altera
2398 5101 2733 5171 percipitur;
2776 5103 2871 5157 sed
2900 5104 3051 5171 ejus.
3082 5120 3205 5173 qua:
3258 5110 3448 5164 sensui
3485 5126 3587 5181 pa-

2006 5196 2099 5253 tet,
2127 5189 2253 5259 quia
2280 5194 2352 5247 sit
2375 5192 2430 5246 in
2465 5207 2628 5249 sensu
2656 5202 2710 5247 et
2745 5192 2903 5247 facile
2927 5205 3312 5263 cognoscatur,-
3339 5212 3586 5254 commu-

2002 5280 2084 5335 nis
2102 5282 2357 5336 omnibus
2385 5284 2709 5352 proponitur
2725 5286 2987 5355 cognitio,
3009 5288 3211 5341 nullam
3240 5288 3309 5344 de
3329 5290 3585 5361 subiecto

2001 5372 2406 5443 ambiguitatem
2465 5374 2697 5429 faciente
2750 5391 3010 5431 sensuum
3051 5378 3300 5447 judicio:
3334 5381 3583 5438 colorum

1998 5464 2143 5516 enim
2177 5464 2516 5520 differentias
2534 5475 2589 5520 et
2614 5467 2947 5537 reliquarum
2996 5471 3320 5540 qualitatum
3348 5474 3582 5531 varieta-

1997 5564 2081 5611 tes
2108 5573 2205 5627 per
2232 5559 2407 5611 visum
2433 5566 2487 5613 et
2508 5561 2778 5623 auditum,
2808 5563 3214 5631 velodoratum,
3234 5566 3318 5622 vel
3346 5574 3577 5633 tactum.

2001 5649 2082 5701 vel
2115 5657 2391 5717 gustatum
2411 5650 2798 5720 dijudicamus,
2820 5658 3061 5711 unanimi
3091 5672 3361 5715 consensu
3387 5676 3579 5716 omnes

1992 5740 2082 5807 qui
2104 5748 2310 5793 naturze
2332 5744 2637 5797 communis
2672 5752 2800 5799 sunt
2818 5748 3109 5817 participes
3122 5751 3504 5820 cognoscimus
3526 5763 3578 5807 et

1990 5830 2355 5885 nominamus.
2384 5831 2444 5884 Et
2464 5834 2666 5905 reliqua
2685 5852 3021 5911 quaecunque
3038 5842 3578 5913 comprehensionem
