4146 6386
496 388 640 446 “05

1757 396 1817 452 δ.
1849 394 2175 453 CREGORII
2209 388 2494 452 NYSSENI

3624 387 3764 445 ιιοι

487 506 840 573 exteriorem,
860 510 1148 582 magisque
1165 528 1260 584 per
1274 528 1486 570 summa
1507 528 1857 588 apparentem
1885 519 2085 574 habere

2202 517 2545 588 δνομάζοιιεν,
2571 516 2666 569 καὶ
2691 517 2789 569 δσα
2823 513 2930 567 τῶν
2959 510 3161 567 λοιπῶν
3191 510 3289 581 τὴν
3323 507 3626 579 κατάληψιν
3650 510 3771 561 ὲπι-

487 599 889 670 videntur,qu:e
911 603 966 657 in
1003 604 1111 658 vita
1133 617 1319 662 nostra
1346 617 1717 673 versantur,et
1747 626 1866 681 quae
1895 611 1964 664 ad
1996 612 2098 672 ci-.

487 689 648 742 vilem
676 692 842 745 vitam
897 699 952 747 et
979 693 1046 747 ad
1075 696 1336 752 moralem
1367 698 1491 752 vita:
1519 714 1745 769 scopum
1774 700 2077 770 pertinent.

488 779 558 831 At
587 795 717 833 vero
739 781 792 834 in
823 785 1288 854 contemplatione
1316 796 1526 841 naturae
1557 788 1932 860 intelligentia.
1987 806 2080 846 so-

494 871 657 941 laque
684 881 865 928 mente
890 876 1285 946 perceptibilis,
1307 880 1435 949 quia
1461 879 1578 950 ipsa
1605 896 1772 951 supra
1808 897 2079 936 sensuum

491 964 1036 1032 comprehensionem
1059 969 1162 1022 sita
1179 979 1284 1038 est,
1303 970 1753 1040 conjecturaliter
1775 973 2082 1044 intelligen-

494 1055 568 1106 tia
593 1064 879 1125 appetente
909 1074 971 1112 ea
1006 1075 1126 1130 qua:
1149 1077 1372 1117 sensum
1395 1062 1679 1134 effugiunt,
1704 1064 1795 1119 alii
1831 1065 1989 1120 aliter
2014 1065 2082 1119 ad

494 1146 546 1199 id
578 1147 720 1217 quod
750 1150 1010 1218 quaeritur
1042 1168 1344 1217 movemur,
1373 1156 1674 1211 secundum
1704 1172 1823 1212 eam
1847 1173 1968 1228 qua:
1994 1157 2083 1210 in-

495 1247 786 1305 generatur
836 1243 1035 1312 cuique
1059 1245 1126 1300 de
1173 1246 1422 1317 subjecto
1456 1246 1870 1317 intelligentiam
1899 1247 2082 1319 quoad

495 1329 614 1386 ﬁeri
641 1340 822 1402 potest
845 1336 1043 1391 mentis
1071 1348 1401 1408 conceptum
1457 1339 1839 1402 enuntiamus,
1881 1354 2081 1409 appro-

496 1423 851 1493 pinquantes,
885 1435 945 1480 ut
973 1426 1098 1484 licet
1116 1430 1370 1495 maxime,
1397 1429 1464 1485 ad
1487 1431 1888 1486 intellectorum
1913 1431 2082 1486 facul-

495 1521 663 1568 tatem
721 1531 819 1586 per
873 1519 1170 1574 verborum
1219 1520 1514 1576 dilucidam
1595 1521 2082 1593 signiﬁcationem.

567 1607 626 1659 In
656 1607 743 1662 his
764 1619 943 1664 autem
979 1625 1123 1681 saepe
1149 1611 1274 1667 licet
1305 1627 1403 1683 per
1433 1621 1668 1684 utraque
1706 1613 1852 1684 quod
1883 1614 2086 1685 quaeri-

500 1703 590 1751 tur
621 1698 878 1765 obtineri,
925 1716 1048 1755 cum
1104 1717 1205 1758 nec
1261 1703 1622 1774 intelligentia
1679 1705 1896 1761 aberret
1945 1720 1976 1759 a
2026 1719 2086 1760 re

498 1790 751 1858 quaesita.
776 1799 830 1845 et
857 1807 960 1846 vox
999 1793 1215 1849 directo
1283 1795 1485 1851 mentis
1507 1804 1834 1866 conceptum
1860 1810 1957 1866 per
1984 1811 2084 1850 na-
2140 1843 2146 1852 .

2189 611 2540 682 πολαιοτέραν
2564 609 2705 677 ἔχειν
2747 609 2894 661 δοκεῖ
2923 605 3064 660 κατά
3098 604 3190 657 τὸν
3219 603 3330 673 βίον
3361 604 3772 672 ἀναστρεφομέ-

2188 720 2293 755 νων
2321 701 2680 772 πραγμάτων,
2731 699 2768 753 ἃ.
2805 699 2941 769 πρός
2991 715 3050 750 τε
3096 697 3188 749 τὸν
3220 694 3517 758 πολιτικὸν,
3557 695 3650 746 καὶ
3677 692 3772 745 τὸν

2189 793 2379 861 ἠθικὸν
2410 793 2504 847 τοῦ
2539 792 2653 862 βίου
2683 791 2884 843 σκοπὸν
2933 788 3305 857 καταγίνεται.
3347 787 3435 839 Ἐν
3466 786 3523 838 δὲ
3548 788 3614 856 τῇ
3637 784 3773 837 θεω-

2191 886 2282 957 ρίᾳ
2314 887 2412 956 τῆς
2435 887 2624 956 νοερᾶς
2650 882 2883 952 φύσεως,
2908 881 2996 934 διὰ
3020 881 3079 933 τὸ
3106 877 3651 951 ὑπερκεῖσθαι-αὑτὴν
3670 876 3774 946 τῆς

2189 977 2511 1047 αἰσθητικῆς
2577 974 2958 1046 καταλήψεως,
3011 971 3381 1042 στοχαστικῶς
3412 972 3510 1040 τῆς
3534 969 3776 1032 διανοίας

2190 1066 2598 1137 ἐπορεγομένης
2630 1065 2736 1119 τῶν
2767 1063 3141 1133 έκφευγόντων
3171 1062 3269 1132 τὴν
3309 1061 3582 1131 αἴσθησιν,
3622 1058 3774 1112 ἄλλοι

2190 1158 2366 1221 ἄλλως
2413 1156 2711 1226 κινούμεθά
2766 1173 2825 1208 τε
2879 1156 3010 1226 περὶ
3036 1155 3095 1207 τὸ
3127 1152 3478 1224 ζητούμενον,
3512 1152 3605 1204 καὶ
3635 1150 3776 1204 κατὰ

2190 1251 2290 1320 τὴν
2347 1250 2703 1320 ὲγγινομένην
2742 1249 2957 1320 ἑκάστῳ
2988 1248 3116 1318 περὶ
3161 1247 3220 1298 τὸ
3253 1244 3613 1315 ὑποκείμενον
3655 1242 3773 1295 διά-

2191 1360 2357 1408 νοιαν,
2387 1344 2534 1405 ὅπως
2560 1337 2671 1395 οἷόν
2694 1357 2752 1394 τε
2780 1339 2834 1412 ᾖ,
2865 1341 2926 1393 τὸ
2955 1339 3144 1406 νοηθὲν
3172 1336 3586 1406 ἐξαγγέλλομεν,
3625 1333 3778 1403 έγγίυ

2193 1434 2376 1498 ζοντες
2403 1434 2478 1496 ὼς
2513 1433 2591 1486 ἔνι
2621 1434 2853 1504 μάλιστα
2885 1435 2951 1503 τῇ
2982 1431 3207 1502 δυνάμει
3239 1430 3348 1484 τῶν
3370 1427 3667 1498 νοηθέντων
3689 1426 3777 1480 διὰ

2190 1528 2289 1597 τῆς
2311 1525 2420 1578 τῶν
2453 1525 2711 1595 ῥημάτων
2745 1524 3060 1594 ἐμφάσεως.

2278 1616 2366 1668 Ἐν
2381 1616 2438 1669 δὲ
2466 1610 2687 1679 τούτοιςἶ
2707 1613 2818 1668 ἐστι
2842 1613 2941 1683 μὲν
2965 1611 3222 1673 πολλάκις
3238 1609 3332 1662 καὶ
3358 1608 3425 1663 δι’
3453 1608 3776 1680 ἀμφοτέρων

2192 1703 2600 1775 κατορθωθῆναι
2633 1703 2695 1755 τὸ
2729 1700 3163 1771 σπουδαζόμενον
3193 1700 3290 1768 τῆς
3318 1715 3377 1752 τε
3414 1697 3650 1755 διανοίας
3680 1697 3778 1768 οὑχ

2193 1798 2544 1869 ἁμαρτούσης
2574 1794 2668 1848 τοῦ
2708 1794 3066 1865 ζητουμένου,
3097 1792 3191 1845 καὶ
3222 1791 3322 1860 τῆς
3351 1790 3533 1860 φωνῆς
3564 1788 3780 1841 εὑθυϐό-

500 1881 670 1936 tivam
696 1883 1200 1955 interpretationem
1255 1889 1521 1942 enuntiet.
1554 1887 1830 1944 Interdum
1855 1888 2091 1944 fortasse

2202 1891 2297 1953 λως
2355 1887 2418 1942 τὸ
2457 1887 2647 1960 νοηθὲν
2671 1886 2759 1940 διά
2803 1885 2904 1955 τῆς
2940 1882 3249 1956 προσφυῶς
3283 1881 3575 1952 ἑρμηνείας
3621 1881 3780 1948 ἑξαγ-

500 1974 700 2028 accidit
729 1975 796 2029 ab
826 1976 1076 2045 utrisque
1107 1977 1189 2032 vel
1222 1978 1417 2033 borum
1439 1980 1610 2034 altero
1637 1979 1915 2043 aberrare,
1962 1994 2088 2034 cum

498 2065 586 2119 vel
633 2067 1087 2136 compreliensiva
1129 2068 1515 2139 intelligentia,
1543 2071 1629 2125 vel
1682 2071 2094 2141 interpretativa

501 2155 736 2210 facultas
769 2156 837 2211 ab
868 2172 934 2212 eo
958 2157 1102 2228 quod
1135 2159 1414 2222 convenit,
1441 2161 1798 2215 transversim
1821 2168 1878 2216 et
1907 2176 2094 2231 perpe-

503 2262 620 2299 ram
663 2246 855 2302 fertur.
917 2249 1054 2302 Cum
1107 2250 1272 2320 igitur
1328 2251 1438 2305 duo
1494 2252 1604 2306 sint
1628 2252 1832 2322 quibus
1876 2253 2097 2306 omnino

501 2338 679 2392 oratio
704 2339 982 2409 dirigitur,
1008 2357 1204 2410 nempe
1227 2351 1374 2396 certa
1406 2343 1752 2400 conﬁrmatio
1779 2344 1897 2400 sive
1933 2359 2095 2399 secu-

504 2430 660 2492 ritas,
695 2446 815 2500 quae
842 2431 898 2484 ﬁt
936 2432 988 2485 in
1023 2441 1203 2488 mente
1241 2444 1293 2488 et
1320 2434 1676 2506 intelligentia
1709 2453 1725 2502 ;
1779 2445 1834 2490 et
1863 2451 1984 2506 quae
2010 2443 2097 2492 est

504 2524 560 2576 in
591 2523 772 2578 verbis
806 2525 1057 2593 prolatio,
1085 2528 1434 2594 praestantius
1458 2542 1672 2596 semper
1694 2527 1912 2596 quidem
1933 2528 2098 2583 fuerit

503 2611 646 2682 quod
673 2627 768 2682 per
791 2620 1083 2683 utrumque
1113 2615 1398 2684 probatur.
1425 2613 1544 2669 Non
1571 2616 1752 2671 minus
1785 2624 1969 2672 autem
1987 2617 2096 2672 bo-

503 2719 637 2758 num
661 2719 692 2758 a
727 2704 1078 2758 convenienti
1109 2705 1374 2776 opinione
1403 2722 1510 2760 non
1537 2707 1817 2773 aberrare,
1847 2709 2100 2777 quamvis

505 2795 866 2864 intelligentia
931 2797 1110 2852 oratio
1193 2797 1266 2854 sit
1321 2797 1567 2852 inferior.
1625 2798 1763 2853 Cum
1828 2799 1991 2870 igitur
2043 2800 2100 2854 in

505 2887 742 2941 excelsis
808 2894 862 2940 et
922 2886 1096 2942 aciem
1130 2889 1413 2943 oculorum
1462 2889 1847 2961 eﬁ'ugientibus
1898 2891 2100 2948 intelli-

508 2977 686 3044 gentia
748 2976 989 3033 studium
1027 2986 1082 3034 et
1123 2993 1346 3048 operam
1383 2981 1574 3050 ponit,
1628 2981 1694 3035 ad
1743 2998 1864 3052 qua:
1902 2998 2104 3040 sensus

509 3083 617 3122 non
656 3069 904 3136 pervenit
936 3087 950 3124 :
985 3070 1180 3140 loquor
1212 3079 1392 3126 autem
1443 3072 1511 3126 de
1531 3073 1714 3127 divina
1745 3084 1800 3128 et
1834 3073 2102 3130 ineffabili

511 3167 729 3221 natura,
761 3159 816 3212 in
846 3158 1043 3228 quibus
1077 3159 1255 3214 audax
1314 3160 1528 3216 facinus
1563 3171 1711 3218 esset
1762 3173 2010 3234 prompte
2045 3172 2100 3219 et

511 3249 620 3304 cito
653 3249 1009 3320 intelligentia
1036 3252 1163 3320 quid
1196 3266 1427 3320 rapere;
1457 3251 1551 3307 sed
1577 3253 1842 3310 audacius
1869 3255 2100 3324 quibus-

512 3339 644 3394 libet
672 3341 898 3395 vocibus
931 3342 1271 3395 committere
1318 3341 1438 3409 ejus
1464 3358 1588 3411 quze
1613 3343 1771 3398 nobis
1804 3341 2090 3414 ingenera—

513 3442 604 3484 tur
623 3431 901 3500 opinionis
921 3431 1452 3501 interpretationem,
1473 3441 1606 3488 tunc
1626 3435 1806 3490 valere
1820 3434 2100 3505 jubeutes,

514 3521 607 3591 qui
635 3532 720 3578 est
755 3523 811 3576 in
849 3523 1051 3589 verbis,
1085 3538 1306 3586 sonum,
1338 3524 1416 3580 sic
1444 3524 1530 3580 vel
1577 3526 1735 3583 aliter
1764 3527 2102 3597 loquentium

513 3613 725 3668 viribus
749 3614 1115 3682 enuntiatum,
1171 3616 1343 3671 solam
1380 3633 1504 3687 quae
1540 3617 1723 3675 verbis
1767 3619 2107 3690 significatur

517 3705 930 3776 intelligentiam
988 3709 1331 3777 exquirimus
1363 3718 1547 3764 utrum
1611 3725 1764 3775 sane,
1805 3711 1922 3767 sive
1949 3712 2108 3767 aliter

515 3797 699 3860 habet,
726 3798 824 3853 has
857 3797 1102 3854 verbales
1131 3800 1214 3855 vel
1237 3802 1540 3856 nominales
1563 3801 1897 3858 subtilitates
1927 3818 2108 3873 gram-

517 3890 864 3945 matistarum
921 3891 1132 3947 artibus
1171 3893 1537 3948 concedentes
1583 3894 1896 3964 :quoniam
1943 3895 2108 3966 igitur

518 3982 637 4038 sola
653 3998 774 4051 qua:
790 3993 1202 4052 cognoscuntur
1223 3999 1319 4053 per
1338 3985 1668 4040 nominalem
1687 3986 2107 4058 appellationem

519 4075 846 4145 signamus;
883 4090 1006 4144 quas
1037 4091 1168 4130 vero
1201 4076 1568 4146 cognitionem
1607 4086 1888 4147 superant,
1911 4077 2109 4132 notivis

519 4167 846 4236 quibusdam
887 4168 1340 4237 appellationibus
1389 4169 1676 4238 complecti
1726 4167 1809 4224 fas
1857 4184 1966 4224 non
2001 4175 2107 4225 est.

521 4259 805 4324 Quomodo
821 4261 963 4312 enim
983 4260 1127 4329 quod
1155 4261 1436 4330 ignoratur
1458 4262 1783 4315 notaretur?
1816 4259 2109 4331 Propterea

523 4368 645 4404 «eum
695 4351 842 4404 nulla
902 4351 956 4405 in
997 4351 1133 4421 ipsis
1183 4353 1368 4406 nativa
1433 4351 1746 4406 inveniatur
1794 4352 2106 4422 appellatio,

522 4459 642 4510 qua:
677 4443 980 4508 subjectum
1015 4443 1172 4512 plane
1203 4443 1496 4513 exprimat,
1551 4443 1740 4498 multis
1767 4451 1822 4496 et
1871 4442 2108 4499 diversis

524 4535 854 4594 nominibus,
919 4534 1098 4604 quoad
1131 4534 1244 4589 ﬁeri
1300 4542 1498 4604 potest,
1529 4532 1599 4587 de
1627 4532 1914 4588 divinitate
1941 4534 2099 4588 inna-
2139 4548 2186 4605 ι)

525 4635 635 4678 tam
668 4625 825 4679 nobis
871 4624 1186 4693 opinionem
1221 4623 1464 4679 revelare
1499 4623 1770 4693 cogimur.
1812 4621 2108 4678 Verumta-

526 4733 648 4770 men
679 4733 801 4786 quae
869 4717 922 4771 iu
972 4725 1220 4772 nostram
1279 4716 1828 4786 comprehensionem
1882 4715 2108 4783 cadunt,

525 4809 654 4863 talia
687 4816 836 4872 sunt,
867 4818 926 4863 ut
951 4811 1196 4871 omnino,
1231 4809 1315 4864 vel
1343 4809 1397 4863 in
1443 4808 1628 4880 aliqua
1661 4809 1966 4865 intervallis
2025 4809 2112 4865 di-

528 4901 729 4954 stincta
754 4900 1078 4955 extensione
1125 4900 1570 4964 considerentur,
1608 4900 1694 4954 vel
1721 4899 1908 4955 localis
1943 4915 2112 4970 capa-

527 4991 712 5045 citatis
745 4991 993 5050 notitiam
1019 4992 1318 5060 praabeant,
1351 4992 1406 5046 in
1460 5006 1570 5062 qua
1634 4991 1938 5062 singularia
1987 5007 2114 5047 esse

527 5082 1104 5151 comprehenduntur;
1145 5084 1230 5139 vel
1259 5086 1313 5138 in
1354 5083 1609 5155 principii
1637 5093 1690 5139 et
1735 5083 1861 5139 ﬁnis
1911 5083 2115 5141 descri-

530 5173 717 5242 ptione
743 5173 799 5226 in
833 5179 1024 5228 nostro
1069 5180 1370 5242 conspectu
1410 5173 1572 5238 ﬁunt,
1623 5188 1692 5229 ex
1720 5187 1880 5243 ahquo
1907 5189 2113 5228 secun-

528 5260 660 5314 dum
696 5269 990 5331 utrumque
1026 5262 1320 5316 terminum
1354 5278 1420 5317 eo
1453 5261 1601 5332 quod
1639 5277 1747 5316 non
1777 5274 1863 5319 est
1893 5262 2110 5333 incipit,

529 5361 584 5409 et
609 5353 664 5408 in
701 5352 752 5407 id
775 5354 921 5422 quod
950 5369 1060 5409 non
1091 5361 1174 5409 est
1198 5353 1400 5410 desinit
1424 5372 1440 5421 ;
1474 5354 1557 5410 vel
1584 5354 1732 5424 quod
1753 5354 2001 5410 omnium
2029 5362 2114 5410 est

531 5452 896 5516 postremum,
926 5461 1023 5515 per
1057 5445 1427 5515 corporalium
1465 5445 1794 5515 qualitatum
1835 5446 2114 5515 composi-

533 5537 763 5600 tionem,
791 5537 938 5608 quod
970 5544 1196 5608 apparet
1229 5537 1773 5608 comprehendimus,
1825 5537 1914 5592 cui
1944 5545 1999 5592 et
2027 5537 2114 5592 in-

534 5631 733 5684 teritus
763 5637 817 5682 et
850 5629 1152 5699 perpessio,
1183 5637 1237 5683 et
1266 5630 1578 5693 conversio,
1611 5637 1666 5684 et
1697 5629 2028 5691 immutatio,
2061 5635 2116 5683 et

536 5736 660 5790 quae
715 5719 1049 5790 hujusmodi,
1105 5720 1357 5790 copulata
1413 5731 1559 5775 sunt.
1623 5720 1987 5786 Quamobrem
2057 5727 2116 5774 ut

540 5812 744 5869 nullam
771 5828 898 5868 eum
937 5813 1102 5871 rebus
1129 5813 1216 5869 his
1239 5812 1442 5870 inﬁmis
1495 5813 1876 5886 cognationem
1911 5811 2113 5867 habere

2193 1980 2504 2050 γελλούσης.
2545 1981 2700 2033 Ἔστι
2742 1978 2800 2031 δὲ
2852 1979 3016 2048 τυχὸν
3058 1977 3150 2030 καὶ
3203 1974 3556 2046 ἀμφοτέρων,
3605 1973 3637 2043 ἦ
3682 1971 3777 2026 τοῦ

2194 2073 2381 2143 ἑτέρου
2426 2089 2489 2140 γε
2545 2071 2751 2126 τούτων
2803 2071 3117 2139 ἀποτυχεῖν,
3155 2069 3188 2139 ἢ
3233 2069 3337 2137 τῆς
3370 2067 3779 2137 καταληπτικῆς

2193 2164 2451 2228 διανοίας,
2496 2162 2530 2233 ἢ
2582 2163 2682 2233 τῆς
2721 2161 3119 2233 ἑρμηνευτικῆς
3163 2159 3444 2230 δυνάμεως
3483 2157 3576 2211 τοῦ
3610 2173 3779 2228 προσ-

2195 2257 2420 2326 ήκοντος
2445 2251 2889 2322 παρενεχθείσης.
2913 2250 3018 2304 Δύο
3039 2249 3220 2302 τοίνυν
3247 2249 3415 2302 ὄντων
3436 2247 3502 2300 δι’
3525 2241 3602 2301 ὧν
3637 2248 3782 2309 ἆπας

2196 2346 2480 2400 εὐθύνεται
2523 2345 2700 2413 λόγος,
2743 2347 2845 2414 τῆς
2894 2360 2953 2396 τε
2998 2342 3138 2396 κατὰ
3173 2341 3264 2394 τὸν
3305 2341 3432 2395 νοῦν
3460 2339 3780 2409 ἀσφαλείας,

2197 2441 2292 2492 καὶ
2328 2439 2428 2510 τῆς
2457 2440 2513 2492 ὲν
2548 2437 2754 2507 ῥήμασι
2783 2435 3084 2506 προφορᾶς,
3117 2435 3360 2506 κρεῖττον
3393 2434 3489 2504 μὲν
3519 2426 3583 2488 ἄν
3612 2432 3697 2501 είη
3723 2431 3785 2484 τὺ

2197 2527 2261 2582 δι’
2290 2526 2616 2598 ἀμφοτέρων
2651 2524 2957 2594 εὐδόκιμον.
3013 2523 3126 2593 Ούχ
3159 2517 3320 2593 ἦττον
3341 2522 3396 2574 δὲ
3432 2521 3655 2590 ἀγαθὸν,
3683 2521 3786 2590 τῆς

2200 2617 2584 2691 προσηκούσης
2618 2616 2692 2687 μὴ
2733 2616 3053 2702 διαμαρτεῖν
3075 2614 3414 2684 ὑπολήψεως,
3438 2614 3542 2667 κᾶν
3578 2615 3606 2666 ό
3629 2613 3789 2681 λόγος

2199 2708 2435 2764 ἐλάττων
2488 2708 2588 2776 τῆς
2639 2705 2880 2768 διανοίας
2937 2704 3200 2774 τυγχάνῃ.
3229 2704 3398 2756 Ὅταν
3443 2703 3622 2757 τοίνυν
3654 2703 3787 2773 περὶ

2199 2800 2311 2856 τῶν
2340 2797 2560 2869 ὑψηλῶν
2583 2798 2677 2852 καὶ
2709 2797 2954 2851 ἀθεάτων
2976 2798 3007 2867 ἡ
3031 2797 3238 2850 διάνοια
3259 2795 3356 2865 τὴν
3385 2794 3618 2864 σπουδὴν
3639 2793 3777 2864 ἔχει,

2200 2887 2277 2950 ὧν
2301 2891 2402 2946 οὑκ
2417 2892 2718 2960 ἐφικνεῖται
2734 2891 2767 2959 ὴ
2791 2888 3041 2960 αἴσθησις
3057 2905 3072 2919 σ
3100 2887 3241 2956 λέγω
3272 2886 3329 2940 δὲ
3361 2886 3487 2956 περὶ
3513 2886 3612 2956 τῆς
3635 2884 3789 2944 θείας

2202 2984 2299 3039 καὶ
2347 2983 2633 3054 ἀφράστου
2671 2980 2913 3052 φύσεως·
2949 2983 3008 3034 ἐν
3048 2975 3130 3044 οἷς
3162 2978 3432 3050 τολμηρὸν
3464 2973 3532 3048 ἦν
3587 2977 3679 3029 καὶ
3728 2975 3791 3028 τὺ

2203 3074 2508 3146 προχείρως
2536 3091 2590 3127 τι
2610 3076 2677 3144 τῇ
2704 3072 2910 3142 διανοίᾳ
2937 3071 3145 3133 λαϐεῖν,
3163 3070 3564 3141 τολμηρότερον
3583 3066 3639 3119 δὲ
3667 3067 3791 3127 ταῖς

2205 3164 2584 3236 ὲπιτυχούσαις
2607 3163 2920 3233 ἐπιτρέπειν
2935 3163 3158 3231 φωναῖς,
3187 3160 3285 3232 τὴν
3309 3158 3409 3229 τῆς
3435 3155 3792 3226 ἐγγινομένης

2201 3257 2334 3327 ἡμῖν
2365 3254 2683 3325 ὑπολήψεως
2741 3251 3055 3322 ἑρμηνείαν,
3112 3249 3234 3302 τότε
3285 3248 3499 3320 χαίρειν
3531 3245 3792 3304 ἐάσαντες

2200 3345 2292 3399 τὸν
2319 3347 2379 3399 ὲν
2415 3344 2526 3408 τοῖς
2556 3346 2793 3416 ῥήμασιν
2815 3338 2970 3412 ἦχον,
2999 3339 3172 3404 οὑτως
3201 3340 3235 3410 ἢ
3286 3337 3485 3408 ἑτέρως
3518 3335 3660 3388 κατά
3691 3334 3794 3404 τὴν

2201 3435 2430 3504 δύναμιν
2457 3435 2566 3488 τῶν
2587 3432 2974 3502 φθεγγομένων
2998 3428 3477 3498 ὲξαγγελλόμενον,
3510 3424 3678 3495 μόνην
3704 3421 3782 3502 εξ-

2203 3523 2469 3594 ετάςομεν
2525 3521 2625 3594 τὴν
2679 3521 2917 3576 διάνοιαν
2963 3517 3062 3590 τὴν
3108 3515 3518 3587 ἐμφαινομένην
3547 3515 3659 3575 τοῖς
3693 3512 3796 3582 ρή-

2207 3631 2396 3686 μασιν,
2445 3616 2558 3670 εῐτε
2608 3613 2795 3684 ὑγιῶς,
2838 3617 2950 3670 εἴτε
2991 3610 3085 3664 καὶ
3130 3608 3302 3670 ἄλλως
3326 3606 3458 3676 ἔχει,
3487 3605 3587 3669 τὰς
3614 3606 3797 3674 ῥημα-

2204 3707 2362 3770 τικὰς
2384 3704 2587 3768 ταύτας
2613 3703 2646 3775 ἦ
2677 3701 3041 3773 όνομαστικὰς
3080 3699 3485 3772 ἀκριϐολογίας,
3529 3713 3793 3767 γραμμα-

2205 3795 2401 3850 τιστῶν
2421 3795 2636 3864 τέχναις
2657 3791 3179 3863 παραχωρήσαντες.
3199 3789 3418 3859 Ἐπειδὴ
3443 3787 3623 3841 τοίνυν
3652 3785 3790 3856 μόνα

2205 3889 2274 3942 τὰ
2299 3887 2677 3957 γινωσκόμενα
2720 3884 2811 3938 διά
2853 3884 2956 3952 τῆς
2996 3880 3364 3953 όνομαστικῆς
3412 3877 3793 3950 σημειούμεθα

2209 3978 2478 4050 κλήσεως,
2515 3977 2583 4030 τὰ
2623 3976 2679 4029 δὲ
2719 3974 2858 4044 ὑπὲρ
2882 3973 2980 4041 τὴν
3012 3973 3213 4043 γνῶσιν
3243 3973 3372 4025 ὄντα
3402 3972 3793 4041 σημειωτικαῖς

2206 4085 2320 4122 τισι
2341 4066 2733 4139 προσηγορίαις
2761 4063 3149 4134 διαλαμϐάνειν
3163 4063 3262 4133 οὑχ
3291 4057 3404 4115 οἷόν
3431 4078 3514 4115 τε.
3544 4060 3668 4124 Πῶς
3684 4059 3795 4131 γὰρ

2209 4161 2274 4214 ἄν
2303 4177 2388 4223 τις
2408 4159 2470 4211 τὸ
2499 4157 2860 4228 ἀγνοούμενον
2905 4155 3275 4228 σημειώσαιτο
3296 4171 3312 4220 ;
3337 4154 3434 4208 Διά
3453 4151 3613 4206 τοῦτο
3645 4151 3794 4204 οὑδει

2213 4253 2344 4324 μιᾶς
2373 4253 2458 4303 ἐπ’
2505 4249 2683 4303 αὑτῶν
2709 4248 3024 4320 προσφυοῦς
3072 4246 3467 4318 εὑρισκομένης
3521 4259 3796 4314 προσηγο-

2213 4340 2355 4412 ρίας,
2385 4340 2419 4410 ἢ
2440 4338 2500 4392 τὸ
2527 4338 2882 4408 ὑποκείμενον
2923 4336 3125 4400 ἱκανῶς
3169 4336 3530 4406 παραστήσει,
3578 4333 3794 4395 πολλοῖς

2212 4429 2306 4484 καὶ
2338 4427 2612 4498 διαφόροις
2658 4427 2937 4496 ὀνόμασιν,
2977 4425 3122 4488 ὅπως
3147 4423 3215 4477 ἂν
3248 4417 3553 4494 ᾖδυνατὸν,
3591 4420 3795 4473 ἀνακα-

2211 4520 2374 4591 λύψαι
2399 4517 2693 4591 βιαζόμεθα
2710 4517 2808 4588 τὴν
2826 4515 3194 4586 ἐγγενομένην
3213 4515 3345 4584 ἡμῖν
3367 4529 3436 4565 πε
3445 4512 3497 4583 pl.
3517 4510 3612 4564 τοὺ
3629 4509 3792 4562 Θείου

2214 4613 2482 4667 ὑπόνοιαν.
2551 4608 2711 4662 Ἀλλά
2758 4608 2866 4678 μὴν
2909 4606 2978 4662 τὰ
3004 4607 3110 4659 ὑπὸ
3152 4603 3456 4674 κατάληψιν
3519 4600 3792 4671 ἡμετέραν

2213 4705 2498 4776 ἐρχόμενα,
2531 4700 2756 4755 τοιαῦτά
2778 4701 2946 4763 ἐστιν,
2976 4699 3118 4751 ῶστε
3159 4696 3395 4758 πάντως,
3426 4694 3460 4764 ἦ
3489 4694 3546 4746 ὲν
3573 4694 3792 4761 διαστη-

2217 4795 2417 4865 ματικῇ
2439 4809 2544 4846 τινι
2567 4789 2874 4861 παρατάσει
2902 4787 3220 4858 θεωρεῖσθαι
3244 4786 3311 4840 τὰ
3337 4785 3485 4850 ὄντα,
3507 4785 3540 4855 ἢ
3564 4782 3790 4836 τοπικοῦ

2213 4888 2536 4958 χωρήματος
2567 4883 2828 4955 παρέχειν
2853 4881 2952 4952 τὴν
2986 4881 3213 4943 ἔννοιαν,
3250 4879 3307 4931 ἐν
3410 4878 3478 4930 τὰ
3521 4876 3641 4930 καθ’
3667 4878 3793 4928 ἔκα-

2215 4997 2337 5033 στον
2367 4975 2504 5032 εἶναι
2523 4975 3023 5047 καταλαμϐάνεται,
3052 4974 3086 5044 ἢ
3121 4977 3186 5045 τῇ
3211 4972 3350 5026 κατά
3375 4973 3472 5042 τὴν
3508 4968 3679 5041 ἀρχὴν
3701 4969 3794 5021 καὶ

2212 5074 2272 5127 τὸ
2303 5073 2456 5136 τέλος
2490 5073 2805 5142 περιγραφῇ
2827 5069 2978 5132 ἐντὸς
3008 5068 3217 5136 γίνεται
3239 5067 3336 5136 τῆς
3367 5063 3640 5135 ἡμετέρας
3669 5062 3794 5115 ἱπό-

2212 5163 2376 5233 ψεως,
2411 5162 2608 5234 ἐπίσης
2635 5161 2756 5215 καθ’
2786 5159 3045 5229 ἑκάτερον
3077 5157 3273 5227 πέρας,
3294 5153 3371 5225 τῷ
3400 5153 3475 5224 μὴ
3497 5153 3609 5206 δντι
3638 5167 3795 5222 περι-

2213 5255 2535 5326 γραφόμενα
2553 5270 2567 5286 °
2606 5255 2714 5307 πᾶν
2753 5252 2861 5322 γάρ
2885 5250 2943 5304 τὸ
2968 5250 3142 5320 ἀρχήν
3172 5266 3232 5301 τε
3259 5247 3358 5302 καὶ
3387 5243 3638 5315 τελευτὴν
3672 5243 3794 5313 ἔχον

2213 5349 2308 5403 τοῦ
2332 5345 2492 5414 εἶναι,
2547 5349 2612 5400 ἐκ
2651 5346 2748 5400 τοῦ
2787 5345 2861 5415 μὴ
2893 5344 3046 5406 ὄντος
3089 5342 3341 5412 ἄρχεται,
3376 5340 3469 5393 καὶ
3513 5341 3592 5400 είς
3617 5338 3679 5389 τδ
3719 5337 3792 5407 μὴ

2213 5442 2274 5496 ὂν
2307 5441 2603 5510 καταλήγει
2624 5458 2636 5471 ο
2669 5439 2702 5508 ἢ
2732 5438 2793 5490 τὸ
2828 5436 3044 5490 πάντων
3085 5433 3331 5504 ἔσχατον,
3361 5431 3450 5485 διὰ
3479 5433 3577 5501 τῆς
3611 5445 3795 5497 σωμα-

2213 5534 2369 5604 τικῆς
2415 5533 2523 5585 τῶν
2553 5530 2848 5600 ποιοτήτων
2889 5528 3161 5598 συνθήκης
3204 5521 3691 5592 καταλαμϐάνομεν
3736 5520 3796 5571 τὸ

2215 5625 2554 5695 φαινόμενον,
2704 5620 2900 5692 φθορά,
2945 5620 3038 5673 καὶ
3095 5617 3286 5678 πάθος,
3327 5615 3420 5667 καὶ
3461 5611 3661 5683 τροπὴ,
3701 5610 3794 5662 καὶ

2214 5718 2514 5780 ἀλλοίωσις,
2572 5714 2666 5769 καὶ
2721 5715 2793 5766 τὰ
2823 5711 3045 5766 τοιαῦτα
3086 5708 3462 5770 συνέζευκται.
3507 5703 3607 5756 Διὰ
3640 5702 3796 5755 τοῦτο

2215 5811 2288 5873 ὡς
2326 5809 2390 5864 ἂν
2421 5807 2686 5878 μηδεμίαν
2716 5806 3022 5874 οἰκειότητα
3059 5802 3192 5874 πρὸς
3227 5800 3292 5852 τὰ
3319 5799 3469 5852 κάτω
3496 5796 3792 5867 πράγματα
