4146 6386
415 479 556 537 “05

1543 498 1821 555 CONTRA
1855 493 2242 572 EUNOMIUM,
2285 505 2413 562 LIB.
2449 507 2562 564 ΧΠ.

3543 499 3678 574 nos

413 600 444 667 ἡ
481 600 856 694 ὑπερκειμένη
891 603 1051 673 φύσις
1078 606 1222 679 ἔχειν
1254 610 1460 684 δοκοίη,
1492 602 1604 679 τοῖς
1634 618 1983 691 ἀποχωριστιι

2106 625 2524 693 supereminens
2567 624 2660 680 illa
2705 634 2899 680 natura
2947 623 3220 694 videatur,
3276 628 3595 689 notionibus
3625 645 3676 691 et

375 769 379 778 ἱ
415 693 528 751 κοῖς
557 691 665 744 τῶν
687 694 941 748 τοιούτων
979 701 1215 770 νοήμασί
1248 720 1307 756 τε
1361 706 1455 758 καὶ
1506 709 1744 777 ῥήμασιν
1776 712 1868 763 ἐπὶ
1897 714 1996 784 τῆς

413 780 564 844 θείας
593 785 906 854 κεχρήμεθα
967 793 1200 858 φύσεως.
1231 794 1304 848 re
1336 796 1591 868 ὑπεράνω
1614 802 1722 854 τῶν
1762 780 1990 869 αίώνων,

413 874 739 942 προπιώνιον
787 878 1059 948 λέγοντες,
1094 886 1277 939 καὶτὸ
1326 889 1467 960 ὑπὲρ
1508 891 1702 963 ἀρχὴν,
1734 895 1989 968 ἄναρχον,

414 967 507 1018 καὶ
537 969 596 1020 τὸ
627 969 700 1040 μὴ
754 972 1146 1045 τελειούμενον,
1194 979 1566 1054 ἀτελεύτητον⁹
1605 967 1905 1058 ἀσώματόν
1928 1009 1989 1044 τε

412 1055 472 1150 to
517 1060 684 1129 χωρὶς
738 1060 988 1132 σώματος
1036 1065 1136 1137 τὴν
1181 1069 1474 1126 ὑπόστασιν
1521 1077 1663 1148 ἔχον,
1705 1055 1880 1132 καὶτὸ
1912 1079 1987 1150 μὴ

412 1149 764 1245 φθ-ειρύμενον
803 1154 1097 1227 ἄφθαρτον,
1145 1163 1238 1216 καὶ
1277 1165 1336 1218 τὸ
1368 1170 1578 1240 τροπῆς
1629 1173 1985 1245 ῆπάθους,ῆ

409 1241 745 1335 ἀλλοιώσεως
797 1247 1163 1316 ἀνεπίδεκτον,
1223 1255 1432 1322 ἀπαθὲς
1470 1263 1562 1315 καὶ
1593 1241 1860 1335 ἄτρεπτον
1893 1241 1987 1320 καί

406 1331 780 1426 ἀναλλοίωτον.
814 1337 896 1389 Τά
940 1339 995 1391 δὲ
1034 1342 1256 1397 τοιαῦτα
1285 1347 1391 1399 τῶν
1416 1331 1718 1421 ὀνομάτων,
1741 1356 1983 1426 τεχνολο-

406 1420 645 1517 γούντων
682 1426 781 1495 μὲν
809 1428 956 1492 ὅπως
981 1429 1047 1483 ἂν
1149 1434 1300 1502 φίλον
1338 1420 1520 1494 αὐτῶν
1546 1444 1594 1495 οἱ
1644 1420 1976 1517 βουλόμενοι,

405 1513 499 1567 καὶ
545 1515 782 1586 ὀνόματα
821 1519 956 1574 ἄλλα
985 1524 1098 1586 τοῖς
1134 1527 1362 1598 ὀνόμασι
1399 1533 1608 1598 τούτοις
1641 1513 1979 1608 ἐφαρμοζόν-

402 1620 510 1658 των
539 1609 849 1679 στέρητικά,
875 1611 1270 1686 ἢάφαιρετικὰ,
1297 1619 1328 1693 ἢ
1350 1621 1444 1676 ὃτι
1473 1624 1624 1693 φίλον
1645 1626 1826 1692 αὑτοῖς
1859 1624 1976 1683 ovo;

403 1697 693 1765 μάζοντες.

2092 716 2276 770 verbis
2341 731 2464 786 qua:
2518 731 2550 770 a
2610 716 2814 772 talibus
2871 727 3184 783 secernant,
3245 719 3299 774 in
3349 721 3533 777 divina
3592 729 3676 782 usi

2091 825 2284 866 sumus
2318 819 2535 865 natura.
2569 810 2725 877 Quod
2755 824 2920 882 supra
2950 819 3004 867 et
3043 819 3169 867 ante
3196 814 3394 869 szecula
3420 825 3524 880 est,
3556 818 3661 875 hoc

2091 899 2437 971 προαιώνιον,
2470 913 2724 956 (sternunt
2749 903 3021 965 dicentes,
3059 909 3114 958 et
3143 906 3292 974 quod
3327 922 3494 976 supra
3520 912 3673 977 prin-

2088 991 2595 1064 cipium,&vapxov,
2631 994 2880 1062 principii
2908 1011 3128 1061 expers;
3191 1005 3244 1052 et
3308 999 3458 1068 quod
3516 1002 3670 1054 nullo

2088 1081 2196 1137 ﬁne
2211 1083 2540 1139 terminatur
2554 1085 2905 1157 ἀτελεύτητον
2929 1087 3023 1140 καὶ
3047 1087 3337 1159 ἀσώματον
3361 1092 3673 1148 intermina-

2085 1179 2197 1224 tum
2215 1172 2850 1245 incorporeumque,quod
2881 1178 3088 1248 absque
3119 1195 3350 1250 corpore
3381 1185 3659 1253 subsistit;

2082 1269 2140 1315 et
2173 1261 2320 1330 quod
2352 1278 2464 1317 non
2501 1264 2712 1319 interiit
2773 1266 3066 1337 ἄφθαρτον,
3124 1270 3521 1341 incorruptibile
3556 1276 3670 1330 sive

2083 1351 2328 1406 interitus
2353 1369 2538 1424 expers
2561 1371 2580 1418 ,'
2610 1363 2666 1410 et
2691 1357 2837 1427 quod
2863 1361 3242 1416 conversionis
3299 1365 3385 1418 vel
3434 1380 3658 1437 perpes'

2081 1443 2276 1508 sionis,
2303 1445 2391 1499 vel
2451 1446 2851 1504 itnmutationis
2895 1450 3011 1507 sive
3031 1453 3376 1512 alterationis
3436 1473 3544 1513 non
3574 1471 3662 1517 est

2078 1545 2276 1602 capax,
2311 1534 2630 1605 impatibile,
2686 1538 3010 1606 invertibile,
3063 1543 3409 1610 invariabile,
3459 1548 3660 1604 immu-

2076 1622 2262 1678 tabile.
2302 1622 2456 1678 Talia
2483 1633 2664 1680 autem
2691 1628 2914 1684 nomina
2945 1630 3138 1685 solerti
3186 1633 3419 1690 artiﬁcio
3448 1639 3661 1693 conﬁn-

2073 1723 2206 1786 gant
2250 1717 2344 1787 qui
2371 1717 2647 1782 volunt,ut
2676 1721 2811 1790 ipsis
2845 1722 2997 1776 cordi
3026 1723 3210 1787 fuerit,
3243 1726 3457 1797 aliaque
3485 1733 3662 1785 nomi-

406 1796 477 1837 na
515 1784 829 1838 nominibus
875 1783 961 1839 his
997 1787 1294 1856 applicent,
1342 1790 1592 1862 privandi
1639 1795 1726 1850 vel
1772 1794 2055 1853 auferendi
2080 1783 2200 1855 vvim
2233 1783 2510 1872 habentia,
2538 1810 2620 1864 vel
2671 1783 2815 1878 quod
2847 1812 2983 1882 ipsis
3025 1783 3253 1876 lubebit,
3292 1783 3658 1878 nominantes.

495 1887 681 1961 Ἡμεῖς
696 1892 751 1946 δὲ
783 1894 876 1947 τοῦ
891 1895 1207 1969 διδάσκεινῆ
1231 1900 1523 1970 μανθάνειν
1540 1901 1608 1956 τά
1627 1903 1850 1956 τοιαῦτα
1872 1905 1983 1967 τοῖς

2163 1908 2275 1964 Nos
2315 1922 2497 1968 autem
2533 1914 2766 1970 docendi
2792 1918 2876 1972 vel
2914 1918 3159 1972 discendi
3196 1920 3324 1972 talia
3349 1922 3665 1990 percupidis

413 1984 711 2055 φιλοτίμοις
731 1989 1247 2060 παραχωρήσαντες,
1270 1991 1428 2061 μόνον
1453 1992 1546 2046 τὸν
1570 1994 1694 2046 νοῦν
1722 1993 1987 2059 ἐξετάσω-

412 2093 531 2144 μεν,
556 2079 602 2131 εί
619 2077 717 2145 τῆς
739 2079 994 2143 εὑσεδοῦς
1011 2097 1069 2133 τε
1087 2083 1180 2134 καὶ
1196 2082 1532 2152 θεοπρεποῦς
1554 2085 1872 2158 ὑπολήψεως
1902 2090 1990 2142 ὲν-

409 2164 498 2226 τός
520 2167 686 2228 ἐστιν,
709 2165 741 2236 ἢ
763 2166 1113 2237 κεχώρισται.
1130 2170 1192 2222 Εί
1216 2171 1313 2239 μὲν
1337 2168 1430 2226 οὖν
1449 2171 1482 2243 ἦ
1500 2173 1599 2228 οὑκ
1627 2169 1695 2246 ἦν
1726 2175 1990 2247 πρότερον

408 2257 436 2310 δ
450 2255 579 2321 Θεὸς
595 2257 738 2327 ῆούκ
753 2258 901 2312 ἔσται
914 2261 1168 2328 ποτὲ,οὑκ
1182 2262 1245 2316 ἂν
1263 2263 1462 2330 κυρίως
1474 2262 1597 2318 οὔτε
1614 2266 1986 2339 ἀτελεύτητος,

407 2348 528 2402 οὔτε
546 2348 778 2421 ἄναρχος
809 2350 1035 2421 λέγοιτο.
1080 2353 1351 2418 Ὡσαύτως
1367 2355 1424 2408 δὲ
1449 2355 1573 2409 οὔτε
1598 2357 1978 2423 ἀναλλοίωτος,

407 2438 528 2494 οὔτε
552 2441 861 2512 ἀσώματος,
893 2441 1017 2496 οῦτε
1039 2444 1317 2516 ἄφθαρτος
1333 2485 1349 2510 ,
1381 2445 1541 2519 εἴπερ
1560 2449 1841 2501 ὑπονοοῖτο
1858 2449 1987 2521 περὶ

407 2532 588 2596 αὑτὸν,
615 2533 646 2605 ἢ
674 2534 909 2608 σῶμα,ῆ
947 2535 1144 2608 φθορά,
1183 2537 1216 2608 ἢ
1252 2538 1556 2604 ἀλλοίωσις,
1589 2540 1624 2610 ἠ
1645 2558 1697 2594 τι
1725 2541 1983 2596 τοιοῦτον.

407 2622 469 2677 Εἰ
487 2622 542 2677 δὲ
582 2624 786 2679 τούτων
833 2626 1027 2696 εὑαγές
1068 2629 1214 2682 ἐστιν
1240 2629 1392 2683 οὐδὲν
1417 2631 1548 2702 περὶ
1571 2631 1734 2684 αὑτὸν
1762 2633 1983 2697 ἐννοεῖν,

406 2715 598 2779 ἀσεϐὲς
623 2716 691 2770 ἂν
721 2718 806 2790 εἴη
833 2719 1050 2784 πάντως
1073 2721 1184 2784 τοῖς
1205 2726 1551 2792 χωριστικοῖς
1578 2722 1686 2778 τῶν
1708 2725 1986 2794 άπεμφαι-

406 2806 607 2862 νὸντων
662 2809 902 2879 ῥήμασιν
937 2812 1022 2864 ἐπ’
1070 2812 1236 2866 αὑτοῦ
1289 2814 1626 2885 κεχρῆσθαι,
1666 2817 1763 2869 καὶ⁹
1805 2817 1984 2885 λέγειν

406 2898 578 2951 ταῦτα
604 2897 638 2952 ἃ
683 2899 784 2982 ῆδη
830 2900 1088 2968 πολλάκις
1125 2904 1446 2977 εἰρήκαμεν,
1487 2905 1768 2980 ἄφθαρτον
1797 2926 1858 2963 τε
1888 2910 1984 2965 καὶ

406 2987 762 3059 ἀτελεύτητον
794 2993 886 3046 καὶ
908 2995 1222 3068 ἀγέννητον,
1256 3001 1350 3052 καὶ
1383 3001 1484 3054 ὅσα
1510 3001 1604 3055 τοῦ
1627 3002 1868 3056 τοιούτου
1906 3004 1983 3056 εί-

403 3079 525 3144 δους
555 3083 692 3147 ἐστὶ,
716 3087 814 3155 τῆς
840 3088 1165 3159 ἐγκειμένης
1185 3090 1398 3161 ἑκάστῳ
1417 3091 1620 3146 τούτων
1649 3093 1759 3149 τῶν
1792 3083 1984 3167 ὀνομάὲ

402 3191 508 3228 των
531 3175 840 3246 ἐμφάσεως,
877 3179 1035 3249 μόνον
1064 3180 1155 3234 τὸν
1177 3184 1453 3254 χωρισμὸν
1478 3183 1588 3238 τῶν
1604 3186 1734 3257 ἡμῖν
1760 3189 1982 3259 προχεί-

2086 2000 2398 2061 libertatem
2424 2008 2816 2075 concedentes,
2843 2012 3016 2066 solam
3044 2021 3280 2067 mentem
3310 2014 3663 2084 exquiramus

2083 2095 2129 2152 si
2155 2097 2298 2167 piam
2333 2105 2388 2153 et
2418 2098 2530 2155 Deo
2553 2101 2806 2156 decoram
2837 2104 3148 2165 Opinionem
3177 2105 3230 2159 in
3263 2121 3322 2161 se
3353 2107 3660 2170 contineat,

2079 2187 2166 2242 vel
2196 2194 2415 2243 contra.
2450 2187 2509 2242 Si
2541 2188 2707 2259 igitur
2739 2190 2827 2244 vel
2883 2205 2993 2245 non
3033 2199 3151 2246 erat
3180 2192 3332 2261 prius
3377 2191 3543 2252 Deus.
3579 2194 3663 2246 ν‹-ι

2079 2293 2190 2334 non
2227 2279 2334 2335 erit
2396 2280 2712 2350 aliquando,
2750 2296 2860 2335 non
2921 2283 3139 2352 proprie
3166 2298 3341 2353 neque
3369 2283 3662 2356 ἀτελεύτη-

2076 2386 2192 2438 τος,
2251 2372 2304 2427 id
2333 2381 2438 2438 est,
2499 2374 2895 2438 interminatus,
2935 2377 3051 2431 sive
3087 2377 3193 2444 fine
3231 2393 3438 2443 carens,
3482 2394 3662 2449 neque

2078 2462 2337 2534 ἄναρχος,
2370 2467 2622 2535 principii
2655 2481 2836 2534 expers
2867 2464 3104 2522 dicatur.
3131 2467 3334 2524 Eodem
3363 2467 3528 2523 modo
3564 2486 3662 2524 ue-

2080 2568 2189 2623 que
2252 2553 2629 2621 immutabilis,
2680 2569 2860 2624 neque
2913 2555 3306 2628 incorporeus,
3354 2572 3534 2628 neque
3579 2558 3664 2612 in-

2079 2644 2810 2716 corruptibilis,siquidem
2872 2645 2929 2700 in
2991 2646 3112 2718 ipso
3192 2648 3496 2718 cogitetur,
3578 2649 3664 2705 vel

2073 2751 2295 2808 corpus,
2319 2738 2407 2794 vel
2435 2737 2712 2801 interitus,
2753 2737 2836 2793 vel
2894 2737 3222 2804 immutatio,
3251 2739 3334 2794 vel
3373 2739 3504 2809 quid
3531 2738 3659 2794 tale.

2072 2827 2228 2894 Quod
2261 2829 2306 2885 si
2348 2837 2599 2885 sanctum
2639 2837 2744 2894 est,
2781 2829 2921 2884 nihil
2971 2829 3167 2884 horum
3223 2831 3281 2886 in
3336 2831 3457 2901 ipso
3513 2832 3662 2902 cogi-

2070 2928 2215 2988 tare,
2252 2921 2479 2993 Impium
2529 2930 2677 2978 esset
2724 2935 2952 2993 prorsus
2989 2922 3174 2978 verbis
3213 2937 3335 2994 quae
3386 2922 3662 2978 dissenta-

2069 3029 2173 3068 nea
2207 3020 2264 3068 et
2298 3013 2650 3068 abhorrentia
2692 3014 2762 3068 ab
2809 3013 2927 3084 ipso
2970 3023 3247 3084 separant,
3302 3013 3416 3077 uti,
3465 3023 3518 3068 et
3547 3013 3662 3068 haec

2069 3105 2250 3160 dicere
2307 3120 2428 3175 qua:
2493 3105 2606 3174 jam
2693 3121 2837 3177 saepe
2899 3105 3141 3161 diximus
3177 3145 3192 3171 ,
3245 3106 3662 3176 incorruptibile

2071 3202 2126 3250 et
2153 3194 2571 3248 interminatum
2636 3195 2753 3251 sive
2812 3195 3087 3249 inﬁnitum
3157 3204 3211 3249 et
3248 3195 3575 3266 ingenitum,
3606 3204 3662 3249 et

405 3282 513 3339 ρων
541 3267 619 3330 είς
635 3269 959 3340 κατανόησιν
980 3271 1351 3345 διδασκούσης,
1380 3275 1480 3330 οὑκ
1509 3276 1675 3349 αὑτὴν
1703 3278 1799 3350 τὴν
1819 3278 1979 3348 φύσιν

2079 3299 2409 3354 quiscunque
2438 3283 2602 3353 hujus
2631 3284 2756 3339 talis
2790 3283 3019 3354 speciei,
3089 3297 3212 3337 cum
3246 3281 3502 3352 imposita
3533 3283 3655 3337 cui-

400 3355 500 3429 τήν
531 3357 639 3413 τῶν
655 3360 759 3414 ἀπε
768 3363 1103 3431 μφαινόντων
1124 3366 1536 3438 κεχωρισμένην
1550 3369 1574 3420 ἑ
1582 3386 1612 3440 ρ
1620 3370 1974 3442 μηνευούσης.

400 3450 467 3507 Τί
484 3451 591 3523 γὰρ
609 3453 707 3507 οὑκ
731 3453 846 3507 ἐστι
870 3458 931 3512 τὸ
951 3456 1109 3512 Θεῖον
1126 3459 1224 3529 τῆς
1234 3458 1343 3513 τῶν
1375 3461 1653 3530 ὀνομάτων
1669 3462 1871 3516 τούτων
1892 3480 1982 3538 ση-

403 3545 606 3616 μασίας
625 3546 1102 3621 προδεικνυούσης,
1119 3549 1174 3604 τί
1192 3552 1339 3604 ἐστιν
1354 3552 1528 3607 έκεῖνο
1542 3553 1684 3607 κατά
1697 3553 1794 3625 τὴν
1817 3554 1980 3624 φύσιν

398 3633 429 3692 δ
453 3637 626 3692 ταῦτα
648 3639 925 3704 οὐκέστιν,
951 3641 1010 3694 ὲν
1030 3641 1213 3714 ἀδήλῳ
1235 3644 1406 3715 μένει.
1441 3645 1599 3698 Ἀλλά
1615 3647 1710 3700 καὶ
1736 3645 1802 3700 τά
1818 3645 1980 3700 λοιπά

399 3729 508 3784 τῶν
533 3730 832 3802 ὀνομάτων,
856 3725 931 3787 ὧν
952 3735 986 3805 ἡ
1022 3735 1264 3806 σημασία
1309 3736 1510 3802 θέσεώς
1547 3740 1690 3803 τινός
1714 3739 1861 3793 ἐστιν
1894 3741 1979 3793 ὲν-

401 3821 641 3894 δεικτικὴ
666 3824 760 3877 καὶ
778 3823 1081 3896 ὑπάρξεως,
1105 3827 1204 3880 οὐκ
1230 3828 1402 3897 αὑτῆς
1429 3830 1530 3901 τῆς
1563 3830 1711 3893 θείας
1728 3831 1942 3900 φύσεως
1965 3875 1980 3899 ,

403 3909 536 3966 ἀλλά
564 3912 672 3967 τῶν
707 3915 834 3986 περὶ
877 3913 1045 3986 αὐτὴν
1084 3915 1324 3980 εὐσεϐῶς
1351 3916 1738 3990 θεωρουμένων
1766 3920 1866 3991 τὴν
1896 3920 1982 3974 έν-

400 4003 566 4070 δειξιν
586 4002 699 4074 εχει
715 4019 728 4034 ·
750 4002 1044 4072 νοήσαντες
1059 4001 1168 4073 γάρ
1185 4002 1266 4055 ὄτι
1282 4002 1434 4056 οὐδὲν
1453 4001 1559 4056 τῶν
1588 4002 1776 4066 ὄντων,
1794 4002 1902 4055 τῶν
1917 4019 1978 4055 τε

402 4098 737 4170 φαινομένων
761 4095 856 4150 καὶ
897 4096 1005 4151 τῶν
1041 4098 1345 4167 νοουμένων
1385 4095 1689 4164 αὐτόματόν
1719 4111 1841 4147 τινα
1881 4095 1979 4148 καὶ

399 4191 630 4262 τυχαίαν
661 4189 772 4259 ἔχει
798 4187 894 4260 τὴν
929 4186 1206 4252 σύστασιν,
1225 4187 1359 4241 ἀλλὰ
1388 4188 1416 4241 ὅ
1443 4187 1495 4239 τί
1520 4204 1624 4258 περ
1647 4189 1704 4241 ὲν
1723 4189 1833 4250 τοῖς
1859 4184 1980 4241 οὖσι

401 4283 610 4339 καταλα
618 4283 902 4355 μϐἀνεται,
915 4281 1013 4352 τῆς
1030 4281 1246 4334 πάντων
1261 4279 1367 4334 τῶν
1384 4281 1553 4333 ὄντων
1580 4280 1984 4352 ὑπερκειμένης

401 4376 615 4446 φύσεως
645 4375 894 4446 ἐξῆπται,
925 4373 1177 4427 κάκεῖθεν
1212 4374 1310 4443 τὴν
1337 4371 1513 4426 αἰτίαν
1559 4371 1660 4442 τῆς
1696 4372 1984 4443 ὑπάρξεως

401 4466 534 4538 ἔχει,
567 4466 629 4520 τό
679 4483 738 4520 τε
777 4465 970 4528 κάλλος
997 4464 1176 4518 καὶτὸ
1211 4464 1439 4534 μέγεθος
1481 4463 1588 4517 τῶν
1633 4465 1690 4517 ἐν
1720 4467 1784 4534 τῇ
1809 4465 1981 4517 κτίσει

401 4559 692 4630 θαυμάτων
722 4558 1172 4629 κατανοήσαντες,
1191 4558 1252 4608 ὲκ
1282 4555 1499 4609 πάντων
1527 4554 1731 4608 τούτων
1762 4556 1856 4608 καὶ
1873 4554 1982 4607 τῶν

402 4651 656 4707 τοιούτων
687 4649 822 4705 ἄλλα
859 4649 1106 4720 νοήματα
1135 4647 1259 4718 περὶ
1305 4647 1367 4699 τὸ
1397 4648 1549 4700 Θεῖον
1593 4646 1981 4717 λαμϐάνοντες,

405 4745 556 4809 ίδίοις
575 4744 829 4815 ὀνόμασιν
849 4743 1077 4796 ἕκαστον
1101 4741 1209 4794 τῶν
1229 4740 1593 4811 ὲγγινομένων
1620 4741 1752 4810 ἡμῖν
1775 4756 1867 4810 νοη
1881 4739 1984 4810 μά-

400 4856 509 4891 των
552 4834 979 4908 διερμηνεύομεν
1012 4833 1434 4894 ἀκολουθοῦντες
1474 4834 1539 4902 τῇ
1579 4831 1852 4903 συμϐουλῇ
1885 4831 1984 4900 τῆς

401 4929 624 5001 Σοφίας,
645 4931 679 5001 ἦ
709 4947 892 5000 φησιν,
923 4931 985 4982 ἐκ
1023 4927 1286 4998 μεγέθους
1335 4927 1430 4981 καὶ
1458 4925 1723 4995 καλλονῆς
1750 4925 1986 4995 κτισμά-

401 5038 509 5074 των
538 5019 814 5088 ἀναλόγως
827 5019 935 5072 δεῖν
965 5017 1073 5071 τῶν
1103 5018 1319 5071 πάντων
1347 5015 1728 5087 γενεσιουργδν
1765 5015 1987 5086 θεωρεῖ-

405 5112 550 5166 σθαι.
578 5114 783 5181 Δημιου
794 5110 919 5181 ργδν
954 5110 1052 5179 μὲν
1078 5107 1170 5161 τὸν
1200 5108 1429 5179 ποιητὴν
1447 5107 1555 5160 τῶν
1574 5106 1783 5177 θνητῶν
1819 5124 1987 5177 προσ-

403 5201 757 5274 αγορεύομεν,
785 5201 1008 5256 δυνατὸν
1028 5200 1085 5253 δὲ
1109 5199 1196 5253 τὸν
1222 5200 1319 5270 τῆς
1356 5198 1622 5268 τοσαύτης
1659 5199 1988 5270 περικρατή-

405 5310 572 5348 σαντα
598 5292 846 5356 κτίσεως,
865 5285 909 5362 ᾧ
928 5292 1221 5364 ἐξήρκεσεν
1240 5293 1272 5363 ἡ
1297 5291 1526 5360 δύναμις
1543 5290 1730 5344 οὐσίαν
1763 5289 1985 5360 ποιῆσαι

402 5385 500 5457 τὴν
517 5384 867 5457 βούλησιν.Τό
883 5401 941 5438 τε
957 5385 1054 5454 τῆς
1069 5383 1212 5454 ζωῆς
1230 5384 1384 5454 ὴμῶν
1398 5382 1596 5452 ἀγαθὸν
1612 5383 1984 5453 ἑννοήσαντες,

2070 3390 2179 3446 que
2240 3389 2432 3429 eorum
2494 3375 2779 3430 nominum
2849 3375 3178 3445 signiﬁcatio
3247 3375 3658 3444 separationem

2069 3480 2258 3522 eorum
2295 3482 2418 3536 qua:
2439 3465 2598 3520 nobis
2627 3474 2880 3537 prompta
2909 3473 3038 3520 sunt
3063 3466 3129 3520 ad
3161 3465 3528 3537 cognitionem
3563 3466 3663 3522 do-
3693 3521 3695 3524 ι

2066 3563 2210 3619 ceat,
2248 3571 2358 3610 non
2392 3569 2524 3610 vero
2555 3555 2846 3624 ipsammet
2892 3564 3148 3609 naturam
3171 3570 3292 3625 quae
3321 3570 3351 3610 a
3381 3569 3494 3610 non
3523 3569 3659 3609 con-

2067 3643 2413 3701 venientibus
2469 3651 2681 3698 secreta
2723 3648 2833 3705 est,
2893 3643 3298 3712 interpretetur.
3343 3641 3479 3697 Nam
3531 3658 3659 3698 cum

2074 3735 2347 3803 ejusmodi
2384 3734 2666 3788 nominum
2727 3730 3060 3803 signiﬁcatio
3113 3734 3243 3802 quid
3279 3733 3422 3790 Deus
3451 3749 3558 3788 non
3584 3734 3659 3788 sit

2074 3835 2472 3899 praemonstret,
2508 3824 2639 3895 quid
2702 3823 2836 3878 illud
2888 3831 2974 3878 est
3031 3824 3331 3878 secundum
3387 3834 3657 3890 naturam,

2074 3920 2220 3991 quod
2253 3919 2367 3973 haec
2401 3932 2509 3972 non
2566 3924 2673 3982 est,
2706 3916 2760 3969 in
2790 3915 3030 3969 obscuro
3057 3924 3271 3982 manet;
3303 3915 3398 3970 sed
3443 3917 3657 3987 reliqua

2074 4011 2293 4067 nomina
2331 4024 2563 4080 quorum
2618 4005 2949 4077 signiﬁcatio
2974 4005 3210 4074 alicujus
3269 4006 3562 4076 positionis
3602 4014 3658 4061 et

2071 4101 2407 4157 exsistentiae
2431 4100 2594 4155 index
2627 4105 2736 4165 est,
2777 4112 2886 4152 non
2916 4095 3166 4167 ejusdem
3199 4096 3399 4152 divina:
3426 4106 3655 4159 naturae,

2075 4192 2172 4248 sed
2218 4207 2406 4248 eorum
2444 4204 2567 4261 qua:
2605 4189 2660 4244 in
2703 4188 2820 4258 ipsa
2849 4188 2938 4259 pie
2976 4194 3279 4243 cernuntur
3311 4188 3656 4244 demonstra-

2086 4283 2290 4337 tionem
2324 4282 2548 4336 habent.
2605 4278 2924 4351 Cogitantes
2949 4279 3095 4333 enim
3127 4279 3271 4350 quod
3304 4281 3437 4334 nihil
3463 4296 3654 4335 eorum

2085 4379 2206 4434 qua:
2248 4371 2399 4430 sunt,
2426 4372 2483 4420 et
2510 4378 2633 4429 qua:
2674 4372 2942 4434 apparent
2992 4373 3049 4420 et
3096 4365 3494 4435 intelliguntur,
3545 4363 3631 4420 for

2085 4457 2281 4511 tuitam
2319 4463 2374 4511 et
2418 4455 2769 4511 temerariam
2797 4453 3094 4526 quamdam
3141 4455 3304 4510 habet
3345 4456 3654 4513 subsisten-

2086 4551 2242 4613 tiam,
2279 4548 2373 4606 sed
2400 4547 2668 4620 quidquid
2701 4547 2756 4603 in
2787 4562 2972 4603 rerum
3011 4555 3206 4602 natura
3232 4549 3657 4619 comprehendi-

2087 4651 2178 4696 tur
2216 4657 2283 4695 ει
2340 4639 2785 4710 supereminente
2829 4637 3078 4694 omnium
3121 4653 3245 4709 qua:
3298 4648 3428 4693 sunt
3468 4647 3664 4694 natura

2086 4731 2378 4803 dependet,
2411 4739 2468 4786 et
2496 4730 2651 4786 illinc
2691 4729 3034 4786 exsistentite
3065 4744 3292 4786 causam
3326 4730 3508 4796 habet,
3546 4731 3666 4802 pul-

2087 4823 2570 4891 chritudinemque
2589 4829 2644 4877 et
2662 4820 3095 4892 magnitudinem
3127 4822 3520 4877 miraculorum
3542 4839 3663 4893 quae

2090 4924 2220 4971 sunt
2255 4917 2308 4970 in
2348 4923 2604 4969 caeatura
2635 4911 3155 4977 animadvertentes,
3198 4930 3265 4969 ex
3308 4915 3566 4970 omnibus
3609 4925 3663 4971 et

2088 5008 2291 5062 talibus
2331 5007 2469 5061 alias
2518 5006 2772 5061 notiones
2829 5006 2883 5059 in
2941 5004 3054 5061 Deo
3113 5006 3299 5061 animo
3356 5008 3660 5076 capientes,

2088 5099 2330 5169 pr0priis
2369 5098 2686 5152 nominibus
2724 5097 2998 5161 notiones,
3050 5113 3174 5166 qua:
3228 5098 3285 5154 in
3338 5099 3498 5153 nobis
3530 5113 3664 5152 cou-

2088 5191 2391 5261 cipiuntur,
2418 5189 2664 5259 singulas
2709 5189 3176 5259 interpretamur;
3214 5189 3507 5260 Sapientiae
3533 5205 3664 5244 con-

2089 5285 2272 5339 silium
2333 5291 2647 5352 sequentes,
2701 5297 2824 5352 qua:
2876 5280 3010 5335 dicit
3068 5295 3134 5335 ex
3182 5281 3560 5352 magnitudine
3611 5289 3666 5336 et

2089 5380 2277 5451 specie
2308 5391 2494 5433 rerum
2538 5383 2882 5439 creaturum,
2921 5375 3279 5446 proportione
3326 5375 3514 5428 habita
3556 5387 3667 5427 om-

404 5476 554 5531 nium
587 5477 894 5548 genitorem
934 5485 1189 5546 oportere
1243 5477 1600 5546 contemplari
1632 5476 1699 5532 “.
1729 5475 1988 5546 Opiﬁcem
2036 5475 2253 5548 quidem
2309 5471 2574 5526 factorem
2621 5468 2932 5524 martalium
2992 5469 3357 5539 appellamus;
3392 5476 3664 5538 potentem

403 5579 585 5622 autem
645 5584 769 5625 eum
825 5570 920 5642 qui
990 5578 1198 5627 tantam
1261 5579 1570 5625 creaturam
1615 5582 1716 5625 suo
1769 5568 2018 5626 dominio
2071 5568 2359 5634 continet,
2427 5563 2517 5620 cui
2562 5563 2698 5622 satis
2747 5562 2850 5619 luit
2900 5562 3177 5634 potentia,
3241 5571 3302 5616 ut
3365 5562 3664 5619 essentiam

475 5734 518 5767 "
555 5734 684 5803 Sap.
721 5749 843 5802 xm,
880 5736 934 5792 5.
