4146 6386
507 467 647 526 HO?

1734 476 1793 532 S.
1831 476 2168 533 GREGORII-
2195 477 2490 533 NYSSENI

3603 469 3744 527 “08
3785 489 3796 520 ν.

503 605 706 662 taceret
757 605 1127 663 vbluntatem.‘
1149 608 1330 680 Atque
1359 611 1523 666 etiam
1569 627 1694 668 vna:
1737 623 1943 670 nostrae
1977 616 2067 671 bo-

2181 596 2487 660 ἀκολούθως
2529 595 2618 649 τὸν
2650 591 2850 662 ταύτης
2877 589 3352 662 καθηγησάμενον,
3371 590 3445 659 ’τῇ
3473 588 3563 641 τοῦ
3601 589 3745 656 ἀγα-

504 709 633 748 num
657 703 839 751 mente
855 698 1231 769 contemplati,
1255 710 1659 770 consequenter
1683 705 1848 774 hujus
1881 707 2073 761 ducem

502 791 559 838 et
592 791 876 840 auctorem
915 787 1043 843 boni
1072 790 1436 859 appellatione
1469 795 1839 850 nominamus.
1872 795 2074 851 Judicii

503 890 726 945 quoque
767 876 939 933 futuri
985 880 1132 950 quod
1165 884 1544 954 incorruptum
1577 895 1662 940 est
1701 899 1753 942 et
1782 889 2072 956 integrum,

505 979 535 1018 a
569 965 754 1038 divina
785 965 1072 1042 Scriptura
1113 973 1351 1030 instituti
1379 1019 1392 1040 ,
1430 977 1671 1046 judicem
1708 980 1885 1050 ipsum
1917 990 1970 1034 et
1993 981 2076 1050 ju-

502 1064 648 1110 stum
685 1073 783 1128 per
807 1059 922 1114 haec
955 1065 1177 1120 nomina
1212 1081 1496 1124 vocamus.
1524 1071 1699 1140 Atque
1733 1081 1790 1126 ut
1824 1073 1876 1126 in
1903 1087 2072 1141 pauca

501 1150 843 1215 contraham,
869 1167 1059 1209 omnes
1089 1172 1213 1226 quae
1241 1159 1310 1213 de
1338 1159 1525 1214 divina
1559 1173 1753 1216 natura
1778 1164 1833 1217 in
1868 1165 2073 1220 nestris

501 1237 705 1296 animis
730 1240 1122 1312 ingenerantur
1146 1249 1422 1314 notiones,
1449 1251 1503 1305 in
1529 1255 1808 1308 nominum
1841 1254 2072 1308 formam

500 1343 843 1412 revocamus,
898 1336 972 1390 ita
1007 1348 1065 1392 ut
1099 1342 1311 1396 nullum
1342 1345 1671 1399 vocabulum
1707 1347 1913 1416 absque
1951 1363 2074 1416 pro-

500 1418 619 1485 pria
661 1429 718 1476 et
769 1425 1031 1493 peculiari
1085 1429 1267 1500 aliqua
1311 1432 1507 1486 notitia
1546 1433 1602 1488 in
1649 1434 1834 1488 divina
1875 1443 2073 1489 natura

497 1507 734 1566 dicatur.
760 1511 908 1580 Quin
931 1517 1094 1572 etiam
1123 1521 1264 1574 hanc
1295 1538 1481 1578 vocem
1505 1522 1636 1587 Θεός
1655 1539 1719 1578 ex
1745 1526 2073 1594 inspectrice

499 1601 820 1666 operatione
845 1605 960 1662 sive
983 1610 1399 1679 contemplandi
1428 1626 1551 1668 actu
1599 1615 1897 1670 invaluisse
1920 1631 2072 1671 com-

497 1689 908 1758 prehendimus.
925 1695 1189 1756 Omnibus
1203 1702 1348 1756 enim
1362 1703 1421 1756 τὸ
1440 1703 1592 1759 Θεῖον
1613 1704 1826 1776 (Deum)
1857 1707 2068 1774 adesse,

498 1779 684 1834 omnia
713 1781 915 1847 videre,
951 1788 1138 1842 omnia
1162 1796 1453 1858 penetrare
1481 1794 1750 1860 persuasi,
1781 1788 1941 1849 talem
1977 1811 2071 1850 co-

498 1868 820 1938 gitationem
882 1876 987 1932 hoc
1031 1880 1255 1934 nomine
1315 1881 1712 1950 signiﬁcamus,
1757 1885 1825 1939 ad
1885 1885 1990 1941 hoc
2038 1904 2067 1940 a

2177 684 2271 739 θοῦ
2313 687 2648 759 προσηγορίᾳ
2697 682 3155 754 κατονομάζομεν.
3205 681 3318 751 Τῆς
3345 698 3405 734 τε
3447 681 3746 751 μελλούσης

2177 779 2406 847 κρίσεως
2444 779 2506 832 τὸ
2531 779 2824 832 ἀδέκαστον
2868 774 3018 846 παρά
3058 774 3159 843 τῆς
3189 773 3336 836 θείας
3364 771 3747 836 παιδευθέντες

2175 869 2415 940 Γρφῆς,
2449 870 2639 942 κριτὴν
2666 868 2826 922 αὑτὸν
2861 867 2958 921 καὶ
2985 865 3191 920 δίκαιον
3220 865 3306 918 διὰ
3344 864 3547 917 τούτων
3572 881 3743 933 προσ·
3801 902 3806 906 .

2174 959 2527 1029 αγορεύομεν.
2576 961 2683 1013 Καὶ
2735 959 2913 1012 πάντα
2962 956 3230 1011 συνελόντι
3277 956 3476 1024 φάναι,
3514 955 3584 1008 τὰ
3614 955 3744 1024 περὶ

2172 1051 2271 1119 τῆς
2309 1051 2456 1115 θείας
2520 1051 2732 1119 φύσεως
2781 1049 3107 1118 ἐγγινόμενα
3151 1050 3282 1120 ἡμῖν
3330 1047 3610 1116 νοήματα,
3662 1047 3745 1108 είς

2172 1143 2446 1212 ὀνομάτων
2468 1142 2636 1196 τύπον
2666 1141 3171 1213 μεταλαμϐάνομεν,
3205 1140 3279 1201 ὡς
3309 1137 3578 1208 μηδεμίαν
3611 1137 3744 1206 κλῆ-

2173 1247 2254 1283 σιν
2283 1231 2403 1302 δίχα
2440 1232 2582 1297 τινὸς
2624 1232 2928 1301 ίδιαζούσης
2961 1231 3166 1294 ἐννοίας
3209 1230 3298 1282 ἐπὶ
3326 1231 3422 1299 τῆς
3455 1228 3606 1290 θείας
3651 1227 3744 1280 λέ·-

2172 1323 2362 1390 γεσθαι
2397 1324 2629 1392 φύσεως.
2683 1323 2844 1378 Ἀλλά
2873 1322 2968 1376 κού⁹
2995 1321 3095 1392 τὴν
3137 1322 3280 1390 Θεὸς
3312 1320 3515 1390 φωνὴν.
3552 1319 3616 1371 ὲκ
3641 1319 3743 1388 τῆς

2173 1415 2474 1485 ἐποπτικῆς
2519 1415 2797 1485 ἐνεργείας
2857 1413 3254 1486 κεκρατηκέναι
3308 1410 3739 1481 κατελαϐὁμεθα.

2173 1507 2312 1558 Dim
2338 1505 2445 1575 γὰρ
2475 1507 2724 1575 παρεῖναι
2758 1505 2817 1558 τὸ
2843 1504 3017 1566 Θεῖον,
3048 1504 3142 1557 καὶ
3171 1503 3346 1556 πάντα
3377 1501 3618 1565 θεᾶσθαι,
3646 1500 3742 1552 καὶ

2171 1593 2259 1647 διὰ
2293 1594 2510 1647 πάντων
2547 1595 2700 1662 ἥκειν
2740 1593 3185 1660 πεπιστευκότες,
3213 1591 3311 1663 τὴν
3343 1591 3595 1661 τοιαύτην
3621 1589 3742 1642 διά-

2170 1700 2318 1738 νοιαν
2347 1683 2427 1754 τῷ
2473 1684 2695 1754 ὀνόματι
2720 1683 2891 1754 τούτῳ
2923 1683 3364 1754 διασημαίνομεν,
3412 1680 3548 1752 πρὸς
3582 1678 3742 1732 τοῦτο

2171 1775 2321 1846 παρὰ
2359 1775 2456 1843 τῆς
2490 1775 2650 1843 ἁγίας
2679 1775 3034 1846 ὁδηγηθέντες
3075 1777 3279 1845 φωνῆς.
3316 1774 3376 1826 '0
3407 1771 3510 1843 γάρ
3549 1770 3738 1833 εἰπὼν,

2170 1867 2250 1920 ὅτι
2299 1865 2363 1918 Ὃ
2398 1868 2541 1932 Θεός
2575 1866 2994 1935 μου,πρόσχες
3033 1882 3164 1935 μοι,
3189 1866 3307 1931 καὶ,
3335 1863 3458 1916 Ἴδε
3491 1865 3523 1916 ό
3566 1859 3737 1926 Θεὸς,

498 1971 690 2016 saneta
724 1979 858 2020 voce
905 1968 1159 2037 deducti;
1192 1971 1286 2040 qui
1331 1946 1474 2027 enim
1520 1974 1658 2029 dixit
1679 1946 1863 2031 {Deus
1892 1989 2061 2038 meus,

2172 1957 2262 2009 καὶ
2291 1955 2370 2017 τὸ,
2391 1958 2442 2009 Ὀ
2485 1955 2630 2022 Θεὸς
2659 1954 2934 2024 γινώσκει
2970 1956 3041 2009 τὰ
3075 1955 3293 2022 κρύφια
3331 1951 3443 2020 τῆς
3471 1950 3738 2018 καρδίας,

497 2049 708 2108 intende
757 2057 887 2110 mihi
911 2059 979 2122 ",
999 2064 1072 2120 et,
1093 2060 1237 2114 Vidit
1268 2061 1408 2116 Deus
1432 2064 1500 2130 ”,
1535 2072 1610 2128 et,
1635 2063 1773 2118 Deus
1805 2066 2067 2135 cognoscit

493 2143 674 2199 cordis
709 2146 893 2203 abdita
941 2149 1008 2215 “,
1055 2153 1348 2210 manifeste
1398 2156 1529 2211 huic
1579 2157 1702 2211 voci
1761 2157 2066 2226 impositam

497 2237 828 2292 sententiam
894 2240 1309 2314 interpretatur,
1379 2247 1526 2318 quod
1573 2247 1703 2312 Θεὸς
1757 2249 2070 2302 nominatur

495 2324 608 2380 ἀπὸ
644 2327 738 2381 τοῦ
777 2329 1022 2397 θεᾶσθαι,
1074 2351 1108 2388 a
1150 2335 1372 2390 videndo
1406 2337 1524 2394 sive
1549 2338 1890 2408 speculando.
1924 2338 2068 2395 Nihil

496 2426 678 2474 autem
719 2421 899 2478 diil'ert
939 2424 1122 2482 dicere
1150 2427 1392 2494 intende,
1413 2438 1466 2484 et
1492 2429 1646 2497 vide,
1679 2440 1732 2487 et
1764 2433 2064 2502 speculare.

500 2502 770 2573 Quoniam
802 2510 972 2582 igitur
1019 2516 1164 2583 quod
1198 2519 1500 2587 spectabile
1541 2521 1638 2589 qui
1669 2529 1877 2589 spectat
1903 2521 2066 2588 videt,

494 2596 627 2662 Θεός
659 2604 854 2658 merito
880 2603 1002 2674 ejus
1032 2607 1182 2676 quod
1209 2609 1448 2674 videtur,
1484 2611 1580 2680 qui
1609 2619 1821 2680 spectat
1847 2611 2066 2668 dicitur.

494 2687 676 2756 Quare
711 2708 809 2762 per
849 2697 955 2751 hoc
1012 2699 1180 2753 etiam
1224 2702 1614 2770 particularem
1649 2703 1941 2773 quamdam
1986 2703 2071 2758 diu

493 2782 636 2840 vina:
687 2793 898 2843 natura:
937 2792 1316 2860 operationem
1356 2793 1558 2858 edocti,
1609 2795 1860 2850 essentiae
1895 2796 2069 2866 ipsius

492 2891 592 2947 per
637 2877 780 2934 hanc
827 2896 1016 2936 vocem
1067 2883 1433 2956 intclligentes
1501 2900 1614 2940 non
1669 2885 1801 2940 facti
1856 2895 2067 2953 sumus,

493 2984 605 3024 non
645 2982 830 3027 tamen
865 2975 1126 3044 quoniam
1174 2979 1422 3034 nominis
1455 2979 1812 3050 congruentis
1841 2981 2069 3050 penuria

491 3059 833 3130 laboramus,
864 3065 1035 3122 Deum
1064 3069 1270 3124 idcirco
1298 3070 1488 3140 gloria:
1517 3070 1834 3126 detrimenti
1862 3071 2068 3142 aliquid

492 3171 719 3228 passum
770 3174 895 3216 esse
932 3177 1035 3217 nos
1078 3163 1464 3219 existimamus
1496 3183 1512 3219 :
1550 3162 1870 3234 impotentia
1923 3162 2068 3216 enim

493 3250 895 3307 enuntiationis
949 3268 1138 3308 eorum
1195 3271 1316 3324 qua:
1345 3255 1620 3310 enuntiari
1649 3262 1945 3326 nequeunt,
1976 3268 2068 3307 ac-

2171 2044 2356 2113 σαφῶς
2400 2045 2499 2112 τὴν
2535 2045 2856 2116 ἐγκειμένην
2875 2048 2942 2115 τῇ
2989 2047 3138 2116 φωνῇ
3177 2043 3350 2115 ταύτῃ
3384 2041 3618 2095 διάνοιαν
3649 2043 3740 2112 ἐρ-

2173 2133 2427 2205 μηνεύει,
2503 2135 2586 2188 ὅτι
2636 2137 2700 2188 ἐκ
2745 2135 2838 2188 τοῦ
2901 2134 3161 2198 θεᾶσθαι,
3207 2132 3338 2196 Θεὸς
3394 2130 3734 2202 ὀνομάζεται.

2169 2227 2426 2298 Διαφέρει
2470 2227 2578 2298 γὰρ
2617 2228 2786 2291 οὐδὲν,
2840 2228 3074 2298 πρόσχες
3117 2227 3310 2289 εἰπεῖν,
3362 2225 3456 2278 καὶ
3496 2223 3607 2286 ἴδε,
3648 2224 3740 2276 καὶ

2171 2315 2379 2371 θέασαι.
2399 2319 2552 2370 Ἐπεὶ
2567 2314 2670 2370 ,οὖν
2704 2319 2796 2372 καὶ
2821 2317 3006 2371 θεατὸν
3028 2319 3056 2369 ὁ
3081 2316 3350 2387 θεώμενος
3377 2314 3582 2386 βλέπει,
3609 2313 3741 2376 Θεὸς

2170 2409 2394 2472 εἰκότως
2421 2408 2516 2462 τοῦ
2540 2408 2815 2479 ὁρωμένου
2845 2410 2872 2461 ὁ
2899 2408 3165 2479 θεώμενος
3190 2407 3428 2474 λέγεται.
3459 2407 3622 2459 Ὥστε
3648 2405 3742 2458 καὶ

2168 2500 2256 2554 διὰ
2279 2499 2468 2552 τούτου
2499 2501 2726 2571 μερικήν
2754 2517 2876 2552 τινα
2903 2500 3002 2568 τῆς
3033 2498 3181 2560 θείας
3223 2497 3436 2568 φύσεως
3461 2495 3740 2565 ἐνέργειαν

2169 2591 2538 2661 διδαχθέντες,
2579 2591 2681 2660 τῆς
2718 2591 2905 2654 οὐσίας
2944 2589 3114 2659 αὐτῆς
3147 2592 3204 2642 ἐν
3248 2586 3493 2657 περινοίᾳ
3521 2585 3610 2637 διὰ
3641 2584 3741 2651 τῆς

2171 2686 2352 2758 φωνῆς
2378 2685 2581 2755 ταύτης
2603 2685 2702 2738 ούκ
2722 2683 3015 2754 ἐγενόμεθα
3036 2725 3050 2747 ,
3085 2679 3146 2733 ού
3181 2679 3286 2751 μὴν
3329 2677 3516 2747 ἐπειδὴ
3539 2676 3739 2745 όνόμα·

2168 2797 2260 2844 τος
2306 2777 2616 2850 προσφυοῦς
2658 2776 2991 2847 ἀποροῦμεν,
3043 2769 3370 2845 ζημιοῦσθαί
3402 2788 3456 2823 τι
3498 2770 3557 2822 τὸ
3587 2769 3741 2822 Θεῖον

2171 2872 2250 2933 είς
2274 2870 2432 2936 δόξαν
2466 2868 2940 2938 ὑπολαμϐάνομεν.
2996 2867 3062 2920 Ἠ
3083 2865 3189 2936 γάρ
3213 2861 3480 2932 ἀδυναμία
3509 2863 3608 2932 τῆς
3633 2858 3742 2913 τῶν

2170 2962 2567 3031 ἀνεκφωνήτων
2597 2958 3001 3028 ἐξαγορεύσεως
3041 2955 3419 3027 κατηγοροῦσα
3456 2954 3554 3024 τῆς
3601 2950 3740 3005 κατὰ

2169 3055 2268 3124 τὴν
2284 3053 2443 3123 φύσιν
2467 3052 2624 3123 ἡμῶν
2648 3051 2938 3121 πτωχείας,
2967 3047 3185 3120 μείζονα
3206 3049 3303 3117 τῆς
3323 3046 3415 3100 τοῦ
3437 3045 3570 3098 Θεοῦ
3584 3042 3741 3113 δόξης

2169 3146 2269 3217 τὴν
2299 3145 2568 3208 ἀπόδειξιν
2601 3144 2734 3214 ἔχει,
2763 3143 3086 3196 διδάσκουσα
3114 3141 3284 3211 ἡμᾶς,
3308 3138 3486 3202 καθώς
3527 3153 3688 3208 φησιν
3711 3137 3741 3187 ὁ

2184 3237 2526 3301 Ἀπόστολος,
2556 3237 2638 3289 ὅτι
2671 3235 2832 3305 μόνον
2862 3234 2977 3287 ἐστὶ
3009 3231 3142 3286 Θεοῦ
3171 3231 3442 3302 προσφυὲς
3477 3229 3646 3298 ὄνομα
3682 3222 3740 3279 τὸ

757 3304 792 3305 η
828 3304 836 3306 _
870 3304 890 3307 _
955 3304 1138 3308 --____
1198 3304 1315 3324 1m
1649 3304 1945 3326 ___T_____,,
1980 3304 2035 3307 __

492 3355 700 3398 cusans
744 3343 904 3398 nobis
945 3352 1144 3399 natura
1181 3345 1424 3400 innatam
1456 3347 1761 3415 penuriam,
1802 3344 2064 3414 majorem

2174 3330 2314 3401 ὑπὲρ
2339 3330 2446 3382 πᾶν
2473 3328 2633 3381 αὑτὸν
2661 3323 2796 3380 εἶναι
2824 3325 3094 3378 πιστεύειν
3123 3323 3314 3394 ὄνομα.
3344 3321 3418 3373 Τὸ
3442 3319 3546 3393 γὰρ
3580 3319 3734 3388 ὑπερ-

491 3433 683 3504 gloriae
741 3433 837 3490 Dei
893 3436 1416 3494 demonstrationem
1470 3439 1653 3502 habet,
1699 3439 1901 3491 docens
1941 3452 2065 3500 nos,

493 3526 639 3581 sicut
665 3525 843 3597 inquit
869 3527 1185 3597 Apostolus,
1231 3532 1375 3599 quod
1407 3532 1583 3586 solum
1623 3538 1706 3584 est
1733 3529 1830 3584 Dei
1864 3543 2064 3583 nomen

2173 3421 2375 3475 ϐαίνειν
2403 3421 2562 3474 αὐτὸν
2583 3422 2759 3474 πᾶσαν
2774 3418 3004 3481 διανοίας
3020 3417 3252 3486 κίνησιν,
3271 3415 3363 3466 καὶ
3381 3411 3640 3483 ἐξώτερον
3655 3409 3736 3464 εὖ·

2173 3512 2452 3582 ρίσκεσθαι
2468 3511 2566 3582 τῆς
2583 3509 2942 3582 ὀνομαστικῆς
2957 3506 3314 3578 περιλήψεως,
3329 3503 3620 3575 τεκμήριον
3646 3500 3740 3571 τῆς

493 3632 825 3688 congruens,
881 3619 1062 3690 ipsum
1119 3623 1347 3677 credere
1381 3638 1503 3678 esse
1563 3622 1708 3692 quod
1760 3629 1844 3676 est
1897 3636 2063 3691 supra

2172 3604 2439 3674 ὶφράστου
2486 3602 2901 3674 μεγαλειότητος
2918 3603 3029 3662 τοῖς
3049 3596 3356 3670 ἀνθρώποις
3402 3595 3741 3650 καθίσταται.

491 3723 656 3765 omne
726 3727 924 3768 nomen
993 3713 1060 3768 ”.
1095 3713 1250 3780 Quod
1279 3717 1425 3769 enim
1472 3716 1589 3784 ipse
1656 3730 1873 3770 onmem
1966 3711 2315 3783 cogitationis
2398 3721 2604 3763 motum
2708 3714 2949 3778 superet,
3039 3712 3302 3774 extraque
3404 3699 3741 3758 nominalem

490 3802 1031 3873 comprehensionem
1089 3803 1416 3869 inveniatur,
1444 3805 1812 3860 certissimum
1847 3811 2222 3873 argumentum
2253 3800 2653 3870 inexplicabilis
2685 3797 2987 3868 majestatis
3020 3797 3334 3850 hominibus
3363 3793 3740 3849 constituitur.

565 3895 694 3952 Haec
738 3894 959 3965 quidem
1011 3896 1078 3952 de
1124 3897 1440 3954 nominibus
1489 3915 1611 3969 quae
1653 3899 1719 3954 de
1765 3898 1873 3954 Deo
1925 3914 2062 3967 qna-

2238 3897 2375 3968 Hspl.
2405 3896 2502 3966 μὲν
2541 3895 2605 3966 δὴ
2631 3894 2740 3948 τῶν
2783 3892 3059 3963 ὀνομάτων
3086 3891 3195 3945 τῶν
3225 3892 3315 3944 ἐπὶ
3346 3889 3480 3943 Θεοῦ
3532 3888 3652 3943 καθ’
3682 3888 3743 3941 ὃν

492 3998 712 4054 cunque
764 3984 940 4042 forma
991 3987 1345 4058 proferuntur
1396 3992 1802 4062 cognoscimus,
1831 4007 2066 4060 quorum

2172 3989 2364 4060 δήποτε
2409 3988 2579 4041 τύπον
2621 3985 3048 4055 ἐκφωνουμένων
3077 3982 3250 4036 ταῦτα
3276 3981 3637 4050 γινώσκομεν,
3669 3973 3746 4031 ὧν

495 4075 902 4144 expositionem
950 4077 1246 4133 rudem-et
1293 4080 1599 4149 simplicem
1651 4081 2067 4151 benignioribus

2172 4081 2268 4150 τὴν
2300 4077 2516 4132 ἔκθεσιν
2549 4075 2924 4130 ἀκατάσκευόν
2964 4091 3024 4127 τε
3057 4073 3152 4127 καὶ
3185 4068 3358 4142 ἁπλῆν
3387 4073 3501 4133 τοῖς
3543 4069 3744 4137 εὐγνω-

494 4165 842 4222 auditoribus
888 4169 1266 4237 apposuimus,
1297 4179 1488 4224 contra
1533 4171 1780 4226 imbelles
1816 4171 2067 4225 Eunomii

2174 4170 2517 4241 μονεστέροις
2559 4167 2669 4220 τῶν
2721 4165 3006 4238 ἀκροατῶν
3059 4161 3432 4235 παρεθέμεθα,
3481 4161 3617 4231 πρὸς
3645 4159 3744 4224 τὰς

493 4257 786 4314 adversum
829 4258 946 4313 haec
986 4275 1222 4330 pugnas,
1249 4272 1409 4330 turpe
1463 4263 1628 4316 simul
1658 4271 1713 4318 et
1742 4262 2062 4317 indecorum

495 4346 656 4402 nobis
687 4348 823 4418 ipsis
853 4349 1164 4418 judicantes
1205 4354 1451 4409 animose
1497 4364 1552 4409 et
1581 4350 1759 4408 valide
1788 4354 2063 4410 resistere.

494 4437 636 4504 Quid
688 4439 834 4494 enim
866 4441 992 4510 quis
1035 4443 1242 4498 diceret
1286 4444 1358 4511 ei,
1403 4444 1496 4514 qui
1546 4445 1623 4498 ait
1674 4460 1775 4499 nos
1830 4443 2064 4498 formam

495 4529 780 4584 nominum
827 4531 1032 4603 ﬁngere
1074 4536 1339 4604 majorem
1383 4543 1438 4591 et
1486 4536 1843 4606 potentiorem
1880 4551 2066 4588 rerum

493 4635 615 4690 qua:
655 4621 1013 4678 nominantur
1043 4625 1328 4696 dignitate,
1380 4626 1694 4681 nominibus
1737 4635 1930 4680 contra
1978 4639 2065 4679 res

2171 4263 2393 4325 ἀτόνους
2431 4259 2522 4314 τοῦ
2572 4259 2838 4329 Εύνομίου
2891 4259 3018 4328 περὶ
3050 4257 3252 4311 τούτων
3301 4255 3477 4326 μάχας
3520 4253 3742 4324 αἰσχρδι

2170 4353 2286 4424 ἅμα
2341 4353 2435 4404 καὶ
2479 4351 2724 4421 ἀπρεπὲς
2773 4351 2902 4420 ἡμῖν
2955 4349 3136 4411 αὐτοῖς
3183 4346 3462 4418 κρίναντες
3492 4343 3743 4413 ἐκθύμως

2171 4444 2674 4499 ἀντικαθίστασθαι.
2707 4443 2770 4495 Τί
2796 4441 2904 4511 γὰρ
2929 4441 2993 4494 ἀν
3024 4458 3106 4504 τις
3133 4441 3276 4492 εἴποι
3309 4439 3385 4510 τῷ
3415 4439 3619 4506 λέγοντι
3650 4437 3742 4488 τύο

2170 4555 2270 4590 πον
2314 4536 2422 4588 τῶν
2461 4535 2736 4605 ὀνομάτων
2781 4531 3109 4603 κυριώτερον
3150 4533 3298 4602 ἡμᾶς
3327 4528 3592 4584 ποιεῖσθαι
3647 4528 3742 4597 τῆς

2171 4629 2279 4684 τῶν
2304 4627 2716 4699 ὀνομαζομένων
2745 4625 2920 4691 ἀξίας,
2951 4627 3063 4688 τοῖς
3089 4624 3314 4694 ὀνόμασι
3340 4624 3436 4693 τὴν
3464 4620 3601 4674 κατὰ
3633 4620 3742 4671 τῶν

497 4712 767 4770 donantes
823 4718 1264 4786 praerogativam,
1319 4723 1374 4772 et
1411 4717 1767 4786 inaequalibus
1799 4717 2064 4786 aequalem

2172 4721 2507 4793 πραγμάτων
2534 4717 2905 4789 δωρουμένους
2937 4715 3258 4788 προνομίαν,
3283 4714 3375 4767 καὶ
3399 4716 3510 4775 τοῖς
3537 4713 3741 4775 ἀνίσοις

497 4804 755 4862 honorem
789 4806 1132 4863 tribuentes?
1154 4807 1281 4862 Haec
1303 4808 1384 4864 sic
1407 4808 1553 4861 illius
1576 4823 1709 4863 voce
1733 4808 1879 4863 dicta
1913 4817 2062 4861 sunt.

494 4897 713 4952 Judicet
754 4906 937 4954 autem
979 4901 1073 4970 qui
1113 4899 1364 4970 judicare
1410 4900 1756 4956 considerate
1791 4907 1987 4968 potest,
2018 4899 2065 4954 si

497 4989 627 5060 quid
686 5001 1060 5062 opportunum
1117 4999 1309 5046 contra
1365 5007 1470 5047 nos
1516 4991 1674 5045 habet
1717 4991 2068 5044 vehementer

493 5080 746 5136 instituta
767 5091 960 5136 contra
981 5099 1082 5139 nos
1103 5085 1454 5154 sycophanta:
1478 5083 1778 5146 accusatio,
1807 5082 1877 5136 ob
1900 5096 2063 5151 quam

496 5172 660 5227 etiam
705 5173 996 5230 defendere
1027 5175 1252 5245 dignum
1282 5177 1375 5242 sit,
1405 5179 1550 5244 quod
1584 5174 1898 5228 nominibus
1931 5187 2065 5226 con-

495 5275 578 5320 tra
599 5281 688 5321 res
716 5266 862 5336 ipsas
885 5267 1222 5337 privilegium
1247 5268 1613 5339 indulgemus,
1660 5268 1915 5322 omnibus
1940 5279 2064 5318 cum

495 5355 571 5411 sit
615 5359 985 5427 perspicuum,
1030 5359 1176 5429 quod
1220 5360 1427 5413 nullum
1476 5376 1675 5415 nomen
1714 5361 2064 5415 essentialem

497 5461 594 5517 per
654 5463 736 5503 se-
773 5449 1185 5504 subsistentiam
1247 5449 1427 5513 habet,
1488 5453 1583 5504 sed
1646 5467 1809 5506 omne
1865 5467 2062 5505 nomen

495 5539 770 5606 quoddam
811 5547 897 5596 est
927 5541 1160 5609 alicujus
1196 5543 1448 5596 essentiae
1493 5548 1546 5594 et
1595 5541 1875 5595 sententia:
1920 5539 2059 5593 indi-

495 5630 644 5683 cium
672 5638 725 5684 et
748 5632 988 5700 signum,
1029 5632 1175 5702 quod
1211 5632 1388 5702 ipsum
1421 5647 1516 5699 per
1541 5647 1600 5687 se
1624 5646 1799 5700 neque
1821 5629 2060 5692 exsistit,

496 5735 674 5792 neque
719 5724 1056 5797 intelligitur.

569 5898 616 5932 “
649 5897 789 5955 Psal.
823 5918 930 5963 LIV,
963 5903 1015 5956 5.
1092 5899 1290 5956 “Gen.
1328 5917 1363 5969 I,
1395 5916 1444 5968 4,
1473 5917 1592 5971 sqq.

2177 4811 2475 4882 ίσοτιμίαν;
2501 4809 2684 4863 Ταῦτα
2741 4809 2912 4870 οὓτως
2952 4807 3165 4878 εἴρηται
3200 4805 3348 4877 παρά
3389 4804 3486 4874 τῆς
3534 4803 3742 4856 ἐκείνου

2176 4904 2377 4974 φωνῆς.
2429 4902 2670 4970 Κρινέτω
2717 4901 2772 4954 δὲ
2821 4901 2848 4952 ὁ
2891 4899 3092 4969 κρίνειν
3125 4896 3564 4967 ἐπεσκεμμένος,
3599 4894 3651 4947 εἰ
3692 4911 3740 4946 τι

2173 4994 2381 5065 καίριον
2428 4995 2461 5064 ὴ
2497 4992 2698 5063 σφοδρά
2744 4991 2837 5044 τοῦ
2884 4991 3217 5059 συκοφάντου
3270 4989 3568 5059 κατηγορία
3622 4985 3741 5040 καθ’

2173 5085 2329 5156 ἡμῶν
2370 5085 2515 5156 ἔχει,
2558 5087 2642 5153 ἐφ’
2689 5078 2734 5151 ᾧ
2784 5085 2880 5137 καὶ
2930 5080 3369 5152 ἀπολογήσασθαι
3419 5079 3595 5143 ἄξιον,
3659 5079 3742 5130 ὅτι

2173 5176 2491 5248 δωρούμεθα
2520 5183 2632 5239 τοῖς
2657 5177 2883 5246 ὀνόμασι
2927 5175 3026 5245 τὴν
3060 5172 3212 5226 κατὰ.
3244 5171 3353 5224 τῶν
3403 5168 3743 5240 πραγμάτων

2174 5267 2491 5338 προνομίαν,
2521 5268 2683 5318 πᾶσιν
2717 5267 2867 5329 ὄντος
2897 5265 3180 5336 προδήλου,
3210 5263 3291 5315 ὅτι
3313 5260 3463 5313 οὐδὲν
3489 5257 3596 5311 τῶν
3624 5256 3744 5308 ὀνο·-

2177 5358 2362 5431 μάτων
2414 5356 2642 5428 ούσιώδη
2703 5358 2820 5411 καθ’
2876 5356 3034 5408 ἑαυτὸ
3097 5355 3390 5408 ὑπόστασιν
3445 5350 3576 5422 ἔχει,
3608 5347 3745 5402 ἀλλὰ

2173 5449 2460 5520 γνώρισμά
2479 5466 2530 5502 τι
2564 5449 2657 5502 καὶ
2700 5450 2920 5518 σημεῖον
2970 5445 3157 5509 οὐσίας
3185 5443 3328 5506 τινὸς
3367 5441 3459 5494 καὶ
3507 5439 3745 5503 διανοίας

2166 5543 2370 5614 γίνεται
2402 5542 2509 5595 πᾶν
2535 5540 2739 5612 ὄνομα,
2780 5540 2910 5594 αὐτὸ
2948 5541 3030 5611 ἐφ’
3063 5535 3257 5608 ἐαυτοῦ
3293 5536 3430 5609 μήτε
3477 5531 3744 5602 ὑπάρχον,

2173 5636 2308 5706 μήτε
2348 5634 2653 5704 νοούμενον.

1670 5899 1716 5933 ⁸³
1753 5901 1876 5956 Psal
1932 5917 2025 5967 vn,
2067 5901 2152 5956 io.
2229 5901 2273 5933 ⁸⁸
2307 5900 2544 5970 Philipp.
2592 5915 2650 5965 lt,
2680 5897 2732 5964 9,
2768 5912 2888 5966 sqq.
