4146 6386
410 444 544 502 1⁸08

1518 453 1799 511 CONTRA
1844 452 2230 521 EUNOMIUM,
2264 458 2391 516 LIB.
2434 461 2543 519 ΧΠ.

3553 457 3721 521 ΗΚ)Δ

477 566 568 634 Τῷ
597 564 651 617 δὲ
683 565 756 636 μή
787 567 1114 638 ύφεστηκὸτι
1139 569 1254 634 πῶς
1276 569 1387 624 ἔστι
1420 572 1603 644 νέμειν
1627 574 1728 638 τὰς
1759 573 1986 647 δωρεάς,

2166 579 2227 634 Ei
2281 591 2459 636 autem
2506 580 2653 651 quod
2710 596 2820 636 non
2870 595 2969 651 per
3014 595 3075 635 se
3121 573 3699 653 substathquomodej
3740 570 3742 572 ’

404 658 705 711 διδασκέτω
753 660 880 723 τοὺς
937 659 1183 732 μαθητὰς
1214 658 1566 736 τῆςνάπάτης
1616 667 1645 719 ὁ
1693 666 1988 738 προσφυῶς

408 751 711 822 κεχρῆσθαι
746 756 860 817 τοῖς
900 753 1158 824 ὀνόμασιν
1205 756 1391 823 ἀξιῶν,
1434 758 1527 811 καὶ
1561 762 1672 823 τοῖς
1724 761 1990 830 ῥήμασιν.

409 844 628 898 Τούτων
650 844 707 899 δὲ
735 846 844 899 οὐδ’
873 847 938 901 ἂν
964 849 1315 921 ἐπεμνήσθην
1343 851 1498 915 δλως,
1525 853 1572 904 εί
1610 852 1684 922 μὴ
1717 851 1783 904 δι’
1814 851 1989 905 αὐτῶν

412 935 520 990 ἔδει
562 938 663 1008 τὴν
710 939 984 1007 ἀπόδειξιν
1019 942 1118 1012 τῆς
1161 942 1304 995 κατά
1350 941 1443 996 τὸν
1498 942 1623 997 νοῦν
1657 961 1717 997 τε
1770 944 1863 997 καὶ
1895 944 1994 1016 τὴν

414 1029 559 1096 λέξιν
595 1030 814 1096 ἀτονίας
844 1031 939 1085 τοῦ
983 1033 1323 1104 λογογράφου
1368 1035 1720 1106 ποιήσασθαι.
1756 1036 1864 1089 Καὶ
1894 1036 1995 1089 ὅσα

414 1124 517 1194 τῆς
545 1124 904 1179 θεοπνεύστου
953 1127 1173 1197 Γραφῆς
1217 1127 1577 1197 ἀναρμόστως
1611 1128 1703 1181 καὶ
1739 1128 1799 1180 ού
1853 1126 1997 1181 κατά

418 1217 620 1271 σκοπὸν
651 1218 987 1289 ὲπισύρεται,
1018 1219 1278 1290 διαφοράν
1311 1219 1609 1282 ἀθανασίας
1659 1218 1908 1287 ἀγγέλων
1936 1236 1996 1271 τε

417 1309 512 1364 καὶ
529 1309 831 1382 ἀνθρώπων
846 1311 1196 1381 τεχνολογῶν,
1215 1306 1438 1363 ούκοῖδα
1460 1310 1596 1380 πρὸς
1614 1310 1640 1363 ὅ
1686 1328 1738 1362 τι
1761 1310 1995 1379 βλέπων,

417 1404 513 1455 καὶ
535 1402 587 1455 τί
619 1402 707 1455 διά
727 1401 916 1454 τούτου
943 1399 1388 1465 κατασκευάζων,
1416 1401 1700 1454 καὶταῦτα
1735 1402 1991 1471 παρήσω.

418 1493 493 1546 Τὸ
519 1493 628 1565 γὰρ
654 1492 918 1546 ἀθάνατον
944 1492 1050 1556 ἓως
1076 1490 1340 1544 ἀθάνατον
1366 1489 1423 1564 ᾖ,
1452 1493 1514 1543 τὸ
1548 1491 1747 1561 μᾶλλον
1777 1492 1871 1544 καὶ
1896 1486 1998 1561 ἦτ-

416 1601 509 1638 τον
544 1583 911 1656 συγκριτικῶς
943 1585 1002 1636 ού
1043 1584 1419 1653 προσδέχεται.
1450 1585 1510 1638 Εἰ
1540 1584 1647 1656 γάρ
1695 1585 2001 1656 ὑποστολὴν

416 1694 537 1731 τινα
564 1678 706 1731 κατά
739 1674 1023 1747 σύγκρισιν
1063 1676 1126 1729 τὸ
1169 1675 1358 1746 ἕτερον
1403 1675 1512 1729 τῶν
1550 1675 2001 1748 παρατιθεμένων

422 1769 587 1840 μέρος
615 1770 673 1822 ὲν
699 1767 776 1839 τῷ
804 1770 901 1839 τῆς
926 1767 1222 1830 ἀθανασίας
1251 1767 1363 1837 ἔχοι
1392 1767 1536 1837 λόγῳ
1560 1784 1575 1797 ”
1610 1768 1823 1837 ἀνάγκη
1853 1764 2002 1820 πᾶσα

422 1862 558 1933 μηδὲ
579 1861 842 1915 ἀθάνατον
861 1862 921 1914 τὸ
946 1861 1183 1915 τοιοῦτον
1206 1859 1692 1930 κατονομάζεσθαι.
1724 1860 1849 1922 Πῶς
1892 1859 2002 1930 γὰρ

421 1956 487 2010 ἀν
546 1954 623 2009 ἔτι
664 1956 869 2027 κυρίως
923 1956 1132 2024 λέγοιτο
1178 1954 1465 2017 ἀθάνατον,
1512 1949 1574 2007 οὗ
1626 1953 1688 2006 τὸ
1739 1952 1930 2023 θνητὸν
1968 1953 2001 2023 ή

418 2051 507 2105 διὰ
535 2050 872 2121 συγκρίσεως
902 2049 1327 2120 ἀντιπαράθεσις
1354 2049 1700 2120 κατηγόρησε
1729 2067 1743 2114 ;
1773 2049 1869 2102 καὶ
1903 2048 2002 2117 τὴν

419 2138 621 2210 λεπτὴν
649 2138 866 2211 ἐκείνην
897 2138 1179 2209 ἀκρίϐειαν
1210 2140 1270 2192 τὸ
1303 2139 1376 2210 μὴ
1401 2140 1641 2193 κελεύειν
1678 2139 2003 2209 ἀδιάφθορον

421 2225 688 2284 εἶναικαὶ
729 2230 899 2301 μέσην
938 2231 1037 2302 τὴν
1084 2232 1180 2302 τῆς
1222 2233 1529 2303 στερήσεως
1577 2230 1822 2309 ἔννοιαν,
1867 2230 2006 2285 ἀλλὰ

420 2322 511 2375 τὸν
549 2322 648 2394 μὲν
678 2321 787 2376 τῶν
820 2322 1141 2394 κρειττόνων
1171 2323 1449 2394 χωρισμὸν
1469 2363 1485 2387 ,
1520 2322 1773 2394 στέρησιν
1803 2322 2003 2392 λέγειν,

419 2414 519 2486 τὴν
542 2415 598 2468 δὲ
619 2412 727 2468 τῶν
754 2415 1010 2487 χειρόνων
1057 2415 1376 2481 ἀπόστασιν,
1418 2414 1491 2485 μὴ
1537 2415 1647 2468 δεῖν
1670 2413 1749 2485 τῷ
1780 2414 2005 2486 ὀνόματι

419 2509 596 2579 τούτῳ
624 2508 1028 2580 διασημαίνειν;
1068 2508 1155 2569 Ὠς
1176 2510 1225 2561 εί
1255 2508 1425 2561 ταῦτα
1453 2510 1769 2579 κρατήσειε,
1809 2508 2006 2578 μηκέτι

420 2601 542 2653 κατ’
574 2600 734 2654 αὑτὸν
768 2601 866 2671 τῆς
897 2600 1263 2671 ἀποστολικῆς
1300 2598 1673 2671 ἀληθευούσης
1719 2600 1937 2670 φωνῆς,
1969 2599 2005 2670 ἦ

423 2708 557 2763 φησι
590 2691 749 2762 μόνον
780 2693 939 2747 ac;sz
973 2691 1116 2763 ἔχειν
1148 2692 1483 2755 ἀθανασίαν,
1532 2693 1629 2745 καὶ
1668 2695 1781 2754 τοῖς
1828 2692 2008 2757 ἄλλοις

423 2781 698 2853 παρέχειν.
729 2780 794 2834 Τί
820 2779 926 2852 γάρ
949 2779 1058 2850 ἔχει
1087 2780 1263 2834 κοινὸν
1294 2780 1646 2850 ήὲπαχθεῖσα
1678 2780 1836 2850 ῥῆσις
1858 2779 2009 2849 αὐτῷ

425 2874 563 2946 πρὸς
597 2873 690 2927 τὸν
722 2872 1032 2944 προάγοντα
1072 2872 1251 2941 λόγον,
1298 2870 1425 2925 οὔτε
1471 2872 1638 2941 ἡμῖν,
1668 2870 1792 2925 οὔτε
1829 2872 2009 2936 ἄλλοις

425 2964 537 3019 τισὶ
568 2965 679 3018 τῶν
710 2963 833 3019 νοῦν
867 2964 1101 3036 ἐχόντων
1120 2963 1340 3018 δυνατὸν
1373 2964 1641 3034 ἐννοῆσαι.
1682 2964 1795 3032 Καὶ
1824 2964 2009 3036 ἐπειδὴ

424 3055 496 3109 τά
538 3053 677 3124 σοφά
721 3054 892 3109 ταῦτα
923 3054 1017 3108 καὶ
1048 3054 1220 3109 λεπτά
1266 3054 1504 3108 κατιδεῖν
1540 3055 1639 3108 ούκ
1689 3054 2007 3125 ἰσχύσαμεν,

425 3147 865 3218 ἀνεπιστήμονας
908 3146 1195 3218 ὀνομάζει,
1235 3146 1331 3200 καὶ
1362 3147 1479 3218 τῆς¹
1507 3147 1617 3201 τῶν
1667 3147 2012 3218 πραγμάτων

428 3240 691 3311 κρίσεως,
745 3240 969 3311 καὶτῆς
1010 3241 1120 3295 τῶν
1166 3239 1445 3311 ὀνομάτων
1495 3240 1777 3311 χρήσεως,
1812 3240 2010 3295 οὑτωσὶ

426 3334 538 3396 τοῖς
566 3334 774 3404 ῥήμασι
812 3331 1061 3402 γράφων,
1101 3332 1195 3385 καὶ
1235 3332 1414 3385 πάντα
1450 3329 1519 3383 τά
1547 3330 1788 3393 τοιαῦτα,
1815 3330 1890 3394 ὡς
1918 3330 2008 3384 ού-

425 3424 616 3496 δεμίαν
662 3424 854 3496 ἔχοντα
893 3422 1036 3478 κατὰ
1086 3424 1186 3494 τῆς
1233 3423 1491 3495 ἀληθείας
1524 3424 1695 3494 ἰσχὺν,
1728 3424 2012 3496 παραδρα-

426 3517 640 3588 νμοῦμαι
680 3516 1080 3584 ἀνεξετάστως,
1128 3517 1312 3570 καὶτὸ
1358 3517 1667 3573 διαϐάλλειν
1708 3518 1873 3573 αὐτὸν
1910 3518 2012 3590 τὴν

427 3608 742 3662 ὲκτεθεῖσαν
774 3610 904 3680 παρ’
936 3608 1097 3680 ήμῶν
1123 3607 1218 3662 τού
1244 3609 1522 3681 ἀφθάρτου
1556 3628 1614 3663 τε
1658 3611 1751 3664 καὶ
1782 3611 2012 3683 ἀσωμά-

426 3718 520 3754 του
542 3701 801 3767 διάνοιαν,
830 3702 906 3765 ὡς
934 3702 1199 3772 ἑκατέρας
1225 3701 1334 3756 τῶν
1375 3703 1757 3774 προσηγοριῶν
1782 3704 2010 3768 τούτων,

427 3789 528 3861 τῆς
557 3790 676 3860 μὲν,
707 3790 768 3843 τὸ
798 3789 1141 3855 ἀδιάστατον,
1183 3783 1228 3858 ᾧ
1257 3792 1291 3860 ἡ
1314 3808 1474 3862 τριμε
1486 3792 1583 3863 ρὴς
1607 3792 1717 3846 τῶν
1743 3795 2012 3865 σωμάτων

429 3884 531 3937 ούκ
560 3882 908 3954 ὲνθεωρεῖται
927 3884 1205 3947 διάστασις
1225 3900 1238 3915 ο
1270 3884 1369 3955 τῆς
1396 3884 1472 3949 δὲ,
1500 3886 1560 3939 τὸ
1594 3886 1798 3957 φθορᾶς
1828 3888 2015 3942 ἀνεπί-

431 3976 620 4029 δεκτον
669 3976 1057 4047 σημαινούσης.
1106 3976 1217 4031 Καὶ
1255 3976 1316 4030 τὸ
1363 3977 1543 4046 λέγειν
1588 3979 1771 4043 αὑτὸν,
1814 3980 2016 4036 οὑτωσὶ

432 4069 543 4130 τοῖς
576 4067 845 4138 ῥήμασιν,
880 4066 963 4120 ὅτι
1005 4067 1067 4121 ού
1111 4066 1425 4139 δικαιοῦμεν
1474 4069 1565 4122 τὸν
1596 4069 1704 4124 τῶν
1736 4072 2017 4142 ὀνομάτων

432 4157 623 4221 τύπον,
666 4159 745 4221 είς
776 4158 1151 4231 ἀναρμόστους
1188 4160 1444 4214 ἐκπεσεῖν
1487 4161 1714 4225 ἐννοίας.
1766 4165 1875 4218 Καὶ
1918 4166 2014 4219 τοῦ

440 4244 682 4321 μὴεῖναι
717 4249 750 4320 ἢ
792 4249 867 4321 μὴ
903 4253 1186 4321 προσεῖναι
1230 4253 1566 4323 σημαντικὸν
1616 4255 2018 4326 ὑπολαμϐάνειν

434 4338 639 4393 τούτων
686 4340 934 4403 ἕκαστον,
982 4341 1097 4394 ἀλλ’
1150 4339 1315 4394 αὐτοῦ
1348 4342 1441 4395 τοῦ
1489 4338 1661 4408 εἶναι,
1702 4345 1798 4399 καὶ
1848 4347 2019 4401 ταῦτα

438 4431 596 4502 σιγῆς
620 4432 766 4498 ἀξια,
800 4435 893 4487 καὶ
924 4433 1143 4504 βαθείας
1174 4434 1340 4507 λήθης
1371 4430 1511 4489 εἶναι
1542 4436 1755 4506 κρίνας,
1788 4442 2019 4511 παρήσω

435 4527 549 4589 τοῖς
587 4525 1001 4597 ἐντυγχάνουσιν
1029 4530 1113 4598 ἐφ’
1147 4528 1356 4582 ἑαυτῶν
1399 4530 1681 4600 φωρᾶσθαι
1705 4530 1804 4605 τὴν
1849 4552 2017 4606 μεμιο

436 4617 647 4690 γμένην
685 4619 821 4690 μετὰ
843 4620 941 4692 τῆς
968 4621 1153 4685 ἀνοίας
1180 4620 1452 4674 ἀσέϐειαν.

2098 669 2227 724 licet
2266 670 2410 726 dona
2463 673 2705 727 tribucre
2748 672 2941 726 doceat
2981 670 3191 725 erroris
3230 669 3556 738 discipulos,
3591 671 3679 739 qui

2096 760 2412 815 nominibus
2434 769 2489 815 et
2510 762 2693 817 verbis
2718 762 2932 817 adhaese
2954 768 3007 817 et
3031 767 3397 832 congruenter
3435 774 3496 815 se
3524 777 3683 814 usum

2096 852 2269 909 fuisse
2346 865 2553 911 censet.
2632 854 2840 909 Horum
2920 862 3101 910 autem
3185 854 3389 909 nullam
3460 855 3719 927 omnino.

2098 946 2432 1001 mentionem
2489 947 2786 1013 fecissem,
2837 948 2945 1004 nisi
3014 962 3111 1019 per
3158 945 3277 1017 ipsa
3334 946 3686 1001 imbecillitas

2097 1044 2210 1091 tam
2265 1039 2468 1095 mentis
2505 1056 2669 1111 quam
2706 1040 2969 1095 dictionis
3008 1040 3173 1110 hujus
3221 1039 3512 1109 scriptoris
3539 1046 3688 1092 esset

2097 1132 2547 1189 demonstranda.
2584 1133 2940 1204 Quaecunque
2963 1144 3147 1187 autem
3177 1147 3205 1185 ο
3229 1130 3493 1186 divinitus
3521 1130 3688 1200 inspi-

2097 1232 2216 1280 rata
2244 1225 2531 1296 Scriptura
2558 1226 2888 1281 inconcinne
2912 1233 2967 1280 et
3004 1224 3183 1294 inepte
3223 1238 3324 1279 nec
3355 1223 3421 1277 ad
3456 1238 3687 1293 scopum

2098 1315 2393 1384 pertrahit,
2441 1317 2763 1385 angelorum
2806 1326 2861 1371 et
2914 1315 3201 1370 hominum
3255 1314 3687 1369 immortalitatis

2100 1407 2462 1463 diﬁ‘erentiam
2498 1417 2867 1481 pertractans.
2924 1408 3115 1478 nescio
3158 1422 3269 1478 quo
3321 1417 3597 1475 spectans,
3635 1414 3689 1459 et

2099 1499 2233 1569 quid
2272 1515 2369 1569 per
2408 1501 2511 1554 hoc
2564 1508 2922 1569 praestruens,
2970 1499 3135 1554 etiam
3194 1498 3311 1553 hate
3361 1496 3545 1571 dicere
3590 1510 3689 1549 su-

2100 1590 2419 1657 persedeho.
2457 1590 2616 1656 Quod
2663 1590 2807 1645 enim
2836 1587 3147 1644 immortale
3186 1583 3429 1656 quandiu
3464 1584 3690 1637 immor-

2104 1681 2209 1736 tale
2244 1681 2429 1746 l'uerit,
2451 1663 2624 1754 magis
2658 1689 2713 1737 et
2748 1681 2933 1737 minus
2972 1678 3347 1749 comparative
3395 1691 3506 1729 non
3543 1674 3691 1757 acci-

2102 1773 2201 1845 pit.
2240 1773 2298 1828 Si
2334 1774 2479 1829 enim
2538 1774 2967 1829 subtractionem
3027 1772 3269 1842 aliquam
3317 1783 3413 1839 per
3472 1782 3694 1835 compa—

2105 1868 2375 1923 rationem
2423 1880 2615 1922 eorum
2670 1881 2791 1935 quae
2845 1873 3196 1934 apponuntur
3239 1874 3368 1931 pars
3418 1859 3589 1913 altera
3635 1857 3691 1910 iu

2036 1930 2075 1983 Β
2107 1958 2318 2014 ratione
2348 1956 2774 2012 immortalitatis
2795 1955 3051 2019 haberet,
3084 1967 3310 2008 necesse
3330 1948 3554 2005 omnino
3574 1963 3697 2003 esse

2105 2063 2284 2119 neque
2307 2047 2454 2119 quod
2484 2046 2593 2103 tale
2621 2055 2724 2110 est,
2768 2044 3076 2099 inuuortale
3100 2041 3384 2114 appellari.
3410 2038 3697 2106 Quomodo

2105 2143 2250 2199 enim
2290 2142 2525 2212 amplius
2566 2139 2787 2211 proprie
2821 2139 3096 2194 diceretur
3160 2134 3487 2199 immortale,
3538 2132 3698 2201 cujus

2072 2233 2495 2288 »mortalitatem
2556 2232 2701 2287 facta
2745 2246 2840 2302 per
2886 2229 3355 2300 comparationem
3420 2224 3701 2281 contraria

2107 2324 2380 2397 oppositio
2405 2323 2720 2381 accusavit?
2740 2329 2792 2377 et
2811 2322 2960 2376 illam
2984 2329 3294 2374 accuratam
3320 2316 3698 2377 subtilitatem,

2108 2416 2255 2488 quod
2284 2431 2396 2471 non
2440 2414 2634 2486 juheat
2672 2412 3143 2483 ineorruptibilem
3175 2425 3333 2474 esse,
3362 2415 3418 2464 et
3462 2404 3700 2462 mediam

2111 2508 2445 2581 privationis
2491 2508 2768 2573 notitiam,
2824 2507 2919 2563 sed
2977 2504 3428 2577 praestantiorum
3478 2500 3700 2572 quidem

2110 2601 2521 2672 separationem
2554 2599 2919 2671 privationem
2961 2595 3167 2659 dicere,
3202 2593 3537 2650 deteriorum
3569 2604 3703 2646 vero

2108 2693 2515 2747 abscessionem
2577 2690 2692 2745 sive
2740 2687 3055 2743 distantiam
3130 2701 3239 2740 non
3299 2689 3560 2754 oportere
3593 2678 3704 2733 hoc
3798 2676 3805 2683 ’

2111 2785 2333 2841 nomine
2364 2781 2717 2855 signiﬁcare?
2755 2780 2910 2847 Quod
2961 2780 3008 2836 si
3052 2779 3169 2833 haec
3201 2775 3560 2847 praevaleant,
3594 2787 3705 2826 non

2076 2940 2079 2949 γ
2111 2878 2346 2947 amplius
2370 2876 2672 2933 secundum
2714 2874 2892 2945 ipsum
2920 2887 3027 2928 vox
3068 2869 3380 2941 apostolica
3412 2881 3539 2921 vera
3575 2881 3706 2936 pro-

2112 2970 2356 3033 babitur,
2410 2984 2533 3039 quae
2586 2967 2724 3023 dicit
2776 2966 2955 3022 solum
3003 2964 3185 3034 ipsum
3233 2960 3437 3015 habere
3480 2959 3707 3014 immor-

2113 3062 2383 3117 talitatem
2436 3060 2483 3092 9“
2529 3066 2584 3115 et
2642 3058 2766 3114 aliis
2823 3055 3092 3127 praebere.
3148 3051 3291 3118 Quid
3337 3050 3485 3105 enim
3538 3050 3707 3106 habet

2114 3166 2409 3208 commune
2433 3151 2501 3207 ab
2526 3151 2643 3220 ipsa
2678 3149 2902 3204 inducta
2939 3147 3109 3201 dictio
3145 3144 3211 3198 ad
3252 3158 3377 3199 eum
3410 3157 3572 3212 quem
3616 3144 3706 3195 in—

2114 3245 2267 3299 ducit
2283 3258 2614 3307 sermonem,
2636 3256 2817 3311 neque
2838 3238 3021 3304 nobis,
3042 3252 3216 3307 neque
3235 3235 3358 3290 aliis
3380 3234 3706 3301 quihusdam

2116 3336 2209 3406 qui
2242 3345 2421 3390 mente
2464 3342 2594 3391 sunt
2626 3330 2838 3403 praediti
2863 3370 2878 3397 ,
2914 3328 3219 3399 intelligere
3253 3342 3578 3382 concessum
3603 3334 3707 3380 cst.

2117 3430 2184 3483 Et
2220 3428 2480 3499 quoniam
2516 3426 2619 3480 ista
2671 3424 2831 3479 docta
2879 3429 2933 3478 et
2994 3421 3217 3477 subtilia
3268 3436 3381 3474 non
3424 3419 3706 3489 potuimus

2116 3522 2451 3593 perspicere,
2500 3532 2688 3572 rerum
2720 3514 2918 3585 judicii
2960 3521 3015 3569 et
3054 3529 3157 3569 usu
3189 3512 3471 3566 nominum
3506 3511 3710 3566 inscios

2116 3623 2170 3671 et
2221 3616 2444 3684 ignaros
2494 3610 2767 3677 nominat,
2804 3608 2886 3665 sic
2938 3605 3007 3660 ad
3056 3605 3282 3660 verbum
3333 3605 3606 3668 scribens,
3658 3614 3711 3657 et

2116 3708 2301 3761 omnia
2346 3719 2468 3774 quae
2497 3711 2628 3758 sunt
2666 3698 2970 3770 ejusmodi,
3003 3705 3063 3752 ut
3106 3711 3229 3767 quae
3283 3696 3488 3750 nullam
3519 3705 3712 3750 contra

2117 3795 2405 3850 veritatem
2451 3792 2560 3846 vim
2602 3791 2864 3856 habeant,
2908 3787 3220 3843 indiscussa
3265 3795 3709 3856 praetercurram,

2117 3896 2172 3945 et
2216 3888 2360 3958 quod
2414 3900 2445 3939 a
2498 3883 2660 3939 nobis
2698 3882 3004 3952 expositam
3058 3879 3498 3949 incorruptibilis
3544 3887 3599 3934 et
3630 3879 3714 3933 in-

2124 3978 2378 4051 corporei
2412 3974 2831 4045 intelligentiam
2877 3972 3272 4039 calumnietur,
3305 3970 3449 4041 quod
3480 3978 3715 4039 utraque

2119 4074 2315 4128 harum
2368 4066 2793 4140 appellationum
2840 4080 2947 4118 una
3011 4063 3254 4135 quidem,
3306 4061 3451 4133 quod
3503 4062 3715 4116 dimen-

2121 4166 2277 4221 sione
2293 4169 2467 4223 caret,
2503 4158 2559 4213 in
2578 4174 2688 4228 quo
2713 4156 2987 4226 tripertita
3010 4170 3304 4223 corporqu
3331 4169 3438 4206 non
3466 4153 3715 4207 cernitur

2118 4256 2417 4322 distantia;
2449 4253 2618 4307 altera
2652 4265 2784 4304 vero
2808 4247 2955 4319 quod
2982 4248 3237 4302 interitus
3264 4262 3370 4299 non
3406 4254 3491 4301 est
3515 4261 3709 4314 capax,

2119 4348 2414 4421 signiticet.
2453 4343 2519 4398 Et
2541 4342 2690 4414 quod
2721 4342 2839 4413 ipse
2881 4326 3028 4395 dicat
3068 4340 3152 4396 his
3184 4340 3387 4401 verbis,
3425 4346 3711 4409 propterea

2118 4440 2263 4512 quod
2303 4439 2451 4508 juste
2507 4451 2616 4489 non
2659 4433 2966 4503 accipimus
3020 4431 3300 4485 nominum
3362 4429 3613 4491 formam,
3657 4428 3709 4481 in

2123 4529 2395 4589 absurdas
2435 4534 2490 4579 et
2547 4524 2911 4579 inconcinnas
2956 4521 3209 4576 notiones
3258 4519 3592 4575 excidimus.
3650 4517 3715 4569 Et

2047 4600 2265 4699 unod
2319 4621 2423 4692 ipsi
2472 4633 2595 4672 esse
2658 4616 2743 4671 vel
2790 4615 2985 4669 adesse
3041 4614 3238 4699 horum
3290 4610 3719 4681 unumquodque

436 4712 817 4769 existimemus
849 4713 1181 4784 significare,
1207 4715 1302 4769 sed
1333 4715 1515 4786 ipsum
1541 4729 1686 4782 esse,
1710 4715 1828 4773 haec
1857 4721 2021 4776 etiam
2064 4698 2284 4778 silentio
2316 4723 2371 4770 et
2406 4709 2677 4783 profunda
2724 4708 3001 4763 oblivione
3026 4698 3193 4777 digna
3251 4719 3375 4760 esse
3436 4701 3721 4774 judicans,

438 4810 851 4881 p'retermittam
886 4807 1022 4879 ipsis
1051 4810 1362 4879 legentibus
1394 4812 1449 4866 in
1485 4812 1684 4882 seipsis
1714 4813 2126 4887 deprehendere
2174 4813 2395 4870 mistam
2442 4822 2568 4862 cum
2626 4804 2867 4860 amentia
2917 4800 3275 4871 impietatem.

517 4905 616 4967 Ὃς
658 4902 821 4968 ἀξιοῖ,
860 4901 933 4972 μὴ
982 4900 1509 4958 ἀντιδιαστέλλεσθαι
1560 4906 1623 4959 τὸ
1658 4906 1897 4980 φθαρτὸν
1950 4908 2027 4981 τῷ

439 4992 742 5066 ἀφθάρτῳ.
791 4991 929 5063 μηδὲ
959 4991 1259 5045 ἀπόστασιν
1301 4992 1589 5062 σημαίνειν
1638 4995 1733 5048 τού
1783 4992 2032 5068 χείρονος

440 5086 539 5158 τὴν
578 5082 941 5155 ἀφαιρετικὴν
977 5082 1288 5153 σημασίαν,
1323 5084 1437 5138 ἀλλ’
1486 5086 1621 5140 αὐτὸ
1662 5087 1724 5140 τὸ
1773 5084 1911 5143 εἶναι
1939 5088 2027 5143 διὰ

442 5178 535 5233 τοῦ
564 5177 924 5249 ὑποκειμένου
955 5176 1339 5247 σημαίνεσθαι.
1368 5178 1431 5231 Εἰ
1456 5179 1637 5233 τοίνυν
1666 5180 1766 5234 οὐκ
1798 5182 2027 5253 ἀφαιρε-

444 5271 568 5344 τική
604 5272 810 5343 φθορᾶς
845 5272 878 5341 ή
923 5270 1017 5325 τοῦ
1052 5270 1330 5341 ἀφθάρτου
1360 5273 1605 5344 σημασία
1636 5274 1785 5346 παρά
1810 5276 1904 5329 τού
1934 5294 2025 5329 κε-

445 5364 551 5429 νῶς
612 5365 783 5419 ταῦτα
845 5362 1289 5435 τεχνολογούντος
1349 5364 1665 5435 νομίζεται,
1720 5368 2028 5422 τούναντίον

447 5454 665 5518 πάντως
683 5456 826 5510 κατά
844 5456 1022 5508 πᾶσαν
1043 5454 1288 5527 ἀνάγκην
1303 5453 1332 5507 ὁ
1350 5453 1591 5519 τοιοῦτος
1624 5455 1914 5522 ἐνδείξεται
1936 5457 2028 5511 τοῦ

450 5547 717 5614 ὀνόματος
740 5547 931 5613 τύπος.
963 5549 1026 5601 Εἰ
1050 5546 1158 5620 γὰρ
1179 5548 1280 5602 οὐκ
1306 5550 1423 5603 ἔστι
1454 5551 1659 5622 φθοράς
1678 5551 2030 5623 ἀλλοτρίωσις

452 5642 482 5710 η
517 5638 793 5710 ἀφθαρσία
814 5679 828 5702 ,
865 5640 1261 5708 συγκατάθεσις
1295 5641 1446 5696 ἔσται
1478 5644 1694 5707 πάντως
1724 5647 1815 5697 τοῦ
1852 5647 2029 5713 ἁπεμο

451 5728 757 5800 φαίνοντας·
794 5746 829 5783 α
863 5746 930 5801 τη
957 5731 1057 5803 μὲν
1083 5731 1190 5803 γὰρ
1224 5731 1333 5787 τῶν
1361 5733 1652 5789 ἀντιθέτων
1683 5736 1716 5807 ή
1750 5734 1930 5805 φύσις,
1954 5734 2028 5800 ὡς

505 5888 553 5922 ’⁸
587 5899 872 5960 ιτίιηοιιι.
908 5921 981 5967 vr.
1028 5907 1111 5963 16.

2203 4906 2274 4961 Ut
2304 4904 2400 4975 qui
2435 4905 2658 4957 censeat
2688 4894 3049 4964 corruptibile
3080 4892 3149 4945 ab
3178 4887 3581 4959 incorruptibili
3608 4901 3716 4941 non

2131 4996 2376 5063 diﬂ‘erre,
2430 5008 2608 5064 neque
2652 4988 3056 5046 abscessionem
3088 4984 3397 5054 signiﬁcare
3428 4979 3715 5035 deterioris

2133 5086 2530 5148 ahstractivam
2572 5082 3051 5156 significationem,
3098 5077 3194 5132 sed
3231 5076 3411 5146 ipsum
3456 5089 3579 5130 esse
3620 5088 3717 5143 per

2129 5182 2440 5252 subjectum
2476 5176 2797 5250 signiﬁcari.
2861 5173 2921 5228 Si
2957 5172 3124 5242 igitur
3176 5166 3610 5239 incorruptibilis
3640 5165 3718 5221 si-

2130 5272 2407 5347 gniﬁcatio
2432 5270 2716 5326 interitum
2753 5281 2863 5321 non
2899 5263 3219 5321 abstrahere
3264 5262 3333 5317 ah
3364 5275 3431 5317 eo
3471 5259 3564 5330 qui
3601 5259 3715 5312 haec

2126 5366 2365 5423 inaniter
2392 5372 2447 5420 et
2497 5363 2781 5419 incassum
2814 5365 2933 5413 arte
2971 5371 3073 5413 sua
3117 5353 3385 5425 conﬁngit
3426 5350 3715 5408 existimas

2126 5468 2239 5525 tur,
2280 5456 2620 5515 contrarium
2671 5454 2897 5511 omnino
2934 5467 3030 5522 per
3062 5466 3279 5506 omnem
3329 5435 3710 5502 necessitatem

2126 5548 2529 5606 demonstrabit
2559 5545 2830 5613 eiusmodi
2871 5542 3107 5596 nominis
3145 5540 3336 5595 forma.
3369 5536 3425 5592 Si
3455 5537 3599 5591 enim
3631 5535 3713 5588 iu-

2126 5641 2566 5712 corrnptihilitas
2612 5655 2719 5693 non
2751 5638 3007 5691 interitus
3038 5644 3122 5689 est
3158 5632 3439 5695 alienatio,
3466 5626 3713 5699 proiecto

2135 5733 2383 5791 assensio
2422 5731 2530 5787 erit
2583 5728 2964 5786 dissentanei:
3017 5724 3133 5780 haec
3167 5722 3313 5778 enim
3365 5729 3449 5776 est
3503 5716 3714 5789 opposi-
