4146 6386
408 367 535 420 illi

1636 420 1639 423 λ
1667 369 1726 427 S.
1752 365 2080 427 CREGOBII
2110 367 2407 425 NYSSENI

3534 373 3591 428 ﬂ
3606 369 3677 427 ιτ

388 490 570 535 torum
626 488 849 542 natura,
899 490 961 536 ut
987 481 1152 539 unius
1175 482 1454 541 ablatione
1482 484 1712 543 alterius
1740 484 1977 557 oppositi

2090 488 2149 557 τῇ
2181 484 2274 540 τοῦ
2321 485 2440 549 ἑνὸς
2470 483 2792 556 ἀφαιρέσει,
2825 483 2925 557 τὴν
2965 481 3062 538 τοῦ
3091 482 3469 555 ἀντικειμένου
3520 484 3675 543 θέσιν

389 573 591 646 positio
624 583 1018 645 consequatur.
1059 573 1166 631 Sed
1216 585 1270 630 et
1322 576 1576 632 acerbam
1619 578 1766 632 illam
1797 590 1980 634 astruv

382 666 629 721 ctionem
669 666 813 737 quod
859 665 1002 723 Deus
1055 680 1252 722 natura
1306 668 1377 724 sit
1422 684 1591 740 capax
1646 670 1867 732 mortis,
1921 677 1981 724 ut

388 757 483 827 qui
534 760 872 815 contrariam
914 759 984 817 de
1036 761 1123 816 his
1176 761 1379 817 habeat
1424 762 1764 832 opinionem,
1800 763 1984 816 valere

379 852 659 909 .sinamus.
697 851 812 909 Nos
874 854 1021 910 enim
1064 853 1117 908 in
1149 855 1423 925 oppositis
1458 855 1594 910 nihil
1638 854 1857 912 differre
1891 873 1984 927 pu-

391 955 595 1009 tamus,
654 947 737 1002 vel
795 947 980 1003 dicere
1028 948 1234 1019 aliquid
1297 964 1442 1015 esse,
1496 949 1582 1005 vel
1640 951 1979 1005 contrarium

389 1051 499 1091 non
544 1052 689 1103 esse,
720 1044 782 1092 ut
809 1037 923 1107 jam
958 1037 1013 1091 in
1050 1039 1311 1108 praesenti
1340 1054 1596 1094 sermone
1629 1039 1797 1094 vitam
1833 1054 1985 1096 assc-

390 1136 575 1182 rentes
619 1124 787 1182 Deum
832 1143 978 1192 esse,
1024 1128 1195 1198 hujus
1253 1128 1621 1185 confessionis
1675 1130 1728 1184 vi
1781 1144 1844 1184 ac
1886 1144 1985 1201 po-

392 1226 595 1274 testate
659 1230 915 1276 vetamus
968 1231 1200 1276 mortem
1257 1223 1312 1276 in
1380 1224 1504 1293 ipso
1561 1222 1827 1293 cogitare,
1877 1222 1982 1279 etsi

390 1325 501 1367 non
537 1318 637 1383 per
667 1327 851 1367 vocem
898 1315 1274 1370 enuntiamus.
1307 1314 1375 1368 Et
1405 1329 1531 1369 eum
1579 1314 1758 1385 ipsum
1792 1315 1984 1369 mortis

392 1421 501 1459 non
561 1419 819 1473 capacem
862 1405 1105 1460 confessi
1152 1405 1443 1473 fuerimus,
1488 1406 1677 1461 eadem
1735 1408 1985 1462 oratione

389 1495 573 1564 ipsum
623 1496 787 1549 vitam
838 1511 964 1552 esse
1012 1496 1426 1553 aflirmavimus.
1482 1496 1589 1553 Sed
1648 1513 1759 1552 non
1802 1498 1983 1566 video,

388 1580 591 1653 inquit,
645 1587 927 1654 quomodo
978 1603 1043 1641 ex
1101 1588 1187 1643 his
1242 1604 1366 1658 qum
1421 1603 1530 1642 non
1581 1588 1789 1653 insunt,
1842 1588 1986 1645 Deus

392 1685 560 1745 super
599 1691 729 1732 suas
766 1686 1048 1733 creaturas
1077 1678 1338 1733 etnineat.
1385 1677 1450 1732 Et
1496 1679 1603 1735 hoc
1641 1679 1858 1734 erudito
1892 1696 1984 1734 ar-

390 1774 650 1836 gumento
692 1767 811 1824 sive
858 1779 1059 1823 conatu
1106 1785 1232 1824 eum
1276 1770 1556 1840 impietate
1596 1771 1830 1827 bardum
1869 1772 1985 1830 sive

2082 573 2432 631 ἀντεισιέναι.
2480 573 2640 627 Ἀλλὰ
2682 574 2776 627 καὶ
2820 574 2920 644 τὴν
2956 573 3207 646 δριμεῖαν
3253 574 3470 647 εκείνην
3498 593 3671 632 κατα·-

2085 667 2284 737 σκευὴν
2304 666 2397 720 τοῦ
2420 666 2581 736 φύσει
2602 665 2694 719 τὸν
2715 664 2846 719 Θεὸν
2873 665 3223 719 ἀνεπίδεκτον
3248 661 3388 719 εἶναι
3416 666 3672 733 θανάτου,

2082 760 2270 832 ῶσπερ
2298 760 2449 823 ὄντος
2482 759 2583 814 τοῦ
2620 758 2719 830 τὴν
2750 758 2999 813 ἐναντίαν
3047 758 3179 829 περὶ
3220 757 3429 813 τούτων
3460 759 3676 830 ἔχοντος

2082 853 2271 920 δόξαν,
2311 852 2521 925 χαίρειν
2568 853 2839 922 ὲάσωμεν.
2891 852 3083 921 Ἡμεῖς
3122 850 3230 921 γὰρ
3260 852 3319 904 ὲν
3368 854 3482 914 τοῖς
3520 852 3674 905 ἀντι-

2083 943 2259 1008 θέτοις
2294 944 2449 997 οὐδὲν
2493 943 2769 1015 διαφέρειν
2804 942 3118 1013 ἡγούμεθα,
3166 942 3198 1012 ἢ
3230 941 3291 995 τὸ
3322 941 3379 994 δὲ
3412 941 3592 1012 λέγειν
3620 962 3674 997 τι

2083 1032 2244 1104 εἶναι,
2266 1038 2299 1109 ἢ
2321 1038 2383 1090 τὸ
2413 1036 2654 1092 ἐναντίον
2685 1036 2760 1109 μὴ
2782 1031 2944 1101 εἷναι,
2962 1030 3074 1089 οἷον
3096 1036 3160 1106 δὴ
3178 1036 3272 1089 καί
3291 1036 3385 1088 ἐπὶ
3407 1035 3501 1089 τοῦ
3526 1052 3673 1109 παρ-

2082 1128 2232 1193 όντος
2278 1130 2438 1197 λόγου
2487 1128 2632 1198 ζωὴν
2672 1128 2918 1192 εἰπόντες
2957 1128 3047 1181 τὸν
3088 1127 3220 1181 Θεὸν
3268 1123 3430 1190 εἶναι,
3465 1129 3676 1196 ἀπαγο-

2088 1221 2316 1293 ρεύομεν
2345 1223 2410 1292 τῇ
2439 1219 2665 1291 δυνάμει
2706 1220 2794 1274 διά
2844 1222 2942 1290 τῆς
2992 1219 3282 1289 ὁμολογίας
3328 1218 3531 1289 ταύτης
3582 1219 3675 1271 τὸν

2085 1316 2314 1370 θάνατον
2349 1315 2478 1386 περὶ
2506 1314 2668 1368 αὑτὸν
2713 1315 2915 1366 ἐννοεῖν
2935 1352 2950 1375 ,
2985 1314 3086 1366 κᾶν
3130 1312 3204 1383 μὴ
3235 1311 3324 1365 διὰ
3359 1313 3457 1383 τῆς
3490 1312 3675 1382 φωνῆς

2084 1408 2520 1478 ἐξαγγέλλωμεν.
2552 1406 2662 1460 Καὶ
2707 1407 2836 1460 ὅταν
2876 1405 3224 1459 ἀνεπίδεκτον
3252 1404 3412 1458 αὑτὸν
3441 1403 3675 1458 θανάτου

2083 1499 2531 1570 ὁμολογήσωμεν,
2576 1496 2655 1567 τῷ
2704 1496 2853 1567 αὑτῷ
2886 1496 3030 1567 λόγῳ
3072 1494 3133 1548 τό
3164 1494 3307 1565 ζωὴν
3340 1494 3501 1550 αὑτὸν
3534 1489 3675 1547 εἶναι

2086 1588 2591 1659 κατεσκευάσαμεν.
2648 1586 2787 1640 Ἀλλ’
2837 1586 2935 1656 οὑχ
2987 1584 3132 1656 ὁρῶ,
3168 1586 3333 1655 φησί,
3361 1581 3479 1646 πῶς
3507 1581 3573 1636 ἂν
3610 1584 3677 1636 ὲκ

2083 1680 2192 1735 τῶν
2219 1680 2296 1752 μὴ
2325 1680 2636 1753 προσόντων
2674 1678 2921 1751 ὑπερέχῃ
2956 1676 3063 1730 τῶν
3089 1676 3269 1730 αὑτῶν
3303 1675 3622 1746 ποιημάτων
3647 1677 3677 1728 ὁ

2072 1772 2238 1837 ιΘεός.
2290 1774 2400 1827 Καὶ
2443 1772 2536 1826 ἐπὶ
2566 1771 2646 1843 τῷ
2678 1770 2828 1842 σοφῷ
2873 1770 3049 1843 τούτῳ
3080 1770 3502 1840 ἐπιχειρήματι,
3535 1767 3677 1839 μετά

392 1857 650 1914 stolidum
704 1859 951 1914 nominat
1001 1875 1261 1931 magnum
1295 1860 1581 1927 Basilium,
1626 1863 1719 1933 qui
1772 1862 1979 1920 talibus

2090 1865 2342 1930 ἀσεϐείας
2376 1862 2582 1933 ἠλίθιον
2609 1862 2866 1933 ὀνομάζει
2911 1861 3004 1915 τὸν
3039 1860 3215 1929 μέγαν
3249 1858 3547 1923 Βασίλειον,
3584 1857 3675 1911 τὸν

392 1951 576 2007 verbis
624 1951 703 2006 uti
758 1968 927 2008 ausus
952 1960 1059 2019 est,
1104 1954 1372 2009 adversus
1419 1969 1581 2024 quem
1615 1954 1846 2009 dixerim
1875 1969 1984 2009 non

394 2037 554 2095 valde
592 2039 766 2097 effuse
819 2050 1012 2096 contra
1070 2058 1169 2116 eos
1215 2045 1311 2115 qui
1377 2045 1492 2100 haec
1546 2045 1738 2101 dicunt
1790 2054 1986 2101 contu-

397 2130 578 2188 meliis
622 2148 785 2189 usum
820 2134 1014 2203 fuisse,
1055 2152 1124 2191 ne
1160 2136 1351 2192 iisdem
1394 2136 1715 2208 imprudens
1744 2138 1986 2210 seipsum

396 2224 619 2294 probris
665 2224 899 2296 alliciat;
947 2226 1188 2284 fortasse
1228 2230 1376 2285 enim
1411 2246 1589 2301 neque
1621 2231 1739 2302 ipse
1773 2242 1990 2286 contra—

394 2319 619 2387 dixerit,
646 2320 703 2375 in
735 2319 841 2375 hoc
864 2321 1066 2376 divinae
1091 2330 1301 2375 natura:
1325 2322 1669 2391 maiestatem
1699 2323 1986 2395 cognosci,

393 2414 449 2467 in
499 2428 611 2481 quo
653 2413 859 2467 nullam
889 2413 1053 2469 habet
1090 2429 1214 2468 cum
1242 2414 1328 2469 his
1351 2414 1817 2482 communionem,
1846 2432 1986 2488 quo-

328 2558 333 2561 ,
392 2518 516 2559 rum
553 2510 749 2557 natura
805 2503 988 2558 intima
1032 2505 1311 2575 particeps
1352 2505 1681 2561 ostenditur.
1742 2506 1799 2562 Si
1835 2509 1982 2563 enim

395 2612 564 2651 unum
598 2595 730 2667 quid
764 2597 959 2652 horum
994 2604 1164 2664 esset,
1202 2613 1381 2669 neque
1426 2600 1551 2671 plus
1608 2600 1857 2667 haberet,
1890 2602 1986 2657 sed

392 2688 536 2745 idem
592 2705 817 2761 prorsus
866 2698 1013 2746 esset
1057 2707 1181 2745 cum
1228 2708 1565 2767 unoquoque
1614 2710 1805 2749 eorum
1853 2711 1978 2767 quae

393 2780 748 2851 proprietatis
793 2780 1239 2836 communionem
1273 2782 1500 2838 habent.
1538 2781 1695 2849 Quod
1730 2784 1777 2839 si
1820 2800 1988 2858 supra

394 2873 511 2926 haec
540 2880 647 2939 est,
694 2872 823 2945 quia
863 2873 1124 2927 nimirum
1157 2872 1273 2927 haec
1304 2888 1415 2928 non
1459 2874 1675 2941 habeat,
1725 2892 1893 2948 supra
1923 2893 1988 2933 ea

368 2976 517 3033 ‘qute
547 2962 664 3017 haec
712 2963 936 3028 habent,
967 2963 1175 3020 eminet
1208 2985 1222 3019 :
1265 2965 1728 3035 quemadmodum
1755 2969 1987 3025 dicimus

394 3058 604 3129 peccati
660 3067 941 3128 expertem
983 3059 1423 3129 praestantiorem
1462 3076 1585 3116 esse
1620 3061 1706 3116 his
1738 3062 1829 3133 qui
1862 3078 1990 3134 pec-

2085 1964 2198 2026 τοῖς
2226 1961 2487 2024 τοιούτοις
2511 1959 2951 2032 ἐπιτολμήσαντα
2980 1957 3179 2027 λόγοις,
3217 1956 3355 2028 πρὸς
3381 1956 3440 2010 ὃν
3468 1956 3676 2025 εἴποιμι

2089 2055 2178 2117 ἂν,
2214 2056 2288 2127 μὴ
2318 2054 2440 2109 λίαν
2474 2054 2709 2123 ἀφειδῶς
2746 2053 2886 2108 κατά
2917 2051 3026 2105 τῶν
3058 2051 3231 2107 ταῦτα
3274 2049 3540 2118 λεγόντων
3582 2065 3676 2101 κε-

2087 2148 2323 2221 χρῆσθαι
2351 2150 2472 2212 ταῖς
2501 2148 2728 2219 ὕϐρεσι,
2779 2150 2852 2217 μή
2884 2163 2961 2217 πη
2992 2145 3086 2199 καὶ
3141 2142 3334 2197 ἑαυτὸν
3390 2140 3530 2215 λάθῃ
3566 2142 3677 2204 τοῖς

2089 2242 2273 2305 αὑτοῖς
2318 2239 2684 2311 καθυϐρίζων.
2724 2238 2881 2309 Τάχα
2927 2237 3036 2309 γὰρ
3064 2236 3171 2290 οὐδ’
3206 2235 3272 2290 ἂν
3304 2235 3465 2297 αὑτὸς
3500 2233 3680 2287 ἀντεί-

2088 2352 2181 2390 ποι
2216 2337 2273 2388 ὲν
2305 2334 2481 2403 τούτῳ
2527 2333 2587 2386 τὸ
2635 2332 2919 2403 μεγαλεῖον
2960 2333 3061 2401 τῆς
3109 2329 3261 2392 Θείας
3310 2327 3678 2399 γνωρίζεσθαι

2089 2427 2323 2498 φύσεως,
2358 2426 2417 2479 ὲν
2438 2424 2517 2496 τῷ
2545 2424 2814 2497 μηδεμίαν
2840 2422 2984 2493 ἔχειν
3010 2420 3145 2490 πρὸς
3169 2418 3341 2474 ταῦτα
3370 2418 3678 2481 κοινωνίαν,

2088 2517 2164 2575 ὢν
2190 2522 2223 2594 ὴ
2248 2518 2398 2573 κάτω
2426 2517 2586 2587 φύσις
2642 2515 2941 2586 μετέχουσα
2971 2514 3266 2567 δείκνυται.
3297 2512 3359 2565 El
3388 2510 3499 2582 γὰρ
3529 2510 3587 2563 έν
3623 2526 3680 2564 τι

2089 2612 2293 2667 τούτων
2337 2610 2453 2682 εἴη,
2499 2608 2607 2663 οὐδ’
2637 2607 2704 2662 ἂν
2750 2606 2813 2661 τὸ
2849 2605 3009 2660 πλέον
3037 2604 3149 2675 ἔχοι
3171 2644 3186 2669 ,
3215 2602 3349 2658 ἀλλά
3379 2601 3576 2657 ταύτὸν
3614 2601 3681 2655 ἂν

2089 2706 2175 2776 εἴη
2205 2703 2423 2767 πάντως
2461 2702 2676 2771 ἑκάστῳ
2714 2698 2825 2752 τῶν
2871 2695 3370 2751 ὲπικοινωνούντων
3400 2693 3497 2748 τοῦ
3535 2691 3681 2747 ἰδιώ-

2093 2815 2287 2870 ματος.
2325 2798 2387 2850 Εἰ
2418 2796 2475 2849 δὲ
2506 2795 2647 2866 ὑπὲρ
2675 2792 2848 2849 ταῦτά
2878 2794 3025 2855 ἐστι,
3058 2789 3138 2860 τῷ
3181 2788 3256 2861 μὴ
3297 2788 3442 2859 ἔχειν
3480 2785 3683 2858 δηλαδὴ

2088 2891 2291 2955 ταῦτα,
2325 2888 2433 2945 τῶν
2466 2887 2697 2959 ἐχόντων
2730 2884 3139 2956 ὑπερανέστηκε
3163 2897 3177 2912 ·
3210 2879 3464 2951 καθάπερ
3501 2876 3682 2947 φαμὲν

2090 2984 2378 3056 κρείττονα
2421 2978 2530 3035 τῶν
2578 2980 2638 3033 ὲν
2678 2976 2977 3048 ἁμαρτίαις
3016 2974 3187 3027 ὄντων
3229 2966 3371 3026 εἶναι
3430 2969 3524 3024 τὸν
3553 2969 3687 3022 ἀνα-

2094 3075 2392 3147 μάρτητον.
2441 3072 2516 3125 Τὸ
2548 3070 2660 3142 γὰρ
2685 3068 2781 3123 τοῦ
2811 3066 2983 3121 κακοῦ
3016 3062 3372 3136 κεχωρίσθαι,
3395 3059 3489 3115 τοῦ
3523 3059 3687 3115 πλου-

393 3150 535 3207 catis
568 3152 1055 3219 contaminamur;
1085 3167 1209 3206 nam
1244 3167 1274 3205 a
1314 3154 1459 3208 malo
1496 3164 1805 3224 separatum
1838 3172 1983 3222 esse,

2090 3171 2203 3223 τείν
2232 3170 2291 3221 ἐν
2321 3169 2435 3230 τοῖς
2465 3165 2709 3236 ἀρίστοις
2747 3160 3024 3226 ἀπόδειξις
3074 3159 3305 3229 γίνεται.
3340 3156 3481 3210 Ἀλλ’
3511 3157 3540 3209 ό
3584 3154 3687 3225 μὲν

396 3240 452 3296 in
500 3240 727 3312 optimis
788 3241 1015 3297 divitem
1077 3258 1223 3310 esse,
1271 3242 1673 3301 demonstratio
1728 3246 1984 3303 eﬂicitur.

398 3331 507 3390 Sed
538 3333 629 3389 hic
659 3333 881 3405 quidem
910 3335 1347 3391 contumeliosus
1375 3339 1713 3392 conviciator
1760 3355 1859 3395 sua
1894 3357 1992 3396 na-

396 3433 523 3478 tura
546 3430 762 3490 utatur,
810 3439 915 3479 nos
961 3435 1143 3479 autem
1184 3439 1308 3479 cum
1346 3426 1604 3496 exiguum
1638 3428 1768 3498 quid
1801 3445 1989 3485 eorum

398 3515 891 3588 significaverimus
925 3530 1045 3587 quae
1091 3523 1223 3571 sunt
1262 3516 1317 3571 in
1353 3519 1458 3572 hac
1507 3529 1662 3588 parte
1714 3521 1882 3589 dicta,
1924 3524 1991 3577 ad

401 3610 683 3681 proposita
726 3610 1032 3665 orationem
1086 3609 1436 3666 reducemus.

474 3701 740 3758 Similiter
773 3701 870 3766 ait,
929 3702 1106 3772 ipsum
1142 3717 1405 3773 superare
1450 3720 1572 3775 qua:
1617 3716 1744 3761 sunt
1789 3717 1996 3762 morta-

402 3796 475 3850 lia
512 3802 575 3849 ut
627 3794 1019 3861 immortalem,
1051 3801 1105 3849 et
1134 3796 1517 3865 corruptibilia
1565 3807 1625 3851 ut
1662 3798 1997 3871 incorrupti-

403 3891 594 3953 bilem,
630 3898 685 3945 et
727 3888 815 3944 his
880 3903 1004 3960 quae
1060 3895 1191 3944 sunt
1240 3888 1427 3959 genita
1471 3891 1907 3961 supereminere,
1936 3899 1995 3946 ut

402 3982 730 4055 ingenitum.
766 3984 849 4037 An
893 3997 1006 4037 non
1067 3981 1328 4037 omnibus
1376 3984 1665 4054 perspicua
1711 3996 1795 4039 est
1831 3984 1997 4055 hujus

403 4075 517 4133 Deo
575 4076 799 4132 rebellis
852 4076 1158 4148 impietatis
1191 4077 1452 4141 assertio,
1506 4092 1574 4132 an
1617 4080 1867 4135 oratione
1896 4081 1999 4151 im-

402 4167 729 4241 probitatem
771 4169 1031 4224 convenit
1085 4169 1376 4224 revelare?
1420 4170 1558 4237 Quis
1614 4170 1830 4243 ignorat
1875 4189 1999 4244 quae

401 4261 593 4320 eadem
612 4276 873 4318 mensura
897 4268 1156 4333 superata
1178 4270 1326 4330 sunt,
1360 4263 1593 4333 aequalia
1620 4265 1848 4325 omnino
1874 4281 1999 4323 esse

402 4355 545 4413 inter
592 4353 702 4409 se?
755 4351 813 4408 Si
855 4352 1022 4424 igitur
1053 4352 1307 4409 similiter
1339 4369 1369 4408 a
1399 4353 1510 4411 Deo
1554 4366 1849 4426 superatur
1879 4373 1999 4413 cor-

402 4445 662 4517 ruptibile
719 4453 775 4500 et
835 4445 1111 4516 genitum;
1177 4446 1398 4518 genitus
1453 4456 1638 4504 autem
1695 4459 1782 4506 est
1831 4452 1997 4506 etiam

402 4537 671 4595 Dominus
712 4556 728 4594 :
768 4537 1075 4595 Eunomius
1126 4538 1422 4595 concludat
1460 4556 1528 4596 ex
1573 4541 1769 4612 positis
1816 4557 1995 4599 emer—

402 4647 537 4705 gens
566 4632 895 4705 inexpiabile
928 4634 1133 4689 scelus.
1163 4632 1524 4704 Perspicuum
1554 4637 1701 4691 enim
1734 4644 1820 4693 est
1843 4637 1994 4707 quod

401 4726 810 4799 generationem
842 4725 985 4781 idem
1013 4726 1291 4784 existimat
1318 4727 1686 4783 cuminteritu
1719 4740 1773 4783 et
1797 4738 1995 4796 morte,

402 4828 466 4875 ut
495 4819 640 4876 idem
683 4818 740 4873 in
792 4818 959 4890 paulo
1024 4819 1409 4890 superioribus
1460 4823 1810 4878 sermonibus
1871 4839 1997 4879 eum

403 4912 810 4983 incorruptibili
869 4911 1173 4983 ingenitum
1213 4913 1609 4983 pronuntiavit.
1656 4913 1713 4970 Si
1765 4930 1897 4985 ergo
1942 4916 1997 4972 in

401 5004 601 5078 aequali
641 5004 818 5061 cernit
850 5004 1135 5060 interitum
1169 5014 1227 5061 et
1265 5006 1683 5076 generationem
1737 5017 1792 5062 et
1838 5010 1996 5063 simi-

404 5100 531 5156 liter
580 5097 802 5164 asserit,
837 5095 908 5153 ab
937 5098 1024 5154 his
1050 5097 1268 5154 duobus
1318 5097 1488 5154 Deum
1529 5099 1745 5165 abesse,
1776 5101 1998 5172 genitus

403 5198 590 5249 autem
637 5190 906 5247 Dominus
949 5206 964 5243 :
1007 5192 1193 5247 nullus
1224 5205 1255 5245 a
1307 5192 1469 5246 nobis
1519 5190 1723 5264 exigat,
1754 5192 1902 5263 quod
1931 5209 2000 5250 ex

406 5285 509 5341 hac
543 5283 794 5339 oratione
817 5285 1201 5354 consequitur,
1236 5298 1563 5354 proponere,
1594 5284 1691 5340 sed
1716 5300 1781 5355 ex
1813 5286 1998 5356 seipso

403 5376 821 5445 conclusionem
850 5375 1072 5448 colligat
1098 5395 1111 5432 :
1141 5376 1411 5447 siquidem
1443 5393 1508 5432 ex
1539 5392 1698 5448 aequo
1728 5388 1783 5433 et
1803 5393 2000 5434 secun-

404 5470 538 5525 dum
566 5467 816 5526 eamdem
874 5470 1144 5523 rationem
1174 5483 1205 5521 a
1228 5467 1413 5539 genito
1439 5476 1493 5524 et
1515 5468 1861 5538 corruptibili
1903 5467 1997 5524 Dei

405 5572 606 5619 natura
637 5562 826 5618 distat.
860 5560 967 5617 Sed
996 5576 1104 5617 non
1132 5561 1284 5627 licet,
1312 5562 1511 5632 inquit,
1536 5562 1728 5617 mortis
1759 5570 1813 5617 et
1838 5562 2002 5617 inter-

405 5657 518 5712 itus
566 5655 821 5712 absentia
868 5654 1053 5711 dicere
1084 5654 1557 5725 incorruptibilem
1590 5654 1770 5724 ipsum
1813 5662 1869 5707 et
1900 5654 2001 5708 im-

406 5750 720 5806 mortalem.
740 5747 932 5805 Fidem
953 5749 1191 5804 habeant
1208 5748 1392 5811 dictis,
1410 5748 1507 5819 qui
1529 5748 1756 5802 naribus
1778 5747 2003 5803 trahun-

407 5853 521 5911 tur,
545 5850 599 5898 et
624 5843 693 5899 ad
726 5843 780 5899 id
821 5841 969 5915 quod
1010 5842 1211 5914 cuique
1255 5840 1469 5898 videtur
1521 5839 1997 5913 circumaguntur,

2096 3261 2360 3333 ὑϐριστὴς
2408 3257 2698 3330 κεχρήσθω
2746 3257 2814 3326 τῇ
2866 3253 3055 3323 φύσειο
3108 3252 3270 3323 ἡμεῖς
3318 3249 3375 3303 δὲ
3407 3248 3601 3319 μικρόν
3632 3265 3687 3300 τι

2094 3353 2624 3427 Μρασημανάμενοι
2662 3349 2770 3403 τῶν
2796 3350 2855 3401 ὲν
2879 3347 2957 3418 τῷ
3000 3345 3156 3418 μέρει
3188 3343 3363 3413 τούτῳ
3392 3341 3685 3414 ῥηθέντων,

2096 3450 2229 3523 πρὸς
2251 3448 2321 3503 τά
2351 3445 2692 3518 προκείμενα
2708 3442 2799 3496 τὸν
2826 3440 2983 3510 λόγον
3007 3437 3331 3511 μετάξομεν.

2179 3706 2412 3778 Ὁμοίως
2442 3705 2630 3777 φησὶν,
2671 3702 2832 3757 αὑτὸν
2862 3701 3150 3771 ὑπερέχειν
3192 3698 3303 3753 τῶν
3354 3697 3451 3770 μὲν
3477 3696 3691 3771 θνητῶν

2094 3798 2170 3863 ὡς
2196 3797 2481 3863 ἀθάνατον,
2516 3794 2623 3848 τῶν
2651 3793 2707 3847 δὲ
2752 3792 3005 3864 φθαρτῶν
3034 3792 3109 3855 ὼς
3149 3790 3451 3861 ἄφθαρτον,
3482 3789 3590 3843 τῶν
3630 3788 3690 3842 δὲ

2095 3888 2374 3961 γεννητῶν
2423 3888 2499 3950 ὼς
2533 3884 2852 3957 ἀγέννητον.
2886 3880 3033 3955 *Αρα
3076 3883 3241 3937 πᾶσίν
3280 3884 3396 3935 ἐστι
3426 3880 3691 3952 πρόδηλος

2097 3987 2132 4058 ἡ
2164 3984 2259 4038 τοῦ
2305 3981 2576 4051 θεομάχου
2618 3977 2719 4048 τῆς
2748 3974 3004 4039 ἀσεϐείας
3060 3972 3411 4043 κατασκευὴ,
3459 3972 3493 4042 ἢ
3547 3970 3692 4041 λόγῳ

2097 4075 2363 4146 προσήκει
2392 4067 2789 4137 διανακαλύψαι
2813 4065 2913 4138 τὴν
2942 4064 3244 4135 πονηρίαν;
3275 4063 3372 4126 Τίς
3414 4062 3514 4116 οὑκ
3550 4058 3692 4115 οἶδεν

2096 4169 2178 4223 ὅτι
2205 4166 2275 4221 τὰ
2314 4165 2394 4236 τῷ
2414 4163 2563 4234 αὐτῷ
2596 4161 2778 4235 μέτρῳ
2798 4158 3201 4230 ὑπερεχόμενα,
3235 4156 3328 4210 [ea
3352 4156 3568 4219 πάντως
3599 4154 3695 4207 ἀλ-

2098 4258 2279 4329 λήλοις
2297 4256 2445 4310 ἐστίν
2463 4273 2478 4322 ;
2509 4256 2574 4309 Εί
2594 4249 2687 4309 οὖν
2703 4250 2904 4323 ὁμοίως
2927 4249 3252 4322 ὑπερέχεται
3277 4246 3531 4320 παράτοῦ
3555 4245 3691 4300 Θεοῦ

2097 4352 2159 4407 τὸ
2185 4348 2424 4423 φθαρτὸν
2448 4349 2545 4403 καί
2570 4345 2828 4417 γεννητὸν
2848 4383 2863 4408 ,
2898 4341 3159 4414 γεννητὸς
3198 4342 3255 4395 δὲ
3284 4342 3379 4395 καί
3410 4343 3437 4395 ό
3457 4338 3658 4410 Κύριος
3676 4356 3689 4369 ·

2100 4445 2366 4516 Εὑνόμιος
2415 4440 2822 4513 συμπερανάτω
2875 4438 2937 4492 τὸ
2990 4440 3054 4491 ὲκ
3096 4437 3206 4490 τῶν
3258 4434 3521 4489 τεθέντων
3555 4433 3694 4486 ἀνα-

2027 4538 2308 4618 οκύπτον
2346 4533 2623 4605 ἀσέϐημα.
2672 4531 2845 4603 Δῆλον
2876 4530 2986 4603 γὰρ
3025 4531 3106 4584 ὅτι
3140 4528 3336 4582 ταὺτὸν
3366 4527 3577 4618 ἡγεῖται

2101 4628 2276 4700 φθορᾷ
2298 4626 2392 4681 καὶ
2421 4624 2500 4696 τῷ
2525 4623 2739 4694 θανάτῳ
2808 4622 2910 4693 τὴν
2939 4622 3195 4692 γέννησιν
3214 4661 3230 4687 ,
3272 4619 3347 4682 ὡς
3383 4616 3579 4672 ταύτὸν
3630 4616 3691 4669 έν

2097 4725 2211 4787 τοῖς
2232 4721 2337 4793 πρὸ
2365 4720 2557 4773 τούτου
2589 4718 2769 4787 λόγοις
2796 4718 2852 4771 ὲν
2879 4716 2958 4788 τῷ
2984 4716 3250 4789 ἀφθάρτῳ
3303 4713 3365 4767 τὸ
3393 4711 3693 4781 ἀγέννητον

2100 4815 2438 4886 ἀπεφήνατο.
2470 4814 2535 4866 El.
2558 4806 2651 4865 οὖν
2684 4813 2743 4865 ὲν
2764 4812 2865 4881 ίσῳ
2893 4810 3080 4881 βλέπει
3111 4809 3209 4879 τὴν
3235 4806 3440 4879 φθορὰν
3466 4807 3563 4861 καὶ
3592 4805 3694 4878 τὴν

2101 4908 2376 4979 γέννησιν,
2413 4907 2508 4960 καὶ
2538 4905 2739 4976 ὁμοίως
2767 4903 2915 4972 λέγει
2945 4902 3036 4957 τὸν
3080 4901 3216 4955 Θεὸν
3252 4901 3557 4971 ἀφεστάναι
3584 4899 3696 4952 τῶν

2098 5000 2222 5054 δύο*
2270 4996 2524 5069 γεννητὸς
2554 4997 2611 5051 δὲ
2638 4999 2666 5051 ὁ
2694 4996 2918 5068 Κύριος,
2954 4995 3145 5068 μηδεὶς
3170 4993 3303 5065 παρ’
3334 4993 3491 5063 ἡμῶν
3527 4994 3695 5047 ἁπαι-

2099 5094 2263 5148 τείτω
2302 5091 2669 5165 προστεθῆναι
2707 5090 2770 5143 τὸ
2797 5092 2863 5143 ἐκ
2895 5091 2991 5142 τοῦ
3022 5087 3183 5157 λόγου
3223 5085 3538 5147 ἀκόλουθον,
3578 5083 3694 5137 ἀλλ’

2100 5187 2193 5256 ἀφ’
2227 5183 2423 5238 ἑαυτοῦ
2469 5179 2877 5251 συλλογισάσθω
2924 5180 2984 5233 τὸ
3031 5180 3241 5252 πέρας·
3291 5178 3453 5250 εἴπερ
3496 5178 3695 5248 ἐπίσης

2101 5259 2197 5332 καὶ
2240 5276 2383 5331 κατά
2436 5275 2528 5329 τὸν
2581 5275 2744 5328 αὑτὸν
2797 5272 2954 5342 λόγον
3005 5271 3100 5326 τοῦ
3159 5269 3421 5341 γεννητοῦ
3473 5267 3692 5323 καὶτοῦ

2102 5367 2345 5438 φθαρτοῦ
2394 5367 2427 5437 ἡ
2476 5363 2571 5419 τοῦ
2617 5362 2752 5418 Θεοῦ
2800 5363 2960 5433 φύσις
3011 5361 3344 5432 ἀφέστηκεν.
3411 5360 3550 5414 Ἀλλ’
3594 5361 3699 5416 οὐκ

2102 5462 2252 5527 ἐστι,
2303 5459 2489 5532 φησίν,
2525 5456 2762 5527 ἀπουσίᾳ.
2813 5455 3046 5509 θανάτου
3081 5454 3177 5509 καὶ
3232 5452 3439 5523 φθορᾶς
3461 5490 3476 5516 ,
3513 5450 3697 5519 λέγειν

2101 5554 2378 5627 ἄφθαρτον
2424 5552 2587 5606 αὑτὸν
2641 5552 2735 5605 καὶ
2787 5549 3072 5603 ἀθάνατον.
3145 5545 3525 5600 Πειθέσθωσαν
3583 5548 3698 5609 τοῖς

2103 5650 2412 5724 εἰρημένοις
2487 5647 2535 5700 οἱ
2582 5643 2690 5698 τῶν
2751 5642 2915 5714 ῥινῶν
2971 5641 3284 5711 ἑλκόμενοι,
3333 5638 3432 5693 καὶ
3472 5639 3608 5711 πρὸς
3635 5638 3698 5691 τὸ

2103 5743 2294 5799 δοκοῦν
2334 5739 2550 5808 ἑκάστῳ
2602 5734 3020 5807 περιαγόμενοι,
3074 5734 3167 5787 καὶ
3218 5730 3529 5798 λεγέτωσαν
3554 5744 3700 5798 παρ-

2108 5835 2245 5887 εῖναι
2303 5828 2383 5903 τῷ
2445 5828 2565 5902 Θεῷ
2605 5828 2705 5901 τὴν
2750 5826 2954 5900 φθοράν
3010 5826 3104 5883 καὶ
3148 5825 3240 5887 τὸν
3291 5822 3523 5881 θάνατον
3608 5812 3699 5875 ῐνα
