4146 6386
370 468 397 524 ί
407 467 507 522 Ηῦ

1421 455 1702 513 CONTRA
1736 453 2126 521 EUNOMIL’M,
2168 456 2295 514 LIB.
2336 458 2448 518 XII.

3481 460 3503 514 1
3524 448 3615 512 Η]

367 582 633 646 ἀθάνατός
655 598 716 636 τε
740 582 835 637 καὶ
860 581 1136 655 ἄφθαρτος
1167 581 1415 654 λέγηται.
1450 584 1515 639 EE
1544 586 1653 656 γὰρ
1699 584 1820 656 οὐχὶ
1844 583 1941 654 τὴν

2055 593 2099 640 et
2126 584 2313 643 dicant
2342 587 2453 645 Deo
2506 587 2790 645 interitum
2819 595 2874 644 et
2908 594 3138 643 mortem
3179 582 3396 643 adesse,
3429 584 3489 631 ιιι
3518 591 3591 629 Im

367 678 634 732 ἀπουσίαν
657 676 752 731 τοῦ
793 676 1021 732 θανάτου
1051 677 1268 747 καὶτῆς
1298 677 1537 749 φθορᾶς,
1566 677 1747 742 καθώς
1779 694 1943 750 φησιν

366 772 394 823 6
428 768 710 839 Εὑνόμιος,
741 768 800 822 αί
837 769 1188 839 ἀφαιρετικαὶ
1217 770 1423 824 τούτων
1447 770 1810 844 προσηγορίαι
1842 787 1942 841 ση-

372 860 619 930 μαίνουσι
638 897 653 923 ,
684 857 900 923 πάντως
928 858 990 912 τὸ
1022 862 1274 931 παρεῖναι
1307 860 1455 931 αὐτῷ
1498 860 1570 914 τά
1623 861 1841 914 ἐναντία
1882 878 1943 913 τε

367 952 461 1005 καὶ
484 950 737 1021 ἀλλότρια
763 949 851 1003 διά
873 951 973 1021 τῆς
996 951 1340 1021 τεχνολογίας
1367 952 1571 1023 ταύτης
1601 952 1945 1006 κατασκευά-

370 1043 542 1108 ζεται.
580 1043 849 1096 Ἕκαστον
891 1042 999 1114 γάρ
1038 1041 1148 1097 τῶν
1174 1043 1477 1114 νοουμένων
1508 1044 1541 1117 ἢ
1570 1044 1769 1098 ἄπεστι
1804 1044 1944 1097 πάν-

366 1154 476 1201 τως
511 1136 651 1199 τινὸς
670 1177 684 1198 .
710 1135 744 1207 ἢ
770 1136 870 1189 οὐκ
903 1135 1150 1201 ἄπεστιν,
1196 1130 1325 1200 οἷον,
1352 1134 1466 1205 φῶς
1486 1176 1501 1203 ,
1535 1138 1726 1200 σκότος
1744 1176 1758 1201 ,
1806 1135 1941 1207 ζωὴ,

375 1230 624 1293 θάνατος,
650 1228 827 1299 ὑγεία,
861 1228 1016 1293 νόσος
1042 1230 1134 1282 καὶ
1162 1229 1262 1283 ὅσα
1282 1228 1506 1283 τοιαῦτα
1529 1246 1545 1262 ·
1571 1231 1656 1299 ἐφ’
1697 1222 1773 1284 ὧν
1807 1231 1855 1282 εί
1884 1228 1946 1281 τὸ

367 1322 554 1393 ἔτερόν
602 1336 691 1384 τις
733 1319 845 1374 τῶν
886 1318 1190 1390 νοουμένων
1233 1320 1452 1376 ἀπεῖναι
1495 1320 1668 1389 λέγοι,
1718 1319 1817 1392 τὴν
1849 1319 1944 1373 τοῦ

367 1412 555 1483 ἑτέρου
586 1412 804 1475 πάντως
830 1413 1134 1482 παρουσίαν
1163 1412 1578 1466 κατασκευάσει.
1611 1412 1674 1465 Εί
1697 1407 1788 1465 οὖν
1814 1427 1946 1483 φησι

373 1506 447 1576 μὴ
474 1504 569 1558 τοῦ
593 1503 823 1559 θανάτου
845 1503 1082 1575 ἀπουσίᾳ
1104 1502 1195 1557 τὸν
1218 1503 1352 1556 Θεὸν
1381 1503 1645 1557 ἀθάνατον
1666 1503 1943 1573 λέγεσθαι,

366 1599 525 1669 δῆλος
543 1598 609 1654 ἂν
637 1596 722 1670 εῐη
743 1597 1044 1669 παρουσίαν
1064 1596 1212 1666 αὐτῷ
1241 1596 1469 1651 θανάτου
1496 1598 1943 1667 κατασκευάζων,

370 1690 464 1743 καὶ
505 1688 593 1743 διά
634 1687 826 1742 τούτου
863 1688 964 1757 τὴν
1017 1685 1316 1741 ἀθανασίαν
1368 1686 1463 1739 ἐπὶ
1510 1686 1606 1740 τοῦ
1653 1687 1788 1741 Θεοῦ
1837 1688 1946 1743 τῶν

368 1778 507 1833 δλων
531 1776 880 1852 ἀρνούμενος.
922 1775 1048 1841 Πῶς
1088 1776 1197 1848 γὰρ
1225 1775 1291 1830 ἂν
1317 1775 1397 1829 έτι
1431 1776 1698 1841 ἀθάνατος
1732 1775 1947 1847 ἀληθῶς

369 1871 456 1940 εἴη
501 1870 597 1924 καὶ
633 1868 937 1940 ἄφθαρτος.
964 1860 1025 1921 οὗ
1069 1867 1143 1938 μὴ
1180 1867 1400 1921 ἀπεῖναι
1438 1866 1586 1933 λέγει
1610 1867 1710 1937 τὴν
1740 1865 1946 1938 φθοράν

2044 680 2293 736 mortalis
2329 688 2384 736 et
2417 680 2850 752 iucorruptibilis
2892 679 3126 735 dicatur.
3165 676 3223 731 Si
3254 674 3398 731 enim
3426 667 3618 725 mortis

2043 777 2098 824 et
2128 768 2384 827 interitus
2436 772 2765 838 absentiam,
2811 771 2955 827 sicut
2976 769 3053 823 ait
3101 763 3425 824 Eunomius,
3481 756 3617 813 sub-

2044 863 2317 917 stractiva:
2346 862 2543 917 horum
2578 863 2971 935 appellationes
2988 874 3096 915 non
3132 854 3464 928 significant,
3494 863 3616 904 om-

2044 953 2177 1009 nino
2222 954 2272 1009 ei
2318 955 2511 1010 adesse
2562 954 2838 1010 contraria
2890 960 2944 1009 et
2994 952 3171 1005 aliena
3236 948 3340 1000 hoc
3388 939 3619 997 artilicio

2045 1047 2332 1101 astruitur.
2361 1045 2803 1118 Unumquodque
2837 1044 2981 1100 enim
3025 1055 3216 1098 eorum
3248 1051 3370 1108 quae
3418 1031 3620 1088 intelli-

2043 1151 2267 1213 guntur,
2303 1142 2389 1198 vel
2423 1142 2578 1197 abest
2599 1156 2824 1213 prorsus
2852 1140 2921 1193 ab
2951 1137 3156 1207 aliquo,
3191 1132 3273 1188 vel
3296 1144 3405 1184 non
3442 1126 3618 1188 abest,

2047 1238 2106 1284 ut
2152 1230 2265 1295 lux,
2315 1232 2575 1299 tenebrae,
2615 1232 2751 1298 vita,
2808 1245 2979 1291 mors.
3011 1226 3242 1287 sanitas,
3280 1218 3526 1280 morbus,
3566 1224 3619 1270 et

2045 1336 2384 1392 quaecunque
2430 1321 2701 1390 ejusmodi
2753 1337 2769 1375 :
2820 1319 2875 1373 in
2930 1316 3129 1388 quibus
3179 1313 3225 1366 si
3275 1310 3505 1364 alterum
3529 1317 3620 1392 eo-

2044 1422 2168 1462 rum
2204 1391 2324 1478 quae
2353 1407 2733 1478 intelliguntur
2753 1406 2946 1461 abesse
2962 1404 3086 1473 quis
3110 1400 3279 1462 dicat,
3308 1394 3499 1467 procul
3518 1391 3620 1445 du-

2046 1496 2138 1551 bio
2176 1494 2402 1551 alterius
2426 1495 2772 1566 praesentiam
2800 1500 3104 1550 construet.
3144 1489 3204 1544 Si
3226 1488 3395 1558 igitur
3424 1481 3624 1539 asserit

2046 1588 2243 1645 mortis
2294 1588 2540 1644 absentia
2589 1587 2759 1643 Deum
2792 1602 2904 1642 non
2943 1587 3052 1641 dici
3085 1580 3470 1642 immortalem,
3506 1590 3622 1630 ma-

2046 1668 2251 1735 nifeste
2286 1687 2498 1736 astruet
2536 1680 2731 1736 mortis
2762 1678 3105 1750 praesentiam
3129 1675 3179 1732 ei
3209 1673 3425 1737 adesse,
3454 1676 3621 1738 atque

2045 1771 2255 1830 idcirco
2301 1773 2766 1829 immortalitatem
2799 1773 2854 1828 in
2886 1771 2996 1828 Deo
3036 1770 3418 1825 universorum
3457 1776 3625 1833 nega-

2050 1864 2150 1920 bit.
2182 1863 2470 1935 Quomodo
2499 1866 2646 1921 enim
2680 1881 2809 1922 vere
2849 1864 3175 1920 immortalis
3206 1871 3262 1917 et
3286 1856 3621 1929 incorrupti-

369 1964 461 2018 καὶ
489 1963 580 2016 τὸν
609 1960 871 2025 θάνατονς
922 1957 1062 2012 Ἀλλ’
1096 1958 1224 2022 ἴσως
1265 1959 1381 2029 ἐρεῖ
1406 1974 1490 2021 τις
1532 1959 1680 2029 ἡμᾶς
1706 1958 1945 2029 ἐπηρεα-

2055 1955 2174 2012 bilis
2206 1956 2299 2012 ille
2354 1955 2540 2022 fuerit,
2584 1972 2614 2011 a
2658 1973 2769 2028 quo
2808 1958 2899 2013 ille
2934 1972 3045 2012 non
3104 1955 3299 2011 abesse
3338 1951 3623 2007 interitum

372 2051 697 2124 στικώτερον
724 2050 804 2123 τῷ
834 2050 977 2122 λόγῳ
1001 2048 1376 2121 προσφύεσθαι
1394 2064 1410 2079 ·
1445 2048 1519 2119 μὴ
1546 2048 1652 2122 γὰρ
1693 2048 1760 2103 ἂν
1802 2047 1947 2102 οὕτω

372 2144 607 2217 μανῆναί
636 2160 793 2209 τινα,
844 2143 919 2205 ὡς
949 2141 1359 2197 κατασκευάσαι
1402 2141 1495 2194 τὸν
1517 2140 1651 2195 Θεὸν
1692 2142 1768 2212 μή
1808 2135 1948 2194 εἶναι

370 2238 635 2293 ἀθάνατον
652 2278 665 2301 ,
698 2235 833 2289 ἀλλά
866 2234 976 2288 τῶν
1008 2234 1107 2307 μὲν
1131 2234 1191 2287 ὲν
1215 2232 1294 2305 τῷ
1322 2232 1552 2305 κρυπτῷ
1579 2249 1690 2286 τισι
1721 2233 1949 2305 νοουμέ-

370 2346 497 2391 νων,
532 2327 706 2391 οὐδεὶς
732 2325 1036 2398 ἀνθρώπων
1066 2323 1165 2396 τὴν
1203 2323 1403 2395 γνῶσιν
1430 2323 1577 2395 ἔχει,
1628 2323 1715 2379 διὰ
1743 2324 1799 2377 δὲ
1838 2324 1950 2379 τῶν

372 2418 678 2491 λεγομένων
714 2419 743 2471 6
782 2417 1087 2488 στοχασμὸς
1112 2419 1247 2487 ἡμῖν
1279 2416 1389 2470 τῶν
1424 2417 1822 2491 κεκρυμμένων
1858 2419 1948 2489 ἐγ-

372 2511 599 2583 γίνεται.
626 2509 834 2566 Οὐκοῦν
862 2508 1022 2565 πάλιν
1047 2507 1111 2565 τὸ
1144 2508 1306 2582 ῥηθέν
1326 2507 1705 2582 ἀναλάϐωμεν.

447 2797 568 2851 Οὐκ
594 2796 862 2864 ἀπουσίᾳ
891 2794 1171 2861 θανάτου,
1212 2795 1397 2867 φησὶν,
1426 2797 1461 2851 ὁ
1489 2795 1629 2865 Θεὸς
1656 2796 1952 2863 ἀθάνατος

371 2890 629 2961 λέγεται.
655 2888 776 2954 Πῶς
802 2887 1065 2961 δεξόμεθα
1084 2887 1146 2942 τὸ
1169 2888 1492 2958 λεγόμενον;
1519 2889 1600 2944 ὅτι
1624 2890 1724 2943 οὐκ
1755 2889 1951 2943 ἄπεστι

371 2982 468 3038 τοῦ
501 2981 635 3037 Θεοῦ
660 2984 690 3036 6
716 2982 963 3046 θάνατος,
994 2981 1098 3036 κᾶν
1139 2982 1406 3044 ἀθάνατος
1436 2980 1690 3054 λέγηται;
1742 2979 1952 3035 Οὐκοῦν

374 3075 424 3129 εί
445 3073 601 3128 τοῦτο
636 3073 845 3129 κελεύει
868 3076 1028 3139 νοεῖν,
1065 3072 1259 3144 θνητὸς
1286 3072 1440 3127 ἔσται
1473 3073 1690 3136 πάντως
1728 3074 1756 3126 6
1781 3073 1951 3127 Εὐνο-

379 3166 501 3237 μίου
555 3166 722 3234 Θεὸς,
761 3166 856 3220 καὶ
902 3164 1076 3237 φθορᾷ
1143 3164 1523 3235 ὑποκείμενος.
1575 3156 1650 3218 Οὗ
1693 3163 1802 3235 γάρ
1852 3164 1952 3217 οὐκ

377 3257 571 3311 ἄπεστι
601 3257 826 3320 θάνατος
852 3256 1120 3311 ἀθάνατον
1152 3250 1291 3310 εἷναι
1319 3255 1483 3326 φύσιν
1508 3256 1609 3309 ούκ
1637 3255 1750 3326 ἕχει
1770 3272 1786 3287 ο
1816 3254 1953 3309 άλλά
1979 3279 2026 3343 c

378 3346 487 3416 μὴν
519 3348 566 3399 εί
591 3347 726 3417 μήτε
762 3344 992 3399 Θανάτου
1024 3345 1161 3416 μήτε
1195 3343 1401 3416 φθορᾶς
1418 3343 1685 3399 ἀπουσίαν
1704 3345 1759 3399 αί
1785 3361 1953 3416 προσ-

373 3436 593 3509 ηγορίαι
631 3434 1002 3506 σημαίνουσιν,
1043 3435 1077 3508 ἢ
1123 3435 1300 3506 μάτην
1343 3434 1682 3504 ἐπιλέγονται
1731 3434 1809 3507 τῷ
1860 3436 1954 3489 ἐπὶ

377 3528 592 3582 πάντων
613 3527 752 3598 Θεῷ,
784 3528 811 3598 ἢ
838 3526 1024 3598 ἕτερόν
1044 3543 1166 3579 τινα
1189 3526 1312 3581 νοῦν
1336 3527 1395 3579 ὲν
1411 3527 1598 3589 αὑταῖς
1618 3527 1950 3598 περιέχουσι.

378 3620 474 3683 Τίς
523 3617 617 3673 οὖν
675 3612 829 3681 οὗτος
878 3618 1267 3689 ἐρμηνευσάτω
1320 3619 1349 3672 6
1401 3618 1735 3688 τεχνολόγος.
1815 3618 1955 3671 Ἀλλ’

377 3711 538 3781 ἡμεῖς
567 3710 647 3774 οί,
675 3706 858 3771 καθώς
901 3724 1066 3779 φησιν
1111 3710 1141 3761 6
1178 3707 1475 3778 Εὐνόμιος,
1523 3709 1955 3780 ἀνεπιστήμονες

381 3801 472 3853 καὶ
499 3801 597 3870 τῆς
635 3797 744 3850 τῶν
774 3798 1111 3869 πραγμάτων
1147 3798 1414 3868 κρίσεως,
1444 3799 1538 3851 καὶ
1568 3798 1669 3869 τῆς
1705 3799 1813 3852 τῶν
1834 3801 1956 3853 όνο-

382 3893 567 3964 μάτων
595 3891 862 3962 χρήσεως,
893 3890 1081 3944 ἄνοσον
1113 3888 1294 3956 λέγειν
1319 3880 1717 3960 μεμαθήκαμεν
1735 3932 1749 3957 ,
1774 3891 1871 3961 οὐχ
1895 3887 1957 3946 οὗ

379 3983 441 4036 τὸ
463 3982 681 4053 κράτος,
704 3980 818 4033 ἀλλ’
838 3971 900 4033 οὗ
923 3981 955 4049 ή
983 3978 1135 4041 νόσος
1156 3978 1484 4051 κεχώρισται
1504 3995 1518 4009 ·
1544 3981 1638 4033 καὶ
1663 3979 1774 4051 ἄπη
1784 3998 1874 4052 ρον
1893 3981 1955 4034 οὐ

380 4074 471 4127 τὸν
498 4073 603 4140 ἔξω
640 4072 750 4124 τῶν
773 4069 1089 4140 συμποσίων
1116 4068 1246 4123 ὄντα
1262 4108 1278 4134 ,
1320 4070 1456 4124 ἀλλά
1484 4070 1576 4125 τὸν
1611 4071 1877 4142 μηδεμίαν
1898 4075 1958 4126 ὲν

383 4163 562 4235 ἑαυτῷ
584 4164 833 4234 πήρωσιν
863 4161 1056 4231 έχοντα
1077 4175 1091 4190 ⁸
1122 4159 1215 4213 καὶ
1229 4160 1296 4214 τά
1317 4160 1453 4214 ἄλλα
1477 4161 1652 4214 πάντα
1672 4161 1955 4225 ὡσαύτως,

379 4256 414 4327 ἢ
435 4245 499 4310 ὲκ
518 4254 612 4308 τοῦ
640 4253 904 4324 παρόντος
932 4252 965 4324 ἢ
988 4254 1051 4305 ὲκ
1078 4251 1174 4305 τοῦ
1200 4250 1274 4323 μὴ
1296 4251 1562 4323 παρόντος
1591 4252 1957 4324 κατονομάζο-

386 4364 517 4418 μεν,
550 4346 814 4418 ἀνδρεῖον,
855 4344 1133 4415 ἄνανδρον,
1186 4344 1404 4413 ὑπνώδη
1424 4385 1439 4410 ,
1463 4345 1696 4411 ἄϋπνον,
1734 4346 1827 4400 καὶ
1859 4346 1959 4400 ὅσα

380 4440 480 4509 τῆς
513 4437 798 4510 συνηθείας
820 4436 999 4508 ἔχεται
1024 4436 1245 4508 ταύτης.
1288 4436 1425 4490 Ἀλλ’
1456 4438 1558 4491 οὐκ
1580 4432 1697 4491 οἶδα
1728 4437 1779 4491 τί
1803 4438 1958 4512 φέρει

383 4530 571 4596 κέρδος
613 4529 673 4584 τὸ
703 4528 803 4587 τὰς
847 4528 1116 4600 φλυαρίας
1157 4528 1362 4593 ταύτας
1408 4528 1592 4593 ἀξιοῦν
1624 4530 1955 4595 ἐξετάσεωςο

2044 2058 2104 2103 et
2124 2059 2353 2105 mortem
2381 2049 2665 2105 autumat?
2691 2050 2797 2106 Sed
2820 2051 2964 2105 dicet
2996 2047 3214 2118 aliquis.
3240 2058 3341 2099 nos
3368 2040 3624 2110 infeStius

2046 2149 2104 2195 et
2140 2141 2535 2199 calumniosius
2584 2142 2823 2198 sermoni
2877 2142 3288 2206 adhaerescere;
3337 2152 3449 2192 non
3478 2134 3625 2190 enim

2048 2232 2129 2287 sic
2176 2246 2504 2302 quemquam
2556 2232 2817 2299 insanire,
2865 2242 2926 2287 ut
2971 2232 3140 2288 Deum
3192 2244 3301 2285 non
3346 2241 3471 2283 esse
3522 2224 3629 2279 im-

2047 2326 2337 2381 mortalem
2368 2333 2603 2389 astruat,
2652 2325 2747 2381 sed
2785 2340 2973 2381 eorum
3007 2324 3225 2395 quidem
3273 2333 3396 2392 quae
3440 2318 3496 2372 in
3534 2329 3630 2371 oc-

2050 2416 2202 2472 culto
2242 2431 2273 2470 a
2316 2416 2644 2487 quibusdam
2676 2417 3075 2488 intelliguntur,
3124 2416 3311 2471 nullus
3345 2413 3627 2469 hominum

2049 2507 2418 2579 cognitionem
2447 2507 2630 2573 habet,
2662 2508 2932 2579 siquidem
2967 2523 3062 2579 per
3111 2522 3173 2563 ea
3208 2521 3330 2578 quae
3368 2507 3631 2563 dicuntur

2051 2600 2107 2655 in
2160 2601 2323 2659 nobis
2373 2602 2679 2657 abditorum
2730 2603 2805 2659 sit
2844 2602 3185 2673 conjectura.
3239 2602 3383 2674 Ergo
3430 2602 3629 2659 iterum

2050 2694 2197 2764 quod
2239 2694 2447 2749 dictum
2489 2702 2575 2750 est
2622 2709 2990 2751 resumamus.

2124 2778 2249 2837 Non
2291 2783 2533 2839 absentia
2590 2785 2776 2840 mortis
2801 2824 2817 2849 ,
2856 2784 3067 2856 inquit,
3109 2785 3252 2841 Deus
3308 2787 3631 2844 immortalis

2050 2875 2268 2932 dicitur.
2308 2874 2595 2943 Quomodo
2644 2878 2790 2948 quod
2823 2877 3031 2934 dicitur
3078 2881 3457 2951 accipiemus?
3485 2883 3628 2954 quod

2051 2984 2082 3025 a
2112 2969 2223 3026 Deo
2269 2984 2418 3025 mors
2481 2985 2592 3025 non
2642 2971 2818 3036 abest,
2859 2973 2963 3027 etsi
3015 2972 3342 3031 immortalis
3389 2976 3635 3032 dicitur?

2052 3059 2222 3133 Igitur
2255 3061 2302 3116 si
2341 3060 2444 3117 hoc
2460 3061 2613 3133 jubet
2644 3064 2966 3137 intelligere,
2998 3064 3104 3120 erit
3133 3067 3357 3137 penitus
3386 3070 3634 3125 mortalis

2053 3153 2306 3208 Eunomii
2341 3152 2506 3219 Deus,
2541 3163 2595 3209 et
2626 3156 2866 3212 interitui
2910 3158 3201 3216 obnoxius.
3240 3175 3421 3233 a—quo
3486 3163 3631 3220 enim

2056 3258 2205 3299 mors
2243 3259 2351 3299 non
2386 3244 2562 3309 abest,
2598 3245 2933 3304 immortalis
2978 3256 3037 3302 ut
3092 3249 3167 3307 sit
3216 3261 3466 3309 naturam
3525 3270 3634 3309 non

2055 3336 2213 3393 habet
2246 3344 2657 3393 :verumtamen
2692 3338 2737 3395 si
2772 3354 2949 3411 neque
2980 3342 3173 3398 mortis
3217 3358 3394 3414 neque
3445 3360 3638 3400 corru-

2055 3431 2263 3503 ptionis
2295 3431 2602 3487 absentiam
2645 3432 2728 3488 ha?
2762 3434 3157 3505 appellationes
3202 3436 3527 3506 (privativa)
3557 3440 3635 3495 si-

2055 3522 2349 3592 gnificant,
2384 3523 2471 3578 vel
2528 3522 2733 3579 frustra
2764 3525 2832 3581 de
2873 3525 2984 3581 Deo
3017 3527 3401 3584 universorum
3434 3530 3633 3587 dicun-

2057 3619 2167 3676 tur,
2201 3612 2285 3666 vel
2317 3612 2486 3666 alium
2518 3614 2809 3683 quemdam
2843 3616 3181 3672 intellectum
3223 3620 3278 3674 in
3313 3621 3450 3691 ipsis
3482 3638 3638 3677 coni-

2055 3702 2391 3771 plectuntur.
2455 3703 2592 3770 Quis
2652 3704 2821 3775 igitur
2877 3706 3191 3764 intellectus
3246 3710 3639 3782 interpretetur

2056 3793 2273 3849 artifex.
2304 3792 2410 3850 Sed
2441 3812 2562 3862 nos,
2589 3804 2648 3850 ut
2679 3797 2858 3867 inquit
2886 3799 3211 3868 Eunomius,
3239 3803 3334 3873 qui
3358 3819 3550 3861 sumus
3580 3814 3639 3860 et

2057 3901 2241 3942 rerum
2280 3886 2475 3957 judicii
2516 3897 2808 3959 expertes,
2853 3898 2909 3946 et
2951 3891 3235 3946 nominum
3273 3910 3410 3950 usus
3451 3896 3631 3961 inscii.

2059 3993 2253 4033 sanum
2283 3978 2469 4034 dicere
2504 3980 2833 4047 didicimus,
2871 3997 2983 4037 non
3031 3998 3062 4037 a
3094 3999 3203 4053 quo
3257 3986 3441 4052 robur,
3477 3990 3571 4045 sed
3606 4007 3638 4044 a

2059 4085 2171 4142 quo
2231 4070 2459 4126 morbus
2511 4080 2797 4143 separatus
2857 4082 2976 4142 est;
3020 4084 3075 4133 et
3124 4077 3477 4144 incolumem,
3524 4097 3638 4135 non

2058 4176 2182 4218 eum
2213 4161 2305 4233 qui
2341 4174 2425 4219 est
2454 4173 2609 4220 extra
2658 4164 2930 4231 convivia,
2964 4167 3057 4222 sed
3101 4168 3195 4238 qui
3235 4170 3440 4224 nullam
3487 4174 3540 4226 in
3578 4190 3639 4228 se

2060 4255 2180 4325 ipso
2215 4255 2379 4311 habet
2433 4256 2854 4325 mutilationem,
2884 4267 2938 4313 et
2985 4271 3183 4315 caatera
3224 4261 3409 4315 omnia
3442 4262 3637 4318 simili-

2060 4355 2165 4413 ter,
2198 4349 2282 4403 vel
2317 4364 2383 4403 ex
2418 4356 2708 4419 praesente,
2750 4350 2833 4406 vel
2885 4366 2951 4405 ex
3001 4367 3110 4407 non
3151 4362 3417 4422 praesente
3458 4357 3638 4410 nomi-

2060 4454 2276 4501 namus,
2300 4438 2518 4506 fortem,
2547 4439 2942 4506 effeminatum,
2975 4444 3400 4510 somnolentum,
3426 4446 3631 4503 insom-

2063 4543 2210 4593 nem,
2244 4535 2304 4583 ut
2332 4544 2693 4600 quaecumque
2725 4541 2852 4587 sunt
2881 4531 3046 4603 hujus
3068 4536 3501 4593 consuetudinis.
3531 4536 3644 4593 Sed

384 4624 540 4694 ἀνδρὶ
563 4622 672 4693 γὰρ
711 4624 769 4676 iv
802 4622 964 4694 πολιᾷ
1001 4622 1193 4687 ζῶντι,
1239 4622 1334 4675 καὶ
1373 4620 1508 4693 πρὸς
1548 4621 1806 4693 ἀλήθειαν
1838 4622 1956 4693 βλέ-

2064 4619 2209 4675 haud
2259 4625 2375 4677 scio
2426 4622 2557 4692 quid
2613 4623 2751 4678 lucri
2787 4624 2997 4689 afferat,
3042 4624 3142 4681 has
3175 4643 3349 4699 nugas
3388 4629 3640 4685 animad-

386 4731 560 4779 ποντι,
587 4714 650 4766 οὐ
682 4712 854 4783 μικρά
881 4712 1017 4782 πρὸς
1045 4710 1368 4782 κατάκρισιν
1392 4712 1559 4778 αἰτία,
1596 4712 1660 4765 τὸ
1688 4712 1755 4766 τά
1775 4710 1963 4781 γελοῖά

385 4826 443 4863 τε
478 4808 573 4862 καὶ
615 4804 855 4861 ἄσπονδα
893 4805 996 4875 τῆς
1032 4804 1128 4859 τοῦ
1169 4804 1464 4858 ἀντιπάλου
1508 4804 1836 4875 φιλονεικίας
1872 4805 1962 4860 διά

386 4901 652 4971 στόματος
676 4898 885 4969 φέρειν.
925 4897 1018 4949 Διὸ
1055 4896 1286 4969 παρήσω
1324 4897 1586 4963 κάκεῖνα,
1617 4897 1712 4949 καὶ
1742 4896 1811 4950 τά
1835 4896 1962 4967 ἑξῆς

386 4989 617 5051 ἐκείνοις
659 4986 1049 5057 προσκείμενα.
1094 4983 1249 5037 Ἐστι
1280 4984 1337 5037 δὲ
1376 4984 1583 5037 ταῦτα·
1632 4983 1961 5054 Μηδεμίαν,

388 5080 541 5152 φησὶ,
570 5078 681 5148 τῆς
701 5078 1002 5147 ἀληθείας,
1019 5075 1171 5146 μήτε
1192 5076 1271 5141 τῷ
1304 5074 1427 5142 Θεῷ
1450 5077 1761 5146 συμφυΐαν
1781 5093 1964 5146 προσ-

382 5170 825 5240 Μρτυρούσης.
865 5168 929 5221 Ei
977 5167 1087 5239 γὰρ
1135 5167 1210 5237 μὴ
1262 5166 1447 5239 εἴρητο
1496 5166 1671 5230 τοῦτο,
1718 5167 1803 5229 τίς
1837 5162 1905 5239 ἦν
1934 5169 1964 5222 6

387 5261 550 5329 διφυᾶ
588 5258 680 5312 τὸν
714 5258 848 5315 Θεὸν
894 5252 1035 5310 εἶναι
1084 5255 1290 5324 λέγων,
1337 5249 1479 5326 πλὴν
1508 5256 1624 5320 σοῦ,
1656 5255 1750 5310 τοῦ
1783 5259 1964 5311 πᾶσαν

390 5352 649 5423 ὀνόματος
676 5350 882 5404 ἔννοιαν
919 5352 987 5420 τῇ
1029 5348 1123 5403 τοῦ
1161 5348 1373 5421 Πατρὸς
1403 5349 1563 5420 οὐσίᾳ⁸
1606 5349 1962 5421 συμφύοντος,

394 5442 488 5495 καὶ
520 5442 681 5513 μηδὲν
708 5442 813 5507 ἔξω
844 5443 1123 5512 προσεῖναι
1150 5440 1417 5509 λέγοντος,
1449 5440 1565 5495 ἀλλ’
1590 5441 1820 5495 ἕκαστον
1855 5442 1965 5496 τῶν

394 5532 522 5603 περὶ
562 5532 624 5585 τὸ
663 5531 818 5586 Θεῑον
856 5532 1155 5605 ὀνομάτων,
1193 5535 1260 5604 τῇ
1292 5532 1452 5603 οὐσίᾳ
1481 5532 1577 5586 τοῦ
1604 5532 1739 5587 Θεοῦ
1778 5536 1966 5600 ὲγκεν-

394 5618 708 5690 τρίζοντοςς
738 5615 905 5679 Εἶτα,
937 5619 1092 5689 φησὶ,
1131 5618 1287 5688 μήτε
1316 5618 1444 5687 μὴν
1470 5617 1696 5682 ἔξωθεν
1719 5617 1819 5673 καὶ
1848 5613 1985 5687 παρ’

401 5714 436 5778 ἡ
436 5708 570 5781 μῶν
580 5712 733 5764 sua:
742 5709 1000 5779 τομένην
1009 5712 1294 5779 τοιαύτην
1305 5710 1550 5764 ἔννοιαν
1559 5712 1872 5779 εὐσεϐείας
1886 5711 1986 5766 νό-

391 5820 531 5872 μοις
561 5801 1004 5872 ἐγγραερούσης.
1031 5802 1192 5857 Ἀλλά
1224 5805 1640 5875 παραιτήσομαι
1672 5803 1833 5858 πάλιν
1856 5805 1986 5877 περὶ

394 5893 504 5949 τῶν
517 5895 565 5948 εί
571 5892 847 5967 ρημένων,
862 5894 938 5959 ὼς
949 5893 1071 5966 οὐχὶ
1083 5894 1462 5964 γελωτοποιῶν
1474 5896 1583 5960 τοῖς
1595 5895 1983 5968 ἐντυγχάνουσι

2063 4710 2318 4766 versione
2376 4712 2572 4782 dignas
2634 4727 2894 4779 censere;
2954 4715 3074 4769 viro
3139 4718 3283 4770 enim
3338 4718 3392 4772 in
3440 4721 3647 4775 canitie

2063 4801 2293 4867 viventi,
2326 4810 2382 4858 et
2412 4802 2480 4857 ad
2527 4803 2815 4859 veritatem
2842 4805 3180 4875 respicienti,
3216 4823 3322 4862 non
3371 4825 3537 4879 parva
3571 4812 3643 4865 ad

2064 4893 2579 4948 condemnationem
2607 4894 2790 4965 culpa,
2820 4894 3052 4950 ridicula
3078 4905 3133 4951 et
3162 4900 3420 4967 pcrfidias
3447 4902 3642 4962 adver-

2065 4983 2197 5038 sarii
2244 4984 2532 5040 ambitiosa
2584 4988 2936 5043 contentione
2995 4989 3305 5046 maledictis
3359 4993 3642 5052 insectari.

2066 5074 2412 5146 QuaprOpter
2443 5084 2498 5131 et
2540 5077 2631 5132 illa
2665 5081 3099 5149 praetermittam,
3130 5093 3183 5138 et
3219 5099 3338 5154 quae
3386 5086 3644 5161 deinceps

2066 5167 2177 5224 illis
2205 5166 2483 5238 adjacent.
2521 5168 2716 5237 Nulla,
2744 5170 2942 5242 inquit,
2970 5174 3187 5228 veritate
3218 5174 3326 5230 Deo
3343 5178 3643 5233 naturalem

2066 5257 2485 5327 coniunctionem
2508 5260 2845 5316 attribuente.
2876 5261 2935 5316 Si
2969 5264 3115 5319 enim
3157 5264 3260 5319 hoc
3300 5266 3504 5321 dictum
3533 5284 3645 5326 non

2066 5357 2235 5416 esset,
2267 5350 2391 5420 quis
2434 5349 2603 5406 Deum
2633 5366 2755 5407 esse
2782 5352 3070 5409 biformem
3097 5353 3302 5412 diceret
3331 5367 3529 5427 praeter
3570 5368 3643 5423 te,

2067 5442 2160 5514 qui
2191 5458 2407 5499 onmem
2444 5445 2685 5502 nominis
2713 5448 2963 5502 notitiam
2984 5448 3167 5506 Patris
3212 5456 3467 5507 essentia:
3511 5469 3644 5508 coa-

2068 5533 2275 5589 lescere
2324 5533 2484 5599 facis,
2520 5536 2766 5607 nihilque
2794 5547 2949 5593 extra
2980 5539 3175 5596 adesse
3213 5540 3375 5607 dicis,
3401 5542 3497 5598 sed
3533 5545 3647 5599 sin-

2068 5623 2194 5694 gula
2217 5626 2440 5680 nomina
2465 5627 2533 5683 de
2556 5627 2666 5683 Deo
2696 5631 2993 5693 celebrata,
3025 5633 3082 5687 in
3110 5632 3205 5689 Dei
3234 5636 3474 5690 essentia
3503 5636 3650 5693 velut

2070 5715 2124 5769 in
2162 5723 2415 5773 centrum
2451 5718 2779 5777 adducens?
2807 5722 3030 5794 Deinde,
3062 5724 3261 5794 inquit,
3310 5742 3473 5797 neque
3510 5718 3669 5784 certe

2069 5809 2399 5865 extrinsecus
2427 5821 2478 5868 et
2527 5830 2562 5867 a
2590 5814 2738 5868 nobis
2763 5816 3049 5885 conﬁctam
3073 5816 3235 5872 talem
3253 5820 3501 5875 notitiam
3536 5823 3652 5891 pie-
3744 5836 3747 5839 ‘

2073 5909 2182 5957 tate
2204 5901 2400 5981 legibus
2435 5903 2770 5961 inscribente.
2798 5905 2905 5964 Sed
2927 5906 2997 5964 de
3028 5906 3195 5967 dictis
3237 5924 3436 5969 rursus
3460 5926 3651 5984 preta-
