4146 6386
501 445 638 501 1115

1738 438 1798 493 S.
1838 433 2168 494 GREGORII
2211 430 2501 487 NYSSENI

3611 426 3754 482 Ηῖϐ

497 559 616 618 bur,
646 559 703 608 ut
730 553 976 620 credant,
1014 570 1101 609 me
1130 569 1241 608 non
1270 559 1328 607 ut
1355 552 1660 623 legentibus
1687 553 1860 609 risum
1891 567 2075 606 move-

2178 546 2275 610 τὰς
2302 544 2688 615 ἐπιγελάστους
2700 543 2906 609 ταύτας
2933 541 3197 615 ἐξεθέμην
3220 539 3421 612 φωνάς,
3445 539 3559 595 ἀλλ’
3587 540 3663 604 ὼς
3683 539 3753 593 ἂν

498 664 638 713 rem,
688 652 786 701 'uas
822 647 1087 702 ridiculas
1123 661 1287 700 voces
1328 646 1673 717 exposuisse,
1703 645 1801 701 sed
1836 654 1893 699 ut
1920 643 2078 697 audi-

498 739 606 797 tori
657 739 1070 809 persuaderent,
1105 754 1132 791 a
1164 753 1273 807 quo
1298 737 1402 791 iste
1441 746 1706 808 apparatu
1762 750 2075 792 sermonum

497 832 781 897 incitatus,
833 842 1077 887 nostram
1132 832 1541 899 simplicitatem
1614 829 1816 892 diluit,
1882 827 2079 881 deinde

497 931 690 979 contra
709 924 992 979 veritatem
1021 923 1279 976 audacter
1298 922 1560 990 loquitur.
1580 918 1845 986 Quisnam
1870 918 2080 972 ratione

496 1024 553 1071 et
590 1014 773 1085 qualia
818 1014 1051 1084 profert,
1112 1014 1457 1069 auditoribus
1520 1012 1873 1081 elephantine
1927 1010 2079 1064 corio

496 1105 750 1161 obductis
803 1121 975 1175 usque
1001 1108 1064 1160 ad
1101 1106 1330 1161 delicias
1362 1104 1797 1160 ostentabundus
1825 1111 1877 1157 et
1904 1102 2079 1171 jacta-

501 1196 742 1260 bundus,
778 1197 871 1265 qui
910 1196 1029 1263 ejus
1063 1204 1383 1265 arrogantes
1414 1195 1513 1249 has
1555 1194 1690 1248 sicci
1744 1192 1857 1247 oris
1918 1205 2078 1244 voces

494 1288 637 1341 mala
672 1288 1068 1358 compositione
1114 1288 1474 1354 trajicientes,
1516 1295 1778 1355 tanquam
1831 1283 2077 1337 omnium

493 1375 713 1432 dicendi
761 1376 1020 1433 facultate
1056 1379 1318 1431 victorem
1384 1376 1703 1448 praedicant,
1756 1374 1850 1429 sed
1902 1373 2076 1443 ipsam

495 1466 961 1519 immortalitatem
1038 1482 1164 1523 esse
1242 1464 1375 1519 dicit
1435 1465 1753 1527 essentiam,
1806 1460 2077 1533 Unigeniti

492 1571 673 1615 autem
738 1561 1061 1615 essentiam?
1094 1559 1235 1626 Quid
1304 1559 1427 1614 ais?
1488 1559 1556 1613 ad
1602 1559 1779 1630 ipsum
1819 1557 2078 1623 dixerim,

495 1652 985 1719 immortalitatem,
1038 1665 1105 1704 an
1141 1651 1287 1705 non?
1341 1665 1599 1719 quoniam
1655 1650 1821 1704 etiam
1881 1649 1936 1702 in
1976 1648 2079 1703 bac

494 1717 838 1812 simplicitas,
879 1743 1105 1805 nullam,
1137 1742 1280 1797 sicut
1308 1743 1410 1805 ais,
1441 1744 1837 1796 connexionem
1866 1750 2079 1795 natura:

493 1836 717 1903 appetit.
748 1833 1029 1905 Siquidem
1055 1844 1218 1906 negat
1246 1835 1713 1891 immortalitatem
1734 1847 1859 1888 esse
1889 1847 2079 1886 essen-

2181 637 2430 706 πείσαιμι
2459 636 2550 689 τὸν
2592 636 2887 707 ἀκροατὴν,
2932 637 3027 705 ἀφ’
3069 634 3190 697 οἵας
3216 626 3371 696 οὗτος
3404 632 3756 703 παρασκευῆς

2178 726 2286 779 τῶν
2332 727 2505 795 λόγων
2547 725 2886 797 ὁρμώμενος,
2929 726 2957 779 ό
2994 724 3085 778 τὸν
3124 725 3393 795 ἡμέτεροι
3447 721 3754 792 ίδιωτισμδν

2176 816 2510 881 διαπλύνων,
2565 816 2758 870 ἔπειτα
2806 815 2907 886 τῆς
2946 815 3202 886 ἀληθείας
3258 814 3749 885 καταθρασύνεται.

2179 906 2275 971 Τίς
2313 906 2390 961 ὣν
2419 906 2561 960 κατά
2599 906 2691 961 τὸν
2718 906 2874 975 λόγον
2914 906 3009 959 καὶ
3040 901 3126 959 οἶα
3155 906 3543 977 φθεγγόμενος,
3586 907 3615 958 ό
3638 908 3753 968 τοῖς

2181 1000 2551 1070 παχυδέρμοις
2585 999 2696 1052 τῶν
2728 998 3013 1070 ἀκροατῶν
3038 999 3317 1069 ἐντρυφῶν
3338 1015 3396 1051 τε
3421 997 3515 1051 καὶ
3537 1000 3753 1069 ἐμπομ-

2181 1092 2382 1156 πεύων,
2408 1093 2458 1145 οἳ
2484 1090 2583 1156 τάς
2608 1092 2941 1161 πομφὼδεις
2962 1091 3127 1147 αὐτοῦ
3162 1091 3361 1155 ταύτας
3394 1091 3753 1163 ξηροστομίας

2183 1184 2592 1248 κακοσυνθέτως
2620 1184 3075 1257 διαπεραίνοντες,
3118 1184 3193 1248 ὼς
3218 1186 3595 1256 κεκρατηκότα
3644 1185 3753 1237 τῶν

2184 1274 2401 1327 πάντων
2434 1278 2500 1346 τῇ
2525 1275 2748 1347 δυνάμει
2770 1276 2878 1329 τῶν
2915 1276 3087 1345 λόγων
3114 1277 3601 1346 ἀνακηρύσσουσιν,
3636 1278 3752 1333 ἀλλ’

2181 1365 2352 1436 αὐτὴν
2380 1360 2519 1419 εῐναί
2546 1384 2678 1438 φησι
2705 1368 2805 1440 τὴν
2832 1368 3020 1423 οὐσίαν
3060 1368 3374 1433 ἀθανασίαν,
3416 1370 3515 1439 τὴν
3556 1370 3612 1423 δὲ
3655 1370 3751 1424 τοῦ

2180 1456 2519 1525 Μονογενοῦς
2553 1460 2766 1530 ούσίαν;
2792 1461 2858 1513 Τί
2892 1462 3032 1533 (mg;
3070 1461 3205 1532 πρὸς
3234 1463 3394 1517 αὐτὸν
3424 1463 3633 1535 εῐποιμι
3662 1465 3748 1529 ἂν,

2180 1547 2502 1614 ἀθανασίαν,
2522 1551 2555 1621 ἦ
2573 1551 2724 1624 enixi;
2764 1552 2978 1623 Ἐπειδὴ
2999 1553 3094 1605 καὶ
3111 1553 3204 1605 ἐπὶ
3230 1554 3434 1626 ταύτης
3455 1556 3486 1625 ἡ
3513 1556 3752 1626 ἁπλότης

2179 1639 2455 1711 οὐδεμίαν,
2478 1641 2659 1706 καθὼς
2674 1646 2798 1717 φῂς,
2823 1645 3100 1715 συμφυΐαν
3124 1646 3426 1716 προσίεται.
3457 1649 3516 1701 Εί
3538 1649 3634 1718 μὲν
3657 1644 3749 1701 οὖν

2180 1731 2423 1802 ἀρνεῖται
2437 1734 2499 1787 τὸ
2515 1733 2813 1789 ἀθανασίαν
2831 1731 2970 1789 εἶναι
2990 1736 3080 1790 τοῦ
3100 1737 3229 1791 Υἱοῦ
3252 1738 3348 1809 τὴν
3368 1739 3573 1802 οὐσίαν,
3591 1741 3749 1810 δῆλον

2180 1820 2259 1885 εἰς
2274 1823 2301 1875 ὃ
2326 1840 2377 1875 τι
2397 1823 2680 1894 βλέπει.Τὸ
2694 1826 2801 1899 γὰρ
2817 1829 3372 1902 ἀντιδιαστέλλόμενον
3386 1830 3463 1902 τῷ
3475 1832 3745 1903 ἀθανάτῳ,

492 1898 646 1988 tiam,
678 1898 1035 1996 perspicuum
1069 1898 1293 1998 ad'quid
1331 1928 1574 1999 respicit.
1604 1924 1761 1993 Quod
1798 1924 1944 1981 enim
1975 1924 2075 1979 im-

2179 1914 2241 1968 ού
2263 1914 2383 1969 λίαν
2407 1918 2524 1971 ἐστὶ
2554 1898 3115 1993 λεπτῆςκατανοῆσαι
3156 1898 3370 1993 φρενός.
3421 1898 3509 1988 Ὧς
3552 1926 3661 1996 γὰρ

494 2018 708 2070 mortali
736 2034 801 2073 ex
826 2019 1055 2073 adverso
1082 2021 1410 2089 opponitur,
1444 2036 1552 2074 non
1577 2032 1659 2075 est
1686 2019 1903 2075 subtilis
1932 2034 2083 2073 men-

492 2107 565 2159 tis
591 2108 851 2177 cogitare.
877 2106 943 2161 Ut
965 2110 1111 2162 enim
1139 2110 1283 2179 quod
1304 2126 1411 2164 non
1434 2110 1790 2179 corruptibile
1809 2110 2082 2178 corrupti-

490 2198 601 2254 bile
646 2203 1037 2271 consequentia
1084 2203 1349 2272 0pposita2
1394 2202 1682 2257 divisionis
1719 2202 2080 2267 demonstrat,

490 2300 546 2345 et
596 2295 883 2347 mutationi
958 2300 1044 2348 est
1104 2293 1400 2347 obnoxium
1462 2292 1609 2363 quod
1682 2307 1790 2347 non
1846 2299 1931 2346 est
1978 2291 2083 2345 im-

492 2384 785 2439 mutabile:
821 2386 901 2440 sic
935 2386 1098 2441 etiam
1146 2386 1375 2439 mortale
1408 2400 1660 2454 prorsus,
1682 2386 1826 2453 quod
1859 2400 1961 2439 non
1998 2392 2081 2439 est

491 2476 823 2529 immortale.
859 2477 999 2542 Quid
1044 2476 1211 2545 igitur
1246 2491 1510 2530 novorum
1542 2477 1858 2547 dogmatum
1889 2477 2079 2545 expla-

491 2565 692 2619 nator?
747 2564 890 2630 Quid
935 2566 1002 2619 de
1043 2563 1317 2635 Unigeniti
1357 2564 1596 2620 essentia
1641 2566 1800 2619 nobis
1858 2566 2081 2635 preprio

492 2657 712 2711 nomine
734 2655 1143 2713 dicet?Rursus
1170 2658 1316 2711 enim
1347 2656 1596 2711 eamdem
1628 2658 1887 2726 scriptori
1913 2658 2079 2712 inter-

493 2746 831 2817 rogationem
855 2746 1155 2817 proferam.
1183 2747 1342 2800 Dabit
1365 2755 1420 2800 et
1447 2747 1587 2800 hanc
1614 2748 2077 2801 immortalitatem

491 2840 735 2903 esse,vel
759 2855 867 2894 non
887 2841 1242 2896 assentietur.
1265 2838 1322 2893 Si
1348 2838 1512 2909 igitur
1536 2854 1643 2893 non
1675 2840 1937 2909 approbet
1956 2840 2077 2893 Filii

490 2931 783 2987 essentiam
833 2931 1197 2987 immortalem
1241 2947 1404 2995 esse,
1444 2932 1759 2987 necessario
1803 2932 2079 2985 contrario

2184 2007 2258 2078 μὴ
2276 2009 2551 2080 ἄφθαρτον
2569 2010 2807 2085 φθαρτὸν
2832 2015 2874 2085 ⁴Ἰ)
2892 2014 3180 2068 ἀκολουθία
3198 2016 3297 2085 τῆς
3314 2016 3746 2088 ἀντιδιαιρέσεως

2178 2098 2437 2167 δείκνυσι,
2459 2102 2554 2154 καὶ
2584 2104 2817 2174 τρεπτὸν
2838 2104 2898 2158 τὸ
2914 2105 2989 2176 μὴ
3018 2107 3311 2178 ἄτρεπτον·
3329 2107 3471 2161 οὕτω
3502 2111 3595 2163 καὶ
3629 2111 3748 2181 θνη-

2182 2193 2274 2246 τὸν
2302 2193 2538 2260 πάντως,
2556 2194 2618 2247 τὸ
2633 2196 2707 2268 μὴ
2735 2196 3023 2253 ἀθάνατον.
3045 2200 3108 2252 Τί
3129 2196 3221 2253 οὖν
3240 2202 3267 2253 ὁ
3289 2201 3395 2254 τῶν
3413 2202 3613 2255 καινῶν
3628 2203 3747 2272 δογ-

2187 2284 2374 2355 μάτων
2393 2285 2663 2358 ἐξηγητής
2683 2305 2697 2353 ;
2727 2289 2793 2342 Τί
2816 2290 3059 2362 περὶτῆς
3076 2290 3169 2345 τοῦ
3196 2293 3533 2363 Μονογενοῦς
3561 2296 3749 2359 οὐσίας

2180 2377 2310 2447 ἡμῖν
2334 2380 2745 2451 κυριολογήσει;
2772 2382 2939 2435 Πάλιν
2957 2382 3065 2455 γὰρ
3084 2383 3182 2455 τὴν
3199 2386 3366 2457 αὐτὴν
3390 2388 3747 2459 προσοίσωτῷ

2179 2467 2500 2540 λογογράφῳ
2537 2470 2825 2542 ἐρώτησιν.
2868 2473 3039 2526 Δώσει
3084 2478 3179 2529 καὶ
3205 2477 3410 2547 ταύτην
3448 2478 3749 2534 ἀθανασίαν

2178 2553 2339 2626 εἶναι,
2381 2560 2415 2632 ἢ
2460 2563 2520 2615 οὐ
2554 2564 2894 2635 συνθήσεται.
2932 2566 2993 2619 El
3032 2566 3132 2637 μὲν
3169 2564 3262 2621 οὖν
3311 2569 3386 2640 μὴ
3420 2570 3625 2641 δέχοιτο
3652 2573 3745 2627 τοῦ

2180 2652 2309 2706 Υἱοῦ
2362 2653 2460 2725 τὴν
2510 2656 2696 2709 οὐσίαν
2747 2656 3043 2711 ἀθανασίαν
3102 2655 3272 2726 εἶναι,
3312 2663 3625 2732 ἀναγκαίως
3668 2666 3747 2737 τῷ

2170 2745 2402 2815 ἐναντίῳ
2445 2746 2787 2820 συνθησεται,
2812 2748 2901 2802 διὰ
2921 2750 3018 2820 τῆς
3051 2750 3144 2804 τοῦ
3177 2753 3484 2824 κρείττονος
3521 2757 3749 2830 ἀφαιρέ-

2180 2854 2318 2902 σεως
2354 2838 2580 2893 θάνατον
2613 2841 2781 2911 αὐτὴν
2819 2838 2958 2895 εἶναι
2980 2846 3420 2909 κατασκευάζων.
3445 2848 3507 2901 Ei
3535 2849 3591 2902 δὲ
3615 2850 3746 2918 φεύ-

2180 2946 2294 2997 γων
2314 2931 2373 2983 τὸ
2397 2931 2616 2993 ἄτοπον,
2641 2932 2935 2988 ἀθανασίαν
2956 2938 3050 2989 καὶ
3067 2936 3160 2989 τοῦ
3187 2939 3526 3007 Μονογενοῦς
3547 2943 3644 3013 τὴν
3663 2945 3750 2997 ού-

492 3024 902 3094 astipulabitur,
939 3039 1035 3095 per
1071 3024 1466 3095 praestantioris
1510 3024 1861 3086 ablationem,
1903 3026 2075 3094 ipsam

2180 3022 2299 3076 σίαν
2317 3022 2695 3094 κατονομάζοι,
2716 3026 2969 3095 οὐδεμίαν
2984 3025 3042 3090 ἐξ
3058 3028 3299 3099 ἀνάγκης
3314 3030 3402 3083 διὰ
3425 3031 3580 3084 τοῦτο
3603 3034 3745 3087 κατὰ

496 3129 619 3170 esse
649 3124 880 3171 mortem
908 3125 1261 3186 praestruens.
1280 3114 1434 3181 Quod
1462 3115 1508 3169 si
1539 3116 1835 3170 absurdum
1861 3114 2075 3185 fugiens

2177 3112 2277 3183 τὴν
2300 3113 2487 3167 οὐσίαν
2506 3112 2768 3185 διαφορὰν
2792 3109 2932 3168 εἶναι
2963 3114 3302 3185 συνθήσεται.
3328 3117 3389 3170 El
3412 3118 3519 3188 γὰρ
3551 3119 3746 3191 ἐπίσης

492 3208 962 3262 immortalitatem
996 3207 1158 3262 etiam
1182 3205 1450 3277 Unigeniti
1486 3207 1780 3261 essentiam
1808 3207 2072 3271 nominet,

2177 3205 2211 3275 ἥ
2232 3222 2290 3260 τε
2312 3207 2405 3260 τοῦ
2426 3205 2640 3277 Πατρὸς
2668 3207 2761 3259 καὶ
2785 3206 2914 3260 Υἰοῦ
2944 3208 3104 3275 φύσις
3131 3208 3396 3262 ἀθανασία
3420 3210 3586 3275 ἐστὶν,
3611 3211 3747 3266 ἀθα-

494 3298 696 3353 nullam
720 3316 785 3354 ex
803 3299 1128 3354 necessitate
1152 3309 1436 3368 prepterea
1456 3298 1755 3353 secundum
1780 3299 2070 3354 essentiam

2177 3294 2337 3347 νασία
2374 3294 2429 3347 δὲ
2459 3296 2596 3366 πρὸς
2633 3296 2829 3368 ἑαυτὴν
2865 3298 3042 3351 οὐδενὶ
3080 3297 3514 3370 λόγῳγδιαφορᾶς
3535 3300 3745 3371 διασχί-

491 3384 860 3443 differentiam
901 3404 1023 3444 esse
1044 3388 1413 3444 confitebitur.
1456 3387 1513 3441 Si
1540 3388 1685 3443 enim
1720 3404 1783 3443 ex
1839 3402 1994 3457 aequo
2018 3394 2073 3442 et

2177 3386 2350 3453 ζεται,
2384 3388 2492 3458 ἀρα
2520 3388 2615 3440 καὶ
2644 3389 2771 3459 παρ’
2806 3389 2984 3443 αὐτῶν
3007 3389 3115 3444 τῶν
3144 3390 3350 3461 ἐχθρῶν
3387 3390 3742 3461 ὁμολογεῖται,

492 3478 673 3535 Patris
719 3488 774 3536 et
806 3479 930 3536 Filii
974 3490 1170 3535 natura
1201 3480 1582 3535 immortalitas
1609 3489 1714 3544 est,
1747 3480 2071 3533 immortali-

2177 3480 2233 3531 τὸ
2261 3479 2463 3549 μηδένα
2506 3479 2771 3549 διαφορᾶς
2805 3480 2960 3549 λόγον
3003 3482 3094 3535 ἐπὶ
3128 3482 3220 3535 τοῦ
3260 3484 3472 3555 Πατρὸς
3521 3486 3615 3539 καὶ
3650 3486 3744 3539 τοῦ

494 3580 584 3628 tas
614 3582 796 3629 autem
835 3576 890 3630 in
930 3573 1167 3643 seipsam
1189 3572 1338 3629 nulla
1367 3573 1583 3627 ratione
1638 3571 1954 3625 diﬂercutite
1983 3570 2068 3624 di-

2176 3571 2308 3624 Υἱοῦ
2338 3572 2479 3625 κατά
2513 3572 2611 3643 τὴν
2632 3573 2820 3627 οὐσίαν
2856 3573 3240 3647 εὑρίσκεσθαι;

493 3666 791 3731 scinditur,
850 3667 1095 3736 nunquid
1143 3667 1305 3721 etiam
1360 3666 1430 3721 ab
1484 3664 1619 3735 ipsis
1672 3663 1913 3719 inimicis
1962 3663 2299 3733 conceditur,
2341 3665 2545 3719 nullam
2579 3664 2895 3722 differentiae
2938 3667 3202 3733 rationem
3239 3669 3295 3723 in
3324 3668 3486 3727 Patre
3521 3681 3573 3726 et
3607 3672 3746 3728 Filio

492 3758 796 3815 secundum
828 3759 1124 3814 essentiam
1151 3758 1406 3814 deﬁniri?

566 3848 673 3905 Sed
699 3851 812 3919 jam
840 3860 1055 3921 tempus
1087 3850 1251 3907 fuerit
1278 3852 1531 3906 acerbam
1556 3850 1730 3922 ipsius
1750 3858 1939 3907 contra
1968 3867 2069 3907 nos

495 3957 801 4014 proponere
850 3944 1280 4007 accusationem,
1319 3959 1481 4014 quam
1527 3944 1583 3999 in
1633 3933 1739 4000 fine
1804 3946 2069 4001 orationis

493 4034 644 4101 fecit,
670 4035 862 4089 dicens
906 4051 1005 4090 nos
1059 4051 1123 4090 ex
1164 4035 1339 4089 nihilo
1361 4036 1576 4106 penitus
1614 4034 1829 4092 Patrem
1865 4037 2068 4100 dicere,

490 4127 785 4183 dictionem
822 4126 1059 4196 aliquam
1098 4142 1163 4181 ex
1204 4136 1463 4181 contextu
1518 4126 1839 4191 suffuratus,
1874 4129 2071 4198 ipsam-

491 4235 600 4291 que
648 4220 845 4274 exilem
878 4226 934 4273 et
978 4219 1344 4273 inordinatam
1369 4236 1434 4274 ex
1472 4220 1683 4290 reliquo
1721 4235 1952 4291 corpore
1983 4221 2072 4275 de-

494 4317 723 4365 tractam
774 4310 1029 4365 vellicare
1080 4318 1330 4379 conatur,
1385 4319 1440 4367 et
1495 4314 1838 4369 stomachum
1893 4316 2069 4369 facere

495 4402 705 4458 insanis
731 4401 989 4456 dentibus
1016 4401 1344 4463 dilacerans,
1381 4404 1463 4459 vel
1501 4406 1680 4477 potius
1700 4406 1942 4462 salivans
1990 4404 2067 4474 (id

2260 3844 2417 3898 Ἀλλά
2470 3846 2662 3918 καιρὸς
2712 3846 2779 3900 ἂν
2828 3847 2912 3918 είη
2962 3849 3060 3921 τὴν
3110 3850 3351 3923 χαλεπὴν
3396 3852 3559 3905 αὐτοῦ
3620 3853 3745 3907 καθ’

2174 3937 2332 4009 ήμῶν
2361 3938 2641 4009 προθεῖναι
2672 3942 3025 4011 κατηγορίαν,
3068 3943 3134 4013 ῆν
3158 3944 3250 3996 ἐπὶ
3281 3944 3425 3997 τέλει
3458 3945 3552 3998 τοῦ
3585 3945 3744 4015 λόγου

2177 4028 2492 4097 πεποίηται,
2521 4027 2695 4097 λέγων
2730 4032 2877 4101 ἡμᾶς
2913 4036 2977 4086 ἐκ
3007 4034 3100 4087 τοῦ
3146 4035 3320 4107 πάντη
3356 4036 3429 4108 μὴ
3459 4037 3610 4103 ὄντος
3652 4040 3745 4092 τὸν

2181 4117 2402 4183 Πατέρα
2429 4116 2608 4185 λέγειν
2636 4134 2650 4149 ·
2688 4120 2893 4189 κλέψας
2930 4122 3051 4175 τινὰ
3080 4122 3224 4188 λέξιν
3266 4126 3331 4178 ἐκ
3355 4125 3457 4195 τῆς
3495 4130 3746 4199 συμφράο

2176 4225 2311 4272 σεως
2336 4248 2349 4272 ,
2375 4210 2470 4264 καὶ
2492 4210 2651 4283 ψιλὴν
2679 4213 2847 4284 αὐτὴν
2874 4213 2965 4266 καὶ
2988 4214 3321 4271 ἀσύντακτον
3350 4220 3413 4272 ἐκ
3437 4219 3531 4272 τοῦ
3556 4199 3743 4275 λοιποῦ

2174 4299 2425 4371 σώματος
2453 4303 2796 4371 ἀφελκύσας,
2832 4306 3034 4371 κνίζειν
3090 4307 3357 4379 ἐπιχειρεῖ
3399 4312 3511 4374 τοῖς
3542 4312 3746 4382 ἐκπλή-

2172 4409 2322 4457 κτοις
2342 4393 2519 4448 ὀδοῦσι
2545 4398 3036 4467 κατασπαράσσων,
3059 4400 3255 4470 μᾶλλον
3272 4402 3329 4455 δὲ
3356 4404 3745 4467 κατασιελίζων

494 4500 581 4546 est
604 4494 757 4548 velut
779 4490 1004 4545 salivam
1034 4506 1339 4547 sermonem
1354 4494 1924 4567 exspuens):primum
1955 4496 2070 4565 qui-

2177 4484 2263 4538 τὸν
2309 4484 2485 4554 λόγον.
2534 4486 2687 4553 Λέξω
2718 4487 2775 4540 δὲ
2813 4488 3027 4559 πρῶτον
3063 4490 3162 4560 μὲν
3208 4491 3307 4563 τὴν
3352 4493 3587 4548 διάνοιαν
3633 4495 3745 4548 τῶν

494 4581 619 4637 dem
646 4580 826 4635 dicam
856 4581 1180 4637 sententiam
1210 4595 1397 4636 eorum
1423 4596 1545 4651 quae
1576 4597 1606 4636 a
1627 4584 1852 4640 doctore
1873 4585 1941 4640 de
1966 4585 2070 4640 hoc

496 4671 761 4742 praeclare
808 4680 937 4726 sunt
988 4672 1237 4726 oratione
1298 4671 1584 4741 distincta,
1648 4670 1846 4729 deinde
1891 4676 2069 4745 ipsum

497 4777 806 4820 sermonem
838 4762 906 4816 ad
936 4762 1163 4817 verbum
1211 4777 1519 4833 apponam,
1570 4771 1630 4817 ut
1673 4765 1927 4821 omnibus
1979 4767 2072 4821 fiat

501 4853 912 4911 manifestarius
966 4855 1023 4908 in
1070 4854 1457 4908 contumeliam
1501 4856 1747 4912 veritatis
1804 4858 1860 4911 in
1889 4856 2071 4914 studia

499 4946 716 5017 piorum
750 4943 1058 5015 perniciose
1087 4945 1349 5015 irrepere.
1373 4943 1483 4999 Nos
1518 4946 1661 5000 enim
1697 4947 1976 5004 adducens
2003 4950 2071 5004 ad

501 5037 728 5108 ingeniti
760 5036 1214 5107 signiﬁcationem
1252 5051 1348 5106 per
1386 5052 1519 5093 suos
1571 5053 1851 5094 sermones
1880 5039 2072 5095 doctor

500 5134 710 5195 noster,
747 5130 905 5184 talem
930 5128 1089 5185 nobis
1129 5128 1559 5184 insinuationem
1602 5130 1669 5184 ad
1703 5133 2068 5201 cognitionem

498 5217 621 5289 ejus
645 5217 791 5288 quod
823 5218 1106 5288 quaeritur,
1130 5218 1388 5289 subjecit,
1435 5218 1822 5277 demonstrans
1858 5223 2013 5294 longe
2042 5240 2071 5276 a

500 5310 695 5365 notitia
719 5325 840 5381 quae
857 5318 940 5363 est
957 5310 1259 5372 secundum
1282 5312 1597 5375 essentiam,
1620 5327 1744 5367 esse
1761 5312 1985 5380 ingeniti
2005 5317 2074 5368 si-

503 5399 844 5471 gniﬁcatum.
862 5398 995 5454 Cum
1015 5400 1368 5470 evangelista,
1385 5400 1584 5470 inquit,
1597 5401 1810 5456 Domini
1831 5406 2074 5473 genealo-

502 5492 605 5561 εἰει
625 5506 745 5561 qua:
760 5498 844 5546 est
865 5490 1168 5546 secundum
1188 5505 1408 5546 carnem
1422 5507 1487 5547 ex
1514 5490 1715 5565 Josepli
1744 5496 2071 5566 principium

506 5584 726 5639 fecisset
762 5581 830 5647 ",
862 5582 1059 5639 deinde
1098 5598 1313 5654 semper
1338 5584 1694 5654 progrediens
1722 5587 1791 5641 ad
1829 5596 2075 5658 tempore

501 5674 893 5744 antiquiorem,
913 5674 1203 5730 terminum
1222 5676 1553 5749 genealogiae
1571 5677 1624 5733 in
1635 5678 1843 5738 Adamo
1859 5681 2073 5738 definis-

575 5848 622 5882 ⁸⁷
650 5847 793 5905 Luc.
821 5865 902 5918 ιιι,
933 5851 1002 5906 25
1030 5867 1143 5924 sqq.
1174 5842 1179 5849 ’

2173 4576 2325 4647 παρά
2378 4578 2471 4632 τοῦ
2501 4578 2820 4632 διδασκάλου
2866 4581 2995 4652 περὶ
3030 4582 3218 4636 τούτου
3260 4584 3744 4656 διευκρινηθέντων

2169 4670 2325 4740 ἡμῖν’
2367 4666 2466 4725 εἷθ’
2486 4668 2629 4725 οὕτω
2655 4670 2747 4725 τὸν
2777 4672 2933 4740 λόγον
2967 4674 3128 4728 αὑτὸν
3150 4677 3243 4729 ἐπὶ
3267 4676 3465 4743 λέξεως
3498 4678 3744 4749 παραθή-

2172 4777 2338 4831 σομαι
2357 4800 2373 4826 ,
2406 4761 2481 4823 ὡς
2510 4760 2577 4815 ἂν
2606 4763 2740 4815 πᾶσι
2771 4763 2979 4831 γένοιτο
3010 4764 3239 4836 φανερὸς
3275 4767 3303 4819 ὁ
3343 4766 3439 4818 ἐπὶ
3468 4767 3614 4839 λύμῃ
3642 4769 3744 4839 τῆς

2170 4848 2430 4919 ἀληθείας
2462 4852 2578 4913 ταῖς
2602 4850 2708 4905 τῶν
2745 4853 3110 4908 εὐσεϐούντων
3151 4855 3407 4920 σπουδαῖς
3440 4857 3745 4929 είσφθειρό-

2174 4956 2357 5009 μενος.
2387 4941 2683 5011 Προσάγων
2710 4942 2819 5014 γὰρ
2853 4945 2999 5015 ἡμᾶς
3026 4948 3092 5017 τῇ
3121 4944 3215 4999 τοῦ
3245 4947 3538 5018 ἀγεννήτω
3563 4965 3745 5019 σημα-

2174 5029 2263 5101 σίᾳ
2288 5030 2377 5084 διά
2406 5032 2513 5085 τῶν
2542 5032 2665 5085 καθ’
2714 5034 2903 5089 ἐαυτὸν
2944 5035 3117 5105 λόγων
3148 5039 3176 5090 ό
3204 5037 3520 5103 διδάσκαλος
3562 5041 3743 5111 ἡμῶν,

2170 5122 2425 5193 τοιαύτην
2450 5124 2580 5195 ἡμῖν
2614 5122 2799 5192 ἔφοδον
2825 5125 2962 5197 πρὸς
2995 5126 3093 5197 τὴν
3125 5127 3217 5182 τοῦ
3247 5126 3577 5200 ζητουμένου
3602 5132 3747 5200 γνῶ-

2175 5233 2259 5268 σιν
2288 5215 2548 5279 ὑπέθετο,
2598 5215 2810 5281 δεικνὺς
2854 5218 3043 5288 πόρρω
3075 5219 3176 5289 τῆς
3230 5220 3374 5274 κατά
3405 5221 3504 5293 τὴν
3553 5224 3746 5276 οὐσίαν

2172 5308 2379 5371 ἐννοίας
2407 5307 2466 5359 όν
2494 5306 2586 5361 τοῦ
2613 5308 2907 5378 ἀγεννήτου
2944 5312 3006 5362 τὸ
3054 5311 3465 5382 σημαινόμενον.
3500 5314 3606 5366 Τοῦ
3633 5315 3743 5367 Εὑ-

2175 5398 2521 5468 αγγελιστοῦ,
2556 5400 2711 5471 φησὶ,
2744 5399 2846 5469 τῆς
2883 5399 3026 5465 κατά
3064 5402 3244 5471 σάρκα
3274 5403 3367 5455 τοῦ
3398 5404 3603 5474 Κυρίου
3644 5423 3745 5472 γε-

2175 5493 2459 5563 νεαλογίας
2507 5495 2571 5547 ἐκ
2614 5492 2711 5546 τοῦ
2760 5493 2951 5563 Ἰωσὴφ
2997 5492 3093 5564 τὴν
3129 5494 3304 5567 ἀρχὴν
3350 5497 3742 5567 ποιησαμένου,

2174 5581 2295 5641 εἶτα
2328 5584 2607 5657 προϊόντος
2643 5586 2736 5639 ἐπὶ
2763 5585 2851 5639 τὸν
2877 5585 2963 5638 ἀεὶ
3003 5585 3182 5655 χρόνῳ
3226 5586 3616 5659 πρεσϐύτερον,
3647 5595 3745 5641 καὶ

2175 5681 2233 5733 ἐν
2278 5678 2357 5751 τῷ
2411 5678 2580 5751 Ἀδὰμ
2625 5680 2686 5735 τὸ
2721 5677 2890 5751 πέρας
2912 5676 3009 5748 τῆς
3061 5676 3405 5747 γενεαλογίας
3436 5679 3747 5750 ὁρίσαντος.
