  <div class='ocr_page' id='page_1' title='image "/cluster/home/n/w/nwhite01/storage/ocr_20150623/45/nnc1.0046978445/570.png"; bbox 0 0 4146 6386; ppageno 0'>
   <div class='ocr_carea' id='block_1_1' title="bbox 413 448 552 507">
    <p class='ocr_par' dir='ltr' id='par_1_1' title="bbox 413 448 552 507">
     <span class='ocr_line' id='line_1_1' title="bbox 413 448 552 507; baseline 0.043 -6"><span class='ocrx_word' id='word_1_1' title='bbox 413 448 552 507; x_wconf 79' lang='grc' dir='ltr'>ΗΠ</span> 
     </span>
    </p>
   </div>
   <div class='ocr_carea' id='block_1_2' title="bbox 1570 436 2602 504">
    <p class='ocr_par' dir='ltr' id='par_1_2' title="bbox 1570 436 2602 504">
     <span class='ocr_line' id='line_1_2' title="bbox 1570 436 2602 504; baseline -0.011 -2"><span class='ocrx_word' id='word_1_2' title='bbox 1570 442 1846 503; x_wconf 67' lang='grc' dir='ltr'><strong>ΕἿΝΤΒΑ</strong></span> <span class='ocrx_word' id='word_1_3' title='bbox 1888 441 2270 504; x_wconf 66' lang='grc' dir='ltr'>ιωυωιυιι,</span> <span class='ocrx_word' id='word_1_4' title='bbox 2312 438 2440 492; x_wconf 83' lang='lat' dir='ltr'><strong>LIB.</strong></span> <span class='ocrx_word' id='word_1_5' title='bbox 2483 436 2602 491; x_wconf 71' lang='grc' dir='ltr'>λιι.</span> 
     </span>
    </p>
   </div>
   <div class='ocr_carea' id='block_1_3' title="bbox 406 547 1980 628">
    <p class='ocr_par' dir='ltr' id='par_1_3' title="bbox 406 547 1967 627">
     <span class='ocr_line' id='line_1_3' title="bbox 406 547 1967 627; baseline 0.007 -27"><span class='ocrx_word' id='word_1_6' title='bbox 406 547 501 601; x_wconf 81' lang='grc' dir='ltr'><strong>καὶ</strong></span> <span class='ocrx_word' id='word_1_7' title='bbox 524 549 611 602; x_wconf 73' lang='grc' dir='ltr'>διὰ</span> <span class='ocrx_word' id='word_1_8' title='bbox 638 552 703 606; x_wconf 89' lang='grc' dir='ltr'><strong>τὸ</strong></span> <span class='ocrx_word' id='word_1_9' title='bbox 732 553 808 625; x_wconf 81' lang='grc' dir='ltr'>μὴ</span> <span class='ocrx_word' id='word_1_10' title='bbox 832 553 1186 623; x_wconf 80' lang='grc' dir='ltr'>ὕπερκεΐσθαι</span> <span class='ocrx_word' id='word_1_11' title='bbox 1210 553 1303 608; x_wconf 85' lang='grc' dir='ltr'><strong>τοῦ</strong></span> <span class='ocrx_word' id='word_1_12' title='bbox 1335 555 1756 626; x_wconf 83' lang='grc' dir='ltr'>πρωτοπλάστου</span> <span class='ocrx_word' id='word_1_13' title='bbox 1782 573 1967 627; x_wconf 79' lang='grc' dir='ltr'>σωμαρ</span> 
     </span>
    </p>
   </div>
   <div class='ocr_carea' id='block_1_4' title="bbox 2081 547 3641 628">
    <p class='ocr_par' dir='ltr' id='par_1_4' title="bbox 2081 552 3641 628">
     <span class='ocr_line' id='line_1_4' title="bbox 2081 552 3641 628; baseline -0.007 -13"><span class='ocrx_word' id='word_1_14' title='bbox 2081 565 2178 621; x_wconf 82' lang='lat' dir='ltr'><strong>set,</strong></span> <span class='ocrx_word' id='word_1_15' title='bbox 2197 565 2249 612; x_wconf 88' lang='lat' dir='ltr'><strong>et</strong></span> <span class='ocrx_word' id='word_1_16' title='bbox 2269 558 2400 628; x_wconf 84' lang='lat' dir='ltr'><strong>quia</strong></span> <span class='ocrx_word' id='word_1_17' title='bbox 2418 573 2527 612; x_wconf 92' lang='lat' dir='ltr'><strong>non</strong></span> <span class='ocrx_word' id='word_1_18' title='bbox 2548 556 2726 627; x_wconf 88' lang='lat' dir='ltr'><strong>primo</strong></span> <span class='ocrx_word' id='word_1_19' title='bbox 2747 553 2983 609; x_wconf 79' lang='lat' dir='ltr'><strong>formato</strong></span> <span class='ocrx_word' id='word_1_20' title='bbox 3004 552 3257 624; x_wconf 85' lang='lat' dir='ltr'><strong>superior</strong></span> <span class='ocrx_word' id='word_1_21' title='bbox 3272 560 3418 609; x_wconf 89' lang='lat' dir='ltr'><strong>esset</strong></span> <span class='ocrx_word' id='word_1_22' title='bbox 3443 566 3641 622; x_wconf 82' lang='lat' dir='ltr'><strong>corpo-</strong></span> 
     </span>
    </p>
   </div>
   <div class='ocr_carea' id='block_1_5' title="bbox 406 630 1980 717">
    <p class='ocr_par' dir='ltr' id='par_1_5' title="bbox 406 630 1980 717">
     <span class='ocr_line' id='line_1_5' title="bbox 406 630 1980 717; baseline 0.011 -38"><span class='ocrx_word' id='word_1_23' title='bbox 406 630 570 682; x_wconf 85' lang='grc' dir='ltr'>τικὸν</span> <span class='ocrx_word' id='word_1_24' title='bbox 603 632 841 705; x_wconf 82' lang='grc' dir='ltr'><strong>Πατέρα,</strong></span> <span class='ocrx_word' id='word_1_25' title='bbox 867 636 962 689; x_wconf 86' lang='grc' dir='ltr'><strong>τοῦ</strong></span> <span class='ocrx_word' id='word_1_26' title='bbox 1003 637 1139 691; x_wconf 86' lang='grc' dir='ltr'>Θεοῦ</span> <span class='ocrx_word' id='word_1_27' title='bbox 1178 643 1468 712; x_wconf 73' lang='grc' dir='ltr'>φήσαντος.</span> <span class='ocrx_word' id='word_1_28' title='bbox 1509 645 1803 717; x_wconf 87' lang='grc' dir='ltr'>Πρόχειρον</span> <span class='ocrx_word' id='word_1_29' title='bbox 1842 644 1980 698; x_wconf 81' lang='grc' dir='ltr'>εἶναί</span> 
     </span>
    </p>
   </div>
   <div class='ocr_carea' id='block_1_6' title="bbox 2081 630 3639 717">
    <p class='ocr_par' dir='ltr' id='par_1_6' title="bbox 2081 644 3639 716">
     <span class='ocr_line' id='line_1_6' title="bbox 2081 644 3639 716; baseline -0.005 -12"><span class='ocrx_word' id='word_1_30' title='bbox 2081 666 2193 705; x_wconf 71' lang='lat' dir='ltr'><strong>rens</strong></span> <span class='ocrx_word' id='word_1_31' title='bbox 2208 651 2385 715; x_wconf 85' lang='lat' dir='ltr'><strong>Pater,</strong></span> <span class='ocrx_word' id='word_1_32' title='bbox 2403 650 2548 704; x_wconf 88' lang='lat' dir='ltr'><strong>hunc</strong></span> <span class='ocrx_word' id='word_1_33' title='bbox 2565 648 2658 702; x_wconf 88' lang='lat' dir='ltr'><strong>Dei</strong></span> <span class='ocrx_word' id='word_1_34' title='bbox 2673 663 2792 703; x_wconf 82' lang='lat' dir='ltr'><strong>esse</strong></span> <span class='ocrx_word' id='word_1_35' title='bbox 2807 646 2964 701; x_wconf 79' lang='lat' dir='ltr'><strong>dixit.</strong></span> <span class='ocrx_word' id='word_1_36' title='bbox 2982 645 3300 716; x_wconf 75' lang='lat' dir='ltr'><strong>Promptum</strong></span> <span class='ocrx_word' id='word_1_37' title='bbox 3319 660 3441 701; x_wconf 88' lang='lat' dir='ltr'><strong>esse</strong></span> <span class='ocrx_word' id='word_1_38' title='bbox 3462 644 3639 714; x_wconf 89' lang='lat' dir='ltr'><strong>inquit</strong></span> 
     </span>
    </p>
   </div>
   <div class='ocr_carea' id='block_1_7' title="bbox 404 724 1969 803">
    <p class='ocr_par' dir='ltr' id='par_1_7' title="bbox 404 724 1969 803">
     <span class='ocr_line' id='line_1_7' title="bbox 404 724 1969 803; baseline 0.01 -30"><span class='ocrx_word' id='word_1_39' title='bbox 404 735 563 788; x_wconf 86' lang='grc' dir='ltr'>φησι,</span> <span class='ocrx_word' id='word_1_40' title='bbox 586 724 652 791; x_wconf 84' lang='grc' dir='ltr'>τῇ</span> <span class='ocrx_word' id='word_1_41' title='bbox 667 724 898 781; x_wconf 70' lang='grc' dir='ltr'>ἑκάστου</span> <span class='ocrx_word' id='word_1_42' title='bbox 924 727 1131 801; x_wconf 80' lang='grc' dir='ltr'><strong>διανοίᾳ</strong></span> <span class='ocrx_word' id='word_1_43' title='bbox 1149 732 1277 803; x_wconf 78' lang='grc' dir='ltr'>περὶ</span> <span class='ocrx_word' id='word_1_44' title='bbox 1301 733 1394 786; x_wconf 92' lang='grc' dir='ltr'><strong>τοῦ</strong></span> <span class='ocrx_word' id='word_1_45' title='bbox 1420 735 1555 788; x_wconf 87' lang='grc' dir='ltr'>Θεοῦ</span> <span class='ocrx_word' id='word_1_46' title='bbox 1576 737 1735 790; x_wconf 75' lang='grc' dir='ltr'>τοῦτο</span> <span class='ocrx_word' id='word_1_47' title='bbox 1754 738 1933 790; x_wconf 87' lang='grc' dir='ltr'>λαϐεῖν</span> <span class='ocrx_word' id='word_1_48' title='bbox 1953 752 1969 767; x_wconf 88' lang='grc'><strong>·</strong></span> 
     </span>
    </p>
   </div>
   <div class='ocr_carea' id='block_1_8' title="bbox 2063 737 3643 813">
    <p class='ocr_par' dir='ltr' id='par_1_8' title="bbox 2063 737 3643 813">
     <span class='ocr_line' id='line_1_8' title="bbox 2063 737 3643 813; baseline -0.004 -15"><span class='ocrx_word' id='word_1_49' title='bbox 2063 743 2335 813; x_wconf 86' lang='lat' dir='ltr'><strong>cujusque</strong></span> <span class='ocrx_word' id='word_1_50' title='bbox 2374 741 2586 795; x_wconf 91' lang='lat' dir='ltr'><strong>notioni</strong></span> <span class='ocrx_word' id='word_1_51' title='bbox 2615 738 2684 795; x_wconf 90' lang='lat' dir='ltr'><strong>de</strong></span> <span class='ocrx_word' id='word_1_52' title='bbox 2724 739 2836 795; x_wconf 89' lang='lat' dir='ltr'><strong>Deo</strong></span> <span class='ocrx_word' id='word_1_53' title='bbox 2868 740 3003 794; x_wconf 89' lang='lat' dir='ltr'><strong>illud</strong></span> <span class='ocrx_word' id='word_1_54' title='bbox 3034 738 3309 809; x_wconf 88' lang='lat' dir='ltr'><strong>accipere:</strong></span> <span class='ocrx_word' id='word_1_55' title='bbox 3334 738 3477 807; x_wconf 89' lang='lat' dir='ltr'><strong>quod</strong></span> <span class='ocrx_word' id='word_1_56' title='bbox 3500 737 3643 792; x_wconf 83' lang='lat' dir='ltr'><strong>Deus</strong></span> 
     </span>
    </p>
   </div>
   <div class='ocr_carea' id='block_1_9' title="bbox 403 810 1980 903">
    <p class='ocr_par' dir='ltr' id='par_1_9' title="bbox 403 810 1971 903">
     <span class='ocr_line' id='line_1_9' title="bbox 403 810 1971 903; baseline 0.013 -40"><span class='ocrx_word' id='word_1_57' title='bbox 403 810 486 903; x_wconf 67' lang='grc' dir='ltr'><strong>ότι</strong></span> <span class='ocrx_word' id='word_1_58' title='bbox 512 814 540 865; x_wconf 91' lang='lat'><strong>6</strong></span> <span class='ocrx_word' id='word_1_59' title='bbox 567 812 699 877; x_wconf 87' lang='grc' dir='ltr'>Θεὸς</span> <span class='ocrx_word' id='word_1_60' title='bbox 727 815 785 881; x_wconf 75' lang='grc' dir='ltr'>ἐξ</span> <span class='ocrx_word' id='word_1_61' title='bbox 817 811 881 871; x_wconf 81' lang='grc' dir='ltr'><strong>οῦ</strong></span> <span class='ocrx_word' id='word_1_62' title='bbox 922 820 1113 892; x_wconf 82' lang='grc' dir='ltr'>Ἀδὰμ,</span> <span class='ocrx_word' id='word_1_63' title='bbox 1144 822 1205 875; x_wconf 81' lang='grc' dir='ltr'><strong>ού</strong></span> <span class='ocrx_word' id='word_1_64' title='bbox 1253 825 1376 878; x_wconf 89' lang='grc' dir='ltr'>καθ’</span> <span class='ocrx_word' id='word_1_65' title='bbox 1404 826 1699 899; x_wconf 84' lang='grc' dir='ltr'>ὁμοιότητα</span> <span class='ocrx_word' id='word_1_66' title='bbox 1726 830 1835 883; x_wconf 85' lang='grc' dir='ltr'>τῶν</span> <span class='ocrx_word' id='word_1_67' title='bbox 1873 832 1971 883; x_wconf 81' lang='grc' dir='ltr'>ἀν-</span> 
     </span>
    </p>
   </div>
   <div class='ocr_carea' id='block_1_10' title="bbox 2081 810 3643 903">
    <p class='ocr_par' dir='ltr' id='par_1_10' title="bbox 2081 810 3643 903">
     <span class='ocr_line' id='line_1_10' title="bbox 2081 810 3643 903; baseline -0.003 -18"><span class='ocrx_word' id='word_1_68' title='bbox 2081 840 2171 899; x_wconf 78' lang='lat' dir='ltr'><strong>:st,</strong></span> <span class='ocrx_word' id='word_1_69' title='bbox 2205 810 2273 887; x_wconf 58' lang='lat' dir='ltr'><strong>ei</strong></span> <span class='ocrx_word' id='word_1_70' title='bbox 2303 845 2413 903; x_wconf 89' lang='lat' dir='ltr'><strong>quo</strong></span> <span class='ocrx_word' id='word_1_71' title='bbox 2442 830 2707 893; x_wconf 83' lang='lat' dir='ltr'><strong>Adamus,</strong></span> <span class='ocrx_word' id='word_1_72' title='bbox 2740 845 2852 886; x_wconf 90' lang='lat' dir='ltr'><strong>non</strong></span> <span class='ocrx_word' id='word_1_73' title='bbox 2893 829 2963 884; x_wconf 91' lang='lat' dir='ltr'><strong>ad</strong></span> <span class='ocrx_word' id='word_1_74' title='bbox 3006 826 3419 885; x_wconf 89' lang='lat' dir='ltr'><strong>similitudinem</strong></span> <span class='ocrx_word' id='word_1_75' title='bbox 3452 842 3643 882; x_wconf 90' lang='lat' dir='ltr'><strong>eorum</strong></span> 
     </span>
    </p>
   </div>
   <div class='ocr_carea' id='block_1_11' title="bbox 403 902 1971 993">
    <p class='ocr_par' dir='ltr' id='par_1_11' title="bbox 403 902 1971 993">
     <span class='ocr_line' id='line_1_11' title="bbox 403 902 1971 993; baseline 0.012 -38"><span class='ocrx_word' id='word_1_76' title='bbox 403 902 696 974; x_wconf 81' lang='grc' dir='ltr'>θρωπικῶς</span> <span class='ocrx_word' id='word_1_77' title='bbox 722 908 1229 982; x_wconf 80' lang='grc' dir='ltr'>γενεαλογηθέντων</span> <span class='ocrx_word' id='word_1_78' title='bbox 1252 917 1347 968; x_wconf 77' lang='grc' dir='ltr'>καὶ</span> <span class='ocrx_word' id='word_1_79' title='bbox 1380 917 1541 982; x_wconf 81' lang='grc' dir='ltr'>αὐτὸς</span> <span class='ocrx_word' id='word_1_80' title='bbox 1573 919 1631 986; x_wconf 63' lang='lat' dir='ltr'><strong>eg</strong></span> <span class='ocrx_word' id='word_1_81' title='bbox 1662 922 1849 993; x_wconf 82' lang='grc' dir='ltr'>ἐτέρου</span> <span class='ocrx_word' id='word_1_82' title='bbox 1872 923 1971 993; x_wconf 81' lang='grc' dir='ltr'>τὴν</span> 
     </span>
    </p>
   </div>
   <div class='ocr_carea' id='block_1_12' title="bbox 354 996 1971 1078">
    <p class='ocr_par' dir='ltr' id='par_1_12' title="bbox 354 996 1971 1078">
     <span class='ocr_line' id='line_1_12' title="bbox 354 996 1971 1078; baseline 0.011 -30"><span class='ocrx_word' id='word_1_83' title='bbox 354 1052 359 1055; x_wconf 97' lang='lat'><em>_</em></span> <span class='ocrx_word' id='word_1_84' title='bbox 400 996 696 1053; x_wconf 80' lang='grc' dir='ltr'><strong>ὑπόστασιν</strong></span> <span class='ocrx_word' id='word_1_85' title='bbox 722 1000 836 1072; x_wconf 71' lang='grc' dir='ltr'>ἔχει</span> <span class='ocrx_word' id='word_1_86' title='bbox 856 1016 870 1032; x_wconf 78' lang='grc'><strong><em>⁸</em></strong></span> <span class='ocrx_word' id='word_1_87' title='bbox 900 1004 1119 1059; x_wconf 80' lang='grc' dir='ltr'>ἐπειδὰν</span> <span class='ocrx_word' id='word_1_88' title='bbox 1146 1007 1256 1078; x_wconf 83' lang='grc' dir='ltr'><strong>γὰρ</strong></span> <span class='ocrx_word' id='word_1_89' title='bbox 1282 1008 1463 1063; x_wconf 81' lang='grc' dir='ltr'>πάντα</span> <span class='ocrx_word' id='word_1_90' title='bbox 1493 1010 1849 1078; x_wconf 81' lang='grc' dir='ltr'><strong>διεξελθόντες</strong></span> <span class='ocrx_word' id='word_1_91' title='bbox 1880 1014 1971 1067; x_wconf 81' lang='grc' dir='ltr'><strong>τὸν</strong></span> 
     </span>
    </p>
   </div>
   <div class='ocr_carea' id='block_1_13' title="bbox 400 1086 1971 1176">
    <p class='ocr_par' dir='ltr' id='par_1_13' title="bbox 400 1086 1971 1176">
     <span class='ocr_line' id='line_1_13' title="bbox 400 1086 1971 1176; baseline 0.011 -36"><span class='ocrx_word' id='word_1_92' title='bbox 400 1086 531 1144; x_wconf 89' lang='grc' dir='ltr'>Θεὸν</span> <span class='ocrx_word' id='word_1_93' title='bbox 556 1091 696 1162; x_wconf 87' lang='grc' dir='ltr'><strong>μετά</strong></span> <span class='ocrx_word' id='word_1_94' title='bbox 726 1093 905 1148; x_wconf 86' lang='grc' dir='ltr'>πάντα</span> <span class='ocrx_word' id='word_1_95' title='bbox 928 1095 1006 1166; x_wconf 87' lang='grc' dir='ltr'><strong>τῷ</strong></span> <span class='ocrx_word' id='word_1_96' title='bbox 1029 1096 1104 1168; x_wconf 82' lang='grc' dir='ltr'>νῷ</span> <span class='ocrx_word' id='word_1_97' title='bbox 1130 1097 1403 1170; x_wconf 89' lang='grc' dir='ltr'>λάϐωμεν,</span> <span class='ocrx_word' id='word_1_98' title='bbox 1435 1102 1533 1174; x_wconf 78' lang='grc' dir='ltr'>τὴν</span> <span class='ocrx_word' id='word_1_99' title='bbox 1562 1105 1777 1159; x_wconf 87' lang='grc' dir='ltr'>πάντων</span> <span class='ocrx_word' id='word_1_100' title='bbox 1796 1105 1971 1176; x_wconf 79' lang='grc' dir='ltr'>ἀρχὴν</span> 
     </span>
    </p>
   </div>
   <div class='ocr_carea' id='block_1_14' title="bbox 400 1180 1972 1268">
    <p class='ocr_par' dir='ltr' id='par_1_14' title="bbox 400 1180 1972 1268">
     <span class='ocr_line' id='line_1_14' title="bbox 400 1180 1972 1268; baseline 0.012 -36"><span class='ocrx_word' id='word_1_101' title='bbox 400 1180 721 1255; x_wconf 81' lang='grc' dir='ltr'>ὲνοήσαμεν.</span> <span class='ocrx_word' id='word_1_102' title='bbox 761 1186 926 1258; x_wconf 83' lang='grc' dir='ltr'><strong>Ἀρχὴ</strong></span> <span class='ocrx_word' id='word_1_103' title='bbox 954 1186 1011 1241; x_wconf 89' lang='grc' dir='ltr'>δὲ</span> <span class='ocrx_word' id='word_1_104' title='bbox 1048 1190 1198 1242; x_wconf 84' lang='grc' dir='ltr'>πᾶσα</span> <span class='ocrx_word' id='word_1_105' title='bbox 1233 1193 1391 1265; x_wconf 80' lang='grc' dir='ltr'>εἴπερ</span> <span class='ocrx_word' id='word_1_106' title='bbox 1428 1194 1614 1266; x_wconf 80' lang='grc' dir='ltr'>ἑτέρου</span> <span class='ocrx_word' id='word_1_107' title='bbox 1640 1198 1783 1261; x_wconf 87' lang='grc' dir='ltr'>τινὸς</span> <span class='ocrx_word' id='word_1_108' title='bbox 1810 1196 1972 1268; x_wconf 76' lang='grc' dir='ltr'>ἐξημ-</span> 
     </span>
    </p>
   </div>
   <div class='ocr_carea' id='block_1_15' title="bbox 402 1273 1969 1359">
    <p class='ocr_par' dir='ltr' id='par_1_15' title="bbox 402 1273 1969 1359">
     <span class='ocr_line' id='line_1_15' title="bbox 402 1273 1969 1359; baseline 0.009 -33"><span class='ocrx_word' id='word_1_109' title='bbox 402 1273 536 1345; x_wconf 81' lang='grc' dir='ltr'>μένη</span> <span class='ocrx_word' id='word_1_110' title='bbox 576 1275 753 1347; x_wconf 85' lang='grc' dir='ltr'><strong>τύχοι,</strong></span> <span class='ocrx_word' id='word_1_111' title='bbox 790 1279 932 1350; x_wconf 82' lang='grc' dir='ltr'>ἀρχὴ</span> <span class='ocrx_word' id='word_1_112' title='bbox 972 1280 1072 1333; x_wconf 86' lang='grc' dir='ltr'><strong>οὐκ</strong></span> <span class='ocrx_word' id='word_1_113' title='bbox 1117 1280 1286 1336; x_wconf 76' lang='grc' dir='ltr'>ἐστιν.</span> <span class='ocrx_word' id='word_1_114' title='bbox 1345 1284 1555 1339; x_wconf 83' lang='grc' dir='ltr'>Οὐκοῦν</span> <span class='ocrx_word' id='word_1_115' title='bbox 1596 1290 1644 1341; x_wconf 84' lang='grc' dir='ltr'><strong>εί</strong></span> <span class='ocrx_word' id='word_1_116' title='bbox 1685 1288 1826 1359; x_wconf 82' lang='grc' dir='ltr'>ἀρχὴ</span> <span class='ocrx_word' id='word_1_117' title='bbox 1872 1286 1969 1342; x_wconf 85' lang='grc' dir='ltr'><strong>τοῦ</strong></span> 
     </span>
    </p>
   </div>
   <div class='ocr_carea' id='block_1_16' title="bbox 404 1366 1973 1447">
    <p class='ocr_par' dir='ltr' id='par_1_16' title="bbox 404 1366 1973 1447">
     <span class='ocr_line' id='line_1_16' title="bbox 404 1366 1973 1447; baseline 0.013 -31"><span class='ocrx_word' id='word_1_118' title='bbox 404 1366 596 1429; x_wconf 84' lang='grc' dir='ltr'>παντὸς</span> <span class='ocrx_word' id='word_1_119' title='bbox 639 1366 667 1418; x_wconf 98' lang='lat'><strong>6</strong></span> <span class='ocrx_word' id='word_1_120' title='bbox 704 1368 837 1433; x_wconf 85' lang='grc' dir='ltr'>Θεός</span> <span class='ocrx_word' id='word_1_121' title='bbox 859 1385 872 1399; x_wconf 92' lang='grc'>·</span> <span class='ocrx_word' id='word_1_122' title='bbox 898 1368 1012 1423; x_wconf 75' lang='grc' dir='ltr'>οὔθ’</span> <span class='ocrx_word' id='word_1_123' title='bbox 1055 1369 1236 1426; x_wconf 77' lang='grc' dir='ltr'>ὁτιοῦν</span> <span class='ocrx_word' id='word_1_124' title='bbox 1279 1370 1431 1429; x_wconf 77' lang='grc' dir='ltr'>ἔσται</span> <span class='ocrx_word' id='word_1_125' title='bbox 1464 1376 1566 1447; x_wconf 79' lang='grc' dir='ltr'>τῆς</span> <span class='ocrx_word' id='word_1_126' title='bbox 1607 1378 1714 1432; x_wconf 84' lang='grc' dir='ltr'><strong>τῶν</strong></span> <span class='ocrx_word' id='word_1_127' title='bbox 1752 1380 1973 1436; x_wconf 79' lang='grc' dir='ltr'>πάντων</span> 
     </span>
    </p>
   </div>
   <div class='ocr_carea' id='block_1_17' title="bbox 395 1448 1968 1541">
    <p class='ocr_par' dir='ltr' id='par_1_17' title="bbox 395 1448 1968 1541">
     <span class='ocr_line' id='line_1_17' title="bbox 395 1448 1968 1541; baseline 0.015 -40"><span class='ocrx_word' id='word_1_128' title='bbox 395 1448 570 1541; x_wconf 81' lang='grc' dir='ltr'>ἀρχῆς</span> <span class='ocrx_word' id='word_1_129' title='bbox 595 1453 1007 1528; x_wconf 78' lang='grc' dir='ltr'>ὑπερκείμενον.</span> <span class='ocrx_word' id='word_1_130' title='bbox 1037 1457 1186 1531; x_wconf 78' lang='grc' dir='ltr'>Αὕτη</span> <span class='ocrx_word' id='word_1_131' title='bbox 1219 1462 1313 1514; x_wconf 91' lang='grc' dir='ltr'><strong>τοῦ</strong></span> <span class='ocrx_word' id='word_1_132' title='bbox 1343 1462 1661 1520; x_wconf 78' lang='grc' dir='ltr'>διδασκάλου</span> <span class='ocrx_word' id='word_1_133' title='bbox 1700 1469 1830 1539; x_wconf 72' lang='grc' dir='ltr'>περὶ</span> <span class='ocrx_word' id='word_1_134' title='bbox 1868 1470 1968 1541; x_wconf 84' lang='grc' dir='ltr'>τῆς</span> 
     </span>
    </p>
   </div>
   <div class='ocr_carea' id='block_1_18' title="bbox 395 1540 1968 1623">
    <p class='ocr_par' dir='ltr' id='par_1_18' title="bbox 395 1540 1968 1623">
     <span class='ocr_line' id='line_1_18' title="bbox 395 1540 1968 1623; baseline 0.015 -30"><span class='ocrx_word' id='word_1_135' title='bbox 395 1540 486 1593; x_wconf 89' lang='grc' dir='ltr'><strong>τοῦ</strong></span> <span class='ocrx_word' id='word_1_136' title='bbox 538 1544 832 1615; x_wconf 86' lang='grc' dir='ltr'>ἀγεννήτου</span> <span class='ocrx_word' id='word_1_137' title='bbox 888 1548 1220 1623; x_wconf 82' lang='grc' dir='ltr'>σημασίαςή</span> <span class='ocrx_word' id='word_1_138' title='bbox 1271 1553 1510 1620; x_wconf 76' lang='grc' dir='ltr'>ἐκθεσις,</span> <span class='ocrx_word' id='word_1_139' title='bbox 1546 1560 1655 1613; x_wconf 81' lang='grc' dir='ltr'>Καὶ</span> <span class='ocrx_word' id='word_1_140' title='bbox 1696 1562 1775 1614; x_wconf 86' lang='grc' dir='ltr'>ὃτι</span> <span class='ocrx_word' id='word_1_141' title='bbox 1814 1540 1968 1615; x_wconf 73' lang='grc' dir='ltr'>οὐδὲν</span> 
     </span>
    </p>
   </div>
   <div class='ocr_carea' id='block_1_19' title="bbox 394 1632 1964 1725">
    <p class='ocr_par' dir='ltr' id='par_1_19' title="bbox 394 1632 1964 1725">
     <span class='ocr_line' id='line_1_19' title="bbox 394 1632 1964 1725; baseline 0.014 -41"><span class='ocrx_word' id='word_1_142' title='bbox 394 1632 509 1725; x_wconf 7' lang='grc' dir='ltr'>ἔξω,</span> <span class='ocrx_word' id='word_1_143' title='bbox 540 1636 640 1707; x_wconf 84' lang='grc' dir='ltr'>τῆς</span> <span class='ocrx_word' id='word_1_144' title='bbox 683 1637 935 1709; x_wconf 79' lang='grc' dir='ltr'><strong>ἀληθείας</strong></span> <span class='ocrx_word' id='word_1_145' title='bbox 977 1640 1127 1711; x_wconf 88' lang='grc' dir='ltr'>αύτῷ</span> <span class='ocrx_word' id='word_1_146' title='bbox 1156 1646 1286 1713; x_wconf 88' lang='grc' dir='ltr'>παρ’</span> <span class='ocrx_word' id='word_1_147' title='bbox 1320 1646 1479 1716; x_wconf 76' lang='grc' dir='ltr'>ἡμῶν</span> <span class='ocrx_word' id='word_1_148' title='bbox 1523 1667 1964 1725; x_wconf 81' lang='grc' dir='ltr'>μεμαρτύρηται,</span> 
     </span>
    </p>
   </div>
   <div class='ocr_carea' id='block_1_20' title="bbox 393 1724 1967 1815">
    <p class='ocr_par' dir='ltr' id='par_1_20' title="bbox 393 1724 1967 1815">
     <span class='ocr_line' id='line_1_20' title="bbox 393 1724 1967 1815; baseline 0.014 -37"><span class='ocrx_word' id='word_1_149' title='bbox 393 1724 562 1796; x_wconf 81' lang='grc' dir='ltr'>αὐτὴν</span> <span class='ocrx_word' id='word_1_150' title='bbox 589 1727 991 1806; x_wconf 59' lang='grc' dir='ltr'>ἐπὶρημάτων</span> <span class='ocrx_word' id='word_1_151' title='bbox 1042 1730 1140 1803; x_wconf 84' lang='grc' dir='ltr'>τὴν</span> <span class='ocrx_word' id='word_1_152' title='bbox 1185 1736 1313 1806; x_wconf 77' lang='grc' dir='ltr'>περὶ</span> <span class='ocrx_word' id='word_1_153' title='bbox 1378 1738 1569 1794; x_wconf 87' lang='grc' dir='ltr'>τούτου</span> <span class='ocrx_word' id='word_1_154' title='bbox 1620 1743 1776 1814; x_wconf 77' lang='grc' dir='ltr'>ῥῆσιν</span> <span class='ocrx_word' id='word_1_155' title='bbox 1805 1724 1967 1815; x_wconf 78' lang='grc' dir='ltr'>ἐκθή-</span> 
     </span>
    </p>
   </div>
   <div class='ocr_carea' id='block_1_21' title="bbox 393 1834 574 1888">
    <p class='ocr_par' dir='ltr' id='par_1_21' title="bbox 393 1834 574 1888">
     <span class='ocr_line' id='line_1_21' title="bbox 393 1834 574 1888; baseline 0.022 -19"><span class='ocrx_word' id='word_1_156' title='bbox 393 1834 574 1888; x_wconf 87' lang='grc' dir='ltr'>σομαι.</span> 
     </span>
    </p>
   </div>
   <div class='ocr_carea' id='block_1_22' title="bbox 2068 921 3641 995">
    <p class='ocr_par' dir='ltr' id='par_1_22' title="bbox 2068 921 3641 995">
     <span class='ocr_line' id='line_1_22' title="bbox 2068 921 3641 995; baseline -0.003 -18"><span class='ocrx_word' id='word_1_157' title='bbox 2068 939 2302 995; x_wconf 81' lang='lat' dir='ltr'><strong>quormn</strong></span> <span class='ocrx_word' id='word_1_158' title='bbox 2351 923 2670 993; x_wconf 88' lang='lat' dir='ltr'><strong>genealogia</strong></span> <span class='ocrx_word' id='word_1_159' title='bbox 2720 922 2961 977; x_wconf 89' lang='lat' dir='ltr'><strong>humano</strong></span> <span class='ocrx_word' id='word_1_160' title='bbox 3018 936 3170 976; x_wconf 89' lang='lat' dir='ltr'><strong>more</strong></span> <span class='ocrx_word' id='word_1_161' title='bbox 3223 921 3495 990; x_wconf 88' lang='lat' dir='ltr'><strong>descripta</strong></span> <span class='ocrx_word' id='word_1_162' title='bbox 3538 930 3641 984; x_wconf 86' lang='lat' dir='ltr'><strong>est,</strong></span> 
     </span>
    </p>
   </div>
   <div class='ocr_carea' id='block_1_23' title="bbox 2069 1011 3644 1086">
    <p class='ocr_par' dir='ltr' id='par_1_23' title="bbox 2069 1011 3644 1086">
     <span class='ocr_line' id='line_1_23' title="bbox 2069 1011 3644 1086; baseline -0.005 -16"><span class='ocrx_word' id='word_1_163' title='bbox 2069 1017 2189 1086; x_wconf 89' lang='lat' dir='ltr'><strong>ipse</strong></span> <span class='ocrx_word' id='word_1_164' title='bbox 2216 1031 2284 1071; x_wconf 80' lang='lat' dir='ltr'><strong>ex</strong></span> <span class='ocrx_word' id='word_1_165' title='bbox 2309 1015 2421 1070; x_wconf 92' lang='lat' dir='ltr'><strong>alio</strong></span> <span class='ocrx_word' id='word_1_166' title='bbox 2443 1014 2811 1070; x_wconf 86' lang='lat' dir='ltr'><strong>substantiam</strong></span> <span class='ocrx_word' id='word_1_167' title='bbox 2846 1012 3029 1079; x_wconf 88' lang='lat' dir='ltr'><strong>habet,</strong></span> <span class='ocrx_word' id='word_1_168' title='bbox 3053 1011 3311 1083; x_wconf 89' lang='lat' dir='ltr'><strong>quoniam</strong></span> <span class='ocrx_word' id='word_1_169' title='bbox 3357 1012 3501 1066; x_wconf 90' lang='lat' dir='ltr'><strong>enim</strong></span> <span class='ocrx_word' id='word_1_170' title='bbox 3526 1026 3644 1065; x_wconf 80' lang='lat' dir='ltr'><strong>ont-</strong></span> 
     </span>
    </p>
   </div>
   <div class='ocr_carea' id='block_1_24' title="bbox 2068 1102 3646 1176">
    <p class='ocr_par' dir='ltr' id='par_1_24' title="bbox 2068 1102 3646 1176">
     <span class='ocr_line' id='line_1_24' title="bbox 2068 1102 3646 1176; baseline -0.004 -16"><span class='ocrx_word' id='word_1_171' title='bbox 2068 1108 2159 1160; x_wconf 93' lang='lat' dir='ltr'><strong>nia</strong></span> <span class='ocrx_word' id='word_1_172' title='bbox 2194 1116 2581 1176; x_wconf 88' lang='lat' dir='ltr'><strong>percurrentes</strong></span> <span class='ocrx_word' id='word_1_173' title='bbox 2608 1103 2882 1158; x_wconf 90' lang='lat' dir='ltr'><strong>narrando</strong></span> <span class='ocrx_word' id='word_1_174' title='bbox 2912 1102 3083 1157; x_wconf 89' lang='lat' dir='ltr'><strong>Deum</strong></span> <span class='ocrx_word' id='word_1_175' title='bbox 3113 1109 3235 1171; x_wconf 91' lang='lat' dir='ltr'><strong>post</strong></span> <span class='ocrx_word' id='word_1_176' title='bbox 3258 1102 3439 1156; x_wconf 83' lang='lat' dir='ltr'><strong>omnia</strong></span> <span class='ocrx_word' id='word_1_177' title='bbox 3464 1111 3646 1157; x_wconf 88' lang='lat' dir='ltr'><strong>mente</strong></span> 
     </span>
    </p>
   </div>
   <div class='ocr_carea' id='block_1_25' title="bbox 2069 1190 3645 1267">
    <p class='ocr_par' dir='ltr' id='par_1_25' title="bbox 2069 1190 3645 1267">
     <span class='ocr_line' id='line_1_25' title="bbox 2069 1190 3645 1267; baseline -0.005 -15"><span class='ocrx_word' id='word_1_178' title='bbox 2069 1197 2339 1267; x_wconf 84' lang='lat' dir='ltr'><strong>capimus,</strong></span> <span class='ocrx_word' id='word_1_179' title='bbox 2365 1196 2609 1252; x_wconf 90' lang='lat' dir='ltr'><strong>omnium</strong></span> <span class='ocrx_word' id='word_1_180' title='bbox 2633 1194 2962 1265; x_wconf 89' lang='lat' dir='ltr'><strong>principium</strong></span> <span class='ocrx_word' id='word_1_181' title='bbox 3003 1191 3389 1248; x_wconf 82' lang='lat' dir='ltr'><strong>intelleximus.</strong></span> <span class='ocrx_word' id='word_1_182' title='bbox 3426 1190 3645 1245; x_wconf 75' lang='lat' dir='ltr'><strong>Princi-</strong></span> 
     </span>
    </p>
   </div>
   <div class='ocr_carea' id='block_1_26' title="bbox 2070 1283 3645 1358">
    <p class='ocr_par' dir='ltr' id='par_1_26' title="bbox 2070 1283 3645 1358">
     <span class='ocr_line' id='line_1_26' title="bbox 2070 1283 3645 1358; baseline -0.003 -17"><span class='ocrx_word' id='word_1_183' title='bbox 2070 1288 2218 1358; x_wconf 86' lang='lat' dir='ltr'><strong>pium</strong></span> <span class='ocrx_word' id='word_1_184' title='bbox 2249 1294 2431 1342; x_wconf 87' lang='lat' dir='ltr'><strong>autem</strong></span> <span class='ocrx_word' id='word_1_185' title='bbox 2467 1301 2630 1341; x_wconf 91' lang='lat' dir='ltr'><strong>omne</strong></span> <span class='ocrx_word' id='word_1_186' title='bbox 2651 1283 2699 1339; x_wconf 90' lang='lat' dir='ltr'><strong>si</strong></span> <span class='ocrx_word' id='word_1_187' title='bbox 2729 1285 2948 1354; x_wconf 88' lang='lat' dir='ltr'><strong>quidem</strong></span> <span class='ocrx_word' id='word_1_188' title='bbox 2979 1298 3045 1337; x_wconf 77' lang='lat' dir='ltr'><strong>ex</strong></span> <span class='ocrx_word' id='word_1_189' title='bbox 3098 1283 3206 1337; x_wconf 91' lang='lat' dir='ltr'><strong>alio</strong></span> <span class='ocrx_word' id='word_1_190' title='bbox 3243 1283 3475 1353; x_wconf 88' lang='lat' dir='ltr'><strong>quodam</strong></span> <span class='ocrx_word' id='word_1_191' title='bbox 3512 1299 3645 1354; x_wconf 86' lang='lat' dir='ltr'><strong>pen-</strong></span> 
     </span>
    </p>
   </div>
   <div class='ocr_carea' id='block_1_27' title="bbox 2069 1373 3648 1446">
    <p class='ocr_par' dir='ltr' id='par_1_27' title="bbox 2069 1373 3648 1446">
     <span class='ocr_line' id='line_1_27' title="bbox 2069 1373 3648 1446; baseline -0.002 -15"><span class='ocrx_word' id='word_1_192' title='bbox 2069 1377 2216 1441; x_wconf 85' lang='lat' dir='ltr'><strong>deat,</strong></span> <span class='ocrx_word' id='word_1_193' title='bbox 2249 1374 2584 1446; x_wconf 83' lang='lat' dir='ltr'><strong>principium</strong></span> <span class='ocrx_word' id='word_1_194' title='bbox 2630 1389 2739 1428; x_wconf 91' lang='lat' dir='ltr'><strong>non</strong></span> <span class='ocrx_word' id='word_1_195' title='bbox 2789 1381 2894 1429; x_wconf 88' lang='lat' dir='ltr'><strong>est.</strong></span> <span class='ocrx_word' id='word_1_196' title='bbox 2930 1373 3098 1443; x_wconf 86' lang='lat' dir='ltr'><strong>igitur</strong></span> <span class='ocrx_word' id='word_1_197' title='bbox 3147 1374 3471 1444; x_wconf 89' lang='lat' dir='ltr'><strong>principium</strong></span> <span class='ocrx_word' id='word_1_198' title='bbox 3526 1378 3648 1429; x_wconf 88' lang='lat' dir='ltr'><strong>uni-</strong></span> 
     </span>
    </p>
   </div>
   <div class='ocr_carea' id='block_1_28' title="bbox 2068 1464 3647 1537">
    <p class='ocr_par' dir='ltr' id='par_1_28' title="bbox 2068 1464 3647 1537">
     <span class='ocr_line' id='line_1_28' title="bbox 2068 1464 3647 1537; baseline -0.003 -12"><span class='ocrx_word' id='word_1_199' title='bbox 2068 1468 2216 1525; x_wconf 82' lang='lat' dir='ltr'><strong>versi</strong></span> <span class='ocrx_word' id='word_1_200' title='bbox 2240 1466 2384 1522; x_wconf 90' lang='lat' dir='ltr'><strong>Deus</strong></span> <span class='ocrx_word' id='word_1_201' title='bbox 2412 1483 2427 1531; x_wconf 90' lang='lat'><strong>;</strong></span> <span class='ocrx_word' id='word_1_202' title='bbox 2471 1480 2647 1535; x_wconf 90' lang='lat' dir='ltr'><strong>neque</strong></span> <span class='ocrx_word' id='word_1_203' title='bbox 2676 1464 2971 1535; x_wconf 89' lang='lat' dir='ltr'><strong>quidquam</strong></span> <span class='ocrx_word' id='word_1_204' title='bbox 3003 1475 3088 1521; x_wconf 90' lang='lat' dir='ltr'><strong>est</strong></span> <span class='ocrx_word' id='word_1_205' title='bbox 3118 1466 3263 1536; x_wconf 91' lang='lat' dir='ltr'><strong>quod</strong></span> <span class='ocrx_word' id='word_1_206' title='bbox 3292 1482 3457 1537; x_wconf 86' lang='lat' dir='ltr'><strong>supra</strong></span> <span class='ocrx_word' id='word_1_207' title='bbox 3498 1469 3647 1537; x_wconf 84' lang='lat' dir='ltr'><strong>prin-</strong></span> 
     </span>
    </p>
   </div>
   <div class='ocr_carea' id='block_1_29' title="bbox 2071 1555 3647 1629">
    <p class='ocr_par' dir='ltr' id='par_1_29' title="bbox 2071 1555 3647 1629">
     <span class='ocr_line' id='line_1_29' title="bbox 2071 1555 3647 1629; baseline -0.001 -16"><span class='ocrx_word' id='word_1_208' title='bbox 2071 1559 2276 1629; x_wconf 89' lang='lat' dir='ltr'><strong>cipium</strong></span> <span class='ocrx_word' id='word_1_209' title='bbox 2311 1557 2556 1612; x_wconf 91' lang='lat' dir='ltr'><strong>omnium</strong></span> <span class='ocrx_word' id='word_1_210' title='bbox 2611 1556 2870 1611; x_wconf 88' lang='lat' dir='ltr'><strong>constitui</strong></span> <span class='ocrx_word' id='word_1_211' title='bbox 2914 1558 3108 1625; x_wconf 90' lang='lat' dir='ltr'><strong>possit.</strong></span> <span class='ocrx_word' id='word_1_212' title='bbox 3141 1555 3263 1611; x_wconf 72' lang='lat' dir='ltr'><strong>llaec</strong></span> <span class='ocrx_word' id='word_1_213' title='bbox 3313 1559 3551 1612; x_wconf 84' lang='lat' dir='ltr'><strong>doctoris</strong></span> <span class='ocrx_word' id='word_1_214' title='bbox 3577 1556 3647 1612; x_wconf 89' lang='lat' dir='ltr'><strong>de</strong></span> 
     </span>
    </p>
   </div>
   <div class='ocr_carea' id='block_1_30' title="bbox 2072 1645 3644 1719">
    <p class='ocr_par' dir='ltr' id='par_1_30' title="bbox 2072 1645 3644 1719">
     <span class='ocr_line' id='line_1_30' title="bbox 2072 1645 3644 1719; baseline -0.002 -15"><span class='ocrx_word' id='word_1_215' title='bbox 2072 1647 2298 1719; x_wconf 87' lang='lat' dir='ltr'><strong>ingeniti</strong></span> <span class='ocrx_word' id='word_1_216' title='bbox 2329 1646 2730 1717; x_wconf 85' lang='lat' dir='ltr'><strong>signiﬁcatione</strong></span> <span class='ocrx_word' id='word_1_217' title='bbox 2752 1646 3045 1715; x_wconf 83' lang='lat' dir='ltr'><strong>expositio.</strong></span> <span class='ocrx_word' id='word_1_218' title='bbox 3080 1645 3144 1698; x_wconf 90' lang='lat' dir='ltr'><strong>Et</strong></span> <span class='ocrx_word' id='word_1_219' title='bbox 3195 1648 3339 1715; x_wconf 87' lang='lat' dir='ltr'><strong>quod</strong></span> <span class='ocrx_word' id='word_1_220' title='bbox 3376 1647 3513 1719; x_wconf 79' lang='lat' dir='ltr'><strong>nihil</strong></span> <span class='ocrx_word' id='word_1_221' title='bbox 3543 1664 3644 1701; x_wconf 78' lang='lat' dir='ltr'><strong>ex-</strong></span> 
     </span>
    </p>
   </div>
   <div class='ocr_carea' id='block_1_31' title="bbox 2072 1716 3645 1810">
    <p class='ocr_par' dir='ltr' id='par_1_31' title="bbox 2072 1716 3645 1810">
     <span class='ocr_line' id='line_1_31' title="bbox 2072 1716 3645 1810; baseline -0.001 -14"><span class='ocrx_word' id='word_1_222' title='bbox 2072 1716 2158 1796; x_wconf 76' lang='lat' dir='ltr'><strong>tra</strong></span> <span class='ocrx_word' id='word_1_223' title='bbox 2187 1716 2472 1794; x_wconf 77' lang='lat' dir='ltr'><strong>veritatem</strong></span> <span class='ocrx_word' id='word_1_224' title='bbox 2506 1738 2611 1807; x_wconf 86' lang='lat' dir='ltr'><strong>ipsi</strong></span> <span class='ocrx_word' id='word_1_225' title='bbox 2671 1753 2702 1791; x_wconf 87' lang='lat' dir='ltr'><strong>a</strong></span> <span class='ocrx_word' id='word_1_226' title='bbox 2763 1738 2922 1792; x_wconf 90' lang='lat' dir='ltr'><strong>nobis</strong></span> <span class='ocrx_word' id='word_1_227' title='bbox 2972 1739 3296 1793; x_wconf 88' lang='lat' dir='ltr'><strong>attributum</strong></span> <span class='ocrx_word' id='word_1_228' title='bbox 3323 1750 3430 1805; x_wconf 90' lang='lat' dir='ltr'><strong>est,</strong></span> <span class='ocrx_word' id='word_1_229' title='bbox 3469 1716 3645 1810; x_wconf 68' lang='lat' dir='ltr'><strong>ipsam</strong></span> 
     </span>
    </p>
   </div>
   <div class='ocr_carea' id='block_1_32' title="bbox 2077 1828 3245 1900">
    <p class='ocr_par' dir='ltr' id='par_1_32' title="bbox 2077 1828 3245 1900">
     <span class='ocr_line' id='line_1_32' title="bbox 2077 1828 3245 1900; baseline 0 -15"><span class='ocrx_word' id='word_1_230' title='bbox 2077 1830 2145 1887; x_wconf 89' lang='lat' dir='ltr'><strong>de</strong></span> <span class='ocrx_word' id='word_1_231' title='bbox 2180 1831 2285 1885; x_wconf 89' lang='lat' dir='ltr'><strong>hoc</strong></span> <span class='ocrx_word' id='word_1_232' title='bbox 2307 1832 2375 1885; x_wconf 93' lang='lat' dir='ltr'><strong>ad</strong></span> <span class='ocrx_word' id='word_1_233' title='bbox 2413 1830 2581 1884; x_wconf 89' lang='lat' dir='ltr'><strong>verba</strong></span> <span class='ocrx_word' id='word_1_234' title='bbox 2623 1828 2916 1885; x_wconf 84' lang='lat' dir='ltr'><strong>dictionem</strong></span> <span class='ocrx_word' id='word_1_235' title='bbox 2952 1846 3245 1900; x_wconf 74' lang='lat' dir='ltr'><strong>exponam.</strong></span> 
     </span>
    </p>
   </div>
   <div class='ocr_carea' id='block_1_33' title="bbox 484 1894 1980 1996">
    <p class='ocr_par' dir='ltr' id='par_1_33' title="bbox 484 1894 1975 1996">
     <span class='ocr_line' id='line_1_33' title="bbox 484 1894 1975 1996; baseline 0 -18"><span class='ocrx_word' id='word_1_236' title='bbox 484 1926 544 1979; x_wconf 85' lang='lat'><strong>&#39;0</strong></span> <span class='ocrx_word' id='word_1_237' title='bbox 567 1894 953 1995; x_wconf 65' lang='grc' dir='ltr'>εὐαγγελιστὴς</span> <span class='ocrx_word' id='word_1_238' title='bbox 978 1962 995 1989; x_wconf 89' lang='grc'><strong>,</strong></span> <span class='ocrx_word' id='word_1_239' title='bbox 1040 1925 1200 1995; x_wconf 74' lang='grc' dir='ltr'>φησὶ,</span> <span class='ocrx_word' id='word_1_240' title='bbox 1228 1924 1461 1987; x_wconf 79' lang='grc' dir='ltr'>Λουκᾶς,</span> <span class='ocrx_word' id='word_1_241' title='bbox 1493 1923 1593 1994; x_wconf 85' lang='grc' dir='ltr'>τὴν</span> <span class='ocrx_word' id='word_1_242' title='bbox 1626 1925 1767 1979; x_wconf 87' lang='grc' dir='ltr'><strong>κατά</strong></span> <span class='ocrx_word' id='word_1_243' title='bbox 1796 1924 1975 1996; x_wconf 83' lang='grc' dir='ltr'>σάρκα</span> 
     </span>
    </p>
   </div>
   <div class='ocr_carea' id='block_1_34' title="bbox 2081 1894 3648 1996">
    <p class='ocr_par' dir='ltr' id='par_1_34' title="bbox 2151 1918 3648 1991">
     <span class='ocr_line' id='line_1_34' title="bbox 2151 1918 3648 1991; baseline 0.001 -18"><span class='ocrx_word' id='word_1_244' title='bbox 2151 1918 2332 1975; x_wconf 91' lang='lat' dir='ltr'><strong>Lucas</strong></span> <span class='ocrx_word' id='word_1_245' title='bbox 2357 1921 2714 1989; x_wconf 79' lang='lat' dir='ltr'><strong>evangelista,</strong></span> <span class='ocrx_word' id='word_1_246' title='bbox 2733 1919 2934 1989; x_wconf 89' lang='lat' dir='ltr'><strong>inquit,</strong></span> <span class='ocrx_word' id='word_1_247' title='bbox 2953 1922 3319 1991; x_wconf 74' lang='lat' dir='ltr'><strong>genealogiam</strong></span> <span class='ocrx_word' id='word_1_248' title='bbox 3348 1920 3648 1977; x_wconf 89' lang='lat' dir='ltr'><strong>secundum</strong></span> 
     </span>
    </p>
   </div>
   <div class='ocr_carea' id='block_1_35' title="bbox 405 2013 1977 2088">
    <p class='ocr_par' dir='ltr' id='par_1_35' title="bbox 405 2013 1977 2088">
     <span class='ocr_line' id='line_1_35' title="bbox 405 2013 1977 2088; baseline 0.001 -21"><span class='ocrx_word' id='word_1_249' title='bbox 405 2013 754 2083; x_wconf 77' lang='grc' dir='ltr'>γενεαλογίαν</span> <span class='ocrx_word' id='word_1_250' title='bbox 810 2014 905 2068; x_wconf 88' lang='grc' dir='ltr'><strong>τοῦ</strong></span> <span class='ocrx_word' id='word_1_251' title='bbox 955 2013 1090 2067; x_wconf 90' lang='grc' dir='ltr'>Θεοῦ</span> <span class='ocrx_word' id='word_1_252' title='bbox 1146 2014 1239 2068; x_wconf 74' lang='grc' dir='ltr'><strong>καὶ</strong></span> <span class='ocrx_word' id='word_1_253' title='bbox 1285 2015 1535 2085; x_wconf 77' lang='grc' dir='ltr'>Σωτῆρος</span> <span class='ocrx_word' id='word_1_254' title='bbox 1581 2015 1737 2085; x_wconf 82' lang='grc' dir='ltr'>ἡμῶν</span> <span class='ocrx_word' id='word_1_255' title='bbox 1803 2015 1977 2088; x_wconf 84' lang='grc' dir='ltr'>Ἰησοῦ</span> 
     </span>
    </p>
   </div>
   <div class='ocr_carea' id='block_1_36' title="bbox 409 2105 1980 2177">
    <p class='ocr_par' dir='ltr' id='par_1_36' title="bbox 409 2105 1980 2177">
     <span class='ocr_line' id='line_1_36' title="bbox 409 2105 1980 2177; baseline 0.004 -20"><span class='ocrx_word' id='word_1_256' title='bbox 409 2105 639 2175; x_wconf 84' lang='grc' dir='ltr'>Χριστοῦ</span> <span class='ocrx_word' id='word_1_257' title='bbox 674 2107 1053 2177; x_wconf 77' lang='grc' dir='ltr'>ἐκτιθέμενος,</span> <span class='ocrx_word' id='word_1_258' title='bbox 1096 2109 1188 2162; x_wconf 82' lang='grc' dir='ltr'><strong>καὶ</strong></span> <span class='ocrx_word' id='word_1_259' title='bbox 1229 2108 1337 2161; x_wconf 87' lang='grc' dir='ltr'><strong>ἀπὸ</strong></span> <span class='ocrx_word' id='word_1_260' title='bbox 1376 2107 1483 2162; x_wconf 83' lang='grc' dir='ltr'><strong>τῶν</strong></span> <span class='ocrx_word' id='word_1_261' title='bbox 1530 2107 1849 2162; x_wconf 84' lang='grc' dir='ltr'>τελευταίων</span> <span class='ocrx_word' id='word_1_262' title='bbox 1887 2110 1980 2163; x_wconf 71' lang='grc' dir='ltr'><strong>ἐπὶ</strong></span> 
     </span>
    </p>
   </div>
   <div class='ocr_carea' id='block_1_37' title="bbox 402 2194 1981 2270">
    <p class='ocr_par' dir='ltr' id='par_1_37' title="bbox 402 2194 1981 2270">
     <span class='ocr_line' id='line_1_37' title="bbox 402 2194 1981 2270; baseline 0.004 -23"><span class='ocrx_word' id='word_1_263' title='bbox 402 2198 529 2258; x_wconf 75' lang='grc' dir='ltr'>τοὺς</span> <span class='ocrx_word' id='word_1_264' title='bbox 563 2194 810 2267; x_wconf 82' lang='grc' dir='ltr'>πρώτους</span> <span class='ocrx_word' id='word_1_265' title='bbox 855 2198 1211 2263; x_wconf 76' lang='grc' dir='ltr'>ἀναποδίζων,</span> <span class='ocrx_word' id='word_1_266' title='bbox 1241 2198 1444 2269; x_wconf 71' lang='grc' dir='ltr'>ἤρξατο</span> <span class='ocrx_word' id='word_1_267' title='bbox 1480 2199 1578 2270; x_wconf 86' lang='grc' dir='ltr'><strong>μὲν</strong></span> <span class='ocrx_word' id='word_1_268' title='bbox 1604 2199 1711 2251; x_wconf 87' lang='grc' dir='ltr'><strong>ἀπὸ</strong></span> <span class='ocrx_word' id='word_1_269' title='bbox 1737 2199 1831 2253; x_wconf 86' lang='grc' dir='ltr'><strong>τοῦ</strong></span> <span class='ocrx_word' id='word_1_270' title='bbox 1870 2200 1981 2254; x_wconf 87' lang='grc' dir='ltr'><strong>Ἰω-</strong></span> 
     </span>
    </p>
   </div>
   <div class='ocr_carea' id='block_1_38' title="bbox 408 2288 1978 2358">
    <p class='ocr_par' dir='ltr' id='par_1_38' title="bbox 408 2288 1978 2358">
     <span class='ocr_line' id='line_1_38' title="bbox 408 2288 1978 2358; baseline 0.003 -18"><span class='ocrx_word' id='word_1_271' title='bbox 408 2289 515 2358; x_wconf 77' lang='grc' dir='ltr'><strong>σήφ</strong></span> <span class='ocrx_word' id='word_1_272' title='bbox 536 2304 551 2318; x_wconf 76' lang='grc'><strong><em>⁸</em></strong></span> <span class='ocrx_word' id='word_1_273' title='bbox 585 2288 753 2343; x_wconf 81' lang='grc' dir='ltr'>εἰπὼν</span> <span class='ocrx_word' id='word_1_274' title='bbox 780 2288 837 2341; x_wconf 84' lang='grc' dir='ltr'>δὲ</span> <span class='ocrx_word' id='word_1_275' title='bbox 861 2290 1049 2343; x_wconf 90' lang='grc' dir='ltr'>τοῦτον</span> <span class='ocrx_word' id='word_1_276' title='bbox 1078 2290 1172 2344; x_wconf 88' lang='grc' dir='ltr'><strong>τοῦ</strong></span> <span class='ocrx_word' id='word_1_277' title='bbox 1212 2291 1382 2355; x_wconf 73' lang='grc' dir='ltr'>Ἠλεὶ,</span> <span class='ocrx_word' id='word_1_278' title='bbox 1424 2290 1515 2343; x_wconf 88' lang='grc' dir='ltr'><strong>τὸν</strong></span> <span class='ocrx_word' id='word_1_279' title='bbox 1547 2291 1603 2343; x_wconf 83' lang='grc' dir='ltr'>δὲ</span> <span class='ocrx_word' id='word_1_280' title='bbox 1640 2291 1733 2343; x_wconf 89' lang='grc' dir='ltr'><strong>τοῦ</strong></span> <span class='ocrx_word' id='word_1_281' title='bbox 1756 2291 1978 2345; x_wconf 71' lang='grc' dir='ltr'>ΙιῘαττάθ</span> 
     </span>
    </p>
   </div>
   <div class='ocr_carea' id='block_1_39' title="bbox 405 2381 1981 2456">
    <p class='ocr_par' dir='ltr' id='par_1_39' title="bbox 405 2381 1981 2456">
     <span class='ocr_line' id='line_1_39' title="bbox 405 2381 1981 2456; baseline 0.004 -23"><span class='ocrx_word' id='word_1_282' title='bbox 405 2382 501 2434; x_wconf 78' lang='grc' dir='ltr'>καὶ</span> <span class='ocrx_word' id='word_1_283' title='bbox 533 2381 674 2435; x_wconf 74' lang='grc' dir='ltr'>οὕτω</span> <span class='ocrx_word' id='word_1_284' title='bbox 708 2382 851 2435; x_wconf 86' lang='grc' dir='ltr'><strong>κατά</strong></span> <span class='ocrx_word' id='word_1_285' title='bbox 882 2383 1145 2437; x_wconf 87' lang='grc' dir='ltr'>ἀνάϐασιν</span> <span class='ocrx_word' id='word_1_286' title='bbox 1172 2384 1306 2453; x_wconf 87' lang='grc' dir='ltr'>πρὸς</span> <span class='ocrx_word' id='word_1_287' title='bbox 1333 2384 1423 2437; x_wconf 87' lang='grc' dir='ltr'><strong>τὸν</strong></span> <span class='ocrx_word' id='word_1_288' title='bbox 1460 2383 1632 2454; x_wconf 79' lang='grc' dir='ltr'>Ἀδὰμ</span> <span class='ocrx_word' id='word_1_289' title='bbox 1655 2384 1755 2454; x_wconf 83' lang='grc' dir='ltr'><strong>τὴν</strong></span> <span class='ocrx_word' id='word_1_290' title='bbox 1782 2385 1981 2456; x_wconf 78' lang='grc' dir='ltr'>ἐξήγη-</span> 
     </span>
    </p>
   </div>
   <div class='ocr_carea' id='block_1_40' title="bbox 408 2470 1976 2543">
    <p class='ocr_par' dir='ltr' id='par_1_40' title="bbox 408 2470 1976 2543">
     <span class='ocr_line' id='line_1_40' title="bbox 408 2470 1976 2543; baseline 0.003 -17"><span class='ocrx_word' id='word_1_291' title='bbox 408 2491 491 2527; x_wconf 75' lang='grc' dir='ltr'><strong>σιν</strong></span> <span class='ocrx_word' id='word_1_292' title='bbox 522 2474 819 2543; x_wconf 80' lang='grc' dir='ltr'>ἐπαγαγὼν</span> <span class='ocrx_word' id='word_1_293' title='bbox 843 2491 856 2505; x_wconf 87' lang='grc'><strong>·</strong></span> <span class='ocrx_word' id='word_1_294' title='bbox 894 2470 1015 2529; x_wconf 79' lang='grc' dir='ltr'>εἶτα</span> <span class='ocrx_word' id='word_1_295' title='bbox 1049 2475 1217 2529; x_wconf 76' lang='grc' dir='ltr'>ἐλθὼν</span> <span class='ocrx_word' id='word_1_296' title='bbox 1249 2477 1343 2530; x_wconf 78' lang='grc' dir='ltr'>ἐπὶ</span> <span class='ocrx_word' id='word_1_297' title='bbox 1374 2478 1500 2540; x_wconf 86' lang='grc' dir='ltr'>τοὺς</span> <span class='ocrx_word' id='word_1_298' title='bbox 1528 2477 1640 2531; x_wconf 80' lang='grc' dir='ltr'><strong>ἀνω</strong></span> <span class='ocrx_word' id='word_1_299' title='bbox 1667 2478 1759 2530; x_wconf 75' lang='grc' dir='ltr'><strong>καὶ</strong></span> <span class='ocrx_word' id='word_1_300' title='bbox 1788 2476 1976 2541; x_wconf 82' lang='grc' dir='ltr'>εἰπὼν,</span> 
     </span>
    </p>
   </div>
   <div class='ocr_carea' id='block_1_41' title="bbox 403 2566 1977 2639">
    <p class='ocr_par' dir='ltr' id='par_1_41' title="bbox 403 2566 1977 2639">
     <span class='ocr_line' id='line_1_41' title="bbox 403 2566 1977 2639; baseline 0.001 -20"><span class='ocrx_word' id='word_1_301' title='bbox 403 2566 483 2619; x_wconf 81' lang='grc' dir='ltr'>ὃτι</span> <span class='ocrx_word' id='word_1_302' title='bbox 522 2566 578 2619; x_wconf 88' lang='grc' dir='ltr'>Ὀ</span> <span class='ocrx_word' id='word_1_303' title='bbox 612 2566 718 2639; x_wconf 85' lang='grc' dir='ltr'><strong>Σήθ</strong></span> <span class='ocrx_word' id='word_1_304' title='bbox 768 2569 832 2621; x_wconf 81' lang='grc' dir='ltr'>ἐκ</span> <span class='ocrx_word' id='word_1_305' title='bbox 866 2568 961 2622; x_wconf 87' lang='grc' dir='ltr'><strong>τοῦ</strong></span> <span class='ocrx_word' id='word_1_306' title='bbox 1010 2566 1212 2637; x_wconf 79' lang='grc' dir='ltr'>’Δδάμ”</span> <span class='ocrx_word' id='word_1_307' title='bbox 1245 2569 1273 2621; x_wconf 91' lang='lat'><strong>6</strong></span> <span class='ocrx_word' id='word_1_308' title='bbox 1297 2568 1355 2621; x_wconf 84' lang='grc' dir='ltr'>δὲ</span> <span class='ocrx_word' id='word_1_309' title='bbox 1396 2566 1568 2638; x_wconf 83' lang='grc' dir='ltr'>Ἀδὰμ</span> <span class='ocrx_word' id='word_1_310' title='bbox 1599 2570 1663 2620; x_wconf 83' lang='grc' dir='ltr'>ἐκ</span> <span class='ocrx_word' id='word_1_311' title='bbox 1695 2567 1789 2620; x_wconf 89' lang='grc' dir='ltr'><strong>τοῦ</strong></span> <span class='ocrx_word' id='word_1_312' title='bbox 1821 2568 1977 2635; x_wconf 86' lang='grc' dir='ltr'>Θεοῦ,</span> 
     </span>
    </p>
   </div>
   <div class='ocr_carea' id='block_1_42' title="bbox 405 2655 1982 2733">
    <p class='ocr_par' dir='ltr' id='par_1_42' title="bbox 405 2655 1982 2733">
     <span class='ocr_line' id='line_1_42' title="bbox 405 2655 1982 2733; baseline 0.001 -23"><span class='ocrx_word' id='word_1_313' title='bbox 405 2659 639 2714; x_wconf 74' lang='grc' dir='ltr'>ἐνταῦθα</span> <span class='ocrx_word' id='word_1_314' title='bbox 679 2661 781 2731; x_wconf 80' lang='grc' dir='ltr'>τῆς</span> <span class='ocrx_word' id='word_1_315' title='bbox 828 2659 1142 2723; x_wconf 87' lang='grc' dir='ltr'>ἀναϐάσεως</span> <span class='ocrx_word' id='word_1_316' title='bbox 1178 2658 1384 2729; x_wconf 80' lang='grc' dir='ltr'>ἔληξεν.</span> <span class='ocrx_word' id='word_1_317' title='bbox 1415 2659 1625 2733; x_wconf 81' lang='grc' dir='ltr'>Ὠσπερ</span> <span class='ocrx_word' id='word_1_318' title='bbox 1653 2655 1745 2713; x_wconf 81' lang='grc' dir='ltr'>οὖν</span> <span class='ocrx_word' id='word_1_319' title='bbox 1777 2662 1982 2724; x_wconf 77' lang='grc' dir='ltr'>ἐκεῖνος</span> 
     </span>
    </p>
   </div>
   <div class='ocr_carea' id='block_1_43' title="bbox 404 2747 1979 2825">
    <p class='ocr_par' dir='ltr' id='par_1_43' title="bbox 404 2747 1979 2825">
     <span class='ocr_line' id='line_1_43' title="bbox 404 2747 1979 2825; baseline 0.002 -22"><span class='ocrx_word' id='word_1_320' title='bbox 404 2747 579 2819; x_wconf 83' lang='grc' dir='ltr'>εἶπεν,</span> <span class='ocrx_word' id='word_1_321' title='bbox 608 2755 689 2807; x_wconf 79' lang='grc' dir='ltr'>ὅτι</span> <span class='ocrx_word' id='word_1_322' title='bbox 721 2755 749 2806; x_wconf 93' lang='lat'><strong>6</strong></span> <span class='ocrx_word' id='word_1_323' title='bbox 787 2752 957 2823; x_wconf 78' lang='grc' dir='ltr'>Ἀδὰμ</span> <span class='ocrx_word' id='word_1_324' title='bbox 983 2754 1049 2806; x_wconf 79' lang='grc' dir='ltr'>ὲκ</span> <span class='ocrx_word' id='word_1_325' title='bbox 1082 2752 1176 2805; x_wconf 87' lang='grc' dir='ltr'><strong>τοῦ</strong></span> <span class='ocrx_word' id='word_1_326' title='bbox 1202 2752 1360 2816; x_wconf 89' lang='grc' dir='ltr'>Θεοῦ,</span> <span class='ocrx_word' id='word_1_327' title='bbox 1390 2755 1551 2824; x_wconf 79' lang='grc' dir='ltr'>ἡμεῖς</span> <span class='ocrx_word' id='word_1_328' title='bbox 1580 2752 1741 2807; x_wconf 86' lang='grc' dir='ltr'>αὑτὸν</span> <span class='ocrx_word' id='word_1_329' title='bbox 1773 2754 1979 2825; x_wconf 78' lang='grc' dir='ltr'>ἐρωτή-</span> 
     </span>
    </p>
   </div>
   <div class='ocr_carea' id='block_1_44' title="bbox 405 2837 1980 2913">
    <p class='ocr_par' dir='ltr' id='par_1_44' title="bbox 405 2837 1980 2913">
     <span class='ocr_line' id='line_1_44' title="bbox 405 2837 1980 2913; baseline 0.001 -20"><span class='ocrx_word' id='word_1_330' title='bbox 405 2856 592 2911; x_wconf 86' lang='grc' dir='ltr'>σομεν·</span> <span class='ocrx_word' id='word_1_331' title='bbox 621 2841 680 2913; x_wconf 79' lang='grc' dir='ltr'>Ὀ</span> <span class='ocrx_word' id='word_1_332' title='bbox 703 2842 759 2896; x_wconf 84' lang='grc' dir='ltr'>δὲ</span> <span class='ocrx_word' id='word_1_333' title='bbox 776 2841 904 2905; x_wconf 86' lang='grc' dir='ltr'>Θεὸς</span> <span class='ocrx_word' id='word_1_334' title='bbox 929 2844 994 2896; x_wconf 85' lang='grc' dir='ltr'>ἐκ</span> <span class='ocrx_word' id='word_1_335' title='bbox 1021 2841 1165 2906; x_wconf 85' lang='grc' dir='ltr'>τίνος</span> <span class='ocrx_word' id='word_1_336' title='bbox 1189 2860 1205 2910; x_wconf 86' lang='lat'><strong>;</strong></span> <span class='ocrx_word' id='word_1_337' title='bbox 1237 2837 1364 2912; x_wconf 66' lang='grc' dir='ltr'>Ἆρ’</span> <span class='ocrx_word' id='word_1_338' title='bbox 1401 2843 1519 2913; x_wconf 77' lang='grc' dir='ltr'>ούχὶ</span> <span class='ocrx_word' id='word_1_339' title='bbox 1547 2842 1835 2913; x_wconf 86' lang='grc' dir='ltr'>πρόχειρόν</span> <span class='ocrx_word' id='word_1_340' title='bbox 1864 2843 1980 2895; x_wconf 76' lang='grc' dir='ltr'>ἐστι</span> 
     </span>
    </p>
   </div>
   <div class='ocr_carea' id='block_1_45' title="bbox 405 2932 1981 3005">
    <p class='ocr_par' dir='ltr' id='par_1_45' title="bbox 405 2932 1981 3005">
     <span class='ocr_line' id='line_1_45' title="bbox 405 2932 1981 3005; baseline 0 -19"><span class='ocrx_word' id='word_1_341' title='bbox 405 2937 471 3005; x_wconf 80' lang='grc' dir='ltr'>τῇ</span> <span class='ocrx_word' id='word_1_342' title='bbox 489 2933 717 2987; x_wconf 80' lang='grc' dir='ltr'>ἑκάστου</span> <span class='ocrx_word' id='word_1_343' title='bbox 738 2934 943 3005; x_wconf 78' lang='grc' dir='ltr'>διανοίᾳ</span> <span class='ocrx_word' id='word_1_344' title='bbox 965 2935 1046 2989; x_wconf 80' lang='grc' dir='ltr'><strong>ὅτι</strong></span> <span class='ocrx_word' id='word_1_345' title='bbox 1071 2934 1131 3000; x_wconf 77' lang='grc' dir='ltr'>ἐξ</span> <span class='ocrx_word' id='word_1_346' title='bbox 1152 2934 1364 2998; x_wconf 81' lang='grc' dir='ltr'>οὐδενός</span> <span class='ocrx_word' id='word_1_347' title='bbox 1386 2951 1402 3001; x_wconf 84' lang='lat'><strong>;</strong></span> <span class='ocrx_word' id='word_1_348' title='bbox 1429 2933 1493 2986; x_wconf 87' lang='grc' dir='ltr'><strong>τὸ</strong></span> <span class='ocrx_word' id='word_1_349' title='bbox 1518 2932 1575 2987; x_wconf 82' lang='grc' dir='ltr'><strong>δὲ</strong></span> <span class='ocrx_word' id='word_1_350' title='bbox 1601 2933 1657 2999; x_wconf 77' lang='grc' dir='ltr'>ἐξ</span> <span class='ocrx_word' id='word_1_351' title='bbox 1686 2934 1896 2998; x_wconf 79' lang='grc' dir='ltr'>οὐδενὸς</span> <span class='ocrx_word' id='word_1_352' title='bbox 1921 2933 1981 2989; x_wconf 90' lang='grc' dir='ltr'><strong>τὸ</strong></span> 
     </span>
    </p>
   </div>
   <div class='ocr_carea' id='block_1_46' title="bbox 404 3022 1978 3095">
    <p class='ocr_par' dir='ltr' id='par_1_46' title="bbox 404 3022 1978 3095">
     <span class='ocr_line' id='line_1_46' title="bbox 404 3022 1978 3095; baseline 0.001 -17"><span class='ocrx_word' id='word_1_353' title='bbox 404 3022 639 3095; x_wconf 79' lang='grc' dir='ltr'>ἀναρχόν</span> <span class='ocrx_word' id='word_1_354' title='bbox 664 3026 784 3077; x_wconf 82' lang='grc' dir='ltr'>ἐστι</span> <span class='ocrx_word' id='word_1_355' title='bbox 806 3023 1045 3094; x_wconf 85' lang='grc' dir='ltr'>δηλονότι</span> <span class='ocrx_word' id='word_1_356' title='bbox 1073 3042 1090 3057; x_wconf 75' lang='grc' dir='ltr'><strong><em>ο</em></strong></span> <span class='ocrx_word' id='word_1_357' title='bbox 1120 3024 1181 3076; x_wconf 93' lang='grc' dir='ltr'><strong>τὸ</strong></span> <span class='ocrx_word' id='word_1_358' title='bbox 1210 3024 1265 3077; x_wconf 85' lang='grc' dir='ltr'>δὲ</span> <span class='ocrx_word' id='word_1_359' title='bbox 1296 3022 1558 3094; x_wconf 80' lang='grc' dir='ltr'>ἄναρχον,</span> <span class='ocrx_word' id='word_1_360' title='bbox 1583 3022 1643 3077; x_wconf 89' lang='grc' dir='ltr'><strong>τὸ</strong></span> <span class='ocrx_word' id='word_1_361' title='bbox 1668 3023 1978 3093; x_wconf 77' lang='grc' dir='ltr'>ἀγέννητον.</span> 
     </span>
    </p>
   </div>
   <div class='ocr_carea' id='block_1_47' title="bbox 416 3111 1980 3187">
    <p class='ocr_par' dir='ltr' id='par_1_47' title="bbox 416 3111 1980 3187">
     <span class='ocr_line' id='line_1_47' title="bbox 416 3111 1980 3187; baseline -0.002 -17"><span class='ocrx_word' id='word_1_362' title='bbox 416 3118 506 3181; x_wconf 84' lang='grc' dir='ltr'>Ὠς</span> <span class='ocrx_word' id='word_1_363' title='bbox 535 3111 626 3171; x_wconf 83' lang='grc' dir='ltr'><strong>οὖν</strong></span> <span class='ocrx_word' id='word_1_364' title='bbox 656 3116 749 3169; x_wconf 73' lang='grc' dir='ltr'>ἐπὶ</span> <span class='ocrx_word' id='word_1_365' title='bbox 788 3115 897 3169; x_wconf 83' lang='grc' dir='ltr'><strong>τῶν</strong></span> <span class='ocrx_word' id='word_1_366' title='bbox 927 3114 1229 3187; x_wconf 83' lang='grc' dir='ltr'>ἀνθρώπων</span> <span class='ocrx_word' id='word_1_367' title='bbox 1258 3114 1413 3168; x_wconf 81' lang='grc' dir='ltr'>οὐσία</span> <span class='ocrx_word' id='word_1_368' title='bbox 1439 3113 1500 3166; x_wconf 87' lang='grc' dir='ltr'><strong>τὸ</strong></span> <span class='ocrx_word' id='word_1_369' title='bbox 1522 3112 1584 3167; x_wconf 79' lang='grc' dir='ltr'>ἐκ</span> <span class='ocrx_word' id='word_1_370' title='bbox 1606 3130 1779 3177; x_wconf 90' lang='grc' dir='ltr'>τινος,</span> <span class='ocrx_word' id='word_1_371' title='bbox 1810 3114 1980 3177; x_wconf 76' lang='grc' dir='ltr'>οὕτως</span> 
     </span>
    </p>
   </div>
   <div class='ocr_carea' id='block_1_48' title="bbox 2078 2010 3647 2085">
    <p class='ocr_par' dir='ltr' id='par_1_48' title="bbox 2078 2010 3647 2085">
     <span class='ocr_line' id='line_1_48' title="bbox 2078 2010 3647 2085; baseline 0.003 -20"><span class='ocrx_word' id='word_1_372' title='bbox 2078 2026 2300 2066; x_wconf 89' lang='lat' dir='ltr'><strong>carnem</strong></span> <span class='ocrx_word' id='word_1_373' title='bbox 2332 2011 2424 2067; x_wconf 89' lang='lat' dir='ltr'><strong>Dei</strong></span> <span class='ocrx_word' id='word_1_374' title='bbox 2457 2021 2511 2065; x_wconf 89' lang='lat' dir='ltr'><strong>et</strong></span> <span class='ocrx_word' id='word_1_375' title='bbox 2542 2011 2850 2067; x_wconf 85' lang='lat' dir='ltr'><strong>Servatoris</strong></span> <span class='ocrx_word' id='word_1_376' title='bbox 2879 2014 3051 2067; x_wconf 83' lang='lat' dir='ltr'><strong>nostri</strong></span> <span class='ocrx_word' id='word_1_377' title='bbox 3092 2010 3218 2067; x_wconf 82' lang='lat' dir='ltr'><strong>Jesu</strong></span> <span class='ocrx_word' id='word_1_378' title='bbox 3242 2012 3447 2070; x_wconf 87' lang='lat' dir='ltr'><strong>Christi</strong></span> <span class='ocrx_word' id='word_1_379' title='bbox 3479 2030 3647 2085; x_wconf 67' lang='lat' dir='ltr'><strong>espo-</strong></span> 
     </span>
    </p>
   </div>
   <div class='ocr_carea' id='block_1_49' title="bbox 2078 2105 3650 2175">
    <p class='ocr_par' dir='ltr' id='par_1_49' title="bbox 2078 2105 3650 2175">
     <span class='ocr_line' id='line_1_49' title="bbox 2078 2105 3650 2175; baseline 0.003 -16"><span class='ocrx_word' id='word_1_380' title='bbox 2078 2121 2237 2169; x_wconf 88' lang='lat' dir='ltr'><strong>nens,</strong></span> <span class='ocrx_word' id='word_1_381' title='bbox 2270 2113 2325 2160; x_wconf 90' lang='lat' dir='ltr'><strong>et</strong></span> <span class='ocrx_word' id='word_1_382' title='bbox 2359 2121 2389 2158; x_wconf 88' lang='lat' dir='ltr'><strong>a</strong></span> <span class='ocrx_word' id='word_1_383' title='bbox 2418 2107 2711 2173; x_wconf 86' lang='lat' dir='ltr'><strong>postremis</strong></span> <span class='ocrx_word' id='word_1_384' title='bbox 2750 2107 2816 2160; x_wconf 89' lang='lat' dir='ltr'><strong>ad</strong></span> <span class='ocrx_word' id='word_1_385' title='bbox 2850 2105 3089 2175; x_wconf 89' lang='lat' dir='ltr'><strong>primttm</strong></span> <span class='ocrx_word' id='word_1_386' title='bbox 3119 2107 3383 2173; x_wconf 89' lang='lat' dir='ltr'><strong>repedans</strong></span> <span class='ocrx_word' id='word_1_387' title='bbox 3412 2108 3527 2163; x_wconf 88' lang='lat' dir='ltr'><strong>sive</strong></span> <span class='ocrx_word' id='word_1_388' title='bbox 3560 2124 3650 2163; x_wconf 85' lang='lat' dir='ltr'><strong>re-</strong></span> 
     </span>
    </p>
   </div>
   <div class='ocr_carea' id='block_1_50' title="bbox 2081 2195 3653 2268">
    <p class='ocr_par' dir='ltr' id='par_1_50' title="bbox 2081 2195 3653 2268">
     <span class='ocr_line' id='line_1_50' title="bbox 2081 2195 3653 2268; baseline 0.004 -20"><span class='ocrx_word' id='word_1_389' title='bbox 2081 2197 2441 2265; x_wconf 90' lang='lat' dir='ltr'><strong>trogrediens,</strong></span> <span class='ocrx_word' id='word_1_390' title='bbox 2477 2213 2509 2251; x_wconf 89' lang='lat' dir='ltr'><strong>a</strong></span> <span class='ocrx_word' id='word_1_391' title='bbox 2539 2195 2781 2266; x_wconf 83' lang='lat' dir='ltr'><strong>Josepbo</strong></span> <span class='ocrx_word' id='word_1_392' title='bbox 2818 2196 3041 2268; x_wconf 84' lang='lat' dir='ltr'><strong>quidem</strong></span> <span class='ocrx_word' id='word_1_393' title='bbox 3076 2212 3236 2252; x_wconf 86' lang='lat' dir='ltr'><strong>orsus</strong></span> <span class='ocrx_word' id='word_1_394' title='bbox 3258 2207 3379 2253; x_wconf 88' lang='lat' dir='ltr'><strong>est:</strong></span> <span class='ocrx_word' id='word_1_395' title='bbox 3420 2216 3544 2255; x_wconf 91' lang='lat' dir='ltr'><strong>cum</strong></span> <span class='ocrx_word' id='word_1_396' title='bbox 3568 2200 3653 2256; x_wconf 90' lang='lat' dir='ltr'><strong>di-</strong></span> 
     </span>
    </p>
   </div>
   <div class='ocr_carea' id='block_1_51' title="bbox 2081 2287 3654 2366">
    <p class='ocr_par' dir='ltr' id='par_1_51' title="bbox 2081 2287 3654 2366">
     <span class='ocr_line' id='line_1_51' title="bbox 2081 2287 3654 2366; baseline 0.004 -25"><span class='ocrx_word' id='word_1_397' title='bbox 2081 2288 2252 2342; x_wconf 81' lang='lat' dir='ltr'><strong>xisset</strong></span> <span class='ocrx_word' id='word_1_398' title='bbox 2275 2298 2455 2343; x_wconf 82' lang='lat' dir='ltr'><strong>autent</strong></span> <span class='ocrx_word' id='word_1_399' title='bbox 2488 2289 2640 2343; x_wconf 89' lang='lat' dir='ltr'><strong>hunc</strong></span> <span class='ocrx_word' id='word_1_400' title='bbox 2670 2287 2822 2353; x_wconf 82' lang='lat' dir='ltr'><strong>lleli,</strong></span> <span class='ocrx_word' id='word_1_401' title='bbox 2858 2297 2911 2343; x_wconf 86' lang='lat' dir='ltr'><strong>et</strong></span> <span class='ocrx_word' id='word_1_402' title='bbox 2945 2290 3089 2343; x_wconf 92' lang='lat' dir='ltr'><strong>hunc</strong></span> <span class='ocrx_word' id='word_1_403' title='bbox 3115 2290 3360 2359; x_wconf 84' lang='lat' dir='ltr'><strong>Mattath,</strong></span> <span class='ocrx_word' id='word_1_404' title='bbox 3393 2303 3445 2347; x_wconf 90' lang='lat' dir='ltr'><strong>et</strong></span> <span class='ocrx_word' id='word_1_405' title='bbox 3466 2294 3654 2366; x_wconf 84' lang='lat' dir='ltr'><strong>sieper</strong></span> 
     </span>
    </p>
   </div>
   <div class='ocr_carea' id='block_1_52' title="bbox 2080 2379 3654 2449">
    <p class='ocr_par' dir='ltr' id='par_1_52' title="bbox 2080 2379 3654 2449">
     <span class='ocr_line' id='line_1_52' title="bbox 2080 2379 3654 2449; baseline 0.006 -16"><span class='ocrx_word' id='word_1_406' title='bbox 2080 2394 2367 2434; x_wconf 88' lang='lat' dir='ltr'><strong>ascensum</strong></span> <span class='ocrx_word' id='word_1_407' title='bbox 2386 2380 2454 2436; x_wconf 92' lang='lat' dir='ltr'><strong>ad</strong></span> <span class='ocrx_word' id='word_1_408' title='bbox 2469 2379 2735 2435; x_wconf 86' lang='lat' dir='ltr'><strong>Adamum</strong></span> <span class='ocrx_word' id='word_1_409' title='bbox 2758 2383 3125 2437; x_wconf 88' lang='lat' dir='ltr'><strong>narrationem</strong></span> <span class='ocrx_word' id='word_1_410' title='bbox 3140 2383 3442 2449; x_wconf 89' lang='lat' dir='ltr'><strong>adducens,</strong></span> <span class='ocrx_word' id='word_1_411' title='bbox 3457 2387 3654 2442; x_wconf 88' lang='lat' dir='ltr'><strong>deinde</strong></span> 
     </span>
    </p>
   </div>
   <div class='ocr_carea' id='block_1_53' title="bbox 2080 2472 3648 2537">
    <p class='ocr_par' dir='ltr' id='par_1_53' title="bbox 2080 2472 3648 2537">
     <span class='ocr_line' id='line_1_53' title="bbox 2080 2472 3648 2537; baseline 0.005 -12"><span class='ocrx_word' id='word_1_412' title='bbox 2080 2486 2204 2525; x_wconf 88' lang='lat' dir='ltr'><strong>cum</strong></span> <span class='ocrx_word' id='word_1_413' title='bbox 2239 2474 2477 2526; x_wconf 86' lang='lat' dir='ltr'><strong>venisset</strong></span> <span class='ocrx_word' id='word_1_414' title='bbox 2507 2472 2573 2525; x_wconf 84' lang='lat' dir='ltr'><strong>ad</strong></span> <span class='ocrx_word' id='word_1_415' title='bbox 2614 2487 2894 2537; x_wconf 89' lang='lat' dir='ltr'><strong>summos,</strong></span> <span class='ocrx_word' id='word_1_416' title='bbox 2934 2481 2989 2527; x_wconf 85' lang='lat' dir='ltr'><strong>et</strong></span> <span class='ocrx_word' id='word_1_417' title='bbox 3039 2474 3268 2531; x_wconf 80' lang='lat' dir='ltr'><strong>dixisset</strong></span> <span class='ocrx_word' id='word_1_418' title='bbox 3315 2475 3540 2531; x_wconf 83' lang='lat' dir='ltr'><strong>Setbum</strong></span> <span class='ocrx_word' id='word_1_419' title='bbox 3585 2494 3648 2533; x_wconf 81' lang='lat' dir='ltr'><strong>ex</strong></span> 
     </span>
    </p>
   </div>
   <div class='ocr_carea' id='block_1_54' title="bbox 2079 2562 3647 2632">
    <p class='ocr_par' dir='ltr' id='par_1_54' title="bbox 2079 2562 3647 2632">
     <span class='ocr_line' id='line_1_54' title="bbox 2079 2562 3647 2632; baseline 0.007 -17"><span class='ocrx_word' id='word_1_420' title='bbox 2079 2562 2310 2629; x_wconf 82' lang='lat' dir='ltr'><strong>Adamn,</strong></span> <span class='ocrx_word' id='word_1_421' title='bbox 2348 2562 2524 2632; x_wconf 88' lang='lat' dir='ltr'><strong>ipsum</strong></span> <span class='ocrx_word' id='word_1_422' title='bbox 2567 2570 2747 2619; x_wconf 88' lang='lat' dir='ltr'><strong>autem</strong></span> <span class='ocrx_word' id='word_1_423' title='bbox 2774 2565 3043 2619; x_wconf 86' lang='lat' dir='ltr'><strong>Adamum</strong></span> <span class='ocrx_word' id='word_1_424' title='bbox 3080 2582 3147 2622; x_wconf 81' lang='lat' dir='ltr'><strong>ex</strong></span> <span class='ocrx_word' id='word_1_425' title='bbox 3183 2567 3312 2631; x_wconf 89' lang='lat' dir='ltr'><strong>Deo,</strong></span> <span class='ocrx_word' id='word_1_426' title='bbox 3337 2569 3424 2623; x_wconf 90' lang='lat' dir='ltr'><strong>hic</strong></span> <span class='ocrx_word' id='word_1_427' title='bbox 3451 2585 3647 2626; x_wconf 86' lang='lat' dir='ltr'><strong>ascen-</strong></span> 
     </span>
    </p>
   </div>
   <div class='ocr_carea' id='block_1_55' title="bbox 2080 2654 3648 2730">
    <p class='ocr_par' dir='ltr' id='par_1_55' title="bbox 2080 2654 3648 2730">
     <span class='ocr_line' id='line_1_55' title="bbox 2080 2654 3648 2730; baseline 0.007 -23"><span class='ocrx_word' id='word_1_428' title='bbox 2080 2654 2241 2708; x_wconf 86' lang='lat' dir='ltr'><strong>dendi</strong></span> <span class='ocrx_word' id='word_1_429' title='bbox 2269 2655 2428 2708; x_wconf 80' lang='lat' dir='ltr'><strong>linem</strong></span> <span class='ocrx_word' id='word_1_430' title='bbox 2458 2654 2603 2710; x_wconf 85' lang='lat' dir='ltr'><strong>fecit.</strong></span> <span class='ocrx_word' id='word_1_431' title='bbox 2643 2656 3118 2721; x_wconf 87' lang='lat' dir='ltr'><strong>Quemadmodum</strong></span> <span class='ocrx_word' id='word_1_432' title='bbox 3164 2659 3329 2730; x_wconf 81' lang='lat' dir='ltr'><strong>igitur</strong></span> <span class='ocrx_word' id='word_1_433' title='bbox 3372 2660 3462 2716; x_wconf 90' lang='lat' dir='ltr'><strong>ille</strong></span> <span class='ocrx_word' id='word_1_434' title='bbox 3491 2662 3648 2728; x_wconf 77' lang='lat' dir='ltr'><strong>dixit,</strong></span> 
     </span>
    </p>
   </div>
   <div class='ocr_carea' id='block_1_56' title="bbox 2079 2744 3649 2825">
    <p class='ocr_par' dir='ltr' id='par_1_56' title="bbox 2079 2744 3649 2825">
     <span class='ocr_line' id='line_1_56' title="bbox 2079 2744 3649 2825; baseline 0.008 -26"><span class='ocrx_word' id='word_1_435' title='bbox 2079 2746 2347 2799; x_wconf 86' lang='lat' dir='ltr'><strong>Adamum</strong></span> <span class='ocrx_word' id='word_1_436' title='bbox 2377 2762 2444 2800; x_wconf 77' lang='lat' dir='ltr'><strong>ex</strong></span> <span class='ocrx_word' id='word_1_437' title='bbox 2474 2744 2604 2810; x_wconf 92' lang='lat' dir='ltr'><strong>Deo,</strong></span> <span class='ocrx_word' id='word_1_438' title='bbox 2641 2762 2741 2801; x_wconf 91' lang='lat' dir='ltr'><strong>nos</strong></span> <span class='ocrx_word' id='word_1_439' title='bbox 2770 2747 2948 2817; x_wconf 90' lang='lat' dir='ltr'><strong>ipsum</strong></span> <span class='ocrx_word' id='word_1_440' title='bbox 2997 2749 3480 2821; x_wconf 87' lang='lat' dir='ltr'><strong>interrogabimus,</strong></span> <span class='ocrx_word' id='word_1_441' title='bbox 3526 2754 3649 2825; x_wconf 90' lang='lat' dir='ltr'><strong>Ipse</strong></span> 
     </span>
    </p>
   </div>
   <div class='ocr_carea' id='block_1_57' title="bbox 2081 2836 3652 2915">
    <p class='ocr_par' dir='ltr' id='par_1_57' title="bbox 2081 2836 3652 2915">
     <span class='ocr_line' id='line_1_57' title="bbox 2081 2836 3652 2915; baseline 0.004 -23"><span class='ocrx_word' id='word_1_442' title='bbox 2081 2852 2209 2892; x_wconf 89' lang='lat' dir='ltr'><strong>vero</strong></span> <span class='ocrx_word' id='word_1_443' title='bbox 2244 2836 2384 2890; x_wconf 87' lang='lat' dir='ltr'><strong>Dens</strong></span> <span class='ocrx_word' id='word_1_444' title='bbox 2420 2852 2483 2890; x_wconf 79' lang='lat' dir='ltr'><strong>ex</strong></span> <span class='ocrx_word' id='word_1_445' title='bbox 2512 2838 2655 2906; x_wconf 89' lang='lat' dir='ltr'><strong>quo?</strong></span> <span class='ocrx_word' id='word_1_446' title='bbox 2682 2837 2882 2892; x_wconf 82' lang='lat' dir='ltr'><strong>Annon</strong></span> <span class='ocrx_word' id='word_1_447' title='bbox 2930 2848 3242 2910; x_wconf 90' lang='lat' dir='ltr'><strong>promptum</strong></span> <span class='ocrx_word' id='word_1_448' title='bbox 3268 2848 3356 2897; x_wconf 88' lang='lat' dir='ltr'><strong>est</strong></span> <span class='ocrx_word' id='word_1_449' title='bbox 3382 2844 3652 2915; x_wconf 87' lang='lat' dir='ltr'><strong>cujusque</strong></span> 
     </span>
    </p>
   </div>
   <div class='ocr_carea' id='block_1_58' title="bbox 2080 2927 3643 2997">
    <p class='ocr_par' dir='ltr' id='par_1_58' title="bbox 2080 2927 3643 2997">
     <span class='ocr_line' id='line_1_58' title="bbox 2080 2927 3643 2997; baseline 0.007 -17"><span class='ocrx_word' id='word_1_450' title='bbox 2080 2927 2392 2997; x_wconf 86' lang='lat' dir='ltr'><strong>cogitationi</strong></span> <span class='ocrx_word' id='word_1_451' title='bbox 2436 2927 2577 2996; x_wconf 90' lang='lat' dir='ltr'><strong>quod</strong></span> <span class='ocrx_word' id='word_1_452' title='bbox 2635 2943 2697 2982; x_wconf 83' lang='lat' dir='ltr'><strong>ex</strong></span> <span class='ocrx_word' id='word_1_453' title='bbox 2734 2928 2923 2983; x_wconf 87' lang='lat' dir='ltr'><strong>nullo?</strong></span> <span class='ocrx_word' id='word_1_454' title='bbox 2954 2929 3110 2995; x_wconf 85' lang='lat' dir='ltr'><strong>Quod</strong></span> <span class='ocrx_word' id='word_1_455' title='bbox 3154 2940 3337 2987; x_wconf 90' lang='lat' dir='ltr'><strong>autem</strong></span> <span class='ocrx_word' id='word_1_456' title='bbox 3392 2949 3457 2989; x_wconf 78' lang='lat' dir='ltr'><strong>ex</strong></span> <span class='ocrx_word' id='word_1_457' title='bbox 3490 2937 3643 2991; x_wconf 89' lang='lat' dir='ltr'><strong>nullo</strong></span> 
     </span>
    </p>
   </div>
   <div class='ocr_carea' id='block_1_59' title="bbox 2081 3015 3654 3096">
    <p class='ocr_par' dir='ltr' id='par_1_59' title="bbox 2081 3015 3654 3096">
     <span class='ocr_line' id='line_1_59' title="bbox 2081 3015 3654 3096; baseline 0.006 -24"><span class='ocrx_word' id='word_1_458' title='bbox 2081 3025 2182 3080; x_wconf 88' lang='lat' dir='ltr'><strong>est,</strong></span> <span class='ocrx_word' id='word_1_459' title='bbox 2216 3017 2269 3070; x_wconf 90' lang='lat' dir='ltr'><strong>id</strong></span> <span class='ocrx_word' id='word_1_460' title='bbox 2300 3015 2549 3071; x_wconf 87' lang='lat' dir='ltr'><strong>videlicet</strong></span> <span class='ocrx_word' id='word_1_461' title='bbox 2582 3016 2834 3086; x_wconf 82' lang='lat' dir='ltr'><strong>principii</strong></span> <span class='ocrx_word' id='word_1_462' title='bbox 2859 3033 3076 3087; x_wconf 78' lang='lat' dir='ltr'><strong>expers.</strong></span> <span class='ocrx_word' id='word_1_463' title='bbox 3110 3018 3267 3085; x_wconf 85' lang='lat' dir='ltr'><strong>Quod</strong></span> <span class='ocrx_word' id='word_1_464' title='bbox 3289 3034 3470 3078; x_wconf 89' lang='lat' dir='ltr'><strong>autem</strong></span> <span class='ocrx_word' id='word_1_465' title='bbox 3502 3027 3654 3096; x_wconf 89' lang='lat' dir='ltr'><strong>prin-</strong></span> 
     </span>
    </p>
   </div>
   <div class='ocr_carea' id='block_1_60' title="bbox 2082 3108 3654 3182">
    <p class='ocr_par' dir='ltr' id='par_1_60' title="bbox 2082 3108 3654 3182">
     <span class='ocr_line' id='line_1_60' title="bbox 2082 3108 3654 3182; baseline 0.008 -19"><span class='ocrx_word' id='word_1_466' title='bbox 2082 3110 2207 3179; x_wconf 83' lang='lat' dir='ltr'><strong>cipii</strong></span> <span class='ocrx_word' id='word_1_467' title='bbox 2239 3124 2456 3181; x_wconf 79' lang='lat' dir='ltr'><strong>expers,</strong></span> <span class='ocrx_word' id='word_1_468' title='bbox 2494 3108 2791 3179; x_wconf 87' lang='lat' dir='ltr'><strong>ingenitum</strong></span> <span class='ocrx_word' id='word_1_469' title='bbox 2817 3118 2901 3165; x_wconf 88' lang='lat' dir='ltr'><strong>est</strong></span> <span class='ocrx_word' id='word_1_470' title='bbox 2929 3129 2942 3165; x_wconf 92' lang='lat'><strong>:</strong></span> <span class='ocrx_word' id='word_1_471' title='bbox 2977 3122 3036 3164; x_wconf 90' lang='lat' dir='ltr'><strong>ut</strong></span> <span class='ocrx_word' id='word_1_472' title='bbox 3060 3111 3228 3182; x_wconf 90' lang='lat' dir='ltr'><strong>igitur</strong></span> <span class='ocrx_word' id='word_1_473' title='bbox 3256 3114 3309 3168; x_wconf 93' lang='lat' dir='ltr'><strong>in</strong></span> <span class='ocrx_word' id='word_1_474' title='bbox 3335 3115 3654 3176; x_wconf 86' lang='lat' dir='ltr'><strong>hominibus</strong></span> 
     </span>
    </p>
   </div>
   <div class='ocr_carea' id='block_1_61' title="bbox 402 3201 1980 3306">
    <p class='ocr_par' dir='ltr' id='par_1_61' title="bbox 402 3207 1980 3273">
     <span class='ocr_line' id='line_1_61' title="bbox 402 3207 1980 3273; baseline -0.001 -10"><span class='ocrx_word' id='word_1_475' title='bbox 402 3209 523 3263; x_wconf 78' lang='grc' dir='ltr'>οὐδὲ</span> <span class='ocrx_word' id='word_1_476' title='bbox 552 3209 647 3263; x_wconf 75' lang='grc' dir='ltr'><strong>ἐπὶ</strong></span> <span class='ocrx_word' id='word_1_477' title='bbox 688 3207 783 3262; x_wconf 91' lang='grc' dir='ltr'><strong>τοῦ</strong></span> <span class='ocrx_word' id='word_1_478' title='bbox 811 3207 945 3261; x_wconf 84' lang='grc' dir='ltr'>Θεοῦ</span> <span class='ocrx_word' id='word_1_479' title='bbox 990 3208 1098 3262; x_wconf 85' lang='grc' dir='ltr'>τῶν</span> <span class='ocrx_word' id='word_1_480' title='bbox 1124 3210 1281 3273; x_wconf 82' lang='grc' dir='ltr'>ὅλων,</span> <span class='ocrx_word' id='word_1_481' title='bbox 1321 3208 1510 3264; x_wconf 86' lang='grc' dir='ltr'>ούσίαν</span> <span class='ocrx_word' id='word_1_482' title='bbox 1539 3210 1685 3263; x_wconf 77' lang='grc' dir='ltr'>ἐστιν</span> <span class='ocrx_word' id='word_1_483' title='bbox 1718 3209 1891 3261; x_wconf 83' lang='grc' dir='ltr'>εἰπεῖν</span> <span class='ocrx_word' id='word_1_484' title='bbox 1922 3210 1980 3262; x_wconf 88' lang='grc' dir='ltr'><strong>τὸ</strong></span> 
     </span>
    </p>
   </div>
   <div class='ocr_carea' id='block_1_62' title="bbox 2081 3201 3655 3306">
    <p class='ocr_par' dir='ltr' id='par_1_62' title="bbox 2083 3201 3655 3274">
     <span class='ocr_line' id='line_1_62' title="bbox 2083 3201 3655 3274; baseline 0.005 -15"><span class='ocrx_word' id='word_1_485' title='bbox 2083 3203 2323 3259; x_wconf 76' lang='lat' dir='ltr'><strong>essentia</strong></span> <span class='ocrx_word' id='word_1_486' title='bbox 2356 3201 2501 3272; x_wconf 88' lang='lat' dir='ltr'><strong>quod</strong></span> <span class='ocrx_word' id='word_1_487' title='bbox 2530 3210 2613 3256; x_wconf 80' lang='lat' dir='ltr'><strong>est</strong></span> <span class='ocrx_word' id='word_1_488' title='bbox 2638 3217 2704 3257; x_wconf 83' lang='lat' dir='ltr'><strong>ex</strong></span> <span class='ocrx_word' id='word_1_489' title='bbox 2735 3202 2941 3273; x_wconf 93' lang='lat' dir='ltr'><strong>aliquo,</strong></span> <span class='ocrx_word' id='word_1_490' title='bbox 2973 3204 3055 3259; x_wconf 90' lang='lat' dir='ltr'><strong>sic</strong></span> <span class='ocrx_word' id='word_1_491' title='bbox 3086 3218 3262 3274; x_wconf 82' lang='lat' dir='ltr'><strong>neque</strong></span> <span class='ocrx_word' id='word_1_492' title='bbox 3302 3206 3358 3261; x_wconf 91' lang='lat' dir='ltr'><strong>in</strong></span> <span class='ocrx_word' id='word_1_493' title='bbox 3390 3208 3499 3265; x_wconf 87' lang='lat' dir='ltr'><strong>Deo</strong></span> <span class='ocrx_word' id='word_1_494' title='bbox 3527 3212 3655 3266; x_wconf 78' lang='lat' dir='ltr'><strong>uni-</strong></span> 
     </span>
    </p>
   </div>
   <div class='ocr_carea' id='block_1_63' title="bbox 402 3298 1981 3371">
    <p class='ocr_par' dir='ltr' id='par_1_63' title="bbox 402 3298 1981 3371">
     <span class='ocr_line' id='line_1_63' title="bbox 402 3298 1981 3371; baseline 0 -18"><span class='ocrx_word' id='word_1_495' title='bbox 402 3300 717 3371; x_wconf 83' lang='grc' dir='ltr'>ἀγέννητον.</span> <span class='ocrx_word' id='word_1_496' title='bbox 743 3300 895 3352; x_wconf 90' lang='grc' dir='ltr'>Τίσιν</span> <span class='ocrx_word' id='word_1_497' title='bbox 910 3298 1202 3370; x_wconf 75' lang='grc' dir='ltr'>ὀφθαλμοῖς</span> <span class='ocrx_word' id='word_1_498' title='bbox 1232 3300 1312 3353; x_wconf 76' lang='grc' dir='ltr'>ἔτι</span> <span class='ocrx_word' id='word_1_499' title='bbox 1334 3300 1467 3371; x_wconf 86' lang='grc' dir='ltr'>πρὸς</span> <span class='ocrx_word' id='word_1_500' title='bbox 1494 3300 1585 3355; x_wconf 82' lang='grc' dir='ltr'><strong>τὸν</strong></span> <span class='ocrx_word' id='word_1_501' title='bbox 1610 3300 1802 3371; x_wconf 75' lang='grc' dir='ltr'>ὁδηγὸν</span> <span class='ocrx_word' id='word_1_502' title='bbox 1828 3299 1981 3369; x_wconf 84' lang='grc' dir='ltr'>ὑμῶν</span> 
     </span>
    </p>
   </div>
   <div class='ocr_carea' id='block_1_64' title="bbox 406 3391 1982 3465">
    <p class='ocr_par' dir='ltr' id='par_1_64' title="bbox 406 3391 1982 3465">
     <span class='ocr_line' id='line_1_64' title="bbox 406 3391 1982 3465; baseline -0.001 -18"><span class='ocrx_word' id='word_1_503' title='bbox 406 3392 739 3447; x_wconf 74' lang='grc' dir='ltr'>ἀπεϐλέπετε</span> <span class='ocrx_word' id='word_1_504' title='bbox 759 3411 775 3462; x_wconf 87' lang='lat'><strong>;</strong></span> <span class='ocrx_word' id='word_1_505' title='bbox 797 3393 933 3465; x_wconf 86' lang='grc' dir='ltr'>πρὸς</span> <span class='ocrx_word' id='word_1_506' title='bbox 957 3394 1101 3464; x_wconf 81' lang='grc' dir='ltr'>ὑμᾶς</span> <span class='ocrx_word' id='word_1_507' title='bbox 1127 3391 1291 3461; x_wconf 83' lang='grc' dir='ltr'>λέγω,</span> <span class='ocrx_word' id='word_1_508' title='bbox 1322 3393 1420 3464; x_wconf 84' lang='grc' dir='ltr'><strong>τὴν</strong></span> <span class='ocrx_word' id='word_1_509' title='bbox 1448 3394 1557 3447; x_wconf 82' lang='grc' dir='ltr'><strong>τῶν</strong></span> <span class='ocrx_word' id='word_1_510' title='bbox 1592 3394 1982 3464; x_wconf 83' lang='grc' dir='ltr'>ἀπολλυμένων</span> 
     </span>
    </p>
   </div>
   <div class='ocr_carea' id='block_1_65' title="bbox 406 3485 1983 3557">
    <p class='ocr_par' dir='ltr' id='par_1_65' title="bbox 406 3485 1983 3557">
     <span class='ocr_line' id='line_1_65' title="bbox 406 3485 1983 3557; baseline -0.001 -17"><span class='ocrx_word' id='word_1_511' title='bbox 406 3487 625 3557; x_wconf 82' lang='grc' dir='ltr'>ἀγέλην.</span> <span class='ocrx_word' id='word_1_512' title='bbox 661 3485 782 3548; x_wconf 83' lang='grc' dir='ltr'><strong>Πῶς</strong></span> <span class='ocrx_word' id='word_1_513' title='bbox 822 3485 902 3538; x_wconf 81' lang='grc' dir='ltr'>ἔτι</span> <span class='ocrx_word' id='word_1_514' title='bbox 930 3485 1030 3557; x_wconf 87' lang='grc' dir='ltr'><strong>τὴν</strong></span> <span class='ocrx_word' id='word_1_515' title='bbox 1068 3485 1235 3556; x_wconf 84' lang='grc' dir='ltr'>ἀκοὴν</span> <span class='ocrx_word' id='word_1_516' title='bbox 1270 3486 1589 3539; x_wconf 88' lang='grc' dir='ltr'>ύποκλίνετε</span> <span class='ocrx_word' id='word_1_517' title='bbox 1621 3485 1697 3556; x_wconf 82' lang='grc' dir='ltr'>τῷ</span> <span class='ocrx_word' id='word_1_518' title='bbox 1727 3485 1983 3556; x_wconf 85' lang='grc' dir='ltr'>τοιαύτην</span> 
     </span>
    </p>
   </div>
   <div class='ocr_carea' id='block_1_66' title="bbox 407 3576 1979 3648">
    <p class='ocr_par' dir='ltr' id='par_1_66' title="bbox 407 3576 1979 3648">
     <span class='ocr_line' id='line_1_66' title="bbox 407 3576 1979 3648; baseline -0.001 -18"><span class='ocrx_word' id='word_1_519' title='bbox 407 3578 609 3648; x_wconf 81' lang='grc' dir='ltr'>στήλην</span> <span class='ocrx_word' id='word_1_520' title='bbox 639 3578 736 3648; x_wconf 82' lang='grc' dir='ltr'><strong>τῆς</strong></span> <span class='ocrx_word' id='word_1_521' title='bbox 767 3576 901 3640; x_wconf 81' lang='grc' dir='ltr'>ἰδίας</span> <span class='ocrx_word' id='word_1_522' title='bbox 941 3576 1211 3641; x_wconf 88' lang='grc' dir='ltr'>ἀναιδείας</span> <span class='ocrx_word' id='word_1_523' title='bbox 1242 3576 1330 3630; x_wconf 80' lang='grc' dir='ltr'>διὰ</span> <span class='ocrx_word' id='word_1_524' title='bbox 1350 3577 1459 3631; x_wconf 84' lang='grc' dir='ltr'>τῶν</span> <span class='ocrx_word' id='word_1_525' title='bbox 1486 3576 1660 3645; x_wconf 90' lang='grc' dir='ltr'>λόγων</span> <span class='ocrx_word' id='word_1_526' title='bbox 1687 3578 1941 3648; x_wconf 88' lang='grc' dir='ltr'>στήσαντι</span> <span class='ocrx_word' id='word_1_527' title='bbox 1965 3595 1979 3643; x_wconf 89' lang='lat'><strong>;</strong></span> 
     </span>
    </p>
   </div>
   <div class='ocr_carea' id='block_1_67' title="bbox 407 3668 1984 3740">
    <p class='ocr_par' dir='ltr' id='par_1_67' title="bbox 407 3668 1984 3740">
     <span class='ocr_line' id='line_1_67' title="bbox 407 3668 1984 3740; baseline -0.001 -17"><span class='ocrx_word' id='word_1_528' title='bbox 407 3671 520 3724; x_wconf 87' lang='grc' dir='ltr'>Ούκ</span> <span class='ocrx_word' id='word_1_529' title='bbox 546 3668 865 3740; x_wconf 76' lang='grc' dir='ltr'>αἰσχύνεσθε</span> <span class='ocrx_word' id='word_1_530' title='bbox 893 3668 986 3721; x_wconf 84' lang='grc' dir='ltr'><strong>νῦν</strong></span> <span class='ocrx_word' id='word_1_531' title='bbox 1014 3668 1142 3737; x_wconf 89' lang='grc' dir='ltr'>γοῦν</span> <span class='ocrx_word' id='word_1_532' title='bbox 1172 3670 1221 3721; x_wconf 88' lang='grc' dir='ltr'><strong>εί</strong></span> <span class='ocrx_word' id='word_1_533' title='bbox 1248 3670 1339 3722; x_wconf 77' lang='grc' dir='ltr'>καὶ</span> <span class='ocrx_word' id='word_1_534' title='bbox 1371 3668 1446 3740; x_wconf 81' lang='grc' dir='ltr'>μὴ</span> <span class='ocrx_word' id='word_1_535' title='bbox 1473 3670 1732 3740; x_wconf 74' lang='grc' dir='ltr'>πρότερον</span> <span class='ocrx_word' id='word_1_536' title='bbox 1756 3669 1984 3740; x_wconf 81' lang='grc' dir='ltr'>τοιούτῳ</span> 
     </span>
    </p>
   </div>
   <div class='ocr_carea' id='block_1_68' title="bbox 407 3740 1984 3831">
    <p class='ocr_par' dir='ltr' id='par_1_68' title="bbox 407 3740 1984 3831">
     <span class='ocr_line' id='line_1_68' title="bbox 407 3740 1984 3831; baseline -0.003 -19"><span class='ocrx_word' id='word_1_537' title='bbox 407 3758 732 3831; x_wconf 80' lang='grc' dir='ltr'>χειραγωγῷ</span> <span class='ocrx_word' id='word_1_538' title='bbox 757 3759 893 3830; x_wconf 88' lang='grc' dir='ltr'>πρὸς</span> <span class='ocrx_word' id='word_1_539' title='bbox 916 3740 1015 3829; x_wconf 56' lang='grc' dir='ltr'><strong>τὴῖρ</strong></span> <span class='ocrx_word' id='word_1_540' title='bbox 1047 3757 1302 3827; x_wconf 87' lang='grc' dir='ltr'>ἀλήθειαν</span> <span class='ocrx_word' id='word_1_541' title='bbox 1337 3755 1637 3828; x_wconf 84' lang='grc' dir='ltr'>χρώμενοι;</span> <span class='ocrx_word' id='word_1_542' title='bbox 1665 3757 1738 3809; x_wconf 86' lang='grc' dir='ltr'>Ού</span> <span class='ocrx_word' id='word_1_543' title='bbox 1771 3756 1984 3827; x_wconf 86' lang='grc' dir='ltr'>σημείῳ</span> 
     </span>
    </p>
   </div>
   <div class='ocr_carea' id='block_1_69' title="bbox 407 3843 1982 3922">
    <p class='ocr_par' dir='ltr' id='par_1_69' title="bbox 407 3843 1982 3922">
     <span class='ocr_line' id='line_1_69' title="bbox 407 3843 1982 3922; baseline -0.016 -1"><span class='ocrx_word' id='word_1_544' title='bbox 407 3848 679 3922; x_wconf 70' lang='grc' dir='ltr'>Χρήσεσθε</span> <span class='ocrx_word' id='word_1_545' title='bbox 709 3846 885 3917; x_wconf 79' lang='grc' dir='ltr'>τούτῳ</span> <span class='ocrx_word' id='word_1_546' title='bbox 919 3847 1016 3917; x_wconf 81' lang='grc' dir='ltr'><strong>τῆς</strong></span> <span class='ocrx_word' id='word_1_547' title='bbox 1042 3846 1173 3915; x_wconf 72' lang='grc' dir='ltr'>περὶ</span> <span class='ocrx_word' id='word_1_548' title='bbox 1214 3843 1321 3897; x_wconf 84' lang='grc' dir='ltr'>τῶν</span> <span class='ocrx_word' id='word_1_549' title='bbox 1363 3845 1645 3914; x_wconf 87' lang='grc' dir='ltr'>δογμάτων</span> <span class='ocrx_word' id='word_1_550' title='bbox 1671 3844 1834 3899; x_wconf 82' lang='grc' dir='ltr'>αὑτοῦ</span> <span class='ocrx_word' id='word_1_551' title='bbox 1877 3862 1982 3915; x_wconf 88' lang='grc' dir='ltr'>μα-</span> 
     </span>
    </p>
   </div>
   <div class='ocr_carea' id='block_1_70' title="bbox 408 3935 1984 4012">
    <p class='ocr_par' dir='ltr' id='par_1_70' title="bbox 408 3935 1984 4012">
     <span class='ocr_line' id='line_1_70' title="bbox 408 3935 1984 4012; baseline -0.002 -19"><span class='ocrx_word' id='word_1_552' title='bbox 408 3941 547 4004; x_wconf 84' lang='grc' dir='ltr'>νίας,</span> <span class='ocrx_word' id='word_1_553' title='bbox 582 3940 661 4012; x_wconf 80' lang='grc' dir='ltr'>τῷ</span> <span class='ocrx_word' id='word_1_554' title='bbox 688 3938 829 3992; x_wconf 75' lang='grc' dir='ltr'>οὕτω</span> <span class='ocrx_word' id='word_1_555' title='bbox 855 3938 992 4009; x_wconf 88' lang='grc' dir='ltr'>πρὸς</span> <span class='ocrx_word' id='word_1_556' title='bbox 1016 3937 1113 4008; x_wconf 81' lang='grc' dir='ltr'>τὴν</span> <span class='ocrx_word' id='word_1_557' title='bbox 1135 3936 1392 4007; x_wconf 85' lang='grc' dir='ltr'>ἀλήθειαν</span> <span class='ocrx_word' id='word_1_558' title='bbox 1422 3935 1585 3989; x_wconf 78' lang='grc' dir='ltr'>αὐτόν</span> <span class='ocrx_word' id='word_1_559' title='bbox 1611 3937 1719 3990; x_wconf 82' lang='grc' dir='ltr'>τῶν</span> <span class='ocrx_word' id='word_1_560' title='bbox 1742 3954 1984 4008; x_wconf 89' lang='grc' dir='ltr'>γεγραμ-</span> 
     </span>
    </p>
   </div>
   <div class='ocr_carea' id='block_1_71' title="bbox 412 4027 1983 4104">
    <p class='ocr_par' dir='ltr' id='par_1_71' title="bbox 412 4027 1983 4104">
     <span class='ocr_line' id='line_1_71' title="bbox 412 4027 1983 4104; baseline -0.003 -18"><span class='ocrx_word' id='word_1_561' title='bbox 412 4033 589 4104; x_wconf 80' lang='grc' dir='ltr'>μένων</span> <span class='ocrx_word' id='word_1_562' title='bbox 644 4029 1011 4102; x_wconf 84' lang='grc' dir='ltr'>ἀναισχύντως</span> <span class='ocrx_word' id='word_1_563' title='bbox 1057 4028 1575 4095; x_wconf 77' lang='grc' dir='ltr'>ἀντικαθίστασθαις</span> <span class='ocrx_word' id='word_1_564' title='bbox 1618 4027 1806 4091; x_wconf 74' lang='grc' dir='ltr'>Οὕτως</span> <span class='ocrx_word' id='word_1_565' title='bbox 1848 4030 1983 4099; x_wconf 79' lang='grc' dir='ltr'>ἡμῖν</span> 
     </span>
    </p>
   </div>
   <div class='ocr_carea' id='block_1_72' title="bbox 411 4117 1986 4190">
    <p class='ocr_par' dir='ltr' id='par_1_72' title="bbox 411 4117 1986 4190">
     <span class='ocr_line' id='line_1_72' title="bbox 411 4117 1986 4190; baseline -0.004 -14"><span class='ocrx_word' id='word_1_566' title='bbox 411 4122 507 4176; x_wconf 76' lang='grc' dir='ltr'>καὶ</span> <span class='ocrx_word' id='word_1_567' title='bbox 533 4121 631 4184; x_wconf 76' lang='grc' dir='ltr'>τὰς</span> <span class='ocrx_word' id='word_1_568' title='bbox 656 4120 806 4183; x_wconf 90' lang='grc' dir='ltr'>θείας</span> <span class='ocrx_word' id='word_1_569' title='bbox 836 4118 1127 4190; x_wconf 80' lang='grc' dir='ltr'>ἐρμηνεύει</span> <span class='ocrx_word' id='word_1_570' title='bbox 1163 4118 1381 4187; x_wconf 76' lang='grc' dir='ltr'>φωνάςς</span> <span class='ocrx_word' id='word_1_571' title='bbox 1421 4118 1577 4171; x_wconf 73' lang='grc' dir='ltr'>Οὕτω</span> <span class='ocrx_word' id='word_1_572' title='bbox 1601 4118 1699 4188; x_wconf 86' lang='grc' dir='ltr'>τῆς</span> <span class='ocrx_word' id='word_1_573' title='bbox 1729 4117 1838 4171; x_wconf 85' lang='grc' dir='ltr'>τῶν</span> <span class='ocrx_word' id='word_1_574' title='bbox 1868 4117 1986 4186; x_wconf 86' lang='grc' dir='ltr'>δογ-</span> 
     </span>
    </p>
   </div>
   <div class='ocr_carea' id='block_1_73' title="bbox 414 4209 1985 4284">
    <p class='ocr_par' dir='ltr' id='par_1_73' title="bbox 414 4209 1985 4284">
     <span class='ocr_line' id='line_1_73' title="bbox 414 4209 1985 4284; baseline -0.004 -17"><span class='ocrx_word' id='word_1_575' title='bbox 414 4212 600 4283; x_wconf 81' lang='grc' dir='ltr'>μάτων</span> <span class='ocrx_word' id='word_1_576' title='bbox 629 4210 885 4284; x_wconf 84' lang='grc' dir='ltr'>ἀληθείας</span> <span class='ocrx_word' id='word_1_577' title='bbox 917 4212 1272 4281; x_wconf 84' lang='grc' dir='ltr'>προΐσταται;</span> <span class='ocrx_word' id='word_1_578' title='bbox 1328 4210 1415 4273; x_wconf 85' lang='grc' dir='ltr'>Ὠς</span> <span class='ocrx_word' id='word_1_579' title='bbox 1461 4209 1786 4279; x_wconf 80' lang='grc' dir='ltr'>ἀπελέγχειν</span> <span class='ocrx_word' id='word_1_580' title='bbox 1819 4209 1985 4262; x_wconf 90' lang='grc' dir='ltr'>Βασί-</span> 
     </span>
    </p>
   </div>
   <div class='ocr_carea' id='block_1_74' title="bbox 409 4300 1986 4374">
    <p class='ocr_par' dir='ltr' id='par_1_74' title="bbox 409 4300 1986 4374">
     <span class='ocr_line' id='line_1_74' title="bbox 409 4300 1986 4374; baseline -0.003 -15"><span class='ocrx_word' id='word_1_581' title='bbox 409 4305 552 4360; x_wconf 84' lang='grc' dir='ltr'>λειον</span> <span class='ocrx_word' id='word_1_582' title='bbox 583 4307 647 4359; x_wconf 83' lang='grc' dir='ltr'>ὲκ</span> <span class='ocrx_word' id='word_1_583' title='bbox 685 4302 780 4358; x_wconf 91' lang='grc' dir='ltr'><strong>τοῦ</strong></span> <span class='ocrx_word' id='word_1_584' title='bbox 820 4303 994 4374; x_wconf 81' lang='grc' dir='ltr'>πάντη</span> <span class='ocrx_word' id='word_1_585' title='bbox 1027 4303 1101 4373; x_wconf 78' lang='grc' dir='ltr'><strong>μὴ</strong></span> <span class='ocrx_word' id='word_1_586' title='bbox 1132 4303 1283 4365; x_wconf 77' lang='grc' dir='ltr'>ὄντος</span> <span class='ocrx_word' id='word_1_587' title='bbox 1311 4302 1735 4370; x_wconf 90' lang='grc' dir='ltr'>γενεαλογοῦντα</span> <span class='ocrx_word' id='word_1_588' title='bbox 1763 4302 1854 4355; x_wconf 87' lang='grc' dir='ltr'><strong>τὸν</strong></span> <span class='ocrx_word' id='word_1_589' title='bbox 1892 4300 1986 4355; x_wconf 77' lang='grc' dir='ltr'><strong>ἐπὶ</strong></span> 
     </span>
    </p>
   </div>
   <div class='ocr_carea' id='block_1_75' title="bbox 411 4391 1986 4466">
    <p class='ocr_par' dir='ltr' id='par_1_75' title="bbox 411 4391 1986 4466">
     <span class='ocr_line' id='line_1_75' title="bbox 411 4391 1986 4466; baseline -0.004 -16"><span class='ocrx_word' id='word_1_590' title='bbox 411 4398 631 4451; x_wconf 84' lang='grc' dir='ltr'>πάντων</span> <span class='ocrx_word' id='word_1_591' title='bbox 665 4395 795 4449; x_wconf 88' lang='grc' dir='ltr'>Θεόν</span> <span class='ocrx_word' id='word_1_592' title='bbox 820 4412 833 4426; x_wconf 76' lang='grc' dir='ltr'><strong>ο</strong></span> <span class='ocrx_word' id='word_1_593' title='bbox 854 4395 994 4448; x_wconf 75' lang='grc' dir='ltr'>εἴπω</span> <span class='ocrx_word' id='word_1_594' title='bbox 1030 4396 1127 4465; x_wconf 81' lang='grc' dir='ltr'>τὴν</span> <span class='ocrx_word' id='word_1_595' title='bbox 1162 4395 1293 4466; x_wconf 75' lang='grc' dir='ltr'>παρ’</span> <span class='ocrx_word' id='word_1_596' title='bbox 1320 4394 1498 4447; x_wconf 80' lang='grc' dir='ltr'>αὐτῶν</span> <span class='ocrx_word' id='word_1_597' title='bbox 1530 4394 1704 4459; x_wconf 78' lang='grc' dir='ltr'>ῥῆσιν,</span> <span class='ocrx_word' id='word_1_598' title='bbox 1735 4391 1986 4463; x_wconf 81' lang='grc' dir='ltr'>ὲκθῶμαι</span> 
     </span>
    </p>
   </div>
   <div class='ocr_carea' id='block_1_76' title="bbox 410 4483 1985 4557">
    <p class='ocr_par' dir='ltr' id='par_1_76' title="bbox 410 4483 1985 4557">
     <span class='ocr_line' id='line_1_76' title="bbox 410 4483 1985 4557; baseline -0.003 -17"><span class='ocrx_word' id='word_1_599' title='bbox 410 4488 511 4557; x_wconf 75' lang='grc' dir='ltr'>τῆς</span> <span class='ocrx_word' id='word_1_600' title='bbox 539 4486 917 4557; x_wconf 82' lang='grc' dir='ltr'>ἀναισχυντίας</span> <span class='ocrx_word' id='word_1_601' title='bbox 938 4485 1006 4538; x_wconf 87' lang='grc' dir='ltr'><strong>τά</strong></span> <span class='ocrx_word' id='word_1_602' title='bbox 1029 4488 1272 4557; x_wconf 75' lang='grc' dir='ltr'>ῥήματα,</span> <span class='ocrx_word' id='word_1_603' title='bbox 1297 4486 1535 4557; x_wconf 83' lang='grc' dir='ltr'>παρίημι</span> <span class='ocrx_word' id='word_1_604' title='bbox 1558 4485 1655 4548; x_wconf 85' lang='grc' dir='ltr'>τὰς</span> <span class='ocrx_word' id='word_1_605' title='bbox 1688 4483 1894 4555; x_wconf 79' lang='grc' dir='ltr'>ὖϐρεις,</span> <span class='ocrx_word' id='word_1_606' title='bbox 1923 4484 1985 4536; x_wconf 82' lang='grc' dir='ltr'><strong>οὐ</strong></span> 
     </span>
    </p>
   </div>
   <div class='ocr_carea' id='block_1_77' title="bbox 2084 3293 3653 3370">
    <p class='ocr_par' dir='ltr' id='par_1_77' title="bbox 2084 3293 3653 3370">
     <span class='ocr_line' id='line_1_77' title="bbox 2084 3293 3653 3370; baseline 0.006 -21"><span class='ocrx_word' id='word_1_607' title='bbox 2084 3309 2369 3349; x_wconf 89' lang='lat' dir='ltr'><strong>versorum</strong></span> <span class='ocrx_word' id='word_1_608' title='bbox 2399 3294 2696 3348; x_wconf 89' lang='lat' dir='ltr'><strong>essentiam</strong></span> <span class='ocrx_word' id='word_1_609' title='bbox 2733 3293 2860 3348; x_wconf 90' lang='lat' dir='ltr'><strong>licet</strong></span> <span class='ocrx_word' id='word_1_610' title='bbox 2896 3293 3105 3358; x_wconf 88' lang='lat' dir='ltr'><strong>dicere,</strong></span> <span class='ocrx_word' id='word_1_611' title='bbox 3137 3296 3285 3366; x_wconf 87' lang='lat' dir='ltr'><strong>quod</strong></span> <span class='ocrx_word' id='word_1_612' title='bbox 3327 3299 3653 3370; x_wconf 90' lang='lat' dir='ltr'><strong>ingenitum.</strong></span> 
     </span>
    </p>
   </div>
   <div class='ocr_carea' id='block_1_78' title="bbox 2084 3385 3657 3464">
    <p class='ocr_par' dir='ltr' id='par_1_78' title="bbox 2084 3385 3657 3464">
     <span class='ocr_line' id='line_1_78' title="bbox 2084 3385 3657 3464; baseline 0.008 -25"><span class='ocrx_word' id='word_1_613' title='bbox 2084 3386 2295 3451; x_wconf 89' lang='lat' dir='ltr'><strong>Quibus</strong></span> <span class='ocrx_word' id='word_1_614' title='bbox 2327 3386 2505 3439; x_wconf 91' lang='lat' dir='ltr'><strong>oculis</strong></span> <span class='ocrx_word' id='word_1_615' title='bbox 2528 3385 2707 3439; x_wconf 89' lang='lat' dir='ltr'><strong>adhuc</strong></span> <span class='ocrx_word' id='word_1_616' title='bbox 2743 3385 2810 3441; x_wconf 87' lang='lat' dir='ltr'><strong>ad</strong></span> <span class='ocrx_word' id='word_1_617' title='bbox 2843 3385 3037 3441; x_wconf 88' lang='lat' dir='ltr'><strong>ducem</strong></span> <span class='ocrx_word' id='word_1_618' title='bbox 3080 3398 3320 3445; x_wconf 84' lang='lat' dir='ltr'><strong>vestrum</strong></span> <span class='ocrx_word' id='word_1_619' title='bbox 3378 3395 3657 3464; x_wconf 84' lang='lat' dir='ltr'><strong>aspicitis?</strong></span> 
     </span>
    </p>
   </div>
   <div class='ocr_carea' id='block_1_79' title="bbox 2085 3477 3654 3549">
    <p class='ocr_par' dir='ltr' id='par_1_79' title="bbox 2085 3477 3654 3549">
     <span class='ocr_line' id='line_1_79' title="bbox 2085 3477 3654 3549; baseline 0.008 -19"><span class='ocrx_word' id='word_1_620' title='bbox 2085 3478 2152 3531; x_wconf 86' lang='lat' dir='ltr'><strong>ad</strong></span> <span class='ocrx_word' id='word_1_621' title='bbox 2186 3492 2283 3532; x_wconf 84' lang='lat' dir='ltr'><strong>vos</strong></span> <span class='ocrx_word' id='word_1_622' title='bbox 2316 3477 2461 3541; x_wconf 90' lang='lat' dir='ltr'><strong>dico,</strong></span> <span class='ocrx_word' id='word_1_623' title='bbox 2488 3477 2829 3547; x_wconf 87' lang='lat' dir='ltr'><strong>pereuntium</strong></span> <span class='ocrx_word' id='word_1_624' title='bbox 2867 3492 3109 3549; x_wconf 85' lang='lat' dir='ltr'><strong>gregem.</strong></span> <span class='ocrx_word' id='word_1_625' title='bbox 3158 3480 3444 3546; x_wconf 83' lang='lat' dir='ltr'><strong>Quomodo</strong></span> <span class='ocrx_word' id='word_1_626' title='bbox 3492 3501 3654 3543; x_wconf 80' lang='lat' dir='ltr'><strong>aures</strong></span> 
     </span>
    </p>
   </div>
   <div class='ocr_carea' id='block_1_80' title="bbox 2088 3571 3660 3649">
    <p class='ocr_par' dir='ltr' id='par_1_80' title="bbox 2088 3571 3660 3649">
     <span class='ocr_line' id='line_1_80' title="bbox 2088 3571 3660 3649; baseline 0.007 -24"><span class='ocrx_word' id='word_1_627' title='bbox 2088 3571 2364 3626; x_wconf 85' lang='lat' dir='ltr'><strong>inclinatis</strong></span> <span class='ocrx_word' id='word_1_628' title='bbox 2389 3571 2438 3625; x_wconf 90' lang='lat' dir='ltr'><strong>ei</strong></span> <span class='ocrx_word' id='word_1_629' title='bbox 2465 3571 2560 3640; x_wconf 86' lang='lat' dir='ltr'><strong>qui</strong></span> <span class='ocrx_word' id='word_1_630' title='bbox 2605 3571 2764 3625; x_wconf 88' lang='lat' dir='ltr'><strong>talem</strong></span> <span class='ocrx_word' id='word_1_631' title='bbox 2796 3572 3107 3626; x_wconf 90' lang='lat' dir='ltr'><strong>columnam</strong></span> <span class='ocrx_word' id='word_1_632' title='bbox 3140 3588 3255 3629; x_wconf 74' lang='lat' dir='ltr'><strong>sua:</strong></span> <span class='ocrx_word' id='word_1_633' title='bbox 3308 3576 3660 3649; x_wconf 66' lang='lat' dir='ltr'><strong>impudentia:</strong></span> 
     </span>
    </p>
   </div>
   <div class='ocr_carea' id='block_1_81' title="bbox 2085 3660 3660 3742">
    <p class='ocr_par' dir='ltr' id='par_1_81' title="bbox 2085 3660 3660 3742">
     <span class='ocr_line' id='line_1_81' title="bbox 2085 3660 3660 3742; baseline 0.006 -24"><span class='ocrx_word' id='word_1_634' title='bbox 2085 3678 2182 3732; x_wconf 87' lang='lat' dir='ltr'><strong>per</strong></span> <span class='ocrx_word' id='word_1_635' title='bbox 2232 3664 2333 3717; x_wconf 89' lang='lat' dir='ltr'><strong>hos</strong></span> <span class='ocrx_word' id='word_1_636' title='bbox 2398 3678 2683 3719; x_wconf 88' lang='lat' dir='ltr'><strong>sermones</strong></span> <span class='ocrx_word' id='word_1_637' title='bbox 2733 3660 2961 3717; x_wconf 81' lang='lat' dir='ltr'><strong>statuit?</strong></span> <span class='ocrx_word' id='word_1_638' title='bbox 2991 3662 3109 3719; x_wconf 81' lang='lat' dir='ltr'><strong>Non</strong></span> <span class='ocrx_word' id='word_1_639' title='bbox 3143 3667 3306 3721; x_wconf 87' lang='lat' dir='ltr'><strong>etiam</strong></span> <span class='ocrx_word' id='word_1_640' title='bbox 3336 3685 3435 3727; x_wconf 88' lang='lat' dir='ltr'><strong>vos</strong></span> <span class='ocrx_word' id='word_1_641' title='bbox 3494 3674 3660 3742; x_wconf 86' lang='lat' dir='ltr'><strong>pudet</strong></span> 
     </span>
    </p>
   </div>
   <div class='ocr_carea' id='block_1_82' title="bbox 2084 3752 3660 3826">
    <p class='ocr_par' dir='ltr' id='par_1_82' title="bbox 2084 3752 3660 3826">
     <span class='ocr_line' id='line_1_82' title="bbox 2084 3752 3660 3826; baseline 0.007 -18"><span class='ocrx_word' id='word_1_642' title='bbox 2084 3770 2231 3808; x_wconf 92' lang='lat' dir='ltr'><strong>nunc</strong></span> <span class='ocrx_word' id='word_1_643' title='bbox 2291 3769 2462 3819; x_wconf 86' lang='lat' dir='ltr'><strong>sane,</strong></span> <span class='ocrx_word' id='word_1_644' title='bbox 2524 3754 2573 3808; x_wconf 92' lang='lat' dir='ltr'><strong>si</strong></span> <span class='ocrx_word' id='word_1_645' title='bbox 2633 3752 2800 3808; x_wconf 88' lang='lat' dir='ltr'><strong>etiam</strong></span> <span class='ocrx_word' id='word_1_646' title='bbox 2866 3769 2979 3808; x_wconf 90' lang='lat' dir='ltr'><strong>non</strong></span> <span class='ocrx_word' id='word_1_647' title='bbox 3044 3756 3243 3826; x_wconf 86' lang='lat' dir='ltr'><strong>prius,</strong></span> <span class='ocrx_word' id='word_1_648' title='bbox 3307 3761 3401 3817; x_wconf 90' lang='lat' dir='ltr'><strong>tali</strong></span> <span class='ocrx_word' id='word_1_649' title='bbox 3461 3778 3660 3819; x_wconf 81' lang='lat' dir='ltr'><strong>manu-</strong></span> 
     </span>
    </p>
   </div>
   <div class='ocr_carea' id='block_1_83' title="bbox 2085 3844 3658 3913">
    <p class='ocr_par' dir='ltr' id='par_1_83' title="bbox 2085 3844 3658 3913">
     <span class='ocr_line' id='line_1_83' title="bbox 2085 3844 3658 3913; baseline 0.008 -12"><span class='ocrx_word' id='word_1_650' title='bbox 2085 3847 2315 3901; x_wconf 91' lang='lat' dir='ltr'><strong>ductore</strong></span> <span class='ocrx_word' id='word_1_651' title='bbox 2368 3844 2436 3901; x_wconf 86' lang='lat' dir='ltr'><strong>ad</strong></span> <span class='ocrx_word' id='word_1_652' title='bbox 2494 3846 2777 3900; x_wconf 84' lang='lat' dir='ltr'><strong>veritatem</strong></span> <span class='ocrx_word' id='word_1_653' title='bbox 2834 3848 3229 3905; x_wconf 67' lang='lat' dir='ltr'><strong>tttenteshton</strong></span> <span class='ocrx_word' id='word_1_654' title='bbox 3274 3851 3380 3907; x_wconf 87' lang='lat' dir='ltr'><strong>hoc</strong></span> <span class='ocrx_word' id='word_1_655' title='bbox 3432 3859 3658 3913; x_wconf 90' lang='lat' dir='ltr'><strong>utemini</strong></span> 
     </span>
    </p>
   </div>
   <div class='ocr_carea' id='block_1_84' title="bbox 2086 3936 3657 4009">
    <p class='ocr_par' dir='ltr' id='par_1_84' title="bbox 2086 3936 3657 4009">
     <span class='ocr_line' id='line_1_84' title="bbox 2086 3936 3657 4009; baseline 0.006 -15"><span class='ocrx_word' id='word_1_656' title='bbox 2086 3938 2248 4008; x_wconf 80' lang='lat' dir='ltr'><strong>signo</strong></span> <span class='ocrx_word' id='word_1_657' title='bbox 2280 3937 2510 3992; x_wconf 68' lang='lat' dir='ltr'><strong>insaniae</strong></span> <span class='ocrx_word' id='word_1_658' title='bbox 2530 3936 2597 3991; x_wconf 78' lang='lat' dir='ltr'><strong>d&#39;e</strong></span> <span class='ocrx_word' id='word_1_659' title='bbox 2630 3936 2868 3993; x_wconf 89' lang='lat' dir='ltr'><strong>decretis</strong></span> <span class='ocrx_word' id='word_1_660' title='bbox 2894 3937 3091 4007; x_wconf 87' lang='lat' dir='ltr'><strong>ipsius,</strong></span> <span class='ocrx_word' id='word_1_661' title='bbox 3113 3942 3257 4009; x_wconf 92' lang='lat' dir='ltr'><strong>quod</strong></span> <span class='ocrx_word' id='word_1_662' title='bbox 3290 3944 3370 3997; x_wconf 90' lang='lat' dir='ltr'><strong>sic</strong></span> <span class='ocrx_word' id='word_1_663' title='bbox 3394 3945 3657 4004; x_wconf 76' lang='lat' dir='ltr'><strong>adversus</strong></span> 
     </span>
    </p>
   </div>
   <div class='ocr_carea' id='block_1_85' title="bbox 2094 4030 3662 4110">
    <p class='ocr_par' dir='ltr' id='par_1_85' title="bbox 2094 4030 3662 4110">
     <span class='ocr_line' id='line_1_85' title="bbox 2094 4030 3662 4110; baseline 0.008 -25"><span class='ocrx_word' id='word_1_664' title='bbox 2094 4031 2378 4086; x_wconf 88' lang='lat' dir='ltr'><strong>veritatem</strong></span> <span class='ocrx_word' id='word_1_665' title='bbox 2410 4030 2740 4103; x_wconf 89' lang='lat' dir='ltr'><strong>scriptorum</strong></span> <span class='ocrx_word' id='word_1_666' title='bbox 2773 4030 3119 4101; x_wconf 91' lang='lat' dir='ltr'><strong>impudenter</strong></span> <span class='ocrx_word' id='word_1_667' title='bbox 3144 4048 3205 4089; x_wconf 88' lang='lat' dir='ltr'><strong>se</strong></span> <span class='ocrx_word' id='word_1_668' title='bbox 3250 4035 3366 4106; x_wconf 89' lang='lat' dir='ltr'><strong>ipse</strong></span> <span class='ocrx_word' id='word_1_669' title='bbox 3391 4046 3662 4110; x_wconf 75' lang='lat' dir='ltr'><strong>opponat?</strong></span> 
     </span>
    </p>
   </div>
   <div class='ocr_carea' id='block_1_86' title="bbox 2087 4119 3659 4191">
    <p class='ocr_par' dir='ltr' id='par_1_86' title="bbox 2087 4119 3659 4191">
     <span class='ocr_line' id='line_1_86' title="bbox 2087 4119 3659 4191; baseline 0.006 -13"><span class='ocrx_word' id='word_1_670' title='bbox 2087 4121 2170 4178; x_wconf 88' lang='lat' dir='ltr'><strong>sic</strong></span> <span class='ocrx_word' id='word_1_671' title='bbox 2202 4120 2364 4175; x_wconf 91' lang='lat' dir='ltr'><strong>nobis</strong></span> <span class='ocrx_word' id='word_1_672' title='bbox 2399 4119 2615 4176; x_wconf 88' lang='lat' dir='ltr'><strong>divinas</strong></span> <span class='ocrx_word' id='word_1_673' title='bbox 2643 4135 2807 4176; x_wconf 88' lang='lat' dir='ltr'><strong>voces</strong></span> <span class='ocrx_word' id='word_1_674' title='bbox 2844 4120 3272 4191; x_wconf 80' lang='lat' dir='ltr'><strong>interpretatur?</strong></span> <span class='ocrx_word' id='word_1_675' title='bbox 3294 4126 3374 4183; x_wconf 90' lang='lat' dir='ltr'><strong>sic</strong></span> <span class='ocrx_word' id='word_1_676' title='bbox 3411 4132 3659 4189; x_wconf 89' lang='lat' dir='ltr'><strong>veritatis</strong></span> 
     </span>
    </p>
   </div>
   <div class='ocr_carea' id='block_1_87' title="bbox 2087 4210 3660 4287">
    <p class='ocr_par' dir='ltr' id='par_1_87' title="bbox 2087 4210 3660 4287">
     <span class='ocr_line' id='line_1_87' title="bbox 2087 4210 3660 4287; baseline 0.007 -19"><span class='ocrx_word' id='word_1_677' title='bbox 2087 4215 2434 4269; x_wconf 89' lang='lat' dir='ltr'><strong>decretorum</strong></span> <span class='ocrx_word' id='word_1_678' title='bbox 2517 4210 2775 4266; x_wconf 84' lang='lat' dir='ltr'><strong>defensor</strong></span> <span class='ocrx_word' id='word_1_679' title='bbox 2842 4220 2901 4268; x_wconf 92' lang='lat' dir='ltr'><strong>et</strong></span> <span class='ocrx_word' id='word_1_680' title='bbox 2958 4224 3201 4269; x_wconf 85' lang='lat' dir='ltr'><strong>assertor</strong></span> <span class='ocrx_word' id='word_1_681' title='bbox 3270 4223 3523 4287; x_wconf 87' lang='lat' dir='ltr'><strong>prostat?</strong></span> <span class='ocrx_word' id='word_1_682' title='bbox 3602 4233 3660 4279; x_wconf 91' lang='lat' dir='ltr'><strong>ut</strong></span> 
     </span>
    </p>
   </div>
   <div class='ocr_carea' id='block_1_88' title="bbox 2086 4302 3659 4375">
    <p class='ocr_par' dir='ltr' id='par_1_88' title="bbox 2086 4302 3659 4375">
     <span class='ocr_line' id='line_1_88' title="bbox 2086 4302 3659 4375; baseline 0.008 -18"><span class='ocrx_word' id='word_1_683' title='bbox 2086 4304 2348 4360; x_wconf 88' lang='lat' dir='ltr'><strong>Basilium</strong></span> <span class='ocrx_word' id='word_1_684' title='bbox 2383 4302 2768 4372; x_wconf 87' lang='lat' dir='ltr'><strong>reprehendat,</strong></span> <span class='ocrx_word' id='word_1_685' title='bbox 2798 4304 2892 4374; x_wconf 88' lang='lat' dir='ltr'><strong>qui</strong></span> <span class='ocrx_word' id='word_1_686' title='bbox 2920 4320 2985 4359; x_wconf 76' lang='lat' dir='ltr'><strong>ex</strong></span> <span class='ocrx_word' id='word_1_687' title='bbox 3012 4320 3079 4359; x_wconf 93' lang='lat' dir='ltr'><strong>eo</strong></span> <span class='ocrx_word' id='word_1_688' title='bbox 3108 4307 3253 4375; x_wconf 88' lang='lat' dir='ltr'><strong>quod</strong></span> <span class='ocrx_word' id='word_1_689' title='bbox 3284 4311 3512 4368; x_wconf 90' lang='lat' dir='ltr'><strong>omnino</strong></span> <span class='ocrx_word' id='word_1_690' title='bbox 3549 4323 3659 4369; x_wconf 82' lang='lat' dir='ltr'><strong>non</strong></span> 
     </span>
    </p>
   </div>
   <div class='ocr_carea' id='block_1_89' title="bbox 2086 4393 3659 4466">
    <p class='ocr_par' dir='ltr' id='par_1_89' title="bbox 2086 4393 3659 4466">
     <span class='ocr_line' id='line_1_89' title="bbox 2086 4393 3659 4466; baseline 0.006 -15"><span class='ocrx_word' id='word_1_691' title='bbox 2086 4404 2169 4451; x_wconf 87' lang='lat' dir='ltr'><strong>est</strong></span> <span class='ocrx_word' id='word_1_692' title='bbox 2192 4394 2560 4466; x_wconf 86' lang='lat' dir='ltr'><strong>genealogiam</strong></span> <span class='ocrx_word' id='word_1_693' title='bbox 2597 4393 2709 4457; x_wconf 91' lang='lat' dir='ltr'><strong>Dei,</strong></span> <span class='ocrx_word' id='word_1_694' title='bbox 2732 4395 2827 4465; x_wconf 92' lang='lat' dir='ltr'><strong>qui</strong></span> <span class='ocrx_word' id='word_1_695' title='bbox 2854 4403 2939 4450; x_wconf 88' lang='lat' dir='ltr'><strong>est</strong></span> <span class='ocrx_word' id='word_1_696' title='bbox 2972 4396 3028 4451; x_wconf 91' lang='lat' dir='ltr'><strong>in</strong></span> <span class='ocrx_word' id='word_1_697' title='bbox 3060 4398 3336 4465; x_wconf 90' lang='lat' dir='ltr'><strong>omnibus,</strong></span> <span class='ocrx_word' id='word_1_698' title='bbox 3360 4416 3659 4461; x_wconf 88' lang='lat' dir='ltr'><strong>recenseat.</strong></span> 
     </span>
    </p>
   </div>
   <div class='ocr_carea' id='block_1_90' title="bbox 2088 4483 3663 4559">
    <p class='ocr_par' dir='ltr' id='par_1_90' title="bbox 2088 4483 3663 4559">
     <span class='ocr_line' id='line_1_90' title="bbox 2088 4483 3663 4559; baseline 0.006 -22"><span class='ocrx_word' id='word_1_699' title='bbox 2088 4483 2330 4539; x_wconf 83' lang='lat' dir='ltr'><strong>Dixerim</strong></span> <span class='ocrx_word' id='word_1_700' title='bbox 2365 4485 2611 4554; x_wconf 90' lang='lat' dir='ltr'><strong>ipsorum</strong></span> <span class='ocrx_word' id='word_1_701' title='bbox 2647 4483 2963 4550; x_wconf 85' lang='lat' dir='ltr'><strong>dictionem,</strong></span> <span class='ocrx_word' id='word_1_702' title='bbox 2996 4486 3346 4555; x_wconf 81' lang='lat' dir='ltr'><strong>exposuerim</strong></span> <span class='ocrx_word' id='word_1_703' title='bbox 3376 4488 3663 4559; x_wconf 83' lang='lat' dir='ltr'><strong>impuden-</strong></span> 
     </span>
    </p>
   </div>
   <div class='ocr_carea' id='block_1_91' title="bbox 416 4576 1980 4649">
    <p class='ocr_par' dir='ltr' id='par_1_91' title="bbox 416 4576 1980 4649">
     <span class='ocr_line' id='line_1_91' title="bbox 416 4576 1980 4649; baseline -0.001 -19"><span class='ocrx_word' id='word_1_704' title='bbox 416 4578 701 4649; x_wconf 79' lang='grc' dir='ltr'>μέμφομαι</span> <span class='ocrx_word' id='word_1_705' title='bbox 731 4579 849 4640; x_wconf 85' lang='grc' dir='ltr'>ταῖς</span> <span class='ocrx_word' id='word_1_706' title='bbox 878 4576 1166 4648; x_wconf 87' lang='grc' dir='ltr'>λοιδορίαις</span> <span class='ocrx_word' id='word_1_707' title='bbox 1184 4594 1197 4607; x_wconf 82' lang='lat'><strong><em>°</em></strong></span> <span class='ocrx_word' id='word_1_708' title='bbox 1219 4578 1279 4630; x_wconf 86' lang='grc' dir='ltr'><strong>ού</strong></span> <span class='ocrx_word' id='word_1_709' title='bbox 1307 4577 1417 4649; x_wconf 78' lang='grc' dir='ltr'>γὰρ</span> <span class='ocrx_word' id='word_1_710' title='bbox 1445 4577 1707 4648; x_wconf 86' lang='grc' dir='ltr'>αίτιῶμαι</span> <span class='ocrx_word' id='word_1_711' title='bbox 1736 4578 1829 4630; x_wconf 89' lang='grc' dir='ltr'><strong>τὸν</strong></span> <span class='ocrx_word' id='word_1_712' title='bbox 1853 4576 1980 4629; x_wconf 83' lang='grc' dir='ltr'>ὀδω-</span> 
     </span>
    </p>
   </div>
   <div class='ocr_carea' id='block_1_92' title="bbox 2081 4576 3661 4649">
    <p class='ocr_par' dir='ltr' id='par_1_92' title="bbox 2089 4577 3661 4647">
     <span class='ocr_line' id='line_1_92' title="bbox 2089 4577 3661 4647; baseline 0.005 -17"><span class='ocrx_word' id='word_1_713' title='bbox 2089 4577 2178 4631; x_wconf 72' lang='lat' dir='ltr'><strong>tiae</strong></span> <span class='ocrx_word' id='word_1_714' title='bbox 2210 4577 2395 4641; x_wconf 86' lang='lat' dir='ltr'><strong>verba,</strong></span> <span class='ocrx_word' id='word_1_715' title='bbox 2430 4586 2694 4647; x_wconf 59' lang='lat' dir='ltr'><strong>prastereo</strong></span> <span class='ocrx_word' id='word_1_716' title='bbox 2717 4577 3102 4642; x_wconf 86' lang='lat' dir='ltr'><strong>contumelias.</strong></span> <span class='ocrx_word' id='word_1_717' title='bbox 3136 4593 3250 4633; x_wconf 89' lang='lat' dir='ltr'><strong>non</strong></span> <span class='ocrx_word' id='word_1_718' title='bbox 3292 4594 3494 4637; x_wconf 88' lang='lat' dir='ltr'><strong>accuso</strong></span> <span class='ocrx_word' id='word_1_719' title='bbox 3528 4598 3661 4640; x_wconf 83' lang='lat' dir='ltr'><strong>con-</strong></span> 
     </span>
    </p>
   </div>
   <div class='ocr_carea' id='block_1_93' title="bbox 410 4666 1984 4740">
    <p class='ocr_par' dir='ltr' id='par_1_93' title="bbox 410 4666 1984 4740">
     <span class='ocr_line' id='line_1_93' title="bbox 410 4666 1984 4740; baseline -0.002 -16"><span class='ocrx_word' id='word_1_720' title='bbox 410 4669 539 4724; x_wconf 79' lang='grc' dir='ltr'>δότα</span> <span class='ocrx_word' id='word_1_721' title='bbox 571 4668 649 4740; x_wconf 82' lang='grc' dir='ltr'>τῷ</span> <span class='ocrx_word' id='word_1_722' title='bbox 682 4668 909 4739; x_wconf 87' lang='grc' dir='ltr'>στόματι</span> <span class='ocrx_word' id='word_1_723' title='bbox 937 4708 952 4733; x_wconf 90' lang='grc'><strong>,</strong></span> <span class='ocrx_word' id='word_1_724' title='bbox 984 4668 1065 4722; x_wconf 81' lang='grc' dir='ltr'>ὅτι</span> <span class='ocrx_word' id='word_1_725' title='bbox 1106 4668 1320 4733; x_wconf 75' lang='grc' dir='ltr'>ὄδωδεν,</span> <span class='ocrx_word' id='word_1_726' title='bbox 1361 4668 1481 4722; x_wconf 83' lang='grc' dir='ltr'>οὑδὲ</span> <span class='ocrx_word' id='word_1_727' title='bbox 1511 4669 1601 4722; x_wconf 90' lang='grc' dir='ltr'><strong>τὸν</strong></span> <span class='ocrx_word' id='word_1_728' title='bbox 1642 4668 1719 4739; x_wconf 83' lang='grc' dir='ltr'>τῷ</span> <span class='ocrx_word' id='word_1_729' title='bbox 1769 4666 1984 4738; x_wconf 84' lang='grc' dir='ltr'>σώματι</span> 
     </span>
    </p>
   </div>
   <div class='ocr_carea' id='block_1_94' title="bbox 408 4760 1987 4834">
    <p class='ocr_par' dir='ltr' id='par_1_94' title="bbox 408 4760 1987 4834">
     <span class='ocr_line' id='line_1_94' title="bbox 408 4760 1987 4834; baseline -0.002 -18"><span class='ocrx_word' id='word_1_730' title='bbox 408 4762 805 4834; x_wconf 82' lang='grc' dir='ltr'>λελωϐημένον,</span> <span class='ocrx_word' id='word_1_731' title='bbox 829 4763 909 4815; x_wconf 85' lang='grc' dir='ltr'>ὅτι</span> <span class='ocrx_word' id='word_1_732' title='bbox 938 4760 1255 4833; x_wconf 79' lang='grc' dir='ltr'>λελώϐηται.</span> <span class='ocrx_word' id='word_1_733' title='bbox 1284 4762 1365 4815; x_wconf 84' lang='grc' dir='ltr'><strong>Τὰ</strong></span> <span class='ocrx_word' id='word_1_734' title='bbox 1393 4761 1501 4832; x_wconf 79' lang='grc' dir='ltr'>γὰρ</span> <span class='ocrx_word' id='word_1_735' title='bbox 1524 4760 1747 4815; x_wconf 89' lang='grc' dir='ltr'>τοιαῦτα</span> <span class='ocrx_word' id='word_1_736' title='bbox 1774 4760 1987 4831; x_wconf 82' lang='grc' dir='ltr'>φύσεώς</span> 
     </span>
    </p>
   </div>
   <div class='ocr_carea' id='block_1_95' title="bbox 414 4854 1985 4926">
    <p class='ocr_par' dir='ltr' id='par_1_95' title="bbox 414 4854 1985 4926">
     <span class='ocr_line' id='line_1_95' title="bbox 414 4854 1985 4926; baseline -0.003 -15"><span class='ocrx_word' id='word_1_737' title='bbox 414 4859 564 4911; x_wconf 76' lang='grc' dir='ltr'>ἐστιν</span> <span class='ocrx_word' id='word_1_738' title='bbox 601 4856 926 4926; x_wconf 86' lang='grc' dir='ltr'>ἀτυχήματα</span> <span class='ocrx_word' id='word_1_739' title='bbox 948 4893 964 4920; x_wconf 94' lang='grc'><strong>,</strong></span> <span class='ocrx_word' id='word_1_740' title='bbox 992 4854 1088 4925; x_wconf 83' lang='grc' dir='ltr'><strong>τὴν</strong></span> <span class='ocrx_word' id='word_1_741' title='bbox 1119 4855 1269 4925; x_wconf 82' lang='grc' dir='ltr'>παρὰ</span> <span class='ocrx_word' id='word_1_742' title='bbox 1290 4855 1397 4907; x_wconf 84' lang='grc' dir='ltr'>τῶν</span> <span class='ocrx_word' id='word_1_743' title='bbox 1422 4854 1547 4909; x_wconf 87' lang='grc' dir='ltr'>νοῦν</span> <span class='ocrx_word' id='word_1_744' title='bbox 1572 4855 1801 4924; x_wconf 76' lang='grc' dir='ltr'>ἐχόντων</span> <span class='ocrx_word' id='word_1_745' title='bbox 1843 4855 1985 4925; x_wconf 81' lang='grc' dir='ltr'>μέμ-</span> 
     </span>
    </p>
   </div>
   <div class='ocr_carea' id='block_1_96' title="bbox 413 4944 1985 5016">
    <p class='ocr_par' dir='ltr' id='par_1_96' title="bbox 413 4944 1985 5016">
     <span class='ocr_line' id='line_1_96' title="bbox 413 4944 1985 5016; baseline -0.002 -15"><span class='ocrx_word' id='word_1_746' title='bbox 413 4948 505 5016; x_wconf 80' lang='grc' dir='ltr'><strong>ψιν</strong></span> <span class='ocrx_word' id='word_1_747' title='bbox 551 4946 907 5016; x_wconf 78' lang='grc' dir='ltr'>ἐκφεύγοντα.</span> <span class='ocrx_word' id='word_1_748' title='bbox 957 4944 1164 4999; x_wconf 74' lang='grc' dir='ltr'>Οὐκοῦν</span> <span class='ocrx_word' id='word_1_749' title='bbox 1217 4946 1251 5015; x_wconf 83' lang='grc' dir='ltr'><strong>ἡ</strong></span> <span class='ocrx_word' id='word_1_750' title='bbox 1303 4945 1398 4998; x_wconf 87' lang='grc' dir='ltr'><strong>τοῦ</strong></span> <span class='ocrx_word' id='word_1_751' title='bbox 1439 4944 1681 5016; x_wconf 79' lang='grc' dir='ltr'>ὑϐρίζειν</span> <span class='ocrx_word' id='word_1_752' title='bbox 1742 4946 1985 5015; x_wconf 83' lang='grc' dir='ltr'>σπουδὴ,</span> 
     </span>
    </p>
   </div>
   <div class='ocr_carea' id='block_1_97' title="bbox 411 5034 1988 5109">
    <p class='ocr_par' dir='ltr' id='par_1_97' title="bbox 411 5034 1988 5109">
     <span class='ocr_line' id='line_1_97' title="bbox 411 5034 1988 5109; baseline -0.001 -18"><span class='ocrx_word' id='word_1_753' title='bbox 411 5037 691 5109; x_wconf 73' lang='grc' dir='ltr'>λογισμῶν</span> <span class='ocrx_word' id='word_1_754' title='bbox 719 5039 864 5091; x_wconf 79' lang='grc' dir='ltr'>ἐστιν</span> <span class='ocrx_word' id='word_1_755' title='bbox 891 5034 1187 5107; x_wconf 66' lang='grc' dir='ltr'>ἀρρωστία,</span> <span class='ocrx_word' id='word_1_756' title='bbox 1218 5036 1311 5089; x_wconf 74' lang='grc' dir='ltr'><strong>καὶ</strong></span> <span class='ocrx_word' id='word_1_757' title='bbox 1332 5035 1633 5105; x_wconf 85' lang='grc' dir='ltr'>δυσκληρία</span> <span class='ocrx_word' id='word_1_758' title='bbox 1659 5034 1835 5106; x_wconf 67' lang='grc' dir='ltr'>ψυχῆς</span> <span class='ocrx_word' id='word_1_759' title='bbox 1852 5075 1866 5100; x_wconf 95' lang='grc'><strong>,</strong></span> <span class='ocrx_word' id='word_1_760' title='bbox 1897 5036 1988 5089; x_wconf 87' lang='grc' dir='ltr'><strong>τὸν</strong></span> 
     </span>
    </p>
   </div>
   <div class='ocr_carea' id='block_1_98' title="bbox 416 5124 1988 5196">
    <p class='ocr_par' dir='ltr' id='par_1_98' title="bbox 416 5124 1988 5196">
     <span class='ocr_line' id='line_1_98' title="bbox 416 5124 1988 5196; baseline -0.001 -15"><span class='ocrx_word' id='word_1_761' title='bbox 416 5128 729 5196; x_wconf 82' lang='grc' dir='ltr'>ὑγιαίνοντα</span> <span class='ocrx_word' id='word_1_762' title='bbox 775 5125 1030 5195; x_wconf 84' lang='grc' dir='ltr'>λογισμὸν</span> <span class='ocrx_word' id='word_1_763' title='bbox 1073 5124 1476 5195; x_wconf 84' lang='grc' dir='ltr'>λελωϐημένης.</span> <span class='ocrx_word' id='word_1_764' title='bbox 1525 5126 1712 5189; x_wconf 77' lang='grc' dir='ltr'>Οὐδεὶς</span> <span class='ocrx_word' id='word_1_765' title='bbox 1751 5124 1843 5179; x_wconf 79' lang='grc' dir='ltr'><strong>οὖν</strong></span> <span class='ocrx_word' id='word_1_766' title='bbox 1897 5144 1988 5196; x_wconf 90' lang='grc' dir='ltr'><strong>μοι</strong></span> 
     </span>
    </p>
   </div>
   <div class='ocr_carea' id='block_1_99' title="bbox 413 5212 1989 5288">
    <p class='ocr_par' dir='ltr' id='par_1_99' title="bbox 413 5212 1989 5288">
     <span class='ocr_line' id='line_1_99' title="bbox 413 5212 1989 5288; baseline 0 -17"><span class='ocrx_word' id='word_1_767' title='bbox 413 5219 569 5287; x_wconf 82' lang='grc' dir='ltr'>λόγος</span> <span class='ocrx_word' id='word_1_768' title='bbox 598 5212 671 5272; x_wconf 82' lang='grc' dir='ltr'>ὧν</span> <span class='ocrx_word' id='word_1_769' title='bbox 696 5217 1080 5288; x_wconf 86' lang='grc' dir='ltr'>λελοιδόρηται,</span> <span class='ocrx_word' id='word_1_770' title='bbox 1113 5215 1250 5268; x_wconf 78' lang='grc' dir='ltr'>ἀλλὰ</span> <span class='ocrx_word' id='word_1_771' title='bbox 1274 5216 1371 5286; x_wconf 82' lang='grc' dir='ltr'><strong>τὴν</strong></span> <span class='ocrx_word' id='word_1_772' title='bbox 1398 5216 1629 5288; x_wconf 69' lang='grc' dir='ltr'>σφοδρὰν</span> <span class='ocrx_word' id='word_1_773' title='bbox 1655 5218 1868 5287; x_wconf 78' lang='grc' dir='ltr'>ἐκείνην</span> <span class='ocrx_word' id='word_1_774' title='bbox 1895 5219 1989 5271; x_wconf 76' lang='grc' dir='ltr'>καὶ</span> 
     </span>
    </p>
   </div>
   <div class='ocr_carea' id='block_1_100' title="bbox 416 5302 1989 5379">
    <p class='ocr_par' dir='ltr' id='par_1_100' title="bbox 416 5302 1989 5379">
     <span class='ocr_line' id='line_1_100' title="bbox 416 5302 1989 5379; baseline 0 -18"><span class='ocrx_word' id='word_1_775' title='bbox 416 5307 624 5378; x_wconf 82' lang='grc' dir='ltr'>ἄμαχον</span> <span class='ocrx_word' id='word_1_776' title='bbox 641 5307 734 5359; x_wconf 89' lang='grc' dir='ltr'><strong>τοῦ</strong></span> <span class='ocrx_word' id='word_1_777' title='bbox 753 5304 1108 5375; x_wconf 87' lang='grc' dir='ltr'>συλλογισμοῦ</span> <span class='ocrx_word' id='word_1_778' title='bbox 1132 5304 1355 5376; x_wconf 80' lang='grc' dir='ltr'>πλοκὴν,</span> <span class='ocrx_word' id='word_1_779' title='bbox 1383 5306 1448 5358; x_wconf 88' lang='grc' dir='ltr'>δι’</span> <span class='ocrx_word' id='word_1_780' title='bbox 1470 5302 1537 5379; x_wconf 82' lang='grc' dir='ltr'><strong>ἧς</strong></span> <span class='ocrx_word' id='word_1_781' title='bbox 1563 5307 1660 5378; x_wconf 84' lang='grc' dir='ltr'>τὴν</span> <span class='ocrx_word' id='word_1_782' title='bbox 1681 5307 1802 5362; x_wconf 85' lang='grc' dir='ltr'>καθ’</span> <span class='ocrx_word' id='word_1_783' title='bbox 1830 5310 1862 5377; x_wconf 81' lang='grc' dir='ltr'>ἡ</span> <span class='ocrx_word' id='word_1_784' title='bbox 1871 5309 1989 5378; x_wconf 83' lang='grc' dir='ltr'>μῶν</span> 
     </span>
    </p>
   </div>
   <div class='ocr_carea' id='block_1_101' title="bbox 418 5397 1987 5471">
    <p class='ocr_par' dir='ltr' id='par_1_101' title="bbox 418 5397 1987 5471">
     <span class='ocr_line' id='line_1_101' title="bbox 418 5397 1987 5471; baseline 0 -19"><span class='ocrx_word' id='word_1_785' title='bbox 418 5398 749 5470; x_wconf 83' lang='grc' dir='ltr'>κατηγορίαν</span> <span class='ocrx_word' id='word_1_786' title='bbox 803 5397 938 5468; x_wconf 79' lang='grc' dir='ltr'>πρὸς</span> <span class='ocrx_word' id='word_1_787' title='bbox 1000 5397 1090 5449; x_wconf 88' lang='grc' dir='ltr'><strong>τὸν</strong></span> <span class='ocrx_word' id='word_1_788' title='bbox 1141 5397 1339 5450; x_wconf 80' lang='grc' dir='ltr'>σκοπὸν</span> <span class='ocrx_word' id='word_1_789' title='bbox 1389 5398 1584 5451; x_wconf 76' lang='grc' dir='ltr'>ἑαυτοῦ</span> <span class='ocrx_word' id='word_1_790' title='bbox 1634 5399 1987 5471; x_wconf 74' lang='grc' dir='ltr'>συνεπέρανε,</span> 
     </span>
    </p>
   </div>
   <div class='ocr_carea' id='block_1_102' title="bbox 416 5489 1986 5563">
    <p class='ocr_par' dir='ltr' id='par_1_102' title="bbox 416 5489 1986 5563">
     <span class='ocr_line' id='line_1_102' title="bbox 416 5489 1986 5563; baseline 0 -19"><span class='ocrx_word' id='word_1_791' title='bbox 416 5491 708 5563; x_wconf 69' lang='grc' dir='ltr'>διαρρήδην</span> <span class='ocrx_word' id='word_1_792' title='bbox 744 5490 939 5561; x_wconf 67' lang='grc' dir='ltr'>γράψω</span> <span class='ocrx_word' id='word_1_793' title='bbox 978 5491 1096 5542; x_wconf 83' lang='grc' dir='ltr'>κατ’</span> <span class='ocrx_word' id='word_1_794' title='bbox 1134 5489 1273 5542; x_wconf 84' lang='grc' dir='ltr'><strong>αύτά</strong></span> <span class='ocrx_word' id='word_1_795' title='bbox 1310 5489 1378 5542; x_wconf 73' lang='grc' dir='ltr'>τὰ</span> <span class='ocrx_word' id='word_1_796' title='bbox 1423 5492 1666 5561; x_wconf 77' lang='grc' dir='ltr'>ῥήματα.</span> <span class='ocrx_word' id='word_1_797' title='bbox 1702 5490 1815 5544; x_wconf 77' lang='grc' dir='ltr'>’Ὶνα</span> <span class='ocrx_word' id='word_1_798' title='bbox 1852 5490 1986 5563; x_wconf 86' lang='grc' dir='ltr'>γὰρ,</span> 
     </span>
    </p>
   </div>
   <div class='ocr_carea' id='block_1_103' title="bbox 418 5581 1987 5653">
    <p class='ocr_par' dir='ltr' id='par_1_103' title="bbox 418 5581 1987 5653">
     <span class='ocr_line' id='line_1_103' title="bbox 418 5581 1987 5653; baseline 0.004 -25"><span class='ocrx_word' id='word_1_799' title='bbox 418 5584 585 5653; x_wconf 72' lang='grc' dir='ltr'>φησὶ,</span> <span class='ocrx_word' id='word_1_800' title='bbox 623 5582 697 5653; x_wconf 85' lang='grc' dir='ltr'>μὴ</span> <span class='ocrx_word' id='word_1_801' title='bbox 723 5582 936 5653; x_wconf 80' lang='grc' dir='ltr'>κωλυθῇ</span> <span class='ocrx_word' id='word_1_802' title='bbox 966 5581 1059 5635; x_wconf 85' lang='grc' dir='ltr'><strong>τὸν</strong></span> <span class='ocrx_word' id='word_1_803' title='bbox 1091 5581 1219 5634; x_wconf 87' lang='grc' dir='ltr'>Υἰὸν</span> <span class='ocrx_word' id='word_1_804' title='bbox 1263 5582 1327 5634; x_wconf 82' lang='grc' dir='ltr'>ὲκ</span> <span class='ocrx_word' id='word_1_805' title='bbox 1362 5581 1650 5651; x_wconf 87' lang='grc' dir='ltr'>μετουσίας</span> <span class='ocrx_word' id='word_1_806' title='bbox 1686 5582 1856 5634; x_wconf 80' lang='grc' dir='ltr'>εἰπεῖν</span> <span class='ocrx_word' id='word_1_807' title='bbox 1891 5581 1987 5635; x_wconf 91' lang='grc' dir='ltr'><strong>τοῦ</strong></span> 
     </span>
    </p>
   </div>
   <div class='ocr_carea' id='block_1_104' title="bbox 419 5672 1987 5744">
    <p class='ocr_par' dir='ltr' id='par_1_104' title="bbox 419 5672 1987 5744">
     <span class='ocr_line' id='line_1_104' title="bbox 419 5672 1987 5744; baseline -0.003 -15"><span class='ocrx_word' id='word_1_808' title='bbox 419 5676 592 5742; x_wconf 75' lang='grc' dir='ltr'>ὄντος,</span> <span class='ocrx_word' id='word_1_809' title='bbox 620 5674 841 5744; x_wconf 85' lang='grc' dir='ltr'>λέληθεν</span> <span class='ocrx_word' id='word_1_810' title='bbox 872 5672 1099 5740; x_wconf 78' lang='grc' dir='ltr'>ἑαυτὸν,</span> <span class='ocrx_word' id='word_1_811' title='bbox 1132 5673 1224 5727; x_wconf 85' lang='grc' dir='ltr'><strong>τὸν</strong></span> <span class='ocrx_word' id='word_1_812' title='bbox 1254 5674 1345 5726; x_wconf 80' lang='grc' dir='ltr'><strong>ἐπὶ</strong></span> <span class='ocrx_word' id='word_1_813' title='bbox 1382 5674 1598 5726; x_wconf 88' lang='grc' dir='ltr'>πάντων</span> <span class='ocrx_word' id='word_1_814' title='bbox 1633 5674 1765 5726; x_wconf 80' lang='grc' dir='ltr'>Θεὸν</span> <span class='ocrx_word' id='word_1_815' title='bbox 1801 5674 1868 5725; x_wconf 80' lang='grc' dir='ltr'>ἐκ</span> <span class='ocrx_word' id='word_1_816' title='bbox 1893 5672 1987 5725; x_wconf 86' lang='grc' dir='ltr'><strong>τοῦ</strong></span> 
     </span>
    </p>
   </div>
   <div class='ocr_carea' id='block_1_105' title="bbox 420 5764 1993 5838">
    <p class='ocr_par' dir='ltr' id='par_1_105' title="bbox 420 5764 1993 5838">
     <span class='ocr_line' id='line_1_105' title="bbox 420 5764 1993 5838; baseline -0.002 -19"><span class='ocrx_word' id='word_1_817' title='bbox 420 5766 596 5837; x_wconf 82' lang='grc' dir='ltr'>πάντη</span> <span class='ocrx_word' id='word_1_818' title='bbox 630 5765 705 5838; x_wconf 83' lang='grc' dir='ltr'>μὴ</span> <span class='ocrx_word' id='word_1_819' title='bbox 736 5766 887 5828; x_wconf 79' lang='grc' dir='ltr'>ὄντος</span> <span class='ocrx_word' id='word_1_820' title='bbox 934 5765 1123 5822; x_wconf 74' lang='grc' dir='ltr'>εἰπών,</span> <span class='ocrx_word' id='word_1_821' title='bbox 1174 5766 1235 5818; x_wconf 85' lang='grc' dir='ltr'>Εἰ</span> <span class='ocrx_word' id='word_1_822' title='bbox 1270 5765 1376 5837; x_wconf 79' lang='grc' dir='ltr'>γὰρ</span> <span class='ocrx_word' id='word_1_823' title='bbox 1408 5765 1468 5817; x_wconf 88' lang='grc' dir='ltr'><strong>τὸ</strong></span> <span class='ocrx_word' id='word_1_824' title='bbox 1504 5765 1667 5835; x_wconf 76' lang='grc' dir='ltr'>μηδὲν</span> <span class='ocrx_word' id='word_1_825' title='bbox 1692 5764 1770 5835; x_wconf 85' lang='grc' dir='ltr'>τῷ</span> <span class='ocrx_word' id='word_1_826' title='bbox 1814 5764 1993 5838; x_wconf 77' lang='grc' dir='ltr'>πάντη</span> 
     </span>
    </p>
   </div>
   <div class='ocr_carea' id='block_1_106' title="bbox 424 5854 1988 5930">
    <p class='ocr_par' dir='ltr' id='par_1_106' title="bbox 424 5854 1988 5930">
     <span class='ocr_line' id='line_1_106' title="bbox 424 5854 1988 5930; baseline 0.001 -19"><span class='ocrx_word' id='word_1_827' title='bbox 424 5857 500 5930; x_wconf 78' lang='grc' dir='ltr'>μὴ</span> <span class='ocrx_word' id='word_1_828' title='bbox 531 5856 644 5914; x_wconf 79' lang='grc' dir='ltr'>δντι</span> <span class='ocrx_word' id='word_1_829' title='bbox 664 5856 830 5912; x_wconf 84' lang='grc' dir='ltr'>ταύτὸ</span> <span class='ocrx_word' id='word_1_830' title='bbox 850 5855 989 5910; x_wconf 76' lang='grc' dir='ltr'>κατὰ</span> <span class='ocrx_word' id='word_1_831' title='bbox 1012 5856 1109 5928; x_wconf 75' lang='grc' dir='ltr'>τὴν</span> <span class='ocrx_word' id='word_1_832' title='bbox 1137 5854 1366 5928; x_wconf 72' lang='grc' dir='ltr'>ἔννοιαν,</span> <span class='ocrx_word' id='word_1_833' title='bbox 1397 5856 1503 5912; x_wconf 82' lang='grc' dir='ltr'>τῶν</span> <span class='ocrx_word' id='word_1_834' title='bbox 1528 5856 1583 5910; x_wconf 74' lang='grc' dir='ltr'>δὲ</span> <span class='ocrx_word' id='word_1_835' title='bbox 1604 5854 1988 5928; x_wconf 78' lang='grc' dir='ltr'>ίσοδυναμούν-</span> 
     </span>
    </p>
   </div>
   <div class='ocr_carea' id='block_1_107' title="bbox 2086 4669 3660 4745">
    <p class='ocr_par' dir='ltr' id='par_1_107' title="bbox 2086 4669 3660 4745">
     <span class='ocr_line' id='line_1_107' title="bbox 2086 4669 3660 4745; baseline 0.004 -21"><span class='ocrx_word' id='word_1_836' title='bbox 2086 4670 2225 4724; x_wconf 88' lang='lat' dir='ltr'><strong>vicia</strong></span> <span class='ocrx_word' id='word_1_837' title='bbox 2256 4677 2310 4725; x_wconf 93' lang='lat' dir='ltr'><strong>et</strong></span> <span class='ocrx_word' id='word_1_838' title='bbox 2340 4670 2539 4739; x_wconf 90' lang='lat' dir='ltr'><strong>probra</strong></span> <span class='ocrx_word' id='word_1_839' title='bbox 2558 4707 2573 4733; x_wconf 94' lang='lat'><strong>,</strong></span> <span class='ocrx_word' id='word_1_840' title='bbox 2608 4683 2720 4723; x_wconf 92' lang='lat' dir='ltr'><strong>non</strong></span> <span class='ocrx_word' id='word_1_841' title='bbox 2748 4669 2912 4739; x_wconf 89' lang='lat' dir='ltr'><strong>culpo</strong></span> <span class='ocrx_word' id='word_1_842' title='bbox 2940 4684 3065 4724; x_wconf 91' lang='lat' dir='ltr'><strong>eum</strong></span> <span class='ocrx_word' id='word_1_843' title='bbox 3113 4671 3207 4741; x_wconf 91' lang='lat' dir='ltr'><strong>qui</strong></span> <span class='ocrx_word' id='word_1_844' title='bbox 3235 4671 3345 4727; x_wconf 86' lang='lat' dir='ltr'><strong>olet</strong></span> <span class='ocrx_word' id='word_1_845' title='bbox 3369 4687 3486 4740; x_wconf 91' lang='lat' dir='ltr'><strong>ore,</strong></span> <span class='ocrx_word' id='word_1_846' title='bbox 3515 4677 3660 4745; x_wconf 90' lang='lat' dir='ltr'><strong>quod</strong></span> 
     </span>
    </p>
   </div>
   <div class='ocr_carea' id='block_1_108' title="bbox 2085 4760 3663 4836">
    <p class='ocr_par' dir='ltr' id='par_1_108' title="bbox 2085 4760 3663 4836">
     <span class='ocr_line' id='line_1_108' title="bbox 2085 4760 3663 4836; baseline 0.003 -20"><span class='ocrx_word' id='word_1_847' title='bbox 2085 4761 2281 4825; x_wconf 89' lang='lat' dir='ltr'><strong>olevit,</strong></span> <span class='ocrx_word' id='word_1_848' title='bbox 2330 4776 2508 4829; x_wconf 89' lang='lat' dir='ltr'><strong>neque</strong></span> <span class='ocrx_word' id='word_1_849' title='bbox 2541 4773 2773 4830; x_wconf 90' lang='lat' dir='ltr'><strong>corpore</strong></span> <span class='ocrx_word' id='word_1_850' title='bbox 2804 4760 3051 4815; x_wconf 84' lang='lat' dir='ltr'><strong>vitiatum</strong></span> <span class='ocrx_word' id='word_1_851' title='bbox 3084 4769 3138 4815; x_wconf 90' lang='lat' dir='ltr'><strong>et</strong></span> <span class='ocrx_word' id='word_1_852' title='bbox 3179 4762 3484 4817; x_wconf 86' lang='lat' dir='ltr'><strong>mutilatum</strong></span> <span class='ocrx_word' id='word_1_853' title='bbox 3517 4768 3663 4836; x_wconf 91' lang='lat' dir='ltr'><strong>quod</strong></span> 
     </span>
    </p>
   </div>
   <div class='ocr_carea' id='block_1_109' title="bbox 2094 4849 3662 4922">
    <p class='ocr_par' dir='ltr' id='par_1_109' title="bbox 2094 4849 3662 4922">
     <span class='ocr_line' id='line_1_109' title="bbox 2094 4849 3662 4922; baseline 0.004 -16"><span class='ocrx_word' id='word_1_854' title='bbox 2094 4852 2325 4908; x_wconf 92' lang='lat' dir='ltr'><strong>mutilus</strong></span> <span class='ocrx_word' id='word_1_855' title='bbox 2355 4860 2460 4906; x_wconf 89' lang='lat' dir='ltr'><strong>est.</strong></span> <span class='ocrx_word' id='word_1_856' title='bbox 2491 4849 2647 4904; x_wconf 90' lang='lat' dir='ltr'><strong>Talia</strong></span> <span class='ocrx_word' id='word_1_857' title='bbox 2692 4850 2837 4905; x_wconf 88' lang='lat' dir='ltr'><strong>enim</strong></span> <span class='ocrx_word' id='word_1_858' title='bbox 2889 4858 3018 4907; x_wconf 89' lang='lat' dir='ltr'><strong>sunt</strong></span> <span class='ocrx_word' id='word_1_859' title='bbox 3074 4860 3286 4908; x_wconf 59' lang='lat' dir='ltr'><strong>natura;</strong></span> <span class='ocrx_word' id='word_1_860' title='bbox 3338 4853 3662 4922; x_wconf 82' lang='lat' dir='ltr'><strong>infortunia,</strong></span> 
     </span>
    </p>
   </div>
   <div class='ocr_carea' id='block_1_110' title="bbox 2086 4943 3666 5018">
    <p class='ocr_par' dir='ltr' id='par_1_110' title="bbox 2086 4943 3666 5018">
     <span class='ocr_line' id='line_1_110' title="bbox 2086 4943 3666 5018; baseline 0.004 -19"><span class='ocrx_word' id='word_1_861' title='bbox 2086 4960 2208 5015; x_wconf 65' lang='lat' dir='ltr'><strong>quae</strong></span> <span class='ocrx_word' id='word_1_862' title='bbox 2231 4944 2558 5013; x_wconf 90' lang='lat' dir='ltr'><strong>vituperium</strong></span> <span class='ocrx_word' id='word_1_863' title='bbox 2592 4959 2622 4996; x_wconf 89' lang='lat' dir='ltr'><strong>a</strong></span> <span class='ocrx_word' id='word_1_864' title='bbox 2655 4943 3020 5014; x_wconf 84' lang='lat' dir='ltr'><strong>prudentibus</strong></span> <span class='ocrx_word' id='word_1_865' title='bbox 3054 4943 3345 5014; x_wconf 83' lang='lat' dir='ltr'><strong>eﬂugiunt.</strong></span> <span class='ocrx_word' id='word_1_866' title='bbox 3374 4945 3518 5018; x_wconf 89' lang='lat' dir='ltr'><strong>Ergo</strong></span> <span class='ocrx_word' id='word_1_867' title='bbox 3538 4964 3666 5005; x_wconf 87' lang='lat' dir='ltr'><strong>con-</strong></span> 
     </span>
    </p>
   </div>
   <div class='ocr_carea' id='block_1_111' title="bbox 2090 5032 3666 5105">
    <p class='ocr_par' dir='ltr' id='par_1_111' title="bbox 2090 5032 3666 5105">
     <span class='ocr_line' id='line_1_111' title="bbox 2090 5032 3666 5105; baseline 0.006 -17"><span class='ocrx_word' id='word_1_868' title='bbox 2090 5035 2311 5089; x_wconf 89' lang='lat' dir='ltr'><strong>tumelia</strong></span> <span class='ocrx_word' id='word_1_869' title='bbox 2344 5032 2611 5089; x_wconf 84' lang='lat' dir='ltr'><strong>alliciendi</strong></span> <span class='ocrx_word' id='word_1_870' title='bbox 2638 5033 2881 5089; x_wconf 89' lang='lat' dir='ltr'><strong>studium</strong></span> <span class='ocrx_word' id='word_1_871' title='bbox 2929 5036 3159 5091; x_wconf 90' lang='lat' dir='ltr'><strong>rationis</strong></span> <span class='ocrx_word' id='word_1_872' title='bbox 3204 5045 3288 5092; x_wconf 87' lang='lat' dir='ltr'><strong>est</strong></span> <span class='ocrx_word' id='word_1_873' title='bbox 3318 5038 3551 5105; x_wconf 90' lang='lat' dir='ltr'><strong>insania,</strong></span> <span class='ocrx_word' id='word_1_874' title='bbox 3581 5050 3666 5097; x_wconf 86' lang='lat' dir='ltr'><strong>at-</strong></span> 
     </span>
    </p>
   </div>
   <div class='ocr_carea' id='block_1_112' title="bbox 2089 5126 3666 5197">
    <p class='ocr_par' dir='ltr' id='par_1_112' title="bbox 2089 5126 3666 5197">
     <span class='ocr_line' id='line_1_112' title="bbox 2089 5126 3666 5197; baseline 0.006 -17"><span class='ocrx_word' id='word_1_875' title='bbox 2089 5143 2197 5197; x_wconf 90' lang='lat' dir='ltr'><strong>que</strong></span> <span class='ocrx_word' id='word_1_876' title='bbox 2223 5126 2390 5180; x_wconf 85' lang='lat' dir='ltr'><strong>animi</strong></span> <span class='ocrx_word' id='word_1_877' title='bbox 2425 5141 2557 5181; x_wconf 89' lang='lat' dir='ltr'><strong>sana</strong></span> <span class='ocrx_word' id='word_1_878' title='bbox 2605 5126 2818 5181; x_wconf 91' lang='lat' dir='ltr'><strong>ratione</strong></span> <span class='ocrx_word' id='word_1_879' title='bbox 2861 5126 3037 5181; x_wconf 86' lang='lat' dir='ltr'><strong>vitiati</strong></span> <span class='ocrx_word' id='word_1_880' title='bbox 3073 5127 3457 5187; x_wconf 79' lang='lat' dir='ltr'><strong>infortunium.</strong></span> <span class='ocrx_word' id='word_1_881' title='bbox 3505 5131 3666 5189; x_wconf 83' lang='lat' dir='ltr'><strong>Nulla</strong></span> 
     </span>
    </p>
   </div>
   <div class='ocr_carea' id='block_1_113' title="bbox 2090 5216 3665 5288">
    <p class='ocr_par' dir='ltr' id='par_1_113' title="bbox 2090 5216 3665 5288">
     <span class='ocr_line' id='line_1_113' title="bbox 2090 5216 3665 5288; baseline 0.007 -18"><span class='ocrx_word' id='word_1_882' title='bbox 2090 5218 2257 5288; x_wconf 83' lang='lat' dir='ltr'><strong>igitur</strong></span> <span class='ocrx_word' id='word_1_883' title='bbox 2276 5216 2407 5271; x_wconf 88' lang='lat' dir='ltr'><strong>mibi</strong></span> <span class='ocrx_word' id='word_1_884' title='bbox 2436 5217 2508 5271; x_wconf 91' lang='lat' dir='ltr'><strong>sit</strong></span> <span class='ocrx_word' id='word_1_885' title='bbox 2528 5217 2667 5271; x_wconf 89' lang='lat' dir='ltr'><strong>ratio</strong></span> <span class='ocrx_word' id='word_1_886' title='bbox 2692 5218 2814 5287; x_wconf 86' lang='lat' dir='ltr'><strong>ejus</strong></span> <span class='ocrx_word' id='word_1_887' title='bbox 2837 5219 3232 5287; x_wconf 83' lang='lat' dir='ltr'><strong>conviciorum,</strong></span> <span class='ocrx_word' id='word_1_888' title='bbox 3262 5222 3357 5277; x_wconf 93' lang='lat' dir='ltr'><strong>sed</strong></span> <span class='ocrx_word' id='word_1_889' title='bbox 3376 5222 3665 5281; x_wconf 82' lang='lat' dir='ltr'><strong>vehemen-</strong></span> 
     </span>
    </p>
   </div>
   <div class='ocr_carea' id='block_1_114' title="bbox 2090 5309 3663 5383">
    <p class='ocr_par' dir='ltr' id='par_1_114' title="bbox 2090 5309 3663 5383">
     <span class='ocr_line' id='line_1_114' title="bbox 2090 5309 3663 5383; baseline 0.006 -19"><span class='ocrx_word' id='word_1_890' title='bbox 2090 5317 2198 5365; x_wconf 89' lang='lat' dir='ltr'><strong>tetn</strong></span> <span class='ocrx_word' id='word_1_891' title='bbox 2232 5310 2381 5363; x_wconf 91' lang='lat' dir='ltr'><strong>illum</strong></span> <span class='ocrx_word' id='word_1_892' title='bbox 2412 5317 2464 5364; x_wconf 90' lang='grc' dir='ltr'><strong>ει</strong></span> <span class='ocrx_word' id='word_1_893' title='bbox 2482 5309 2953 5381; x_wconf 82' lang='lat' dir='ltr'><strong>inexpugnabilem</strong></span> <span class='ocrx_word' id='word_1_894' title='bbox 2982 5312 3416 5370; x_wconf 90' lang='lat' dir='ltr'><strong>ratiocinationis</strong></span> <span class='ocrx_word' id='word_1_895' title='bbox 3437 5331 3663 5383; x_wconf 82' lang='lat' dir='ltr'><strong>nexum,</strong></span> 
     </span>
    </p>
   </div>
   <div class='ocr_carea' id='block_1_115' title="bbox 2096 5403 3666 5481">
    <p class='ocr_par' dir='ltr' id='par_1_115' title="bbox 2096 5403 3666 5481">
     <span class='ocr_line' id='line_1_115' title="bbox 2096 5403 3666 5481; baseline 0.005 -24"><span class='ocrx_word' id='word_1_896' title='bbox 2096 5418 2192 5472; x_wconf 89' lang='lat' dir='ltr'><strong>per</strong></span> <span class='ocrx_word' id='word_1_897' title='bbox 2227 5418 2386 5472; x_wconf 86' lang='lat' dir='ltr'><strong>quem</strong></span> <span class='ocrx_word' id='word_1_898' title='bbox 2413 5412 2605 5458; x_wconf 87' lang='lat' dir='ltr'><strong>contra</strong></span> <span class='ocrx_word' id='word_1_899' title='bbox 2634 5418 2734 5458; x_wconf 88' lang='lat' dir='ltr'><strong>nos</strong></span> <span class='ocrx_word' id='word_1_900' title='bbox 2760 5403 3164 5461; x_wconf 87' lang='lat' dir='ltr'><strong>accusationem</strong></span> <span class='ocrx_word' id='word_1_901' title='bbox 3196 5406 3263 5461; x_wconf 89' lang='lat' dir='ltr'><strong>ad</strong></span> <span class='ocrx_word' id='word_1_902' title='bbox 3292 5423 3521 5479; x_wconf 89' lang='lat' dir='ltr'><strong>scopum</strong></span> <span class='ocrx_word' id='word_1_903' title='bbox 3548 5426 3666 5481; x_wconf 87' lang='lat' dir='ltr'><strong>per-</strong></span> 
     </span>
    </p>
   </div>
   <div class='ocr_carea' id='block_1_116' title="bbox 2092 5495 3665 5567">
    <p class='ocr_par' dir='ltr' id='par_1_116' title="bbox 2092 5495 3665 5567">
     <span class='ocr_line' id='line_1_116' title="bbox 2092 5495 3665 5567; baseline 0.006 -16"><span class='ocrx_word' id='word_1_904' title='bbox 2092 5495 2269 5559; x_wconf 77' lang='lat' dir='ltr'><strong>duxit,</strong></span> <span class='ocrx_word' id='word_1_905' title='bbox 2306 5496 2497 5550; x_wconf 90' lang='lat' dir='ltr'><strong>iisdem</strong></span> <span class='ocrx_word' id='word_1_906' title='bbox 2555 5495 2738 5551; x_wconf 82' lang='lat' dir='ltr'><strong>verbis</strong></span> <span class='ocrx_word' id='word_1_907' title='bbox 2766 5504 2953 5566; x_wconf 89' lang='lat' dir='ltr'><strong>aperte</strong></span> <span class='ocrx_word' id='word_1_908' title='bbox 2982 5498 3239 5553; x_wconf 88' lang='lat' dir='ltr'><strong>scribam.</strong></span> <span class='ocrx_word' id='word_1_909' title='bbox 3277 5499 3347 5556; x_wconf 88' lang='lat' dir='ltr'><strong>Ut</strong></span> <span class='ocrx_word' id='word_1_910' title='bbox 3388 5503 3556 5567; x_wconf 90' lang='lat' dir='ltr'><strong>enim,</strong></span> <span class='ocrx_word' id='word_1_911' title='bbox 3588 5504 3665 5560; x_wconf 85' lang='lat' dir='ltr'><strong>in-</strong></span> 
     </span>
    </p>
   </div>
   <div class='ocr_carea' id='block_1_117' title="bbox 2088 5586 3665 5665">
    <p class='ocr_par' dir='ltr' id='par_1_117' title="bbox 2088 5586 3665 5665">
     <span class='ocr_line' id='line_1_117' title="bbox 2088 5586 3665 5665; baseline 0.004 -22"><span class='ocrx_word' id='word_1_912' title='bbox 2088 5588 2227 5658; x_wconf 90' lang='lat' dir='ltr'><strong>quit,</strong></span> <span class='ocrx_word' id='word_1_913' title='bbox 2273 5604 2380 5641; x_wconf 78' lang='lat' dir='ltr'><strong>non</strong></span> <span class='ocrx_word' id='word_1_914' title='bbox 2412 5587 2746 5657; x_wconf 89' lang='lat' dir='ltr'><strong>prohibitum</strong></span> <span class='ocrx_word' id='word_1_915' title='bbox 2784 5589 2857 5642; x_wconf 92' lang='lat' dir='ltr'><strong>sit</strong></span> <span class='ocrx_word' id='word_1_916' title='bbox 2897 5586 3093 5644; x_wconf 83' lang='lat' dir='ltr'><strong>Filium</strong></span> <span class='ocrx_word' id='word_1_917' title='bbox 3131 5590 3316 5648; x_wconf 81' lang='lat' dir='ltr'><strong>dicere</strong></span> <span class='ocrx_word' id='word_1_918' title='bbox 3343 5608 3407 5648; x_wconf 79' lang='lat' dir='ltr'><strong>ex</strong></span> <span class='ocrx_word' id='word_1_919' title='bbox 3444 5596 3665 5665; x_wconf 83' lang='lat' dir='ltr'><strong>partici-</strong></span> 
     </span>
    </p>
   </div>
   <div class='ocr_carea' id='block_1_118' title="bbox 2089 5678 3662 5756">
    <p class='ocr_par' dir='ltr' id='par_1_118' title="bbox 2089 5678 3662 5756">
     <span class='ocr_line' id='line_1_118' title="bbox 2089 5678 3662 5756; baseline 0.008 -24"><span class='ocrx_word' id='word_1_920' title='bbox 2089 5679 2311 5749; x_wconf 86' lang='lat' dir='ltr'><strong>patione</strong></span> <span class='ocrx_word' id='word_1_921' title='bbox 2342 5678 2462 5747; x_wconf 91' lang='lat' dir='ltr'><strong>ejus</strong></span> <span class='ocrx_word' id='word_1_922' title='bbox 2486 5678 2578 5745; x_wconf 88' lang='lat' dir='ltr'><strong>qui</strong></span> <span class='ocrx_word' id='word_1_923' title='bbox 2608 5685 2713 5744; x_wconf 88' lang='lat' dir='ltr'><strong>est,</strong></span> <span class='ocrx_word' id='word_1_924' title='bbox 2746 5679 2901 5735; x_wconf 86' lang='lat' dir='ltr'><strong>latuit</strong></span> <span class='ocrx_word' id='word_1_925' title='bbox 2932 5681 3107 5749; x_wconf 88' lang='lat' dir='ltr'><strong>ipsum</strong></span> <span class='ocrx_word' id='word_1_926' title='bbox 3132 5682 3317 5738; x_wconf 86' lang='lat' dir='ltr'><strong>dicere</strong></span> <span class='ocrx_word' id='word_1_927' title='bbox 3350 5683 3541 5753; x_wconf 86' lang='lat' dir='ltr'><strong>Deum,</strong></span> <span class='ocrx_word' id='word_1_928' title='bbox 3570 5691 3662 5756; x_wconf 85' lang='lat' dir='ltr'><strong>qni</strong></span> 
     </span>
    </p>
   </div>
   <div class='ocr_carea' id='block_1_119' title="bbox 2088 5770 3663 5842">
    <p class='ocr_par' dir='ltr' id='par_1_119' title="bbox 2088 5770 3663 5842">
     <span class='ocr_line' id='line_1_119' title="bbox 2088 5770 3663 5842; baseline 0.004 -17"><span class='ocrx_word' id='word_1_929' title='bbox 2088 5778 2175 5825; x_wconf 89' lang='lat' dir='ltr'><strong>est</strong></span> <span class='ocrx_word' id='word_1_930' title='bbox 2229 5770 2285 5824; x_wconf 92' lang='lat' dir='ltr'><strong>in</strong></span> <span class='ocrx_word' id='word_1_931' title='bbox 2340 5770 2598 5825; x_wconf 86' lang='lat' dir='ltr'><strong>omnibus</strong></span> <span class='ocrx_word' id='word_1_932' title='bbox 2628 5785 2696 5824; x_wconf 79' lang='lat' dir='ltr'><strong>ex</strong></span> <span class='ocrx_word' id='word_1_933' title='bbox 2724 5784 2793 5825; x_wconf 91' lang='lat' dir='ltr'><strong>eo</strong></span> <span class='ocrx_word' id='word_1_934' title='bbox 2838 5770 2984 5840; x_wconf 91' lang='lat' dir='ltr'><strong>quod</strong></span> <span class='ocrx_word' id='word_1_935' title='bbox 3040 5771 3260 5842; x_wconf 90' lang='lat' dir='ltr'><strong>penitus</strong></span> <span class='ocrx_word' id='word_1_936' title='bbox 3297 5788 3406 5829; x_wconf 93' lang='lat' dir='ltr'><strong>non</strong></span> <span class='ocrx_word' id='word_1_937' title='bbox 3456 5784 3558 5831; x_wconf 86' lang='lat' dir='ltr'><strong>est.</strong></span> <span class='ocrx_word' id='word_1_938' title='bbox 3604 5776 3663 5832; x_wconf 91' lang='lat' dir='ltr'><strong>Si</strong></span> 
     </span>
    </p>
   </div>
   <div class='ocr_carea' id='block_1_120' title="bbox 2089 5860 3657 5937">
    <p class='ocr_par' dir='ltr' id='par_1_120' title="bbox 2089 5860 3657 5937">
     <span class='ocr_line' id='line_1_120' title="bbox 2089 5860 3657 5937; baseline 0.004 -19"><span class='ocrx_word' id='word_1_939' title='bbox 2089 5860 2236 5918; x_wconf 89' lang='lat' dir='ltr'><strong>enim</strong></span> <span class='ocrx_word' id='word_1_940' title='bbox 2261 5861 2397 5918; x_wconf 83' lang='lat' dir='ltr'><strong>nihil</strong></span> <span class='ocrx_word' id='word_1_941' title='bbox 2425 5861 2567 5918; x_wconf 87' lang='lat' dir='ltr'><strong>idem</strong></span> <span class='ocrx_word' id='word_1_942' title='bbox 2601 5869 2686 5918; x_wconf 86' lang='lat' dir='ltr'><strong>est</strong></span> <span class='ocrx_word' id='word_1_943' title='bbox 2718 5878 2842 5917; x_wconf 91' lang='lat' dir='ltr'><strong>cum</strong></span> <span class='ocrx_word' id='word_1_944' title='bbox 2874 5878 2940 5918; x_wconf 91' lang='lat' dir='ltr'><strong>co</strong></span> <span class='ocrx_word' id='word_1_945' title='bbox 2957 5862 3102 5935; x_wconf 87' lang='lat' dir='ltr'><strong>quod</strong></span> <span class='ocrx_word' id='word_1_946' title='bbox 3129 5879 3359 5934; x_wconf 81' lang='lat' dir='ltr'><strong>prorsus</strong></span> <span class='ocrx_word' id='word_1_947' title='bbox 3389 5882 3500 5924; x_wconf 91' lang='lat' dir='ltr'><strong>non</strong></span> <span class='ocrx_word' id='word_1_948' title='bbox 3552 5880 3657 5937; x_wconf 75' lang='lat' dir='ltr'><strong>est,</strong></span> 
     </span>
    </p>
   </div>
  </div>
