4146 6386
509 432 653 491 1⁸19

1753 433 1809 491 S.
1856 430 2183 491 GREGORII
2239 416 2535 489 NYSSENI

3642 404 3789 487 sieo

510 552 821 611 secundum
862 551 1273 624 signilicatum;
1319 567 1511 609 eorum
1542 560 1724 611 autem
1774 570 1895 626 quae
1924 571 2101 627 aequa-

2206 570 2317 607 των
2347 554 2624 617 ἀκώλυτος
2654 553 2687 623 ἡ
2717 551 3040 626 μετάληψις.
3067 553 3097 608 6
3124 552 3299 623 λέγων
3322 552 3381 622 ἐξ
3404 551 3613 617 οὐδενὸς
3644 550 3789 606 εἶναι

517 646 641 700 liter
680 645 885 715 pollent
906 644 1077 699 libera
1113 651 1200 699 est
1229 645 1650 716 transsumptio,
1696 660 1877 717 neque
1911 646 2101 718 prohi-

514 739 717 802 betur;
754 735 847 805 qui
879 734 1015 789 dicit
1071 734 1241 791 Deum
1274 751 1342 790 ex
1394 736 1569 799 nullo.
1594 752 1667 792 es
1708 752 1775 793 eo
1800 738 1945 809 quod
1974 738 2103 792 ίιιιι-

514 826 665 880 ditus
697 839 804 879 non
828 832 913 879 cst
962 824 1094 879 dicit
1153 824 1319 881 Deum
1356 840 1499 881 esse.
1553 826 1632 879 Ad
1663 826 1884 899 aliquod
1913 842 2104 884 eorum

505 930 629 985 quae
652 924 782 971 sunt
812 916 958 970 dicta
993 917 1145 985 prius
1177 917 1368 971 oculos
1402 924 1815 973 convertamus.

577 1005 731 1072 Quod
792 1022 861 1062 ex
912 1007 1329 1077 participatione
1378 1006 1473 1063 Dei
1525 1007 1723 1064 Filium
1786 1018 1965 1080 putat,
2017 1007 2106 1065 his
2170 1070 2171 1085 ἰ

505 1099 671 1153 etiam
705 1098 799 1168 qui
824 1113 933 1154 non
959 1099 1061 1153 hoc
1099 1099 1378 1169 accipiunt
1419 1100 1531 1156 oris
1568 1103 1651 1156 sui
1681 1102 2105 1173 graveolentiam

506 1191 791 1261 inspergit,
816 1191 901 1246 vel
920 1200 1131 1262 turpem
1153 1198 1207 1246 et
1220 1191 1574 1259 somniosam,
1602 1192 1718 1249 sive
1734 1194 2105 1249 turbulentam

507 1283 858 1351 sOpIiismatis
886 1282 1362 1353 compositionem,
1396 1284 1513 1341 sive
1546 1293 1881 1341 structuram
1904 1285 2121 1357 disqui-

507 1388 713 1428 remus.
743 1370 850 1428 Sed
881 1372 1104 1444 quidem
1134 1389 1202 1429 ex
1229 1374 1648 1446 participatione
1675 1376 1875 1433 divina:
1898 1386 2109 1434 natura:

507 1465 781 1519 asciscere
820 1463 981 1530 ﬁlios,
1026 1463 1271 1519 solorum
1324 1474 1608 1535 poetarum
1642 1474 1700 1523 et
1740 1467 2107 1525 fabulatorum

504 1568 629 1609 esse
679 1569 839 1609 nemo
882 1555 975 1625 qui
1026 1555 1109 1609 vel
1151 1555 1432 1627 paululum
1488 1561 1791 1628 prudentia:
1826 1570 1880 1617 et
1909 1560 2108 1622 mentis

507 1644 725 1707 habeat,
770 1643 1005 1715 ignorat.
1054 1642 1147 1699 Sic
1198 1644 1343 1701 enim
1379 1647 1471 1717 qui
1509 1649 1847 1707 carminibus
1894 1649 2108 1707 fabulas

506 1745 860 1802 connectunt,
890 1735 1159 1807 Dionysos
1201 1736 1468 1808 quosdam
1504 1747 1558 1795 et
1610 1739 1894 1808 Hercules,
1922 1751 1976 1796 et
2005 1741 2108 1796 Mi-

506 1843 640 1883 noes
673 1844 741 1883 ex
766 1829 1158 1884 daemoniorum
1190 1830 1480 1900 complexu
1521 1832 1576 1887 in
1611 1834 1850 1889 humana
1877 1849 2105 1906 corpora

2202 644 2300 696 τὸν
2346 645 2499 708 Θεὸν,
2534 645 2599 697 ἐκ
2641 643 2735 697 τοῦ
2773 644 2954 715 πάντη
2997 644 3072 716 μὴ
3117 644 3269 707 ὄντος
3311 640 3451 699 εἶναι
3494 644 3644 713 λέγει
3688 650 3787 697 τον

2203 733 2364 787 Θεόνο
2388 736 2527 807 πρός
2561 752 2614 789 τι
2646 736 2763 790 τῶν
2789 734 3096 807 εἰρημένων
3124 735 3390 808 πρότερον
3423 735 3640 808 ῐδωμεν.

2274 991 2400 1049 Ὀτι
2434 993 2497 1047 ὲκ
2531 992 2823 1064 μετουσίας
2851 990 2945 1047 τοῦ
2989 991 3125 1048 Θεοῦ
3167 991 3260 1047 τὸν
3292 992 3424 1048 Υίδν
3463 993 3657 1058 οίεται,
3687 994 3786 1049 καὶ

2202 1091 2316 1153 τοῖς
2360 1089 2435 1161 μὴ
2471 1088 2631 1143 τοῦτο
2655 1089 2963 1161 δεχομένοις
2994 1086 3340 1151 ὲπισκεδάξει
3380 1086 3475 1139 τοῦ
3516 1087 3787 1157 στόματος

2206 1181 2399 1236 ἑαυτοῦ
2419 1182 2519 1253 τὴν
2545 1182 2829 1249 δυσωδίαν,
2858 1182 2891 1251 ἢ
2924 1182 3023 1254 τὴν
3042 1180 3257 1251 ψυχρὰν
3287 1180 3382 1233 καὶ
3406 1177 3665 1253 όνειρὼδη
3688 1178 3784 1233 τοῦ

2209 1279 2540 1350 σοφίσματος
2562 1278 2838 1350 συνθήκην
2872 1277 3269 1347 διεξετὰσομεν.
3313 1272 3454 1328 Ἀλλ’
3484 1277 3567 1330 ὅτι
3601 1276 3701 1346 μὲν
3722 1276 3786 1329 τὸ

2206 1370 2269 1423 ὲκ
2298 1369 2588 1441 μετουσίας
2605 1372 2672 1441 τῇ
2695 1368 2813 1440 θείᾳ
2829 1367 2987 1438 φύσει
3008 1366 3341 1440 προσάπτειν
3361 1365 3528 1430 υίοὺς,
3548 1367 3786 1438 ποιητῶν

2208 1460 2383 1529 μόνων
2399 1460 2493 1514 καὶ
2523 1458 2913 1531 μυθοπλαστῶν
2933 1461 3105 1523 ἐστιν,
3126 1458 3229 1512 οὐκ
3252 1456 3318 1513 ἂν
3345 1456 3562 1527 ἀγνοοίη
3578 1474 3660 1521 τις
3676 1456 3786 1511 τῶν

2203 1550 2451 1604 ὁπωσοῦν
2500 1550 2835 1622 μετεχόντων
2874 1550 3210 1622 φρονήσεως.
3254 1549 3367 1603 Καὶ
3412 1548 3554 1602 οῦτω
3584 1548 3693 1619 γὰρ
3732 1550 3782 1602 oi

2204 1642 2318 1706 τοϊς
2344 1642 2565 1714 μέτροις
2593 1643 2720 1707 τοὺς
2746 1641 2951 1715 μύθους
2971 1642 3291 1714 ὲνείροντες,
3327 1640 3612 1705 Διονύσους
3632 1640 3784 1705 τινὰς

2206 1735 2301 1789 καὶ
2338 1733 2643 1808 Ἡρακλέας
2665 1774 2681 1800 ,
2730 1735 2824 1789 καὶ
2864 1734 3123 1798 Μίνωας,
3158 1734 3253 1788 καὶ
3280 1733 3476 1797 ἄλλους
3510 1733 3783 1797 τοιούτους

2208 1827 2273 1881 έκ
2303 1826 2588 1897 δαιμονίας
2616 1829 2696 1891 είς
2720 1826 3037 1898 ἀνθρώπινα
3068 1823 3295 1895 σώματα
3328 1824 3643 1894 συμπλοκῆς
3668 1824 3784 1877 δια-

504 1921 849 1993 conlingnnt,
871 1932 1034 1992 atque
1066 1922 1279 1979 caeteris
1303 1924 1617 1982 hominibus
1636 1926 1773 1982 tales
1796 1904 2101 1999 superiores

2209 1915 2534 1980 πλάσσουσι,
2572 1917 2669 1970 καὶ
2707 1916 3061 1989 ύπεραίρουσι
3093 1916 3203 1969 τῶν
3243 1916 3447 1971 λοιπῶν
3480 1914 3782 1987 ἀνθρώπων

502 2024 558 2067 ει
586 2014 929 2084 angustiores
958 2030 1060 2069 suo
1098 2017 1343 2071 carmine
1371 2016 1678 2083 celebrant,
1718 2026 1778 2074 ut
1810 2008 2104 2092 participa-

506 2102 655 2156 tione
689 2103 1085 2172 praestantioris
1102 2112 1311 2160 natura:
1326 2105 1449 2175 plus
1476 2106 1762 2166 habentes.
1791 2108 1931 2182 Ergo
1959 2111 2106 2168 hunc

502 2192 723 2262 quidem
754 2208 1059 2249 sermonem
1087 2203 1145 2248 ut
1174 2209 1207 2251 e
1231 2194 1394 2250 domo
1428 2196 1680 2252 amentia:
1706 2206 1761 2253 et
1803 2199 2104 2270 impietatis

504 2284 983 2354 reprehensionem
1023 2284 1313 2341 habentem
1349 2286 1570 2343 silentio
1604 2287 1883 2344 involvere
1924 2290 2101 2348 decet.

510 2372 620 2428 Sed
684 2375 868 2445 potius
951 2375 1428 2447 inexpugnabilem
1494 2377 1648 2432 illum
1725 2379 2103 2451 syllogismqu

501 2465 764 2536 adjicere,
812 2476 871 2521 ut
917 2466 1095 2522 nostri
1149 2467 1430 2538 simplices
1478 2476 1535 2525 et
1572 2468 1809 2540 imperiti
1859 2472 2100 2539 discant,

503 2556 669 2627 quale
691 2562 746 2611 ει
782 2565 1049 2627 quantum
1076 2556 1171 2628 qui
1201 2558 1529 2616 artiﬁciosas
1552 2559 1958 2620 insinuationes
1989 2581 2100 2622 non

502 2647 833 2708 didicerunt.
862 2646 1123 2703 damnum
1160 2659 1217 2706 et
1247 2649 1632 2707 detrimentum
1676 2655 1823 2724 passi
1851 2667 2001 2713 sunt.
2042 2656 2103 2714 Si

501 2740 647 2796 enim
687 2740 844 2809 nihil,
880 2741 1081 2812 inquit,
1103 2756 1232 2799 cum
1270 2757 1339 2799 eo
1373 2744 1522 2815 quod
1554 2760 1781 2817 prorsus
1830 2763 1939 2804 non
1993 2761 2101 2819 est,

503 2834 645 2890 idem
672 2841 758 2890 est
786 2834 1086 2890 secundum
1118 2850 1379 2893 sensum:
1415 2838 1885 2910 aequipollentium
1919 2848 2101 2898 autem

503 2941 614 2981 non
667 2926 989 2997 prohibetur
1038 2929 1475 2999 transsumptio;
1531 2931 1625 3002 qui
1677 2932 1814 2987 dicit
1838 2948 1905 2989 ex
1952 2934 2103 2991 nullo

501 3033 626 3074 esse
665 3016 855 3084 Deum,
881 3032 949 3075 ex
976 3032 1042 3074 eo
1073 3019 1220 3087 quod
1260 3036 1371 3076 non
1414 3022 1639 3079 omnino
1688 3032 1773 3079 est
1805 3025 1941 3080 dicit
1980 3014 2104 3083 esse

503 3107 696 3164 Deum.
729 3108 865 3176 Quis
899 3109 1049 3165 dedit
1083 3110 1134 3166 ei
1184 3113 1279 3182 qui
1311 3112 1367 3167 in
1402 3128 1503 3169 nos
1552 3114 1961 3171 Aristotelicam
2004 3134 2102 3171 cu-

2162 2022 2165 2027 ‘
2206 2008 2332 2072 τοὺς
2355 2005 2630 2071 τοιούτους
2656 2006 2735 2077 τῷ
2775 2006 2939 2078 λόγῳ,
2969 2006 3045 2070 ὡς
3073 2009 3139 2079 τῇ
3173 2007 3432 2079 μετουσίᾳ
3470 2006 3568 2077 τῆς
3596 2007 3783 2078 κρείτ-

2205 2113 2356 2161 τονος
2383 2095 2617 2166 φύσεως,
2648 2095 2709 2149 τὺ
2742 2096 2908 2150 πλέον
2933 2094 3175 2167 ἔχοντας.
3207 2096 3419 2150 Οὐκοῦν
3458 2096 3644 2150 τοῦτον
3683 2096 3784 2168 μὲν

2202 2186 2295 2241 τὸν
2321 2187 2476 2256 λόγον
2502 2186 2578 2251 ὡς
2593 2184 2807 2241 οἴκοθεν
2829 2186 2922 2240 τὸν
2944 2187 3045 2257 τῆς
3064 2187 3249 2251 ἀνοίας
3275 2188 3391 2259 ἅμα
3416 2187 3511 2240 καὶ
3532 2186 3783 2249 ἀσεϐείας

2204 2278 2424 2349 ἔλεγχον
2463 2277 2688 2349 ἔχοντα,
2732 2279 3007 2349 σιωπῆσαι
3053 2280 3342 2350 προσήκει.
3375 2278 3694 2350 Προσθεῖναι
3723 2277 3783 2331 δὲ

2206 2371 2406 2443 μᾶλλον
2436 2370 2526 2425 τὸν
2551 2371 2763 2443 ἄμαχον
2801 2373 3008 2425 ἐκεῖνον
3050 2371 3426 2441 συλλογισμὸν,
3457 2372 3533 2434 ὡς
3572 2371 3639 2425 ἂν
3680 2370 3781 2440 μά-

2210 2469 2354 2523 θοιεν
2396 2470 2445 2523 οί
2482 2468 2606 2523 καθ’
2642 2468 2792 2540 ἡμᾶς
2837 2468 3079 2535 ἰδιῶται,
3120 2468 3249 2523 οἴων
3286 2467 3380 2523 καλ⁸
3418 2469 3557 2522 ὅσων
3598 2468 3647 2521 οί
3683 2466 3783 2529 τὰς

2201 2558 2455 2631 τεχνικὰς
2488 2557 2712 2627 ἐφόδους
2739 2559 2814 2630 μὴ
2855 2557 3238 2622 παιδευθέντες
3288 2556 3694 2629 ἐζημιώθησαν.
3718 2557 3782 2609 Et

2202 2651 2311 2723 γὰρ
2338 2649 2399 2703 τὸ
2424 2648 2610 2721 μηδὲν,
2660 2650 2817 2721 φησι,
2846 2649 2924 2721 τῷ
2956 2650 3130 2721 πάντη
3163 2649 3237 2721 μὴ
3275 2649 3387 2703 όντι
3416 2649 3613 2703 ταύτὸν
3641 2650 3782 2703 κατὰ

2203 2744 2305 2815 τὴν
2340 2744 2570 2808 ἔννοιαν,
2605 2742 2717 2798 τῶν
2743 2744 2799 2798 δὲ
2823 2742 3282 2814 ίσοδυναμούντων
3306 2742 3581 2807 ἀκώλυτος
3615 2744 3649 2816 ἡ
3677 2760 3779 2815 με-

2203 2835 2438 2907 τάληψις
2457 2853 2473 2869 ο
2509 2837 2537 2890 6
2560 2835 2733 2906 λέγων
2759 2835 2819 2900 ἐξ
2853 2834 3069 2898 οὐδενὸς
3108 2829 3249 2889 εἶναι
3276 2834 3369 2888 τὸν
3399 2833 3551 2898 Θεδν,
3580 2835 3647 2889 ὲκ
3682 2834 3781 2889 τοῦ

2203 2926 2382 2998 πάντη
2412 2927 2486 2998 μὴ
2508 2926 2661 2990 ὅντος
2688 2922 2832 2981 εἶναι
2858 2925 3008 2995 λέγει
3047 2925 3139 2980 τὸν
3179 2925 3333 2982 Θεὸν.
3375 2925 3473 2990 Τίς
3500 2925 3670 2981 ἔδωκε
3699 2926 3783 2997 τῷ

2200 3018 2299 3090 τὴν
2339 3017 2773 3090 Ἀριστοτελικὴν
2818 3019 2952 3090 ἡμῖν
2998 3016 3202 3089 αἰχμὴν
3236 3017 3531 3072 δπισείοντι
3554 3057 3571 3081 ,
3601 3018 3684 3072 ὅτι
3718 3019 3780 3073 τὸ

2211 3108 2393 3177 λέγειν
2421 3108 2545 3161 τινὰ
2568 3107 2780 3181 πατέρα
2810 3108 2884 3181 μὴ
2915 3108 3077 3179 ἔχειν,
3113 3108 3310 3163 ταύτόν
3341 3109 3456 3163 ἐστι
3491 3109 3569 3181 τῷ
3587 3110 3653 3164 ἐκ
3680 3109 3778 3165 τοῦ

504 3201 715 3272 spidem
752 3201 955 3268 vibrat,
990 3201 1177 3260 dicere
1205 3206 1442 3275 aliquem
1489 3215 1701 3278 patrem
1738 3224 1848 3263 non
1900 3209 2101 3266 habere

2206 3200 2384 3272 πάντη
2434 3199 2507 3271 μὴ
2554 3198 2706 3263 ὄντος
2755 3199 2916 3253 αὑτὸν
2966 3198 3337 3267 γεγενῆσθαι;
3384 3198 3443 3252 '0
3490 3200 3597 3269 γὰρ
3650 3202 3779 3264 τοὺς

503 3290 649 3347 idem
683 3307 807 3349 esse
826 3306 950 3347 cum
974 3308 1041 3348 eo
1070 3295 1214 3364 quod
1253 3302 1338 3350 est
1368 3310 1433 3351 ex
1474 3311 1539 3352 eo
1562 3297 1709 3368 quod
1753 3298 1903 3353 nullo
1946 3301 2108 3357 modo

501 3392 590 3441 est
618 3385 796 3455 ipsum
830 3385 991 3441 esse?
1024 3384 1130 3452 Qui
1165 3388 1309 3443 enim
1332 3404 1427 3445 eos
1457 3389 1550 3460 qui
1584 3390 1638 3444 in
1672 3392 1987 3462 genealogia
2022 3410 2108 3449 re-

503 3486 800 3533 censentur
859 3492 888 3532 a
948 3489 1107 3533 sacra
1176 3478 1463 3550 Scriptura
1526 3481 1720 3536 ordine
1773 3485 2104 3550 numeravit,

506 3580 722 3638 semper
766 3566 887 3637 ejus
917 3567 1031 3641 qui,
1064 3577 1401 3625 memoratus
1445 3569 1570 3635 fuit,
1626 3572 1966 3642 superiorem
2014 3590 2107 3643 pa-

505 3663 645 3710 trem
689 3669 812 3711 esse
858 3655 1118 3710 nimirum
1158 3655 1431 3727 intelligit.
1467 3655 1609 3724 Quid
1651 3659 1796 3714 enim
1840 3669 1959 3715 erat
1989 3661 2103 3719 llcli

503 3743 775 3818 Joscpbo,
822 3747 953 3818 quid
1015 3756 1198 3804 autem
1236 3747 1531 3804 Mattathus
1571 3749 1722 3816 Heli,
1765 3752 1897 3823 quid
1939 3756 2102 3809 etiam

505 3840 746 3895 Adamns
773 3839 941 3905 Setb;
984 3854 1055 3895 an
1085 3855 1195 3894 non
1239 3840 1404 3896 etiam
1450 3842 1695 3911 puerulis
1741 3843 1897 3898 valde
1930 3846 2105 3899 mani-

508 3931 706 3987 festum
729 3939 782 3987 et
822 3941 1035 3996 notum,
1066 3931 1213 4002 quod
1244 3941 1457 4002 patrum
1508 3944 1593 3988 est
1633 3936 1977 3991 enumeratio
2011 3952 2103 3991 eo-

507 4038 625 4076 rum
650 4021 743 4093 qui
777 4020 1065 4077 memorati
1093 4029 1244 4086 sunt,
1278 4020 1471 4075 horum
1504 4022 1786 4077 nominum
1814 4025 2104 4080 recensio?

508 4113 566 4169 Si
594 4116 740 4169 enim
797 4112 925 4168 Scth
982 4112 1127 4167 lilius
1180 4111 1395 4179 Adami,
1422 4118 1576 4182 pater
1608 4112 1729 4182 eius
1757 4114 1850 4184 qui
1876 4129 1944 4169 ex
1982 4114 2102 4184 ips‘o

502 4205 720 4275 genitus
754 4211 838 4258 est
863 4203 1056 4273 procul
1097 4202 1265 4258 dubio
1306 4210 1391 4257 est
1420 4201 1691 4267 Adamus,
1737 4203 1819 4257 sic
1846 4202 1936 4258 dic
1970 4199 2099 4257 mihi

501 4297 630 4359 quis
672 4304 827 4365 pater
876 4293 969 4348 Dei
1009 4295 1104 4365 qui
1144 4302 1231 4350 est
1264 4308 1431 4364 super
1475 4295 1683 4361 omnia,
1730 4293 1821 4349 dic
1864 4294 2100 4349 interro-

502 4386 678 4459 ganti,
721 4400 916 4456 rumpe
958 4400 1170 4451 vocem,
1207 4385 1499 4455 responde,
1533 4399 1754 4441 omnem
1797 4383 2099 4440 disserendi

503 4489 652 4534 tuam
688 4486 859 4533 artem
889 4478 957 4532 ad
985 4478 1127 4531 hanc
1158 4476 1639 4547 interrogationem
1682 4490 1985 4531 commove.
2014 4476 2097 4529 An

2208 3290 2729 3361 γενεαλογουμένους
2765 3289 2914 3361 παρὰ
2945 3288 3041 3342 τοῦ
3070 3288 3230 3357 λόγου
3259 3289 3492 3362 καθεξῆς
3536 3290 3778 3363 ἀριθμή-

2209 3395 2339 3441 σας,
2377 3377 2464 3431 ἀεὶ
2490 3378 2583 3431 τοῦ
2631 3376 3099 3447 μνημονευθέντος
3128 3378 3520 3450 ὑπερκείμενον
3565 3383 3778 3455 πατέρα

2204 3470 2443 3540 δηλονότι
2472 3472 2601 3525 νοεῖ.
2637 3470 2702 3522 Τί
2736 3468 2845 3540 γὰρ
2876 3464 2947 3541 ἦν
2992 3471 3021 3523 6
3069 3469 3218 3524 Ἠλεὶ
3252 3470 3345 3523 τοῦ
3393 3471 3611 3543 Ἰωσὴφ,
3642 3474 3694 3526 τί
3720 3473 3780 3529 δὲ

2204 3566 2233 3618 6
2256 3563 2482 3618 Ματτὰθ
2516 3563 2610 3618 τοῦ
2652 3563 2821 3629 Ἠλεὶ,
2850 3563 2979 3616 τίδὲ
3007 3564 3037 3616 6
3077 3563 3247 3635 Ἀδὰμ
3270 3564 3364 3618 τοῦ
3384 3565 3513 3637 Σὴθ,
3536 3559 3623 3637 ἆρ’
3656 3567 3779 3636 οὐχὶ

2204 3654 2467 3725 πρόδηλον
2502 3654 2595 3707 καὶ
2629 3655 2747 3716 τοῖς
2787 3653 2927 3722 ἄγαν
2952 3654 3199 3725 νηπίοις,
3234 3657 3317 3710 ὅτι
3357 3658 3615 3727 πατέρων
3629 3659 3777 3711 ἐστὶν

2203 3746 2581 3817 ἀπαρίθμησις
2621 3747 2650 3799 6
2686 3744 2796 3799 τῶν
2834 3746 3316 3817 μνημονευθέντων
3347 3747 3551 3802 τούτων
3580 3734 3780 3820 όνομά-

2200 3854 2309 3892 των
2338 3837 2672 3906 κατάλογος;
2700 3837 2765 3892 Εί
2788 3835 2897 3908 γὰρ
2918 3840 2947 3891 6
2970 3835 3076 3909 Σὴθ
3106 3837 3202 3890 τοῦ
3236 3839 3406 3909 Ἀδὰμ
3433 3840 3566 3904 υἱὸς,
3592 3841 3777 3914 πατὴρ

2200 3930 2295 3984 τοῦ
2342 3930 2401 3996 ἐξ
2441 3929 2606 3983 αὑτοῦ
2644 3928 3042 4001 γεγεννημένου
3085 3930 3304 3993 πάντως
3354 3930 3543 4002 Ἀδάμ.
3589 3932 3777 3997 nam;

2201 4021 2323 4075 εἰπέ
2354 4038 2467 4092 μοι,
2492 4022 2587 4075 καὶ
2610 4020 2702 4075 τοῦ
2737 4021 2831 4075 ἐπὶ
2860 4021 3078 4076 πάντων
3106 4021 3241 4074 Θεοῦ
3282 4022 3463 4094 πατὴρ
3497 4024 3619 4090 τίς-ς
3652 4026 3775 4078 εἰπὲ

2192 4112 2281 4185 ⁷τῷ
2323 4114 2627 4185 ἐρωτῶντι,
2677 4112 2839 4185 ῥῆξον
2873 4113 3076 4185 φωνὴν,
3102 4114 3426 4186 ἀπόκριναι,
3467 4118 3645 4170 πᾶσαν
3677 4119 3776 4184 τὴν

2200 4204 2423 4276 λογικήν
2462 4221 2558 4257 σου
2592 4203 2789 4275 τέχνην
2820 4205 2959 4277 πρὸς
2986 4205 3087 4275 τὴν
3121 4204 3317 4258 πεῦσιν
3344 4205 3548 4278 ταύτην
3587 4209 3776 4275 συγκί-

2200 4312 2393 4367 νησονο
2430 4290 2520 4365 ἆρ’
2552 4295 2803 4365 εὑρήσεις
2845 4295 2969 4350 τινὰ
2999 4295 3155 4366 λόγον
3182 4296 3282 4368 τήν
3318 4298 3412 4351 τοῦ
3444 4299 3775 4369 σοφίσματός

2202 4404 2295 4441 σου
2315 4386 2483 4459 λαϐὴν
2501 4387 2862 4458 διαφεύγοντα
2887 4406 2902 4457 ;
2926 4389 3010 4453 τίς
3031 4389 3060 4442 6
3087 4393 3181 4444 τοῦ
3214 4392 3512 4460 ἁγεννήτου
3550 4394 3695 4462 πατὴ
3709 4411 3737 4463 ρ
3756 4410 3770 4458 ;

2203 4478 2389 4548 Ἔχεις
2431 4479 2608 4531 εἰπεῖν
2639 4479 2827 4544 ὅστιςς
2864 4479 3074 4534 Οὐκοῦν
3102 4482 3201 4534 ούκ
3243 4482 3557 4553 ἀγέννητος.
3613 4485 3773 4537 Ἀλλὰ

503 4572 751 4627 invenies
797 4571 1037 4640 aliquam
1104 4569 1375 4624 rationem
1425 4584 1547 4639 qua:
1606 4568 1964 4639 sophismatis
2017 4574 2096 4627 tui

2202 4568 2615 4640 συνθλιϐόμενος
2659 4572 2803 4639 ἐρεῖς
2833 4571 3053 4636 πάντως
3078 4612 3092 4638 ,
3124 4573 3152 4626 ὃ
3178 4572 3242 4645 δὴ
3278 4575 3373 4627 καὶ
3417 4575 3591 4627 είπείν
3623 4577 3772 4630 ἐστιν

503 4662 809 4731 captionem
855 4658 1117 4728 ell’ngiat?
1167 4657 1302 4723 Quis
1353 4657 1579 4725 ingeniti
1623 4658 1818 4729 pater?
1860 4659 2096 4714 Potesne

502 4754 687 4808 dicere
723 4751 890 4822 quis?
948 4747 1069 4803 Non
1124 4749 1291 4819 igitur
1337 4748 1631 4819 ingenitus.
1676 4749 1784 4804 Sed
1823 4750 2095 4803 contritus

503 4845 655 4898 dices
717 4857 986 4913 prorsus,
1057 4840 1202 4911 quod
1271 4840 1434 4893 etiam
1510 4854 1740 4895 necesse
1792 4850 1897 4907 est,
1947 4840 2094 4910 quod

503 4932 711 4989 nullus.
742 4930 883 4997 Quid
912 4929 1099 4998 igitur,
1151 4927 1504 4992 amicissime,
1539 4944 1607 4983 an
1642 4929 1739 4984 tibi
1790 4929 1871 4984 sic
1914 4930 2093 4984 soluta

502 5032 588 5081 est
619 5024 734 5078 haec
775 5023 954 5076 mollis
1000 5020 1359 5090 sophismatis
1401 5021 1744 5091 complexio?
1794 5036 1904 5076 non
1935 5021 2094 5076 intel-

503 5112 682 5169 lexisti
708 5119 763 5166 te
801 5112 855 5164 in
891 5121 1012 5164 tuos
1043 5112 1200 5164 sinus
1224 5109 1568 5178 conspuisse,
1588 5111 1732 5182 quod
1751 5111 1826 5164 ait
1856 5127 2091 5184 magnus

504 5205 760 5270 Basilius,
789 5202 932 5272 quod
966 5202 1239 5271 ingenitus
1263 5215 1330 5255 ex
1358 5200 1509 5254 nullo
1538 5207 1623 5253 est
1657 5199 1836 5269 patre?
1855 5198 1991 5255 Nam
2021 5217 2087 5255 ex

504 5294 750 5365 patribus
797 5293 867 5348 iis
916 5292 1009 5361 qui
1054 5291 1205 5361 prius
1249 5290 1305 5344 in
1354 5290 1681 5361 genealogiae
1724 5289 2092 5361 descriptione

501 5395 631 5442 sunt
673 5385 953 5448 recensiti,
1007 5384 1400 5455 consequentia
1444 5397 1541 5453 per
1587 5382 1640 5437 id
1677 5384 1824 5454 quod
1873 5384 2087 5449 siletur,

499 5479 593 5533 dat
624 5480 796 5550 patris
842 5477 1178 5534 additionem
1220 5492 1318 5547 pro
1357 5474 1616 5531 confesso
1660 5475 1870 5532 haberi.
1907 5474 1988 5529 Tu
2022 5492 2088 5531 ex

499 5571 652 5626 nullo
698 5580 875 5641 patre,
930 5569 1068 5625 nihil
1119 5568 1321 5624 fecisti.
1372 5566 1438 5621 Et
1498 5574 1691 5623 contra
1745 5566 1881 5621 nihil
1918 5566 1986 5620 ad
2035 5567 2089 5623 id

499 5660 645 5732 quod
700 5661 925 5716 omnino
971 5675 1081 5715 non
1131 5666 1215 5715 est
1246 5659 1583 5729 complexus,
1639 5657 1879 5714 solutum
1936 5658 2088 5712 illum

498 5753 877 5821 syllogismum
906 5752 1213 5809 confecisti.
1242 5749 1337 5806 Hae
1369 5751 1534 5823 igitur
1563 5749 1739 5805 docta
1776 5749 2015 5806 solertiae
2035 5760 2089 5807 et

499 5844 812 5904 artiﬁciosa
840 5846 907 5902 ad
937 5853 991 5902 ts
1022 5842 1443 5903 transferentur.
1485 5841 1622 5911 Quis
1670 5842 1896 5916 ingeniti
1933 5849 2091 5915 pater

2198 4660 2511 4729 ἐπάναγκες
2531 4701 2545 4726 ,
2578 4654 2659 4715 ὅτι
2696 4662 2890 4727 οὐδείς.
2922 4664 2989 4718 Τί
3033 4661 3147 4730 οὖν,
3182 4659 3228 4719 ὢ
3275 4665 3519 4735 φίλτατε,
3548 4662 3660 4738 ἆρά
3690 4686 3772 4722 σοι

2195 4752 2346 4807 οῠπω
2374 4752 2590 4808 λέλυται
2621 4754 2655 4825 ἠ
2701 4754 2952 4827 μαλθακὴ
2984 4756 3077 4810 τοῦ
3114 4757 3443 4829 σοφίσματος
3476 4758 3615 4830 αῦτη
3660 4760 3774 4813 δια-

2195 4843 2400 4914 πλοκή;
2426 4840 2574 4915 Ἀρα
2598 4846 2838 4916 συνῆκας
2862 4850 2976 4911 τοῖς
3012 4848 3165 4913 ἰδίοις
3190 4849 3411 4914 κόλποις
3441 4850 3770 4915 ὲνσιελίσας,

2192 4932 2246 4986 τί
2290 4949 2452 5003 φησιν
2476 4935 2504 4986 6
2537 4932 2711 5003 μέγας
2742 4935 3022 4999 Βασίλειος
3047 4976 3062 5000 ,
3106 4936 3189 4990 δτι
3248 4937 3305 4991 '0
3338 4938 3633 5009 ἁγέννητος
3712 4939 3773 5005 ἐξ

2192 5023 2405 5087 οὐδενός
2433 5025 2549 5077 ἐστι
2577 5024 2808 5095 πατρός;
2840 5026 2935 5080 Ἐκ
2968 5027 3079 5099 γὰρ
3106 5028 3215 5081 τῶν
3249 5029 3773 5102 προγενεαλογηθέν-

2191 5130 2301 5167 των
2339 5114 2618 5185 πατέρων,
2658 5116 2693 5188 ἡ
2739 5116 3030 5171 ἀκολουθία
3081 5119 3223 5172 κατὰ
3281 5122 3342 5174 τὸ
3390 5122 3767 5193 σιωπώμενον,

2194 5205 2676 5276 συνομολογεῖσθαι
2716 5208 2900 5263 δίδωσι
2938 5210 3031 5264 τοῦ
3060 5212 3267 5284 πατρὸς
3293 5214 3396 5285 τὴν
3423 5215 3765 5286 προσθήκην.

2191 5298 2263 5351 Σὺ
2294 5298 2355 5351 τὸ
2381 5298 2440 5363 ἐξ
2476 5300 2686 5363 οὐδενὸς
2711 5302 2914 5374 πατρὸς
2937 5305 2996 5356 τὸ
3022 5304 3186 5374 μηδὲν
3210 5306 3492 5377 ἐποίησας.
3525 5308 3636 5361 Καὶ
3659 5308 3768 5361 πά-

2189 5387 2274 5440 λιν
2302 5388 2364 5441 τδ
2395 5389 2562 5459 μηδὲν
2591 5393 2671 5455 είς
2704 5391 2766 5445 τὸ
2805 5393 2980 5462 πάντη
3015 5393 3092 5464 μὴ
3117 5393 3176 5447 ὃν
3206 5394 3533 5449 καταλαϐὼν
3559 5396 3651 5451 τὸν
3692 5398 3772 5453 λε-

2188 5476 2421 5549 λυμένον
2469 5482 2676 5534 ἐκεῖνον
2728 5480 3087 5553 συλλογισμὸν
3126 5484 3517 5556 συνεπέρανας.
3560 5488 3771 5543 Οὐκοῦν

2187 5570 2256 5624 τὰ
2287 5572 2432 5641 σοφὰ
2451 5572 2626 5625 ταῦτα
2648 5573 2745 5643 τῆς
2772 5572 3024 5645 τεχνικῆς
3046 5575 3322 5645 ἀγχινοίας
3348 5576 3486 5647 πρὸς
3520 5577 3578 5629 σὲ
3606 5595 3771 5647 μετα⁴

2189 5660 2469 5733 χθήσεται.
2503 5664 2600 5727 Τίς
2627 5664 2721 5718 τοῦ
2750 5666 3048 5738 ἀγεννήτου
3087 5667 3295 5739 πατὴρ,
3316 5670 3534 5741 ὲρωτῶ;
3562 5669 3772 5737 Οὐδεὶς,

2187 5754 2334 5823 ἐρεῖς
2377 5756 2517 5811 κατὰ
2543 5759 2723 5812 πᾶσαν
2752 5759 3019 5830 ἀνάγκην.
3065 5760 3124 5813 '0
3169 5759 3279 5833 γὰρ
3313 5762 3609 5832 ἁγέννητος
3668 5780 3769 5816 πα-

2188 5843 2321 5918 τέρα
2350 5847 2565 5913 πάντως
2594 5849 2694 5902 οὐκ
2727 5848 2859 5920 ἔχειν.
2892 5850 2956 5904 Ei
2986 5848 3160 5904 τοίνυν
3205 5848 3377 5917 οὐδεὶς
3409 5850 3503 5905 τοῦ
3541 5850 3769 5922 ἀγεννηέ
