4146 6386
360 360 488 420 1121

1519 351 1799 409 CONTRA
1835 347 2217 414 ElINOMlL'M,
2259 347 2387 402 ΜΒ.
2416 346 2528 401 XII.

3481 343 3618 396 122?.

358 499 450 535 του
506 481 708 551 πατὴρ,
749 479 808 532 τὸ
842 479 900 533 δὲ
937 476 1132 543 οὐδεὶς
1163 473 1314 548 παρά
1341 473 1433 529 σοῦ
1469 474 1606 545 πρὸς
1633 473 1696 526 τὸ
1731 469 1926 542 μηδὲν

2037 469 2350 538 interrogo?
2380 467 2585 530 nullus,
2621 463 2768 518 dices
2803 461 3130 516 necessario.
3157 461 3260 527 Qui
3291 464 3432 518 enim
3464 465 3613 534 inge-

363 570 691 642 μετελήφθηο
710 570 770 623 τὸ
790 569 847 623 δὲ
863 569 1058 639 μηδὲν
1077 568 1218 622 κατά
1231 569 1322 621 τὸν
1347 566 1438 621 σὺν
1456 566 1612 634 λόγον
1634 564 1712 634 τῷ
1727 561 1920 628 πάντη

353 679 396 728 μ
408 659 440 726 ὴ
465 659 591 712 ὄντι
615 659 809 712 ταύτόν
837 661 952 712 ἐστι
987 657 1125 713 κατὰ
1149 661 1248 730 τὴν
1279 657 1502 711 ἔννοιαν.
1542 653 1842 729 Ἀκώλυτος
1869 652 1924 705 δὲ

361 752 466 804 τῶν
502 751 982 821 ἰσοδυναμούντων,
1010 749 1193 813 καθὼς
1230 748 1354 818 φῂς,
1387 751 1422 821 ἡ
1464 748 1784 820 μετάληψις.
1814 747 1926 799 Καὶ

362 841 528 894 εἰπὼν
554 843 633 895 ὅτι
674 842 846 904 οὐδεὶς
886 843 1001 895 ἐστι
1031 839 1125 894 τοῦ
1155 840 1447 910 ἀγεννήτου
1487 838 1696 910 πατὴρ.
1729 838 1794 890 ὲκ
1829 835 1924 890 τοῦ

364 934 538 1004 πάντη
575 934 647 1005 μὴ
667 935 817 998 ὄντος
846 934 991 1002 λέγει
1020 933 1111 986 τὸν
1137 933 1230 986 ἐπὶ
1251 931 1468 986 πάντων
1494 931 1646 984 Θεὸν.
1675 930 1929 984 Τοιοῦτον

365 1025 438 1089 ὡς
485 1025 660 1080 ἔοικέν
702 1027 883 1091 ἐστιν,
921 1019 966 1078 ὦ
998 1024 1250 1095 Εὑνόμιε,
1285 1024 1484 1077 κακόν*
1523 1025 1638 1085 τοῖς
1679 1025 1792 1084 σοῖς
1820 1021 1929 1093 γάρ

365 1119 635 1188 χρήσομαι
665 1116 842 1185 λόγοις
865 1133 879 1149 ·
913 1117 972 1170 ού
1003 1115 1064 1169 τὸ
1093 1116 1268 1168 δοκεῖν
1299 1111 1436 1169 εἶναι
1476 1115 1660 1182 σοφὸν,
1695 1113 1801 1184 πρὸ
1833 1113 1928 1167 τοῦ

365 1204 502 1259 εἰναι
529 1206 908 1275 τετιμηκέναιο
944 1204 1138 1276 μικρὸν
1182 1205 1310 1269 ἴσως
1339 1204 1400 1258 τὸ
1430 1204 1671 1258 τοιοῦτον
1700 1205 1780 1266 εἰς
1805 1202 1930 1256 δυσ-

365 1296 576 1367 τυχίαν,
609 1295 746 1349 ἀλλά
792 1296 853 1348 τὸ
886 1295 1075 1348 ἑαυτὸν
1107 1295 1340 1362 ἀγνοεῖν,
1391 1294 1482 1347 καὶ
1529 1294 1603 1365 μὴ
1642 1293 1932 1362 γινώσκειν

365 1391 489 1443 ὅσον
519 1388 667 1441 ἐστὶν
698 1388 759 1440 τὸ
782 1388 1032 1459 διάφορον
1072 1387 1166 1439 τοῦ
1195 1386 1488 1456 ὑψιπετοῦς
1531 1385 1811 1439 Βασιλείου
1841 1385 1933 1438 καὶ

365 1480 460 1535 τοῦ
498 1479 751 1551 χερσαίου
781 1480 988 1550 θηρίου.
1030 1480 1091 1532 El
1117 1480 1226 1550 γὰρ
1259 1478 1476 1549 ἐφεώρα
1514 1479 1605 1532 τὸν
1634 1479 1748 1549 βίον
1777 1478 1934 1550 ἡμῶν

366 1572 428 1624 τὸ
460 1571 555 1635 ὀξὺ
588 1572 680 1624 καὶ
705 1570 844 1624 θεῖον
889 1571 1042 1641 ὄμμα
1076 1571 1270 1634 ἐκεῖνο,
1302 1571 1351 1622 εἰ
1385 1571 1692 1641 περιεπόλει
1718 1568 1816 1641 τὴν
1843 1571 1937 1624 ἀν-

369 1661 647 1731 θρωπίνην
670 1660 814 1732 ζωὴν
841 1660 918 1730 τῷ
942 1663 1041 1731 τῆς
1063 1661 1253 1729 σοφίας
1279 1659 1483 1732 πτερῷ,
1512 1660 1711 1726 ἔδειξεν
1736 1661 1803 1715 ἂν
1832 1678 1935 1715 κα-

366 1753 575 1815 ταπτὰς
604 1755 694 1808 ἐπὶ
723 1754 780 1806 σὲ
808 1752 886 1822 τῷ
915 1751 1077 1822 ῥοίζῳ
1101 1752 1209 1804 τῶν
1237 1751 1431 1819 λόγων,
1462 1751 1558 1821 οἴῳ
1582 1751 1660 1822 τῷ
1687 1752 1938 1823 ὀστράκῳ

368 1845 468 1910 τῆς
483 1844 666 1907 ἀνοίας
690 1841 1081 1914 συμπεφυκὼς,
1099 1842 1236 1912 πρὸς
1251 1842 1372 1896 τίνα
1393 1841 1459 1894 δι’
1476 1841 1688 1914 ἀπάτης
1711 1844 1935 1895 σεαυτὸν
1969 1840 2009 1896 Β

369 1936 791 2005 ἀντεπήγειρας,
821 1932 1010 2004 ὕϐρεσι
1033 1935 1151 1996 ταῖς
1179 1932 1297 1986 κατ’
1331 1932 1494 1986 αὑτοῦ
1527 1934 1620 1986 καὶ
1651 1933 1938 2005 λοιδορίαις

367 2028 428 2080 τὸ
450 2027 623 2080 δοκεῖν
645 2044 728 2087 τις
759 2022 895 2079 εἶναι
925 2024 1078 2091 παρά
1105 2028 1214 2089 τοῖς
1243 2025 1506 2096 γραῖδίοις
1527 2026 1756 2088 καὶτοῖς
1781 2026 1936 2078 ὲκτο-

375 2118 526 2187 μίαις
589 2117 926 2190 Θηρὼμενος.
971 2118 1119 2188 Πλὴν
1158 2118 1270 2171 ἀλλ’
1305 2118 1405 2170 οὐκ
1448 2117 1806 2171 ἀπελπιστέον
1857 2135 1936 2171 σοι

372 2209 466 2262 καὶ
505 2208 611 2262 τῶν
645 2210 849 2279 ὀνύχων
891 2209 1121 2262 ἐκείνου.
1164 2209 1238 2262 Τὸ
1263 2209 1372 2280 γὰρ
1405 2208 1691 2279 ἡμέτερον,
1723 2210 1798 2271 ὼς
1840 2209 1938 2278 μὲν

372 2300 510 2368 πρὸς
540 2301 766 2363 ἐκεῖνον,
797 2299 986 2370 ὄνυχος
1010 2303 1173 2371 μοῖρα
1197 2301 1530 2372 κρινόμενον,
1559 2301 1693 2353 πολὺ
1738 2301 1805 2354 ἂν
1828 2301 1934 2372 εἴη.

375 2391 517 2460 Πρὸς
559 2391 616 2443 δὲ
664 2391 724 2443 σὲ
766 2391 1018 2444 τοσοῦτόν
1065 2393 1232 2454 ἐστιν,
1278 2393 1401 2446 ὅσον
1441 2394 1625 2447 ἰκανὸν
1673 2390 1811 2446 εἷναί
1859 2411 1940 2447 σοι

375 2481 700 2552 περιρρῆξαι
744 2484 842 2553 τῆς
875 2484 1090 2554 ἀπάτης
1124 2483 1188 2536 τὸ
1232 2483 1470 2555 ἔλυτρον,
1517 2485 1611 2537 καὶ
1645 2483 1813 2551 δεῖξαι
1842 2486 1942 2558 τὴν

378 2574 830 2646 ὲγκεκρυμμένην
853 2575 930 2646 τῷ
962 2576 1215 2648 ὀστράκῳ
1248 2577 1653 2648 ἀσχημοσύνην.

2031 560 2197 620 nitus,
2235 568 2441 629 patrem
2477 555 2700 611 omnino
2753 569 2862 607 non
2906 552 3087 608 habet.
3127 555 3182 607 Si
3222 554 3386 622 igitur
3431 558 3612 610 nullus

2033 652 2256 721 ingeniti
2302 659 2480 721 pater,
2529 649 2633 703 hoc
2678 657 2882 709 autem,
2928 662 3120 715 nempe
3166 650 3343 700 nullus
3375 664 3403 700 a
3448 659 3498 704 te
3544 649 3610 703 ad

2033 743 2166 796 nihil
2197 749 2629 810 transsumptum
2668 748 2774 800 est,
2807 739 2910 791 hoc
2934 745 3115 793 autem
3144 740 3274 791 nihil
3309 739 3614 794 secundum

2038 847 2182 891 tuam
2221 836 2485 890 rationem
2530 832 2670 887 idem
2703 838 2787 885 est
2815 845 2942 884 cum
2990 846 3054 884 eo
3087 831 3229 900 quod
3267 849 3366 884 non
3412 842 3488 885 est
3530 849 3615 886 se-

2035 928 2274 984 cundum
2305 940 2565 982 sensum:
2609 925 2830 979 minime
2863 936 3041 979 autem
3079 924 3398 992 prohibetur
3428 940 3613 992 {equa-

2037 1023 2159 1077 liter
2202 1019 2540 1091 pollentium,
2597 1017 2735 1072 sicut
2768 1017 3030 1086 loqueris,
3079 1016 3494 1086 transsumptio.
3552 1016 3613 1068 Et

2035 1116 2128 1186 qui
2152 1114 2289 1167 dixit
2331 1111 2539 1166 nullum
2569 1125 2692 1164 esse
2739 1109 2964 1179 ingeniti
2998 1116 3229 1178 patrem,
3274 1125 3341 1162 ex
3376 1125 3440 1162 eo
3467 1108 3614 1176 quod

2037 1223 2147 1262 non
2187 1215 2271 1261 est
2299 1219 2527 1275 prorsus
2552 1203 2684 1257 dicit
2730 1201 2922 1266 Deum,
2961 1201 3054 1270 qui
3091 1210 3176 1256 est
3206 1217 3372 1271 super
3407 1203 3612 1254 omnia.

2039 1297 2189 1363 Tale,
2215 1307 2274 1351 ut
2308 1312 2403 1366 par
2434 1303 2538 1357 est,
2572 1309 2606 1348 ο
2639 1293 2890 1358 Eunomi,
2926 1294 3126 1347 malum
3160 1295 3288 1363 (tuis
3321 1295 3462 1347 enim
3492 1303 3617 1346 utar

2040 1390 2243 1459 verbis)
2281 1405 2388 1444 non
2428 1388 2600 1443 videri
2640 1403 2763 1442 esse
2799 1386 3123 1456 sapientem,
3159 1395 3447 1454 antequam
3490 1387 3616 1440 talis

2042 1483 2308 1537 habeatur
2331 1489 2384 1535 et
2410 1481 2738 1544 honoretur,
2765 1493 2991 1549 parvum
3018 1478 3253 1533 fortasse
3283 1479 3386 1531 hoc
3426 1486 3509 1532 est
3536 1478 3617 1531 in-

2043 1573 2374 1637 fortunium,
2413 1573 2512 1626 sed
2571 1574 2810 1640 seipsum
2853 1570 3124 1640 ignorare,
3171 1579 3223 1624 et
3273 1585 3378 1623 non
3419 1585 3619 1640 cogno-

2044 1681 2198 1720 scere
2220 1675 2484 1734 quantunt
2522 1662 2592 1717 sit
2625 1661 2920 1716 discrimen
2964 1660 3106 1713 inter
3143 1658 3404 1714 Basilium
3435 1659 3489 1712 in
3527 1674 3620 1713 su-

2045 1757 2209 1811 blime
2255 1756 2548 1820 volantem,
2602 1760 2657 1806 et
2703 1759 3017 1807 terrestrem
3067 1751 3317 1805 bestiam.
3370 1749 3426 1804 Si
3475 1751 3619 1804 enim

2037 1850 2205 1905 vitam
2268 1857 2514 1904 nostram
2561 1848 2875 1918 exploraret
2925 1851 3122 1898 acutus
3165 1842 3256 1896 ille
3302 1850 3355 1896 et
3401 1843 3620 1897 divinus

2037 1941 2252 2003 oculus,
2281 1939 2327 1994 si
2366 1940 2534 1994 vitam
2573 1939 2866 1992 humanam
2897 1935 3318 1990 circumvolaret
3347 1933 3624 2003 sapientiae

2037 2033 2147 2095 ala,
2177 2033 2230 2086 in
2267 2041 2320 2087 te
2346 2031 2596 2087 involans
2643 2031 2844 2100 impetu
2891 2036 2944 2083 et
2993 2027 3227 2083 stridore
3284 2041 3621 2089 sermonum,

2037 2124 2349 2179 ostenderet
2378 2123 2520 2193 quali
2551 2132 2686 2178 testa
2717 2121 3002 2177 dementia:
3020 2119 3360 2190 congenitos.
3389 2117 3441 2172 in
3462 2133 3624 2188 quem

2038 2228 2133 2282 per
2162 2227 2402 2267 errorem
2428 2211 2660 2280 teipsum
2683 2211 2996 2278 concitasti,
3031 2207 3381 2264 contumeliis
3419 2217 3472 2263 et
3504 2222 3624 2278 pro-

2039 2305 2154 2361 bris
2187 2305 2240 2358 in
2273 2305 2450 2373 ipsum
2480 2304 2770 2372 conjectis,
2799 2303 2927 2358 dum
2962 2302 3104 2373 apud
3140 2302 3387 2356 aniculas
3412 2309 3466 2355 et
3497 2316 3624 2369 spa-

2037 2395 2210 2450 dones
2232 2396 2472 2457 venaris.
2495 2403 2554 2448 ut
2575 2395 2774 2465 aliquis
2802 2410 2927 2451 esse
2950 2395 3208 2450 videaris.
3233 2392 3624 2448 Verumtamen

2037 2505 2148 2544 non
2177 2488 2274 2542 tibi
2309 2488 2710 2557 desperandum
2741 2495 2824 2542 est
2853 2487 2921 2541 ab
2952 2487 3228 2557 unguibus
3262 2486 3431 2540 illius.
3471 2483 3626 2550 Quod

2035 2582 2180 2636 enim
2223 2588 2472 2634 nostrum
2521 2591 2624 2644 est,
2654 2588 2712 2632 ut
2759 2577 2979 2648 quidem
3020 2593 3143 2633 cum
3174 2577 3288 2644 illo,
3337 2577 3384 2632 si
3425 2576 3630 2645 unguis

380 2668 555 2736 portio
579 2668 876 2738 judicetur,
915 2670 1144 2724 multum
1175 2670 1358 2725 fuerit.
1392 2669 1597 2725 Tecum
1627 2681 1806 2726 autem
1834 2678 2042 2724 tantum
2072 2679 2157 2727 est
2190 2680 2453 2742 quantum
2487 2672 2622 2727 satis
2645 2685 2770 2726 esse
2815 2672 2991 2740 possit
3064 2671 3129 2726 ad
3197 2669 3406 2727 erroris
3478 2671 3633 2725 invo-

381 2755 593 2812 lucrum
641 2759 1125 2829 prorumpeudum,
1159 2770 1213 2816 et
1258 2761 1324 2815 ad
1365 2760 1672 2816 abstrusam
1731 2762 1783 2816 in
1840 2770 1975 2816 testa
2013 2761 2494 2819 demonstrandam
2522 2761 2986 2818 inverecundiam.
