4146 6386
485 344 627 401 1125

1722 333 1781 388 S.
1821 329 2151 387 GREGOBII
2189 326 2488 385 NYSSENI

3602 317 3744 376 ιηι

486 472 3699 534 πεεπππεεεπεπεεεεεεεεεεεπε.

1199 660 1427 747 ΤΟΥ
1514 658 1660 744 ΕΝ
1732 654 2098 742 ΑΓΙΟΙΣ
2187 652 2625 744 ΠΑΤΡΟΣ
2696 647 3025 739 ΗΜΩΝ

1554 849 2677 987 ΓΡΗΓΟΡΙΟΥ

1757 1102 2157 1161 ΕΠΙΣΚΟΠΟΥ
2184 1104 2461 1159 ΝΥΣΣΗΣ

1360 1293 2875 1417 ΑΝΤΙΡΡΗΤῙΚΟΣ

1419 1551 1709 1639 ΠΡΟΣ
1788 1545 1933 1633 TA
2010 1542 2814 1633 ΑΠΟΛΙΝΑΡΙΟΥ.

1183 1936 1342 2093 S.
1512 1942 1686 2089 P.

1826 1937 2015 2088 N.
2145 1856 3071 2087 GREGORII

1808 2201 2122 2261 EPISCOPI
2159 2198 2456 2257 NYSSENI

1532 2332 2715 2521 ANTIRRHETICUS

1251 2647 1557 2738 ADVE
1584 2646 1861 2733 RSUS
1956 2642 2817 2734 APOLLINABEM
2893 2648 3006 2728 (ί).

741 2866 1023 2928 lnterprete
1048 2867 1096 2911 et
1122 2860 1385 2911 scholiaste
1420 2858 1702 2907 Lwnearto
1746 2856 1993 2906 lacu:on
2016 2854 2075 2905 ν.
2102 2856 2155 2908 C.
2180 2882 2242 2893 —
2264 2856 2512 2905 Gseuan.
2560 2858 2670 2908 Yet.
2696 2858 2835 2907 Patr.
2868 2855 2990 2907 Bibl.
3040 2867 3154 2907 tom.
3186 2857 3289 2917 ΠΙ,
3312 2873 3357 2921 ρ.
3379 2857 3491 2912 517.

2082 3074 2148 3091 υ..

571 3256 613 3311 1.
636 3255 833 3325 Aptum
858 3252 1295 3319 conveniensque
1319 3248 1555 3303 sermoni
1580 3254 1772 3303 nostro
1796 3246 2080 3303 exordium

2256 3247 2435 3301 Καλὸν
2468 3246 2531 3301 ἂν
2556 3248 2764 3317 γένοιτο
2800 3250 3081 3320 προοίμιον
3112 3250 3253 3320 ἡμῖν
3273 3250 3366 3304 τοῦ
3397 3250 3553 3321 λόγου
3582 3252 3615 3322 ἠ
3665 3247 3760 3305 τοῦ

501 3353 608 3407 erit
643 3350 855 3404 Domini
904 3363 1031 3408 vox,
1081 3360 1203 3417 quae
1248 3344 1403 3413 jubet
1440 3357 1633 3397 cavere
1680 3359 1713 3394 a
1760 3340 1915 3407 falsis
1962 3353 2085 3405 pro-

504 3443 708 3504 nhetis,
749 3440 837 3510 qui
878 3438 1116 3501 veniunt,
1163 3435 1340 3504 inquit
1377 3434 1417 3494 ¹,
1449 3432 1517 3486 ad
1557 3449 1643 3486 vos
1684 3433 1738 3484 in
1764 3429 2082 3485 vestimentis

507 3534 681 3585 avium
704 3570 717 3591 ,
771 3530 1087 3583 intrinsecus
1120 3536 1295 3579 autem
1329 3533 1450 3577 sunt
1485 3526 1593 3592 lupi
1625 3536 1870 3589 rapaces;
1903 3536 1935 3571 a
1966 3518 2084 3587 [ru-

506 3626 675 3677 ctibus
707 3638 886 3676 eorum
918 3618 1246 3690 cognoscetis
1295 3633 1401 3670 eos.
1438 3614 1494 3668 Si
1551 3614 1718 3684 igitur
1756 3627 1918 3667 veras
1956 3626 2084 3665 oves

508 3718 577 3769 ait
629 3715 814 3768 ovium
869 3710 1165 3784 perditorc,
1202 3707 1295 3778 qui
1349 3705 1824 3760 mansuetudinem
1865 3717 1977 3774 prae
2028 3717 2087 3756 se

510 3807 718 3861 ferente
743 3805 930 3859 habitu
963 3817 1194 3857 securus
1218 3798 1409 3869 irrepit
1436 3798 1493 3851 in
1522 3797 1679 3851 ovilis
1711 3804 1938 3861 emtum,
1968 3796 2087 3850 fru-

511 3906 633 3952 ctus
676 3896 942 3951 discernit
986 3901 1040 3947 et
1084 3891 1188 3948 sub
1223 3888 1660 3946 mansuetudinis
1702 3890 1883 3960 specie
1912 3890 2088 3944 latens

430 4060 431 4063 η
510 4006 575 4044 os
606 3988 886 4043 inimicum
917 3986 1175 4042 omnibus
1208 3983 1385 4055 palam
1422 3984 1573 4048 facit,
1608 3984 1881 4037 fructuum
1914 3982 2091 4052 quali—

512 4088 835 4142 tatem,tam
859 4078 1127 4135 bonorum
1178 4092 1340 4147 quam
1393 4083 1685 4135 malorum,
1726 4083 1949 4144 praestat
1996 4089 2084 4126 ex-

517 4173 773 4244 pendere,
841 4173 1073 4240 quorum
1147 4184 1252 4239 ope
1316 4165 1657 4236 deceptionis
1722 4164 1872 4219 larva
1938 4164 2091 4218 dete-

514 4266 691 4333 gitur;
730 4263 803 4316 ait
831 4262 999 4325 enim,
1036 4259 1114 4313 Ex
1132 4260 1396 4328 fructibus
1424 4274 1607 4311 eorum
1635 4258 1957 4326 cognoscetis
1980 4272 2088 4308 eos.

517 4355 708 4409 Omnis
754 4353 939 4423 itaque
978 4352 1239 4406 doctrinae
1271 4350 1451 4402 bonus
1484 4349 1699 4417 quidem
1740 4363 1861 4402 meo
1886 4346 2094 4415 judicio

520 4444 734 4499 fructus
772 4456 877 4509 est,
911 4459 1033 4497 cum
1066 4441 1130 4495 ad
1160 4456 1349 4495 eorum
1387 4455 1672 4493 numerum
1704 4439 1796 4507 qui
1825 4439 1876 4491 iu
1908 4436 2093 4492 Eccle-

516 4538 597 4592 sia
646 4536 929 4591 salvantur
971 4534 1028 4587 ﬁt
1061 4533 1343 4599 accessio;
1385 4532 1581 4585 noxius
1622 4546 1751 4584 vero
1784 4536 1947 4598 atque
1972 4545 2094 4598 per-

2186 3340 2390 3411 Κυρίου
2423 3340 2595 3411 φωνὴ,
2631 3340 2924 3394 κελεύουσα
2951 3342 3237 3412 προσέχειν
3290 3342 3409 3396 ἀπὸ
3451 3339 3567 3394 τῶν
3618 3346 3762 3411 ψευ-

2185 3430 2575 3501 δοπροφητῶν
2597 3472 2611 3491 ,
2640 3434 2859 3499 οἵτινες
2891 3433 3164 3502 ἔρχονται
3187 3475 3201 3500 ,
3232 3433 3397 3504 φησὶ,
3425 3433 3573 3501 πρὸς
3609 3435 3763 3503 ὑμᾶς

2185 3523 2254 3576 ἐν
2282 3523 2563 3593 ἐνδύματι
2593 3524 2669 3594 (2)
2702 3525 3029 3593 προϐάτων,
3072 3527 3299 3580 ἔσωθεν
3333 3527 3402 3580 δέ
3436 3530 3552 3581 εισι
3588 3530 3758 3584 λύκοι

2186 3614 2449 3683 ἅρπαγες
2473 3633 2486 3645 ·
2535 3615 2655 3669 ἀπὸ
2697 3616 2815 3671 τῶν
2857 3615 3099 3687 καρπῶν
3131 3617 3330 3674 αὐτῶν
3359 3615 3764 3691 ἐπιγνώσεσθε

2188 3708 2430 3774 αὐτούς.
2463 3711 2524 3763 Εἰ
2554 3706 2647 3763 οὖν
2675 3712 2703 3763 ὁ
2752 3710 2961 3780 καρπὸς
3005 3712 3269 3783 διακρίνει
3319 3713 3378 3766 τό
3423 3730 3478 3765 τε
3513 3713 3763 3785 ἀληθινὸν

2189 3802 2458 3872 πρόϐατον
2483 3843 2498 3867 ,
2548 3802 2642 3855 καὶ
2680 3801 2772 3856 τὸν
2804 3804 2913 3856 τῶν
2973 3805 3263 3875 προϐάτων
3314 3805 3551 3877 φθορέα,
3586 3807 3677 3860 τὸν
3707 3808 3765 3859 ἐν

2188 3894 2381 3965 ἡμέρῳ
2418 3896 2656 3965 σχήματι
2692 3896 2766 3963 (3)
2820 3896 2957 3967 πρὸς
2990 3896 3050 3948 τὸ
3087 3895 3339 3968 σύστημα
3383 3898 3481 3967 τῆς
3529 3898 3767 3969 ποίμνης

2192 3984 2514 4054 ἀφυλάκτως
2552 3986 2991 4058 παραδυόμενον,
3032 3988 3126 4040 καὶ
3171 3988 3233 4042 τὸ
3281 3989 3765 4061 ὑποκεκρυμμένον

2189 4075 2268 4145 τῷ
2298 4076 2487 4146 ἡμέρῳ
2520 4075 2776 4146 πολέμιον
2814 4077 2987 4146 στόμα
3027 4078 3107 4139 εἰς
3135 4077 3439 4148 τούμφανὲς
3470 4079 3630 4146 ἄγει,
3664 4078 3766 4149 ζη-

2191 4168 2304 4218 τεῖν
2339 4169 2602 4237 προσήκει
2646 4167 2771 4230 τοὺς
2822 4168 3067 4236 καρποὺς
3109 4166 3235 4230 τούς
3290 4186 3348 4221 τε
3396 4168 3628 4234 καλοὺς,
3672 4171 3766 4223 καὶ

2192 4258 2316 4319 τοὺς
2345 4258 2627 4329 χείρονας,
2667 4258 2732 4311 δι’
2763 4251 2836 4311 ὧν
2875 4258 2936 4311 τὺ
2963 4258 3143 4329 σχῆμα
3181 4259 3279 4329 τῆς
3320 4260 3535 4331 ἀπάτης
3565 4263 3781 4315 ἀνακαο.

2194 4348 2451 4401 λύπτεται
2477 4366 2489 4379 ο
2523 4348 2657 4419 φησὶ
2697 4348 2806 4418 γὰρ
2830 4388 2844 4409 ,
2877 4350 2957 4402 ὅτι
3006 4350 3101 4403 Ἐκ
3141 4349 3259 4403 τῶν
3296 4350 3539 4419 καρπῶν
3571 4352 3771 4405 αὐτῶν

2192 4436 2600 4506 ἐπιγνώσεσθε
2646 4439 2886 4503 αὐτούς.
2923 4438 3111 4509 Πάσης
3141 4440 3328 4492 τοίνυν·
3368 4440 3708 4506 διδασκαλίας
3740 4443 3770 4494 ὁ

2198 4528 2296 4598 μὲν
2322 4529 2523 4597 ἀγαθὸς
2551 4530 2759 4600 καρπὸς
2792 4532 2931 4583 κατά
2961 4549 3019 4583 τε
3049 4532 3146 4601 τὴν
3179 4534 3318 4604 ἐμὴν
3347 4534 3521 4605 κρίσιν
3544 4535 3575 4605 ἡ
3600 4551 3769 4606 προσ-

517 4630 781 4693 niciosus,
815 4643 938 4681 cum
978 4626 1014 4679 ii
1051 4625 1144 4695 qui
1184 4625 1237 4678 in
1288 4641 1351 4679 ea
1395 4624 1506 4693 jam
1551 4628 1874 4693 permanent
1932 4620 2091 4675 dissi—

2202 4620 2342 4690 θήκη
2391 4620 2498 4674 τῶν
2532 4622 2671 4674 κατὰ
2728 4621 2826 4692 τὴν
2867 4622 3190 4692 Ἐκκλησίαν
3227 4625 3548 4695 σωζομένων
3578 4625 3722 4679 ἐστίν
3751 4643 3766 4657 ·

519 4729 738 4790 pantur.
799 4718 853 4771 Si
896 4718 1064 4788 igitur
1118 4716 1243 4787 quis
1296 4716 1684 4785 praedicatione
1735 4728 1835 4767 sua
1876 4728 2091 4781 gregem

519 4811 810 4879 adaugent,
840 4817 895 4863 et
930 4808 996 4861 ad
1022 4809 1203 4862 omnia
1225 4807 1421 4862 domus
1453 4808 1627 4861 latera
1650 4806 1814 4859 vitem
1836 4804 2095 4859 extendat

593 4926 608 4956 ¹
649 4924 838 4978 Matth.
873 4939 969 4978 vu.
998 4922 1085 4976 15.

590 5043 666 5109 (1)
710 5040 993 5109 Egregium
1027 5039 1129 5093 hoc
1168 5037 1624 5109 sanctiiGregorii
1670 5034 1903 5108 Nysscni
1957 5051 2096 5107 Opus

521 5108 773 5165 adversus
805 5111 1168 5179 Apollinarem
1214 5126 1281 5163 cx
1322 5108 1446 5162 Vat.
1480 5112 1949 5177 septingentorum
1989 5109 2097 5160 cir-

520 5185 656 5236 citer
715 5196 982 5235 annorum
1028 5181 1154 5234 cod.
1215 5180 1482 5233 eruimus.
1536 5179 1669 5231 Illud
1712 5187 1894 5231 autem
1941 5179 2098 5233 valde

521 5252 819 5306 notandum
858 5251 1017 5304 habet
1043 5253 1128 5305 Inc
1153 5248 1343 5311 codex,
1377 5248 1520 5317 quod
1550 5264 1701 5317 aeque
1732 5247 1900 5302 veteri
1932 5263 2096 5300 manu

520 5339 550 5376 a
613 5323 940 5390 scriptorum
1010 5319 1192 5374 forsan
1249 5320 1496 5373 codicum
1567 5326 1893 5390 correctore
1933 5326 2097 5385 atque

520 5388 874 5446 ememlatore
908 5392 1087 5459 (quem
1118 5390 1479 5458 δοκιμάζοντα
1512 5390 1578 5441 τὰ
1604 5388 1965 5459 γεγραμμένα
2003 5404 2097 5440 vo-

521 5470 610 5516 cat
654 5461 795 5515 idem
840 5458 1117 5530 Nyssenus
1167 5461 1305 5514 inter
1366 5461 1623 5527 epistolas
1668 5458 1818 5530 intra
1868 5458 2091 5530 editas),

522 5532 588 5585 ad
654 5530 797 5583 aliud
854 5528 1129 5599 eicemplar
1181 5545 1243 5583 ea
1297 5530 1549 5583 cautione
1597 5529 1829 5582 collatus
1890 5528 2090 5591 fuerit,

525 5610 586 5654 ut
630 5615 751 5671 qum
790 5602 840 5653 in
878 5598 1076 5671 prioris
1111 5600 1379 5671 lectionis,
1409 5600 1584 5653 locum
1640 5598 1990 5671 postmodum
2025 5600 2094 5671 al}

524 5668 661 5740 ipso'
685 5668 1070 5740 superinducta
1117 5671 1286 5731 fuere,
1318 5670 1452 5723 adeo
1496 5671 1771 5735 eleganter
1810 5668 2093 5721 cinnabari

523 5739 726 5811 scripta
766 5739 991 5805 fuerint,
1024 5748 1083 5793 ut
1149 5740 1296 5807 prior
1351 5741 1511 5811 eliam
1574 5740 1734 5791 Ιυειίο
1787 5748 2094 5789 atranwnto

522 5810 794 5868 delineata
841 5824 947 5864 non
980 5810 1384 5865 obliteraretur.
1435 5810 1543 5865 t\us
1588 5811 1775 5878 itaque
1820 5810 1997 5877 priore
2027 5810 2095 5863 lc-

2200 4712 2228 4765 ὁ
2276 4712 2331 4764 δὲ
2379 4712 2674 4781 φθαρτικὸς
2725 4715 2819 4766 καὶ
2850 4715 3170 4786 δηλητήριος
3221 4718 3255 4785 ἡ
3288 4717 3395 4769 τῶν
3429 4717 3772 4771 συνεστώτων

2201 4802 2462 4868 διάλυσις.
2491 4806 2554 4858 Εἰ
2593 4804 2770 4858 τοίνυν
2797 4823 2878 4869 τις
2914 4805 3065 4873 αὕξοι
3097 4806 3186 4860 διὰ
3214 4807 3323 4859 τῶν
3348 4807 3519 4877 λόγων
3555 4810 3613 4863 τὸ
3649 4810 3771 4863 ποί-

2207 5039 2385 5092 ctione
2410 5037 2461 5089 in
2478 5045 2731 5092 contextu
2756 5037 3074 5107 plerumque
3092 5050 3328 5101 servata,
3345 5040 3597 5109 antiquas
3611 5041 3774 5097 hasce

2205 5109 2651 5171 emendationcs,
2680 5110 2968 5177 variasque
3006 5111 3264 5165 lectiones
3302 5112 3354 5165 in
3398 5112 3543 5165 notis
3589 5113 3775 5166 retuli-

2205 5195 2363 5244 mus;
2428 5178 2531 5231 nisi
2585 5187 2764 5231 tamen
2815 5181 2952 5232 tanti
2997 5180 3254 5248 ponderis
3303 5182 3582 5244 exstitere,
3628 5191 3686 5235 ut
3718 5182 3773 5235 in

2205 5250 2470 5302 orationis
2507 5257 2820 5301 contextum
2851 5266 2945 5303 eas
2966 5251 3264 5305 transferre
3295 5254 3663 5306 necessarium
3695 5254 3772 5305 vi-

2206 5334 2325 5372 sum
2362 5319 2565 5383 luerit;
2610 5328 2740 5371 tunc
2774 5320 2918 5372 enim
2952 5320 3235 5375 lectionem
3276 5338 3306 5374 a
3354 5332 3663 5376 correctore
3690 5323 3777 5376 inv

2204 5391 2437 5442 dicatam
2473 5390 2525 5439 in
2555 5388 2819 5442 orationis
2849 5398 3164 5444 contextum
3210 5392 3388 5451 retuli,
3433 5393 3668 5448 indicata
3695 5401 3774 5445 ta-

2199 5474 2324 5512 men
2365 5460 2429 5533 in
2480 5460 2615 5513 meis
2654 5460 2799 5513 notis
2853 5459 3102 5526 lectione,
3155 5477 3276 5533 quae
3314 5462 3466 5532 prius
3507 5464 3560 5517 in
3587 5463 3777 5517 codice

2200 5530 2598 5598 reperiebatur.

2216 5600 2345 5724 ΗΕ)
2398 5597 2558 5652 Forte
2601 5597 2883 5671 ἐνδύμασι,
2924 5608 2985 5655 ιιι
3029 5601 3085 5656 in
3132 5610 3278 5659 textu
3326 5602 3514 5663 Graeco
3544 5602 3600 5657 S.
3638 5602 3770 5656 Mat-

2197 5680 2339 5726 llret.

2273 5743 2347 5811 (ὅ)
2380 5745 2537 5800 Corr.
2568 5747 2761 5818 ἡμέρῳ
2794 5748 2871 5819 τῷ
2902 5750 3155 5820 σχήματι.
