4146 6386
386 356 526 412 1123

1552 346 1875 402 ADVERSU
1888 344 1927 401 S
1953 343 2472 401 APOLLINAREM.

3502 335 3644 397 “25

387 486 537 543 μνιον
558 509 575 534 ,
605 468 701 523 καὶ
727 467 808 532 εἰς
846 465 1023 522 πάντα
1051 464 1119 520 τά
1160 463 1316 537 κλίτη
1368 464 1469 536 τῆς
1502 463 1679 528 οἰκίας
1732 462 1962 519 ἐκτείνει

2069 468 2116 515 et
2166 462 2374 515 circum
2428 458 2767 513 Dominicam
2818 468 3061 511 mensam
3114 453 3343 524 plantct,
3377 451 3644 507 erraticas

384 561 482 632 τὴν
535 558 779 629 ἄμπελον
819 556 916 611 καὶ¹
950 554 1332 628 περιφυτεύσει
1365 558 1430 625 τῇ
1481 555 1784 625 Δεσποτικῇ
1825 568 1960 622 τρα-

386 652 526 725 πέζῃ
576 652 703 714 τοὺς
756 649 864 703 ἀπὸ
918 651 1017 718 τῆς
1069 648 1169 718 (4)
1223 646 1533 718 ἀγριελαίου
1589 645 1833 715 πλάνης,
1882 645 1963 706 είς

386 742 580 797 ἐλαιῶν
608 742 687 813 (5)
720 738 1180 812 μεταποιούμενος
1211 738 1486 806 νεόφυτον,
1520 736 1732 799 καὶτὰς
1770 752 1962 806 μυστι-

390 832 487 889 κάς
523 831 751 902 ῥάϐδους
789 829 1003 901 ἐμϐάλῃ
1028 828 1106 897 τῷ
1137 826 1327 896 γλυκεῖ
1368 825 1463 880 καὶ
1506 826 1718 896 ποτίμῳ
1762 826 1964 893 νάματι

372 920 484 994 ιτῆς
533 921 918 982 διδασκαλίας,
960 921 1027 973 δι’
1061 914 1137 973 ὧν
1181 918 1559 986 πολυγονεῖται
1594 918 1663 972 τά
1714 915 1961 987 ποίμνια,

387 1014 528 1066 ὥστε
561 1010 653 1067 τοῦ
686 1010 784 1082 μὲν
813 1008 999 1064 Λαϐάν
1038 1007 1387 1063 ἐλαττοῦσθαι
1414 1006 1512 1078 τὴν
1552 1007 1743 1077 κτῆσιν
1762 1046 1777 1070 ,
1808 1006 1965 1075 εὐθη-

389 1103 603 1159 νεῖσθαι
654 1103 711 1156 δὲ
761 1102 823 1154 τὸ
861 1102 1023 1173 μέρος
1064 1100 1161 1155 τοῦ
1205 1099 1419 1166 Ἰακὼϐ,
1461 1100 1556 1153 καὶ
1600 1097 1963 1169 πληθύνεσθαι

389 1199 454 1268 τῇ
489 1194 742 1264 ἐπισήμῳ
776 1195 904 1263 γονῇ
945 1192 1020 1263 (6)
1045 1208 1061 1223 ·
1099 1192 1149 1245 εί
1198 1190 1435 1245 τοιοῦτόν
1484 1207 1567 1254 τις
1614 1188 1705 1243 τὸν
1755 1188 1967 1259 καρπὸν

387 1288 490 1357 τῆς
521 1284 865 1347 διδασκαλίας
904 1282 1289 1338 ἐπιδεικνύοιτο
1316 1281 1546 1355 (καρπὸς
1576 1282 1684 1351 γάρ
1708 1282 1842 1346 ἐστι,
1869 1298 1969 1333 καο

391 1378 499 1442 θὼς
522 1380 754 1449 εἴρηται,
776 1377 809 1447 ἡ
831 1377 930 1447 τῆς
956 1375 1209 1444 ἀληθείας
1238 1375 1583 1445 ὲπαύξησις),
1609 1372 1823 1445 ἀληθῶς
1852 1372 1967 1425 ἐστι

391 1472 677 1541 προφήτης
699 1511 713 1535 ,
758 1468 901 1523 κατά
939 1468 1030 1521 τὸν
1075 1467 1216 1520 θεῖον
1250 1468 1453 1522 σκοπὸν
1499 1466 1855 1537 ὑποφητεύων
1892 1463 1969 1535 τῷ

391 1563 684 1633 πνεύματι.
716 1562 779 1614 Ei
813 1560 871 1614 δέ
906 1578 992 1624 τις
1016 1561 1291 1614 ἀποτίλλει
1322 1561 1419 1629 τῆς
1448 1559 1691 1631 ἀμπέλου
1719 1558 1817 1621 τὰς
1841 1558 1970 1627 κλη-

396 1656 623 1727 ματίδας
645 1695 660 1719 ,
696 1655 927 1726 ἐρημοίη
966 1654 1041 1726 (7)
1068 1654 1126 1707 δέ
1146 1652 1245 1725 τὴν
1278 1653 1426 1707 θείαν
1449 1650 1726 1724 τράπεζαν
1745 1694 1760 1715 ,
1798 1652 1970 1722 ἀναῤ-

395 1748 559 1819 ρίξων
591 1748 691 1818 τὴν
732 1746 953 1815 φυτείαν
978 1783 994 1807 ,
1040 1745 1380 1798 ἐπιϐουλεύοι
1417 1744 1474 1797 δὲ
1504 1743 1582 1815 τῷ
1614 1739 1969 1814 πνευματικῷ

2061 552 2288 607 oleastri
2318 566 2501 607 ramos
2547 552 2603 604 in
2654 550 2923 605 olivarum
2967 546 3210 602 novellas
3241 553 3642 607 transmutans,

2040 642 2325 713 rmysticas
2375 640 2613 710 denique
2669 640 2852 708 virgas
2902 638 2959 692 in
3013 636 3195 691 dulcia
3240 644 3294 690 et
3344 643 3498 705 grata
3545 634 3646 690 do-

2062 733 2254 788 ctrinae
2276 733 2475 786 ﬂuenta
2494 731 2725 800 injiciat,
2753 745 2848 799 per
2868 743 3008 798 quas
3036 728 3108 781 ita
3127 741 3317 798 greges
3340 725 3647 783 fecundan-

2063 835 2174 890 tur,
2208 834 2269 878 ut
2312 823 2501 881 Laban
2550 821 2825 894 possessio
2872 821 3167 882 minuatur,
3222 819 3465 874 abundet
3512 834 3645 875 vero

2064 929 2194 986 pars
2224 911 2414 980 Jacob,
2448 922 2502 969 et
2532 912 2734 983 insigni
2772 911 2882 967 fetu
2926 911 3322 982 multiplicetur
3358 912 3401 978 ³;
3431 911 3479 966 si
3519 912 3646 982 quis

2066 1009 2228 1063 talem
2294 1007 2562 1062 doctrinae
2620 1023 2735 1062 suae
2788 1005 3028 1060 fructum
3087 1003 3340 1059 ostendat
3396 1004 3647 1072 (fructus

2065 1101 2235 1167 enim,
2265 1110 2324 1155 ut
2355 1101 2617 1162 diximus,
2662 1097 2913 1154 veritatis
2967 1097 3363 1151 incrementum
3394 1096 3522 1166 est),
3559 1096 3647 1151 hic

2066 1204 2196 1257 vere
2240 1188 2508 1259 propheta
2539 1197 2646 1251 est,
2681 1195 2869 1257 utpote
2906 1186 3000 1256 qui
3030 1188 3188 1256 juxta
3223 1184 3317 1240 Dei
3352 1186 3645 1241 consilium

2066 1281 2238 1352 legem
2277 1281 2473 1352 spiritu
2503 1279 2913 1350 interpretetur.
2951 1278 3021 1331 At
3056 1293 3087 1332 e
3125 1278 3404 1333 contrario
3432 1278 3479 1333 si
3520 1277 3648 1347 quis

2068 1374 2200 1428 vitis
2238 1387 2425 1427 ramos
2464 1372 2684 1435 evellat,
2715 1370 2956 1425 divinam
2992 1385 3123 1425 vero
3152 1383 3419 1433 mensam,
3449 1367 3651 1423 exstir-

2067 1472 2193 1535 pata
2226 1463 2586 1533 plantatione,
2615 1462 2889 1517 desertam
2920 1461 3134 1526 reddat,
3180 1470 3236 1515 et
3267 1459 3499 1514 insidias
3540 1459 3649 1513 eir-

2070 1569 2196 1608 cum
2232 1553 2515 1624 spirituale
2563 1552 2853 1622 aquarium
2905 1553 3115 1616 tendat,
3156 1558 3215 1605 ut
3254 1565 3363 1604 non
3412 1550 3650 1620 amplius

2068 1662 2197 1702 oves
2229 1655 2354 1701 ante
2385 1645 2711 1717 patriarchae
2749 1645 2933 1714 virgas
2963 1645 3307 1715 concipiant,
3349 1653 3403 1699 et
3446 1643 3650 1711 insigni

2070 1737 2181 1793 fetu
2212 1746 2443 1810 augeant
2469 1753 2708 1809 gregem,
2746 1737 2840 1792 sed
2875 1738 2945 1793 ab
2969 1736 3247 1791 alibilibus
3280 1735 3520 1806 pascuis,
3554 1751 3653 1805 pa-

393 1836 765 1907 ποτιστηρίῳ,
819 1835 895 1897 ὡς
924 1834 1001 1907 (8)
1048 1833 1242 1906 μηκέτι
1279 1833 1347 1887 τὰ
1396 1833 1642 1902 πρόϐατα
1686 1833 1828 1885 κατὰ
1871 1830 1970 1894 τὰς

2074 1831 2249 1887 ternis
2283 1829 2535 1884 videlicet
2564 1829 2975 1897 traditionibus,
3013 1829 3197 1900 abigat
3222 1836 3277 1883 et
3312 1836 3470 1884 extra
3504 1843 3655 1881 man-

396 1928 621 2000 ῥάϐδους
644 1926 738 1980 τοῦ
780 1926 1114 1998 πατριάρχου
1166 1925 1360 1996 κισσᾷν
1385 1963 1401 1989 ,
1454 1924 1588 1995 μηδέ
1623 1924 1742 1986 ταῖς
1778 1923 1968 1993 ἐπισή-

396 2038 519 2092 μοις
548 2022 732 2089 γοναῖς
763 2017 1054 2089 πληθύνειν
1100 2018 1162 2071 τὸ
1204 2017 1450 2088 ποίμνιον
1474 2055 1489 2080 ,
1523 2014 1639 2069 ἀλλ’
1670 2014 1973 2081 ἀποϐουκοέ

393 2110 603 2165 λεῖσθαι
631 2111 729 2181 τῆς
758 2109 1025 2182 τροφίμου
1057 2108 1262 2179 νομῆς,
1284 2107 1529 2162 τουτέστι
1557 2106 1664 2160 τῶν
1692 2104 1971 2177 πατρικῶν

393 2202 742 2273 παραδόσεων
763 2242 779 2268 ,
810 2202 904 2254 καὶ
935 2200 1040 2266 ἔξω
1068 2202 1167 2273 τῆς
1219 2200 1458 2271 μάνδρας
1484 2197 1799 2263 αὐλίζεσθαι
1824 2238 1838 2262 ,
1879 2198 1973 2251 καὶ

2074 1922 2231 1976 dram
2287 1919 2563 1974 stabulare
2597 1918 2784 1986 faciat,
2834 1929 2889 1974 et
2939 1934 3037 1989 per
3071 1919 3247 1972 aliena
3296 1932 3499 1987 pascua
3535 1917 3653 1971 dis-

2075 2012 2277 2082 pergi:
2327 2010 2569 2081 quando,
2602 2010 2851 2080 inquam,
2907 2010 3071 2063 talem
3120 2009 3370 2064 doctrina
3417 2008 3652 2063 fructum

2077 2103 2388 2175 protulerit,
2418 2109 2552 2156 tunc
2580 2103 2769 2172 utique
2796 2102 2982 2173 lupina
3006 2100 3203 2167 forma,
3234 2102 3338 2156 sub
3367 2101 3488 2156 ovis
3514 2101 3655 2171 pelle

2078 2198 2277 2261 latens,
2316 2195 2780 2251 manifestabitur.

391 2297 531 2366 πρὸς
558 2284 844 2369 ἀλλοτρίας
896 2296 1067 2366 νομάς
1116 2295 1557 2349 διασκίδνασθαι·
1592 2295 1669 2347 ὅτ’
1701 2293 1767 2347 ἂν
1794 2292 2032 2355 τοιοῦτος
2072 2292 2171 2361 τῆς
2206 2290 2553 2354 διδασκαλίας
2589 2290 2803 2361 καρπὸς
2863 2286 2933 2363 ᾖ,
2998 2289 3265 2364 πρόδηλον
3336 2288 3403 2343 ἂν
3447 2288 3656 2358 γένοιτο

393 2390 456 2443 τὸ
478 2388 692 2443 λύκειον
716 2389 920 2460 σχῆμα,
948 2389 1008 2442 τὸ
1032 2386 1523 2459 ἀποκεκρυμμένον
1547 2389 1612 2458 τῇ
1638 2386 1731 2439 τοῦ
1761 2386 2032 2457 προϐάτου
2066 2384 2214 2454 δορᾷ.
2260 2398 2263 2401 ‘
2340 2376 2346 2381 ’

462 2484 671 2538 υύκοῦν
706 2485 1048 2555 ἐξετάσωμεν
1094 2484 1149 2537 τί
1205 2484 1337 2553 ἡμῖν
1382 2483 1417 2553 ἡ
1451 2480 1545 2535 τοῦ
1592 2479 1967 2551 Ἀπολιναρίου

392 2574 486 2628 τοῦ
532 2574 704 2647 Σύρου
752 2575 1067 2629 διδασκαλία
1110 2573 1446 2643 ἐϐλάστησε,
1493 2570 1810 2641 προσθήκην
1862 2569 1969 2623 τῶν

395 2662 715 2735 ποιμνίωνῆ
746 2663 971 2733 μείωσιν
991 2703 1005 2729 ,
1047 2662 1367 2731 συναγωγὴν
1412 2659 1520 2714 τῶν
1550 2660 1971 2731 διεσκορπισμέ-

393 2771 501 2807 νων
533 2752 565 2825 ἢ
596 2753 705 2806 τῶν
736 2753 1085 2808 συνεστώτων
1118 2753 1378 2815 διάλυσιν,
1414 2750 1797 2822 συνηγορίανῆ
1841 2753 1971 2804 ἀνα-

392 2847 603 2917 τροπὴν
627 2836 743 2900 τῶν
764 2844 1036 2918 πατρῴων
1064 2845 1367 2915 δογμάτων.
1401 2844 1463 2896 Εἰ
1495 2842 1593 2915 μὲν
1617 2837 1710 2895 οῦν
1737 2841 1873 2912 πρὸς
1910 2840 1972 2893 τὸ

396 2942 639 3009 κρεῖττον
658 2942 691 3010 ἡ
718 2940 922 3009 σπουδὴ
945 2938 1039 2992 τοῦ
1064 2936 1456 3009 προειρημένου
1483 2935 1686 3006 βλέπει,
1702 2933 1972 3005 πρόϐατον

393 3028 612 3092 πάντως
637 3069 652 3095 ,
688 3029 782 3082 καὶ
824 3029 944 3099 οὐχὶ
980 3027 1143 3091 λύκος
1198 3026 1381 3079 ἐστίν·
1428 3026 1478 3077 εί
1516 3025 1574 3077 δὲ
1602 3024 1662 3078 τὸ
1710 3023 1965 3090 ἔμπαλιν,

395 3117 729 3189 Προσέχετε
758 3119 877 3173 ἀπὸ
900 3117 1017 3172 τῶν
1041 3113 1571 3187 ψευδοπροφητῶν,
1604 3116 1769 3186 φησὶν
1799 3116 1827 3168 ὁ
1850 3114 1963 3168 Κύο
1996 3159 2037 3216 C

398 3226 550 3281 ριος’
611 3210 685 3281 μὴ
736 3209 1044 3263 λανθανέτω
1090 3210 1151 3262 τὸ
1201 3208 1373 3277 στόμα
1424 3208 1485 3259 τὸ
1529 3206 1622 3259 ἐπὶ
1675 3206 1823 3279 λώϐῃ
1874 3207 1968 3259 καὶ

394 3299 687 3371 ἀφανισμῷ
724 3299 818 3353 τοῦ
859 3298 1308 3371 προσεγγίζοντος
1350 3299 1598 3369 σώματος
1634 3296 1968 3367 τεθηγμένον

394 3394 506 3453 τοῖς
548 3391 649 3460 τῆς
692 3391 1040 3461 καινοτομίας
1082 3389 1262 3442 ὀδοῦσι
1297 3390 1389 3442 καὶ
1422 3389 1882 3461 κατασπαράσσον
1910 3388 1970 3441 τὸ

398 3484 544 3551 ὑγιὲς
573 3483 731 3553 σῶμα
772 3483 870 3553 τῆς
900 3481 993 3535 τοῦ
1037 3481 1171 3535 θεοῦ
1205 3482 1554 3550 Ἐκκλησίας.
1589 3482 1675 3545 Ὠς
1702 3482 1746 3534 δ’
1783 3480 1847 3534 ἂν
1895 3480 1970 3551 μὴ

395 3575 575 3645 δοκοίη
609 3573 845 3645 λοιδορία
873 3573 932 3626 τὺ
983 3573 1274 3643 λεγόμενον
1324 3568 1464 3627 εἶναι
1490 3611 1506 3633 ,
1553 3573 1650 3626 ἕνα
1702 3572 1808 3625 τῶν
1838 3573 1969 3643 παρ’

396 3661 560 3714 αὑτοῦ
618 3661 1060 3732 περιφερομένων
1111 3661 1283 3728 λόγων
1350 3659 1768 3731 προσθήσομεν,
1821 3657 1882 3716 οὗ
1933 3664 1967 3732 ή

398 3756 677 3825 ἐπιγραφή
712 3756 856 3806 ἐστιν
890 3753 1046 3822 αὕτη·
1102 3752 1427 3819 Ἀπόδειξις
1450 3795 1466 3819 ,
1502 3754 1655 3822 φησὶ,
1696 3753 1829 3821 περὶ
1861 3753 1970 3821 τῆς

398 3847 560 3911 θείας
608 3845 963 3914 σιιρκώσεως
998 3844 1108 3913 τῆς
1162 3847 1287 3900 καθ’
1321 3846 1604 3914 ὁμοίωσιν
1633 3845 1967 3913 ἀνθρώπου.

398 3938 550 4006 Τάχα
582 3937 628 3989 δ’
649 3937 713 3990 ἄν
740 3954 823 3999 τις
851 3936 918 3989 δι’
956 3936 1240 4007 ἀκριϐείας
1274 3937 1361 3988 τὸν
1387 3936 1486 4004 τῆς
1511 3936 1822 4005 ἐπιγραφῆς
1846 3935 1969 3988 νοῦν

396 4027 833 4097 ἀπογυμνώσας,
864 4028 962 4080 οὐκ
998 4026 1066 4080 ἂν
1114 4026 1330 4097 δεηθείη
1372 4026 1436 4079 δι’
1470 4026 1639 4094 αὐτῆς
1680 4029 1778 4095 τῆς
1820 4026 1963 4094 λογο-

396 4118 634 4186 γραφίας
674 4117 774 4189 (9)
833 4116 1048 4183 ἐλέγξαι
1104 4117 1201 4187 τὴν
1257 4116 1482 4169 ἀτοπίαν
1535 4113 1628 4168 τοῦ
1680 4115 1968 4185 δόγματος.

409 4208 754 4274 Ἀπόδειξις,
800 4209 951 4278 φησὶ,
980 4207 1114 4276 περὶ
1143 4207 1254 4275 τῆς
1283 4208 1443 4272 θείας
1473 4205 1832 4273 σαρκώσεως
1860 4206 1970 4275 τῆς

396 4303 523 4354 καθ’
558 4301 844 4370 ὁμοίωσιν
876 4300 1210 4368 ἀνθρώπου.
1254 4298 1509 4369 Κρεῖττον
1556 4299 1600 4350 δ’
1645 4299 1711 4352 ἂν
1747 4300 1831 4370 εἴη
1870 4300 1971 4363 τὰς

396 4390 546 4453 θείας
571 4392 909 4450 παραθέσθαι
946 4390 1126 4460 φωνὰς
1148 4391 1224 4453 είς
1252 4390 1468 4460 ἔλεγχον
1492 4390 1590 4459 τῆς
1620 4390 1811 4459 καινῆς
1840 4390 1970 4442 ταύ-

2143 2478 2213 2532 11.
2246 2475 2596 2546 Inquiramus
2632 2491 2762 2549 ergo
2793 2476 2924 2547 quid
2962 2476 3120 2533 nobis
3151 2475 3484 2547 Apollinaris
3531 2475 3653 2547 Syri

2073 2568 2325 2623 doctrina
2364 2568 2609 2637 protulit,
2660 2568 3135 2623 incrementumne
3182 2566 3364 2639 gregis
3395 2582 3464 2621 an
3492 2568 3654 2622 dimi-

2074 2660 2383 2726 nutioncm,
2406 2660 2855 2729 dispersorumne
2885 2659 3263 2714 collectionem
3291 2674 3359 2714 an
3393 2660 3655 2714 collecto-

2073 2763 2196 2802 rum
2233 2746 2658 2819 dispersionem,
2690 2746 3140 2802 defensionemne
3160 2758 3514 2817 paternorum
3555 2746 3654 2801 do-

2073 2849 2315 2911 gmatum
2355 2854 2423 2892 an
2477 2839 2914 2895 subversionem.
2965 2837 3022 2895 Si
3072 2840 3257 2911 itaque
3307 2838 3464 2895 adid
3506 2840 3653 2911 quod

2077 2931 2274 2986 melius
2298 2938 2382 2986 est
2402 2930 2735 2999 Apollinaris
2756 2930 2998 2985 studium
3026 2931 3272 3001 respicit,
3295 2932 3415 2988 ovis
3437 2931 3652 3002 utique,

2073 3029 2128 3077 et
2159 3037 2266 3077 non
2293 3024 2455 3091 lupus
2483 3023 2623 3087 erit;
2655 3022 2703 3077 si
2729 3038 2859 3077 vero
2888 3029 3079 3076 contra
3111 3041 3124 3077 :
3157 3021 3419 3077 Attendite
3445 3039 3477 3076 a
3494 3023 3652 3092 falsis

2072 3115 2359 3185 prophetis,
2403 3116 2480 3169 ait
2523 3114 2835 3169 Dominus:
2878 3131 2987 3169 non
3030 3116 3194 3170 lateat
3234 3130 3297 3170 os
3336 3115 3493 3181 illud,
3536 3130 3654 3186 per-

2071 3207 2249 3261 acutis
2294 3207 2552 3263 novitatis
2586 3208 2840 3262 dentibus
2879 3208 2933 3261 in
2956 3207 3214 3262 damnum
3246 3208 3654 3278 perniciemque

2068 3298 2623 3369 appropinquantium
2656 3306 2925 3351 armatum
2956 3306 3010 3354 et
3041 3314 3235 3353 sanum
3275 3299 3533 3355 Ecclesiae
3557 3299 3652 3354 Dei

2069 3406 2269 3461 corpus
2303 3391 2575 3446 lacerans.
2619 3391 2695 3445 Ne
2730 3400 2933 3455 autem,
2965 3391 3109 3461 quod
3154 3390 3412 3459 dicimus,
3461 3392 3655 3448 convi-

2069 3484 2214 3537 cium
2249 3499 2371 3539 esse
2401 3483 2673 3550 videatur,
2722 3499 2890 3537 unum
2931 3499 2998 3538 ex
3027 3484 3168 3552 ejus,
3212 3485 3303 3554 qui
3350 3483 3650 3540 circumfe-

2070 3584 2267 3629 runtur
2305 3574 2634 3628 tractatibus
2676 3571 3096 3643 subjungamus,
3153 3575 3315 3643 cujus
3368 3572 3655 3642 inseriptio

2069 3667 2193 3721 talis
2219 3674 2325 3729 est,
2358 3665 2779 3728 Demonstratio,
2808 3667 3009 3734 inquit,
3038 3665 3234 3720 divina:
3263 3665 3649 3719 incarnationis

2071 3758 2139 3812 ad
2177 3758 2577 3811 similitudinem
2605 3756 2855 3810 hominis.
2884 3756 2948 3809 Et
2974 3755 3213 3811 fortasse
3242 3756 3464 3826 quidem
3485 3771 3652 3810 accu-

2073 3858 2193 3905 rate
2225 3849 2499 3919 patefacto
2548 3847 2924 3918 inscriptionis
2954 3862 3139 3911 sensu,
3187 3862 3297 3903 non
3337 3854 3486 3902 esset
3513 3846 3650 3902 ulte-

2071 3943 2187 3999 rius
2220 3943 2383 3997 alicui
2434 3941 2819 4001 laborandum,
2870 3940 2924 3993 in
2982 3939 3253 4010 dogmatis
3310 3940 3651 3996 absurditate

2070 4049 2167 4102 per
2196 4033 2439 4102 singulas
2485 4031 2656 4100 ipsius
2701 4037 2968 4084 tractatus
3018 4038 3202 4099 partes
3247 4031 3647 4100 redarguenda.

2069 4122 2485 4184 Demonstratio,
2522 4120 2718 4190 inquit,
2749 4118 2941 4173 divina:
2972 4118 3360 4174 incarnationis
3387 4120 3456 4172 ad
3488 4120 3645 4174 simi-

2073 4215 2351 4269 litudinem
2376 4214 2624 4268 hominis.
2651 4211 2853 4266 Verum
2873 4212 3046 4267 satius
3070 4210 3233 4264 fuerit
3256 4210 3464 4266 divinas
3483 4226 3648 4267 voces

2071 4320 2345 4375 apponere
2372 4306 2428 4359 in
2464 4319 2616 4359 novae
2656 4304 2819 4373 hujus
2850 4302 3087 4357 ﬁctionis
3131 4302 3413 4356 nominum
3448 4302 3645 4357 confu-

2070 4399 2352 4451 tationem.
2390 4395 2639 4458 Verbum,
2674 4397 2748 4449 ait
2777 4396 2819 4459 ³,
2850 4412 2974 4448 caro
3008 4394 3207 4463 factum
3264 4402 3341 4447 est
3373 4434 3389 4459 ,
3421 4403 3493 4457 et,
3526 4392 3650 4448 Clo-

394 4500 493 4551 της
522 4484 957 4553 ὀνοματοποιίας.
996 4481 1048 4533 '0
1070 4482 1289 4551 Λόγος,
1325 4482 1477 4550 φησὶ,
1509 4480 1665 4549 σὰρξ
1691 4480 1925 4550 ἐγένετο
1950 4498 1960 4511 ·

2072 4490 2155 4542 ria
2188 4487 2503 4541 inhabitavit
2529 4488 2583 4540 in
2629 4497 2769 4540 terra
2816 4496 3000 4541 nostra
3023 4485 3064 4549 ⁸,
3103 4493 3177 4545 et.
3225 4483 3365 4538 Deus
3415 4486 3646 4553 manife-

396 4578 508 4636 καὶ,
545 4576 606 4628 Ἠ
636 4575 786 4639 δόξα
806 4574 1272 4641 κατεσκήνωσεν
1295 4573 1364 4625 ἐν
1392 4570 1468 4639 τῇ
1503 4570 1579 4642 τῇ
1613 4570 1814 4640 ἡμῶν
1846 4572 1961 4635 καὶ,

405 4666 460 4718 '0
495 4666 637 4733 Θεὸς
664 4666 1002 4736 ἐφανερώθη
1043 4667 1112 4719 ἐν
1154 4665 1331 4733 σαρκὶ
1352 4706 1368 4730 ,
1394 4664 1489 4727 Δὡς
1534 4664 1598 4717 ἂν
1636 4664 1700 4717 δι’
1734 4664 1963 4718 ἑκάστου

466 4799 487 4830 ¹
515 4800 650 4856 Gen.
683 4816 813 4868 xxx,
842 4801 908 4855 57
932 4817 1055 4872 sqq.

467 4941 542 5012 (αι.)
570 4942 646 4995 Ita
671 4953 815 5012 corr.
839 4938 979 4993 male
1010 4947 1166 4993 antea
1198 4942 1301 5012 τῆς
1332 4939 1438 4991 ἀπὸ
1454 4939 1570 5012 τῆςἶ

471 5008 544 5073 ('5)
599 5013 663 5065 Et
696 5010 812 5064 haec
845 5024 990 5063 corr.
1019 5008 1329 5064 emendatio
1356 5017 1469 5074 est;
1496 5009 1645 5077 prius
1676 5009 1817 5063 enim
1845 5016 1963 5064 erat

394 5083 591 5134 ἐλαῖον.

466 5153 540 5220 (6)
594 5151 873 5220 Επίσημος
908 5150 1037 5220 γονή
1085 5157 1194 5203 tam
1250 5148 1343 5220 hic
1390 5164 1552 5216 quam
1600 5147 1737 5220 inira
1765 5149 1963 5217 aliquis

397 5218 625 5275 forsitan
650 5218 884 5274 verteret
906 5219 1042 5273 varii
1074 5220 1269 5274 coloris
1318 5218 1476 5287 fetus.
1520 5221 1601 5271 vel
1637 5218 1840 5271 diverso
1870 5236 1961 5271 co-

396 5293 504 5345 lore
541 5306 804 5359 respersus
829 5290 989 5358 fetus,
1039 5299 1098 5343 ut
1139 5305 1309 5345 sacra:
1339 5287 1635 5355 Scriptura:
1663 5289 1962 5342 narrationi

396 5377 620 5481 pl'Ql;‘SlIS
675 5361 1045 5431 respondeat;
1106 5359 1201 5416 sed
1252 5360 1381 5414 mihi
1432 5360 1535 5412 alia
1572 5360 1753 5412 versio
1788 5358 1965 5429 magis

396 5446 502 5481 am
543 5441 616 5481 et.

394 5441 616 5484 arridet.

466 5501 541 5569 (7)
574 5502 630 5554 In
662 5498 785 5553 Vat.
816 5501 940 5556 cod.
965 5498 1191 5572 ἐρημῴη
1225 5498 1517 5555 inﬂexione
1544 5499 1745 5561 Attica,
1778 5499 1965 5553 nescio

392 5586 460 5624 an
495 5572 657 5623 simili
684 5573 953 5639 exemplo.

464 5641 539 5708 (8)
566 5641 723 5694 Corr.
753 5639 917 5694 ὥστε.

466 5710 543 5777 (9)
576 5709 853 5780 Nysscnus
880 5712 929 5764 in
967 5718 1081 5763 toto
1110 5710 1213 5763 hoc
1252 5726 1417 5780 opere
1452 5709 1820 5780 Apollinarem
1871 5709 1962 5760 λος

391 5779 665 5853 γογράφον
691 5781 915 5849 cjusaue
946 5781 1019 5835 De
1055 5779 1429 5836 Incarnatione
1480 5788 1773 5835 tractatum
1814 5779 1965 5844 λογο-

2070 4582 2239 4626 status
2267 4583 2344 4627 est
2372 4574 2426 4627 in
2459 4575 2676 4636 carne”,
2711 4581 2769 4627 ιιι
2802 4588 2867 4628 ex
2895 4588 3221 4643 unoquoque
3254 4573 3445 4627 horum
3470 4575 3649 4629 dicto~

2074 4680 2192 4719 rum
2224 4663 2501 4720 discamus
2530 4665 2897 4729 divinitatem,
2930 4680 3051 4736 quae
3079 4679 3292 4734 semper
3330 4665 3643 4722 substantia

1131 4801 1153 4832 ³
1182 4799 1319 4855 Joan
1349 4816 1387 4868 ι,
1423 4800 1507 4854 14.
1583 4800 1606 4831 ⁸
1640 4798 1842 4857 Psalm.
1878 4817 2102 4867 Lxxmv,
2140 4803 2225 4858 10.
2301 4802 2323 4834 ⁵
2354 4802 2371 4856 Ι
2410 4802 2553 4857 Tim.
2609 4819 2691 4867 ιιι,
2734 4804 2822 4871 16.

2068 4939 2310 5012 γραφίαν
2337 4949 2488 4993 vocat
2512 4939 2693 5012 {quin
2725 4946 2779 4994 et
2814 4938 3138 5012 Eunomium
3167 4938 3396 5011 ejusque
3436 4942 3641 5012 scripta

2068 5008 2513 5080 λογογράφονηει
2539 5008 3114 5080 λογογραφίανὶ-ιίόεῐῐι
3145 5008 3429 5066 vocat—lib.
3459 5029 3474 5066 ι
3543 5008 3643 5067 ad-

2069 5077 2263 5133 versus
2290 5077 2563 5145 eumdem,
2604 5089 2659 5133 et
2679 5077 2825 5132 alibi.
2857 5077 3081 5133 Videtur
3120 5091 3298 5134 autem
3351 5080 3417 5135 iis
3461 5086 3639 5137 nomi-

2070 5151 2233 5204 nibus
2262 5151 2522 5203 verbosos
2574 5159 2735 5218 atque
2775 5149 3017 5219 prolixos
3068 5152 3349 5219 utriusque
3401 5151 3640 5209 haeretici

2073 5219 2564 5293 librossuggillare
2597 5220 2833 5293 voluisse
2864 5218 3170 5293 Nyssenus.
3191 5218 3324 5274 Nam
3344 5219 3639 5293 Gregorius

2073 5290 2208 5361 alter
2223 5288 2599 5361 Nazianzenus
2628 5288 2925 5361 episcopus
2954 5296 3006 5341 in
3039 5292 3285 5361 oratione
3332 5292 3422 5355 51,
3455 5288 3639 5361 ’ρι-οβο

2075 5360 2651 5434 linem,_hpollinarem
2686 5362 2827 5434 inter
2853 5360 2955 5434 alia
2993 5360 3287 5434 redarguit,
3335 5360 3483 5431 quod
3507 5360 3638 5434 pa-

2073 5430 2238 5499 κροὺς
2259 5430 2446 5497 λόγους
2470 5431 2773 5499 scripserit,
2796 5430 3091 5498 eademque
3118 5431 3183 5485 tle
3210 5430 3459 5485 EunOmii
3484 5430 3638 5487 libris

2072 5497 2299 5572 Nysrseni
2330 5501 2547 5572 querela
2581 5497 2776 5572 estlib.
2810 5517 2825 5553 ι
2880 5497 3143 5554 adversus
3175 5503 3634 5572 eumdem_prope

2073 5559 2307 5638 initium.
2347 5558 2547 5623 'Utitur
2604 5579 2657 5623 et
2704 5570 3041 5638 λογογράφου
3100 5586 3232 5625 voce
3280 5558 3637 5626 ntalovsen'su

2074 5637 2461 5712 Demosthenes
2491 5641 2543 5712 in
2573 5637 2816 5693 oratione
2848 5637 2923 5692 De
2952 5641 3092 5709 falsa
3119 5640 3395 5712 legatione,
3432 5657 3484 5712 p.
3510 5642 3637 5708 252,

2073 5706 2424 5778 Hervagianae
2467 5710 2723 5765 editionis
2772 5706 2967 5778 quarta
3018 5706 3467 5775 Graeco-Latinae,
3513 5706 3637 5767 cum

2073 5777 2322 5834 Escbini
2357 5781 2671 5851 exprobrat,
2705 5777 2851 5851 quod
2878 5781 3248 5854 λογογράφους
3290 5790 3344 5839 et
3382 5783 3647 5852 σοφιστάς
