4146 6386
504 326 643 382 1127
1732 327 1790 386 S.
1825 326 2081 386 CHEGOI

2191 327 2484 386 NYSSENI
3628 326 3649 379 1
3670 326 3769 381 128

503 447 866 504 immutabilis
894 454 1003 512 est,
1038 440 1330 503 mutationi
1364 446 1659 503 obnoxiam
1702 447 1952 505 induisse
1983 465 2081 504 na-

2187 450 2457 521 μάθοιμεν
2505 449 2617 505 τῶν
2669 447 2975 520 εἰρημένων
3028 448 3109 502 ὅτι
3159 446 3249 501 ἀεὶ
3298 446 3564 517 ἄτρεπτον
3595 443 3654 498 δν
3702 446 3765 497 τὸ

505 551 704 606 turam,
743 546 804 595 ut
838 540 1062 611 propria
1112 539 1556 595 lmmutabilitate
1608 548 1811 596 nostrae
1858 541 1915 595 in
1965 555 2081 595 ma-

2183 542 2337 595 Θεῖον
2368 539 2434 611 τῇ
2457 540 2636 612 οὐσίᾳ,
2673 540 2769 593 καὶ
2797 539 3154 594 ἀναλλοίωτον
3173 580 3187 601 ,
3222 541 3279 594 ὲν
3304 540 3370 609 τῇ
3400 539 3608 609 τρεπτῇ
3672 539 3765 591 καὶ

505 633 617 687 lum
640 630 935 687 mutationi
964 631 1300 688 mederetur.
1328 631 1398 685 At
1435 630 1524 687 hic
1548 630 1721 687 Deum
1752 632 1953 689 asserit
1969 649 2080 688 non

507 723 678 779 fuisse
708 724 764 778 in
818 738 986 778 carne
1040 722 1481 788 maniiestatum,
1531 724 1680 795 quod
1718 723 1863 780 idem
1893 733 1977 780 est
2016 739 2082 781 ac

504 815 552 869 si
601 815 828 881 diceret,
889 829 1112 871 carnem
1164 816 1368 870 factum
1429 830 1540 870 non
1591 815 1765 872 fuisse
1815 812 2079 887 Verbum,

503 908 651 978 quod
692 908 748 963 in
775 908 1059 963 hominum
1090 907 1265 964 forma
1295 916 1352 963 et
1382 908 1749 965 similitudine
1778 924 1875 981 per
1904 910 2082 965 servi-

503 1000 611 1054 lem
650 1000 897 1054 habitum
937 1015 1060 1055 cum
1104 1000 1420 1056 hominibus
1471 1008 1857 1057 couversatum
1900 1008 1985 1056 est
2018 1005 2079 1069 ⁶;

504 1091 601 1146 sed
641 1091 883 1147 divinam
915 1092 1212 1162 quamdam
1255 1092 1693 1149 incarnationem
1716 1091 1898 1148 Verbo
1924 1092 2082 1148 anin-

503 1184 600 1254 git,
630 1184 795 1254 idque
829 1183 996 1239 dubio
1025 1185 1163 1239 adeo
1215 1199 1490 1251 sermone,
1535 1192 1597 1240 ut
1642 1185 1909 1241 incertum
1944 1185 2082 1241 mihi

506 1279 576 1331 sit
610 1286 797 1332 utrum
832 1278 1192 1333 mutationem
1230 1277 1538 1333 divinitatis
1567 1294 1597 1333 e
1619 1277 1857 1349 simplici
1886 1277 2007 1346 ejus
2029 1285 2085 1335 et

506 1368 925 1439 compositionis
960 1379 1182 1440 experte
1214 1378 1413 1425 natura
1445 1370 1499 1425 in
1530 1385 1790 1426 carneam
1828 1371 2083 1426 solidita-

505 1469 612 1515 tem
660 1461 1067 1517 transformata
1116 1462 1407 1533 intelligat,
1467 1477 1535 1516 an
1584 1462 1789 1531 potius,
1828 1471 2086 1519 manente

504 1552 561 1606 in
589 1568 648 1607 se
671 1552 791 1623 ipsa
822 1551 1009 1607 divina
1035 1553 1368 1619 substantia,
1402 1553 1565 1607 aliam
1594 1553 1887 1624 quamdam
1916 1568 2085 1623 appa-

504 1644 685 1700 ruisse
705 1644 849 1700 dicat
882 1646 1323 1701 incarnationem
1359 1645 1624 1711 divinam,
1666 1647 1721 1700 in
1751 1647 2003 1702 humanae
2030 1654 2086 1703 et

502 1733 701 1788 divina;
746 1741 957 1788 naturae
1002 1735 1249 1790 conﬁnio
1304 1735 1565 1805 positam,
1611 1750 1734 1806 quae
1780 1752 1883 1792 nec
1938 1736 2084 1793 Deus

2181 634 2538 708 ἀλλοιουμένῃ
2567 633 2777 703 γίνεται
2806 631 2987 702 φύσει,
3019 631 3106 684 i'va
3134 629 3212 701 τῷ
3239 629 3352 701 ἰδίῳ
3379 629 3635 701 ἀτρέπτῳ
3664 628 3765 697 τὴν

2181 728 2459 800 ἡμετέραν
2500 726 2636 797 πρὸς
2679 725 2741 781 τὸ
2783 724 2953 779 κακὸν
2991 723 3201 797 τροπὴν
3230 723 3531 794 ὲξιάσηται.
3566 719 3765 776 Οὑτοσὶ

2181 821 2238 875 δὲ
2327 820 2493 891 φησὶν
2554 820 2616 873 οὑ
2643 819 2778 873 Θεὸν
2823 819 2881 872 ὲν
2914 818 3078 890 σαρκὶ
3126 813 3588 888 πεφανερῶσθαι,
3626 815 3763 885 ὅπερ

2182 907 2376 962 ταύτόν
2400 909 2516 961 ἔστι
2549 905 2628 979 τῷ
2656 906 2768 978 (10)
2799 948 2817 974 ,
2854 907 2928 979 μὴ
2958 906 3052 960 τὸν
3075 906 3247 975 Λόγον
3277 906 3460 977 σάρκα
3487 903 3761 973 γενέσθαι,

2181 1000 2274 1053 τὸν
2313 1000 2371 1053 ὲν
2424 998 2730 1071 ὁμοιώματι
2782 998 3071 1071 ἀνθρώπου
3104 1001 3199 1052 καὶ
3237 998 3500 1069 σχήματι,
3534 998 3600 1066 τῇ
3648 995 3760 1065 ζωῇ

2182 1093 2294 1148 τῶν
2319 1090 2623 1165 ἀνθρώπων
2664 1092 2754 1146 διὰ
2779 1092 2875 1146 τοῦ
2914 1091 3159 1145 δουλικοῦ
3217 1087 3508 1161 προσώπου
3543 1087 3765 1158 καθομι·

2183 1183 2423 1255 λήσαντα
2444 1202 2458 1215 ·
2491 1184 2628 1238 ἀλλά
2656 1183 2807 1237 θείαν
2830 1182 2951 1236 τινὰ
2990 1182 3265 1253 σάρκωσιν
3292 1178 3659 1234 ἀναωποῦται
3687 1178 3765 1249 τῷ

2182 1276 2379 1347 Λόγῳ,
2425 1276 2526 1330 οὐκ
2568 1271 2685 1331 οἶδα
2716 1274 2770 1328 τί
2818 1273 3097 1346 σημαίνων
3134 1272 3213 1343 τῷ
3262 1274 3502 1344 ῥήματι,
3538 1271 3765 1340 πότερον

2183 1368 2394 1439 τροπὴν
2418 1368 2517 1439 τῆς
2546 1366 2797 1439 θεότητος
2820 1367 2928 1421 ἀπὸ
2954 1367 3053 1439 τῆς
3077 1365 3254 1435 ἁπλῆς
3280 1362 3445 1418 αὑτοῦ
3476 1364 3569 1416 καὶ
3603 1365 3766 1416 ἀσυν-

2185 1459 2341 1514 θέτου
2376 1458 2593 1528 φύσεως
2621 1460 2700 1523 είς
2728 1457 2982 1531 σαρκώδη
3010 1456 3330 1512 ἀντιτυπίαν
3354 1453 3760 1523 ἀλλοιωθείσης·

2183 1553 2218 1624 ἢ
2253 1552 2523 1624 μενούσης
2554 1551 2655 1621 τῆς
2684 1550 2835 1614 θείας
2863 1550 3051 1614 οὐσίας
3077 1551 3161 1620 ἐφ’
3189 1548 3390 1618 ἑαυτῆς
3411 1588 3427 1612 ,
3458 1546 3621 1617 ἄλλην
3642 1543 3763 1597 τινὰ

2188 1643 2465 1714 σάρκωσιν
2500 1641 2652 1696 θείαν
2689 1638 2937 1711 μεθόριον
2960 1643 3059 1711 τῆς
3086 1638 3197 1693 τῶν
3242 1636 3545 1709 ἀνθρώπων
3578 1652 3638 1687 τε
3670 1632 3766 1687 καὶ

2184 1734 2279 1788 τοῦ
2309 1733 2444 1788 Θεοῦ
2481 1733 2697 1803 φύσεως
2725 1732 3087 1802 ἀναφανῆναι,
3117 1730 3241 1784 οὔτε
3268 1730 3551 1805 ἄνθρωπον
3577 1722 3761 1789 οὖσαν,

501 1833 670 1888 esset,
692 1839 794 1879 nec
830 1825 1016 1890 homo,
1043 1827 1138 1881 sed
1163 1842 1231 1881 ex
1260 1833 1497 1897 utroque
1526 1826 1932 1898 quodammodo
1955 1843 2081 1898 par-

2186 1825 2313 1880 ούτε
2344 1825 2487 1880 ’Θεὸν
2513 1866 2527 1890 ,
2582 1824 2912 1897 μετέχουσαν
2959 1823 3017 1876 δέ
3067 1840 3182 1886 πως
3227 1820 3339 1893 (11)
3399 1818 3759 1891 ἀμφοτέρωνο

503 1916 794 1984 ticiparet;
874 1922 929 1970 et
989 1924 1152 1987 prout
1203 1916 1515 1972 incarnatio
1570 1924 1678 1979 est.
1750 1917 2081 1973 humanitati

503 2005 679 2061 aﬂinis
709 2016 874 2076 atque
900 2015 1135 2076 cognata
1169 2009 1493 2077 exsisteret;
1537 2018 1700 2082 prout
1727 2025 1859 2066 vero
1896 2010 2082 2065 divina

502 2106 606 2162 est,
648 2098 809 2168 longe
848 2098 1021 2151 multo
1053 2098 1308 2153 humana:
1349 2109 1564 2156 natura:
1598 2100 1881 2155 modulum
1917 2115 2082 2170 supeo

502 2197 669 2244 raret.
700 2187 902 2245 Verum
924 2190 1205 2245 enimvero
1234 2190 1546 2246 substantia
1575 2190 1890 2261 hujusmodi
1935 2190 2080 2248 Deus

500 2296 625 2338 esse
654 2296 763 2337 non
793 2287 993 2351 potest.
1036 2278 1307 2335 Divinitas
1338 2282 1492 2337 enim
1526 2297 1617 2340 res
1651 2289 1830 2338 estex
1856 2280 1943 2338 sui
1992 2295 2084 2337 na-

502 2383 626 2429 tura
678 2374 911 2445 simplex
959 2381 1012 2428 et
1050 2388 1080 2427 a
1115 2373 1519 2443 compositione
1560 2390 1795 2445 prorsus
1850 2375 2079 2430 aliena:

2185 1919 2308 1989 ῆτις
2339 1918 2451 1989 (19)
2479 1916 2559 1989 τῷ
2597 1916 2697 1989 μὲν
2730 1917 3005 1988 σὰρκωσις
3036 1911 3199 1978 εἶναι,
3236 1912 3513 1983 συγγενῶς
3541 1910 3674 1981 πρὸς
3705 1909 3764 1961 τὸ

2186 2007 2526 2079 ἀνθρώπινον
2571 2008 2720 2079 ἔχει,
2770 2008 2849 2079 τῷ
2884 2007 2997 2079 (15)
3036 2005 3095 2059 δὲ
3141 2005 3262 2059 θεία
3296 2001 3468 2066 εἶναι,
3502 2000 3763 2073 κρείττων

2185 2101 2334 2155 ἐστὶν
2359 2141 2373 2166 ,
2407 2100 2440 2171 ἢ
2474 2103 2594 2154 κατ’
2625 2101 2932 2173 ἄνθρωπον.
2982 2097 3146 2152 Ἀλλά
3192 2098 3296 2169 μὴν
3347 2096 3479 2156 Θεὸς
3522 2089 3660 2148 εἷναι
3702 2092 3764 2144 ού

2184 2193 2440 2248 δύναται·
2470 2193 2676 2248 ἁπλοῦν
2722 2193 2832 2264 γὰρ
2884 2195 2950 2263 τῇ
2998 2190 3155 2263 φύσει
3193 2191 3255 2245 τὸ
3289 2189 3443 2244 Θεῖόν
3503 2188 3619 2240 ἐστι
3673 2184 3766 2237 κα)⁵

2182 2286 2508 2343 ἀσύνθετον·
2541 2279 2603 2341 οὗ
2644 2287 2702 2341 δὲ
2736 2288 2771 2358 ἡ
2814 2286 3055 2357 ἁπλότης
3105 2284 3219 2357 (14)
3243 2324 3259 2348 ,
3307 2281 3497 2337 τούτου
3525 2278 3666 2332 κατὰ
3706 2276 3766 2330 τὸ

2185 2380 2300 2434 ἴσον
2332 2378 2551 2442 πάντως
2604 2378 2699 2433 καὶ
2732 2380 2765 2450 ή
2817 2377 3007 2447 θεότης
3053 2374 3404 2446 κεχώρισται.
3448 2371 3766 2442 Ἄνθρωπος

501 2482 532 2520 a
567 2480 679 2537 quo
710 2474 891 2520 autem
926 2464 1254 2536 simplicitas
1288 2466 1569 2532 abest,'ab
1616 2482 1683 2523 eo
1724 2481 1881 2539 atque
1917 2467 2081 2523 etiam

2184 2472 2244 2529 δὲ
2268 2466 2335 2526 αὖ
2367 2471 2528 2526 πάλιν
2559 2472 2659 2525 οὐκ
2695 2470 2833 2525 ἔστι.
2872 2470 2931 2523 '0
2965 2468 3073 2541 γὰρ
3101 2470 3166 2522 ἐκ
3194 2467 3371 2537 ψυχῆς
3400 2466 3619 2537 νοερᾶς,
3669 2461 3767 2516 καὶ

500 2558 848 2613 divinitatem
881 2558 1075 2614 abesse
1113 2560 1492 2616 necessarium
1530 2574 1763 2629 prorsus
1803 2566 1909 2615 est.
1947 2558 2081 2616 Con-

2188 2561 2439 2634 σώματος
2465 2560 2847 2633 συνεστηκὼς,
2897 2560 3181 2631 ἄνθρωπος
3230 2558 3446 2627 λέγεται
3472 2574 3485 2586 ·
3521 2551 3566 2624 ᾧ
3593 2555 3649 2608 δὲ
3688 2554 3765 2625 μὴ

502 2658 587 2704 tra
620 2663 752 2705 vero
785 2664 963 2721 neque
996 2650 1163 2707 homo
1199 2666 1327 2707 esse
1356 2659 1559 2723 potest.
1596 2651 1770 2708 [Ionio
1804 2652 1951 2709 enim
2000 2651 2081 2708 di-

2189 2655 2583 2707 συνεπινοεῖται
2614 2652 2684 2705 τά
2726 2651 2820 2705 δύο
2847 2691 2861 2715 ,
2901 2650 3020 2714 πῶς
3048 2649 3082 2718 ἡ
3117 2648 3211 2703 τοῦ
3242 2647 3531 2719 ἀνθρώπου
3574 2644 3767 2715 κλῆσις

500 2740 649 2795 citur
688 2740 783 2812 qui
818 2756 885 2796 ex
919 2754 1155 2812 corpore
1192 2748 1249 2797 et
1294 2742 1477 2796 anima
1523 2741 1881 2798 intellectuali
1924 2757 2081 2799 com.

2187 2742 2702 2814 ὲφαρμοσθήσεταις
2736 2738 3050 2812 Ἀνθρώπου
3077 2738 3187 2811 γὰρ
3216 2737 3376 2808 σῶμα
3402 2736 3653 2807 λέγομεν,
3674 2734 3766 2787 καὶ

470 2832 766 2902 ~ponitur;
794 2832 846 2888 ei
870 2840 1077 2899 autem,
1105 2834 1161 2888 in
1187 2848 1297 2905 quo
1323 2833 1438 2889 haec
1458 2833 1568 2888 duo
1596 2834 1763 2891 simul
1782 2833 2081 2905 conjuncta

2185 2834 2362 2907 ψυχὴν
2390 2832 2699 2907 ἀνθρώπου,
2722 2832 2829 2897 ἕως
2853 2831 2920 2886 ἂν
2948 2830 3033 2900 ἐφ’
3064 2829 3256 2884 ἑαυτοῦ
3279 2829 3539 2899 ἑκάτερον
3562 2825 3765 2880 τούτων

502 2938 614 2979 non
659 2923 1071 2996 intelliguntur,
1105 2924 1385 2996 quomodo
1432 2925 1672 2981 hominis
1719 2941 1919 2981 nomen
1945 2941 2080 2982 con-

2184 2924 2472 2999 θεωρῆται.
2490 2924 2552 2980 Ἦ
2577 2926 2635 2979 δὲ
2666 2923 2937 2996 συνδρομὴ
2960 2922 3167 2978 τούτων
3195 2921 3304 2977 τῶν
3327 2920 3444 2988 δύο,
3480 2918 3767 2990 ἅνθρωπος

500 3014 721 3069 veniet?
755 3012 1008 3072 Hominis
1044 3015 1189 3071 enim
1217 3030 1422 3087 corpus
1454 3023 1510 3072 et
1554 3016 1797 3071 animam
1831 3015 2073 3072 hominis

2183 3016 2279 3071 καὶ
2308 3017 2444 3083 ἐστι,
2487 3016 2584 3071 καὶ
2612 3014 2853 3086 λέγεται.
3326 3036 3327 3039 η

500 3108 764 3177 dicimus,
803 3109 987 3182 quoad
1048 3110 1105 3166 in
1175 3111 1298 3183 ipso
1364 3111 1562 3168 horum
1622 3121 1918 3184 utrumque
1970 3112 2369 3171 consideratur.
2442 3111 2647 3169 Harum
2714 3121 2895 3169 autem
2944 3111 3177 3168 duarum
3227 3125 3411 3167 rerum
3461 3122 3766 3165 concursus

501 3203 665 3256 homo
707 3209 764 3257 et
789 3210 893 3267 est,
929 3209 985 3258 et
1003 3202 1226 3259 dicitur.

572 3295 660 3351 111.
696 3297 841 3364 Quid
875 3298 948 3353 sit
980 3298 1169 3369 itaque
1213 3298 1402 3355 divina
1446 3299 1755 3355 incarnatio
1776 3341 1792 3365 ,
1833 3314 1954 3370 qua:
1987 3316 2081 3356 nec

2260 3298 2328 3354 Τί
2356 3294 2448 3353 οὖν
2490 3299 2641 3354 ἐστιν
2667 3301 2702 3370 ή
2748 3297 2870 3352 θεία
2908 3297 3265 3371 σάρκωσις,ή
3313 3297 3450 3369 μήτε
3484 3296 3767 3368 ἄνθρωπος

503 3390 670 3444 homo
708 3396 814 3454 est,
849 3405 1031 3460 neque
1076 3391 1243 3457 Deus,
1299 3407 1465 3463 quam
1511 3392 1567 3446 in
1613 3400 1884 3449 tractatus
1919 3393 2081 3447 titulo

2186 3387 2356 3456 οὖσα,
2389 3392 2527 3463 μήτε
2568 3391 2730 3456 Θεὸς,
2766 3392 2835 3462 ἢν
2862 3389 3197 3445 ἀναπλάσσει
3234 3392 3268 3461 ἡ
3306 3389 3401 3443 τοῦ
3431 3388 3589 3458 λόγου
3642 3389 3767 3442 ἐπι-

502 3479 949 3535 comminiscitur
980 3489 1201 3545 auctor,
1239 3497 1352 3538 non
1379 3484 1511 3539 licet
1538 3483 1702 3539 nobis
1727 3499 1827 3554 per
1863 3499 1930 3539 ea
1965 3498 2081 3553 qua:

2185 3482 2373 3554 γραφὴ
2406 3483 2558 3553 (15),
2592 3482 2694 3536 οὐκ
2735 3482 2882 3536 ἔστιν
2911 3483 2976 3536 ὲκ
3003 3482 3113 3536 τῶν
3148 3482 3531 3555 ὲξητασμένων
3562 3482 3763 3553 εύρεῖν.

504 3576 763 3624 accurate
798 3568 1067 3625 hactenus
1104 3569 1490 3641 indagavimus
1526 3570 1799 3628 invenire.
1847 3570 2084 3628 Demon-

501 3659 715 3724 stratio,
742 3658 941 3727 inquit,
967 3658 1158 3714 divina:
1173 3660 1567 3715 incarnationis
1591 3660 1661 3715 ad
1676 3662 2084 3717 similitudinem

503 3751 757 3805 hominis.
801 3749 1020 3808 Rursus
1063 3751 1199 3822 quid
1230 3753 1341 3809 sibi
1374 3753 1493 3808 vult
1526 3752 1683 3822 illud,
1728 3753 1799 3808 ad
1833 3756 2085 3810 similitu-

502 3831 679 3895 dinem
724 3843 954 3897 hominis
981 3844 1007 3898 7
1053 3841 1334 3908 Divinam,
1378 3860 1597 3916 nempe,
1648 3846 2083 3902 incarnationem

503 3933 670 3989 simili
718 3933 905 3999 modo,
955 3942 1123 4004 atque
1154 3935 1453 3990 humanam
1488 3944 1768 3992 constare.
1803 3936 1870 3991 Et
1907 3953 2083 4008 quan-

502 4025 705 4079 donam
737 4024 948 4080 factum
996 4034 1084 4080 est
1131 4026 1281 4081 hoc?
1322 4025 1379 4082 In
1433 4027 1715 4084 ultimisne
1760 4027 1990 4085 diebus?
2016 4030 2083 4085 Et

504 4115 599 4171 ubi
632 4116 973 4187 virginitatis
1003 4118 1370 4188 mysterium?
1400 4117 1590 4190 Neque
1614 4120 1763 4175 enim
1786 4121 1853 4175 ad
1886 4121 2083 4177 simili-

501 4205 753 4260 tudinem
772 4204 1013 4261 hominis
1042 4206 1370 4264 incarnatus
1401 4217 1487 4264 est
1505 4210 1791 4277 Dominus,
1816 4212 2080 4283 quemad-

503 4297 726 4353 modum
750 4299 993 4369 scriptor
1021 4307 1214 4354 noster
1260 4299 1366 4366 ait;
1425 4299 1522 4356 sed
1554 4301 1742 4356 divina
1785 4311 2078 4371 potestate,

502 4398 560 4445 et
611 4387 824 4460 Spiritu
878 4401 1100 4456 sancto,
1160 4390 1624 4460 quemadmodum
1685 4392 1743 4447 in
1786 4393 2081 4464 Evangelio

503 4481 711 4538 dicitur
740 4482 784 4538 ⁷.
815 4483 900 4537 An
938 4482 1126 4553 potius
1166 4491 1294 4538 ante
1323 4483 1564 4538 sarcula?
1592 4482 1660 4537 Et
1688 4486 1965 4555 quomodo
1996 4486 2078 4540 rei

2196 3574 2539 3641 Ἀπόδειξις,
2564 3576 2718 3647 φησὶ,
2742 3573 2875 3642 περὶ
2904 3572 3013 3643 τῆς
3042 3576 3205 3641 θείας
3232 3574 3592 3643 σαρκώσεως
3609 3616 3624 3641 ,
3656 3574 3766 3644 τῆς

2184 3668 2311 3721 καθ’
2340 3666 2627 3735 ὁμοίωσιν
2659 3664 3000 3735 ἀνθρώπου.
3042 3667 3109 3719 Τί
3131 3666 3286 3720 τοῦτο
3314 3666 3476 3721 πάλιν
3506 3668 3766 3721 ἐνδείκνυ-

2182 3776 2293 3822 ται,
2327 3759 2407 3823 τὸ,
2444 3759 2571 3814 καθ’
2596 3759 2889 3828 ὁμοίωσιν
2913 3754 3227 3827 ἀνθρώπου
3245 3775 3264 3823 ;
3284 3760 3404 3813 Ὅτι
3424 3762 3458 3832 η
3494 3759 3612 3815 θεία
3640 3763 3768 3834 σάρ-

2184 3866 2352 3912 κωσις
2378 3848 2581 3920 ὁμοίως
2611 3853 2676 3920 τῇ
2710 3848 3024 3923 ἀνθρωπίνῃ
3051 3849 3383 3904 συνίσταται.
3417 3851 3554 3907 Πότε
3582 3852 3758 3917 τοῦτος

2182 3936 2331 4011 *Αρα
2355 3940 2441 3991 ἐπ’
2473 3938 2716 4009 ἐσχάτων
2745 3938 2853 3991 τῶν
2883 3940 2988 4010 ήμε
3000 3937 3140 4010 ρῶν;
3167 3939 3261 3993 καὶ
3288 3937 3391 3991 ποῦ
3412 3938 3473 3993 τὸ
3498 3939 3599 4010 τῆς
3629 3955 3761 4010 παρ-

2184 4030 2365 4094 θενίας
2393 4032 2688 4102 μυστήριον
2712 4030 2838 4099 ;ίΟὑ
2874 4030 2983 4101 γὰρ
3016 4031 3139 4085 καθ’
3168 4030 3427 4103 ὁμοίωσιν
3466 4031 3757 4104 ἀνθρώπου

2184 4121 2483 4193 σαρκοῦται
2524 4123 2554 4175 6
2609 4120 2846 4194 Κύριος,
2878 4121 3061 4186 καθὼς
3097 4123 3126 4177 6
3175 4123 3511 4194 λογογράφος
3542 4125 3708 4196 φησιν
3738 4168 3753 4190 ,

2182 4210 2318 4265 ἀλλά
2362 4209 2482 4282 θείᾳ
2521 4210 2781 4282 δυνάμει,
2814 4212 2909 4265 καὶ
2952 4210 3232 4284 Πνεύματι
3262 4214 3438 4286 ἁγίῳ,
3471 4214 3653 4280 καθὼς
3696 4216 3759 4270 τὸ

2182 4302 2514 4370 Εὑαγγέλιον
2557 4302 2736 4371 λέγει,
2766 4303 2903 4357 ἀλλά
2939 4305 3043 4375 πρὸ
3084 4305 3193 4358 τῶν
3226 4305 3465 4361 αἰώνων.
3503 4308 3611 4361 Kai.
3638 4309 3758 4373 πῶς

2180 4392 2460 4463 ὁμοιοῦται
2489 4392 2568 4464 τῷ
2619 4393 2694 4465 μὴ
2742 4394 2856 4447 δντι
2930 4395 2991 4450 τὸ
3036 4395 3129 4464 6v;
3170 4398 3490 4463 Τελευταῖος
3522 4400 3621 4471 μὲν
3646 4399 3755 4472 γὰρ

2180 4483 2290 4536 τῶν
2320 4484 2461 4538 κατὰ
2488 4483 2586 4555 τὴν
2616 4484 2792 4539 κτίσιν
2830 4486 2859 4538 6
2886 4484 3172 4557 ἄνθρωπος
3197 4504 3212 4518 ·
3242 4490 3270 4542 6
3320 4489 3377 4543 δὲ
3422 4488 3619 4561 Κύριος
3643 4491 3755 4562 (16)

506 4589 617 4629 non
636 4573 925 4629 exsistenti
953 4572 1100 4644 quod
1128 4572 1346 4628 exsistit
1368 4574 1707 4629 assimilatur
1720 4570 2073 4632 ?Postremus

2184 4572 2435 4643 βασιλεὺς
2464 4572 2572 4644 πρὸ
2604 4573 2832 4627 αἰώνων.
2858 4574 3014 4628 Κατά
3044 4576 3197 4630 ποίου
3247 4576 3425 4633 τοίνυν
3465 4580 3753 4651 ἀνθρώπου

504 4665 653 4720 enim
701 4664 947 4719 omnium
992 4679 1203 4730 rerum,
1255 4663 1562 4720 secundum
1597 4664 1898 4722 creationis
1931 4666 2078 4721 ordi-

2183 4665 2439 4735 ὁμοίωσιν
2472 4665 2653 4732 ὲκείνη
2681 4667 2715 4735 ἡ
2740 4665 2860 4718 θεία
2888 4665 3163 4734 σάρκωσις
3182 4670 3321 4723 κατά
3343 4671 3403 4724 τὸ
3434 4671 3756 4741 προαιώνιον

505 4772 658 4822 nem,
691 4756 856 4811 homo
890 4763 1012 4823 est;
1059 4754 1330 4811 Dominus
1362 4770 1497 4811 vero
1532 4771 1631 4812 rex
1677 4764 1807 4827 ante
1846 4758 2080 4829 saecula.

505 4848 585 4901 Ad
611 4847 773 4917 cujus
806 4848 993 4917 itaque
1037 4847 1281 4904 hominis
1315 4848 1732 4905 similitudinem
1768 4848 1953 4904 divina
1989 4850 2083 4905 illa

505 4935 835 5002 incarnatio,
865 4936 912 4991 si
938 4937 1123 4991 omnia
1150 4939 1349 4993 saecula
1380 4938 1685 5010 praecessit,
1708 4938 1851 4994 facta
1872 4938 2078 4997 fuerit?

505 5026 701 5080 Adami
746 5025 1022 5082 fortasse?
1076 5028 1147 5082 At
1200 5027 1292 5085 hic
1344 5028 1592 5083 nondum
1628 5031 1937 5087 exstiterat.
1990 5031 2077 5088 An

575 5138 597 5169 ⁸
634 5135 867 5208 Philipp.
910 5154 971 5205 ιι,
1014 5137 1066 5193 7.
1140 5138 1162 5172 ’
1200 5136 1336 5194 Luc.
1360 5154 1402 5204 ι,
1425 5138 1519 5208 26,
1543 5155 1666 5212 sqq.

504 5250 645 5307 alios
662 5266 767 5324 per
797 5251 1183 5324 contumeliam
1238 5254 1627 5324 cognominare
1680 5254 1877 5311 solitus
1914 5265 2085 5322 esset,

504 5336 629 5374 cum
660 5322 838 5390 ipsum
872 5323 1034 5377 talem
1065 5337 1188 5378 esse
1212 5322 1509 5378 constaret.
1540 5322 1719 5379 Verba
1762 5324 2084 5381 Demosthe-

504 5391 591 5463 nis
605 5398 739 5463 sunt
764 5410 777 5445 :
800 5392 1186 5463 Λογογράφους
1206 5393 1383 5448 τοίνυν
1403 5394 1497 5447 καὶ
1513 5394 1769 5463 σοφιστὰς
1793 5395 2084 5451 ἀποκαλῶν

502 5462 633 5534 τους
662 5462 878 5525 ἄλλους,
901 5462 1002 5534 καὶ
1021 5463 1261 5534 ὑβρίζειν
1288 5462 1625 5534 πειρώμενος
1664 5464 1825 5529 αὐτὸς
1866 5464 2082 5533 ἐξελεγ-

2182 4756 2389 4824 γίνεται
2411 4773 2426 4822 ;
2453 4755 2612 4809 Κατά
2638 4755 2736 4827 τὴν
2763 4755 2856 4809 τοῦ
2895 4756 3101 4829 ’Δδάμ;
3142 4760 3281 4829 Ἀλλ’
3307 4761 3461 4817 οὔπω
3488 4759 3576 4835 ἦν.
3593 4765 3752 4819 Ἀλλά

2184 4847 2305 4902 καθ’
2341 4847 2526 4921 ἕτερόν
2574 4864 2697 4900 τινα
2738 4846 3063 4919 ἀνθρώπως
3098 4852 3208 4905 Καὶ
3244 4852 3328 4917 τίς
3356 4847 3511 4918 οὗτος
3556 4857 3586 4909 ό
3619 4874 3753 4928 προ-

2187 4937 2473 5010 νοούμενος
2498 4937 2592 4991 τοῦ
2630 4937 2800 5008 Ἀδὰμ
2838 4938 3122 5012 ἄνθρωπος
3144 4982 3159 5007 ,
3198 4943 3285 4998 ἵνα
3315 4946 3455 5000 κατά
3477 4946 3540 4999 τὸ
3570 4948 3755 5017 ἐγκεί-

2189 5045 2349 5101 μενον
2375 5029 2677 5103 ὑπόδειγμα
2704 5033 2941 5104 ὁμοιωθῇ
2972 5033 3064 5087 τοῦ
3095 5033 3228 5088 Θεοῦ
3272 5036 3306 5107 ἠ
3343 5036 3646 5107 σάρκωσις;
3680 5041 3755 5093 Τὸ

2290 5256 2373 5324 10)
2399 5256 2478 5311 ita
2507 5270 2652 5312 corr.
2690 5259 2751 5313 τό
2774 5267 2893 5315 erat
2942 5269 3121 5315 antea.

2286 5329 2373 5397 11)
2424 5329 2581 5382 Corr.
2614 5329 2817 5392 πόσως.

2256 5400 2367 5471 (12,
2386 5399 2486 5471 i5)
2518 5397 2595 5452 Ita
2631 5414 2773 5453 corr.
2801 5407 2959 5455 antea
2984 5399 3045 5453 τό
3076 5401 3383 5471 utrobique.

2254 5469 2461 5545 (“lita
2502 5482 2648 5523 corr.
2675 5478 2833 5526 antea
2862 5472 3096 5526 obscuro
3131 5469 3295 5528 sensu
3319 5474 3381 5525 οὐ
3422 5472 3479 5527 δὲ
3514 5475 3548 5545 ἠ
3589 5475 3754 5530 ἁπλό-

503 5532 788 5600 χθήσεται,
821 5532 1029 5611 τούτοις
1053 5531 1141 5611 ὧν.
1160 5533 1361 5603 ἔνοχος.
1387 5531 1397 5534 ’
1423 5531 1655 5611 Wolﬁus
1699 5536 1883 5611 vertit,
1942 5531 2078 5590 Cum

2183 5531 2299 5611 της,
2316 5531 2531 5611 τούτου.

504 5611 679 5675 autem
703 5606 1001 5656 orationum
1034 5604 1336 5675 scriptores.
1367 5613 1418 5658 et
1440 5604 1705 5673 sophistas
1734 5605 1870 5659 alios
1892 5622 2077 5675 cogito.

504 5671 866 5796 miniatuba‘tque
885 5675 1156 5749 exagitare
1177 5674 1408 5742 studeat,
1432 5671 1550 5731 eum
1570 5677 1740 5745 ipsum
1772 5676 1932 5731 tatem
1954 5671 2074 5733 esse

504 5756 627 5794 com
655 5758 686 5795 a
724 5760 738 5796 t
770 5781 787 5796 .

503 5756 787 5797 σοιιειαυιι.

2251 5609 2366 5680 (15)
2399 5609 2476 5695 Ita
2512 5622 2656 5663 corr.
2694 5619 2852 5666 antea
2885 5609 2918 5681 ἦ
2945 5610 2998 5663 τὶ
3024 5610 3324 5668 ἀναπλάσει
3355 5616 3388 5688 ή
3444 5616 3536 5669 τοῦ
3590 5617 3751 5688 λόγου

2180 5680 2488 5806 ἀναγραὲή.
2579 5753 2591 5765 ⁸
2887 5751 2899 5766 ι

2253 5752 2365 5806 (ib)
2436 5767 2547 5806 orr.
2576 5762 2791 5806 iterum.
2820 5753 2899 5806 Κυ

2253 5752 2365 5823 (16)
2393 5752 2547 5808 Corr.
2576 5753 2791 5819 iterum,
2820 5752 3041 5823 Κύριος.
