4146 6386
361 325 502 385 1129

1518 338 1885 395 ADVERSUS
1925 339 2436 398 AI‘OLLINAREM.

3479 344 3617 400 1150

357 449 468 519 γὰρ
498 448 679 520 ὅμοιον
708 447 788 519 τῷ
816 449 931 503 ὄντι
966 451 1184 515 πάντως
1206 453 1265 507 ού
1286 451 1365 523 τῷ
1392 454 1468 525 μὴ
1500 454 1612 507 ὄντι
1636 455 1817 525 ὅμοιον
1852 456 1936 522 γίσ

2049 454 2223 523 potius
2252 455 2319 509 ad
2354 455 2585 510 alterius
2624 455 2864 512 hominis
2894 457 3353 514 similitudinem?
3390 459 3456 513 Et
3492 463 3618 529 qui-

359 557 542 594 νεται·
580 540 720 593 ὥστε
754 541 845 593 δύο
876 545 996 595 κατ’
1039 544 1201 597 αὑτὸν
1242 544 1353 615 (Π)
1400 545 1648 610 φαίνεται
1687 546 1764 615 τῷ
1797 545 1937 616 λόγῳ

360 634 431 686 τά
452 634 629 687 ἄτοπα
653 650 666 663 ·
703 632 736 700 ἢ
758 632 865 704 γὰρ
892 634 1257 705 πρεσϐύτερον
1284 634 1597 705 εὑρίσκεται
1629 636 1690 689 τὸ
1716 636 1938 706 πλάσμα

360 726 455 780 τοῦ
508 726 850 789 πλάσαντος,
899 726 931 796 ἥ
967 726 1046 795 τῷ
1094 727 1168 798 μὴ
1202 729 1315 781 ὁντι
1359 728 1639 798 ὁμοιοῦται
1684 729 1745 782 τὸ
1785 730 1938 782 Θεῖον

362 818 735 888 σαρκούμενον
758 832 769 845 ⁶
806 820 924 870 κατ’
947 819 1119 889 ἀρχὰς
1150 818 1259 890 γὰρ
1291 822 1323 891 ὴ
1357 821 1455 890 μὲν
1490 819 1683 889 θεότης
1708 820 1819 889 (18)
1846 816 1934 891 ἦν,

360 912 388 963 ὁ
420 910 478 962 δὲ
522 909 693 979 Ἀδὰμ
719 910 817 962 ούκ
841 906 929 979 ἦν.
970 909 1178 962 υύκοῦν
1215 912 1263 963 εί
1289 911 1411 965 καθ’
1442 912 1697 981 ὁμοίωσιν
1725 912 1938 983 ἀνθρώ-

363 1018 466 1052 που
493 1000 787 1071 σαρκοῦται
812 1003 843 1070 ή
871 1000 989 1053 θεία
1028 1000 1187 1070 φύσις
1212 1042 1227 1066 ,
1254 1000 1331 1072 τῷ
1358 1000 1435 1073 μὴ
1461 1001 1574 1055 ὁντι
1600 1002 1873 1073 ὁμοιοῦται
1901 1005 1936 1073 ἡ

360 1092 482 1144 θεία
522 1092 821 1162 σάρκωσις·
850 1091 910 1145 τὸ
939 1093 995 1145 δὲ
1028 1092 1105 1163 τῷ
1137 1094 1211 1163 μὴ
1243 1094 1358 1148 ὄντι
1400 1094 1752 1165 ὁμοιούμενον
1774 1135 1790 1160 ,
1828 1094 1937 1147 οὐδ’

359 1183 496 1236 αὐτὸ
532 1184 745 1247 πάντως
776 1182 883 1254 εἴη.
919 1184 1059 1236 Ἀλλ’
1080 1184 1271 1255 ἕτερόν
1302 1203 1423 1240 τινα
1450 1185 1648 1258 τρόπον
1677 1185 1824 1257 παρὰ
1850 1186 1938 1240 τὸν

363 1273 700 1345 ἀνθρώπινον
735 1273 832 1344 τὴν
877 1276 1149 1344 σάρκωσιν
1184 1276 1398 1346 ἐκείνην
1428 1275 1752 1345 γεγενῆσθαί
1782 1292 1935 1343 φησι.

364 1365 472 1416 Καὶ
500 1364 585 1427 τίς
610 1364 718 1416 τῶν
747 1366 1049 1432 ἐτεροφυῶν
1076 1367 1109 1435 ή
1131 1366 1386 1435 ὁμοίωσις
1409 1368 1520 1436 (19)
1543 1384 1556 1430 ;
1588 1367 1648 1418 Εί
1677 1362 1770 1419 οὖν
1802 1367 1938 1437 μήτε

363 1454 504 1506 κατὰ
535 1454 593 1506 τὸ
649 1454 968 1525 προαιώνιον
1001 1454 1272 1525 ἐνδέχεται
1326 1457 1424 1527 τὴν
1465 1458 1614 1511 θείαν
1662 1459 1938 1527 σάρκωσιν

364 1547 483 1599 καθ’
517 1548 774 1617 ὁμοίωσιν
836 1549 1121 1621 ἀνθρώπου
1177 1551 1466 1619 γενέσθαι,
1523 1553 1658 1623 μήτε
1712 1553 1805 1608 ἐπὶ
1842 1552 1937 1605 τοῦ

364 1638 591 1707 ἐσχάτου
621 1638 726 1690 τῶν
756 1639 981 1708 χρόνων,
1016 1642 1104 1693 ὅτε
1145 1641 1285 1695 κατὰ
1318 1642 1603 1713 ἄνθρωπον
1636 1644 1749 1713 (20)
1784 1644 1934 1715 ἡτοῦ

364 1728 568 1798 Κυρίου
602 1730 899 1800 οἰκονομία,
924 1732 1043 1784 καθ’
1068 1732 1134 1803 ἣν
1166 1735 1224 1786 ἐν
1251 1736 1413 1805 σαρκὶ
1437 1735 1568 1798 Θεὸς
1593 1735 1933 1807 ἐφανερώθη,

2040 563 2164 601 nam
2208 548 2479 603 conllctus
2526 549 2630 604 iste
2664 538 2874 603 Adamo
2917 551 3068 620 prior
3106 551 3305 616 homo,
3352 559 3413 605 ut
3457 551 3614 621 juxta

2036 638 2382 707 propositum
2416 640 2719 707 exemplar,
2753 640 2803 694 ei
2844 641 3029 694 divina
3066 640 3379 695 iucarnatio
3410 640 3613 696 similis

2035 723 2381 779 eﬂiceretur?
2412 724 2566 791 Quod
2599 729 2746 781 enim
2796 729 2975 783 simile
3032 738 3139 795 est,
3176 731 3254 784 rei
3300 730 3616 797 exsistenti,

2039 831 2149 869 non
2203 826 2383 871 autem
2425 819 2504 871 rei
2559 835 2666 874 non
2703 820 2992 875 exsistenti
3039 822 3396 887 assimilatur;
3446 836 3620 888 quare

2039 906 2149 961 duo
2183 908 2238 961 in
2283 924 2349 962 eo
2377 910 2713 979 Apollinaris
2742 927 2997 967 sermone
3038 912 3278 968 absurda
3310 923 3615 982 apparent:

2041 1014 2167 1051 nam
2204 1001 2288 1054 vel
2325 1017 2414 1055 res
2450 1001 2673 1056 condita
2716 1003 2998 1073 antiquior
3042 1020 3145 1059 suo
3193 1004 3481 1059 conditore
3522 1004 3615 1057 de-

2039 1090 2417 1158 prehenditur,
2452 1093 2534 1147 vel
2564 1094 2640 1147 rei
2678 1108 2784 1146 non
2825 1094 3115 1148 exsistenli
3147 1094 3438 1149 iucarnata
3477 1092 3619 1146 divi-

2040 1182 2189 1237 nitas
2220 1184 2421 1238 similis
2455 1198 2579 1239 esse
2608 1184 2847 1251 dicitur;
2880 1185 2949 1239 ab
2982 1186 3141 1239 initio
3175 1186 3321 1240 enim
3350 1184 3613 1239 divinitas

2034 1276 2353 1339 exsistebat,
2388 1275 2560 1329 Adam
2590 1291 2719 1331 vero
2753 1291 2861 1331 nou
2904 1285 3043 1333 erat.
3071 1276 3259 1348 Itaque
3284 1277 3330 1331 si
3359 1277 3427 1331 ad
3462 1277 3619 1332 simi-

2037 1363 2319 1421 litudinem
2346 1366 2581 1421 hominis
2604 1367 2786 1421 divina
2824 1375 3019 1421 natura
3054 1382 3273 1422 carnem
3294 1367 3615 1435 assumpsit,

2038 1457 2116 1510 rei
2170 1473 2277 1511 non
2322 1459 2611 1515 exsistenti
2664 1460 2849 1513 divina
2885 1460 3190 1514 incarnatio
3234 1459 3613 1523 assimilatur;

2037 1547 2181 1619 quod
2212 1558 2391 1603 autem
2433 1550 2507 1605 rei
2549 1565 2657 1605 non
2686 1550 2975 1606 exsistenti
3014 1558 3387 1620 comparatur,
3440 1548 3493 1603 id
3536 1548 3621 1619 ip-

2038 1655 2157 1693 sum
2177 1655 2519 1711 nequaquam
2540 1642 2808 1697 exsistere
2827 1657 3052 1697 necesse
3071 1651 3173 1696 est.
3201 1640 3305 1695 Sed
3328 1641 3438 1695 alio
3455 1655 3620 1711 quam

2036 1732 2274 1786 humano
2318 1734 2481 1786 modo
2526 1734 2958 1787 incarnationem
3007 1732 3155 1787 illam
3200 1731 3405 1787 factam
3448 1731 3623 1786 fuisse

364 1818 486 1871 καθ’
521 1821 779 1889 ὁμοίωσιν
827 1823 1112 1895 ἀνθρώπου
1148 1828 1181 1896 ἡ
1245 1826 1519 1897 σάρκωσις
1571 1828 1779 1895 γίνεται
1831 1829 1934 1897 (οὐ

2049 1823 2207 1875 dicet.
2234 1823 2305 1877 At
2344 1840 2594 1892 qmenam
2626 1824 2771 1878 inter
2805 1840 2894 1879 res
2927 1823 3157 1878 diversa:
3183 1831 3396 1877 natura:
3425 1821 3624 1877 simili-

364 1911 471 1983 γὰρ
503 1914 863 1985 παραδέχεται
900 1918 997 1988 τὴν
1028 1916 1279 1991 τοιαύτην
1323 1920 1529 1973 ἔννοιαν
1565 1921 1625 1973 τὸ
1652 1921 1793 1975 κατὰ
1824 1920 1935 1991 (21)

362 2006 463 2075 τὴν
496 2006 790 2076 παρθενίαν
825 2010 1158 2082 μυστήριον.)
1189 2051 1203 2074 ,
1252 2012 1427 2084 μάτην
1457 2012 1523 2067 ἂν
1560 2014 1646 2082 εἴη
1686 2013 1806 2065 κατ’
1834 2015 1939 2082 άμ-

366 2097 599 2168 φοτέρας
627 2098 722 2162 τὰς
747 2101 951 2164 ἐννοίας
975 2102 1178 2173 ταύτην
1206 2104 1299 2157 τοῦ
1329 2104 1487 2172 λόγου
1509 2105 1605 2175 τὴν
1628 2104 1937 2175 ἐπιγραφὴν

366 2190 749 2259 ποιησάμενος.
766 2192 889 2245 Ὅτι
923 2193 1019 2262 μὲν
1050 2190 1141 2249 οὖν
1171 2196 1568 2260 ἁνεπίσκεπτος
1596 2199 1628 2267 ἡ
1657 2196 1937 2267 ἐπιγραφὴ

366 2281 458 2331 καὶ
489 2279 661 2332 οὐδενὶ
688 2283 977 2336 συνεστῶτι
1009 2285 1394 2356 ἐπερειδομένη
1417 2287 1666 2356 νοήματι,
1701 2286 1937 2357 μετρίως

362 2366 515 2439 οἶμαι
544 2371 630 2424 διὰ
661 2371 765 2424 τῶν
794 2374 1097 2444 εἰρημένων
1126 2376 1545 2447 πεφανερῶσθαι
1574 2379 1688 2440 τοῖς
1715 2377 1935 2429 ἐπιστα-

365 2462 530 2522 τικῶς
569 2462 836 2515 ἐπαΐουσι.

2042 1914 2175 1968 tudo
2218 1915 2544 1969 intercedit?
2578 1915 2635 1969 Si
2680 1915 2860 1985 itaque
2910 1923 3035 1970 ante
3078 1916 3275 1971 saecula
3310 1915 3494 1970 divina
3534 1914 3624 1968 in-

2045 2006 2290 2059 carnatio
2340 2006 2407 2059 ad
2465 2006 2703 2061 hominis
2759 2005 3179 2062 similitudinem
3244 2007 3357 2060 ﬁeri
3409 2006 3623 2075 nequi;,

2045 2107 2209 2166 atque
2266 2098 2426 2152 etiam
2481 2100 2534 2152 in
2596 2098 2939 2168 plenitudine
3002 2106 3339 2168 temporum,
3400 2098 3623 2166 quando

2048 2188 2280 2258 benigna
2330 2187 2424 2244 Dei
2459 2204 2589 2260 erga
2634 2191 2887 2246 homines
2933 2191 3344 2261 dispensatione
3386 2189 3625 2245 Verbum

2042 2295 2208 2335 carne
2247 2279 2494 2333 indutum
2536 2281 2809 2349 apparuit,
2854 2280 3003 2335 nullo
3038 2289 3199 2350 pacto
3253 2281 3321 2333 ad
3363 2280 3626 2334 similitu-

2042 2372 2224 2426 dinem
2253 2372 2491 2427 hominis
2521 2372 2704 2427 divina
2740 2373 3047 2427 incarnatio
3082 2373 3220 2426 facta
3252 2371 3375 2435 fuit,
3401 2372 3451 2426 id
3477 2372 3625 2426 enim

2042 2459 2246 2515 sentire
2307 2470 2603 2530 conceptus
2654 2462 2882 2531 virginei
2944 2460 3258 2533 mysterium
3309 2474 3418 2514 non
3473 2460 3629 2526 sinit,

368 2552 569 2602 lrnstra
620 2558 674 2604 et
729 2552 907 2620 inepte
959 2553 1258 2609 secundum
1296 2555 1617 2611 alterutrum
1686 2555 1882 2609 horum
1943 2565 2204 2608 sensuum
2248 2564 2367 2605 eam
2416 2551 2564 2619 operi
2599 2549 3008 2621 inscriptionem
3077 2559 3270 2605 auctor
3311 2550 3625 2621 praedxerit.

367 2645 554 2714 itaque
613 2662 676 2701 ex
718 2648 803 2703 his
836 2664 957 2718 quae
986 2650 1249 2706 hactenus
1286 2652 1526 2708 diximus
1560 2651 1727 2722 probe
1772 2646 2196 2717 intelligentibus
2242 2645 2376 2701 satis
2428 2645 2636 2715 liquere
2688 2646 2927 2701 arbitror
2959 2647 3088 2717 quid
3127 2645 3234 2701 sibi
3281 2645 3396 2699 haec
3435 2641 3632 2699 inscri-

366 2738 483 2807 ptio
523 2740 670 2806 velit,
701 2748 851 2797 certo
877 2737 1122 2814 indagari
1147 2760 1256 2799 non
1313 2760 1496 2815 posse,
1571 2753 1757 2816 utpote
1817 2757 1938 2813 quae
1977 2739 2111 2794 nulli
2145 2752 2331 2794 secum
2372 2738 2645 2793 constanti
2687 2740 2886 2795 mentis
2914 2741 3203 2810 conceptui
3233 2740 3499 2793 innitatur

437 2872 642 2943 Καιρὸς
674 2873 782 2943 (22)
810 2874 853 2926 δ’
876 2873 943 2928 ἂν
984 2874 1068 2947 εἴη
1109 2876 1202 2929 καὶ
1232 2875 1392 2929 αὑτὸν
1429 2875 1705 2946 προθεῖναι
1730 2877 1796 2946 τῇ
1827 2872 1943 2937 ἐξε-

367 2961 519 3013 τάσει
561 2961 650 3015 τὸν
692 2962 846 3031 λόγον
877 2963 966 3016 τὸν
997 2963 1102 3016 ὑπὸ
1139 2964 1239 3035 τῆς
1272 2963 1581 3035 ἐπιγραφῆς
1606 2962 1717 3030 (23)
1743 2959 1943 3029 ταύτης

2120 2869 2212 2925 IV.
2248 2871 2490 2939 Tempus
2530 2878 2710 2924 autem
2740 2879 2891 2926 esset
2930 2880 2991 2924 ut
3029 2872 3206 2942 ipsum
3243 2886 3462 2943 quoque
3491 2885 3623 2925 exa—

2050 2962 2182 3015 mini
2229 2969 2519 3015 tractatum
2551 2961 2877 3029 subjicerem
2919 2961 3079 3029 cujus
3110 2968 3493 3031 argumentum
3530 2960 3628 3013 tali

362 3052 715 3123 δηλούμενον.
744 3054 943 3124 Γράφω
970 3052 1031 3109 δὲ
1073 3063 1142 3109 τά
1191 3055 1384 3125 πρῶτα
1414 3057 1480 3125 τῇ
1511 3052 1749 3123 ἐμαυτοῦ
1778 3052 1940 3118 λέξει,

2049 3052 2406 3123 inscriptione
2434 3053 2772 3122 designatur.
2800 3051 3001 3107 Verum
3032 3053 3168 3107 meis
3186 3052 3422 3122 primum
3445 3050 3627 3107 verbis

364 3142 435 3195 δι’
464 3144 658 3212 ὀλίγων
691 3144 1005 3216 ἐπιδραμὼν
1032 3145 1129 3218 τὴν
1159 3144 1395 3199 διάνοιαν
1420 3187 1434 3212 ,
1464 3148 1520 3199 ἐν
1552 3140 1633 3209 οἷς
1664 3144 1943 3199 ἀκίνδυνόν

369 3237 485 3288 ἐστι
510 3236 569 3288 τὸ
607 3235 981 3307 παραδραμεῖν
1019 3236 1126 3290 τῶν
1156 3236 1558 3307 γεγραμμένων
1606 3255 1656 3290 τι
1687 3238 1939 3304 ἀνεξέταο

369 3344 515 3381 στον,
551 3327 770 3393 Μόνον,
808 3330 960 3399 φησι,
1000 3328 1116 3396 τὴν
1145 3327 1365 3397 εὐσεϐῆ
1390 3330 1597 3382 ,πίστιν
1622 3330 1845 3399 ἀγαθὸν
1866 3325 1947 3399 ἦν

366 3418 708 3488 τνοομίζεσθαι
740 3420 885 3491 (24)ο
920 3420 1076 3489 μηδὲ
1112 3420 1221 3490 γὰρ
1270 3420 1343 3490 τῇ
1385 3423 1512 3489 Εῦᾳ
1561 3420 1949 3491 συνενεγκεῖν

371 3511 487 3575 τὴν
509 3510 913 3574 ἀνεξέταστον
938 3511 1148 3563 πίστιν
1172 3526 1185 3541 ·
1220 3510 1374 3564 ὥστε
1406 3510 1677 3579 προσῆκε
1707 3511 1805 3565 καὶ
1833 3510 1951 3578 τὴν

375 3601 494 3654 τῶν
507 3602 878 3671 Χριστιανῶν
899 3602 1318 3673 ἐξητασμένην
1337 3601 1511 3669 εἶναι,
1524 3604 1608 3673 μή
1632 3618 1749 3659 που
1788 3606 1944 3676 λάθῃ

374 3695 506 3761 ταῖς
543 3693 661 3748 τῶν
698 3694 999 3761 Ἑλλήνων
1031 3697 1070 3763 ἢ
1103 3696 1222 3749 τῶν
1255 3697 1549 3750 Ἰουδαίων
1575 3697 1689 3766 (25)
1725 3712 1949 3765 συνεμ-

377 3786 656 3841 πεσοῦσα
686 3786 909 3851 δόξαις.
940 3787 1124 3841 Ταῦτα
1176 3787 1263 3840 διὰ
1305 3788 1562 3841 πλειόνων
1595 3789 1951 3858 προοιμιασά-

383 3893 541 3947 μενις
563 3920 576 3941 ,
608 3877 799 3944 ἐπάγει
822 3876 912 3929 τὸν
940 3876 1093 3944 λόγον
1127 3876 1318 3939 εἰπὼν,
1351 3878 1432 3931 ὅτι
1461 3878 1625 3946 Παρὰ
1653 3878 1779 3943 τοῖς
1813 3879 1922 3932 άπι
1937 3909 1951 3919 -

379 3990 553 4037 στοις
585 3972 678 4023 καὶ
719 3969 849 4033 ταῖς
879 3969 1144 4037 αἱρέσεσι
1179 3972 1685 4039 προτεθρύλληται
1752 3971 1813 4023 τὸ
1863 3970 1949 4040 μὴ

381 4064 645 4121 δυνατὸν
671 4056 821 4114 εἷναι
852 4059 1000 4114 Θεὸν
1031 4060 1342 4129 ἄνθρωπον
1366 4061 1642 4131 γενέσθαι
1660 4104 1674 4126 ,
1705 4061 1803 4115 καὶ
1839 4060 1952 4115 πά-

388 4159 559 4208 θεσιν
584 4152 870 4221 ὁμιλῆσαι
890 4192 905 4217 ,
951 4152 982 4206 ὃ
1025 4153 1122 4206 καὶ
1169 4153 1327 4221 παρὰ
1356 4155 1483 4219 ταῖς
1518 4155 1826 4221 αἱρέσεσιν
1854 4154 1951 4206 ἐπὶ

383 4244 645 4312 σχήματι
705 4240 960 4305 πίστεως
994 4237 1331 4309 εἰσάγεται,
1382 4240 1697 4307 ἄνθρωπον
1744 4241 1956 4295 ἔνθεον

382 4311 631 4396 ὁιὰητὴν
664 4331 733 4383 ἐκ
776 4331 1058 4400 γυναικὸς
1092 4331 1385 4400 γέννησιν
1418 4332 1562 4405 (26),
1606 4332 1703 4387 καὶ
1744 4332 1843 4386 διὰ
1882 4311 1983 4387 τὰ.

2050 3160 2239 3199 eorum
2271 3160 2393 3216 qua:
2424 3146 2477 3198 in
2503 3146 2621 3215 ipso
2643 3161 2807 3216 opere
2836 3146 3217 3209 continentur,
3246 3159 3467 3200 sensum
3492 3158 3631 3215 pau-

2051 3237 2134 3292 cis
2180 3253 2519 3306 percurram,
2556 3238 2645 3292 ubi
2681 3246 2865 3294 tamen
2915 3239 3126 3292 nullum
3175 3237 3482 3307 periculum
3517 3243 3625 3300 est,

2054 3344 2121 3383 ne
2153 3330 2449 3399 quidquam
2485 3330 2880 3399 inexploratum
2912 3331 3250 3384 omittamus.
3285 3327 3491 3392 Solum,
3541 3328 3629 3381 iu-

2052 3421 2193 3491 quit,
2232 3424 2373 3491 piam
2412 3422 2569 3492 ﬁdem
2605 3424 2797 3476 bonum
2835 3422 2961 3492 quid
3000 3439 3112 3477 esse
3162 3421 3477 3475 censendum
3526 3430 3627 3483 est,

2054 3528 2219 3583 neque
2250 3513 2387 3565 enim
2433 3511 2599 3565 Evam
2623 3514 2896 3582 quidpiam
2927 3514 3132 3581 juvisse
3160 3511 3518 3565 indiscussam
3548 3511 3631 3564 in-

2054 3603 2484 3673 exploratamque
2510 3604 2666 3673 ﬁdem
2690 3621 2706 3668 ;
2734 3621 2899 3675 quare
2930 3614 2980 3658 et
3019 3603 3349 3658 Christianos
3400 3606 3452 3657 in
3484 3604 3633 3671 ipso-

2056 3711 2173 3748 rum
2204 3695 2509 3764 religionem
2531 3706 2778 3749 accurate
2799 3697 3065 3766 inquirere
3090 3704 3313 3759 oportet.
3337 3711 3401 3749 ne
3431 3694 3632 3764 alioqui

2056 3786 2412 3854 imprudenter
2448 3787 2502 3839 in
2531 3784 2897 3849 Etlmicorum,
2927 3795 2979 3840 et
3010 3784 3325 3839 Iudaeorum
3356 3786 3631 3855 opiniones

2057 3877 2280 3930 incidat.
2336 3876 2462 3931 Haec
2510 3877 2600 3931 ubi
2650 3877 2899 3947 pluribus
2938 3879 2992 3932 in
3047 3886 3314 3933 tractatus
3363 3878 3634 3950 promtniu

2059 3968 2336 4029 disseruit,
2362 3967 2547 4020 statim
2574 3968 2687 4022 haec
2718 3968 2927 4031 subdit,
2952 3968 3105 4037 Apud
3132 3967 3369 4031 inﬁdeles
3397 3979 3446 4022 et
3467 3969 3632 4024 luere-

2062 4058 2191 4111 ticos
2236 4055 2561 4125 jamdudum
2603 4057 2998 4127 promulgatum
3037 4057 3139 4125 fuit
3170 4057 3339 4111 Deum
3368 4056 3634 4111 hominem

2060 4147 2177 4216 ﬁeri
2200 4163 2303 4201 non
2319 4161 2488 4213 posse,
2512 4162 2673 4215 neque
2692 4147 2744 4199 in
2772 4146 3019 4201 humanis
3040 4148 3376 4215 passionibus
3399 4148 3632 4212 versari;

2060 4238 2198 4309 quod
2227 4239 2435 4308 quidem
2466 4237 2531 4291 ab
2560 4238 2823 4293 haereticis
2857 4256 2988 4293 vera:
3011 4238 3136 4308 ﬁdei
3162 4241 3332 4309 specie
3364 4240 3417 4293 in
3449 4237 3633 4293 Eccle-

2063 4332 2198 4383 siam
2216 4330 2506 4393 inducitur,
2546 4330 2671 4383 dum
2699 4331 2969 4383 Christum
2995 4346 3088 4398 per
3108 4340 3282 4383 ortum
3304 4346 3369 4384 ex
3394 4331 3592 4401 virgine
3615 4370 3632 4393 ,

382 4419 540 4488 πάθη
566 4421 886 4489 λεγούσαις
924 4421 1031 4475 τὸν
1066 4422 1339 4491 Χριστόν.
1372 4423 1537 4486 Τίνας
1562 4423 1658 4494 μὲν
1696 4420 1788 4477 οὖν
1817 4420 1944 4477 οἶδεν

2057 4432 2106 4477 et
2131 4438 2223 4492 per
2239 4439 2366 4492 quos
2388 4423 2601 4491 pertulit
2618 4423 2905 4488 cruciatus,
2929 4422 3163 4477 divinum
3182 4422 3443 4475 hominem
3464 4423 3630 4476 exsti-

382 4512 620 4582 αἱρέσεις
640 4553 653 4573 ,
685 4512 740 4565 αἶ
774 4513 862 4565 τὸν
888 4513 1118 4584 Χριστὸν
1165 4513 1346 4567 ἔνθεον
1378 4514 1661 4586 ἄνθρωπον
1688 4515 1953 4583 λέγουσιν,

379 4604 538 4666 adre;
569 4602 632 4656 ἂν
659 4603 843 4674 είδείη,
878 4604 971 4656 καί
1003 4604 1055 4656 εί
1089 4621 1173 4667 τις
1214 4603 1281 4657 τὰ
1313 4604 1519 4657 ἐκείνου
1563 4604 1914 4658 πεπαίδευται
1940 4623 1954 4635 ·

379 4700 541 4767 ἡμεῖς
586 4696 641 4748 δὲ
685 4695 895 4758 πολλοῖς
934 4695 1391 4767 ἐπιδεδημηκότες
1430 4696 1648 4759 τόποις,
1686 4698 1780 4750 καὶ
1817 4698 1958 4751 κατὰ

382 4789 617 4858 σπουδὴν
644 4791 753 4851 τοῖς
779 4805 838 4841 τε
885 4786 1201 4840 κοινωνοῦσι
1238 4785 1331 4839 τοῦ
1389 4786 1661 4857 δόγματος
1685 4827 1700 4851 ,
1749 4791 1857 4851 τοῖς
1899 4806 1956 4841 τε

380 4881 715 4951 ἀφεστηκόσι
746 4880 874 4951 περὶ
914 4880 1021 4932 τῶν
1055 4879 1197 4933 κατὰ
1243 4879 1331 4932 τὸν
1376 4878 1547 4946 Λόγον
1584 4878 1951 4951 ζητουμένων,

380 4972 872 5041 καθομιλήσαντες,
917 4969 1070 5023 οὔπω
1110 4970 1254 5032 τινὸς
1292 4969 1609 5040 ἀκηκόαμεν
1634 4971 1733 5041 τὴν
1775 4972 1955 5023 τοιαύο

378 5081 482 5134 την
513 5063 771 5136 ῥήξαντος
795 5063 924 5133 περὶ
954 5063 1047 5115 τοῦ
1079 5063 1375 5135 μυστηρίου
1411 5063 1614 5132 φωνὴν,
1644 5064 1723 5116 ὅτι
1750 5064 1958 5135 ἄνθρω-

458 5238 569 5305 (17)
597 5240 749 5291 Corr.
780 5238 921 5291 κατὰ
952 5239 1167 5291 ταύτόν.

460 5309 675 5383 (_l8llta
716 5324 861 5362 corr.
900 5318 1059 5362 antea
1108 5310 1373 5380 scriptum
1410 5311 1585 5367 fuerat
1631 5311 1749 5365 κατ’
1788 5310 1961 5383 ἀρχάς

389 5379 422 5446 ἡ
432 5380 521 5446 μῖν
560 5376 765 5446 θεότης.

464 5448 571 5518 (19)
594 5447 768 5518 ίϐοττ.
805 5450 871 5517 τῇ
899 5457 953 5500 et
981 5464 1108 5503 mox
1141 5448 1416 5518 ὁμοιώσει.

592 5514 1002 5612 ξοιζτὶρετίιιε
1016 5535 1133 5581 erat
1144 5514 1219 5582 ὅτ’
1234 5530 1402 5612 ἠκαιέ
1412 5531 1513 5612 άνο
1523 5550 1723 5612 ρωπον.
1742 5534 1803 5589 F.
1821 5537 1907 5590 ὅτε
1921 5540 1977 5612 ﬁ.

615 5587 739 5673 llaec
770 5587 931 5673 lectio
970 5614 996 5645 ιι
1028 5612 1177 5673 corr.
1204 5587 1308 5670 est,
1342 5587 1601 5673 priumiva
1629 5587 1976 5666 culminia—lilii

385 5657 651 5731 Scribitur
684 5661 743 5711 τὸ
773 5663 881 5731 γὰρ
913 5668 1076 5722 κατά.

456 5730 563 5794 (εὲ)
606 5729 761 5782 Corr.
801 5729 1007 5805 κέρδος.

598 5820 870 5882 Pyrum.
918 5822 1032 5882 Gn.
1073 5824 1228 5884 XLV

2054 4516 2179 4568 tisse
2228 4515 2431 4567 dicunt.
2493 4512 2663 4567 Porro
2710 4529 2980 4583 quasnam
3034 4513 3171 4570 sciat
3219 4516 3455 4571 haereses
3509 4531 3633 4585 qua:

2055 4606 2335 4660 Christum
2371 4604 2617 4659 divinum
2672 4604 2949 4659 hominem
2995 4605 3199 4669 dicant,
3250 4605 3367 4675 ipse
3396 4605 3628 4666 noverit,

2055 4710 2107 4756 et
2138 4704 2182 4757 si
2207 4704 2333 4773 quis
2362 4702 2481 4771 ejus
2510 4702 2643 4756 falsa
2671 4702 2927 4773 dogmata
2960 4704 3156 4758 callet:
3180 4718 3286 4757 nos
3310 4719 3441 4757 vero
3462 4702 3630 4756 multa

2056 4808 2153 4860 per
2184 4793 2300 4845 loca
2332 4807 2557 4861 peregre
2575 4792 2823 4861 profecti,
2858 4801 3059 4846 etcum
3095 4793 3162 4847 iis
3194 4794 3287 4862 qui
3319 4791 3631 4847 communis

2061 4886 2343 4939 nobiscqu
2375 4887 2659 4939 sententia:
2690 4892 2839 4949 sunt,
2878 4892 2932 4939 et
2969 4900 3089 4939 cum
3122 4885 3247 4941 aliis
3281 4885 3376 4955 qui
3409 4900 3439 4938 a
3473 4884 3632 4940 nobis

2062 4974 2207 5027 circa
2230 4974 2562 5044 quzestioues
2585 4974 2652 5029 de
2678 4972 2857 5029 Verbo
2879 4975 3074 5045 agitari
3101 4976 3314 5040 solitas,
3339 4975 3631 5041 dissident,

2065 5066 2312 5122 studiose
2337 5068 2669 5131 conversati,
2696 5069 2937 5123 nondum
2966 5068 3275 5139 quempiam
3301 5069 3632 5134 audivimus,

2128 5237 2244 5311 (9.3)
2264 5242 2339 5298 Ita
2378 5259 2524 5298 corr.
2556 5252 2716 5298 antea
2746 5244 2983 5313 γραφῆς.

2132 5312 2244 5381 (:24)
2279 5314 2435 5367 (Zorr.
2465 5314 2544 5366 δεῖ
2570 5312 2902 5383 νομιζεσθαι.

2129 5382 2371 5456 (ἳζὶι-ὃίο
2404 5381 2685 5456 legendum
2721 5382 2975 5456 :_|n_cod_.
3008 5381 3129 5456 Vat.
3158 5383 3492 5456 scribiturdj
3525 5386 3635 5439 τῶν

2072 5451 2340 5527 Ἰουδαίων
2390 5454 2545 5527 (Sorr.
2579 5456 2672 5505 καὶ
2691 5452 2799 5527 τῷν
2842 5453 3129 5527 Ἰουδαίων.
3158 5455 3262 5507 Sed
3285 5451 3569 5527 legendum
3597 5456 3629 5527 ἢ

2063 5521 2170 5574 τῶν
2218 5523 2485 5576 Ἰουδαίων
2508 5542 2522 5555 ·
2561 5540 2683 5576 nam
2713 5522 3099 5578 diversissimae
3121 5532 3251 5577 sunt
3283 5521 3629 5581 ethnicorum

2068 5603 2120 5647 et
2156 5591 2465 5665 {udaeorum
2494 5594 2561 5665 de
2602 5592 2857 5665 religione
2882 5592 3185 5650 sententiae.

2139 5662 2249 5733 (2(5)
2279 5664 2435 5719 Curr.
2467 5662 2723 5731 γένεσιν(
2785 5664 2795 5674 ⁸

3144 5829 3225 5889 36
