4146 6386
523 300 652 362 H3!

1728 300 1788 363 S.
1831 302 2158 362 GREGORII
2212 302 2509 359 NYSSENI

3641 299 3783 355 “'32

516 424 611 494 qui
671 421 799 477 talia
846 420 913 475 de
979 420 1083 475 hoc
1131 418 1393 489 mysterio
1463 418 1755 490 proferret,
1807 420 2089 475 Christum

2200 437 2292 483 πος
2323 420 2503 483 ἔνθεος
2538 422 2566 473 6
2600 418 2830 491 Χριστὸς
2860 414 2947 490 ἦν,
2980 418 3083 473 Τὸν
3115 418 3298 472 τοίνυν
3331 416 3593 489 μέλλοντα
3634 418 3777 489 διορ-

519 528 714 584 nempe
761 512 1007 566 divinum
1066 510 1344 564 hominem
1393 525 1533 566 esse.
1596 512 1859 568 Errantes
1910 513 2093 581 itaque

518 609 667 661 circa
710 604 832 660 ﬁdei
862 605 1117 675 dogmata
1154 603 1444 673 opiniones
1486 606 1762 676 corrigere
1793 620 2093 674 eorumque

517 700 640 753 loco
670 695 1045 766 religiosiores
1069 695 1329 749 inducere
1352 696 1701 766 cogitantem,
1735 712 1842 751 non
1867 696 2093 751 decebat

518 787 623 841 sibi
672 785 983 856 conﬁngere
1015 800 1136 855 quae
1178 800 1290 840 non
1327 794 1475 853 sunt,
1512 802 1747 858 cumque
1777 789 1941 843 rebus
1990 786 2093 841 mi-

518 880 664 932 niute
690 876 1118 931 subsistentibus
1158 892 1424 947 pugnare,
1460 876 1557 932 sed
1581 878 1843 933 adversus
1881 893 1943 931 ea
1972 892 2094 946 quae

518 972 586 1023 ab
617 968 956 1023 adversariis
998 983 1189 1023 revera
1236 969 1615 1039 proferuntur,
1650 975 1873 1023 armari.
1906 968 2093 1040 Neque

517 1060 665 1112 enim
719 1060 928 1128 peritus
962 1059 1253 1129 quisquam
1302 1058 1550 1114 medicus
1587 1060 1795 1115 morbis
1833 1061 1925 1130 qui
1954 1077 2093 1113 nun-

516 1158 679 1217 quam
722 1148 1053 1203 exstiterunt
1099 1158 1271 1202 artem
1311 1148 1560 1217 opponit,
1602 1148 1697 1202 sed
1740 1148 2093 1203 invalescenti

517 1240 708 1292 moi-lio
736 1240 964 1293 scientia
992 1253 1098 1309 qua
1122 1238 1307 1309 pollet.
1338 1239 1601 1293 occurrit.
1639 1237 1736 1293 Vel
1759 1239 1943 1309 itaque
1977 1254 2099 1309 pro-

520 1334 657 1384 t'erat
686 1330 994 1400 quempiam
1023 1329 1115 1399 qui
1150 1329 1314 1384 Deum
1350 1328 1405 1383 in
1422 1343 1588 1383 carne
1616 1344 1725 1383 non
1754 1331 2093 1399 apparuisse,

520 1422 612 1477 sed
646 1421 891 1476 divinum
928 1421 1201 1476 hominem
1236 1419 1516 1475 Christum
1550 1436 1673 1476 esse
1717 1420 2095 1484 al’lirmaverit,

517 1521 572 1568 et
607 1521 737 1568 tunc
768 1519 1061 1567 tractatum
1106 1513 1270 1567 istum
1322 1528 1431 1566 non
1472 1513 1571 1568 abs
1616 1528 1673 1568 re
1725 1514 2096 1584 conscriptum

517 1604 586 1659 ab
617 1606 735 1675 ipso
767 1604 935 1661 fuisse
951 1602 1381 1671 fatebimur;vel
1402 1620 1689 1676 quousque
1719 1605 2098 1675 hujuscemodi

520 1699 748 1753 morbus
796 1698 1123 1761 inveniatur,
1162 1698 1388 1753 stultum
1448 1713 1569 1753 esse
1618 1715 1804 1755 omnes
1853 1699 2097 1754 fatebun-

517 1797 607 1844 tur
628 1804 752 1843 cum
779 1788 846 1843 iis
883 1789 973 1857 qui
1002 1805 1109 1844 non
1142 1788 1436 1851 exsistunt,
1466 1788 1745 1844 erroribus
1771 1789 2097 1845 conﬂictari.
2133 1768 2171 1822 Β

586 1878 650 1931 ν.
694 1877 1179 1934 Verumenimvero
1238 1878 1403 1932 talem
1460 1879 1737 1933 scribendi
1790 1883 2095 1936 necessita-

522 1982 626 2025 tem
667 1986 777 2024 non
820 1978 1026 2025 temere
1075 1971 1366 2041 praetexuit
1402 1970 1767 2040 Apollinaris;
1804 1974 1897 2025 sed
1936 1981 1994 2026 ut
2030 1973 2098 2028 ad

517 2062 797 2131 proprium
871 2077 1033 2116 suum
1120 2061 1318 2131 dogma
1384 2062 1779 2126 astruendum,
1868 2064 2096 2133 gradqu

517 2155 808 2222 quemdam
849 2162 1012 2223 atque
1051 2153 1264 2207 aditum
1303 2153 1408 2207 sibi
1462 2153 1685 2220 faceret,
1732 2155 1878 2225 quod
1922 2172 1951 2209 a
2000 2173 2097 2210 ne—

518 2246 660 2316 ruine
689 2246 895 2299 dictum
946 2245 1066 2309 fuit,
1104 2255 1365 2316 tanquam
1424 2246 1633 2299 dictum
1691 2249 2000 2317 supposuit,
2040 2260 2099 2302 ut

518 2337 645 2390 dum
689 2338 952 2392 adversus
989 2338 1129 2391 hanc
1172 2337 1552 2407 imaginariam
1594 2338 1844 2393 hmresim
1885 2352 2099 2395 certare

517 2428 821 2493 videretur,
849 2430 1105 2483 simulata
1126 2431 1569 2486 contradictione
1591 2430 1935 2488 divinitatem
1959 2436 2095 2487 mori

525 2534 686 2588 posse
721 2521 956 2572 lii-uiaret
994 2539 1004 2572 :
1034 2527 1145 2572 tota
1179 2522 1384 2591 quippe
1405 2522 1523 2591 ejus
1552 2522 1784 2592 scriptio
1814 2539 1878 2577 eo
1900 2524 2094 2585 tendit,

520 2615 580 2662 ut
609 2610 872 2679 unigeniti
910 2608 1032 2661 Filii
1066 2609 1407 2665 divinitatem
1441 2613 1729 2666 mortalem
1764 2627 1908 2675 esse,
1943 2629 2095 2667 euin-

516 2702 750 2771 demque
789 2717 898 2755 non
946 2703 1000 2755 in
1046 2701 1391 2759 humanitate
1423 2704 1734 2773 passionem
1766 2705 2092 2775 suscepisse,

516 2795 609 2849 sed
646 2795 1039 2862 itnpassibilem
1091 2795 1213 2862 ejus
1262 2796 1771 2865 immutabilemque
1821 2805 2093 2859 naturam,

518 2886 585 2938 ad
635 2884 947 2952 passionem
1008 2884 1443 2953 participandam
1486 2893 1751 2938 mutatam
1799 2884 1969 2938 fuisse
2008 2900 2094 2938 as-

517 2956 681 3028 truat.
724 2973 904 3041 Quare
956 2976 1022 3027 ad
1080 2989 1374 3043 quatnnam
1416 2976 1707 3029 utilitatem
1758 2974 2096 3043 Apollinaris

517 3082 700 3121 sermo
733 3067 990 3137 respiciat
1021 3068 1113 3136 qui
1139 3066 1261 3134 ejus
1288 3068 1488 3120 callent
1520 3068 1782 3138 mysteria
1807 3081 1967 3122 nosse
1998 3082 2090 3137 po-

517 3169 730 3215 terunt:
769 3174 888 3227 quae
920 3170 1099 3213 autem
1128 3174 1193 3212 ex
1238 3158 1359 3225 ejus
1390 3158 1551 3213 dictis
1588 3160 1851 3228 consequi
1882 3159 1965 3213 vel
1995 3159 2097 3229 ipsi

516 3250 757 3306 infantes
796 3258 1128 3320 agnoscunt,
1160 3250 1290 3302 talia
1328 3258 1457 3303 sunt
1496 3251 1676 3319 qualia
1710 3266 1807 3304 nec
1834 3251 2102 3321 irreligio-

517 3344 695 3397 siores
723 3340 1077 3395 Ethnicorum
1114 3341 1379 3395 dixerint.
1416 3339 1473 3393 Si
1508 3340 1651 3395 enim
1683 3342 1799 3410 ipsa
1822 3341 2100 3412 Uuigeniti

517 3431 783 3493 divinitas
812 3432 971 3493 obiit,
1018 3432 1331 3485 necessario
1376 3446 1482 3483 una
1539 3446 1665 3484 cum
1718 3431 1833 3500 ipsa
1870 3440 2099 3485 mortem

518 3526 688 3581 subiit
719 3533 773 3578 et
807 3524 939 3586 vita,
976 3531 1031 3577 et
1068 3522 1291 3585 veritas,
1331 3532 1384 3577 et
1416 3523 1656 3591 justitia,
1688 3535 1741 3577 et
1773 3523 2015 3588 bonitas,
2050 3533 2103 3579 et

518 3619 633 3679 lux,
675 3625 729 3671 et
770 3616 1047 3687 polentia;
1092 3615 1207 3668 haec
1245 3618 1390 3667 enim
1428 3615 1612 3669 omnia
1666 3616 1967 3671 secundum
2016 3617 2103 3670 di-

517 3726 708 3766 versas
739 3711 992 3765 notiones
1029 3708 1347 3778 unigenitus
1391 3706 1539 3763 Deus
1581 3716 1636 3763 et
1671 3719 1755 3763 est
1793 3716 1849 3764 et
1878 3709 2099 3764 dicitur.

517 3805 653 3859 Cum
690 3811 871 3857 autem
916 3801 1151 3870 simplex
1181 3807 1237 3855 et
1282 3799 1575 3856 divisionis
1621 3809 1785 3871 atque
1829 3803 2103 3871 composi-

518 3892 684 3949 tionis
715 3909 910 3963 expers
958 3893 1052 3957 sit,
1088 3893 1454 3962 quodcunque
1503 3907 1567 3946 εχ
1606 3892 1717 3947 illis
1772 3893 1938 3949 rebus
1980 3910 2103 3947 esse

518 3985 755 4050 dicatur,
774 3993 924 4039 totus
952 3983 1086 4037 illud
1116 3993 1222 4045 εει,
1246 3991 1299 4038 et
1322 4000 1431 4037 non
1459 3983 1513 4037 in
1536 3990 1689 4053 parte
1713 3984 1837 4048 hoc,
1871 3983 1924 4037 in
1950 3996 2102 4053 parte

519 4076 703 4143 aliud;
727 4076 799 4129 ita
831 4086 890 4129 ut
918 4076 963 4131 si
984 4090 1092 4130 una
1119 4092 1184 4129 ex
1209 4075 1416 4129 eisdem
1442 4073 1610 4129 rebus
1632 4075 1886 4141 exsistat,
1916 4076 2100 4130 omnia

526 4169 581 4223 in
624 4169 743 4237 ipso
780 4168 1051 4223 exsistere
1081 4167 1497 4236 intelligantur;
1531 4166 1617 4221 sin
1650 4177 1828 4221 autem
1858 4184 1962 4221 una
1992 4184 2101 4221 non

520 4261 776 4324 exsistat,
830 4259 1014 4314 omnia
1064 4259 1231 4313 simul
1281 4258 1649 4329 perimantur.
1702 4258 1756 4312 Si
1806 4261 1970 4329 igitur
2006 4276 2103 4329 per

519 4360 751 4408 mortem
812 4351 1081 4406 interierit
1127 4349 1335 4404 Christi
1379 4348 1658 4412 divinitas,
1702 4366 1798 4420 per
1850 4351 2099 4405 eamdem

2193 512 2412 566 θοῦσθαι
2471 513 2570 583 μὲν
2627 513 2726 575 τὰς
2786 512 3142 583 ὴπατημένας
3192 513 3320 582 περὶ
3364 510 3457 563 τοῦ
3509 510 3780 580 δόγματος

2194 602 2526 673 ὑπολήψεις,
2565 603 2907 671 ἀντεισάγειν
2950 603 3006 656 δὲ
3065 603 3163 665 τὰς
3218 602 3642 671 εὐσεϐεστέρας,
3700 602 3776 670 μὴ

2193 692 2563 747 ἅναπλάσσειν
2585 693 2762 764 ἑαυτῷ
2787 694 2854 746 τὰ
2885 694 2957 763 μὴ
2983 693 3129 752 ὄντα,
3154 693 3246 745 καὶ
3269 692 3404 763 πρὸς
3424 691 3492 745 τὰ
3522 691 3775 762 ἀνύπαρ-

2193 803 2299 839 κτα
2329 787 2597 856 μάχεσθαι
2626 788 2901 857 προσῆκον
2930 781 2996 855 ἦν
3019 826 3033 845 .
3083 786 3218 837 ἀλλὰ
3248 785 3383 855 πρὸς
3414 785 3481 837 τά
3509 786 3777 854 λεγόμενα

2195 874 2347 945 παρὰ
2389 874 2497 927 τῶν
2548 872 3052 943 άντιδιατιθεμένων
3096 873 3430 936 ὁπλίζεσθαι.
3478 872 3611 925 Οὐδὲ
3668 872 3777 942 γὰρ

2194 965 2303 1018 τῶν
2342 965 2541 1036 ἰατρῶν
2586 967 2635 1017 οί
2674 966 3034 1035 ἐπιστήμονες
3064 964 3200 1035 πρὸς
3236 964 3306 1017 τὰ
3338 964 3412 1034 μὴ
3458 965 3584 1016 ὅντα
3629 963 3778 1033 πάθη

2194 1057 2293 1128 τὴν
2320 1056 2527 1111 ἑαυτῶν
2556 1057 2748 1126 τέχνην
2782 1057 3195 1124 ἀντεισάγουσιν
3223 1072 3237 1086 ο
3270 1055 3405 1109 ἀλλά
3426 1056 3563 1126 πρὸς
3590 1055 3651 1107 τὸ
3688 1072 3780 1121 γε-

2195 1150 2354 1218 γονὸς
2382 1150 2481 1220 ἤδη
2511 1150 2723 1219 νόσημα
2771 1149 2858 1203 διὰ
2905 1149 3007 1218 τῆς
3060 1150 3367 1219 ἐπιστήμης
3401 1148 3664 1203 ἵστανται.
3707 1150 3779 1201 Ἢ

2195 1241 2374 1295 τοίνυν
2395 1241 2622 1307 δειξάτω
2650 1241 2743 1293 τὸν
2771 1240 3027 1312 είρηκότα
3062 1241 3135 1312 μὴ
3162 1239 3295 1293 Θεὸν
3327 1241 3384 1292 ἐν
3412 1240 3575 1310 σαρκὶ
3606 1256 3783 1307 πεφα-

2198 1331 2487 1403 νερῶσθαι,
2508 1332 2621 1384 ἀλλ’
2645 1331 2825 1385 ἔνθεον
2847 1333 3130 1403 ἄνθρωπον
3149 1334 3237 1386 τὸν
3256 1331 3510 1404 Χριστὸν,
3536 1328 3651 1384 εἶτα
3666 1332 3781 1399 (‘27)

2200 1423 2295 1477 καὶ
2325 1422 2416 1475 τὸν
2441 1422 2597 1490 λόγον
2626 1423 2790 1476 αὐτοῦ
2814 1463 2828 1487 ,
2866 1424 2942 1487 ὡς
2967 1423 3029 1475 οὐ
3064 1423 3239 1494 μάτην
3270 1423 3637 1493 πεποιημένον
3666 1439 3777 1474 πα-

2202 1512 2564 1583 ραδεξόμεθα·
2598 1511 2629 1582 ἢ
2661 1512 2765 1575 ἕως
2807 1512 2871 1564 ἂν
2907 1511 3018 1579 (28)
3049 1509 3325 1581 ἡτοιαύτη
3368 1510 3442 1582 μὴ
3468 1509 3779 1580 εὑρίσκεται

2200 1605 2381 1670 νόσος,
2417 1604 2641 1674 μάταιον
2688 1598 2828 1656 εἶναι
2879 1604 3078 1667 πάντες
3136 1603 3524 1674 ὁμολογήσουσι
3569 1601 3630 1655 τὸ
3660 1601 3777 1670 (29)

2200 1699 2312 1761 τοῖς
2345 1697 2418 1768 μὴ
2444 1693 2563 1751 οὖσι
2588 1695 3017 1766 συμπλέκεσθαι.

2282 1884 2421 1937 Ἀλλ’
2472 1882 2571 1935 οὐκ
2622 1883 2741 1951 εἰκῆ
2799 1880 2896 1951 τὴν
2942 1872 3195 1950 τοιαῦτην
3256 1879 3356 1948 τῆς
3410 1878 3780 1949 λογογραφίας

2198 1976 2443 2043 ἀνάγκην
2476 1972 2654 2043 ἐαυτῷ
2685 1971 3077 2043 σχηματίζεται
3106 1970 3217 2041 (50)
3242 1985 3253 1997 ·
3293 1970 3408 2022 ἀλλ’
3436 1970 3513 2033 ὼς
3555 1969 3621 2022 ἂν
3661 1969 3779 2022 ὁδόν

2196 2084 2317 2122 τινα
2341 2066 2453 2134 (51)
2505 2065 2599 2117 καὶ
2629 2063 2948 2117 ἀκολουθίαν
2977 2062 3112 2135 πρὸς
3166 2060 3264 2132 τὴν
3298 2062 3645 2131 κατασκευὴν
3682 2059 3778 2112 τοῦ

2197 2158 2317 2210 καθ’
2350 2155 2543 2208 ἑαυτοῦ
2568 2156 2835 2224 δόγματος
2857 2153 3032 2220 λάϐοι,
3060 2153 3121 2206 τὸ
3150 2152 3225 2223 μὴ
3267 2152 3456 2221 λεχθὲν
3475 2194 3488 2215 ,
3520 2151 3596 2214 ὡς
3627 2153 3779 2220 εξρηο

2200 2250 2357 2319 μένον
2388 2246 2616 2300 ὑπέθετο
2640 2287 2653 2310 ,
2694 2246 2781 2299 ἵνα
2814 2244 2892 2315 τῷ
2934 2245 3071 2316 πρὸς
3104 2244 3274 2298 ταῦτα
3305 2244 3481 2296 δοκεῖν
3518 2238 3783 2310 ἆγωνίζε-

2200 2340 2357 2404 σθαι,
2388 2341 2477 2393 διὰ
2514 2340 2615 2409 τῆς
2667 2337 3149 2408 ὲσχηματισμένης
3192 2338 3563 2407 ἀντιρρήσεως
3614 2350 3781 2386 κατα-

2199 2435 2455 2487 σκευάσει
2493 2433 2552 2485 τὸ
2592 2431 2786 2502 θνητὸν
2817 2426 2954 2482 εἶναι
2991 2430 3050 2482 τὸ
3081 2429 3256 2481 Θεῖον.
3285 2430 3463 2492 ’Ἅπας
3496 2428 3604 2498 γὰρ
3631 2426 3782 2495 αὐτῷ

2196 2528 2294 2599 τῆς
2323 2524 2690 2596 λογογραφίας
2732 2526 2761 2577 6
2812 2522 3015 2584 σκοπὸς
3066 2521 3201 2593 πρὸ,
3252 2519 3409 2573 τοῦτο
3448 2520 3672 2590 βλέπει,
3718 2516 3783 2569 τὸ

2198 2618 2396 2691 θνητὴν
2424 2618 2516 2675 τοῦ
2566 2615 2885 2688 μονογενοῦς
2921 2616 3047 2668 Υίοῦ
3091 2616 3189 2685 τὴν
3228 2614 3486 2685 θεότητα,
3536 2612 3630 2666 καὶ
3660 2612 3781 2681 οὑγὶ

2196 2711 2275 2781 τῷ
2304 2710 2627 2780 ἀνθρωπίνῳ
2666 2708 2726 2760 τὸ
2760 2708 2933 2770 πάθος
2961 2705 3241 2772 δέξασθαι,
3290 2705 3426 2758 ἀλλὰ
3465 2704 3562 2775 τὴν
3594 2705 3779 2775 ἀπαθῆ

2197 2798 2293 2849 καὶ
2338 2793 2689 2848 ἀναλλοίωτον
2724 2794 2886 2863 φύσιν
2932 2794 3068 2865 πρὸς
3118 2793 3324 2856 πάθους
3360 2794 3647 2864 μετουσίαν
3681 2794 3781 2846 άλ-

2198 2886 2509 2956 λοιωθῆναι.
2533 2874 2695 2941 ’Όθεν
2718 2886 2852 2950 πρὸς
2881 2886 2932 2939 τί
2976 2887 3074 2956 μὲν
3100 2885 3247 2955 αὐτῷ
3273 2887 3541 2956 χρήσιμον
3568 2888 3597 2938 ὁ
3624 2884 3781 2952 λόγος

2201 2974 2385 3045 βλέπει
2405 2974 2591 3027 εἰδεῖεν
2610 2975 2673 3027 ἂν
2689 2974 2798 3027 τῶν
2822 2975 3138 3046 μυστηρίων
3160 2974 3324 3028 αὑτοῦ
3343 2976 3627 3045 ὲπίστορες
3644 2976 3776 3046 (52)·

2200 3062 2236 3115 ἃ
2262 3063 2317 3115 δὲ
2340 3065 2372 3134 ἡ
2407 3062 2699 3116 ἀκολουθία
2723 3064 2816 3115 καὶ
2848 3066 2961 3126 τοῖς
2987 3064 3125 3131 ἄγαν
3151 3064 3367 3134 νηπίοις
3402 3065 3781 3135 προσδείκνυσι

2200 3155 2424 3208 τοιαῦτά
2474 3161 2651 3219 ἐστιν,
2704 3149 2790 3208 οἷα
2842 3156 2962 3226 μηδ’
3002 3157 3068 3208 ἂν
3120 3156 3246 3219 τοὺς
3298 3156 3636 3221 ἁθεωτάτους
3673 3158 3783 3210 τῶν

2214 3248 2480 3319 Ἐλλήνων
2509 3250 2701 3300 εἰπεῖν.
2740 3248 2803 3301 Εἰ
2835 3248 2942 3319 γὰρ
2977 3248 3114 3319 αὐτὴ
3148 3248 3258 3319 (55)
3289 3248 3516 3319 τέθνηκε
3550 3248 3643 3302 τοῦ
3668 3250 3783 3302 Mc-

2204 3340 2450 3408 νογενοῦς
2484 3342 2517 3408 ή
2566 3339 2784 3408 θεότης,
2820 3341 3159 3394 συναπέθανε
3186 3341 3301 3411 (54)
3344 3341 3519 3413 ταύτῃ
3564 3341 3784 3404 πάντως

2204 3434 2297 3485 καὶ
2328 3435 2361 3503 ἡ
2394 3432 2525 3503 ζωὴ,
2564 3434 2656 3486 καὶ
2688 3434 2722 3502 ἡ
2756 3432 2998 3502 ἀλήθεια,
3037 3433 3132 3485 καὶ
3165 3436 3199 3502 ἡ
3239 3434 3574 3502 δικαιοσύνη,
3610 3435 3703 3485 καὶ
3748 3437 3781 3503 ή

2203 3524 2477 3593 ἁγαθότης
2498 3564 2512 3585 ,
2560 3525 2654 3578 καὶ
2686 3524 2745 3575 τὸ
2776 3525 2890 3592 φῶς
2918 3563 2932 3585 ,
2968 3524 3060 3577 καὶ
3090 3526 3122 3594 ἡ
3173 3523 3400 3594 δύναμις
3426 3539 3439 3552 ·
3477 3524 3647 3577 ταῦτα
3673 3524 3785 3595 γὰρ

2204 3616 2345 3669 κατὰ
2376 3615 2665 3687 διαφόρους
2702 3615 2957 3678 ἐπιϐολὰς
2985 3617 3013 3668 6
3051 3616 3344 3687 μονογενὴς
3371 3616 3502 3678 Θεὸς
3544 3616 3641 3669 κα).
3667 3616 3783 3668 ἔστι

2204 3707 2298 3759 καὶ
2328 3706 2560 3775 λέγεται,
2601 3705 2830 3769 Ἀπλοῦς
2865 3706 2921 3759 δὲ
2951 3705 3024 3759 ὢν
3054 3708 3146 3759 καὶ
3178 3708 3390 3777 ἀμερὴς
3431 3707 3526 3759 καὶ
3556 3706 3782 3760 ἀσύνθε-

2202 3814 2293 3860 τος
2312 3839 2327 3862 ,
2350 3799 2484 3869 ὅπερ
2504 3797 2568 3850 ἂν
2594 3797 2843 3868 λέγηται,
2873 3798 2992 3861 ὅλος
3016 3799 3181 3863 ἐστὶν,
3209 3800 3310 3851 οὐκ
3336 3800 3396 3851 ὲν
3427 3800 3582 3870 μέρει
3602 3798 3782 3863 τοῦτο,

2204 3891 2297 3942 καὶ
2325 3890 2381 3941 ἐν
2407 3889 2561 3960 μέρει
2590 3890 2651 3943 τὸ
2680 3889 2867 3961 ἓτερον
2894 3891 3029 3960 (35).
3050 3892 3213 3944 Ὥστε
3234 3890 3353 3953 ἐνὸς
3379 3891 3529 3953 ὄντος
3555 3929 3570 3953 ,
3606 3892 3785 3944 πάντα

2203 3983 2261 4034 ὲν
2291 3980 2440 4052 αὑτῷ
2473 3981 2746 4045 νοεῖσθαι,
2790 3980 2883 4033 καὶ
2922 3980 2997 4052 μὴ
3035 3981 3187 4039 ὄντος
3207 4023 3221 4046 ,
3258 3981 3326 4035 τὰ
3359 3982 3538 4035 πάντα
3570 3980 3784 4034 συνδια-

2202 4073 2526 4143 γράφεσθαι.
2563 4074 2626 4127 Et
2671 4070 2765 4127 οὖν
2798 4073 3068 4144 ἠφανίσθη
3122 4074 3200 4144 τῷ
3243 4073 3459 4143 θανάτῳ
3507 4073 3568 4125 τό
3604 4074 3782 4135 Θεὶον,

2206 4164 2576 4235 συνηφανίσθη
2608 4164 2688 4236 τῷ
2722 4164 2937 4235 θανάτῳ
2967 4164 3145 4219 πάντα
3175 4164 3244 4218 τὰ
3269 4164 3627 4236 συνημμένως
3658 4164 3788 4236 περὶ

2204 4258 2303 4325 τὴν
2348 4257 2510 4311 αὑτοῦ
2571 4257 2801 4329 θεότητα
2856 4257 3224 4328 θεωρούμενα.
3292 4256 3452 4309 Ἀλλὰ
3522 4255 3627 4325 μὴν
3685 4257 3786 4327 οὐχ

2205 4346 2391 4408 ἁπλῶς
2417 4346 2646 4417 δύναμις
2683 4349 2711 4399 6
2752 4347 3018 4416 Χριστὸς,
3048 4346 3183 4401 ἀλλὰ
3229 4346 3364 4400 Θεοῦ
3395 4345 3655 4416 δύναμις,
3693 4349 3787 4399 καὶ

526 4460 747 4515 quoque
793 4453 1024 4498 mortem
1060 4441 1244 4496 omnia
1287 4441 1599 4495 interierint
1637 4458 1758 4510 qua:
1804 4442 2098 4511 conjuncta

2204 4438 2337 4491 Θεοῦ
2375 4440 2558 4507 σοφία.
2589 4440 2719 4493 Ὅτε
2744 4436 2839 4493 οὖν
2867 4440 3041 4494 ταῦτα
3068 4443 3133 4511 τῇ
3174 4439 3389 4510 θεότητι
3418 4440 3512 4493 τοῦ
3542 4440 3668 4493 Υἱοῦ
3696 4441 3787 4494 διὰ

520 4551 644 4593 cum
676 4536 795 4605 ejus
833 4535 1120 4591 divinitate
1161 4534 1560 4604 intelliguntur.
1627 4535 1790 4603 Atqui
1827 4541 1941 4588 non‘
1966 4535 2101 4589 sim-

520 4628 734 4700 pliciter
762 4637 1006 4698 potestas
1040 4637 1125 4681 est
1154 4625 1432 4686 Christus,
1489 4624 1582 4680 sed
1623 4623 1713 4677 Dei
1746 4633 2015 4695 potestas,
2049 4636 2104 4683 et

524 4723 618 4776 Dei
641 4721 929 4792 sapientia.
966 4720 1196 4786 Quando
1233 4719 1399 4790 igitur
1432 4718 1544 4771 huic
1596 4732 1700 4769 una
1741 4732 1865 4770 cum
1896 4717 2103 4774 Christi

520 4812 810 4866 divinitate
869 4826 964 4880 per
1023 4820 1251 4865 mortem
1302 4809 1570 4863 exstincta
1619 4817 1769 4871 sunt,
1818 4825 1926 4863 non
1977 4818 2097 4865 erat

523 4902 667 4974 apud
699 4902 914 4957 Patrem
948 4901 1216 4971 sapientia
1242 4901 1357 4964 Dei,
1382 4915 1493 4953 non
1525 4900 1788 4968 potentia,
1821 4916 1930 4953 non
1958 4901 2096 4966 vita,

523 5010 632 5049 non
665 4992 814 5047 aliud
845 4991 1123 5062 quidpiam
1148 5006 1339 5046 eorum
1374 5005 1494 5060 quae
1516 4989 1641 5043 boni
1670 4990 1890 5046 nomine
1912 4994 2099 5062 appel-

594 5107 706 5175 (27)
735 5105 888 5159 Corr.
913 5105 1148 5174 Χριστὸν
1178 5102 1338 5171 εἶναι,
1372 5102 1510 5158 εἶτα.

595 5178 708 5241 (‘28)
737 5177 891 5229 Corr.
924 5177 1027 5238 ἓως
1054 5176 1111 5227 δὲ
1147 5176 1231 5230 ἄν.

597 5247 707 5316 (29)
746 5246 820 5299 Ita
849 5262 973 5299 corr
1004 5285 1019 5308 ,
1048 5256 1205 5298 antea
1235 5253 1371 5309 erat,
1399 5246 1494 5316 τῷ.

599 5318 709 5387 (50)
745 5316 819 5370 Ita
844 5332 1016 5387 corr.,
1043 5316 1195 5383 prius
1226 5316 1369 5370 enim
1394 5319 1660 5387 Scriptum
1687 5317 1861 5371 fuerat
1892 5334 2105 5387 σχημα-

524 5384 765 5451 τίζεσθαι
786 5402 799 5414 ·
837 5386 931 5459 sed
961 5384 1194 5440 fortasse
1219 5402 1326 5439 non
1360 5384 1523 5441 nemo
1550 5390 1834 5459 legendum
1872 5384 2102 5441 censue-

527 5464 618 5519 rit,
652 5456 1033 5527 ἐσχημάτισεν.

599 5528 709 5592 151)
742 5528 814 5579 Ita
850 5542 992 5581 corr.
1033 5542 1156 5579 nam
1194 5534 1352 5579 antea
1373 5535 1510 5590 erat,
1546 5529 1621 5591 ὡς
1644 5529 1825 5583 ἄνοδόν
1850 5545 1990 5581 τινα.

596 5592 709 5665 (52)
738 5596 895 5665 corr.
924 5596 1251 5665 ὲπιίστορες.

599 5667 714 5737 (35)
742 5664 932 5737 Totam
950 5665 1093 5737 hanc
1121 5664 1347 5736 Nysscni
1373 5670 1891 5737 argumentationem
1923 5685 2094 5737 usque

530 5736 601 5792 ad
631 5734 791 5792 linem
818 5734 1011 5806 capitis
1037 5736 1091 5791 in
1131 5734 1403 5807 epitomen
1442 5734 1727 5793 redactam
1775 5734 2096 5809 laulhymius

2203 4530 2296 4584 τοῦ
2323 4531 2552 4595 θανάτου
2587 4533 3054 4601 συγκατεσϐέσθη,
3088 4533 3189 4586 οὐκ
3212 4528 3280 4604 ἦν
3323 4533 3473 4604 παρὰ
3504 4533 3582 4604 τῷ
3609 4535 3785 4603 Πατρ“ι

2201 4622 2333 4676 Θεοῦ
2367 4624 2530 4693 σοφία
2552 4662 2567 4687 ,
2598 4624 2659 4676 οὐ
2694 4624 2955 4695 δύναμις,
2987 4625 3049 4677 οὐ
3084 4623 3197 4695 ζωὴ
3220 4664 3236 4689 ,
3278 4624 3377 4677 οὐκ
3414 4624 3542 4677 ἄλλο
3572 4642 3625 4676 τι
3674 4623 3785 4676 τῶν

2203 4715 2340 4786 πρὸς
2391 4716 2454 4769 τὸ
2500 4719 2748 4789 κρεῖττον
2795 4717 3210 4786 ὀνομαζομένων
3247 4718 3400 4771 οὐδέν
3438 4733 3452 4747 ⁶
3506 4716 3641 4770 Θεοῦ
3676 4717 3784 4787 γάρ

2206 4809 2382 4862 πάντα
2401 4808 2571 4862 ταῦτα
2594 4803 2759 4863 εἶναι’
2788 4808 2859 4864 τὰ
2886 4808 2979 4861 τοῦ
3010 4808 3223 4880 Πατρδς
3247 4809 3361 4879 (56)
3391 4811 3447 4862 ὲν
3472 4809 3622 4880 αὐτῷ
3644 4804 3782 4861 εἶναι

2206 4902 2541 4966 πιστεύεται,
2570 4902 2714 4973 άπερ
2740 4900 2894 4963 ὄντος
2921 4900 3021 4971 μὲν
3049 4900 3144 4953 τοῦ
3164 4899 3315 4966 Υίοῦ,
3346 4900 3462 4954 ἐστι
3482 4916 3496 4931 ·
3532 4902 3604 4971 μὴ
3632 4901 3782 4963 ὄντος

2204 4995 2285 5059 δὲ,
2316 4995 2533 5059 πάντως
2565 4995 2665 5047 οὐκ
2690 4994 2825 5058 ἐστι,
2854 4993 2941 5046 διὰ
2972 4992 3034 5046 τὸ
3066 4994 3124 5045 ὲν
3150 4992 3299 5063 αὐτῷ
3328 4989 3467 5046 εἶναι
3506 4994 3683 5046 πάντα
3712 4992 3782 5045 τὰ

2209 5109 2511 5180 Zigabenus
2545 5109 2775 5165 inseruit
2822 5110 2878 5163 in
2927 5118 3079 5179 parte
3112 5110 3351 5164 secunda
3395 5107 3666 5175 Pauopliw
3694 5109 3785 5163 do-

2205 5179 2449 5249 gniatica:
2484 5182 2734 5252 adversus
2769 5181 3024 5244 Itwreses,
3062 5181 3146 5233 tit.
3187 5182 3275 5243 15,
3308 5196 3434 5252 pag.
3476 5179 3599 5243 5‘29,
3636 5196 3779 5236 vers.

2207 5253 2265 5307 Si
2300 5249 2759 5320 quemadmodum,
2787 5266 2910 5305 cum
2935 5266 3085 5320 seqq.

2279 5322 2391 5390 (54)
2424 5321 2499 5374 Ita
2519 5337 2688 5385 corr.,
2711 5329 2869 5375 antea
2898 5322 3040 5374 enim
3070 5320 3361 5374 συνέπαθε.

2238 5393 2389 5515 ὸ(ἕ)Ξῆ
2422 5391 2493 5444 lta
2519 5406 2687 5458 corr.,
2711 5400 2869 5445 antea
2903 5392 3167 5460 scriptum
3196 5390 3514 5455 fuerat,o~.’ix
3550 5390 3608 5441 ὲν
3628 5390 3787 5459 μέρει

2324 5479 2497 5515 τερον.

2204 5480 2266 5515 το
2294 5480 2379 5514 ετε
2387 5480 2497 5516 ρον.

2281 5479 2585 5611 (ἓῶρῗδιτ.
2620 5530 2755 5611 Θεοῦ
2794 5531 2901 5611 γὰρ
2930 5531 3109 5611 πάντα
3134 5528 3271 5611 εἶναι
3291 5529 3465 5585 ταῦτα
3479 5532 3511 5609 6
3540 5529 3665 5611 Υἱὸς
3698 5528 3788 5582 λέ-

2206 5595 2384 5670 γεταιξ
2437 5604 2530 5655 καὶ
2576 5604 2750 5674 πάντα
2791 5595 2884 5655 τοῦ
2932 5602 3162 5674 Πατρός.
3224 5600 3371 5656 Fort.
3405 5600 3577 5654 ταῦτα
3615 5595 3783 5660 εἶναι,

2206 5678 2297 5728 καὶ
2335 5674 2402 5727 τὰ
2423 5674 2514 5727 τοῦ
2541 5673 2772 5743 Πατρός.
