4146 6386
520 411 658 466 “55

1794 411 1852 466 S.
1894 410 2220 467 GREGORII
2258 412 2551 469 NYSSENI

3644 408 3779 465 H36

522 526 612 578 Sid
656 522 914 592 quoniam
971 524 1165 578 mortis
1216 526 1501 594 perpessio
1556 537 1749 595 suapte
1781 536 1979 581 natura
2026 526 2093 581 ad

2219 531 2268 599 (ﬁ
2306 527 2583 597 συγγενῶς
2624 527 2767 598 ἔχειν
2822 512 2965 580 δοκεί
3014 525 3074 579 τὸ
3116 525 3257 579 κατὰ
3306 522 3533 578 θάνατον
3588 524 3781 586 πάθος.

521 623 721 670 terram
767 616 1045 685 pertinere
1082 616 1311 670 omnino
1346 616 1588 689 videtur,
1619 616 1740 671 Non
1766 629 1864 679 est,
1899 619 2099 689 inquit,

522 711 676 764 homo
706 720 965 771 terrenus,
994 709 1085 777 qui
1113 725 1139 761 e
1162 708 1289 761 caelo
1316 709 1621 772 descendit;
1643 709 1732 764 sed
1760 710 2102 765 nihilominus

524 801 697 861 homo,
738 799 974 863 quamvis
1020 814 1085 851 ea:
1116 797 1244 850 caelo
1284 797 1645 861 descenderit;
1683 816 1843 869 neque
1878 801 2016 853 enim
2050 801 2104 853 in

528 892 825 962 Evangelii:
881 907 1067 945 nomen
1113 890 1211 943 hoc
1264 890 1520 944 Dominus
1554 894 1775 959 respuit.
1820 892 2105 958 Quoznodo

528 987 693 1053 igitur
722 986 776 1037 in
804 983 968 1038 dictis
999 984 1117 1038 suis
1148 983 1251 1037 sibi
1292 994 1697 1039 consentaneus
1741 985 1863 1040 est?
1893 985 1951 1040 Si
1993 1000 2104 1040 non

526 1085 776 1127 terrenus
805 1072 988 1139 homo,
1022 1072 1118 1127 sed
1155 1088 1185 1126 e
1219 1073 1359 1127 cwlo
1385 1073 1451 1127 ad
1497 1089 1599 1128 nos
1631 1074 1937 1139 descendit,
1966 1089 2106 1146 quo-

528 1165 689 1218 modo
727 1162 894 1220 Filius
922 1164 1160 1220 hominis
1207 1168 1299 1235 qui
1327 1182 1357 1220 e
1388 1166 1530 1221 cmlo
1578 1167 1862 1222 descendit
1898 1183 2109 1223 nuncu-

529 1258 726 1327 patur?
758 1258 890 1312 Illud
918 1259 1061 1313 enim
1084 1260 1306 1313 omnino
1335 1256 1617 1327 Concedet,
1643 1261 2105 1329 quemadmodum

529 1351 584 1404 in
626 1358 774 1405 terra
808 1351 1017 1421 priores
1064 1350 1189 1407 ﬁliis
1236 1360 1417 1421 patres
1453 1366 1578 1407 esse
1622 1351 1999 1421 intelligimus,
2036 1352 2107 1405 ita

529 1444 692 1498 etiam
732 1445 785 1498 in
818 1444 1041 1498 homine
1090 1445 1208 1513 qui,
1242 1454 1302 1498 ut
1335 1445 1452 1514 ipse
1496 1452 1672 1514 putat,
1701 1460 1731 1499 e
1772 1445 1912 1499 caelo
1936 1445 2106 1506 venit,

530 1536 974 1607 quandoquidem
1012 1537 1184 1591 Filius
1214 1537 1458 1591 hominis
1489 1538 1710 1599 dicitur.
1753 1552 1862 1592 non
1905 1546 2111 1592 temere

531 1647 558 1683 a
595 1639 749 1700 patre
788 1645 985 1684 nomen
1032 1644 1282 1696 sumere;
1319 1629 1413 1683 sed
1465 1629 1585 1697 ejus
1630 1637 1835 1699 patrem
1881 1630 1934 1683 in
1970 1629 2111 1683 cmlo

531 1737 652 1777 esse
689 1721 855 1774 alium
885 1722 1187 1784 hominem,
1225 1737 1386 1791 quem
1422 1720 1661 1774 humano
1694 1735 1843 1775 more
1872 1722 2107 1791 priorem

533 1829 654 1868 esse
695 1812 836 1866 Filio
873 1813 1267 1881 intelligamus.
1320 1812 1380 1869 Si
1414 1813 1559 1867 enim
1598 1812 1783 1866 verbis
1820 1813 1928 1866 illis
1964 1811 2111 1865 inni-

2206 624 2328 675 Οὐκ
2355 622 2509 685 ἔστι,
2545 622 2730 692 φησὶν,
2760 622 2829 674 ἐκ
2854 621 2967 690 γῆς
2995 619 3337 687 ἅνθρωπος,
3369 620 3405 671 ὀ
3425 615 3495 680 ἐξ
3522 614 3785 684 οὐρανοῦ

2202 712 2462 778 καταϐὰς
2495 712 2829 781 ἄνθρωπος.
2868 714 3201 780 Ἀνθρωπος
3228 710 3437 779 μέντοι
3462 749 3476 774 ,
3507 707 3608 762 καὶ
3634 710 3685 762 εί
3715 707 3785 771 ἐξ

2204 804 2466 874 οὐρανοῦ
2489 803 2779 870 καταϐέϐη
2789 820 2893 856 κεν
2908 820 2921 833 ·
2953 804 3024 856 οὐ
3044 802 3155 871 γὰρ
3176 801 3438 869 ἀρνεῖται
3466 800 3581 868 τὴν
3598 800 3789 854 τοιαύ-

2204 914 2317 963 την
2352 896 2758 966 προσηγορίαν
2796 895 2867 947 ἐν
2897 894 3020 958 τοῖς
3052 893 3443 963 Εὑαγγελίοις
3477 895 3510 946 ὀ
3548 893 3783 959 Κύριος.

2206 988 2329 1052 Πῶς
2358 985 2453 1042 οὖν
2499 991 2558 1041 ἐν
2584 990 2697 1051 τοῖς
2730 986 3043 1057 εἰρημένοις
3075 984 3136 1038 τὸ
3166 983 3455 1038 ἀκόλουθον
3489 983 3689 1050 σώζεις
3720 983 3790 1038 El

2208 1081 2283 1152 μὴ
2314 1083 2378 1135 ἐκ
2404 1082 2508 1151 γῆς
2544 1082 2572 1133 ὁ
2605 1079 2891 1151 ἄνθρωπος
2916 1117 2932 1142 ,
2973 1078 3085 1131 ἀλλ’
3118 1075 3179 1141 ἐξ
3203 1075 3430 1147 οὐρανοῦ
3470 1075 3789 1129 καταϐαίνει

2207 1175 2342 1245 πρὸς
2370 1175 2552 1243 ἡμᾶς,
2592 1171 2710 1235 πῶς
2740 1170 3027 1242 ἀνθρώπου
3062 1168 3188 1233 Υἱὸς
3236 1171 3262 1222 ὁ
3304 1167 3362 1232 ἐξ
3412 1167 3641 1239 οὐρανοῦ
3684 1185 3791 1221 κα·-

2206 1266 2473 1320 ταϐαίνων
2515 1265 2766 1334 λέγεται;
2817 1263 2988 1316 Δώσει
3024 1262 3131 1333 γὰρ
3177 1261 3431 1323 πάντως,
3478 1260 3668 1331 ὥσπερ
3697 1261 3792 1313 ἐπὶ

2206 1360 2307 1429 τῆς
2347 1360 2450 1428 γῆς
2505 1354 2933 1427 προεπινοοῦμεν
2982 1353 3090 1406 τῶν
3143 1352 3275 1405 υἱῶν
3327 1352 3455 1414 τοὺς
3510 1351 3789 1421 πατέρας,

2208 1448 2350 1502 οὕτω
2382 1449 2476 1501 καὶ
2506 1448 2599 1501 ἐπὶ
2630 1446 2724 1500 τοῦ
2758 1448 2877 1499 κατ’
2910 1445 3072 1498 αὐτὸν
3112 1442 3407 1516 οὐρανόθεν
3444 1444 3664 1514 ἥκοντος
3692 1444 3791 1497 ἀν·

2210 1535 2468 1607 θρώπου,
2508 1535 2693 1606 ἐπειδὴ
2739 1535 2869 1597 Υἱὸς
2902 1532 3187 1603 ἀνθρώπου
3238 1530 3491 1599 λέγεται,
3544 1530 3618 1603 μὴ
3662 1531 3788 1601 εἰκῆ

2211 1626 2480 1699 πατρόθεν
2514 1624 3014 1696 κατονομάζεσθαι·
3061 1624 3175 1677 ἀλλ’
3210 1620 3348 1676 εἷναι
3403 1622 3600 1689 αὑτοῦ,
3650 1623 3791 1677 κατὰ

2210 1720 2271 1773 τὸ
2297 1719 2628 1790 ἀνθρώπινον
2655 1760 2669 1783 ,
2708 1719 2766 1771 ἐν
2813 1715 3027 1787 οὐρανῷ
3057 1714 3536 1787 προθεωροὺμενον
3580 1715 3794 1787 πατέρα

2206 1812 2368 1865 ἄλλον
2398 1810 2716 1880 ἄνθρωπον.
2753 1811 2814 1862 Εἰ
2868 1808 2976 1877 γὰρ
3008 1806 3322 1879 στηρίζεται
3362 1807 3473 1877 (49)
3507 1806 3679 1877 τούτῳ
3714 1805 3793 1875 τῷ

533 1905 690 1964 titur,
731 1905 899 1957 Nemo
935 1902 1170 1956 ascendit
1216 1902 1271 1955 in
1302 1902 1513 1963 uelum,
1563 1904 1668 1956 nisi
1704 1903 1793 1972 qui
1839 1902 2106 1955 descendit

2219 1902 2423 1971 ῥήματι
2462 1879 2540 1969 τῷ
2589 1898 2831 1969 εἰρηκότι
2858 1937 2871 1961 ,
2902 1896 3110 1964 Οὐδεὶς
3148 1896 3517 1963 ἀναϐέϐηκεν
3556 1898 3644 1959 εὶς
3686 1894 3795 1948 τὸν

533 1996 598 2049 de
629 1996 757 2049 ca'lo
787 1993 962 2048 Filius
997 1995 1225 2048 hominis
1256 1995 1307 2060 ⁸,
1341 2002 1397 2049 ct
1425 1995 1637 2049 idcirco
1669 1996 1821 2048 illum
1846 2010 1873 2047 a
1906 1994 2111 2049 terreni

537 2088 774 2141 hominis
803 2087 1133 2157 cognatione
1179 2087 1441 2156 seiungit,
1471 2098 1525 2141 et
1557 2102 1588 2141 e
1624 2088 1766 2142 cmlo
1792 2088 1857 2141 ad
1893 2102 1994 2142 nos
2017 2102 2112 2141 ve-

536 2180 683 2234 nisse
703 2178 898 2232 Filium
930 2179 1203 2234 hominem
1234 2181 1396 2237 dicit:
1426 2182 1660 2251 aliquem
1690 2181 1855 2234 alium
1886 2195 2113 2249 prorsus

537 2272 684 2325 dabit
718 2272 771 2325 in
804 2272 945 2326 caelo
979 2271 1253 2326 hominem
1300 2282 1508 2342 patrem
1546 2272 1695 2326 illius
1748 2271 1988 2326 hominis
2019 2272 2111 2342 qui

537 2357 604 2410 ad
638 2373 739 2412 nos
790 2358 1094 2421 descendit,
1131 2359 1203 2412 ita
1250 2369 1311 2414 ut
1366 2360 1421 2414 in
1464 2360 1677 2416 cmlesti
1721 2360 1830 2414 vita
1865 2362 2117 2416 nationes

539 2449 840 2515 hominum,
874 2458 926 2504 et
960 2451 1169 2521 populi,
1204 2463 1258 2506 et
1298 2453 1483 2507 omnia
1530 2469 1871 2523 quaecunque
1908 2454 1963 2508 in
2010 2455 2115 2509 hac

535 2540 647 2594 vita
680 2548 829 2604 sunt,
859 2543 1085 2612 reperiri
1122 2542 1479 2599 arbitremur.
1513 2544 1570 2598 Si
1602 2545 1769 2615 igitur
1792 2546 1884 2615 qui
1915 2561 1945 2600 e
1974 2546 2116 2599 coelo

538 2633 708 2694 venit,
744 2631 912 2689 Filius
941 2636 1176 2690 hominis
1207 2644 1328 2701 est;
1367 2638 1458 2706 qui
1496 2636 1680 2692 autem
1713 2653 1778 2693 ex
1822 2637 1990 2692 Maria
2036 2637 2104 2692 de

540 2723 749 2778 semine
792 2723 958 2778 David
1002 2725 1304 2779 secundum
1338 2741 1558 2781 carnem
1589 2735 1755 2783 natus
1788 2739 1892 2793 est,
1932 2745 2120 2799 quam-

538 2814 623 2869 vis
647 2828 677 2868 e
704 2814 846 2867 cmlo
872 2817 1106 2877 venerit,
1135 2814 1310 2871 Filius
1342 2816 1585 2870 hominis
1615 2820 1944 2888 appellatur,
1978 2819 2118 2875 falso

541 2904 839 2961 secundum
881 2905 1031 2976 ipsos
1084 2906 1176 2961 Dei
1208 2906 1381 2963 Filius
1434 2908 1658 2973 dicitur,
1695 2925 1821 2963 cum
1862 2926 1964 2965 nec
2006 2918 2121 2965 ter-

542 2998 759 3061 restris,
786 3013 887 3052 nec
921 2999 1165 3054 cmlestis
1185 2998 1277 3053 ille
1306 2999 1478 3055 Filius
1501 3015 1625 3055 cum
1649 3001 1938 3058 divinitate
1968 3018 2120 3058 com-

544 3105 707 3144 mune
749 3090 1052 3160 quidquam
1112 3090 1331 3145 habeat.
1389 3090 1494 3146 Sed
1543 3092 1597 3146 in
1647 3109 1917 3148 summam
1954 3096 2116 3150 veluti

541 3182 806 3251 colligens
842 3200 966 3254 quae
998 3184 1068 3238 ab
1104 3184 1225 3254 ipso
1262 3184 1407 3239 dicta
1432 3195 1583 3250 sunt,
1623 3186 1774 3242 hisce
1803 3188 1984 3243 verbis
2007 3204 2113 3243 ser-

544 3273 691 3326 moni
726 3273 887 3329 ﬁnem
923 3276 1183 3345 imponit:
1206 3274 1266 3331 Si
1290 3285 1467 3330 autem
1498 3288 1547 3331 et
1586 3294 1614 3330 ε
1648 3277 1777 3330 cado
1825 3275 1997 3331 Filius
2030 3278 2121 3331 ho-

544 3363 701 3416 minis
735 3374 783 3416 et
813 3380 878 3418 ex.
910 3366 1128 3420 muliere
1162 3363 1339 3421 Filius
1379 3366 1495 3433 Dei,
1541 3368 1803 3437 quomodo
1846 3385 1949 3423 non
1985 3370 2123 3422 idem

544 3452 686 3506 Deus
708 3464 755 3508 et
795 3455 949 3510 homo
978 3457 1258 3509 censetur?
1285 3455 1396 3527 Ego
1428 3473 1560 3513 sane
1590 3466 1645 3512 et
1671 3459 1922 3513 eumdem
1951 3457 2121 3512 Deum

545 3554 708 3615 atque
736 3546 1011 3601 hominem
1046 3546 1293 3612 credere,
1318 3549 1579 3604 omnibus
1608 3562 1771 3604 rectae
1798 3548 1918 3603 lidci
1943 3566 2123 3605 assero

544 3639 759 3693 toribus
789 3641 1084 3695 convenire
1111 3640 1222 3706 ain,
1254 3656 1364 3695 non
1401 3650 1583 3695 tamen
1622 3644 1923 3696 secundum
1953 3643 2123 3712 Apol-

549 3731 741 3783 lmaris
772 3733 1134 3799 sententiam;
1169 3746 1349 3802 neque
1376 3732 1522 3787 enim
1555 3733 1817 3789 divinitas
1848 3751 1933 3790 res
1958 3743 2130 3791 terre-

547 3838 638 3889 na,
668 3837 842 3891 neque
875 3823 1184 3879 humanitas
1203 3825 1429 3880 cmleste
1450 3826 1655 3895 aliquid
1679 3826 1916 3891 exsistit,
1938 3843 2130 3897 quem-

548 3911 840 3965 admodum
874 3913 964 3967 ille
986 3914 1280 3983 opinatur;
1316 3915 1411 3969 sed
1436 3931 1473 3969 e
1491 3917 1633 3970 coalo
1661 3917 1879 3985 quidem
1903 3918 1924 3949 ’
1954 3918 2129 3973 virtus

547 4001 814 4057 Altissimi
853 4019 949 4073 per
997 4003 1263 4075 Spiritum
1320 4007 1879 4063 sanctum'bumana:
1922 4018 2130 4064 natura

548 4094 914 4157 obumbravit,
977 4095 1081 4150 hoc
1141 4107 1247 4162 est,
1304 4100 1361 4153 in
1415 4113 1478 4153 ea
1539 4096 1821 4152 eﬁ‘ormata
1874 4097 2005 4162 fuit;
2060 4115 2123 4153 ex

550 4185 900 4239 immaculata
935 4202 1064 4241 vero
1100 4186 1320 4259 Virgine
1362 4190 1547 4245 carnis
1588 4190 1769 4259 portio
1807 4190 2039 4253 coaluit;
2074 4200 2128 4245 et

552 4278 653 4331 hoc
690 4284 876 4347 pacto,
922 4277 1068 4347 quod
1121 4278 1173 4332 in
1212 4293 1275 4333 ea
1313 4290 1501 4333 natum
1537 4291 1620 4335 est
1650 4280 1825 4335 Filius
1859 4280 2127 4337 Altissimi

550 4378 778 4424 vocatus
819 4379 921 4432 est,
956 4370 1142 4423 divina
1182 4370 1400 4439 quidem
1441 4372 1682 4441 potentia
1731 4372 1981 4427 humana:
2029 4389 2123 4427 na-

2214 1990 2508 2059 οὐρανὸν,
2537 1992 2590 2043 εί
2636 1989 2723 2060 μὴ
2766 1993 2799 2043 ό
2856 1990 2925 2054 ἐξ
2965 1988 3224 2057 οὐρανοῦ
3259 1989 3518 2054 καταϐὰς
3543 2028 3557 2053 ,
3593 1991 3626 2042 d
3663 1989 3794 2053 Υἱὸς

2212 2082 2319 2137 τοῦ
2350 2082 2700 2151 ἀνθρώπου,
2732 2082 2826 2136 καὶ
2863 2081 2950 2134 διὰ
2979 2081 3134 2134 τοῦτο
3164 2083 3262 2148 τῆς
3292 2082 3431 2152 πρὸς
3475 2080 3567 2133 τὸν
3609 2080 3795 2150 γήϊνον

2214 2174 2497 2245 ἄνθρωπον
2520 2173 2838 2241 συγγενείας
2867 2172 3027 2225 αὐτὸν
3057 2171 3359 2241 ὰποσχίζει,
3396 2171 3462 2223 ὲκ
3499 2168 3593 2223 τοῦ
3626 2170 3794 2240 οὐρα-

2214 2266 2306 2321 νοῦ
2336 2268 2540 2337 ⁴ἥκοντα
2571 2265 2698 2318 Υίὸν
2734 2264 3017 2335 ἄνθρωπον
3052 2264 3224 2331 λέγων
3250 2279 3264 2293 ο
3295 2262 3456 2315 δώσει
3502 2262 3626 2317 τινὰ
3660 2263 3798 2315 πάν-

2214 2375 2321 2421 τως
2346 2357 2441 2410 τοῦ
2470 2356 2809 2418 καταϐάντος
2833 2355 2967 2426 πρὸς
3001 2357 3145 2425 ἡμᾶς
3170 2354 3326 2407 ἄλλον
3353 2357 3409 2407 ὲν
3442 2354 3499 2406 οὗ
3511 2352 3656 2424 ρανῷ
3686 2370 3799 2406 τοι-

2216 2450 2369 2503 οῦτον
2400 2448 2609 2518 πατέρα
2634 2464 2647 2479 ·
2680 2447 2819 2499 ὥστε
2852 2447 2945 2499 καὶ
2969 2448 3027 2499 ἐν
3052 2448 3116 2516 τῇ
3148 2445 3383 2517 οὐρανίῳ
3405 2444 3517 2515 ζωῇ
3546 2445 3671 2517 ἔθνη
3703 2447 3799 2499 ἀν-

2218 2542 2471 2614 θρώπων,
2508 2540 2603 2593 καὶ
2633 2540 2861 2611 δήμους,
2890 2539 2984 2592 καὶ
3018 2538 3197 2591 πάντα
3219 2538 3355 2605 (50),
3392 2537 3495 2590 ὅσα
3527 2535 3667 2590 κατὰ
3705 2535 3800 2589 τὸν

2215 2636 2343 2706 τῇδε
2384 2634 2496 2705 βίον
2550 2633 2700 2686 ἐστιν
2735 2630 3097 2685 ὑπονοεῖσθαι.
3150 2630 3212 2682 Εἰ
3242 2624 3336 2681 οὖν
3375 2627 3433 2682 τὸ
3467 2628 3525 2694 ἐξ
3566 2626 3800 2698 οὐρανοῦ

2216 2723 2372 2800 ἧκον,
2422 2724 2710 2795 ἀνθρώπου
2752 2724 2899 2776 ἐστὶν
2950 2722 3114 2785 Υἱός·
3161 2720 3223 2773 τὸ
3264 2720 3320 2773 δὲ
3356 2721 3421 2772 ὲκ
3468 2718 3687 2790 Μαρίας
3735 2720 3801 2771 ἐκ

2220 2820 2531 2890 σπέρματος
2560 2816 2723 2871 Δαϐὶδ
2746 2815 2889 2870 κατὰ
2929 2814 3109 2886 σάρκα
3138 2814 3556 2884 γεγεννημένον,
3592 2812 3802 2867 ἄνωθεν

2219 2910 2297 2969 δὲ,
2329 2907 2618 2979 ἀνθρώπου
2650 2906 2779 2970 Υἱὸς
2805 2906 3120 2976 ὠνόμασται
3143 2920 3158 2933 ·
3205 2903 3416 2973 ψευδῶς
3449 2903 3569 2957 κατ’
3606 2902 3804 2966 αὐτοὺς

2221 3002 2350 3066 Υἱὸς
2387 3000 2521 3053 Θεοῦ
2573 2999 2821 3068 λέγεται,
2880 2999 3017 3068 μήτε
3067 2997 3160 3050 τοῦ
3208 2996 3484 3066 οὐρανίου,
3536 2997 3669 3065 μήτε
3704 2992 3803 3049 τοῦ

2221 3096 2409 3165 γηῒνου
2434 3094 2568 3165 πρὸς
2590 3092 2651 3145 τὸ
2674 3088 2829 3145 Θείον
2863 3091 3248 3161 οἰκειουμένου.
3287 3088 3447 3143 Ἀλλὰ
3480 3085 3804 3157 συναγαγὼν

2229 3187 2408 3257 ἐαυτῷ
2426 3187 2563 3257 πρὸς
2584 3184 2643 3239 τὸ
2664 3184 2955 3253 κεφάλαιον
2977 3183 3045 3237 τὰ
3068 3182 3351 3254 εἰρημένα,
3378 3182 3436 3233 ὲν
3463 3180 3632 3251 τούτῳ
3665 3198 3799 3251 συμ-

2224 3280 2469 3350 περαίνει
2498 3277 2589 3330 τὸν
2621 3277 2799 3345 λόγον·
2834 3269 2899 3330 Ei
2938 3274 3007 3328 δὲ
3028 3276 3129 3328 καὶ
3154 3274 3223 3338 ἑξ
3253 3273 3514 3341 οὐρανοῦ
3544 3273 3679 3338 Υἱὸς
3698 3273 3809 3327 ἁν-

2224 3372 2479 3439 θρώπου,
2518 3369 2616 3423 καὶ
2649 3368 2717 3421 ἐκ
2751 3364 3038 3437 γυναικὸς
3086 3366 3219 3432 Υἱὸς
3257 3364 3428 3426 Θεοῦ,
3468 3365 3594 3430 πῶς
3622 3366 3734 3433 οὐχ
3772 3366 3809 3416 ό

2222 3462 2406 3527 αὐτὸς
2432 3461 2577 3527 Θεὸς
2598 3460 2695 3514 καὶ
2726 3460 3068 3527 ἂνθρωπος;
3108 3455 3250 3523 Ἐγὼ
3282 3456 3338 3509 δὲ
3372 3456 3432 3509 τὸ
3467 3456 3563 3524 μὲν
3588 3454 3677 3507 τὸν
3710 3455 3810 3508 αὖ·

2219 3554 2310 3607 τὸν
2377 3552 2661 3624 ἄνθρωπον
2696 3552 2790 3604 καὶ
2832 3548 2963 3602 Θεὸν
3000 3546 3275 3602 πιστεύειν
3317 3541 3480 3611 εἶναι,
3515 3545 3677 3615 φημὶ,
3712 3543 3808 3597 καὶ

2232 3645 2433 3709 παντὸς
2478 3640 2618 3697 εἶναι
2661 3643 2754 3695 τοῦ
2788 3641 2880 3695 τὸν
2926 3640 3084 3712 ὀρθὸν
3120 3638 3276 3707 λόγον
3308 3636 3717 3710 πρεσϐεύοντος,
3743 3634 3805 3686 οὐ

2230 3737 2335 3808 μὴν
2362 3736 2503 3790 κατὰ
2530 3736 2629 3807 τὴν
2653 3732 2746 3788 τοῦ
2782 3732 3118 3803 λογογράφου
3145 3731 3386 3785 διάνοιαν
3405 3747 3419 3760 ο
3451 3728 3573 3782 οὒτε
3606 3726 3713 3801 γὰρ
3747 3726 3810 3779 τὸ

2227 3829 2379 3882 Θεῖον
2408 3830 2615 3899 γήϊνον,
2665 3827 2789 3881 οὔτε
2839 3825 3177 3896 ἀνθρώπινον
3205 3824 3266 3877 τὸ
3308 3823 3575 3895 οὐράνιον,
3623 3820 3811 3883 καθὼς

2229 3923 2434 3983 ἐκεῖνος
2462 3920 2631 3974 οἴεται
2657 3935 2672 3950 ⁸
2707 3919 2820 3973 ἀλλ’
2854 3916 3059 3973 ἄνωθεν
3094 3916 3191 3986 μὲν
3212 3918 3245 3986 ἡ
3282 3913 3377 3967 τοῦ
3415 3913 3672 3983 Ὑψίστου
3711 3910 3808 3963 δύ-

2228 4029 2413 4083 ναμις,
2460 4011 2547 4066 διὰ
2592 4012 2685 4066 τοῦ
2733 4010 2889 4080 ἁγίου
2931 4007 3248 4078 Πνεύματος
3288 4008 3347 4059 ὲν
3386 4008 3453 4076 τῇ
3496 4002 3811 4075 ἀνθρωπίνῃ

2229 4106 2389 4174 φύσει
2424 4103 2767 4173 ὲνεσκιάσθη,
2795 4102 3095 4167 τουτέστιν,
3120 4096 3497 4169 ὲνεμορφώθη,
3534 4098 3599 4149 ὲκ
3633 4095 3689 4147 δὲ
3710 4095 3811 4165 τῆς

2229 4198 2494 4268 ἀμιάντου
2512 4194 2787 4266 Παρθένου
2816 4196 2849 4265 ἡ
2873 4197 2974 4264 τῆς
3001 4192 3203 4264 σαρκὸς
3222 4195 3386 4261 μοῖρα
3408 4187 3806 4260 συνηρανίσθηο

2229 4292 2323 4343 καὶ
2360 4287 2532 4353 οὕτως
2560 4289 2621 4341 τὸ
2658 4289 2716 4341 ὲν
2755 4290 2888 4360 αὑτῇ
2920 4287 3200 4357 γεννηθὲν,
3234 4285 3361 4347 Υἱὸς
3393 4283 3645 4351 Ὑψίστου
3680 4298 3812 4334 κατ-

2228 4381 2554 4451 ωνομὰσθη·
2612 4380 2709 4456 τῆς
2741 4380 2838 4449 μὲν
2876 4379 3025 4442 θείας
3058 4377 3343 4447 δυνάμεως
3392 4374 3489 4445 τὴν
3535 4372 3673 4444 πρὸς
3717 4372 3811 4424 τὸν

551 4475 687 4517 tune
719 4479 843 4518 cum
895 4463 1180 4519 Altissimo
1225 4463 1570 4529 afﬁnitatem,
1620 4478 1788 4519 carne
1828 4480 1956 4519 vero
2001 4481 2118 4520 cum

2233 4475 2496 4545 ’Ὕψιστον
2521 4472 2856 4543 ἀγχιστείαν,
2887 4471 2986 4541 τῆς
3013 4472 3069 4525 δὲ
3099 4469 3300 4543 σαρκὸς
3336 4467 3436 4540 τὴν
3464 4466 3813 4537 ἀνθρωπίνην

553 4556 772 4609 homine
809 4556 1190 4626 cognationem
1228 4553 1341 4608 Deo
1373 4555 1725 4610 conciliante.

630 4646 744 4702 ΠΙ.
779 4647 881 4703 Sed
923 4648 1059 4702 Deus
1111 4647 1319 4718 quidem
1362 4657 1473 4709 est,
1538 4647 1719 4717 inquit
1767 4647 2130 4717 Apollinaris,

553 4756 645 4809 per
677 4741 899 4809 spiritus
934 4740 1376 4802 incarnationem,
1412 4739 1568 4793 homo
1600 4749 1776 4793 autem
1800 4754 1891 4808 per
1921 4756 2133 4794 carnem

557 4850 590 4884 ιι
610 4831 715 4885 beo
746 4840 1090 4899 assumptum.
1129 4830 1269 4897 Quid
1304 4841 1386 4887 est
1414 4847 1609 4887 rursus
1640 4832 1945 4886 incarnatio
1972 4833 2134 4901 spiri-

558 4934 646 4974 tus
683 4930 1046 4992 prmtcrqnam
1092 4923 1223 4976 uuio
1269 4939 1393 4976 cum
1435 4938 1600 4978 carne
1633 4933 1825 4977 nostra
1860 4923 2039 4977 inita?
2068 4922 2135 4977 Et

558 5012 829 5067 undenam
864 5021 1181 5083 assumptus
1216 5021 1299 5069 est
1346 5014 1528 5078 homo,
1583 5013 1691 5069 nisi
1724 5029 1789 5069 ex
1819 5014 1998 5085 primo
2030 5013 2131 5069 ho-

558 5103 705 5157 mine
761 5104 920 5173 cujus
947 5106 1176 5175 primam
1222 5106 1627 5174 generationem
1670 5122 1700 5161 e
1738 5116 1905 5172 terra,
1954 5124 2063 5163 non
2102 5125 2133 5165 e

559 5196 699 5249 ccelo
731 5197 924 5250 factam
962 5198 1132 5252 fuisse
1185 5211 1213 5249 a
1250 5196 1431 5266 Moyse
1463 5198 1583 5267 ejus
1631 5200 2003 5269 genealogiam
2038 5200 2132 5256 de-

560 5289 855 5355 scribente,
903 5289 1229 5345 didicimus?
1272 5289 1319 5343 E
1372 5300 1513 5345 terra
1553 5292 1690 5345 enim
1741 5292 1880 5347 Deus
1921 5294 2131 5360 pulvere

564 5391 794 5448 accepto.
819 5383 1079 5435 hominem
1111 5382 1302 5450 ﬁnxit;
1330 5382 1490 5436 aliam
1520 5393 1700 5438 autem
1740 5383 1976 5441 hominis
2002 5400 2137 5440 con-

644 5547 665 5579 '
697 5546 851 5604 Joan.
896 5563 979 5614 In,
1019 5548 1103 5601 l5.
1180 5549 1201 5581 ⁹
1230 5546 1364 5603 Luc.
1397 5564 1435 5612 ι,
1469 5549 1558 5613 55,
1591 5566 1709 5621 sqq.

638 5704 747 5771 (t9)
797 5702 1000 5756 Locum
1048 5702 1192 5755 hunc
1240 5716 1438 5771 usque
1458 5700 1524 5755 ad
1564 5702 1651 5754 illa
1685 5701 1870 5766 verba,
1901 5698 2137 5754 τοιοῦτον

568 5776 799 5844 πατέρα,
834 5774 1013 5827 laudat
1043 5770 1365 5844 Euthymius
1405 5770 1709 5843 Zigabenus
1755 5773 1809 5827 in
1861 5771 2138 5840 Panopliu:

570 5848 658 5901 tit.
686 5843 771 5906 15,
806 5853 946 5913 part.
983 5860 1042 5910 ll,
1081 5858 1201 5915 pag.
1235 5843 1362 5902 524.

2234 4565 2614 4636 οἰκειουμένης
2643 4563 2985 4632 συγγένειαν.

2312 4657 2487 4711 Ἀλλὰ
2510 4656 2654 4722 Θεὸς
2672 4654 2809 4724 μὲν,
2850 4654 3003 4724 φησὶ,
3032 4657 3114 4720 τῷ
3151 4654 3442 4723 πνεύματι
3476 4648 3556 4715 τῷ
3574 4664 3812 4717 σαρκω-

2230 4748 2388 4802 θέντι
2412 4764 2428 4779 ο
2468 4745 2863 4816 ἄνθρωπος’δὲ
2878 4744 2949 4815 τῇ
2972 4749 3089 4801 ὑπὸ
3111 4746 3218 4799 τοῦ
3236 4744 3384 4798 Θεοῦ
3408 4741 3813 4810 προσληφθεί-

2231 4857 2313 4908 cn
2346 4840 2545 4907 σαρκί.
2593 4840 2657 4891 Τί
2692 4841 2807 4891 ἐστι
2846 4837 3006 4891 πάλιν
3035 4836 3129 4889 τοῦ
3177 4836 3481 4906 πνεύματος
3514 4833 3809 4903 σάρκωσις,

2234 4930 2391 4994 ἐκτὸς
2418 4933 2517 5001 τῆς
2542 4930 2676 4999 πρὸς
2698 4930 2797 4999 τὴν
2826 4927 3097 5000 ἡμετέραν
3124 4927 3302 4998 σάρκα
3335 4925 3613 4989 ένώσεως;
3646 4921 3813 4974 πόθεν

2232 5021 2290 5075 δὲ
2344 5021 2691 5092 προσελήφθη
2744 5020 3062 5091 ἄνθρωπος,
3117 5021 3165 5072 εἰ
3220 5018 3296 5091 μὴ
3350 5020 3415 5070 ὲκ
3447 5014 3542 5069 τοῦ
3592 5012 3810 5086 πρώτου

2234 5112 2549 5186 (ἀνθρώπου
2577 5112 2712 5186 (51),
2750 5107 2810 5168 οὗ
2844 5113 2943 5184 τὴν
2963 5111 3184 5184 πρώτην
3208 5111 3421 5179 γένεσιν
3447 5110 3512 5161 ὲκ
3537 5105 3641 5175 γῆς
3660 5147 3676 5173 ,
3712 5105 3814 5158 οὐκ

2233 5208 2298 5259 ἐκ
2323 5204 2417 5258 τοῦ
2449 5205 2699 5274 οὐρανοῦ)
2735 5204 3179 5273 γενεαλογοῦντος
3202 5202 3295 5256 τοῦ
3334 5200 3613 5261 Μωῦσέως
3648 5196 3810 5268 nmo-

2235 5315 2439 5367 σαμεν;
2470 5299 2679 5352 Λαϐὼν
2718 5298 2827 5369 γάρ
2854 5300 2885 5351 ό
2910 5297 3053 5362 Θεὸς
3075 5293 3229 5364 χοῦν
3254 5293 3372 5347 ἀπὸ
3402 5290 3513 5359 τῆς
3544 5288 3677 5361 γῆς,
3704 5289 3815 5341 τὸν

2241 5389 2556 5458 ἄνθρωπον
2613 5389 2889 5444 ἔπλασεν
2909 5404 2925 5420 ο
2994 5386 3159 5458 ἄλλην
3204 5384 3259 5442 δὲ
3310 5382 3599 5455 ἀνθρώπου
3648 5398 3814 5434 καταρ

2316 5704 2427 5767 (50)
2451 5704 2605 5757 Corr.
2632 5702 2724 5756 καὶ
2749 5701 2973 5770 δήμους,
3004 5698 3098 5753 καὶ
3132 5695 3386 5767 πατριὰς,
3426 5697 3518 5749 καὶ
3546 5696 3749 5753 πάντα.

2318 5774 2427 5845 (51)
2462 5775 2591 5839 Quae
2624 5773 2977 5827 includuntur
3001 5770 3183 5826 addita
3214 5776 3343 5824 sunt
3382 5781 3413 5822 ει
3444 5782 3587 5822 corr.
