4146 6386
404 402 545 458 “'57

1569 408 1607 463 Α
1620 406 1890 463 DVERSU
1903 405 1940 460 S
1977 405 2490 464 APOLLINAREM.

3519 402 3654 460 H33

406 523 606 593 σκευὴν
635 522 694 591 ἐξ
724 525 957 597 οὐρανοῦ
983 527 1248 598 συστῆσαι
1273 527 1387 603 (52)
1419 531 1549 596 παρ’
1564 530 1779 593 οὐδενὸς
1812 547 1960 600 μεμα

2090 528 2450 585 struetionem
2485 529 2681 585 ecmlo
2726 525 3025 591 exstitisse,
3073 538 3238 580 nemo
3280 536 3516 593 unquam
3560 537 3659 575 nos

402 612 671 684 θήκαμεν.
687 608 820 667 Εἶτα
842 615 1037 684 ἐπάγει
1056 619 1168 680 τοῖς
1184 618 1516 688 εἰρημένοις,
1540 619 1623 671 ὅτι
1656 616 1733 671 Τὸ
1750 616 1987 686 μυστή-

398 721 541 772 ριον
577 704 647 757 ἐν
672 707 849 773 σαρκὶ
876 708 1217 777 ἐφανερώθη
1243 725 1257 737 ·
1300 710 1479 774 καλῶς
1510 709 1667 763 τοῦτο
1688 710 1883 777 λέγων,
1908 703 1989 764 οὗ·

402 813 494 859 τος
520 798 549 850 ὁ
571 797 836 868 ἡμέτερος
868 798 1022 867 λόγος
1046 817 1059 830 ·
1087 801 1180 854 καὶ
1194 802 1276 854 ὅτι
1303 804 1336 856 d
1358 803 1548 872 Λόγος
1568 801 1727 869 σὰρξ
1748 802 1985 870 ἐγένετο

403 887 554 940 κατὰ
582 887 697 954 τὴν
718 888 969 941 ἕνωσιν·
1019 889 1112 943 καὶ
1141 888 1317 945 ταῦτα
1352 894 1452 961 τῆς
1489 890 1840 961 ὑγιαινούσης
1873 909 1987 960 φω-

403 977 499 1045 νῆς
532 980 645 1032 ἐστι
685 979 753 1033 τά
794 982 1013 1051 ῥήματα
1036 1020 1052 1036 .
1109 981 1168 1035 '0
1202 983 1311 1054 γὰρ
1337 982 1575 1053 ἡνῶσθαι
1606 985 1672 1052 τῇ
1710 982 1874 1051 σαρκὶ
1896 981 1985 1034 τὸν

401 1069 574 1137 Λόγον
601 1070 791 1133 εἰπὼν,
831 1074 983 1127 οὐδὲν
1012 1075 1196 1146 ἕτερον
1228 1074 1262 1147 ἦ
1304 1075 1413 1129 τῶν
1440 1074 1532 1127 δύο
1553 1073 1653 1145 τὴν
1681 1073 1982 1145 συνδρομὴν

400 1160 568 1228 λέγει.
629 1162 781 1217 Ἀλλ’
812 1166 922 1218 οὐκ
956 1165 1221 1235 ἄψυχος,
1251 1167 1437 1239 φησὶν,
1475 1168 1514 1235 ἡ
1552 1165 1711 1235 σάρξ
1734 1184 1748 1198 ⁹
1800 1182 1983 1234 σφα·

400 1252 677 1307 τεύεσθαι
720 1253 830 1324 ’μὰρ
872 1257 1020 1311 κατὰ
1059 1255 1169 1312 τοῦ
1212 1258 1554 1327 πνεύματος
1581 1259 1839 1325 εἴρηται,
1880 1257 1981 1312 καὶ

398 1340 966 1407 ἀντιστρατεύεσθαι
988 1344 1067 1410 τῷ
1086 1347 1249 1415 νόμῳ
1270 1345 1377 1398 τοῦ
1406 1348 1592 1415 νόμου
1608 1347 1740 1415 (55).
1782 1347 1981 1419 ’Υπὲρ-

398 1446 525 1499 ευγε
555 1432 656 1501 τῆς
696 1434 1123 1507 ἀγνωμοσύνηςῑ
1177 1439 1277 1490 οὐκ
1313 1436 1518 1507 ἄψυχον
1563 1436 1641 1507 τῷ
1672 1437 1789 1508 Θεῷ
1818 1456 1976 1511 περι-

399 1521 627 1576 πλάσσει
650 1524 747 1596 τὴν
781 1525 976 1596 σάρκα.
1002 1526 1211 1581 Οὐκοῦν
1235 1529 1618 1599 ὲρωτήσωμεν,
1642 1530 1689 1581 εί
1729 1528 1976 1599 ἔμψυχος

401 1614 756 1685 προσελήφθη
804 1616 955 1687 παρὰ
990 1617 1085 1671 τοῦ
1119 1618 1254 1671 Θεοῦ
1286 1618 1459 1686 Λόγου
1509 1621 1542 1689 ὴ
1596 1620 1753 1691 σὰρξ,
1795 1620 1976 1685 καθώς

398 1720 562 1773 φησιν
590 1704 619 1756 ὁ
650 1704 1012 1776 λογογράφος’
1050 1706 1269 1779 ἔμψυχα
1299 1708 1354 1761 δέ
1386 1726 1568 1779 φαμεν
1595 1711 1688 1763 καὶ
1716 1710 1823 1765 τῶν
1853 1711 1975 1765 ἀλό.

394 1811 507 1861 γων
532 1794 601 1849 τὰ
634 1795 891 1866 σώματα·
939 1801 968 1852 ό
1009 1798 1357 1871 ἀνθρωπίνην
1399 1802 1598 1871 σάρκα,
1642 1802 1736 1855 κα)¹
1771 1801 1973 1873 ταύτην

2089 619 2297 676 docuit.
2353 621 2559 677 Deinde
2614 621 2700 677 bis
2757 619 2920 676 dictis
2973 617 3252 688 subiungit
3306 615 3659 685 Apollinaris,

2088 708 2409 780 Mysterium
2441 714 2495 765 in
2531 728 2688 766 carne
2718 709 3118 778 manifestatum
3146 707 3343 775 fuisse;
3367 712 3513 759 recte
3546 703 3661 773 qui-

2087 801 2232 866 dem,
2267 819 2392 857 nam
2423 812 2476 858 et
2510 818 2610 858 nos
2635 803 2774 858 idem
2815 802 3072 865 dicimus,
3125 798 3379 868 additque
3433 794 3659 849 Verbum

2086 907 2299 946 carnem
2349 894 2550 962 factum
2631 894 2797 962 fuisse
2851 889 3137 946 secundum
3200 889 3479 951 unionem;
3539 900 3660 955 quaa

2085 984 2303 1053 quidem
2336 986 2498 1039 etiam
2542 1000 2675 1040 sane
2708 985 2979 1054 loquentis
3005 991 3132 1037 sunt
3160 981 3355 1045 verba;
3387 980 3479 1049 qui
3513 977 3655 1033 enim

2084 1074 2237 1128 carni
2279 1074 2492 1128 unitum
2522 1075 2695 1131 fuisse
2726 1074 2962 1129 Verbum
2997 1073 3154 1137 dicit,
3189 1072 3266 1125 nil
3311 1070 3456 1125 aliud
3491 1084 3656 1140 quam

2082 1165 2315 1236 duplicis
2359 1167 2439 1222 rei
2492 1183 2820 1223 concursum
2875 1165 3092 1221 asserit.
3130 1163 3233 1219 Sed
3270 1180 3418 1228 caro,
3462 1162 3656 1232 inquit,

2082 1277 2188 1313 non
2234 1269 2377 1313 caret
2415 1263 2617 1324 anima,
2670 1262 2901 1314 militare
2941 1260 3080 1314 enim
3122 1258 3373 1312 adversus
3414 1255 3657 1325 spiritum

2079 1350 2280 1404 dictum
2311 1360 2390 1405 est
2424 1368 2485 1405 ac
2514 1367 2804 1420 repugnare
2842 1351 2943 1421 legi
2972 1350 3135 1419 legem
3174 1348 3362 1401 mentis
3381 1346 3445 1400 ¹⁰.
3475 1344 3519 1399 0
3553 1344 3654 1397 mi-

2082 1459 2198 1496 ram
2230 1444 2536 1498 inscitiam!
2572 1440 2692 1496 Non
2722 1442 3014 1497 inanimem
3048 1440 3158 1495 Deo
3178 1438 3389 1507 afﬁngit
3410 1451 3650 1492 carnem.

2082 1533 2270 1604 Itaque
2296 1535 2696 1603 interrogemus
2732 1547 2802 1587 an
2836 1533 3077 1587 animata
3107 1546 3236 1587 caro
3274 1545 3307 1584 a
3343 1529 3452 1585 Deo
3479 1526 3657 1582 Verbo

2080 1625 2244 1679 luerit
2284 1634 2588 1694 assumpta,
2610 1622 3070 1695 quemadmodum
3099 1630 3283 1677 noster
3304 1621 3536 1689 scriptor
3558 1619 3653 1678 ait.

2077 1717 2258 1771 anima
2301 1728 2482 1772 autem
2532 1715 2759 1786 praedita
2804 1730 2927 1771 esse
2972 1714 3207 1770 dicimus
3241 1720 3297 1768 et
3338 1711 3654 1766 animalium

2076 1808 2287 1863 ratione
2330 1809 2631 1863 carentium
2668 1823 2921 1877 corpora.
2974 1806 3078 1872 Qui
3129 1814 3312 1861 autem
3359 1805 3653 1860 humanam

394 1885 655 1956 ἔμψυχον,
689 1890 1050 1959 προσοικίζων
1078 1891 1156 1961 τῷ
1183 1891 1347 1961 λόγῳ,
1380 1892 1533 1946 οὐδὲν
1562 1893 1770 1964 ἓτερον,
1796 1894 1829 1964 ἦ
1854 1894 1962 1949 ὅλοι

2076 1912 2298 1953 carnem
2334 1913 2599 1969 ,eamque
2646 1898 2941 1952 animatam
2993 1895 3171 1951 Verbo
3228 1894 3499 1957 attribuit,
3571 1892 3649 1947 nil

395 1978 656 2032 συνάπτει
694 1980 783 2033 τὸν
816 1981 1134 2053 ἄνθρωπον
1184 1984 1337 2037 οὐδὲν
1381 1984 1491 2057 γὰρ
1538 1985 1665 2040 ἄλλο
1690 1986 1843 2058 παρά
1874 1987 1972 2058 τὴν

391 2069 581 2140 νοερὰν
628 2070 787 2138 φύσιν
828 2073 927 2142 τῆς
955 2074 1305 2145 ἀνθρωπίνης
1340 2076 1518 2147 ψυχῆς
1560 2078 1708 2132 ἐστιν
1752 2080 1969 2151 ἰδίωμα,

389 2162 477 2215 διὰ
495 2164 557 2216 τὸ
581 2164 639 2216 ὲν
674 2166 805 2218 πᾶσι
831 2169 943 2227 τοῖς
973 2167 1156 2232 ἄλλοις
1180 2170 1470 2225 κοινωνίαν
1502 2168 1643 2225 εἶναι
1675 2172 1806 2243 ἡμῖν
1831 2173 1970 2243 πρὸς

388 2254 456 2305 τά
494 2252 681 2323 ἄλογα.
736 2256 810 2309 Τὸ
841 2257 1257 2329 ἐπιθυμητικὸν,
1296 2260 1357 2315 τὸ
1405 2262 1705 2333 θυμοειδὲς,
1750 2265 1783 2333 ἡ
1828 2263 1973 2316 κατὰ

387 2344 591 2415 τροφὴν
621 2345 820 2413 ὄρεξις,
846 2348 874 2400 ὁ
906 2349 1085 2421 κόρος,
1113 2353 1141 2405 ό
1181 2352 1367 2425 ὕπνος,
1400 2355 1432 2426 ἡ
1467 2354 1650 2423 πέψις,
1682 2356 1715 2426 ἡ
1741 2355 1971 2409 ἀλλοίω-

390 2451 492 2498 σις,
531 2438 564 2507 ή
595 2435 689 2489 τοῦ
717 2440 1107 2511 ἀχρειωθέντος
1155 2445 1471 2515 ὲκποίησις,
1528 2446 1705 2499 πάντα
1743 2447 1884 2501 κατά
1911 2449 1969 2501 τὸ

386 2523 503 2581 ἴσον
532 2530 589 2582 ὲν
620 2531 769 2601 ἡμῖν,
804 2534 896 2586 καὶ
935 2537 1045 2597 τοῖς
1078 2534 1292 2603 ἀλόγοις
1313 2537 1401 2591 διά
1429 2555 1572 2602 τινος
1595 2539 1831 2610 ψυχικῆς
1875 2539 1968 2592 δυ-

385 2619 604 2690 νάμεως
641 2624 1022 2694 οἰκονομεῖται.
1065 2626 1122 2679 '0
1148 2628 1327 2680 τοίνυν
1357 2628 1531 2696 λέγων
1566 2628 1855 2700 ἄνθρωπον
1884 2625 1965 2682 εἷο

384 2727 474 2763 ναι
504 2711 595 2765 τὸν
626 2714 1127 2787 προσειλημμένον,
1166 2717 1407 2793 ἔμψυχον
1436 2719 1493 2771 δὲ
1532 2720 1720 2773 τοῦτον
1751 2721 1927 2784 διδοὺς
1948 2760 1961 2785 ,

383 2800 534 2854 οὐδὲν
586 2803 769 2874 ἕτερον
822 2804 855 2875 ἢ
899 2806 994 2859 καὶ
1028 2807 1141 2877 (54)
1191 2809 1386 2877 νοητὴν
1438 2809 1587 2880 αὺτῷ
1636 2827 1955 2882 προσεμαρ-

383 2889 586 2961 τύρησε
609 2891 856 2962 δύναμιν.
881 2894 1018 2964 ὅπερ
1050 2895 1177 2947 ἴδιον
1205 2895 1304 2965 τῆς
1332 2894 1682 2966 ἀνθρωπίνης
1712 2898 1828 2950 ἐστὶ
1857 2897 1962 2965 ψυ-

383 2984 505 3053 χῆς,
529 2983 589 3047 ἐξ
614 2983 812 3049 αὐτῶν,
845 2976 919 3037 ὧν
950 2985 1220 3055 παρέθετο
1249 2987 1401 3057 ἡμῖν,
1435 2987 1543 3040 τῶν
1574 2988 1666 3040 τοῦ
1708 2989 1963 3043 Ἀποστὸ-

381 3074 476 3127 λου
517 3076 795 3146 ῥημάτων.
844 3076 903 3128 '0
926 3076 1034 3147 γὰρ
1061 3075 1251 3141 εἰπὼν,
1300 3078 1383 3131 ὅτι
1434 3079 1505 3132 Τὸ
1556 3079 1831 3149 φρόνημα
1855 3078 1963 3147 τῆς

2075 1988 2221 2042 aliud
2246 2003 2408 2058 quam
2429 1988 2701 2057 integrum
2730 1986 3006 2041 hominem
3032 1983 3211 2041 Verbo
3233 1984 3491 2056 copulat;
3518 1982 3652 2036 nihil

2072 2080 2216 2132 enim
2246 2088 2355 2132 tam
2389 2079 2667 2149 pr0prium
2700 2085 2783 2132 est
2820 2079 3072 2132 humana:
3118 2077 3311 2130 animae
3354 2090 3517 2145 quam
3568 2073 3653 2127 in-

2073 2168 2293 2223 tellectu
2336 2171 2563 2240 prardita
2602 2178 2821 2233 natura,
2864 2184 2930 2223 eo
2955 2168 3101 2237 quod
3140 2169 3195 2222 in
3236 2168 3359 2223 aliis
3398 2166 3651 2221 onmibus

2071 2260 2517 2315 communionem
2544 2276 2669 2316 cum
2702 2260 2876 2317 brutis
2906 2261 3225 2315 habeamus.
3248 2258 3649 2328 Concupiscen~

2070 2354 2167 2418 tia,
2208 2354 2312 2417 ira,
2340 2354 2449 2408 cibi
2484 2356 2817 2425 appetentia,
2845 2354 3090 2417 satietas,
3113 2367 3363 2416 somnus,
3391 2350 3648 2421 digestio,

2070 2442 2343 2510 alteratio,
2385 2456 2859 2500 excrementorum
2901 2446 3135 2516 egestio,
3166 2444 3281 2498 haec
3317 2443 3499 2497 omnia
3540 2451 3649 2495 tam

2070 2532 2125 2587 in
2156 2534 2314 2587 nobis
2335 2548 2498 2603 quam
2523 2536 2577 2589 in
2608 2535 2941 2590 animalibus
2967 2535 3179 2589 ratione
3209 2533 3526 2589 carentibus
3556 2546 3651 2602 per

2070 2624 2365 2693 quamdam
2396 2625 2592 2681 anima:
2618 2626 2934 2681 facultatem
2960 2642 3027 2681 ex
3055 2642 3211 2697 aequo
3237 2624 3647 2694 dispensantur.

2067 2714 2170 2782 Qui
2207 2716 2375 2787 igitur
2401 2718 2533 2773 dicit
2566 2718 2840 2772 hominem
2887 2733 3012 2774 esse
3044 2719 3136 2789 qui
3186 2725 3501 2788 assumptus
3541 2722 3645 2774 est,

2065 2823 2297 2879 eumque
2335 2809 2518 2863 anima
2565 2810 2849 2879 praaditum
2890 2826 3015 2866 esse
3057 2809 3330 2870 concedit,
3383 2808 3457 2861 nil
3500 2805 3646 2860 aliud

2064 2913 2230 2967 quam
2284 2898 2623 2967 intelligendi
2676 2898 2991 2953 facultatem
3038 2898 3356 2953 testimonio
3403 2913 3504 2953 suo
3544 2895 3647 2965 ipsi

2062 2987 2402 3057 impertitur;
2455 2988 2601 3058 quod
2656 2988 2907 3044 humanae
2950 2996 3163 3043 tantum
3217 2988 3411 3041 anima:
3446 3000 3647 3041 conve-

2064 3077 2204 3141 nire,
2235 3079 2317 3132 vel
2363 3094 2429 3134 ex
2464 3080 2620 3149 ipsis,
2670 3096 2790 3149 qua:
2839 3080 2994 3135 nobis
3035 3081 3087 3134 in
3130 3079 3364 3135 medium
3407 3078 3645 3143 adducit,

380 3167 606 3235 σαρκὸς
632 3168 817 3236 ἔχθρα
838 3171 923 3233 εις
952 3168 1119 3223 Θεόν·
1142 3168 1222 3234 τῷ
1240 3170 1347 3238 γὰρ
1368 3170 1526 3239 νόμῳ
1548 3169 1654 3223 τοῦ
1682 3171 1828 3224 Θεοῦ
1849 3173 1960 3241 οὐχ

2066 3168 2304 3239 Apostoli
2340 3170 2522 3225 verbis
2561 3179 2811 3240 apparet.
2865 3171 2967 3237 Qui
3017 3173 3161 3227 enim
3230 3171 3384 3237 dicit,
3428 3169 3649 3239 Sapien-

381 3257 791 3312 ὑποτάσσεται
809 3277 820 3288 ·
844 3261 942 3330 τῆς
969 3262 1359 3331 προαιρετικῆς
1390 3278 1449 3313 τε
1477 3262 1571 3315 καὶ
1615 3261 1957 3333 δωνοητικῆς

378 3349 663 3420 δυνάμεως
687 3352 891 3422 ἐναργῆ
915 3352 983 3405 τὰ
1025 3351 1289 3421 ἰδιώματα
1311 3352 1488 3420 λέγει·
1520 3352 1579 3405 τὸ
1608 3353 1715 3425 γὰρ
1744 3354 1958 3407 ἐπιπει-

356 3438 507 3505 Οῶς,
530 3441 563 3511 ἢ
593 3442 899 3506 ἀντιτύπως
920 3443 1057 3513 πρὸς
1079 3443 1169 3496 τὴν
1202 3444 1363 3514 νόμον
1394 3443 1557 3514 ἔχειν,
1584 3444 1957 3516 προαιρέσεως

378 3531 534 3584 ἴδιονο
566 3532 698 3585 αὑτό
721 3550 779 3585 τε
807 3533 869 3585 τὸ
899 3534 993 3585 τοῦ
1021 3532 1405 3602 φρονήματος
1430 3533 1624 3603 ὄνομα,
1652 3534 1751 3587 οὐκ
1781 3534 1844 3588 ἄν
1872 3552 1955 3598 τις

375 3625 475 3694 τῆς
520 3624 662 3677 κατά
714 3624 774 3677 τὸ
828 3628 1045 3696 φρονεῖν
1093 3626 1371 3694 ἐνεργείας
1441 3626 1826 3697 ἀποχωρίσειε.
1883 3627 1956 3679 Τὸ

376 3715 433 3767 δὲ
471 3715 715 3783 φρονεῖν
743 3717 937 3769 ταύτὸν
986 3713 1126 3769 εἶναι
1156 3716 1231 3787 τῷ
1276 3721 1415 3769 νοεῖν
1440 3717 1574 3787 (55),
1614 3718 1723 3771 οὐδ’
1751 3717 1817 3771 ἂν
1848 3717 1954 3769 τῶν

378 3807 571 3878 κομιδῇ
605 3825 687 3871 τις
734 3807 1104 3878 νηπιαζόντων
1143 3808 1389 3861 ἀντείποι
1416 3823 1429 3836 ·
1488 3809 1516 3861 ὅ
1558 3826 1616 3860 τε
1661 3810 1951 3879 ἀντιστρα-

376 3898 684 3969 τευόμενος,
716 3899 812 3952 καὶ
845 3900 1285 3969 αἱχμαλωτίζων,
1316 3899 1431 3963 πῶς
1465 3900 1530 3952 ἂν
1551 3900 1650 3966 τῆς
1679 3900 1954 3969 ἐνεργείας

376 3988 469 4042 τοῦ
497 3991 635 4042 νοεῖν
663 3990 1051 4059 ἀμοιρήσειεν;
1098 3992 1172 4043 Οὐ
1216 3991 1324 4060 γάρ
1358 3990 1492 4061 πρὸς
1533 3990 1644 4058 (56)
1680 3989 1747 4043 τὰ
1775 3990 1952 4059 φαῦλα

377 4079 640 4134 κινεῖσθαι
678 4083 790 4144 τοῖς
822 4084 1011 4146 κακοῖς
1047 4082 1145 4154 τὴν
1179 4080 1519 4153 προαίρεσιν,
1547 4079 1820 4144 ἀπόδειξις
1858 4080 1951 4133 τοῦ

379 4173 454 4243 μὴ
474 4169 611 4227 εἶναι
634 4173 757 4227 νοῦν
784 4174 842 4226 ὲν
867 4175 1094 4237 ἐκείνοις
1122 4174 1292 4236 ἐστὶν,
1328 4172 1463 4226 ἀλλὰ
1501 4171 1669 4243 καλῆς
1707 4172 1803 4242 μὲν
1834 4171 1949 4224 δια-

376 4263 524 4327 νοίας
552 4266 705 4328 ἐκτός
733 4265 859 4329 εἱσι,
894 4263 1073 4317 νοοῦσι
1101 4264 1156 4317 δὲ
1185 4265 1335 4334 ὅμως
1360 4279 1375 4294 ο
1426 4263 1547 4315 ἐπεὶ
1577 4264 1665 4315 καὶ
1694 4262 1788 4315 τὸν
1829 4261 1951 4331 ὅφιν

375 4355 600 4420 ἐκεῖνον,
631 4355 689 4408 ὃν
709 4356 770 4428 δὴ
800 4357 899 4426 τῆς
930 4357 1127 4419 κακίας
1150 4355 1391 4427 ἀρχηγὸν
1422 4356 1516 4409 καὶ
1545 4354 1775 4425 εὑρέτην
1803 4353 1951 4424 παρὰ

372 4446 482 4501 τῶν
512 4448 743 4519 Γραφῶν
768 4448 1146 4520 ἐδιδάχθημεν,
1176 4449 1275 4501 οὐκ
1307 4447 1530 4517 ἀνόητον
1560 4444 1696 4500 εἶναί
1721 4464 1882 4518 φησιν
1922 4448 1950 4499 ό

374 4537 725 4604 θεόπνευστος
767 4539 943 4609 λόγος,
991 4540 1209 4593 πλείονα
1250 4539 1357 4593 τῶν
1385 4538 1559 4593 ἄλλων
1596 4555 1949 4611 προσμαρτυο

374 4632 483 4698 ρῶν
508 4632 681 4702 τούτῳ
708 4631 807 4700 τὴν
837 4632 1230 4704 φρονιμότητα.

2065 3264 2193 3315 tiam
2244 3263 2421 3316 carnis
2475 3264 2815 3316 inimicitiam
2866 3280 2977 3317 esse
3015 3264 3071 3316 in
3121 3262 3306 3330 Deum,
3350 3263 3451 3333 legi
3506 3263 3642 3317 enim

2062 3351 2161 3405 Dei
2192 3369 2293 3405 non
2339 3351 2617 3420 subjicitur
2658 3354 2723 3413 υ.
2764 3352 3083 3406 manifestas
3123 3351 3374 3422 eligentis
3400 3359 3455 3407 et
3495 3352 3646 3421 cogi-

2063 3441 2228 3496 tantis
2258 3444 2512 3511 potentia:
2543 3443 2905 3512 proprietates
2932 3442 3214 3511 exprimit.
3251 3440 3384 3495 Nam
3410 3442 3642 3512 obsequi

2064 3534 2165 3603 legi
2219 3534 2301 3589 vel
2352 3550 2662 3606 repugnare
2698 3535 2953 3605 eligentis
2997 3534 3281 3605 proprium
3329 3543 3412 3590 est
3450 3536 3645 3589 volun-

2062 3627 2211 3687 tatis,
2251 3626 2539 3697 ipsumque
2573 3628 2939 3698 φρονήματος.
2979 3627 3082 3680 hoc
3112 3637 3215 3688 est,
3249 3628 3525 3697 sapientia:
3562 3627 3648 3681 vel

2062 3717 2425 3787 intelligentia?
2470 3734 2672 3773 nomen
2723 3734 2885 3773 nemo
2927 3733 2957 3771 a
2995 3718 3271 3787 cogitandi
3309 3719 3391 3772 vel
3446 3717 3647 3772 intelli-

2062 3808 2220 3879 gendi
2246 3809 2505 3865 facultate
2532 3810 2847 3866 secreverit.
2880 3812 3099 3880 Φρονεῖν
3127 3816 3309 3863 autem
3340 3811 3479 3864 idem
3511 3826 3633 3864 esse

2061 3916 2125 3954 ac
2163 3901 2462 3971 intelligere
2495 3910 2549 3956 et
2581 3900 2764 3954 animo
2788 3916 3028 3964 versare,
3064 3915 3163 3954 nec
3200 3914 3490 3969 parvorum
3560 3900 3643 3954 in-

2062 3987 2289 4042 fantium
2323 3991 2595 4059 quispiam
2649 3989 2860 4043 iulicias
2901 3990 3093 4054 iverit,
3129 3996 3185 4044 et
3235 3990 3327 4057 qui
3362 3988 3516 4042 alteri
3556 4004 3643 4043 re-

2059 4089 2284 4150 pugnat,
2340 4096 2573 4151 eumque
2613 4082 2669 4134 in
2726 4081 3045 4135 servitutem
3099 4079 3320 4150 redigit,
3366 4081 3640 4151 quomodo

2060 4172 2395 4242 intelligendi
2440 4172 2770 4226 actuositate
2800 4172 3047 4226 carebit?
3083 4170 3271 4241 Neque
3314 4172 3457 4227 enim
3492 4174 3637 4242 quod

2058 4264 2227 4317 libera
2264 4262 2495 4333 eligendi
2528 4262 2760 4318 facultas
2792 4263 2857 4316 ad
2886 4263 3027 4317 mala
3060 4263 3116 4316 in
3155 4263 3423 4334 improbis
3452 4279 3637 4318 move-

2060 4362 2167 4416 tur,
2207 4363 2494 4424 propterea
2536 4354 2659 4409 illos
2694 4364 2873 4409 mente
2914 4353 3211 4409 destitutos
3250 4371 3373 4410 esse
3412 4356 3634 4409 demon-

2057 4453 2285 4510 stratur,
2317 4446 2412 4501 sed
2463 4446 2600 4500 bene
2645 4445 2863 4516 quidem
2912 4462 3023 4499 non
3056 4447 3321 4517 cogitant,
3353 4456 3407 4500 at
3442 4446 3637 4499 nihilo-

2056 4535 2240 4592 minus
2270 4537 2532 4607 cogitant.
2579 4536 2761 4603 Quare
2806 4545 2859 4591 et
2894 4552 3122 4608 serpens
3167 4537 3280 4600 ille,
3321 4552 3481 4606 quem
3523 4552 3634 4588 ma-

1984 4628 2029 4683 Ῑ)
2060 4629 2188 4683 litim
2233 4628 2563 4698 principem,
2620 4628 3069 4695 inventoremque
3122 4626 3293 4680 fuisse
3352 4626 3635 4696 Scriptura

372 4742 473 4782 nos
512 4726 670 4781 docet
696 4728 761 4793 “,
793 4743 904 4781 non
934 4728 1183 4782 caruisse
1218 4733 1401 4780 mente
1431 4739 1461 4777 a
1494 4722 1605 4780 Deo
1648 4725 1950 4796 inspiratus
1987 4741 2168 4784 sermo
2198 4724 2352 4788 dicit,
2385 4722 2477 4793 qui
2505 4722 2918 4793 prudentiorem
2987 4722 3200 4777 caeteris
3268 4722 3636 4776 animantibus

372 4824 548 4893 ipsum
594 4822 766 4878 fuisse
795 4831 1049 4877 testatur.

440 4913 649 4967 Οὐκοῦν
682 4912 740 4978 ἐξ
772 4912 970 4979 αὐτῶν,
1011 4913 1073 4967 δι’
1111 4906 1184 4966 ὧν
1212 4913 1380 4967 οἴεται
1412 4916 1663 4985 συνιστᾷν
1695 4913 1785 4966 τὸν
1816 4914 1941 4968 ἑαυ-

370 5002 463 5055 τοῦ
498 5003 677 5071 λόγον,
718 5003 774 5056 αἱ
820 5003 1205 5074 παρατιθεῖσαι
1270 5004 1403 5072 ἡμῖν
1437 5002 1612 5071 φωναὶ
1656 5002 1716 5055 τὸ
1755 5002 1947 5066 ἀσεϐὲς

368 5094 463 5146 τοῦ
509 5097 627 5148 κατ’
671 5094 833 5149 αὐτὸν
881 5094 1147 5165 δόγματος
1188 5094 1573 5164 διελέγχουσιν.
1624 5094 1699 5146 Οὐ
1740 5093 1851 5163 γάρ
1889 5095 1946 5146 ἐν

368 5185 574 5249 τούτοις
600 5188 777 5257 μόνοις
803 5186 913 5257 (57)
941 5187 968 5237 ό
1000 5185 1318 5249 Ἀπόστολος
1344 5185 1625 5255 ἀνθίστησι
1646 5184 1744 5254 τὴν
1770 5185 1947 5256 σάρκα

368 5273 445 5344 τῷ
493 5276 781 5348 πνεύματι,
820 5272 1085 5342 τουτέστι,
1124 5275 1221 5346 τὴν
1254 5274 1496 5347 πονηρὰν
1524 5274 1843 5347 προαίρεσιν
1878 5276 1945 5345 τῇ

444 5392 487 5421 ¹⁶
512 5389 668 5447 Rom.
702 5406 797 5455 vn,
838 5391 928 5446 25.

439 5506 550 5579 (ii?)
586 5506 745 5579 Furr.
776 5510 1057 5579 συστῆναι.

2122 4910 2261 4965 \‘lll.
2296 4909 2517 4963 Prolata
2554 4908 2737 4978 itaque
2775 4922 2804 4960 a
2843 4906 3003 4962 nobis
3035 4908 3088 4960 in
3120 4904 3358 4960 medium
3388 4906 3635 4974 ejusdem

2052 5005 2217 5060 verba
2261 5003 2463 5073 quibus
2510 5002 2823 5072 opinionem
2871 5014 3025 5053 suam
3084 4997 3395 5053 conﬁrmari
3445 5008 3632 5068 putat,

2054 5095 2387 5163 impietatem
2424 5092 2694 5161 dogmatis
2733 5090 2803 5144 ab
2853 5090 2974 5160 ipso
3016 5087 3291 5159 praedicati
3333 5089 3511 5159 palam
3547 5105 3625 5143 re-

2052 5187 2349 5257 darguunt.
2380 5183 2567 5254 Neque
2600 5184 2745 5239 enim
2801 5184 2855 5236 in
2892 5183 3042 5238 hisce
3081 5182 3214 5237 solis
3252 5183 3435 5236 verbis
3473 5183 3626 5252 spiri-

2055 5275 2131 5328 tui
2184 5288 2403 5329 carncm
2464 5274 2669 5326 malum
2708 5272 2961 5327 videlicet
3003 5270 3343 5342 propositum
3384 5272 3633 5325 honesta:

1010 5391 1051 5421 “
1083 5389 1240 5445 Rom.
1298 5406 1413 5455 νιιι,
1456 5390 1508 5443 7.
1586 5390 1629 5421 "
1662 5388 1796 5443 Gen.
1832 5403 1914 5450 ιιι,
1945 5388 1968 5440 l
1998 5402 2122 5457 sqq.

2038 5503 2551 5575 ἀντιστρατεύεσθαι
2600 5503 2677 5575 τῷ
2716 5505 2866 5575 νόμῳ
2907 5502 3000 5556 τοῦ
3045 5502 3183 5569 νοός,
3227 5511 3283 5555 ιιι
3343 5500 3503 5554 habet
3563 5496 3626 5551 Ι).

439 5572 845 5646 (531Prima2va
880 5572 1040 5631 manu
1087 5578 1138 5632 in
1173 5578 1296 5631 Vat.
1345 5578 1469 5633 cod.
1520 5578 1799 5639 scribitur,
1845 5576 1940 5628 mi.
2037 5572 2260 5646 Paulus.

370 5648 963 5733 ﬁa‘l‘ti.dtpa‘t€t§‘€69al
1022 5647 1098 5719 τῷ
1148 5650 1318 5733 wing“.
1367 5650 1524 5730 Corr.
1564 5663 1757 5733 'auietn
1784 5655 1939 5733 vetus

367 5718 707 5789 ettienlavit,
742 5720 834 5771 καὶ
870 5716 1381 5789 ἀντιστρατεύεσθαι
1406 5719 1481 5789 τῷ
1520 5720 1669 5787 νόμῳ
1715 5717 1807 5770 τοῦ
1854 5716 1938 5768 νό-

373 5805 493 5855 μου.
533 5787 663 5841 Vide
711 5796 888 5843 tamen
930 5806 996 5841 an
1038 5787 1322 5856 legendum
1376 5787 1467 5852 sit,
1512 5792 1604 5842 καὶ
1651 5791 1928 5857 ἀντιστρα-

369 5857 618 5911 τεύεσοαι
650 5859 725 5928 τῷ
758 5859 905 5928 νόμῳ
941 5860 1030 5913 τὸν
1064 5860 1224 5929 νόμον
1275 5861 1390 5924 νοός
1431 5878 1551 5931 μους
1601 5858 1683 5909 νρι
1733 5860 1934 5924 potius.

2110 5644 2220 5713 (54)
2251 5644 2328 5714 illa
2349 5659 2521 5707 corr.,
2558 5644 2711 5714 prius
2745 5644 2793 5696 si
2828 5644 2941 5699 καί.

2107 5715 2217 5781 (55)
2248 5713 2322 5767 ita
2353 5730 2522 5781 corr.,
2544 5713 2695 5784 prius
2724 5714 2784 5767 τὸ
2816 5717 2977 5771 νοεῖν.

2109 5785 2220 5857 (5ο)
2253 5785 2325 5857 Ita
2359 5800 2514 5857 corr.
2530 5786 2589 5837 τὸ
2619 5785 2773 5857 πρός.

2109 5855 2220 5927 (57)
2254 5854 2412 5912 (Sorr.
2451 5856 2631 5925 μόνον.
