4146 6386
496 422 649 478 “39

1744 419 1799 473 ε.
1824 380 2170 471 ὀιιιεοοιιιι
2224 408 2519 465 NYSSENI
2566 370 2579 389 ’

3616 382 3776 438 νΗ-Ιῦ

512 538 802 606 probatque
841 537 968 591 vita:
1013 536 1239 606 opponit
1266 535 1559 605 Apostolus
1591 553 1605 601 ;
1664 535 1757 588 sed
1790 542 1843 587 et
1874 533 1927 584 in
1961 528 2082 599 Epi-
2111 579 2113 586 λ

2214 527 2501 596 ,στειοτέρᾳ
2530 524 2661 594 ζωῇ,
2697 520 2832 574 ἀλλὰ
2866 519 2960 573 καὶ
2996 517 3131 588 πρὸς
3164 508 3486 584 Κορινθίους
3518 502 3674 606 φησῗ,
3711 500 3777 553 τὸ

510 629 650 681 stola
676 629 742 681 ad
783 626 1101 683 Corinthios
1131 627 1335 683 eisdem
1385 626 1745 698 exprobrans,
1789 622 1934 693 quod
1971 621 2089 675 ani-

512 721 585 773 mi
638 721 1142 788 perturbationibtts
1174 720 1620 781 succumberent,
1669 715 1953 776 Cat-nales,
2008 714 2087 773 in-

510 812 882 872 tluit.estis".
920 810 1177 881 Nunquid
1225 826 1291 865 eo
1344 819 1588 880 tempore
1632 823 1742 878 quo
1793 810 1867 860 ita
1897 805 2091 859 Corin-

512 903 661 957 tl.ios
688 902 1067 972 alloquebatur
1099 902 1395 971 Apostolus
1423 942 1437 965 ,
1483 901 1683 955 mentis
1714 898 2090 969 operationttm

515 1005 797 1063 compotes
832 1009 941 1048 non
963 1000 1119 1049 erant
1148 994 1405 1049 homines
1444 993 1519 1046 illi
1553 989 1855 1047 secundum
1899 987 2095 1057 triper-

516 1087 670 1139 titam
717 1086 998 1139 hominum
1031 1085 1357 1139 divisionem
1391 1083 1460 1137 ab
1488 1080 1792 1151 Apollinari
1814 1076 2094 1146 excogita-

519 1183 627 1228 tam
658 1174 681 1225 ?
728 1172 823 1227 Vel
851 1174 1032 1243 potius
1056 1188 1122 1227 ex
1156 1172 1450 1226 immodica
1480 1171 1548 1225 ad
1577 1170 1761 1224 carnis
1782 1182 1947 1238 opera
1976 1180 2096 1235 pro—

519 1267 763 1321 clivitate
804 1266 1055 1321 carnales
1079 1281 1109 1319 a
1134 1264 1304 1320 Paulo
1336 1263 1516 1319 vocati
1549 1268 1699 1327 sunt,
1730 1260 2097 1330 appellatione

519 1372 584 1411 ex
619 1372 685 1411 eo
720 1355 866 1427 quod
926 1356 978 1409 in
1038 1356 1172 1425 ipsis
1226 1353 1539 1408 abundabat
1575 1351 1862 1419 desumpta
1896 1350 1920 1403 ?
1955 1347 2100 1401 Sane

522 1457 855 1520 postremam
899 1448 1040 1501 hanc
1077 1448 1222 1502 illius
1255 1447 1389 1501 dicti
1436 1460 1625 1502 veram
1665 1459 1789 1499 esse
1833 1444 2099 1497 rationem

522 1559 645 1611 qua-
701 1556 811 1597 uno
860 1549 1050 1596 tenore
1105 1540 1409 1608 eodemque
1448 1538 1682 1593 consilio
1713 1535 1897 1591 statim
1950 1531 2103 1585 addit

524 1634 847 1703 Apostolus,
956 1631 1258 1686 luculenter
1325 1627 1667 1684 ostendunt:
1737 1626 1871 1681 Cum
1938 1623 2100 1683 enim,

524 1725 723 1794 inquit,
778 1726 845 1778 sit
894 1725 1031 1777 inter
1066 1739 1153 1776 vos
1190 1722 1332 1775 zelus
1362 1730 1413 1775 et
1444 1721 1741 1784 contentio,
1778 1732 1947 1771 nonne
1985 1729 2104 1768 car-

524 1817 669 1870 nales
703 1816 827 1869 estis
847 1814 933 1867 ¹⁸ἲ
953 1813 1141 1867 Zelare
1170 1821 1350 1866 autem
1374 1819 1428 1865 et
1448 1810 1779 1866 contendere
1808 1808 1875 1862 ad
1899 1805 2100 1861 mentis

2190 586 2442 687 ἐμπαθὲς.
2463 586 2647 675 αὐτοῖς
2674 609 2965 673 ὀνειδίζων,
3003 586 3085 659 ὅτι
3113 598 3391 671 Σάρκινοί
3421 596 3585 649 ἐστε.
3623 586 3778 659 Ἀρα-

2190 682 2330 761 κατὰ
2352 706 2443 759 τὸν
2470 704 2657 776 χρόνον
2681 702 2905 763 ἐκεῖνον,
2933 695 3053 751 καθ’
3080 695 3140 748 ὃν
3163 692 3298 764 πρὸς
3329 689 3524 749 αὐτοὺς
3556 685 3585 735 ὁ
3611 682 3777 748 λόγος

2192 799 2440 867 ἐγένετο,
2483 794 2625 848 κατὰ
2669 794 2767 863 τὴν
2820 788 3055 861 τριμερῆ
3094 784 3188 838 τοῦ
3238 777 3612 848 Ἀπολιναρίου
3665 773 3777 827 τῶν

2193 866 2494 961 ἀνθρώπων
2527 885 2718 956 τομὴν,
2754 882 3012 954 ἀμέτοχοι
3044 877 3146 947 τῆς
3176 872 3319 928 κατά
3344 871 3434 925 τὸν
3460 868 3585 921 νοῦν
3619 866 3779 935 ἐνερ-

2192 959 2347 1051 γείας
2375 976 2516 1052 ἦσαν
2557 979 2607 1031 οἱ
2663 976 2965 1046 ἄνθρωποις
3007 973 3038 1045 ἢ
3064 970 3280 1030 πάντως
3312 966 3377 1018 ὲκ
3408 963 3507 1034 τῆς
3535 959 3779 1030 ἀμέτρου

2195 1075 2330 1145 πρὸς
2362 1073 2461 1144 τὴν
2499 1071 2678 1141 σάρκα
2710 1067 3006 1129 διαθέσεως
3037 1065 3284 1135 σάρκινοι
3316 1058 3469 1129 παρὰ
3506 1053 3600 1107 τοῦ
3630 1052 3782 1107 Παύ-

2196 1167 2289 1219 λου
2328 1161 2867 1235 προσηγορεύθησαν,
2893 1160 2956 1210 ὲκ
2980 1155 3075 1209 τοῦ
3127 1152 3513 1216 πλεονάζοντος
3548 1150 3648 1220 τὴν
3680 1150 3783 1200 ὲπ-

2198 1258 2445 1329 ωνυμίαν
2471 1254 2758 1319 λαϐόντες;
2788 1251 2898 1306 Καὶ
2919 1249 3158 1303 δείκνυσι
3185 1246 3276 1299 τὸν
3303 1244 3538 1298 τοιοῦτον
3557 1240 3714 1307 λόγον
3748 1239 3785 1309 ἡ

2202 1349 2512 1419 σύμφρασις
2555 1345 2661 1398 τῶν
2696 1340 3123 1413 γεγραμμένων
3162 1339 3354 1388 Ὅπου
3377 1329 3487 1401 γὰρ
3509 1333 3578 1387 ἐν
3616 1330 3781 1399 ὑμῖν,

2201 1441 2354 1513 φησὶ,
2381 1437 2558 1506 ζῆλος
2579 1436 2674 1490 καὶ
2704 1435 2848 1504 ἔρις,
2885 1432 3021 1501 οὐχὶ
3049 1430 3325 1499 σαρκικοί
3352 1426 3464 1498 (58)
3492 1426 3672 1487 eote;
3710 1424 3756 1475 '1'
3758 1423 3787 1474 ὸ

2201 1534 2258 1587 δὲ
2305 1531 2500 1602 ζηλοῦν
2544 1532 2636 1583 καὶ
2676 1526 2877 1599 ἐρίζειν
2915 1526 3013 1596 τῆς
3053 1522 3196 1577 κατά
3225 1522 3319 1576 τὸν
3351 1518 3475 1573 νοῦν
3508 1516 3791 1588 ἐνεργείας

2204 1629 2339 1682 ὲστί.
2370 1626 2451 1680 Τὰ
2491 1625 2546 1678 δὲ
2579 1623 2784 1677 τούτων
2822 1619 3053 1689 ἐχόμενα
3084 1616 3184 1684 τῆς
3217 1609 3617 1683 λογογραφίας,
3652 1608 3789 1661 ἁπό-

2205 1720 2370 1786 δειξιν
2397 1717 2560 1788 δῆθεν
2596 1713 2840 1783 περιέχει
2863 1711 2949 1764 διὰ
2980 1708 3239 1763 πλειόνων
3271 1701 3581 1776 μαρτυριῶν
3608 1699 3700 1753 τοῦ
3724 1701 3793 1751 ἐκ

2207 1812 2370 1884 τριῶν
2390 1808 2702 1864 συνιστάναι
2724 1806 2810 1858 τὸν
2827 1804 3129 1875 ἄνθρωπον,
3149 1800 3257 1854 ἀπὸ
3279 1796 3476 1868 σαρκός
3504 1812 3565 1847 τε
3580 1794 3671 1847 καὶ
3685 1792 3792 1861 ψυ-

524 1908 870 1974 operationes
918 1906 1174 1976 pertinet.
1231 1905 1500 1958 Caeterum
1568 1918 1688 1972 quae
1746 1902 1802 1956 in
1866 1898 2101 1953 verbosa

2214 1873 2336 1974 χξῖις,
2369 1902 2461 1955 καὶ
2508 1900 2622 1960 νοῦ,
2657 1898 2799 1968 άπερ
2846 1873 3139 1965 ούτπόρρω
3186 1890 3276 1943 τοῦ
3318 1887 3443 1942 καθ’
3484 1886 3630 1958 ἡμᾶς
3675 1885 3792 1936 ἐστι

525 2001 857 2070 Apollinaris
909 1998 1211 2067 scriptione
1271 2002 1612 2066 sequuntur,
1674 1993 1727 2047 id
1768 2007 1939 2046 unum
1991 1989 2103 2043 fere

526 2109 626 2164 per
667 2090 975 2147 testimonia
1005 2090 1161 2159 plura
1196 2088 1599 2152 demonstrant,
1626 2101 1689 2140 ex
1723 2084 1923 2147 tribus,
1958 2080 2105 2134 vitle-

527 2180 872 2250 licet,'rebus
918 2190 1173 2236 eonstare
1222 2180 1518 2244 hominem,
1563 2190 1750 2237 carne,
1805 2174 1987 2227 anima
2027 2177 2106 2223 at-

526 2294 636 2347 que
672 2284 871 2338 mente,
897 2289 1019 2345 quae
1047 2273 1271 2342 quidem
1303 2287 1335 2326 a
1367 2280 1553 2325 nostra
1584 2267 1853 2323 sententia
1884 2264 2108 2319 minime

527 2370 754 2425 distant.
813 2366 893 2421 Ex
924 2380 1155 2436 corpore
1203 2378 1438 2433 namque
1483 2372 1539 2417 et
1601 2360 1783 2414 anima
1824 2357 2105 2412 intellectu

2205 1995 2384 2063 λόγου.
2414 1991 2589 2045 Ταύτὸ
2609 1990 2713 2061 γάρ
2744 1991 2891 2041 ἐστιν
2922 1986 2987 2038 ἐκ
3006 1984 3197 2054 νοερᾶς
3229 1980 3407 2051 ψυχῆς
3422 1979 3515 2031 καὶ
3541 1976 3794 2047 σώματος

2205 2087 2296 2141 τὸν
2321 2084 2605 2155 ἄνθρωπον
2622 2081 2818 2149 λέγειν,
2847 2078 2941 2132 καὶ
2972 2074 3276 2137 ἰδιαζόντως
3291 2073 3381 2125 τὸν
3412 2070 3533 2124 νοῦν
3556 2068 3638 2138 ἐφ’
3666 2070 3796 2120 ἑαυ-

2208 2178 2302 2232 τοῦ
2321 2176 2444 2248 ἀριθ
2454 2177 2720 2246 μήσαντα,
2734 2170 2894 2241 τριχῆ
2919 2168 3111 2221 διελεῖν
3131 2166 3229 2235 τὴν
3247 2181 3313 2218 πε
3321 2163 3376 2235 ρὶ
3391 2162 3482 2215 τὸν
3510 2160 3799 2230 ἄνθρωπον

2209 2269 2444 2341 θεωρίαν
2463 2283 2479 2300 ο
2507 2268 2556 2319 εἰ
2580 2264 2675 2318 καὶ
2706 2264 2788 2316 ὅτι
2822 2259 3023 2324 πολλὰς
3056 2261 3169 2321 τοῖς
3198 2256 3495 2327 αἱρετικοῖς
3527 2252 3741 2305 δίδωσιν
3768 2250 3798 2300 ὁ

2207 2361 2365 2430 λόγος
2401 2360 2461 2411 ὲν
2497 2356 2673 2426 τούτῳ
2703 2353 2893 2417 λαϐάς,
2941 2350 3174 2405 Δύναται
3212 2348 3341 2418 γὰρ,
3378 2347 3426 2399 εἰ
3456 2345 3517 2398 τὸ
3547 2341 3803 2412 νοητικόν

530 2461 753 2534 prmdita
785 2457 1151 2527 compositum
1197 2470 1322 2510 esse
1371 2453 1647 2507 hominem
1716 2449 1921 2511 dicere,
1965 2448 2107 2502 idem

2214 2452 2296 2524 ἐφ’
2330 2448 2524 2506 ἑαυτοῦ
2558 2464 2644 2512 τις
2671 2446 2933 2518 ἀριθμοίη
2955 2488 2969 2511 ,
3003 2443 3195 2515 ἑτέραν
3221 2440 3314 2496 τοῦ
3360 2436 3674 2510 θυμοειδοῦς
3697 2433 3802 2503 τὴν

529 2560 613 2605 est
648 2559 815 2620 atque
837 2548 1126 2620 separatim
1157 2553 1391 2601 mentem
1417 2559 1512 2615 per
1532 2558 1593 2598 se
1613 2541 1785 2598 solam
1812 2554 2110 2594 numeran-

2214 2542 2559 2616 περιγραφὴν
2587 2540 2789 2609 λέγειν,
2817 2539 2913 2591 καὶ
2936 2535 3031 2590 τοῦ
3061 2529 3460 2605 ἐπιθυμητικοῦ
3495 2528 3656 2582 πάλιν
3683 2526 3805 2579 ἐτέ-

530 2642 621 2705 do,
647 2619 934 2711 tripliciter
948 2655 1069 2711 qua:
1098 2639 1151 2692 in
1175 2638 1395 2692 homine
1414 2634 1831 2691 considerantur
1849 2632 2113 2697 dividere;

2216 2654 2337 2710 ραν.
2375 2638 2536 2700 Ἴσως
2572 2635 2616 2688 δ’
2664 2634 2729 2687 ἄν
2762 2649 2845 2695 τις
2892 2631 2986 2684 καὶ
3026 2628 3093 2682 τὰ
3136 2625 3301 2679 λοιπὰ
3347 2624 3447 2694 τῆς
3495 2619 3676 2692 ψυχῆς
3708 2635 3800 2671 κι-

529 2710 749 2784 tametsi
793 2729 993 2783 multas
1032 2727 1146 2781 haec
1187 2724 1443 2795 loquendi
1496 2724 1639 2779 ratio
1698 2723 1969 2778 haereticis
2023 2737 2110 2776 er-

2216 2730 2435 2800 νήματα
2477 2725 2620 2780 κατὰ
2664 2725 2756 2778 τὸν
2801 2722 2959 2791 λόγον
2999 2715 3491 2789 ἐξαριθμούμενος,
3545 2710 3808 2800 πολυσχι-

533 2821 689 2875 randi
734 2837 899 2877 ansas
938 2821 1198 2890 praebeat.
1237 2817 1295 2873 Si
1360 2817 1505 2873 enim
1544 2823 1750 2886 partem
1789 2815 2112 2870 rationalem

2217 2799 2285 2890 δῆ
2322 2819 2437 2890 (59)
2475 2836 2600 2872 τινα
2640 2818 2735 2871 καὶ
2778 2812 3168 2869 πολυσύνθετον
3206 2808 3327 2863 ἀντὶ
3365 2804 3461 2859 τοῦ
3510 2799 3810 2875 τριμεροῦς

532 2932 629 2986 per
658 2930 715 2970 se
764 2915 935 2968 solam
965 2912 1111 2983 quis
1158 2909 1580 2973 enumeraverit,
1618 2909 1782 2962 aliam
1814 2907 2111 2964 irascibilis

2216 2909 2488 2974 ἀποδείξει
2516 2909 2607 2963 τὸν
2631 2906 2941 2978 ἄνθρωπον.

535 3015 743 3078 partem
800 3020 831 3059 a
886 3005 1100 3059 certet-is
1149 3015 1486 3071 sgregatam
1550 3013 1801 3054 asserere
1877 3002 2122 3070 poterit,
2198 3010 2253 3056 et
2296 3000 2743 3071 concupiscibilis
2802 3012 2997 3053 rursus
3038 2996 3220 3058 altam,
3269 2998 3325 3047 et
3378 2988 3611 3045 fortasse
3694 3001 3813 3039 non.

535 3115 697 3156 nemo
750 3098 991 3168 reliquos
1041 3096 1204 3152 etiam
1255 3094 1425 3147 animi
1473 3102 1656 3149 motus
1690 3092 1906 3147 ratione
1955 3093 2335 3158 dinumerans,
2378 3094 2652 3147 hominem
2687 3107 2795 3146 non
2835 3089 3029 3153 tribus,
3077 3088 3172 3141 sed
3208 3080 3610 3155 quodammodo
3646 3080 3816 3148 longe

536 3193 788 3265 pluribus
814 3190 1179 3260 compositum
1217 3186 1464 3258 partibus
1494 3193 1547 3239 et
1594 3184 1650 3238 in
1680 3184 1883 3239 multas
1916 3185 2119 3254 pariter
2158 3196 2342 3256 partes
2387 3186 2687 3241 dissectum
2722 3181 3046 3237 ostenderit.

606 3289 698 3343 lx.
748 3285 855 3342 Sed
882 3286 1011 3339 haec
1057 3284 1225 3338 missa
1273 3281 1581 3343 faciamus,
1632 3295 1702 3334 ne
1756 3278 1988 3349 singulis
2025 3279 2113 3333 im-

2313 3280 2452 3335 Ἀλλ’
2484 3278 2665 3334 ὲάσθω
2695 3277 2898 3342 ταῦτα,
2932 3275 3009 3337 ὡς
3051 3272 3118 3326 ἂν
3169 3272 3244 3342 μὴ
3273 3272 3386 3333 τοῖς
3414 3266 3537 3322 καθ’
3577 3266 3816 3320 ἕκαστον

539 3387 818 3438 morantes
868 3378 922 3433 in
994 3377 1215 3446 longum
1274 3375 1394 3444 plus
1452 3387 1609 3442 aequo
1679 3370 2113 3426 confulationem

2216 3372 2521 3441 ἐπεξιόντες
2558 3373 2637 3435 εἰς
2667 3367 2933 3440 ἀμετρίαν
2971 3364 3295 3435 ὲκτεῖνωμεν
3341 3362 3439 3433 τὴν
3468 3361 3822 3433 ἀντίρρησιν,

537 3486 780 3531 nostram
822 3468 1215 3532 extendamus;
1262 3467 1329 3522 ad
1381 3466 1639 3521 ulteriora
1674 3472 1857 3518 autem
1893 3479 2113 3535 progre-

2218 3466 2356 3541 πρὸς
2404 3465 2462 3518 δὲ
2524 3465 2595 3517 τὰ
2665 3462 2861 3530 ἐφεξῆς
2908 3457 3000 3512 τοῦ
3061 3458 3222 3526 λόγου
3264 3455 3559 3527 προΐωμεν.
3624 3455 3817 3507 Κατα-

538 3565 780 3618 diamur.
813 3559 950 3615 Dum
998 3558 1144 3611 enim
1202 3555 1436 3625 triplicis
1476 3562 1710 3616 naturas,
1756 3555 1840 3608 vel
1874 3554 2113 3624 triperti-

2221 3556 2493 3621 σκευάσας
2515 3555 2624 3627 γὰρ
2654 3552 2741 3608 διὰ
2770 3550 2981 3607 πολλῶν
3006 3549 3065 3603 τὸ
3097 3548 3356 3620 τριφυὲς,
3390 3547 3426 3618 ἢ
3454 3545 3735 3617 τριμερὲς,
3774 3544 3814 3615 ἢ

540 3669 687 3719 tam,
717 3653 805 3709 vel
835 3663 1165 3722 quocunque
1210 3646 1319 3702 alio
1366 3646 1490 3717 quis
1532 3660 1850 3715 nuncupare
1888 3645 2123 3701 voluerit

541 3748 784 3813 nomine,
822 3742 1062 3798 hominis
1115 3739 1561 3811 compositionem
1589 3739 1838 3809 pluribus
1876 3747 2123 3794 astruere

541 3849 796 3904 conatur,
830 3834 1186 3908 quarumdam
1239 3834 1402 3887 etiam
1451 3831 1799 3902 synodalium
1851 3830 2125 3886 deﬁnitio-

544 3944 674 3984 num
712 3927 1043 3983 mentionem
1073 3922 1225 3986 facit,
1271 3936 1459 3976 earum
1506 3936 1703 3990 nempe
1742 3922 2074 3991 syttotlorutn
2101 3961 2119 3987 ,

542 4037 665 4092 qtne
717 4019 978 4073 adversus
1013 4013 1239 4068 Paulum
1287 4011 1705 4067 Samosatenum
1732 4012 1971 4067 collectae
2003 4009 2124 4067 fue-

544 4120 692 4175 runt,
750 4110 806 4164 in
841 4122 1075 4178 quarum
1127 4120 1236 4159 una
1269 4105 1490 4169 dicitur,
1551 4102 1756 4158 Eccelo
1814 4104 1986 4158 Deum
2042 4103 2130 4171 fa-

545 4214 687 4258 ctmn
737 4202 900 4270 fuisse
928 4198 1240 4260 Christum;
1306 4199 1436 4250 item
1489 4195 1714 4251 alterius
1769 4195 1893 4250 ﬁdei
1936 4194 2130 4248 deﬁni-

545 4295 714 4348 tionis
788 4292 930 4361 apud
974 4289 1210 4343 Nicaeam
1272 4286 1649 4358 promulgatae,
1709 4286 1868 4351 cujus
1921 4286 2128 4340 dictum

2220 3649 2368 3707 ὅπως
2384 3648 2449 3703 ἂν
2470 3647 2627 3719 ὲθέλῃ
2651 3663 2735 3709 τις
2750 3643 3036 3715 ὀνομάζειν
3054 3642 3113 3695 τὸ
3137 3640 3477 3711 ἀνθρώπινον
3504 3637 3813 3708 σύγκριμα,

2227 3736 2501 3809 μέμνηται
2527 3753 2689 3789 τινων
2716 3734 2809 3787 καὶ
2840 3732 3123 3803 δογμάτων
3159 3728 3450 3783 συνοδικῶν
3478 3727 3589 3800 (ϐο)
3616 3727 3726 3779 τῶν
3750 3744 3817 3779 τε

2223 3828 2367 3885 κατὰ
2406 3828 2621 3883 Παύλου
2666 3826 2762 3880 τοῦ
2814 3824 3188 3896 Σαμωσατέως
3228 3820 3677 3892 συνειλεγμένων,
3721 3818 3818 3872 λέ·

2226 3938 2415 3991 γοντος
2446 3920 2587 3992 (61),
2611 3919 2679 3983 ἐξ
2702 3916 2961 3987 οὐρανοῦ
2988 3912 3426 3973 ἀποτεθεῶσθαι
3441 3912 3547 3967 τὸν
3564 3912 3813 3979 Κύριον·

2229 4017 2323 4068 καὶ
2348 4012 2443 4067 τοῦ
2486 4012 2627 4066 κατά
2659 4011 2893 4065 Νίκαιαν
2932 4007 3343 4078 ἐκφωνηθέντος
3364 4048 3377 4069 ,
3411 4000 3471 4060 οῦ
3518 4006 3617 4063 τὴν
3652 4005 3820 4075 ῥῆσιν

2231 4106 2325 4160 ἐπὶ
2349 4106 2546 4171 λέξεως
2570 4103 2756 4157 τοῦτον
2783 4103 2872 4155 τὸν
2897 4101 3094 4171 τρόπον
3115 4099 3410 4171 εἰρημένην
3435 4094 3818 4167 παρέθετομτδ,

2243 4200 2346 4265 Ἐξ
2372 4198 2629 4269 οὐρανοῦ
2654 4195 3012 4260 καταϐάντα,
3034 4194 3131 4247 καὶ
3157 4190 3539 4260 σαρκωθῶοτα
3564 4188 3696 4260 (62),
3713 4190 3821 4243 καὶ

2229 4287 2795 4359 ἐνανθρωπήσαντα.
2842 4287 2952 4339 Καὶ
2996 4283 3169 4337 ταῦτα
3207 4279 3395 4344 εἰπὼν,
3423 4280 3498 4344 ὡς
3537 4294 3821 4352 προκατα-

546 4386 699 4439 hisce
749 4381 971 4437 disertis
1012 4379 1197 4433 verbis
1262 4386 1591 4446 conceptum
1633 4377 1850 4447 allegat,
1900 4376 2006 4442 Qui
2066 4376 2113 4430 dt

2235 4381 2507 4443 σκευάσας
2552 4381 2644 4433 τὸν
2704 4378 2962 4451 μέλλοντα
3021 4373 3352 4448 ῥηθήσεσθαι
3405 4373 3583 4441 λόγον,
3640 4372 3819 4435 οὕτως

546 4478 678 4532 ewlo
720 4474 1012 4536 descendit,
1047 4482 1096 4526 et
1126 4476 1436 4525 incarnatus
1488 4479 1584 4536 est,
1658 4480 1707 4524 et
1750 4470 1903 4525 homo
1956 4471 2131 4540 factus

546 4582 645 4627 est.
682 4569 749 4624 Et
780 4569 871 4623 ubi
916 4567 1033 4621 haec
1066 4564 1224 4627 dixit,
1273 4563 1431 4634 quasi
1459 4564 1571 4632 jam
1604 4570 1762 4618 antea
1802 4563 2130 4617 astruxisset

2235 4474 2540 4544 ἀπογυμνοῖ
2580 4470 2675 4524 τοῦ
2715 4471 2847 4523 ἰδίου
2898 4469 3233 4539 βουλήματος
3283 4467 3380 4536 τὴν
3417 4463 3675 4530 διάνοιαν,
3722 4466 3819 4517 καί

2236 4583 2421 4636 φησιν,
2455 4562 2620 4619 οἱονεὶ
2661 4561 3021 4633 προσοικειῶν
3052 4562 3163 4623 τοῖς
3193 4557 3685 4628 ἀποδεδειγμένοις,
3725 4558 3821 4610 οῦς

547 4679 671 4735 quae
708 4677 837 4717 mox
869 4660 1125 4715 dicturus
1150 4663 1287 4722 erat,
1326 4655 1590 4726 propositi
1637 4654 1723 4708 sui
1752 4669 1976 4710 sensum
2022 4653 2113 4709 hat

2232 4632 2341 4721 τοὶς
2367 4655 2509 4710 κατά
2543 4654 2652 4726 (63)
2681 4632 2781 4727 τὴν
2804 4652 2967 4717 λέξιν·
3029 4652 3099 4705 Τὸ
3138 4649 3213 4717 δὴ
3242 4648 3504 4717 Πνεῦμα,
3541 4646 3821 4700 τουτέστι

550 4766 709 4829 pacto
763 4753 961 4824 aperit,
1002 4760 1058 4807 et
1100 4749 1269 4805 veluti
1321 4746 1715 4803 demonstratis
1775 4747 1887 4817 jam
1962 4748 2128 4805 rebus

552 4847 839 4918 sequentia
873 4841 1319 4905 accommodans,
1360 4840 1477 4897 haec
1501 4840 1566 4893 ad
1594 4839 1819 4894 verbum
1852 4841 1964 4894 ait:
2005 4838 2128 4909 Spi-

552 4942 717 4996 ritum
756 4955 905 5001 sane,
960 4937 1057 4990 hoc
1106 4943 1207 4997 est,
1238 4941 1461 4987 mentem
1512 4930 1683 4985 Deum
1735 4931 1929 4985 habens
1972 4930 2128 4986 Chri-

624 5103 715 5158 ¹³1
766 5101 901 5158 Cor.
933 5117 1021 5167 nr,
1048 5102 1105 5155 ‘2.
1182 5097 1381 5153 “ibid.
1412 5097 1468 5150 5.

625 5242 737 5309 (58)
770 5240 925 5296 Corr.
956 5239 1217 5310 adipatum.

626 5306 740 5377 (59)
770 5310 845 5364 Ita
873 5306 1043 5373 corn,
1077 5317 1234 5364 antea
1263 5306 1585 5376 πολυσχεδῆ.

627 5372 740 5449 (60)
772 5382 962 5437 Plures
1006 5381 1244 5450 synodos
1278 5372 1564 5450 adversus
1590 5375 1819 5429 Paulum
1870 5372 2136 5450 §atuo_sa-

558 5443 745 5509 tonum
772 5443 1074 5504 Antiochia:
1122 5450 1337 5504 habitas
1392 5446 1563 5502 fuisse
1594 5454 1828 5501 testatur
1869 5443 2136 5498 Eusebius

558 5526 651 5579 lib.
676 5537 750 5575 vn
780 5521 920 5575 "ist.
947 5520 1072 5576 ecct.
1101 5536 1223 5590 cap.
1249 5520 1321 5574 18
1346 5525 1401 5573 et
1436 5519 1521 5590 i9.

633 5593 744 5660 (61)
776 5591 977 5647 Paulus
1024 5584 1417 5660 Satnosatenus
1453 5587 1732 5660 Christum
1761 5600 1882 5660 non
1919 5599 1949 5637 e
1994 5584 2136 5660 caelo

562 5653 910 5717 descendisse
930 5706 943 5729 ,
973 5669 1027 5717 et
1058 5669 1116 5714 ut
1147 5669 1375 5716 caeteros
1404 5658 1683 5729 homines,
1709 5654 1971 5729 κάτωθεν,
2032 5653 2137 5707 hoc

563 5745 667 5792 est,
709 5751 739 5787 e
784 5725 1136 5786 terra'ortum
1170 5731 1393 5784 (luxisse
1437 5727 1764 5788 affirmabat,
1818 5732 1875 5777 ttt
1918 5725 1971 5776 itt
2007 5739 2138 5791 syn-

568 5803 737 5857 odica:
759 5801 1080 5856 Antiocheui
1103 5800 1320 5855 concilii
1343 5797 1656 5867 fragmentis
1675 5796 1816 5865 apud
1845 5792 2136 5867 Eusebium

569 5874 671 5928 lib.
702 5889 777 5928 vn
838 5871 987 5926 Hist.
1015 5871 1141 5927 eccl.
1184 5888 1233 5928 c.
1280 5870 1376 5937 19,
1412 5863 1660 5941 lcgimtts.
1712 5863 1891 5933 Quare
1928 5863 2017 5921 vel
2060 5865 2135 5917 le-

2232 4750 2341 4805 τὸν
2368 4749 2539 4815 νοῦν,
2581 4748 2730 4802 Θεὸν
2757 4748 2914 4815 ἔχων
2948 4748 2980 4798 ό
3014 4741 3269 4811 Χριστὸς
3293 4742 3443 4811 μετὰ
3474 4738 3684 4809 ψυχῆς
3717 4740 3817 4791 καὶ

2233 4842 2525 4912 σώματος,
2559 4841 2798 4903 εἰκότως
2837 4838 3147 4903 ἅνθρωπος
3174 4833 3243 4898 ἐξ
3269 4830 3526 4901 οὐρανοῦ
3559 4830 3815 4899 λέγεται.

2234 4931 2301 4987 Τί
2334 4930 2510 4985 κοινὸν
2534 4930 2645 5001 ἔχει
2674 4929 2741 4982 τὰ
2773 4925 3039 4999 εἰρημένα
3075 4923 3212 4995 πρὸς
3240 4923 3308 4976 τὰ
3332 4920 3676 4993 προάγοντα;
3710 4918 3818 4972 ποῦ

2270 5231 2469 5286 endam
2506 5230 2596 5287 hic
2630 5238 2716 5285 est
2742 5229 3030 5297 λεγόντων,
3061 5226 3146 5297 vel
3171 5240 3286 5297 vox
3317 5223 3565 5293 λέγοντος
3585 5235 3719 5297 _non
3746 5220 3819 5273 ad

2279 5303 2464 5356 aulum
2492 5292 2911 5355 Samosatenum
2937 5340 2953 5365 ,
2986 5292 3081 5353 sed
3119 5296 3187 5350 ad
3218 5301 3549 5365 postremam
3568 5292 3819 5365 fortasse

2236 5360 2948 5444 synodicarum_adv_ersus
2984 5360 3236 5444 eumdem
3277 5364 3506 5444 [faulum
3549 5360 3818 5444 deﬁnitio-

2237 5433 2389 5504 n'um,
2431 5442 2593 5504 cuius
2626 5440 2893 5496 Eusebius
2926 5437 3192 5500 meminit,
3219 5433 3506 5490 referenda
3541 5440 3647 5504 est.

2309 5497 2421 5581 (ΒΞ)
2475 5497 2753 5581 Nicaenum
2806 5510 3115 5581 symbolum
3174 5497 3338 5581 habet
3380 5504 3556 5581 solum
3594 5497 3820 5581 otism

2237 5573 2512 5655 ἡμετέραν
2544 5580 2818 5652 σωτηρίαν
2838 5573 3166 5655 κατελθόντα
3185 5575 3280 5628 κα)⁴
3304 5573 3683 5655 σαρκωθένἿτα,
3701 5577 3819 5652 tam

2240 5641 2383 5778 ᾖξοά
2415 5641 2738 5715 Socratem,
2774 5666 2938 5723 quam
2974 5650 3030 5704 in
3068 5647 3190 5703 cod.
3238 5641 3512 5700 canonum
3556 5641 3827 5698 Ecclesia

2309 5740 2527 5778 rtcanae.

2238 5726 2527 5780 Africanae.

2313 5796 2420 5867 ((55)
2447 5793 2601 5851 t'lorr.
2645 5788 3240 5867 προαποδεδειγμένοις,
3262 5788 3408 5850 ὅπως
3432 5783 3500 5839 τὰ
3530 5780 3693 5838 κατά.
