4146 6386
394 414 524 472 “il

1552 431 1922 490 ADVERSUS
1954 430 2474 493 APOLLINAREM.

3509 434 3649 491 “32

393 539 547 592 τοῦτο
578 539 612 610 ἡ
656 541 794 595 κατὰ
820 540 913 595 τοῦ
952 544 1327 615 Σαμωσατέως
1360 550 1677 621 ἐδογμάτισε
1712 554 1961 617 σύνοδος;

2067 565 2179 608 slus
2226 574 2333 609 una
2387 573 2507 610 cum
2541 558 2719 610 anima
2753 565 2803 610 et
2841 571 3077 624 corpore,
3100 555 3224 625 jure
3273 559 3457 609 merito
3490 555 3645 611 homo

406 630 544 683 Ἀλλ’
576 630 649 683 ἐῶ
677 631 790 703 (64)
817 633 884 686 τὰ
927 634 1027 703 τῆς
1061 636 1286 709 γνώμης
1318 642 1349 710 ἡ
1361 641 1478 710 μῶν
1509 644 1871 715 πρεσϐύτερα.
1905 647 1969 699 Τί

391 721 631 775 τοιοῦτον
671 723 729 774 ἐν
761 726 871 788 τοῖς
900 726 1042 779 κατὰ
1075 728 1307 782 Νίκαιαν
1344 732 1605 802 δόγμασιν
1645 735 1832 802 ἔδειξε,
1862 738 1970 790 Τὸν

393 811 728 865 καταϐάντα
762 814 829 867 ἐκ
871 812 991 867 τῶν
1028 818 1320 885 οὐρανῶν,
1352 822 1384 889 ἡ
1431 820 1611 885 πίστις
1649 823 1843 890 λέγεινι
1872 824 1969 877 καὶ

395 900 806 969 σαρκωθέντα,
837 905 913 967 ὼς
946 905 1020 976 μὴ
1056 906 1161 978 πρὸ
1201 908 1301 977 τῆς
1336 910 1560 964 καθόδου
1602 913 1838 967 νοεῖσθαι
1870 914 1969 985 τὴν

397 992 595 1061 σάρκα,
624 994 758 1046 ἀλλὰ
801 993 1135 1066 δευτερεύειν
1185 999 1323 1068 μετὰ
1361 1000 1458 1071 τὴν
1492 1002 1750 1068 κάθοδον;
1800 1004 1970 1059 Τοῦτο

396 1082 547 1151 παρὰ
572 1084 790 1137 πάντων
824 1087 881 1137 ἐν
928 1088 1273 1157 Ἐκκλησίαις
1319 1092 1671 1162 κηρύσσεται,
1705 1096 1796 1149 τὸν
1838 1114 1970 1167 σαρ-

396 1171 635 1226 κωθέντα
662 1176 755 1227 καὶ
786 1175 1279 1250 ἐνανθρωπήσαντα
1300 1220 1315 1246 ,
1364 1185 1457 1236 καὶ
1481 1176 1637 1249 οὗτος
1667 1188 1931 1257 ἡμέτερος
1950 1228 1967 1252 ,

398 1263 596 1331 μᾶλλον
623 1265 678 1318 δὲ
698 1266 795 1336 τῆς
833 1267 1157 1341 Ἐκκλησίας
1184 1275 1212 1325 ὀ
1241 1273 1415 1342 λόγος.
1448 1276 1556 1329 Ποῦ
1582 1279 1761 1334 τοίνυν
1783 1281 1840 1333 ἐν
1859 1284 1969 1345 τοῖς

395 1353 702 1424 εἰρημένοις
734 1357 901 1421 ἐστὶν,
937 1359 1017 1412 ὃτι
1044 1361 1105 1414 τὸ
1137 1364 1361 1435 Πνεῦμα
1384 1406 1399 1428 ,
1420 1368 1664 1421 τουτέστι
1702 1371 1794 1424 τὸν
1820 1372 1963 1438 νοῦν,

395 1448 525 1501 Θεὸν
554 1449 691 1519 ἔχων
719 1452 748 1504 ό
776 1453 1007 1522 Χριστὸς
1038 1456 1176 1525 μετὰ
1204 1457 1401 1529 ψυχῆς,
1437 1460 1530 1513 καὶ
1554 1460 1665 1531 (65)
1695 1461 1965 1532 σώματος,

395 1540 453 1604 ἐξ
506 1540 733 1611 ούρανοῦ
779 1543 1063 1615 ἄνθρωπος
1107 1547 1359 1616 λέγεται;
1404 1548 1529 1603 Εἴτε
1574 1552 1682 1623 γὰρ
1730 1554 1823 1606 ἐπὶ
1868 1555 1967 1624 τῆς

393 1629 587 1694 λέξεως
626 1631 785 1703 ψιλῆς
818 1634 1088 1700 ἐξετάζοις
1114 1638 1205 1689 τὸν
1242 1638 1419 1707 λόγον,
1447 1643 1557 1696 εἴτε
1604 1643 1697 1696 καὶ
1722 1646 1819 1714 τὴν
1859 1644 1967 1697 τῶν

392 1723 697 1792 εἰρημένων
736 1725 1007 1791 διάνοιαν,
1041 1729 1096 1781 ἐν
1128 1729 1396 1802 οὐθετέρῳ
1445 1734 1505 1786 τὸ
1534 1735 1696 1805 ῥηθὲν
1739 1737 1965 1809 εὑρεθήο

394 1830 566 1866 σεται.
606 1815 669 1868 Ἦ
698 1816 798 1886 μὲν
825 1816 931 1889 γὰρ
960 1818 1103 1885 λέξις
1141 1822 1391 1876 τοσοῦτον
1419 1826 1612 1897 ἀπέχει
1640 1828 1739 1898 τῆς
1771 1830 1967 1895 λέξεως

2071 662 2098 699 e
2139 647 2264 700 creto
2299 654 2501 701 veniens
2548 649 2767 702 dicitur.
2799 648 2940 714 Quid
2971 648 3087 703 haec
3142 647 3287 701 dicta
3329 663 3455 701 cum
3508 663 3645 715 prte-

2071 738 2387 794 cedentibus
2430 756 2721 795 commune
2784 740 3035 794 habent?
3078 736 3311 794 Ubinam
3365 740 3471 795 hoc
3516 756 3648 795 con—

2072 840 2289 899 gregata
2331 831 2592 886 adversus
2631 830 3048 886 Samosatenum
3089 830 3332 900 synodus
3363 831 3650 885 deﬁnivit?

2073 918 2177 974 Sed
2227 936 2347 990 qua:
2402 922 2548 975 circa
2599 934 2843 977 nostrum
2876 922 3071 991 dogma
3127 920 3428 975 vetustiora
3484 932 3643 984 sunt,

2071 1012 2412 1067 omittamus.
2474 1012 2745 1079 Quidnam
2780 1014 2885 1068 tale
2913 1015 3077 1067 verba
3109 1011 3233 1077 illa,
3269 1011 3373 1077 Qui
3416 1010 3480 1065 de
3511 1013 3644 1067 cwlo

2068 1105 2358 1171 descendit,
2404 1116 2453 1160 et
2500 1108 2806 1161 incarnatus
2836 1116 2944 1170 est,
2981 1106 3036 1159 in
3066 1104 3269 1160 Nicasni
3302 1105 3521 1159 concilii
3549 1106 3647 1159 do-

2070 1196 2343 1264 gmatibus
2398 1196 2709 1266 signiﬁcare
2765 1195 2902 1251 ﬁdes
2929 1194 3203 1261 ostendit,
3258 1195 3365 1249 nisi
3404 1195 3549 1264 quod
3589 1204 3648 1248 ut

2070 1299 2180 1338 non
2215 1294 2343 1339 ante
2376 1283 2497 1339 Filii
2530 1301 2561 1341 e
2584 1286 2725 1341 coelo
2746 1286 3070 1342 descensum
3093 1300 3314 1340 carnem
3344 1286 3646 1344 exstitisse.

2070 1375 2164 1431 sed
2222 1379 2583 1444 posteriorem
2636 1377 2827 1432 eodem
2858 1378 3128 1433 descensu
3180 1392 3305 1433 esse
3370 1375 3649 1446 intelliga-

2069 1469 2233 1522 mus?
2260 1467 2374 1524 Hoc
2434 1470 2490 1523 in
2531 1468 2795 1525 Ecclesiis
2852 1469 2922 1525 ab
2964 1469 3221 1523 omnibus
3276 1468 3606 1538 praedicatur
3631 1507 3647 1530 ,

2070 1558 2410 1613 incarnatum
2440 1575 2634 1629 nempe
2662 1570 2716 1615 et
2747 1560 3023 1614 hominem
3048 1559 3252 1615 factum
3288 1559 3458 1615 fuisse
3487 1560 3649 1614 Chri-

2069 1661 2242 1718 stum;
2286 1661 2340 1706 et
2390 1651 2479 1706 hic
2529 1661 2741 1716 noster,
2796 1653 2911 1707 imo
2968 1654 3150 1724 potius
3176 1652 3436 1707 Ecclesiae
3469 1668 3650 1707 sermo

2067 1751 2169 1797 est.
2235 1739 2461 1796 Ubinam
2524 1742 2691 1812 igitur
2765 1742 2820 1797 in
2901 1743 3066 1799 dictis
3149 1743 3371 1800 concilii
3444 1741 3650 1797 Nicrrni

2070 1833 2413 1903 dogmatibus
2450 1835 2740 1904 reperitur,
2798 1835 3089 1904 spiritum,
3124 1834 3228 1890 boc
3256 1844 3361 1901 est,
3411 1843 3647 1889 mentem

391 1905 513 1996 καθ’
542 1907 665 1961 ὅσον
696 1909 956 1979 ἀπέχουσι
976 1950 989 1973 ,
1018 1912 1307 1983 ψαλμικῶς
1335 1894 1964 1981 είπεῖνξάνατολαιάπὸ

2078 1924 2271 1988 Deum,
2333 1941 2441 1979 una
2477 1940 2601 1979 cum
2677 1925 2859 1980 anime
2942 1933 2993 1980 et
3065 1941 3299 1996 corpore
3359 1925 3648 1980 habentem

348 2017 360 2031 ι
387 1995 627 2065 δυσμῶψ
661 2000 693 2068 ἡ
729 2000 785 2052 δὲ
817 2001 1024 2056 διάνοια
1051 2004 1157 2059 τῶν
1192 2008 1494 2078 εἰρημένων
1536 2010 1587 2061 τί
1620 2013 1796 2066 κοινὸν
1832 2016 1968 2085 πρὸς

388 2086 457 2138 τὰ
483 2088 549 2141 δι’
576 2090 789 2162 ἐκείνης
816 2093 1117 2165 δηλούμενα
1155 2098 1425 2165 δείκνυσι;
1466 2102 1632 2170 Φησὶν
1664 2097 1817 2169 οὗτος
1836 2147 1850 2169 ,
1878 2107 1969 2160 τὸν

391 2181 742 2249 σαρκωθέντα
774 2188 838 2256 τῇ
879 2186 1186 2260 ἀνθρωπίνῃ
1228 2193 1392 2263 σαρκὶ
1430 2196 1661 2265 Χριστὸν
1699 2201 1757 2251 ἐν
1790 2199 1970 2271 ἑαυτῷ

387 2272 539 2334 Θεὸν,
568 2272 629 2325 τὸ
670 2276 878 2347 πνεῦμα
897 2317 911 2341 ,
938 2281 1184 2333 τουτέστι
1210 2282 1300 2337 τὸν
1334 2284 1477 2350 νοῦν,
1511 2288 1654 2358 ἔχειν
1680 2307 1694 2320 ·
1735 2291 1881 2359 λέγει
1911 2294 1969 2346 δὲ

386 2363 541 2416 τοῦτο
562 2367 590 2418 ὁ
619 2368 854 2423 κελεύων
883 2372 1063 2426 ἔνθεον
1086 2375 1197 2443 (66)
1228 2378 1516 2451 ἄνθρωπον
1554 2382 1627 2452 μὴ
1656 2383 1833 2452 λέγειν
1877 2385 1969 2439 τὸν

387 2456 638 2549 Χριστὸν,
672 2459 805 2513 Θεὸν
843 2462 1033 2533 ἔχοντα
1056 2468 1112 2519 ἐν
1139 2470 1348 2541 ἐαυτῷ,
1388 2472 1464 2536 ὼς
1493 2474 1650 2527 ἄλλον
1697 2478 1756 2529 ἐν
1799 2478 1964 2549 ἄλλῳ,

386 2546 545 2639 αὑτὸς
566 2548 671 2616 πρὸ
695 2549 800 2603 τῶν
827 2552 998 2605 ἄλλων
1019 2556 1176 2610 τοῦτο
1209 2564 1650 2628 κατασκευάζων.
1695 2567 1759 2619 Ἠ
1783 2568 1840 2619 δὲ
1869 2546 1967 2639 τῆς

389 2637 603 2691 συνόδου
637 2642 807 2712 φωνὴ,
866 2646 975 2697 Τὸν
1006 2647 1075 2710 ἐξ
1114 2650 1375 2716 οὐρανοῦ
1405 2654 1761 2720 καταϐάντα,
1794 2637 1963 2727 λέγει.

386 2727 592 2785 Νοείτω
621 2733 717 2803 μὲν
742 2730 834 2788 οὖν
859 2738 887 2788 ὀ
911 2738 1074 2802 πολὺς
1108 2742 1201 2793 καὶ
1223 2744 1479 2815 ἀκέραιος
1511 2748 1609 2818 τὴν
1639 2751 1702 2802 ἐκ
1741 2750 1849 2807 τῶν
1878 2753 1967 2805 οὑ-

388 2822 566 2890 ρανῶν
590 2825 722 2896 πρὸς
747 2828 893 2896 ἡμᾶς
925 2830 1169 2885 κάθοδον·
1197 2835 1348 2889 οὐδὲν
1370 2837 1478 2907 γὰρ
1503 2840 1639 2908 πρὸς
1664 2841 1761 2913 τὴν
1789 2843 1967 2897 τοιαύ-

385 2928 484 3005 την
515 2914 779 2986 ὑπόληψιν
806 2918 1136 2992 διοισόμεθα,
1161 2925 1264 2978 κᾶν
1296 2926 1630 3001 ὑψηλοτέραν
1663 2937 1692 2986 ὁ
1720 2934 1844 2998 νοῦς
1868 2937 1965 3005 ἐμ-

387 3004 550 3074 φαίνῃ
582 3006 817 3061 διάνοιαν
849 3012 980 3081 (67),
1024 3015 1099 3085 μὴ
1136 3018 1373 3082 τοπικῶς
1406 3020 1577 3088 λέγων
1615 3004 1964 3081 καταϐαίνειν

384 3097 445 3149 τὸ
496 3098 668 3162 Θεῖον,
717 3105 991 3174 πανταχοῦ
1030 3106 1109 3172 ὃν,
1167 3112 1259 3162 καὶ
1313 3114 1802 3185 περιδεδραγμένον
1852 3121 1964 3173 τῶν

2069 2014 2369 2081 Christum,
2427 2014 2551 2084 jure
2591 2017 2787 2071 merito
2856 2016 3162 2071 venientem
3210 2032 3241 2071 e
3300 2016 3441 2071 coelo
3475 2018 3650 2071 bomi-

2071 2123 2193 2162 nem
2225 2109 2456 2163 vocari?
2494 2107 2622 2163 Sive
2672 2108 2841 2172 enim,
2876 2116 3038 2178 prout
3071 2109 3216 2162 nuda
3240 2109 3405 2163 verba
3429 2117 3649 2172 sonant,

2072 2199 2213 2254 hanc
2244 2200 2580 2268 Apollinaris
2610 2201 2936 2255 sententiam
2968 2200 3268 2263 examines,
3305 2200 3422 2254 sive
3466 2200 3521 2253 in
3551 2216 3650 2255 eo-

2070 2291 2318 2345 rnmdem
2367 2306 2589 2347 sensum
2621 2292 2903 2361 inquiras,
2943 2300 3139 2345 neutro
3194 2290 3358 2345 modo
3405 2291 3456 2346 id
3501 2292 3649 2361 quod

2070 2382 2188 2451 ipse
2241 2382 2425 2435 animo
2472 2381 2741 2444 intendit,
2786 2381 2842 2434 in
2897 2380 3003 2434 illis
3044 2381 3236 2451 synodi
3283 2381 3467 2435 verbis
3500 2381 3653 2436 inve-

2067 2474 2204 2527 nies.
2238 2470 2411 2525 Verba
2442 2471 2585 2525 enim
2619 2470 2809 2540 synodi
2851 2470 2921 2524 ab
2952 2470 3286 2540 Apollinaris
3319 2471 3501 2526 verbis
3532 2478 3653 2524 tan—

2068 2572 2183 2617 tum
2209 2562 2469 2617 diﬂ‘erunt
2493 2571 2780 2632 quantum,
2819 2569 2879 2614 ut
2914 2559 3255 2617 Psalmorum
3295 2562 3459 2617 verba
3494 2577 3653 2616 usur-

2066 2671 2213 2725 pem,
2240 2654 2426 2709 oriens
2453 2653 2623 2708 distat
2655 2654 2723 2708 ab
2765 2653 3051 2708 occidente
3073 2653 3139 2717 ²⁸;
3170 2652 3486 2708 eorumdem
3522 2668 3652 2717 vero

2066 2763 2262 2803 sensus
2305 2746 2565 2817 quidnam
2612 2761 2901 2801 commune
2958 2762 3085 2801 cum
3138 2744 3224 2801 bis
3274 2760 3395 2816 qua:
3456 2746 3650 2815 synodi

2065 2839 2229 2893 verba
2258 2854 2368 2908 prae
2394 2855 2453 2893 se
2486 2837 2687 2901 ferunt,
2710 2838 3008 2907 exprimit?
3038 2837 3132 2890 Ait
3165 2837 3276 2900 hic,
3308 2837 3654 2890 incarnalunt

2066 2931 2309 2985 humana
2361 2946 2528 2985 carne
2580 2930 2861 2985 Christum
2915 2931 2965 2983 in
3002 2946 3061 2984 se
3099 2931 3217 2998 ipso
3246 2927 3411 2982 Deum
3446 2927 3649 2981 habere

2064 3025 2156 3095 qni
2190 3024 2310 3094 ejus
2343 3022 2591 3092 spiritus,
2640 3023 2741 3075 hoc
2793 3030 2898 3083 est,
2934 3037 3088 3076 mens
3120 3021 3392 3086 exsiStat;
3443 3031 3497 3076 et
3531 3022 3647 3075 haec

2066 3119 2157 3172 ille
2187 3117 2328 3171 idem
2376 3115 2574 3169 asserit
2618 3114 2711 3184 qui
2742 3112 2989 3167 divinum
3040 3114 3314 3167 houninein
3361 3112 3646 3167 Christum

384 3188 570 3241 ὄντων·
603 3191 736 3245 ἀλλὰ
767 3194 865 3266 τὴν
898 3197 1033 3266 πρὸς
1059 3199 1119 3251 τὸ
1147 3202 1399 3255 ταπεινὸν
1417 3204 1517 3273 τῆς
1548 3205 1762 3273 φύσεως
1791 3210 1950 3280 μῶν

2065 3210 2170 3265 dici
2196 3216 2358 3271 vetat,
2408 3217 2463 3263 et
2501 3207 2748 3263 eumdem
2775 3207 3058 3261 Christum
3117 3205 3172 3259 in
3216 3221 3277 3261 se
3315 3207 3433 3275 ipso
3481 3205 3645 3259 Deum

385 3282 709 3353 παραδηλῶν
746 3289 1168 3355 συγωτάὸασιν·
1202 3292 1340 3365 πλὴν
1366 3295 1514 3360 ὅπως
1542 3298 1607 3351 ἂν
1709 3302 1859 3369 φίλον
1885 3303 1963 3374 τῷ

385 3372 692 3445 βουλομένῳ
734 3377 980 3447 δέχεσθαι
1011 3380 1125 3451 (68)
1168 3385 1268 3453 τὴν
1299 3386 1542 3452 κάθοδον,
1594 3391 1702 3444 Τὸν
1735 3372 1962 3463 capute-

385 3464 563 3517 θέντα
593 3467 752 3519 πάλιν
789 3470 818 3519 ὁ
855 3474 952 3540 τῆς
986 3473 1205 3526 συνόδου
1250 3475 1405 3543 λόγος
1445 3481 1579 3551 φησὶ
1602 3521 1617 3545 ,
1646 3482 1825 3545 καλῶς
1867 3490 1962 3538 καὶ

382 3553 538 3606 τοῦτο
579 3555 767 3622 λέγων·
806 3557 921 3621 πῶς
962 3561 1069 3630 γὰρ
1099 3561 1166 3614 ἂν
1199 3565 1523 3637 οἰκειότερον
1556 3571 1653 3639 τὴν
1681 3572 1745 3625 ἐκ
1775 3590 1963 3641 γυναι-

384 3645 477 3705 κξς
508 3646 816 3715 ἡρμήνευσε
848 3648 1097 3720 γέννησιν
1119 3653 1238 3720 λυὺ
1270 3653 1397 3724 γὰρ,
1496 3657 1628 3723 Θεός
1664 3662 1833 3725 ἐστιν,
1865 3666 1962 3718 αὑ-

383 3735 472 3825 τὸς
506 3736 623 3788 καθ’
662 3738 851 3790 ἑαυτὸν
881 3741 943 3792 ἐκ
985 3743 1241 3807 γυναικὸς
1280 3746 1560 3818 ἐγεννήθη.
1602 3751 1661 3802 '0
1703 3753 1810 3823 γὰρ
1855 3756 1962 3825 πρὸ

381 3823 481 3891 τῆς
506 3825 732 3890 κτίσεως
762 3826 856 3889 ὢν,
886 3829 947 3881 τὸ
975 3830 1063 3883 διὰ
1096 3833 1299 3902 σαρκὸς
1330 3837 1711 3907 γεγεννῆσθαι,
1743 3843 1874 3895 αὑτὸ
1902 3823 1960 3897 τὸ

382 3910 523 3967 εἶναι
565 3917 663 3969 οὑκ
706 3918 1011 3989 ἐπιδέχεται
1056 3922 1188 3992 (69)*
1226 3925 1362 3978 ἀλλὰ
1398 3927 1478 3997 τῷ
1509 3929 1648 4000 ἁγίῳ
1680 3934 1957 4004 Πνεύματι

383 4008 805 4077 προοδοποιῆσας
842 4006 951 4081 τῆν’
972 4016 1069 4083 τῆς
1116 4015 1250 4079 ἰδίας
1288 4016 1569 4087 δυνάμεως
1607 4022 1829 4089 εἴσοδον,
1864 4027 1957 4079 καὶ

385 4097 547 4167 μηδὲν
573 4099 670 4170 τῆς
696 4099 883 4171 ὑλικῆς
912 4103 1166 4173 ἀφορμῆς
1204 4106 1339 4176 πρὸς
1367 4108 1465 4179 τὴν
1496 4116 1837 4186 κατασκευὴν
1863 4118 1955 4170 τοῦ

380 4188 581 4242 οἰκείου
610 4192 840 4261 σκήνους
866 4195 1234 4267 προσδεηθεὶς,
1268 4200 1406 4255 κατὰ
1427 4202 1486 4255 τὸ
1512 4205 1797 4276 εἰρημένον
1831 4212 1956 4280 περὶ

379 4280 479 4350 τῆς
509 4283 738 4350 Σοφίας,
799 4284 1022 4352 Ἐαυτῷ
1056 4289 1441 4359 ᾠκοδόμησεν
1484 4292 1651 4351 οἷκον
1679 4299 1812 4369 (70),
1864 4304 1955 4355 τὸν

380 4374 446 4424 ἐκ
470 4374 566 4443 τῆς
592 4376 864 4449 Παρθένου
908 4378 1033 4448 χοῦν
1069 4381 1575 4457 ἅνθρωποποιήσας,
1605 4390 1671 4443 δι’
1714 4386 1775 4445 οὗ
1828 4411 1951 4447 συν-

380 4465 587 4538 εκράθη
628 4470 765 4538 πρὸς
786 4471 845 4524 τὸ
870 4471 1228 4543 ἀνθρώπινον.

2066 3304 2287 3368 habere,
2332 3311 2586 3371 tanquam
2657 3299 2822 3352 alium
2867 3300 2921 3351 in
2971 3298 3101 3363 alio,
3156 3299 3367 3368 primus
3403 3295 3647 3350 omnium

2064 3403 2297 3449 conatur
2341 3402 2593 3447 astruere
2638 3409 2651 3443 :
2705 3391 2899 3461 synodi
2974 3406 3103 3444 vero
3155 3404 3261 3443 vox
3320 3389 3416 3449 ait,
3454 3387 3559 3453 Qui
3587 3388 3659 3440 de

2064 3490 2193 3542 caelo
2220 3485 2512 3539 descendit.
2548 3482 2819 3550 lnlclligat
2864 3482 3048 3552 itaque
3093 3481 3327 3535 eximius
3357 3480 3446 3533 hic
3477 3490 3642 3548 atque

2064 3581 2317 3635 sincerus
2364 3578 2447 3631 vir
2491 3575 2701 3630 Christi
2742 3590 2774 3630 e
2812 3575 2953 3629 coelo
2980 3572 3067 3627 uad
3129 3586 3232 3627 nos
3276 3570 3648 3634 descensum;

2062 3673 2116 3726 in
2145 3672 2294 3726 nullo
2314 3671 2459 3724 enim
2497 3670 2643 3724 circa
2679 3668 2781 3723 hoc
2806 3667 2874 3720 ad
2921 3666 3152 3720 invicem
3191 3661 3647 3731 discrepabimus.

2060 3761 2314 3831 quamvis
2357 3759 2667 3813 sublimiori
2726 3772 2892 3811 sensu
2943 3756 3057 3808 haec
3101 3751 3452 3823 intelligenda
3514 3753 3651 3813 sint.

2061 3869 2172 3907 non
2217 3851 2377 3920 quasi
2419 3850 2762 3904 divinitatem
2816 3862 2938 3916 quae
2987 3845 3187 3914 ubique
3232 3854 3316 3898 est
3347 3851 3402 3897 et
3446 3854 3651 3896 cuncta

2059 3956 2242 4000 creata
2274 3945 2540 4009 continet,
2570 3942 2814 3997 localiter
2845 3940 2910 3993 ad
2962 3954 3063 3994 nos
3098 3936 3451 3992 descendisse
3473 3936 3644 3996 dicat,

2059 4039 2153 4093 sed
2200 4037 2345 4107 quod
2379 4053 2443 4091 eo
2475 4034 2732 4104 loquendi
2763 4033 2924 4087 modo
2959 4029 3055 4085 Det
3099 4029 3168 4083 ad
3198 4038 3402 4083 nostra:
3434 4040 3642 4081 natura:

2059 4126 2423 4181 humilitatem
2471 4122 2867 4179 condescensio
2926 4119 3286 4191 signilicetur.
3340 4117 3445 4171 Sed
3505 4133 3647 4186 quo-

2057 4234 2274 4289 cunque
2321 4216 2481 4272 modo
2543 4216 2668 4284 quis
2736 4214 2970 4269 voluerit
3018 4210 3432 4267 descensionem
3488 4209 3648 4264 istam

2058 4312 2336 4381 accipere,
2399 4307 2593 4380 synodi
2645 4313 2829 4360 textus
2885 4303 3204 4373 subjungit,
3236 4301 3342 4368 Qui
3388 4301 3640 4353 iitcarna-a

2056 4416 2141 4458 tus
2178 4413 2288 4464 est,
2340 4400 2566 4470 pulchre
2602 4409 2654 4452 et
2698 4398 2801 4451 hoc
2860 4397 3036 4465 ipsum
3078 4410 3371 4460 asserens;
3411 4407 3645 4462 quonam

2054 4498 2198 4552 enim
2256 4503 2414 4563 pacto
2447 4491 2620 4560 magis
2668 4488 2887 4558 proprie
2938 4487 3286 4539 nativitatem
3320 4501 3388 4539 ex
3420 4484 3647 4537 muliere

380 4554 735 4660 inlfgrprelaia
756 4564 939 4617 esse”
974 4563 1090 4619 N0"
1119 4568 1286 4660 θῐδίῖηξ
1325 4581 1485 4640 ριόιιι
1521 4574 1661 4633 Deus
1701 4591 1807 4648 est,
1858 4586 1975 4656 ipse
2009 4604 2105 4660 per
2146 4554 2496 4653 semetipsum
2523 4554 2591 4636 ex
2634 4554 2863 4634 muliere
2913 4578 3131 4648 genitus
3162 4582 3289 4642 est;
3365 4591 3491 4631 nam
3549 4575 3643 4644 qui

376 4655 505 4698 ante
565 4655 872 4746 creatarum
901 4666 1078 4705 rerum
1140 4657 1505 4714 conditionem
1555 4655 1889 4737 exsistebat,
1934 4655 2030 4746 pei-
2068 4675 2252 4732 carnis
2310 4671 2647 4726 nativitatem
2704 4684 2809 4721 non
2864 4666 3032 4735 coepit
3078 4680 3231 4727 esse;
3301 4664 3398 4720 sed
3438 4662 3643 4734 Spiritu

376 4747 582 4833 sancto.
596 4738 737 4792 viam
766 4739 833 4793 ad
861 4741 1033 4810 ipsius
1060 4744 1279 4802 virtutis
1308 4750 1611 4820 ingressum
1642 4738 1981 4832 praeparans,
2020 4780 2074 4823 et
2106 4765 2352 4821 materiae
2385 4761 2632 4817 subsidio
2666 4760 2733 4814 ad
2781 4759 2985 4829 proprii
3028 4758 3324 4812 habitaculi
3390 4767 3647 4811 constru-

375 4833 615 4889 ctionem
669 4834 804 4933 nihil
851 4834 1119 4907 indigens,
1160 4840 1315 4910 juxta
1370 4847 1501 4901 illud
1555 4853 1700 4919 quod
1768 4857 1837 4913 de
1904 4861 2188 4933 Sapientia
2253 4859 2474 4923 dicitur,
2536 4854 2852 4923 AE'di/icavit
2935 4853 3248 4921 sibimetipsi
3323 4851 3540 4904 domum
3573 4852 3638 4916 ‘6.

376 4940 579 4984 terram
608 4946 675 4986 ex
706 4930 948 5003 Virginis
973 4942 1130 4989 utero
1158 4950 1457 5009 acceptam,
1510 4962 1605 5013 per
1638 4965 1801 5019 quam
1824 4970 1948 5009 cum
1982 4930 2325 5012 humanitate
2354 4953 2678 5009 comminus
2719 4950 2841 5013 fuit,
2869 4947 2922 5000 in
2951 4946 3224 4999 hominem
3248 4943 3568 4997 cll‘ormans.

452 5022 558 5114 Ποῦ
584 5023 762 5114 τοίνυν
783 5024 843 5077 ἐν
866 5026 1072 5091 τούτοις
1100 5031 1263 5099 φησὶν
1282 5034 1310 5085 ὁ
1332 5033 1506 5103 λόγος,
1526 5040 1660 5112 ὅπερ
1685 5044 1763 5114 τῷ
1795 5046 1955 5101 Ἀπο-

2124 5048 2190 5103 Χ.
2221 5046 2455 5103 Ubinam
2512 5044 2681 5114 igitur
2734 5043 2788 5095 in
2848 5039 2933 5093 his
2980 5037 3163 5091 verbis
3214 5035 3408 5107 synodi
3463 5051 3644 5104 sermo

376 5113 603 5183 λιναρίῳ
632 5113 805 5175 δοκεῖ,
838 5114 910 5166 Τὸ
952 5116 1187 5186 πνεῦμα,
1232 5124 1477 5178 τουτέστι
1516 5128 1607 5181 τὸν
1649 5113 1795 5197 νοῦν,
1824 5135 1956 5190 Θεὸν

2064 5139 2286 5204 asserit,
2327 5135 2470 5207 quod
2503 5113 2839 5203 Apollinaris
2866 5138 3076 5190 censet,
3123 5141 3317 5194 nempe
3347 5124 3602 5193 spiritum
3624 5165 3641 5190 ,

377 5206 516 5276 ἒχων
543 5209 572 5259 ό
600 5207 830 5277 Χριστὸς
865 5211 999 5277 μετὰ
1023 5209 1201 5281 ψυχῆς
1224 5214 1314 5267 καὶ
1346 5217 1616 5291 σώματος,
1642 5225 1867 5292 εἰκότως
1898 5228 1958 5294 ἐξ

2064 5229 2171 5284 hoc
2196 5236 2286 5284 est
2316 5206 2554 5282 mentem
2583 5223 2753 5279 Deum
2774 5262 2790 5287 ,
2825 5234 2933 5275 una
2963 5233 3087 5272 cum
3118 5217 3295 5270 anima
3326 5225 3487 5285 atque
3515 5231 3642 5271 cor.-

452 5362 491 5392 ¹⁸
524 5359 667 5417 Psal.
700 5376 794 5425 cu,
828 5362 912 5417 l2.
991 5363 1035 5395 "
1060 5363 1217 5422 Prov.
1243 5383 1319 5436 Ix,
1346 5373 1397 5426 l.

450 5520 560 5588 (64)
588 5519 663 5574 Ita
692 5538 863 5586 corn,
890 5532 1049 5579 antea
1076 5525 1158 5578 ἔα.

450 5592 562 5665 ((ᾓ)
598 5591 753 5665 Corr.
794 5595 971 5665 ψυχῆς
992 5613 1049 5648 τε
1081 5597 1193 5650 καί.

445 5660 562 5801 (66)
598 5660 731 5716 Vide
761 5660 944 5732 supra.

449 5732 537 5797 (67
587 5730 792 5786 Similia
831 5735 944 5789 habt

440 5730 559 5810 (67)
587 5730 792 5810 Signina
831 5730 987 5790 habet
1018 5734 1295 5808 Nysscnus
1344 5740 1396 5796 in
1442 5748 1581 5797 orat.
1634 5739 1710 5797 De
1754 5743 1947 5799 deitate

378 5797 511 5853 Filii
541 5797 595 5856 et
633 5802 863 5867 Spiritus
897 5797 1087 5863 sancti:

448 5874 557 5944 (68)
588 5874 740 5931 Corr.
771 5874 1026 5945 δεχέσθω.

2122 5533 2236 5605 (69)
2267 5533 2323 5587 In
2359 5530 2482 5605 γει.
2509 5532 2630 5586 cod.
2666 5532 2947 5605 scribitur,
2989 5532 3065 5586 uti
3092 5531 3295 5605 editum
3330 5540 3440 5605 est.
3472 5532 3636 5589 Carr.

2051 5601 2228 5659 tamen
2261 5603 2520 5671 antiquus
2542 5604 2850 5673 emendavit
2886 5604 2987 5657 hoc
3017 5612 3175 5673 pacto
3204 5601 3414 5673 τοῦδιὰ
3443 5605 3642 5673 σαρκὸς

2047 5673 2374 5755 ⁸(εγενῆσθαι
2396 5669 2537 5754 αὐτὸ
2565 5669 2790 5755 ξδεῖναι
2824 5675 2924 5755 οὑκ
2959 5669 3232 5755 ἐπέχεται.
3291 5672 3401 5755 sed
3458 5669 3641 5755 legen-

2048 5746 2177 5799 dum
2211 5741 2424 5815 videtur
2461 5744 2538 5812 τῷ
2567 5742 2654 5796 διὰ
2687 5744 2888 5815 σακρὸς
2917 5741 3241 5815 γεγενῆσθαι
3283 5744 3414 5797 αὑτὸ
3459 5741 3541 5799 τί
3558 5741 3641 5802 εῖ-

2049 5832 2134 5868 ναι
2157 5816 2255 5865 οὑκ
2279 5813 2604 5883 ἐπιδέχεται.

2120 5885 2230 5953 (ῑυ)
2267 5880 2439 5940 (ὲοηξ
2452 5880 2548 5937 ’τὸν
2585 5880 2749 5939 οἷκον.
