4146 6386
498 404 638 463 1H?-

1740 422 1796 477 S.
1838 424 2163 485 Glll‘ICORll
2202 431 2497 489 NYSSENI

3628 439 3769 494 HM

497 544 630 597 pore
662 530 954 587 habentem
982 532 1259 591 Christum
1281 537 1406 604 iure
1435 540 1632 597 merito
1660 546 1939 600 cmlestem
1973 549 2072 603 ho-

2180 554 2405 625 ούρανοῦ
2442 558 2724 630 ἄνθρωπος
2766 561 3017 631 λέγε-,ταις
3053 564 3117 617 Εἰ
3151 564 3249 633 μὲν
3289 563 3397 635 γὰρ
3430 561 3605 628 ἔξεστι
3639 563 3763 615 κατ’

498 625 700 674 minem
734 625 967 678 vocari?
1000 624 1056 680 Si
1095 630 1240 683 enim
1283 631 1384 700 ipsi
1427 632 1509 687 fas
1545 642 1629 690 est
1669 651 1768 702 pro
1808 638 1967 693 libitu
2004 642 2069 696 ad

496 727 561 765 ea
595 728 716 781 qua:
744 714 848 769 sibi
882 717 998 769 visa
1031 716 1237 774 fuerint
1262 722 1449 777 divina
1479 726 1697 795 eloquia
1726 732 2067 798 pertrahere.

497 810 581 866 et,
637 806 975 861 somniorum
1031 810 1390 882 interpretum
1446 832 1634 880 more,
1684 837 2073 893 quamcunque

496 895 734 949 voluerit
769 899 1224 960 signiﬁcationem
1256 907 1431 961 sacris
1465 906 1694 977 Scriptis
1730 921 1938 982 aptare,
1973 916 2073 970 hos

500 986 752 1055 aliosque
806 990 893 1045 his
946 993 1157 1049 similes
1214 1013 1411 1053 sensus
1464 999 1667 1057 divinis
1724 1005 2073 1061 sermonibus

501 1078 762 1135 ascribat.
796 1079 853 1134 Si
888 1097 1020 1137 vero
1074 1086 1242 1140 aniles
1290 1088 1503 1155 fabulas
1526 1102 1573 1145 et
1611 1093 1866 1160 profanas
1891 1113 2073 1149 vocum

501 1170 760 1224 novitates
819 1174 1150 1232 omnimodis
1184 1180 1399 1248 explodi
1435 1191 1689 1251 oportere
1724 1185 1800 1238 ait
1830 1188 2071 1256 Aposto-

502 1259 589 1314 lus
617 1261 680 1325 ’⁷,
711 1279 819 1318 non
852 1276 934 1320 est
965 1267 1066 1336 ipsi
1104 1272 1525 1338 permittendum
1554 1289 1618 1329 ea
1651 1276 1815 1330 simul
1843 1278 2075 1348 iungere

500 1369 623 1421 qua:
647 1355 787 1410 inter
819 1373 878 1411 se
903 1358 1212 1427 dissident,
1234 1370 1288 1417 et
1313 1364 1541 1419 invicem
1572 1382 1905 1437 componere
1958 1387 2075 1441 qua:

501 1446 943 1501 communionem
980 1465 1163 1504 secum
1202 1452 1405 1509 habere
1440 1472 1547 1510 non
1585 1468 1842 1528 possunt.
1881 1460 1987 1515 Sed
2020 1472 2075 1518 et

502 1534 809 1591 rationibus
858 1538 1002 1603 illis,
1045 1542 1246 1610 quibus
1289 1559 1387 1598 sua
1426 1545 1571 1601 dicta
1608 1549 1832 1606 uberius
1865 1553 2072 1607 conﬁr-

504 1640 654 1680 mare
707 1637 960 1695 conatur,
984 1633 1145 1688 nobis
1198 1633 1266 1688 ad
1321 1637 1525 1693 suimet
1576 1638 1754 1708 ipsius
1802 1641 2074 1713 dogmatis

504 1718 917 1777 subversionem
965 1725 1231 1779 auxilium
1274 1727 1458 1796 potius
1502 1745 1772 1802 Opemque
1816 1736 2075 1804 suppedi-

502 1815 629 1862 tat:
666 1810 742 1863 ait
788 1812 933 1865 enim
975 1812 1203 1868 Paulum
1248 1830 1470 1887 quoque
1511 1821 1751 1890 primum
1797 1823 2071 1881 hominem

2180 645 2428 711 ἐξουσίαν
2457 650 2608 721 αὐτῷ
2643 653 2778 723 πρὸς
2813 653 2873 706 τὸ
2903 654 3095 708 δοκοῦν
3127 656 3305 709 ἕλκειν
3338 653 3407 708 τὰ
3436 654 3555 708 θεῖα
3581 654 3763 721 λόγια,

2179 739 2273 791 καὶ
2300 741 2439 794 κατὰ
2463 744 2587 806 τοὺς
2606 744 2713 797 τῶν
2739 745 2963 818 ὀνείρων
2988 747 3308 818 ὑποκριτὰς,
3333 747 3471 818 ὅπερ
3493 746 3557 800 ἂν
3579 745 3761 816 ἐθέλῃ,

2178 831 2334 885 τοῦτο
2366 832 2442 903 τῷ
2481 836 2767 906 γράμματι
2801 838 3204 908 προσαρμόζειν
3244 838 3305 892 τὸ
3338 838 3543 907 νόημα,
3590 836 3768 890 ταῦτα

2181 927 2274 977 καὶ
2301 924 2370 977 τὰ
2410 926 2633 979 τοιαῦτα
2674 930 2786 989 τοῖς
2814 929 2981 993 θείοις
3010 930 3188 997 λόγοις
3231 927 3606 999 ἐπιφημιζέτω
3633 927 3763 995 νοή-

2182 1033 2347 1085 ματα.
2379 1018 2441 1070 Εἰ
2468 1017 2522 1070 δέ
2552 1020 2676 1081 τοὺς
2718 1019 3000 1091 γραώδεις
3028 1022 3279 1089 μύθους,
3314 1019 3409 1072 καὶ
3451 1018 3559 1083 τὰς
3579 1017 3764 1085 βεϐή-

2178 1107 2328 1171 λους
2366 1109 2731 1177 κενοφωνίας
2771 1109 2912 1163 κατὰ
2956 1109 3131 1163 πάντα
3182 1110 3379 1180 τρόπον
3427 1107 3766 1162 ἀπωθεῖσθαί

2181 1214 2313 1267 φησι
2338 1197 2447 1250 δεῖν
2478 1201 2506 1252 6
2547 1200 2883 1265 Ἀπόστολος,
2914 1202 3161 1273 οὐδαμῶς
3205 1200 3580 1272 συγχωρητέον
3613 1197 3765 1267 αὖτῷ

2183 1289 2541 1360 συναρμόζειν
2582 1292 2833 1362 ἀλλήλοις
2860 1292 2930 1347 τὰ
2968 1292 3325 1363 ἀκοινώνητα,
3362 1293 3457 1347 καὶ
3494 1292 3765 1363 προσκολ-

2179 1380 2276 1448 λᾷν
2305 1380 2375 1432 τά
2410 1379 2719 1450 ἀσύμϐατα.
2759 1383 2868 1434 Καὶ
2903 1382 3104 1452 μᾶλλον
3136 1381 3185 1434 δ’
3214 1382 3279 1435 ἂν
3316 1382 3448 1452 ἡμῖν
3486 1381 3668 1443 αὐτοῖς
3693 1380 3768 1434 δι’

2180 1467 2253 1525 ὧν
2274 1471 2669 1539 ἐπαγωνίζεται
2688 1475 2801 1537 τοῖς
2828 1473 3136 1544 εἰρημένοις
3162 1474 3297 1545 πρὸς
3328 1471 3639 1543 ἀνατροπὴν
3664 1471 3764 1524 τοῦ

2179 1564 2443 1635 δόγματος
2476 1564 2639 1617 αὐτοῦ
2677 1564 2790 1634 (71)
2818 1565 3226 1636 συμμαχήσειεο
3253 1564 3386 1635 φησὶ
3413 1563 3519 1634 γὰρ
3553 1564 3633 1616 ὅτι
3666 1564 3765 1616 καὶ

2179 1656 2208 1708 6
2241 1654 2450 1715 Παῦλος
2478 1655 2570 1707 τὸν
2604 1655 2816 1725 πρῶτον
2866 1655 3037 1725 Ἀδὰμ
3070 1655 3247 1726 ψυχὴν
3278 1655 3434 1708 καλεῖ
3475 1654 3607 1725 μετά
3653 1654 3762 1706 σώ-

2183 1758 2350 1811 ματος
2396 1738 2580 1803 οὖσαν,
2632 1742 2811 1807 καλῶς
2851 1743 3010 1796 τοῦτο
3053 1746 3146 1797 καὶ
3188 1743 3329 1815 ὑπὲρ
3369 1743 3471 1813 τῆς
3506 1742 3769 1813 ἀληθείας

2180 1830 2369 1887 εἰπών.
2403 1827 2554 1903 Ἀρα
2595 1828 2688 1886 οὖν
2735 1834 2764 1886 6
2812 1834 3028 1906 πρῶτος
3060 1834 3380 1907 ἄνθρωπος,
3410 1834 3443 1888 6
3477 1836 3555 1898 εἰς
3586 1834 3767 1905 ψυχὴν

500 1898 712 1964 Adam,
756 1903 862 1958 etsi
908 1918 1139 1975 corpore
1185 1908 1509 1978 prteditum,
1556 1913 1796 1967 animam
1840 1930 2072 1980 vocare,

2180 1925 2357 1989 ζῶσαν
2386 1926 2536 1998 παρὰ
2561 1926 2652 1980 τοῦ
2678 1926 2895 1981 Παύλου
2927 1945 3031 1999 μνη
3042 1926 3340 1995 μονευθεὶς,
3370 1927 3620 1996 κτηνείαν
3641 1925 3767 1978 τινὰ

502 1991 730 2059 pulchre
772 1995 989 2064 quidem
1033 2007 1086 2053 et
1132 2017 1393 2071 perquam
1443 2020 1568 2061 vere
1617 2006 1672 2061 id
1719 2022 1977 2065 asserens
2009 2012 2071 2063 “'.

501 2081 760 2153 Nunquid
795 2103 925 2158 ergo
962 2092 1173 2160 primus
1207 2093 1371 2149 homo
1418 2096 1473 2150 in
1521 2097 1758 2152 animam
1806 2102 2073 2155 viventem

504 2172 717 2240 factus,
755 2179 835 2232 uti
861 2177 1063 2238 Paulus
1092 2197 1488 2241 commemorat
1511 2228 1526 2249 ,
1575 2189 1811 2260 aliquam
1846 2193 2077 2248 rationis

502 2279 779 2336 expertem
813 2274 1052 2327 animam
1075 2315 1091 2338 ,
1121 2276 1409 2332 brutorum
1462 2280 1659 2346 instar,
1710 2283 1953 2338 habuit?
1980 2286 2076 2339 At-

502 2362 598 2429 qui
626 2376 731 2414 non
760 2363 1035 2434 vulgarem
1067 2366 1405 2439 intelligendi
1434 2372 1543 2425 vim
1572 2380 1737 2444 atque
1764 2375 2077 2430 facultatem

504 2455 559 2508 in
594 2455 769 2523 ipsum
802 2458 1055 2512 collatam
1098 2458 1270 2517 fuisse
1307 2478 1464 2517 saera
1512 2473 1749 2520 testatur
1790 2466 2028 2522 Historia
2056 2488 2074 2525 :

502 2545 647 2602 Deus
672 2548 815 2603 enim
842 2559 1039 2605 cuncta
1059 2553 1278 2622 quidem
1304 2556 1556 2610 animalia
1581 2558 1648 2611 ad
1672 2573 1795 2613 eum
1825 2561 2078 2624 adduxit,

503 2638 622 2707 ipse
656 2653 785 2694 vero
818 2642 961 2709 quod
1001 2642 1066 2696 ad
1102 2643 1441 2715 singulorum
1480 2655 1730 2702 naturam
1767 2649 2067 2722 designan-

502 2730 626 2783 dam
654 2740 839 2800 aptum
867 2734 1306 2806 conveniensque
1329 2745 1499 2805 esset,
1530 2739 1711 2795 animo
1736 2743 2077 2812 concipiens,

505 2821 801 2891 unicuique
846 2840 1045 2879 nomen
1097 2827 1412 2899 imponendi
1464 2830 1755 2885 arbitrium
1787 2833 1981 2888 habuit
2013 2836 2077 2891 ".

505 2912 610 2967 Sed
657 2923 711 2967 et
764 2915 1169 2983 inobedientia,
1219 2928 1273 2973 et
1314 2920 1381 2974 ad
1423 2936 1486 2975 ea
1538 2938 1659 2993 qua:
1700 2940 1811 2978 non
1852 2924 2083 2982 decebat

506 3006 621 3058 fieri
658 3008 1013 3078 proclivitas,
1042 3020 1094 3065 et
1132 3014 1272 3067 male
1306 3012 1577 3069 factorum
1616 3017 1811 3085 pudor,
1848 3026 1901 3070 et
1943 3018 2081 3073 deli-

502 3104 718 3152 etorum
754 3104 1037 3157 excusatio
1068 3116 1315 3175 prompte
1359 3107 1687 3172 adinventa,
1734 3109 1849 3164 ha‘e
1888 3109 2073 3164 omnia

505 3190 706 3246 mentis
770 3192 1082 3250 facultatem
1151 3197 1289 3253 satis
1344 3213 1619 3269 superque
1677 3201 2077 3255 demonstrant.

2176 2015 2354 2086 ψυχὴν
2389 2012 2499 2086 εἶχε
2520 2057 2537 2081 ,
2580 2018 2675 2070 καὶ
2715 2017 2938 2087 ἀλογονς
2977 2018 3085 2071 Καὶ
3115 2017 3220 2089 μὴν
3250 2017 3351 2072 οὐκ
3394 2017 3579 2087 ὀλίγην
3614 2016 3766 2085 αύτῷ

2178 2112 2591 2179 προσμαρτυρεῖ
2613 2108 2711 2180 τὴν
2725 2108 3070 2180 διανοητικὴν
3100 2110 3259 2180 χάριν
3284 2108 3318 2180 ἡ
3348 2108 3574 2176 ἱστορία·
3599 2124 3765 2177 προσ·

2178 2197 2343 2266 ήγετο
2392 2198 2490 2269 μὲν
2528 2197 2637 2268 γὰρ
2675 2197 2824 2268 αὐτῷ
2864 2197 3015 2269 παρὰ
3049 2197 3140 2251 τοῦ
3178 2196 3315 2252 Θεοῦ
3360 2198 3429 2250 τὰ
3481 2196 3622 2261 ζῶα,
3662 2198 3767 2265 τῆς

2178 2289 2235 2342 δὲ
2284 2289 2391 2343 τῶν
2437 2290 2715 2359 ὀνομάτων
2760 2291 3029 2361 εὑρέσεως
3077 2291 3283 2353 ἐκεῖνος
3345 2288 3533 2361 κύριος
3562 2284 3654 2359 ἦν,
3702 2288 3764 2340 τὸ

2179 2380 2455 2449 προσφυὲς
2485 2380 2580 2433 καὶ
2608 2380 2862 2451 ἁρμόδιον
2895 2381 3110 2450 ἐκάστῳ
3140 2381 3424 2452 περινοῶν,
3468 2379 3630 2433 Ἀλλά
3662 2380 3761 2433 καὶ

2179 2470 2212 2540 ἡ
2234 2470 2505 2541 παρακοὴ,
2534 2472 2627 2524 καὶ
2660 2474 2691 2541 ὴ
2718 2474 2846 2541 περὶ
2870 2470 2938 2524 τὰ
2963 2471 3037 2542 μὴ
3060 2472 3244 2525 δέοντα
3277 2470 3636 2536 συνδιάθεσις,
3667 2470 3765 2523 καὶ

2177 2564 2211 2632 ὴ
2244 2563 2335 2614 ἐπὶ
2371 2564 2484 2625 τοῖς
2516 2562 2928 2634 πεπραγμένοις
2956 2562 3205 2633 αἰσχύνη,
3242 2562 3339 2617 καὶ
3367 2563 3428 2616 τὸ
3458 2561 3767 2632 πρόσφορον

2180 2654 2273 2707 ἐπὶ
2302 2655 2413 2716 τοῖς
2449 2654 2789 2724 ἐγκλήμασιν
2815 2653 3107 2723 ἀπολογίαν
3138 2656 3344 2725 εύρεῖν,
3384 2655 3561 2708 πάντα
3593 2652 3765 2705 ταῦτα

2176 2742 2279 2812 τῆς
2325 2745 2466 2796 κατά
2506 2742 2599 2795 τὸν
2640 2742 2765 2797 νοῦν
2807 2744 3085 2815 ἐνεργείας
3130 2744 3402 2810 ἀπόδειξις
3432 2743 3660 2812 γίνεται.
3698 2742 3768 2794 Τί

2178 2832 2379 2906 δήποτε
2420 2833 2598 2887 τοίνυν
2651 2836 3043 2907 παρεσιωπήθη
3094 2836 3246 2909 παρὰ
3299 2834 3394 2889 τοῦ
3446 2834 3658 2888 Παύλου
3704 2834 3767 2886 τὸ

2179 2929 2366 3000 νοερδν
2398 2930 2497 2999 τῆς
2526 2928 2707 3000 ψυχῆς
2752 2931 2844 2983 ἐπὶ
2886 2930 2981 2983 τοῦ
3034 2930 3233 3002 Ἀδάμ;
3281 2930 3353 2982 Ἦ
3394 2928 3636 2998 δηλονότι
3693 2924 3768 2996 τῷ

2185 3021 2335 3092 μέρει
2386 3020 2805 3090 συνονομάζεται
2836 3021 2898 3075 τὸ
2925 3021 3266 3091 λειπόμενον,
3292 3020 3368 3084 ὡς
3388 3020 3471 3082 τὸ,
3504 3019 3661 3087 Πρὸς
3689 3019 3763 3072 σὲ

2181 3108 2350 3165 πᾶσα
2390 3109 2547 3177 σὰρξ
2576 3110 2726 3177 ἥξει,
2779 3110 2865 3163 διὰ
2899 3110 3003 3180 τῆς
3051 3109 3251 3182 σαρκὸς
3280 3109 3399 3164 ὅλον
3432 3104 3712 3178 σημαίνων
3736 3108 3766 3159 6

2181 3198 2346 3254 Δαϐὶδ
2380 3201 2440 3253 τὸ
2479 3200 2837 3272 ἀνθρώπινον·
2870 3202 2965 3254 καὶ
2997 3202 3026 3254 6
3075 3198 3269 3254 Ἰακὼϐ
3306 3201 3363 3253 ἐν
3397 3198 3767 3269 ἐόδομὴκοντα

503 3281 742 3335 Curnam
778 3283 943 3353 igitur
973 3285 1310 3356 intelligendi
1353 3260 1462 3342 vim
1510 3260 1565 3343 in
1611 3290 1820 3343 Adamo
1870 3288 2074 3347 Paulus

2182 3289 2345 3343 πέντε
2392 3260 2595 3359 ψυχαῖς
2639 3292 2750 3353 τοῖς
2803 3290 3122 3359 Αἰγυπτίοις
3178 3260 3620 3356 ἐπιξενούμενος,
3666 3284 3768 3337 οὐκ

504 3370 722 3426 silentio
759 3376 1061 3443 praeteriit?
1087 3374 1224 3429 Num
1256 3377 1469 3433 scilicet
1497 3381 1662 3434 unius
1698 3380 1873 3449 partis
1904 3379 2075 3435 deno-

506 3462 807 3519 minatione
842 3467 985 3534 quod
1037 3468 1306 3537 reliquum
1349 3477 1433 3523 est
1478 3472 1883 3540 complectitur,
1921 3484 1981 3527 ut
2015 3474 2070 3528 in

2180 3380 2359 3443 ἄνους,
2398 3379 2521 3433 οὔτε
2565 3381 2806 3451 ἄσαρκος
2850 3379 2991 3433 κατὰ
3040 3379 3133 3433 τὸν
3176 3378 3367 3450 χρόνον
3407 3379 3615 3430 ἐκεῖνον
3661 3374 3768 3429 ὑπὸ

2178 3472 2276 3541 τῆς
2304 3471 2525 3542 Γραφῆς
2554 3472 2846 3543 ἱστορεῖται
2870 3490 2885 3537 ;

505 3554 632 3621 illo,
669 3556 747 3609 Ad
777 3567 825 3610 te
854 3560 1022 3612 omnis
1053 3576 1177 3613 caro
1210 3562 1375 3615 veniet
1409 3562 1486 3627 ’°,
1522 3578 1619 3632 per
1650 3579 1872 3620 carnem
1906 3565 2074 3621 David
2111 3578 2273 3620 omne
2314 3565 2614 3618 humanum
2655 3580 2826 3633 genus
2860 3563 3173 3635 significat;
3209 3570 3265 3619 et
3302 3560 3473 3617 Iacob
3509 3575 3637 3616 cum
3677 3574 3759 3615 se-

503 3650 782 3718 ptuaginta
814 3651 1053 3720 quinque
1084 3652 1369 3707 animabus
1403 3654 1471 3706 ab
1501 3652 1773 3725 Egyptiis
1804 3657 2042 3728 hospitio
2076 3664 2340 3727 exceptus
2370 3659 2436 3721 ",
2472 3670 2573 3711 nec
2599 3670 2787 3719 carne,
2825 3671 2925 3711 nec
2963 3663 3146 3712 mente
3182 3670 3280 3725 per
3306 3654 3439 3710 illud
3464 3660 3683 3722 tempus
3711 3653 3766 3705 in

504 3758 661 3798 saera
692 3741 974 3814 Scriptura
1007 3744 1302 3803 destitutus
1328 3748 1618 3803 exhibetur
1642 3749 1669 3802 ?

574 3834 668 3888 XI.
705 3836 809 3890 Sed
848 3837 1026 3906 inquit
1057 3838 1388 3907 Apollinaris
1450 3859 1465 3893 :
1523 3841 1795 3897 Secundus
1829 3844 1982 3899 homo
2018 3844 2084 3898 de

506 3929 632 3982 uelo
663 3930 962 3997 spiritualis
999 3928 1196 3983 dicitur
1224 3932 1291 3995 η,
1331 3933 1469 4001 quod
1504 3935 1681 4001 utique
1708 3934 1964 3988 hominem
1991 3938 2080 4005 qui

505 4039 623 4074 rum
674 4021 780 4075 Deo
830 4023 1136 4075 commistus
1166 4032 1281 4085 est,
1332 4034 1501 4077 mente
1565 4042 1743 4079 carere
1790 4028 2079 4096 signiﬁcat.

508 4112 709 4167 Verum
746 4130 812 4167 ex
848 4113 935 4168 his
964 4129 1087 4183 qua:
1119 4129 1245 4167 mox
1280 4116 1506 4185 apponit
1541 4118 1751 4181 verbis,
1789 4117 1946 4174 facile
1978 4120 2080 4173 hu-

502 4205 596 4271 jus
630 4205 847 4274 ineptim
882 4203 1185 4259 confutatio
1223 4205 1550 4261 desumitur.
1603 4206 1707 4273 Qui
1758 4209 1906 4263 enim
1957 4210 2073 4278 ait;

506 4297 695 4363 Qualis
723 4297 967 4361 caelestis,
1010 4298 1141 4351 tales
1177 4308 1227 4351 et
1254 4299 1506 4362 cwlestes,
1541 4300 1696 4369 longe
1726 4300 1793 4353 ah
1820 4300 2071 4369 hujusce-

505 4390 650 4444 modi
690 4390 1005 4459 opinatioue
1044 4406 1146 4445 nos
1192 4398 1457 4445 removet.
1494 4391 1551 4443 Si
1593 4392 1735 4445 enim
1778 4392 1953 4461 quiin
1984 4410 2076 4446 ve-

2268 3844 2430 3898 Ἀλλά
2470 3860 2632 3913 φησιν
2672 3846 2699 3897 6
2734 3843 3091 3914 λογογράφος,
3136 3842 3217 3895 ὅτι
3275 3841 3329 3893 '0
3360 3840 3635 3906 δεύτερος
3665 3838 3768 3892 dr-

2186 3939 2417 4003 θρωπος
2474 3936 2544 3999 ἐξ
2593 3935 2853 4003 οἱφανοῦ
2904 3932 3302 3997 πνευματικὸς
3347 3930 3580 3999 λέγεται
3604 3970 3619 3993 ,
3671 3944 3769 3982 και

2184 4026 2360 4081 τοῦτο
2409 4026 2661 4095 σημεῖον
2690 4026 2938 4080 ποιεῖται
2969 4026 3074 4079 τοῦ
3122 4024 3313 4078 ἄνουν
3349 4020 3501 4077 εἶναι
3540 4023 3648 4076 τὸν
3690 4021 3771 4088 τῷ

2186 4116 2307 4182 Θεῷ
2336 4117 2749 4186 συγκραθέντα
2770 4116 3100 4183 ἄνθρωπον.
3133 4115 3325 4168 Καίτοι
3355 4108 3640 4186 πρόχειρος
3669 4114 3766 4183 τῆς

2180 4208 2410 4272 ἀτοπίας
2442 4209 2470 4259 6
2503 4209 2719 4278 ἔλεγχος
2740 4248 2753 4269 ,
2792 4207 2851 4271 ἐξ
2884 4206 3083 4270 αὐτῶν,
3124 4202 3199 4259 ὧν
3241 4207 3528 4279 παρέθετο.
3569 4207 3629 4259 '0
3659 4206 3771 4277 γὰρ

2172 4301 2361 4364 εἰπὼν,
2399 4296 2534 4366 Οἶος
2564 4303 2596 4354 ὀ
2616 4298 2991 4367 ἐπουράνιος,
3026 4300 3279 4353 τοιοῦτοι
3304 4299 3401 4352 καὶ
3429 4301 3486 4354 οἱ
3504 4298 3759 4366 ἐποιφάο

2176 4412 2316 4459 νιοι,
2347 4395 2537 4465 πόρρω
2568 4394 2663 4463 τῆς
2689 4392 2941 4464 τοιαύτης
2980 4393 3233 4455 ὑπονοίας
3264 4393 3411 4461 ἡμᾶς
3451 4391 3763 4462 ἀφίστησιν.

503 4485 739 4538 nientem
768 4499 798 4539 e
824 4485 966 4539 cmlo
995 4486 1258 4551 credunt,
1288 4503 1317 4540 a
1345 4486 1518 4541 Paulo
1543 4488 1590 4520 ³³
1613 4496 1666 4542 et
1694 4489 1793 4557 ipsi
1822 4488 2075 4544 emleStes

2180 4485 2241 4536 Εἰ
2260 4483 2366 4556 γάρ
2406 4486 2454 4536 οἱ
2491 4483 2914 4545 πεπιστευκότες
2942 4481 3019 4552 τῷ
3048 4483 3105 4548 ἐξ
3139 4482 3388 4552 οὐρανῶν
3414 4482 3602 4551 ἥκοντι
3624 4522 3638 4544 ,
3670 4482 3769 4535 καὶ

502 4581 792 4639 vocantur,
836 4584 1025 4646 utpote
1066 4578 1157 4647 qui
1204 4579 1257 4632 in
1301 4579 1505 4641 caries,
1551 4587 1610 4632 ut
1650 4579 1779 4633 alibi
1823 4580 1932 4643 ait,
1975 4596 2072 4650 per

2180 4575 2333 4628 αὐτοὶ
2367 4573 2519 4645 παρὰ
2548 4574 2640 4627 τοῦ
2672 4573 2884 4626 Παύλου
2914 4574 3226 4643 ἐπουράνιοι
3260 4573 3531 4642 λέγονται,
3579 4574 3630 4625 ot
3665 4590 3733 4643 με
3754 4602 3770 4617 ο

502 4666 628 4718 vita:
656 4666 965 4720 institutum
998 4669 1530 4740 transmigraverint,
1550 4681 1603 4724 et
1628 4672 1807 4741 qualis
1834 4672 1925 4725 ille
1961 4685 2072 4726 C(2-

2184 4665 2591 4729 τατεθεικότες,
2631 4664 2814 4729 καθώς
2862 4680 3045 4735 φησιν,
3090 4664 3168 4727 εἰς
3211 4664 3475 4734 οὐρανοὺς
3512 4662 3575 4716 τὸ
3614 4663 3771 4716 πολε-

505 4757 660 4812 leslis
689 4766 773 4813 est
799 4760 935 4815 tales
963 4770 1017 4814 et
1049 4760 1147 4816 hos
1175 4762 1427 4817 cmlestes
1457 4764 1589 4817 dicit
1614 4763 1910 4831 Apostolus
1936 4781 1951 4827 ;
1982 4779 2084 4818 ne-

506 4864 595 4901 mo
622 4866 750 4905 vero
775 4866 963 4905 eorum
999 4852 1092 4920 qui
1126 4852 1284 4906 tidem
1310 4853 1545 4924 amplexi
1576 4861 1740 4919 sunt,
1776 4856 1975 4909 mentis
1999 4862 2085 4908 est

505 4954 741 5008 expers;
795 4943 1112 4996 necessario
1167 4943 1352 5011 itaque
1406 4960 1469 4997 ex
1518 4943 1619 4996 hac
1666 4944 2082 5012 comparatione

2189 4774 2384 4827 τευμα,
2418 4757 2511 4810 καὶ
2538 4752 2647 4818 οἷος
2673 4756 2876 4818 ἐκεῖνος
2905 4757 2932 4807 ὁ
2954 4756 3296 4827 ἐπουράνιος,
3331 4755 3603 4827 τοιούτους
3629 4750 3771 4809 εἶναι

2191 4848 2283 4899 καὶ
2313 4845 2533 4907 τούτους
2569 4846 2693 4908 τοὺς
2735 4842 3087 4913 ἐπουρανίους
3136 4844 3300 4914 φησιν
3337 4844 3366 4895 6
3428 4841 3769 4905 Ἀπόστολοςο

2189 4938 2362 5000 οὐδεὶς
2424 4937 2479 4989 δὲ
2528 4937 2687 4999 ἄνους
2730 4936 2837 4989 τῶν
2894 4936 3354 5008 παραδεξαμένων
3406 4935 3504 5005 τὴν
3562 4934 3767 4988 πίστιν

508 5033 937 5094 demonstratur,
961 5033 1236 5088 Christum
1266 5034 1321 5087 in
1350 5034 1763 5089 similitudinem
1801 5035 2075 5088 hominum

2191 5030 2401 5099 ἀνάγκη
2433 5031 2581 5083 πᾶσα
2608 5029 2707 5100 τὴν
2733 5029 3060 5100 ὁμοιωτικὴν
3090 5027 3295 5099 ταύτην
3325 5028 3612 5099 σύγκρισιν
3642 5025 3775 5078 67:5-

507 5122 713 5176 factum
772 5138 929 5187 esse,
979 5124 1223 5194 adeoque
1265 5125 1314 5179 ei
1368 5133 1603 5178 mentem
1652 5126 1852 5180 inesse.
1890 5125 2075 5190 Qualis

2180 5120 2346 5185 δειξιν
2379 5120 2633 5189 γενέσθαι
2678 5120 2773 5174 τοῦ
2818 5120 2938 5175 καθ’
2979 5120 3269 5191 ὁμοιότητα
3315 5120 3426 5172 τῶν
3470 5118 3773 5189 ἀνθρώπιον

508 5213 651 5266 enim
676 5253 690 5275 ,
724 5213 940 5282 inquit,
976 5216 1229 5282 caelestis,
1267 5215 1398 5268 tales
1427 5225 1475 5268 et
1507 5215 1737 5269 cmlestes
1761 5231 1779 5268 :
1814 5220 1882 5269 ita
1914 5225 1972 5269 ut
2000 5216 2075 5270 vel

2183 5214 2275 5266 καὶ
2308 5214 2365 5264 ἐν
2402 5212 2593 5281 ἐκείνῳ
2638 5211 2731 5263 τὸν
2774 5210 2896 5263 νοῦν
2944 5206 3102 5263 εἶναι.
3145 5204 3280 5275 Οἷος
3322 5212 3465 5280 γὰρ,
3498 5208 3682 5277 φησὶν,
3736 5208 3774 5260 δ

510 5322 703 5362 omnes
738 5318 919 5363 mente
952 5308 1212 5377 prteditos
1244 5324 1396 5375 esse,
1433 5310 1515 5363 vel
1553 5310 1733 5364 nullos
1768 5309 2075 5364 necessario

2182 5303 2556 5372 értovpdrloc,
2587 5304 2841 5357 τοιοῦτοι
2871 5302 2971 5357 καὶ
3007 5306 3061 5357 οἱ
3090 5300 3454 5371 ἐπουράνιον
3481 5299 3619 5353 ὥστε
3647 5301 3679 5369 ἦ
3710 5300 3771 5353 ἐν

515 5400 792 5455 fatendum
820 5401 909 5455 sit.
942 5401 1410 5467 Quemadmodum
1438 5403 1584 5456 enim
1614 5402 1814 5456 terreni
1848 5402 2075 5457 hominis

2180 5398 2316 5449 πᾶσι
2348 5394 2437 5446 τὸν
2468 5393 2611 5457 νοῦν,
2638 5395 2670 5466 ἦ
2700 5397 2759 5447 ἐν
2783 5395 2960 5447 οὐδενὶ
2993 5396 3111 5447 κατ’
3139 5394 3382 5463 ἀνάγκην
3406 5390 3773 5462 ὁμολογήσου-

513 5490 875 5561 proprietates
907 5492 960 5545 iu
989 5492 1073 5546 his
1101 5492 1193 5561 qui
1227 5507 1290 5545 ex
1326 5491 1423 5546 illo
1453 5490 1720 5562 progeniti
1752 5499 1916 5558 sunt,
1941 5506 2073 5545 con-

2187 5505 2290 5542 σιν.
2325 5486 2535 5557 Ὥσπερ
2560 5485 2667 5557 γάρ
2689 5486 2757 5538 τὰ
2781 5485 2875 5538 τοῦ
2897 5484 3081 5555 χοϊκοῦ
3110 5484 3375 5556 ἰδιώματα
3405 5484 3514 5545 τοῖς
3543 5480 3601 5547 ἐξ
3629 5478 3777 5532 ἐκεί-ι

590 5654 631 5685 ’⁷
667 5653 684 5705 1
716 5651 857 5706 Tim.
894 5670 964 5708 Iv.
1002 5654 1072 5717 7;
1110 5670 1182 5711 γι,
1208 5654 1296 5705 9.0.
1394 5655 1488 5706 ’⁸1
1580 5652 1705 5708 Cor.
1761 5670 1848 5718 xv,
1884 5652 1972 5707 43.
2069 5654 2075 5684 ¹

2180 5652 2305 5707 Gen.
2360 5668 2421 5714 ιι,
2488 5650 2568 5705 l9.
2662 5649 2711 5680 ²⁰
2744 5646 3133 5711 Psal.t.s|v,2.
3229 5648 3269 5678 "
3311 5646 3447 5701 Gen.
3485 5658 3630 5705 vaI,
3677 5640 3777 5698 27.

518 5722 612 5776 "l
644 5724 770 5779 Cor.
812 5740 901 5786 xv,
942 5724 1027 5777 47.
1106 5726 1150 5755 ’³
1188 5724 1419 5793 Philipp.
1449 5741 1507 5787 ιι,
1543 5724 1635 5778 9.0.

2069 5652 2111 5684 "
2171 5652 2305 5707 Gen.
2360 5668 2421 5714 ιι,
2488 5650 2568 5705 l9.
2662 5649 2711 5680 ²⁰
2744 5646 3133 5711 Psal.t.s|v,2.

588 5858 706 5929 (Ἠ)
732 5859 808 5913 ιω
837 5875 1003 5923 cum,
1034 5867 1190 5913 antea
1225 5858 1419 5912 αὐτῶν.
