4146 6386
396 405 535 462 1215

1562 398 1935 456 ADVERSUS
1973 396 2487 454 APOLLINAREM.

3529 398 3666 455 “16

398 543 491 582 νου
535 523 913 594 ἐνθεωρεῖται.
961 519 1135 585 οῦτως
1186 518 1494 588 ἐπάναγκες
1546 524 1685 571 κατὰ
1738 519 1837 588 τὴν
1892 517 1985 570 τοῦ

2106 518 2421 589 spiciuntur,
2470 516 2548 570 ita
2596 515 2761 573 etiam
2803 514 2964 586 juxta
2998 516 3244 587 Apostoli
3280 516 3525 582 dictum,
3573 521 3667 591 qui

409 616 731 671 ’Δποστόλου
759 614 1056 681 ἀπόφασιν,
1095 612 1185 663 τὸν
1210 611 1351 663 κατὰ
1384 608 1560 663 πάντα
1588 608 1987 682 πεπειραμένον

397 706 493 761 τοῦ
530 705 799 778 ἡμετέρου
835 703 972 772 βὶου.
1006 702 1128 755 καθ’
1169 701 1482 771 ὁμοιότητα,
1518 700 1685 769 χωρὶς
1715 698 1987 770 ἁμαρτίας

401 801 461 871 (6
490 800 546 853 δὲ
574 797 698 859 νοῦς
739 795 979 866 ἁμαρτία
1012 796 1109 846 ούκ
1135 792 1282 858 ἐστι)
1317 792 1451 862 πρὸς
1498 793 1682 845 πᾶσαν
1720 790 1875 861 ἡμῶν
1903 793 1983 843 oi-

400 892 563 952 κείως
609 888 749 957 ἔχειν
802 886 899 957 τὴν
956 882 1141 952 ιρύσιν.
1193 882 1350 937 Οὖτω
1385 882 1492 953 γὰρ
1530 882 1590 935 τὸ
1637 881 1990 936 ἀποστολικὺν

402 981 743 1051 ἀληθεύεται,
772 978 830 1031 τὸ
860 978 1007 1047 ἡμᾶς
1050 974 1171 1029 κατ’
1208 976 1410 1027 ἐκεῖνον
1452 968 1614 1037 εἶναι,
1645 974 1693 1024 εί
1729 970 1992 1043 ὁμολογη-

403 1073 521 1144 θείη
553 1073 770 1126 κὰκείνο
798 1070 919 1124 καθ’
949 1067 1475 1139 ἡμᾶς’γεγενῆσθαι,
1508 1066 1595 1118 ἵνα
1624 1066 1686 1117 ἐκ
1717 1064 1810 1117 τοῦ
1838 1065 1990 1133 γενέ-

406 1169 526 1221 σθαι
553 1162 664 1231 οἷος
690 1169 867 1239 ἡμεῖς,
902 1166 1047 1235 ἡμᾶς
1072 1163 1282 1234 ποιήσει
1310 1157 1418 1222 οἷος
1451 1161 1678 1222 ἐκεῖνος.

478 1437 643 1493 Πάλιν
669 1435 848 1489 τοίνυν
873 1433 983 1487 τῶν
1010 1431 1139 1503 παρ’
1166 1429 1331 1485 αὐτοῦ
1360 1429 1632 1501 ῥηθέντων
1658 1428 1994 1501 ὲπιμνησθη·

408 1529 651 1598 σώμεθα·
690 1527 845 1585 Καθό
878 1527 976 1581 καὶ
1010 1525 1118 1578 τὸν
1140 1526 1434 1592 πρότερον
1480 1523 1663 1592 Ἀδὰμ
1688 1526 1721 1577 ό
1751 1521 1993 1585 Παῦλος

407 1621 620 1691 ψυχὴν
648 1619 823 1674 καλεῖ
843 1619 992 1688 μετὰ
1023 1616 1295 1686 σώματος
1323 1612 1540 1679 οὖσαν,
1573 1616 1670 1669 καὶ
1706 1616 1817 1669 οὐκ
1848 1613 1993 1668 ἄνευ

408 1714 702 1781 σώματος,
750 1711 831 1776 τῷ
875 1709 943 1763 δὲ
986 1709 1106 1775 ὅλῳ
1142 1707 1257 1775 τὴν
1290 1709 1637 1777 ἐπωνυμίαν
1681 1705 1989 1769 διδοῦσαν,

410 1804 526 1859 κᾶν
570 1805 671 1873 ἀφ’
718 1799 942 1869 ἑαυτῆς
984 1799 1081 1853 καὶ
1133 1794 1283 1866 αὕτη
1332 1799 1483 1853 κατὰ
1522 1800 1842 1866 σύλληψιν
1886 1797 1992 1851 τοῦ

417 1896 752 1964 πνεύματος
779 1874 1033 1960 aediﬁcat
1065 1889 1259 1958 ψυχή.
1307 1890 1365 1945 Ὀ
1402 1891 1574 1946 ταῦτα
1606 1889 1781 1958 λέγων
1813 1889 1996 1959 ὁμολο-

411 1991 589 2058 γεῖται
636 1985 763 2057 τρία
792 1986 935 2039 κατὰ
976 1984 1238 2056 σύλληψιν
1266 1984 1343 2055 τῷ
1374 1984 1475 2054 τῆς
1502 1984 1679 2055 ψυχῆς
1716 1983 1994 2037 καλεῖσθαι

415 2080 656 2149 ὁνίματι,
686 2076 762 2141 ὡς
790 2077 1391 2149 περιειλημμένης(τῆς
1416 2094 1473 2131 τε
1506 2078 1601 2131 τοῦ
1629 2077 1878 2149 σώματος
1906 2079 1997 2131 καὶ

411 2171 509 2239 τῆς
527 2165 671 2239 [72])
699 2169 791 2223 τοῦ
809 2167 1114 2238 πνεύματος
1126 2170 1185 2222 ὲν
1209 2169 1287 2240 τῷ
1311 2169 1459 2241 αύτῷ
1484 2170 1777 2241 σημασίας.
1814 2157 1998 2223 δΑλλὰ

417 2259 521 2311 τὸν
538 2259 828 2327 ἔσχατον,
847 2260 1000 2331 φησὶ,
1018 2261 1260 2330 Πνεῦμα
1274 2260 1593 2321 ζωοποιοῦν
1609 2263 1637 2313 6
1668 2260 1872 2324 Παῦλος
1902 2278 1999 2314 κα-

418 2349 515 2402 λεῖ.
552 2350 729 2420 Ὅπερ
768 2346 861 2405 οὖν
895 2353 953 2403 ὲν
980 2352 1173 2422 ἐκείνῳ
1219 2352 1308 2406 διὰ
1350 2352 1443 2407 τοῦ
1479 2353 1861 2417 πλεονάζοντος
1912 2369 2001 2405 κε-

420 2438 752 2509 κρατηκέναι
779 2437 875 2509 τὴν
900 2440 1216 2510 ἐπωνυμίαν
1243 2440 1383 2494 κατὰ
1408 2439 1515 2493 τῶν
1547 2440 1749 2493 λοιπῶν
1771 2441 1877 2493 τῶν
1912 2456 2003 2509 ση-

424 2529 764 2601 μαινομένων
798 2530 995 2595 ἐδειξε,
1022 2531 1181 2586 τοῦτο
1216 2532 1433 2595 πάντως
1459 2533 1552 2585 καὶ
1594 2533 1686 2585 ἐπὶ
1724 2532 1911 2585 τούτου
1942 2532 2001 2584 τὸ

426 2623 739 2693 Ισοδύναμον
763 2624 875 2694 (75)
900 2624 1030 2695 ἔχει.
1052 2626 1114 2679 Ei
1135 2624 1243 2696 γὰρ
1268 2627 1296 2678 6
1335 2625 1527 2694 Ἀδὰμ,
1556 2626 1740 2698 ἐπειδὴ
1764 2626 1999 2695 ἥμαρτε,

424 2713 566 2785 ψυχὴ
583 2714 848 2784 λέγεται,ὀ
858 2715 935 2785 τῷ
947 2716 1063 2787 Θεῷ
1109 2712 1396 2788 ἐγκραθεὶς
1445 2717 1540 2771 ἄνθ
1550 2734 1743 2787 ρωπος,
1763 2716 2001 2785 Ἐπειδὴ

425 2807 711 2875 ἁμαρτίαν
721 2809 829 2860 οὐκ
846 2808 1114 2874 ἐποίησε,
1129 2807 1269 2861 οὐδὲ
1283 2805 1493 2875 εὑρέθη
1513 2808 1691 2872 δόλος
1704 2808 1773 2860 ἑν
1786 2808 1864 2872 τῷ
1874 2807 2005 2860 στό-

421 2917 559 2968 ματι.
586 2899 794 2966 αὑτοῦ,
824 2899 1040 2970 πνεῦμα
1070 2900 1130 2952 τὸ
1158 2899 1277 2952 ὅλον
1308 2900 1749 2970 κατονομάζεται.
1783 2899 1920 2952 Ἀλλ’
1941 2901 2002 2952 οὐ

424 2993 777 3062 καταδέχεται
801 2992 901 3062 τὴν
925 2991 1178 3060 τοιαύτην
1202 2991 1438 3045 διάνοιαν
1454 3007 1465 3020 ·
1489 2993 1619 3062 φησὶ
1645 2990 1751 3063 γὰρ
1773 2991 2007 3045 ἐκεῖνον

423 3084 536 3152 μὲν
557 3083 623 3135 ἐκ
646 3081 757 3152 γῆς
784 3082 1012 3151 χοτκὸν,
1032 3082 1178 3135 διότι
1201 3082 1267 3135 τὸ
1288 3082 1459 3152 σῶμα
1474 3083 1541 3136 ἐκ
1576 3082 1680 3136 τοῦ
1715 3082 1827 3152 χοῦ
1856 3086 2007 3136 πλαι-

2090 624 2188 678 per
2215 609 2401 663 omnia
2431 625 2553 679 qua:
2583 608 2648 663 ad
2682 617 2928 662 nostram
2960 608 3126 661 vitam
3159 610 3455 679 pertinent.
3490 618 3665 667 tenta-

2088 707 2179 754 tus
2204 700 2307 754 fuit
2334 715 2435 770 pro
2462 699 2824 754 similitudine
2854 699 3061 768 absque
3088 708 3311 768 peccato
3338 702 3464 743 ’δι”
3492 705 3669 770 (mens

2090 798 2272 847 autem
2298 802 2579 862 peccatum
2609 806 2717 845 non
2742 790 2887 859 est),
2914 792 3286 846 necessarium
3310 794 3534 847 omnino
3560 802 3667 858 est,

2090 901 2215 941 eum
2271 900 2398 939 cum
2443 884 2700 940 omnibus
2743 892 2953 937 natura}
2997 884 3427 953 proprietatibus
3468 900 3670 941 conve-

2090 975 2353 1031 nientiam
2379 975 2935 1045 conjunctionemque
2958 990 3199 1030 servare.
3223 974 3358 1029 Nam
3382 976 3484 1031 hoc
3507 985 3671 1049 pacto

2092 1069 2225 1123 illud
2244 1068 2489 1138 Apostoli
2520 1084 2705 1123 verum
2740 1083 2861 1123 esse
2895 1074 3252 1132 monstratur,
3284 1082 3385 1123 nos
3419 1068 3670 1124 videlicet

2092 1161 2305 1216 similes
2331 1160 2411 1214 illi
2439 1176 2585 1223 esse,
2610 1160 2655 1215 si
2683 1159 2953 1215 fateamur
2981 1168 3035 1213 et
3066 1159 3217 1212 illum
3248 1160 3482 1215 similem
3510 1161 3671 1216 nobis

2094 1250 2298 1306 factum
2335 1251 2542 1315 fuisse,
2578 1260 2639 1305 ut
2671 1267 2737 1306 ex
2772 1266 2838 1304 eo
2873 1250 3017 1320 quod
3054 1252 3178 1306 talis
3210 1250 3389 1307 factus
3416 1260 3501 1307 est
3530 1267 3668 1322 qua-

2092 1344 2173 1398 les
2206 1358 2308 1396 nos
2337 1358 2529 1397 sumus
2552 1383 2566 1406 ,
2596 1356 2699 1396 nos
2726 1341 2867 1395 tales
2898 1340 3136 1397 efﬁceret
3169 1342 3349 1411 qualis
3377 1352 3463 1397 est
3496 1344 3631 1413 ipse.

2167 1429 2282 1489 XII.
2323 1430 2428 1486 Sed
2460 1439 2517 1485 et
2545 1430 2880 1500 Apollinaris
2908 1430 3073 1489 verba
3114 1430 3307 1486 iterum
3335 1446 3672 1487 commemo-

2093 1539 2321 1579 relnus:
2363 1522 2815 1590 Quemadmodum
2854 1531 2903 1577 et
2954 1524 3185 1592 priorem
3237 1522 3409 1577 Adam
3456 1541 3673 1593 corpore

2093 1615 2406 1685 pra'ditum,
2441 1632 2543 1669 non
2576 1632 2693 1669 vero
2728 1624 3028 1677 carentem,
3066 1614 3269 1669 Paulus
3311 1618 3545 1670 animam
3582 1634 3672 1671 vo-

2094 1715 2216 1769 cat,
2251 1722 2369 1776 qua:
2414 1715 2589 1759 tanten
2646 1706 2741 1759 toti
2788 1704 3266 1760 denominationcm
3314 1707 3669 1775 impertiatur,

2096 1795 2215 1849 licet
2254 1805 2302 1850 et
2340 1797 2448 1849 hau:
2484 1810 2577 1863 per
2610 1811 2666 1849 se
2703 1795 2852 1859 sola,
2893 1796 3181 1849 secundum
3234 1796 3373 1867 quod
3425 1797 3672 1865 spiritum

2096 1887 2515 1957 comprehendit,
2566 1888 2745 1941 animo
2790 1896 3137 1950 nuncupatur.
3191 1888 3293 1955 Qui
3340 1889 3454 1943 haec
3499 1889 3667 1954 dicit,

2097 1983 2203 2036 tria
2251 1996 2349 2052 per
2393 1980 2827 2051 complexionem
2876 1995 2989 2035 uno
3030 1981 3225 2035 animae
3267 1983 3487 2038 nomine
3526 1984 3673 2038 desi-

2097 2073 2251 2144 gnari
2282 2072 2506 2137 fatetur,
2552 2086 2617 2126 ac
2648 2072 2693 2125 si
2738 2071 2966 2141 spiritus
3014 2080 3068 2127 et
3102 2072 3352 2142 corporis
3390 2074 3673 2142 signiﬁca-

2100 2166 2301 2219 tionem
2335 2164 2496 2219 simul
2529 2163 2792 2218 involvat.
2825 2163 2928 2219 Sed
2979 2173 3299 2232 postremum
3350 2164 3555 2229 Adam,
3588 2166 3674 2219 in-

2098 2256 2251 2325 quit,
2302 2253 2558 2321 Spiritum
2593 2254 2961 2323 viviﬁcantem,
2997 2254 3203 2309 Paulus
3228 2263 3389 2309 vocat
3412 2255 3477 2310 ".
3516 2256 3673 2321 Quod

2100 2347 2267 2416 igitur
2298 2345 2560 2407 ostendit,
2584 2345 2853 2429 Adamum
2886 2362 2950 2402 ex
2990 2360 3055 2400 eo
3088 2346 3326 2401 maxime
3356 2344 3673 2401 denomina-

2100 2447 2215 2493 tum
2245 2438 2415 2493 fuisse
2439 2476 2453 2501 ,
2482 2438 2627 2508 quod
2662 2438 2877 2494 caeteris
2910 2438 3073 2494 rebus
3094 2454 3160 2493 es
3184 2437 3382 2507 quibus
3404 2438 3676 2493 dominari

2102 2539 2320 2602 poterat
2363 2530 2716 2600 przestautins
2757 2538 2939 2596 esset,
2982 2529 3115 2585 illud
3168 2530 3308 2585 idem
3350 2546 3578 2600 prorsus
3617 2531 3674 2585 in

2102 2622 2327 2676 Christo
2368 2621 2485 2691 pari
2532 2622 2745 2675 ratione
2789 2620 3021 2675 obtinet.
3060 2618 3115 2673 Si
3153 2619 3301 2674 enim
3331 2618 3501 2673 Adam
3539 2636 3675 2689 quo-

2104 2714 2252 2766 niam
2286 2711 2572 2779 peccavit,
2604 2711 2809 2766 dicitur
2836 2712 3053 2775 anima,
3089 2711 3251 2764 homo
3298 2710 3407 2765 Deo
3444 2712 3675 2766 commi-

2104 2813 2226 2861 stus
2257 2806 2324 2867 ’⁷,
2356 2804 2606 2874 quoniam
2657 2813 2926 2873 peccatum
2953 2820 3055 2856 non
3108 2802 3250 2871 fecit,
3292 2819 3383 2857 nec
3439 2803 3676 2858 intentus

2102 2906 2181 2952 est
2209 2897 2361 2949 dolus
2404 2898 2459 2949 in
2489 2912 2578 2951 ore
2607 2896 2754 2963 ejus,
2784 2896 3011 2966 spiritus
3068 2895 3319 2950 absolute
3347 2896 3677 2965 appellatur.

2104 2984 2306 3042 Verum
2343 2987 2676 3057 Apollinaris
2706 2988 2847 3059 hanc
2880 2989 3386 3059 interpretationem
3440 3007 3548 3045 non
3592 3008 3679 3045 rev

2107 3081 2269 3151 cipit;
2311 3080 2387 3133 ait
2411 3080 2556 3135 enim
2610 3080 2763 3133 illum
2792 3082 2998 3150 quidem
3029 3099 3056 3136 e
3087 3093 3227 3137 terra
3280 3092 3541 3138 terrenum
3574 3085 3682 3137 dici

424 3174 576 3228 σθὲν
590 3170 1041 3247 ἑψυχώθηῖᾼρα
1056 3176 1084 3227 ὁ
1099 3174 1241 3238 νοῦς⁹
1265 3176 1399 3245 ὅπερ
1418 3174 1666 3245 ὀνομάζει
1684 3175 1917 3245 πνεῦμα,
1938 3174 2000 3228 οὐ

2109 3175 2355 3242 quoniam
2419 3188 2608 3241 corpus
2638 3189 2666 3226 e
2720 3173 2846 3227 limo
2913 3174 3203 3242 formatum
3250 3177 3484 3230 animam
3535 3192 3684 3230 acce-

428 3264 837 3335 συγκατεὸλήθη
883 3263 960 3334 τῷ
1007 3264 1146 3318 κατὰ
1180 3264 1272 3318 τὸν
1312 3266 1481 3333 Ἀδὰμ
1516 3265 1832 3336 πλάσματι;
1861 3266 2004 3319 Οὐκ-

427 3357 519 3410 οὖν
559 3359 618 3410 ὲν
653 3356 759 3410 τίνι
793 3356 941 3427 αὐτῷ
990 3357 1105 3429 (74)
1154 3359 1187 3428 ἡ
1236 3358 1370 3428 πρὸς
1408 3357 1497 3410 τὸν
1547 3357 1677 3410 θεὸν
1718 3358 2004 3429 ὁμοιότης;

429 3450 513 3513 τίς
560 3450 616 3502 δὲ
650 3451 683 3519 ή
710 3451 772 3502 ὲκ
797 3449 889 3502 τοῦ
930 3449 1073 3502 Θείου
1108 3450 1497 3520 ὲμφυσήματος
1525 3450 1635 3517 (75)
1658 3451 1925 3521 ἀπορροὴ.
1961 3453 2007 3503 εί

435 3540 508 3613 νὴ
538 3543 568 3594 6
591 3541 713 3605 νοῦς
738 3540 907 3594 ταῦτα
939 3536 1076 3595 εἶναι
1110 3541 1450 3603 πιστεύοιτο;
1482 3541 1679 3594 Τοῦτον
1727 3538 1786 3594 δὲ
1846 3543 2009 3611 φησὶν

432 3633 493 3697 ἐξ
514 3631 742 3702 ούρανοῦ
785 3632 873 3684 διὰ
905 3630 1065 3684 τοῦτο
1088 3631 1402 3695 καλεῖσθαι,
1435 3630 1565 3683 διότι
1607 3631 1666 3683 τὸ
1700 3628 1921 3700 Πνεῦμα
1950 3630 2010 3683 τὸ

432 3724 677 3792 οὐράνιον
703 3722 1011 3793 ἐσαρκώθη.
1047 3722 1143 3785 Τίς
1166 3722 1356 3792 Γραφὴ
1386 3721 1557 3774 ταῦτα
1583 3722 1762 3789 λέγει;
1792 3724 1867 3783 εἰς
1890 3721 2009 3773 τίνα

432 3812 541 3865 τῶν
575 3813 743 3880 ἁγίων
791 3812 1086 3882 (ἀναφέρει
1121 3812 1233 3881 (76)
1256 3811 1344 3864 τὸν
1377 3811 1531 3878 λόγον
1571 3810 1611 3880 ),
1656 3812 1738 3863 ὅτι
1786 3810 2012 3879 Πνεῦμα

434 3900 753 3973 ὲσαρκώϐης
791 3901 901 3970 Οὐχ
926 3900 1098 3961 οὕτως
1155 3900 1303 3970 παρὰ
1331 3901 1438 3952 τῶν
1476 3898 1821 3966 Εὑαγγε).ἱων
1851 3899 2014 3966 ἡκού-

440 4010 631 4063 σαμεν·
685 3993 783 4063 οὐχ
808 3995 978 4056 οὕτως
1006 3992 1156 4063 παρὰ
1178 3993 1273 4063 τῆς
1296 3992 1535 4063 μεγάλης
1563 3992 1656 4045 τοῦ
1693 3992 2010 4045 Ἀποστόλου

440 4080 1025 4152 φωνῆς’ὲδιδάχθημεν,
1057 4082 1169 4135 ἀλλ’
1216 4082 1295 4134 ὃτι
1326 4081 1423 4151 μὲν
1460 4083 1488 4134 6
1523 4081 1692 4149 Λόγος
1725 4082 1861 4152 σὰρξ
1894 4082 2013 4150 ἐ,γέ-

438 4187 577 4230 νετο,
616 4171 763 4238 λέγει
794 4172 852 4223 τὸ
884 4172 1163 4241 κήρυγμα,
1207 4172 1300 4223 καὶ
1340 4172 1397 4222 ὲν
1428 4170 1555 4223 εἴδει
1600 4172 1925 4241 περιστερᾶς
1955 4169 2014 4222 τὸ

441 4260 663 4331 Πνεῦμα
688 4260 989 4330 καταϐῆναί
1014 4278 1175 4331 φησιν
1204 4262 1235 4330 ὴ
1264 4260 1589 4330 εύαγγελικὴ
1622 4260 1845 4331 ἱστορία.
1876 4261 2014 4330 Σὰρο

442 4371 609 4407 κωσιν
656 4354 711 4406 δὲ
754 4353 1068 4423 Πνεύματος
1110 4353 1281 4415 οὐδεὶς
1323 4350 1445 4407 εἷπε
1476 4353 1586 4405 τῶν
1631 4353 1709 4424 τῷ
1744 4353 2014 4425 πνεύματι

441 4446 711 4498 λαϐόντων
742 4447 1031 4515 μυστήρια.
1075 4446 1135 4500 Ἡ
1164 4446 1314 4509 δόξα
1339 4446 1801 4512 κατεσκήνωσεν
1831 4447 1901 4499 ἐν
1939 4444 2015 4514 τῇ

2108 3264 2205 3331 pit.
2243 3264 2431 3317 Nonne
2461 3278 2615 3318 mens
2636 3306 2651 3330 ,
2683 3279 2847 3333 quam
2883 3266 3134 3335 spiritum
3167 3276 3363 3333 vocat,
3398 3268 3681 3322 efformato

2106 3354 2299 3408 Adami
2335 3370 2564 3425 corpore
2594 3356 2891 3424 conjuncta
2938 3355 3085 3411 fuit?
3113 3357 3362 3424 Quanam
3407 3362 3591 3429 itaque
3628 3359 3682 3412 in

2108 3462 2168 3502 re
2200 3446 2303 3517 ipsi
2337 3447 2638 3501 similitudo
2672 3462 2796 3500 cum
2834 3446 2941 3501 Deo
2985 3449 3319 3505 intercedit?
3360 3450 3586 3521 Ecquod
3630 3451 3685 3504 in

2109 3541 2290 3608 ipsum
2336 3539 2509 3593 divini
2553 3539 2813 3609 spiraculi
2857 3540 3172 3606 eflluvium,
3226 3544 3333 3598 nisi
3384 3560 3539 3599 mens
3580 3543 3687 3597 hoc

2111 3632 2290 3703 ipsum
2322 3646 2447 3686 esse
2480 3630 2786 3685 credatur?
2812 3630 2970 3685 Hunc
2998 3642 3179 3687 autem
3211 3634 3511 3689 secundum
3544 3635 3690 3690 Ada-

2111 3737 2258 3774 mum
2329 3722 2405 3774 ait
2436 3720 2769 3790 Apollinaris
2840 3723 3117 3777 cmlestem
3148 3734 3433 3795 propterea
3458 3728 3641 3781 vocari
3667 3766 3690 3793 ,

2111 3813 2367 3882 quoniam
2396 3812 2637 3867 cmlcstis
2666 3812 2892 3881 spiritus
2919 3813 3234 3870 incarnatus
3265 3824 3366 3871 est.
3391 3817 3459 3870 At
3480 3818 3532 3871 in
3554 3834 3691 3889 quo-

2114 3921 2237 3959 nam
2312 3920 2481 3959 sacra:
2544 3904 2843 3976 Scriptura:
2893 3908 3015 3961 loco
3058 3907 3303 3962 dicitur?
3351 3911 3567 3964 cuinam
3600 3928 3693 3967 sa-

2112 4011 2330 4051 crorum
2383 4007 2667 4049 auctorum
2733 4006 3013 4066 acceptum
3101 3997 3267 4053 refert
3354 3998 3691 4070 Apollinaris

2115 4087 2294 4157 (quod
2343 4087 2461 4155 ipse
2506 4087 2738 4157 asserit)
2790 4086 3055 4157 Spiritum
3105 4104 3301 4159 nempe
3346 4091 3687 4147 incarnatuut

2116 4180 2325 4235 fuisse?
2346 4178 2493 4234 Istud
2518 4194 2649 4234 sane
2668 4195 2735 4234 ex
2758 4178 3069 4249 Evangeliis
3092 4196 3201 4235 non
3230 4182 3514 4239 hausimus
3538 4203 3553 4253 ;
3581 4202 3689 4240 non

2117 4271 2190 4324 ita
2238 4286 2268 4325 a
2312 4271 2571 4340 praeclara
2622 4270 2867 4340 Apostoli
2913 4288 3047 4329 voce
3092 4274 3269 4329 edocti
3316 4292 3545 4339 sumus,
3598 4280 3692 4332 sed

2117 4357 2357 4413 Verbum
2387 4360 2605 4428 quidem
2628 4375 2849 4414 carnem
2877 4360 3080 4416 factum
3113 4362 3285 4419 fuisse
3315 4368 3691 4436 apostolorum

2119 4450 2438 4520 prmdicatio
2470 4453 2670 4506 asserit
2700 4454 2776 4514 ’⁸,
2809 4461 2863 4506 et
2908 4454 2962 4507 in
3004 4456 3270 4511 columbae
3302 4460 3483 4528 specie
3519 4461 3696 4530 Spiri-

441 4534 518 4604 γίὶ
537 4533 704 4603 ἡμῶν
722 4551 736 4565 ·
757 4536 868 4598 καὶ,
886 4536 955 4589 Ἣ
975 4534 1222 4602 ἀλήθεια
1241 4537 1309 4589 ὲκ
1333 4534 1441 4603 τῆς
1464 4535 1574 4604 γῆς
1592 4535 1875 4591 ἀνέτειλε
1900 4538 2004 4594 καὶ.

2122 4549 2233 4595 tum
2278 4542 2330 4595 in
2366 4540 2554 4597 Jesum
2595 4542 2948 4599 descendisse
2969 4545 3135 4600 refert
3157 4546 3574 4618 Evangeliorum
3611 4551 3697 4605 hi-

448 4625 591 4690 Θεὸς
608 4626 946 4695 ἐφανερώθη
968 4627 1036 4679 ἐν
1066 4628 1247 4694 σαρκί
1253 4642 1266 4655 ⁸
1291 4629 1402 4690 καὶ,
1436 4629 1792 4693 Δικαιοσύνη
1816 4628 1883 4678 ἐκ
1912 4628 2015 4681 τοῦ

444 4716 700 4782 οὐρανοῦ
729 4715 997 4784 διέκυψε,
1030 4718 1123 4769 καὶ
1154 4717 1286 4771 ἄλλα
1308 4717 1533 4770 τοιαῦτα
1562 4717 1750 4770 πολλά.
1787 4717 2010 4787 Πνεῦμα

443 4807 501 4861 δὲ
533 4807 952 4878 σαρκούμενονή
990 4809 1342 4872 θεόπνευστος
1373 4809 1473 4862 οὐκ
1503 4804 1609 4861 οἶδε
1637 4809 1849 4879 Γραφή.
1901 4808 2015 4863 Καὶ

445 4896 831 4966 προῦπὰρχει,
864 4898 1048 4968 φησιν,
1085 4901 1116 4953 ό
1172 4899 1478 4966 ἅνθρωπος
1516 4898 1765 4967 Χριστὸς
1797 4900 1909 4968 οὐχ
1937 4899 2019 4963 ὡς

445 4990 646 5058 ἐτέρου
668 4989 839 5055 ὄντος
864 5006 982 5057 παρ
998 4990 1011 5007 '
1028 4990 1212 5043 αὑτὸν
1232 4989 1337 5043 τοῦ
1356 4991 1720 5059 Πνεύματος,
1748 4991 2020 5044 τουτέστι

446 5082 551 5136 τοῦ
593 5082 757 5136 Θεοῦ·
809 5083 945 5136 ἀλλ’
988 5083 1067 5149 ὡς
1099 5082 1202 5137 τοῦ
1238 5083 1455 5150 Κυρίου
1503 5082 1573 5135 ἐν
1606 5081 1678 5151 τῇ
1710 5081 1815 5137 τοῦ
1876 5082 2023 5137 Θεοῦ

447 5172 758 5239 ἀνθρώπου
793 5174 973 5243 φύσει
1014 5176 1175 5229 θείου
1209 5176 1552 5245 Πνεύματος
1594 5174 1788 5241 ὄντος.
1838 5174 2026 5228 Ταῦτα

2122 4635 2291 4689 storia
2319 4637 2388 4688 ".
2414 4633 2849 4691 lncarnationem
2880 4652 3010 4692 vero
3041 4639 3276 4707 Spiritus
3309 4657 3470 4695 nemo
3503 4658 3694 4697 eorum

2123 4726 2261 4780 dixit
2288 4728 2380 4797 qui
2412 4729 2607 4797 spiritu
2638 4727 2759 4782 fidei
2790 4739 2991 4783 nostrae
3019 4730 3276 4800 mysteria
3312 4746 3694 4801 perceperunt.

2126 4818 2309 4872 Gloria
2333 4818 2586 4873 habitavit
2609 4822 2663 4872 in
2688 4828 2830 4874 terra
2860 4830 3043 4873 nostra
3072 4838 3090 4885 ;
3131 4819 3333 4876 Veritas
3356 4834 3551 4877 eterra
3579 4836 3699 4879 orla

2124 4917 2201 4960 est
2227 4908 2292 4959 ³⁰.
2328 4906 2468 4961 Deus
2494 4909 2870 4977 manifestatus
2900 4918 2978 4962 est
3013 4911 3065 4962 in
3098 4927 3256 4964 carne
3283 4911 3348 4965 ³⁸.
3387 4910 3449 4965 Ει
3478 4911 3700 4969 Justitia

2125 5016 2153 5052 e
2184 4999 2311 5053 creto
2340 5001 2605 5068 prospexit
2630 4999 2713 5066 ³²;
2754 5010 2810 5057 et
2844 5002 2950 5055 alia
2987 5003 3153 5055 multa
3185 5002 3349 5073 hujus
3378 5007 3593 5073 generis
3627 5006 3700 5058 lc-

2127 5092 2343 5161 gimus;
2398 5090 2663 5161 Spiritum
2713 5107 2846 5147 vero
2895 5092 3234 5147 incarnatum
3285 5094 3472 5149 divino
3518 5098 3700 5153 aﬂlatu

2127 5178 2270 5233 edita
2312 5178 2598 5250 Scriptura
2642 5196 2751 5235 non
2791 5183 2960 5235 novit.
3004 5180 3072 5235 Et
3113 5194 3271 5238 antea
3310 5186 3518 5256 quidem
3556 5190 3701 5241 exsi-

519 5329 637 5409 “_-:'
659 5328 822 5409 ﬂetur.
846 5346 924 5409 _t_v_,
959 5330 1046 5384 15.
1232 5331 1471 5409 (ιρι-ζαν,
1503 5328 1589 5383 85.
1666 5330 1707 5360 ’⁷
1739 5327 1840 5409 Ιεξιζ
1871 5344 1993 5395 LIII,

2155 5331 2202 5363 "
2229 5329 2387 5386 Joan.
2415 5348 2451 5397 ι,
2481 5333 2565 5387 Η.
2645 5335 2689 5366 υ
2716 5336 3015 5403 Matth.m,
3053 5336 3141 5392 i6.
3219 5336 3265 5369 ³⁸
3300 5335 3440 5394 Psal.
3479 5356 3701 5409 untr,

451 5400 639 5454 10-19..
715 5400 757 5431 ³⁸
788 5400 809 5453 ι
846 5400 963 5453 Titn
996 5417 1076 5463 ιιι,
1108 5400 1191 5453 16.
1267 5401 1311 5430 ³³
1346 5397 1489 5454 Psal.
1524 5399 1861 5461 I.XxXtV,12.

522 5515 632 5583 (7'2)
665 5515 795 5581 Quae
824 5515 1182 5571 semicirculis
1212 5516 1563 5571 includuntur
1590 5516 1798 5587 adjecta
1839 5526 1969 5573 sunt
1998 5534 2029 5574 a

450 5602 595 5641 COI‘I‘.

525 5655 633 5728 (ἶῒρ)
669 5654 824 5728 Qorr.
858 5655 955 5728 τὴν
984 5654 1101 5727 ἴσην
1134 5657 1378 5728 δύναμιν.

525 5720 633 5797 (ψ
670 5725 824 5797 Qorr.
855 5720 922 5794 ἦν
954 5720 1116 5797 αὐτῷ.

525 5794 639 5866 (75)
667 5795 819 5850 Corr.
850 5794 1327 5869 προσφυσήματος.

2211 5516 2323 5585 (76)
2352 5516 2428 5570 Ita
2456 5532 2623 5579 corr.,
2642 5518 2796 5587 prius
2821 5525 2999 5572 autem
3033 5518 3087 5573 in
3114 5528 3265 5575 textu
3290 5524 3515 5578 deerant
3540 5525 3708 5581 verba

2138 5588 2371 5651 inclusa,
2418 5604 2540 5655 quae
2585 5596 2765 5643 tamen
2843 5592 3113 5643 sermonis
3164 5593 3337 5647 series
3390 5601 3702 5650 necessario

2135 5657 2563 5799 jsilgigpostularc
2604 5658 2848 5726 videtur;
2903 5674 3026 5717 nam
3068 5658 3367 5733 Scriptura:
3393 5662 3581 5723 Patres
3608 5666 3702 5721 ad-

2164 5744 2193 5780 ιι
2279 5744 2335 5781 Ι.

2164 5744 2335 5781 unmt.
