4146 6386
513 421 651 479 1147
1749 418 1806 472 S.
1845 417 2056 473 GREGC

2156 420 2171 472 l
2207 416 2495 473 NYSSENI
3619 424 3640 476 1
3663 425 3761 479 HS

510 544 603 596 stit
627 583 642 606 ,
676 540 853 611 inquit
886 540 1252 610 Apollinaris,
1285 541 1439 595 homo
1478 541 1758 607 Christus,
1792 558 1894 595 non
1930 558 1991 593 ac
2035 560 2056 594 δ

2189 543 2286 612 μὲν
2311 545 2403 596 ἐπὶ
2440 543 2633 607 λέξεως
2656 542 2747 595 τοῦ
2786 542 3123 614 λογογράφου
3158 544 3225 597 τὰ
3257 545 3494 615 ῥήματα.
3538 547 3755 619 Ἐπειδὴ

511 633 742 702 Spiritus
764 675 777 697 ,
814 633 909 685 hoc
940 644 1015 685 est
1060 632 1230 694 Deus,
1263 635 1412 686 aliud
1444 634 1507 687 ab
1538 636 1653 703 ipso
1682 644 1856 695 esset;
1897 634 1986 687 sed
2021 652 2051 686 α

2180 634 2237 687 δέ
2266 634 2375 703 (77)
2417 652 2532 697 πως
2571 637 2636 705 τῇ
2668 635 2853 705 άτονίᾳ
2894 635 2993 703 τῆς
3034 636 3432 706 ὲρμηνευτικῆς
3470 638 3756 710 δυνάμεως

507 724 557 775 si
595 721 850 775 Dominus
884 724 937 774 in
972 721 1068 775 Dei
1106 722 1331 777 hominis
1383 733 1576 775 natura
1614 722 1823 776 divinus
1853 722 2053 790 Spiritu

2177 726 2277 779 οὐκ
2306 726 2443 795 ἄγαν
2483 726 2703 795 ἔκδηλόν
2748 728 2956 787 ἐστι,ὲν
2989 728 3254 796 σαφηνείᾳ
3281 727 3341 780 τὸ
3373 730 3579 799 νόημα·
3620 731 3757 801 πρό-

508 816 664 883 foret.
716 816 839 871 llaec
896 818 963 874 ad
1011 817 1237 873 verbum
1278 823 1405 870 sunt
1444 816 1564 884 ejus
1600 813 1768 868 dicta.
1810 814 2056 879 Quonian

2175 833 2332 885 τερον
2356 817 2735 887 ἁπογυμνώσω
2763 816 2854 871 τοῦ
2899 815 3061 884 ζόφου
3089 817 3188 886 τῆς
3225 817 3423 883 λέξεως
3446 820 3543 891 τὴν
3571 822 3756 889 ἐγκει-

505 922 636 961 vero
678 923 787 978 prae
840 910 1078 978 quodam
1124 906 1444 962 elocutoria:
1494 906 1775 959 facultatis
1822 915 2043 975 torpore

2179 909 2345 979 μένην
2377 909 2634 967 διάνοιαν.
2668 904 2768 963 εἷθ’
2793 908 2934 962 οὕτω
2971 909 3263 981 προσθήσω
3290 913 3355 982 τῇ
3395 912 3634 977 ἐξετάσει
3660 913 3756 966 τὸν

502 1000 635 1068 quid
672 1002 724 1054 in
756 1001 843 1055 his
873 1002 978 1055 sibi
1005 1001 1136 1055 velit
1166 1015 1272 1054 non
1302 998 1594 1052 admodum
1626 1006 1809 1067 patet,
1841 998 2078 1067 primum
2175 997 2350 1066 λόγον.

501 1093 789 1146 verborum
826 1094 1057 1163 caligine
1084 1092 1333 1147 discussa
1355 1130 1371 1154 ,
1407 1091 1626 1145 insitum
1661 1091 1795 1159 ipsis
1825 1106 2051 1146 sensum
2072 1089 2319 1145 inlucem
2356 1090 2627 1160 proferam
2654 1131 2668 1155 ,
2694 1105 2759 1146 ac
2787 1091 2986 1147 deinde
3009 1091 3128 1160 ejus
3160 1094 3482 1147 sententiam
3514 1091 3751 1149 examini

501 1188 811 1242 subiiciam.

576 1205 605 1240 υ
633 1205 811 1240 ιοιειιη.

570 1205 706 1330 XIIII.
731 1277 899 1330 Antea
924 1276 1150 1346 quidem,
1178 1276 1372 1345 inquit,
1400 1275 1607 1329 exsistit
1630 1275 1784 1330 homo
1808 1274 2073 1329 Christus.

500 1369 625 1423 llaec
699 1370 806 1422 duo
873 1376 1134 1437 tanquam
1194 1366 1356 1421 simul
1426 1366 1720 1435 conjuncta
1786 1366 2073 1435 intelligit,

504 1460 736 1515 Verbum
772 1459 918 1529 quod
969 1459 1023 1512 in
1073 1458 1345 1528 principio
1376 1467 1514 1523 erat,
1567 1465 1621 1511 et
1655 1456 1934 1511 hominem
1977 1458 2071 1527 qui

499 1550 754 1619 apparuit
796 1549 849 1601 in
895 1557 1161 1617 tempore,
1199 1547 1357 1616 quasi
1386 1554 1512 1599 ante
1540 1544 1864 1610 exstitisset,
1905 1560 2069 1615 quam

498 1639 963 1701 manifestaretur,
1021 1645 1076 1692 et
1123 1638 1332 1691 clarius
1376 1637 1432 1690 in
1469 1636 1557 1691 his
1602 1651 1723 1705 qua:
1765 1646 2062 1705 sequuntur

420 1740 427 1755 ί
497 1732 695 1785 mentis
725 1744 837 1783 suae
876 1744 1099 1784 sensum
1150 1726 1344 1798 aperit,
1378 1728 1507 1782 dum
1546 1728 1623 1780 ait
1654 1727 1815 1780 Aliud
1858 1727 1923 1780 ab
1956 1730 2067 1795 ipso

495 1840 599 1877 non
662 1840 773 1877 esse
826 1821 1125 1890 Spiritum;
1171 1830 1428 1877 astruens
1471 1820 1623 1876 hisce
1664 1821 1846 1879 verbis
1894 1821 2066 1890 ipsam

495 1912 618 1967 Filii
674 1914 1016 1968 divinitatem
1073 1913 1144 1967 ab
1189 1913 1346 1966 initio
1394 1913 1670 1967 hominem
1716 1927 1839 1966 esse
1875 1931 1887 1967 :
1921 1914 2063 1981 quod

494 2005 842 2059 manifestius
871 2005 1129 2073 deinceps
1169 2003 1433 2066 declarat,
1475 2004 1601 2057 dum
1652 2004 1852 2073 inquit,
1884 2003 2068 2058 Domi-

493 2113 594 2151 nus
618 2098 672 2151 in
722 2096 821 2151 Dei
872 2097 1099 2149 hominis
1150 2105 1347 2149 natura
1394 2097 1600 2150 divinus
1652 2096 1883 2165 Spiritus
1926 2108 2063 2151 erat.

492 2186 669 2259 .Unam
709 2186 802 2241 Dei
847 2194 902 2239 et
933 2184 1172 2240 hominis
1209 2197 1458 2239 naturam
1490 2186 1795 2248 constituit,
1830 2194 1883 2241 et
1928 2186 2066 2240 duo-

492 2294 615 2332 rum
685 2278 967 2331 hominum
1030 2277 1412 2331 confusionem
1467 2285 1649 2331 vocat.
1697 2276 1828 2346 Ejus
1882 2277 2067 2346 itaque

492 2370 786 2423 verborum
838 2383 1036 2424 sensus
1087 2368 1175 2422 hic
1219 2378 1322 2432 est,
1374 2368 1524 2422 illum
1572 2369 1780 2424 scilicet
1828 2370 1922 2438 qui
1970 2385 2065 2439 per

490 2460 769 2531 Virginem
820 2459 1204 2514 manifestatus
1258 2470 1345 2514 est
1395 2460 1451 2514 in
1509 2476 1694 2526 carne,
1749 2476 1854 2513 non
1902 2462 2064 2515 modo

488 2550 790 2607 secundum
853 2551 1073 2605 deitatis
1138 2552 1536 2614 aeternitatem,
1606 2551 2061 2620 quemadmodum

488 2656 684 2697 on‘iues
724 2641 1022 2707 credimus,
1070 2642 1166 2695 sed
1206 2649 1260 2695 et
1303 2638 1605 2695 secundum
1634 2641 1806 2710 ipsam
1840 2656 2059 2696 carnem

487 2734 705 2789 cunctis
746 2733 950 2787 creatis
983 2732 1148 2787 rebus
1180 2731 1415 2801 priorem
1462 2732 1711 2802 intelligi.
1749 2730 1870 2786 Mox
1913 2734 2059 2786 enim

489 2827 772 2897 subjungit
802 2826 868 2880 ad
910 2827 1052 2879 hanc
1086 2838 1239 2879 suam
1285 2824 1596 2893 opinionem
1630 2824 2057 2879 continuandam

489 2921 621 2973 illud
650 2919 879 2984 Christi,
904 2919 1199 2986 Antequam
1228 2915 1495 2969 Abraham
1523 2918 1695 2984 ﬁeret,
1725 2933 1817 2986 ego
1845 2918 2054 2983 sum”;

488 3008 622 3062 illud
660 3006 890 3061 Joannis
928 3006 1204 3075 Baptistae,
1247 3005 1406 3057 Prior
1446 3021 1525 3057 me
1555 3016 1671 3058 erat
1693 3006 1773 3070 3";
1826 3014 1879 3060 et
1928 3008 2058 3060 illud

486 3101 755 3169 Apostoli,
786 3099 854 3152 Et
891 3115 1026 3152 unus
1070 3097 1328 3151 Dontinus
1357 3113 1449 3165 per
1490 3114 1643 3167 quem
1678 3100 1859 3152 omnia
1877 3100 1954 3164 ³⁸;
1984 3109 2056 3161 et,

492 3192 611 3259 Ipse
632 3200 709 3245 est
754 3198 876 3244 ante
926 3188 1201 3254 euntes“;
1239 3202 1303 3241 ac
1348 3195 1612 3257 praeterea
1666 3189 1771 3241 alia
1809 3189 2056 3258 quaedam

488 3284 767 3339 Zachariae
812 3282 1091 3351 propheta:
1128 3281 1315 3344 verba,
1350 3296 1473 3348 quae
1505 3289 1691 3349 utpote
1725 3296 1821 3349 per
1849 3282 1951 3332 vim
1990 3281 2058 3335 ad

486 3376 634 3429 hunc
667 3372 788 3441 ejus
836 3387 1061 3441 scopum
1101 3376 1375 3440 pertracta
1422 3369 1761 3423 omittemus.
1795 3367 2057 3438 Equidem

485 3467 531 3519 si
564 3465 751 3533 aliquo
796 3462 1193 3517 sententiarum
1248 3459 1532 3514 involucra
1590 3459 1843 3514 absurda:
1895 3460 2058 3528 hujus

483 3552 766 3622 opinionis
800 3550 1049 3620 probatio
1090 3556 1389 3617 tegeretur,
1426 3557 1571 3603 recte
1615 3551 1801 3618 utique
1835 3550 1888 3602 iu
1920 3566 2057 3604 con-

486 3641 728 3697 futandis
760 3656 883 3710 qua:
906 3638 1114 3693 occulta
1141 3637 1319 3691 forent
1348 3652 1569 3707 cperam
1599 3652 1857 3706 ponerent
1880 3656 1895 3704 ;
1922 3655 2055 3707 quo-

484 3738 633 3790 niam
666 3750 793 3788 vero
838 3740 1023 3801 aperte
1057 3730 1393 3800 impietatem
1427 3728 1783 3795 vociferatur,
1834 3746 1944 3783 non
1976 3730 2057 3784 vi-

482 3829 587 3882 deo
610 3825 740 3896 quid
780 3824 1013 3893 atnplius
1048 3823 1254 3877 nostris
1285 3821 1636 3877 sermonibus
1668 3822 2052 3876 conficeretur.

484 3918 542 3972 Si
588 3924 715 3971 ante
760 3916 958 3971 saecula
994 3928 1124 3967 caro
1171 3922 1277 3979 est,
1330 3912 1376 3967 si
1432 3920 1725 3981 antequam
1778 3913 2052 3967 Abraham

482 4012 635 4064 tieret
666 4008 779 4077 jam
821 4014 938 4061 erat
981 4005 1128 4075 quod
1171 4005 1239 4060 de
1271 4003 1491 4074 Virgine
1540 4010 1727 4056 natum
1776 4013 1879 4070 est,
1922 4019 2053 4074 ergo

482 4102 698 4157 Nachor
736 4108 895 4154 aetate.
933 4097 1190 4168 praecedit
1226 4095 1423 4167 Virgo;
1462 4110 1593 4165 ergo
1620 4104 1671 4150 et
1718 4104 1845 4149 ante
1878 4096 2049 4150 Adam

482 4193 674 4247 Maria.
716 4189 913 4244 Verum
949 4188 1080 4258 quid
1111 4188 1215 4242 hoc
1238 4188 1395 4241 dico?
1430 4186 1513 4239 vel
1548 4186 1688 4254 ipsa,
1722 4193 1780 4238 ut
1815 4184 2047 4248 videtur,

478 4286 723 4339 omnium
770 4298 955 4336 rerum
992 4281 1269 4335 creatione
1314 4279 1590 4347 antiquior
1632 4277 1756 4341 erit,
1806 4276 2050 4346 ipsisque

479 4377 695 4432 saeculis
740 4374 1028 4430 vetustior.
1071 4372 1129 4426 Si
1179 4372 1324 4425 enim
1361 4370 1678 4424 incarnatus
1718 4377 1803 4423 est
1844 4368 1899 4421 in
1934 4367 2050 4420 Vir-

477 4468 637 4537 gine;
666 4480 795 4519 caro
820 4475 997 4519 autem
1027 4462 1187 4518 Jesus
1208 4462 1443 4524 dicitur;
1479 4460 1665 4514 Jesum
1698 4470 1880 4513 autem
1921 4466 2047 4511 ante

2248 1276 2640 1344 Προῦπάρχει,
2680 1275 2862 1344 φησὶν,
2900 1278 2933 1328 ό
2962 1275 3270 1343 ἅνθρωπος
3300 1277 3568 1344 Χριστός.
3617 1277 3753 1330 Συν-

2175 1370 2379 1420 επινοεῖ
2422 1367 2499 1437 τῷ
2529 1368 2587 1419 ἐν
2615 1368 2757 1437 ἀρχῇ
2798 1367 2911 1419 ὄντι
2956 1367 3112 1436 Λόγῳ
3140 1368 3231 1420 τὸν
3277 1368 3510 1438 φανέντα
3542 1368 3753 1439 ἀνθρω-

2175 1475 2293 1519 πον,
2337 1458 2412 1520 ὡς
2462 1458 2882 1529 προϋπάρχοντα
2930 1458 3035 1528 πρὸ
3085 1461 3185 1529 τῆς
3240 1458 3617 1529 φανερώσεως,
3656 1461 3752 1513 καὶ

2172 1548 2596 1619 ὲπεξεργάζεται
2616 1548 2705 1601 διὰ
2732 1547 2824 1601 τοῦ
2858 1548 3146 1602 ἀκολούθου
3183 1550 3242 1603 τὸ
3263 1550 3457 1620 νόημα.
3481 1550 3617 1621 Φησὶ
3639 1551 3747 1621 γὰρ

2172 1641 2254 1694 ὅτι
2277 1643 2399 1708 Οὐχ
2420 1641 2623 1710 ἔτερόν
2649 1643 2780 1695 ἐστι
2827 1644 2959 1710 παρ’
2988 1642 3172 1695 αὐτὸν
3204 1644 3267 1695 τὸ
3295 1640 3552 1711 Πνεῦμα.
3576 1658 3747 1695 κατα-

2175 1733 2451 1795 σκευάζων
2479 1733 2565 1787 διὰ
2611 1733 2821 1796 τούτου,
2870 1734 3035 1804 αὐτὴν
3063 1734 3155 1787 τοῦ
3203 1733 3333 1788 Υίοῦ
3380 1733 3477 1805 τὴν
3519 1734 3748 1805 θεότητα

2173 1824 2232 1889 ἐξ
2264 1824 2438 1895 ἀρχῆς
2479 1824 2764 1896 ἄνθρωπον
2808 1821 2965 1888 εἶναι,
2998 1827 3132 1896 ὅπερ
3164 1826 3494 1896 σαφέστερον
3532 1825 3621 1880 διὰ
3651 1826 3743 1880 τοῦ

2100 1895 2139 1948 Β
2168 1912 2363 1983 ἐφεξῆς
2391 1895 2662 1967 δείκνυται
2685 1914 2843 1981 λόγου
2868 1931 2880 1942 ·
2912 1916 3045 1985 φησὶ
3066 1895 3197 1985 γάρ,
3228 1916 3309 1968 ὅτι
3446 1915 3745 1981 Κύριοςὲν

2167 2002 2241 2071 τῇ
2267 2002 2372 2055 τοῦ
2417 2003 2563 2057 Θεοῦ
2596 2002 2908 2071 ἀνθρώπου
2947 2005 3145 2072 φύσει,
3178 2003 3341 2059 θεῖον
3382 2004 3619 2074 Πνεῦμα

2166 2096 2311 2148 Μίαν
2355 2095 2573 2165 ἐποίησε
2614 2094 2707 2147 τοῦ
2756 2094 2892 2147 Θεοῦ
2938 2113 2997 2148 τε
3041 2096 3135 2149 καὶ
3179 2096 3273 2149 τοῦ
3316 2096 3601 2168 ἀνθρώπου
3642 2098 3742 2167 τὴν

2166 2184 2345 2254 φύσιν,
2392 2187 2486 2239 καὶ
2529 2184 2830 2256 ἀνθρώπων
2857 2187 2969 2257 (78)
3003 2186 3094 2239 δύο
3125 2188 3224 2258 τὴν
3251 2188 3575 2258 συναλοιφὴν
3604 2204 3741 2241 κατ-

2163 2277 2442 2346 ωνόμασεν
2462 2315 2477 2329 .
2521 2276 2587 2329 Ἦ
2627 2278 2726 2345 μὲν
2751 2272 2844 2330 οὖν
2882 2277 3089 2331 διάνοια
3119 2279 3226 2330 τῶν
3252 2279 3554 2349 εἰρημένων
3576 2278 3737 2343 αὕτη,

2164 2368 2244 2421 ὅτι
2281 2366 2342 2419 τὸ
2372 2368 2457 2420 διὰ
2490 2368 2689 2438 σαρκὸς
2728 2370 2793 2422 ὲκ
2836 2369 2936 2439 τῆς
2980 2368 3253 2439 Παρθένου
3300 2370 3628 2442 φανερωθὲν,
3676 2373 3736 2423 οὐ

2167 2457 2326 2527 μόνον
2357 2459 2496 2510 κατὰ
2525 2457 2621 2528 τὴν
2648 2457 2747 2526 τῆς
2780 2457 3032 2528 θεότητος
3072 2458 3348 2529 ἀῖδιότητα
3395 2463 3738 2531 προεπινοεῑ-

2163 2567 2251 2602 ται
2283 2549 2391 2601 τῶν
2422 2550 2609 2613 ὄντων,
2651 2548 2832 2612 καθὼς
2866 2549 3064 2613 πάντες
3088 2551 3434 2622 πιστεύομεν,
3477 2553 3612 2606 ἀλλά
3642 2553 3739 2607 καὶ

2164 2643 2283 2694 κατ’
2314 2641 2482 2711 αὐτὴν
2506 2641 2604 2711 τὴν
2638 2642 2814 2711 σάρκα
2840 2643 2974 2713 (79).
3011 2642 3235 2709 Ἐπάγει
3260 2644 3367 2713 γὰρ
3386 2647 3499 2707 τοῖς
3518 2646 3739 2715 εἰρημέ-

2163 2751 2273 2795 νοις
2301 2734 2380 2795 είς
2406 2733 2504 2801 τὴν
2534 2732 2632 2801 τῆς
2671 2732 2924 2802 τοιαύτης
2956 2733 3275 2803 ὑπολήψεως
3310 2738 3611 2806 μαρτυρίαν
3652 2737 3736 2803 τὸ,

2166 2824 2313 2891 Πρὶν
2375 2821 2615 2890 Ἀϐραὰμ
2666 2822 2963 2891 γενέσθαι,
3007 2824 3120 2892 ἐγώ
3170 2826 3285 2893 ειμι
3311 2842 3324 2856 ·
3361 2827 3454 2878 καὶ
3497 2827 3594 2895 τὴν
3643 2828 3736 2879 τοῦ

2173 2913 2415 2967 Ἰωάννου
2448 2914 2649 2983 φωνὴν,
2697 2915 2778 2978 τὸ,
2812 2914 3047 2982 Πρῶτός
3069 2932 3188 2983 μου
3217 2912 3324 2984 ἦν’
3377 2917 3490 2981 καὶ,
3514 2911 3614 2981 Εἷς
3630 2919 3742 2971 Κύ-

2152 3024 2303 3074 ριος,
2325 3006 2397 3058 δι’
2422 3001 2493 3060 οὗ
2527 3004 2596 3058 τὰ
2617 3005 2831 3061 πάντα·
2847 3007 2957 3070 καὶ,
2973 3009 3163 3073 Αὐτός
3183 3008 3312 3061 ἐστι
3335 3010 3448 3078 πρὸ
3466 3009 3734 3062 πάντων

2159 3097 2251 3149 καί
2276 3114 2397 3149 τινα
2420 3096 2513 3148 τοῦ
2543 3096 2809 3167 Ζαχαρίου
2842 3097 3021 3167 φωνὴν
3050 3098 3185 3165 (80),
3206 3098 3293 3168 ἢν,
3329 3098 3405 3163 ὡς
3440 3099 3733 3171 βεϐιασμέ-

2160 3202 2262 3250 νως
2297 3184 2431 3255 πρὸς
2460 3185 2549 3236 τὸν
2599 3184 2797 3237 σκοπὸν
2830 3183 3016 3238 τοῦτον
3058 3188 3430 3257 ὲπισυρεῖσαν,
3476 3190 3726 3261 παρήσο-

2164 3293 2282 3345 μεν.
2327 3275 2464 3342 Ἐγὼ
2494 3277 2669 3328 τοίνυν
2701 3278 2750 3328 εἰ
2792 3276 2890 3345 μὲν
2920 3277 3175 3330 ἐλάνθανε
3206 3278 3294 3331 διά
3338 3296 3483 3343 τινος
3524 3283 3732 3351 νοημά-

2158 3384 2267 3419 των
2296 3366 2586 3437 περιϐολῆς
2629 3368 2661 3436 ἡ
2708 3366 2801 3419 τοῦ
2831 3367 3031 3420 ἀτόπου
3078 3369 3408 3439 κατασκευὴ,
3462 3369 3635 3433 καλῶς
3665 3371 3732 3422 ἂν

2160 3458 2288 3527 περὶ
2319 3457 2408 3509 τὸν
2435 3457 2652 3526 ἔλεγχον
2677 3458 2784 3510 τῶν
2807 3458 3201 3529 κεκρυμμένων
3226 3461 3553 3524 ἐσπούδαζον
3572 3478 3587 3491 °
3612 3464 3733 3515 ἐπεὶ

2156 3547 2214 3600 δὲ
2270 3547 2561 3618 διαρρήδην
2627 3546 2724 3617 βοᾷ
2771 3548 2868 3618 τὴν
2920 3549 3207 3614 ἀσέϐειαν,
3258 3553 3357 3604 οὐκ
3405 3548 3523 3606 οἶδα
3566 3554 3619 3605 τί
3665 3556 3736 3609 ἄν

2158 3637 2317 3690 πλέον
2350 3640 2413 3690 ἐκ
2444 3638 2548 3689 τῶν
2578 3637 2856 3708 ἡμετέρων
2877 3639 3085 3707 γένοιτο
3110 3640 3300 3708 λόγων.
3322 3644 3387 3696 Εἰ
3412 3643 3735 3713 προαιιὶωιος

2154 3727 2188 3794 ή
2243 3724 2397 3795 σὰρξ,
2435 3728 2482 3778 ει
2530 3726 2635 3797 πρὸ
2678 3727 2771 3778 τοῦ
2812 3728 3061 3798 Ἀϐραάμ
3093 3730 3363 3797 γενέσθαι,
3392 3732 3453 3785 τὸ
3493 3733 3557 3785 ὲκ
3611 3735 3733 3786 Μα-

2158 3815 2279 3883 ρίας
2301 3811 2390 3884 ἦν,
2422 3816 2527 3887 ἄρα
2568 3818 2913 3889 πρεσϐυτέρα
2946 3819 3040 3872 τοῦ
3070 3820 3272 3892 Ναχὼρ
3311 3822 3422 3893 (81)
3451 3826 3483 3893 ἡ
3524 3824 3735 3895 Παρθέ-

2155 3923 2278 3970 νος·
2316 3906 2423 3978 ἄρα
2456 3910 2549 3960 καὶ
2582 3909 2688 3980 πρὸ
2721 3909 2813 3962 τοῦ
2876 3911 3045 3981 ’Δδάμ
3094 3914 3126 3981 ἡ
3180 3914 3385 3983 Μαρία.
3437 3916 3627 3969 Καίτοι
3674 3916 3731 3969 τί

2151 3998 2310 4053 τοῦτο
2340 4000 2514 4069 λέγω;
2544 4001 2737 4071 αὐτῆς,
2769 4002 2845 4065 ὡς
2896 4001 3063 4064 ἔοικε,
3108 4004 3453 4075 πρεσϐυτέρα
3497 4007 3592 4077 τῆς
3621 4007 3730 4059 τῶν

2151 4092 2318 4145 ὄντων
2353 4092 2682 4157 συστάσεως,
2717 4094 2812 4145 καὶ
2864 4093 3043 4146 αὐτῶν
3089 4094 3196 4147 τῶν
3244 4093 3455 4149 αἰώνων
3503 4096 3730 4167 ἀρχαιο-

2149 4182 2299 4254 τέρα.
2336 4184 2397 4236 Εί
2428 4184 2534 4256 γὰρ
2577 4184 2865 4255 ὲσαρκὼθη
2919 4184 3015 4253 μὲν
3049 4186 3105 4238 ὲν
3150 4188 3214 4256 τῇ
3262 4186 3554 4257 Παρθένῳ·
3590 4190 3624 4257 ἡ
3669 4189 3726 4241 δὲ

2152 4275 2287 4346 σὰρξ
2329 4276 2533 4346 Ἰησοῦς
2577 4277 2829 4344 λέγεται·
2865 4276 3070 4331 ἐκεῖνον
3097 4277 3153 4330 δὲ
3186 4276 3291 4347 πρὸ
3330 4277 3547 4331 πάντων
3588 4275 3726 4332 εἶναι

2146 4367 2235 4419 διὰ
2264 4367 2356 4419 τοῦ
2420 4367 2741 4420 ’Δποστόλου
2788 4367 3157 4439 μαρτύρεταιο
3211 4369 3287 4431 ὼς
3316 4367 3481 4432 ἔοικε,
3516 4373 3580 4440 τῇ
3630 4371 3724 4424 τοῦ

2148 4457 2360 4528 Πατρός
2408 4458 2669 4528 ἁῖδιότητι
2724 4458 3152 4513 συνεπινοείσθαι
3200 4460 3295 4513 καὶ
3347 4461 3444 4530 τὴν
3486 4462 3724 4531 Μαρίαν,

476 4557 663 4611 omnia
702 4571 825 4610 esse
855 4554 1085 4607 allii-mat
1122 4552 1448 4621 Apostolus;
1481 4560 1539 4604 ut
1570 4549 1795 4602 Mariam
1823 4556 2045 4602 coaeter-

2156 4552 2443 4618 ὒγενναῖος
2471 4552 2891 4615 κατασκευάζει.
2929 4552 3040 4604 Καὶ
3072 4551 3260 4603 σιωπῶ
3293 4550 3361 4604 τὰ
3403 4552 3520 4603 λίαν
3547 4554 3728 4621 ἀπεμι

474 4664 601 4703 nam
635 4646 782 4699 Patri
811 4645 1201 4713 intelligamus,
1228 4643 1479 4712 egregius
1500 4642 1602 4696 iste
1635 4641 1872 4710 scriptor
1903 4640 2039 4703 suis,

474 4742 530 4795 ni
572 4741 756 4804 fallor,
784 4738 1121 4807 argumentis
1158 4734 1342 4789 eﬂicit.
1381 4732 1487 4787 Sed
1525 4732 1861 4786 incredibilia
1890 4731 2043 4784 valde

468 4840 526 4886 et
558 4832 716 4901 plane
740 4830 968 4890 absona,
991 4829 1057 4882 ad
1086 4841 1207 4897 qua:
1234 4825 1288 4878 in
1329 4824 1512 4893 operis
1554 4836 1846 4891 progressu
1878 4821 2042 4890 hujus

472 4923 733 4976 novitatis
790 4935 984 4976 vocum
1038 4918 1370 4987 perversitas
1430 4914 1767 4984 provehitur,
1823 4914 2043 4968 silentio

2150 4642 2425 4711 φαίνοντα,
2461 4642 2595 4713 πρὸς
2638 4643 2675 4697 ἃ.
2717 4644 2857 4697 κατά
2896 4644 2957 4696 τὸ
3006 4643 3292 4696 ἀκόλουθον
3319 4646 3352 4714 ἡ
3390 4645 3583 4697 ἀτοπία
3630 4650 3726 4715 τῆς

2152 4734 2509 4803 καινοφωνίας
2540 4735 2651 4805 (82)
2688 4736 2976 4806 ἐκφέρεται
2998 4753 3012 4767 ’
3053 4734 3150 4787 ἴδοι
3196 4736 3301 4806 γὰρ
3333 4736 3397 4787 ἂν
3423 4738 3451 4788 ὁ
3476 4736 3725 4805 ἀγχίνους

2151 4830 2213 4879 ὲκ
2246 4826 2339 4878 τοῦ
2377 4826 2667 4879 ἀκολούθου
2716 4828 2777 4879 τὸ
2826 4826 3045 4890 ἄτοπον,
3086 4825 3186 4878 κᾶν
3220 4827 3293 4896 μὴ
3336 4828 3402 4896 τῇ
3450 4824 3589 4891 λέξει
3627 4826 3725 4895 τὴν

2151 4916 2534 4987 ἀσχημοσύνην
2570 4919 3047 4991 παραδηλώσωμεν
3076 4917 3208 4989 (85).

471 5017 863 5088 praetermitto;
912 5013 1200 5084 sagacibus
1245 5012 1390 5066 enim
1439 5010 1570 5065 viris
1617 5008 1775 5062 facile
1813 5010 1916 5062 erit
1955 5010 2189 5064 absurda
2228 5011 2340 5065 haec
2378 5027 2445 5066 ex
2485 5013 2553 5068 iis
2588 5028 2708 5082 qua:
2746 5013 2872 5067 inde
2909 5019 3320 5081 consequuntur
3355 5025 3720 5081 cognoscere,

466 5108 717 5181 quamvis
748 5121 937 5162 eorum
980 5104 1373 5176 turpitudinem
1404 5102 1609 5156 nostris
1650 5103 1828 5156 verbis
1866 5118 1974 5157 non
2005 5104 2362 5173 explicemus.

540 5227 585 5258 ³³
612 5224 769 5279 Joan.
801 5240 920 5289 vui,
953 5221 1039 5276 58.
1114 5220 1343 5274 “Joan.
1387 5235 1427 5283 ι,
1464 5217 1547 5273 15.
1622 5218 1666 5250 ³⁵
1723 5219 1743 5272 1
1806 5218 1933 5274 Cur.
1977 5235 2047 5274 νη

2156 5228 2180 5275 i.
2256 5222 2303 5253 ³⁸
2333 5220 2551 5278 Coloss.
2584 5237 2626 5287 1,
2664 5222 2751 5275 17.

536 5346 649 5416 (77)
684 5344 830 5399 Part.
859 5342 915 5397 δέ
940 5359 1083 5397 corr.
1110 5343 1232 5397 add.

538 5416 647 5481 (78)
679 5417 834 5471 Corr.
868 5416 1208 5481 πνευμάτων.

538 5432 647 5481 (ιδ)
679 5432 834 5471 ιιοιεν.
868 5432 998 5467 πνευ
1048 5432 1208 5467 ατων.

537 5486 649 5555 (79)
694 5484 903 5538 Similia
935 5432 1184 5538 referte};
1216 5481 1582 5555 hoclNysseui
1625 5480 2041 5555 OperehEiitlty-

465 5552 606 5610 mins
629 5555 933 5624 Zigabenus
964 5556 1017 5608 in
1058 5554 1276 5607 laudato
1314 5552 1740 5624 Punopltte_t_-ap.
1776 5553 1843 5606 l3
1868 5592 1881 5615 ,
1916 5568 2033 5622 pag.

463 5627 590 5691 523,
624 5621 765 5679 vers.
820 5623 885 5678 Ut
916 5624 1115 5693 probet,
1163 5625 1287 5678 licet
1334 5625 1555 5691 praecisa
1600 5621 1829 5693 NySscni
1873 5621 2035 5677 verba

463 5713 572 5752 non
597 5703 794 5750 servet.

534 5768 644 5834 (80)
677 5765 751 5819 De
772 5764 855 5819 Itis
886 5765 995 5833 agit
1028 5762 1192 5819 inira.

531 5836 644 5893 (Si)
702 5834 918 5890 Nachor
963 5834 1255 5891 Abraltaini
1316 5851 1470 5900 avus,
1508 5844 1559 5892 ct
1620 5836 1832 5891 Nathor
1895 5835 2030 5891 alter

2144 5342 2438 5397 Ahrahami
2466 5341 2636 5396 frater
2666 5358 2730 5396 ex
2761 5341 2937 5395 Thare
2966 5343 3165 5411 prim-is
3195 5340 3413 5395 Nachor
3441 5342 3572 5403 lilio,
3605 5356 3719 5394 me-

2140 5425 2424 5467 morantur
2452 5416 2505 5467 iu
2541 5414 2674 5467 libro
2698 5411 2970 5466 Geneseos
2992 5429 3110 5482 cap.
3133 5429 3209 5465 χι.
3227 5416 3404 5479 Qtare
3421 5428 3545 5482 cuin
3569 5411 3720 5465 Citri-

2139 5491 2257 5537 stus
2290 5494 2580 5552 antequam
2608 5484 2877 5535 Abraham
2905 5479 3142 5536 lieret'se
3161 5482 3439 5535 exstitisse
3469 5479 3715 5552 allirnu-t,

2138 5552 2360 5605 Mariam
2388 5550 2688 5607 secundum
2742 5552 2930 5605 falsam
2971 5553 3298 5620 Apollinaris
3352 5550 3715 5620 hypotltesim,

2133 5621 2653 5676 NachorAbrahami
2678 5638 2835 5675 avum
2863 5619 3445 5692 tetatepmzcessissea
3473 5619 3717 5692 Nysseno

2139 5692 2361 5746 dicitur.

2203 5763 2316 5829 (8‘2)
2344 5763 2499 5816 Corr.
2531 5762 2878 5831 κενοφωνίας.

2208 5833 2318 5905 (85)
2340 5833 2495 5890 Corr.
2531 5832 3069 5905 παραγυμνώσωμεν,
