4146 6386
424 413 562 470 IN!)

1578 417 1955 473 ADVERSUS
1990 417 2483 474 APOLLINAREM

3535 416 3671 470 “fit?

507 533 665 587 Ἀλλά
703 534 1145 606 παραδράμωμεν
1189 536 1284 607 τὴν
1334 536 1444 591 τῶν
1485 539 1769 609 νοημάτων
1798 538 1999 592 τούτων

2172 538 2313 593 XIV.
2362 538 2466 593 Sed
2500 536 2814 605 hujusmodi
2848 534 3244 591 sententiarum
3278 533 3503 588 fetorem
3533 549 3660 602 prae-

418 624 707 688 δυσωδίαν,
734 623 983 678 τοσοῦτον
1004 630 1527 700 παρασημηνάμενοι
1555 631 1740 701 μόνον’
1766 632 1876 703 (84)
1917 633 1999 685 ὅτι

422 719 471 769 εἰ
506 716 829 787 προαιώνιος
857 719 890 786 ἡ
939 718 1095 790 σὰρξ,
1126 720 1186 773 οὺ
1229 721 1526 774 κεκένωται
1572 724 1605 793 ἡ
1650 722 1855 792 θεότης,
1902 724 1999 794 οὐχ

423 808 668 878 ὑπῆρχεν
715 810 771 860 ὲν
815 807 948 862 Θεοῦ
1000 813 1178 881 μορφῇ
1214 812 1242 863 6
1292 811 1438 877 Υἱὸς,
1482 814 1544 866 οὐ
1588 814 1999 883 μετημφιάσατο

421 901 485 953 τὸ
542 900 783 954 δουλικὸν
832 903 1156 973 πρόσωπον*
1216 904 1330 956 ἀλλ’
1377 905 1512 977 ὅπερ
1569 902 1637 975 ἦν
1695 908 1760 976 τῇ
1814 905 1996 975 φύσει,

423 992 582 1045 τοῦτο
629 992 944 1065 ἐφανερώθη
994 994 1109 1057 νῦν,
1159 994 1258 1047 οὐκ
1300 996 1655 1067 ἐταπεινώθη.
1707 998 1891 1060 ’ἵλεως
1940 996 1998 1050 δὲ

424 1082 511 1153 εῐη
543 1081 622 1153 τῷ
667 1081 808 1152 λόγῳ
833 1085 860 1135 6
887 1083 1092 1150 Λόγοςο
1135 1081 1267 1135 ἀλλά
1317 1083 1505 1135 σιωπῶ
1551 1084 1612 1136 τὸ
1660 1083 1995 1153 λειπόμενον.

426 1176 489 1229 Εἰ
519 1175 623 1247 πρὸ
650 1176 865 1229 πάντων
894 1176 927 1246 ἡ
962 1175 1118 1246 σὰρξ,
1147 1173 1206 1238 ἐξ
1247 1173 1527 1239 ἀσθενείας
1557 1174 1663 1247 ἄρα
1691 1176 1758 1228 τά
1798 1176 1995 1238 πάντα,

425 1267 526 1320 οὐκ
572 1268 636 1319 ὲκ
682 1266 983 1335 δυνάμεως·
1033 1268 1101 1318 Τὸ
1154 1266 1261 1333 γὰρ
1307 1265 1542 1335 πνεῦμα
1591 1267 1914 1335 πρόθυμον,
1956 1267 1996 1335 ἠ

426 1358 495 1411 δὲ
544 1357 701 1426 σὰρξ
758 1357 1038 1423 ἀσθενής.
1106 1358 1247 1428 Ἀρα
1297 1359 1389 1412 καὶ
1450 1357 1610 1428 μέχρι
1662 1358 1850 1410 τούτου
1900 1358 1997 1429 τὴν

424 1450 652 1503 ἀτοπίαν
705 1450 905 1519 ἵστησι.
955 1449 1065 1501 Καὶ
1110 1448 1191 1511 τίς
1242 1450 1340 1501 οὐκ
1371 1449 1437 1502 ἂν
1472 1451 1537 1501 ὲκ
1568 1447 1661 1501 τοῦ
1708 1447 1995 1502 ἀκολούθου

425 1540 495 1594 τά
549 1540 866 1610 συνημμένα
916 1539 1028 1609 (85)
1075 1539 1286 1602 τούτοις
1340 1541 1719 1610 κατανοήσειε;
1776 1539 1999 1601 Πάντως

429 1633 537 1704 γὰρ
572 1633 746 1686 πάντα
770 1633 840 1685 τά
876 1632 973 1701 τῆς
1000 1632 1200 1703 σαρκὸς
1231 1632 1493 1703 ἰδιώματα
1522 1632 1893 1701 συνεπινοήσει
1922 1630 1998 1701 τῷ

434 1725 572 1794 μετὰ
600 1724 698 1791 τῆς
741 1723 939 1792 σαρκὸς
971 1723 1082 1776 ὄντι
1132 1724 1235 1796 πρὸ
1278 1723 1385 1775 τῶν
1415 1722 1645 1786 αἰώνων,
1687 1723 1779 1775 τὸν
1808 1721 1995 1783 κόπον,

428 1814 527 1885 τὴν
552 1813 749 1884 λύπην,
790 1814 850 1865 τὸ
893 1813 1148 1883 δάκρυον,
1180 1813 1276 1884 τὴν
1323 1813 1500 1882 δίψαν,
1548 1813 1639 1866 τὸν
1682 1812 1868 1879 ὕπνον,
1900 1810 1997 1882 τὴν

2101 639 2395 694 tereamus,
2425 630 2529 683 hoc
2569 638 2777 682 tantum
2821 629 2999 683 obiter
3044 626 3369 679 adnotantes
3402 642 3413 678 :
3450 627 3496 678 si
3544 633 3669 679 ante

2100 724 2302 778 szecula
2333 737 2463 776 caro
2499 721 2620 787 fuit,
2660 736 2768 774 non
2795 720 3075 774 exinanita
3120 726 3208 773 est
3238 717 3522 782 divinitas,
3560 730 3667 769 non

2099 822 2211 867 erat
2245 811 2299 865 in
2326 810 2420 866 Dei
2451 808 2627 863 forma
2650 808 2842 873 Filius,
2873 823 2982 862 non
3009 807 3153 863 servi
3186 807 3418 861 formam
3453 805 3667 872 induit;

2100 902 2196 958 sed
2232 901 2378 971 quod
2429 908 2547 954 erat
2578 910 2771 952 natura
2815 898 2869 951 id
2908 912 3055 951 nunc
3108 895 3383 966 apparuit,
3420 910 3527 948 non
3564 893 3668 946 htt-

2100 994 2343 1049 miliatus
2373 992 2493 1045 fuit.
2525 991 2779 1060 Ignoscat
2811 1000 2991 1044 autem
3020 987 3159 1044 meis
3189 987 3368 1042 verbis
3404 984 3667 1049 Verbum;

2100 1087 2197 1143 sed
2241 1085 2387 1155 quod
2428 1085 2700 1153 reliquum
2741 1094 2823 1136 est
2866 1081 3084 1136 silentio
3122 1088 3407 1150 praetereo.
3441 1076 3497 1132 Si
3546 1085 3672 1131 ante

2099 1182 2341 1233 Omnium
2377 1192 2556 1230 rerum
2599 1176 2934 1228 creationem
2971 1187 3103 1226 caro
3141 1172 3267 1237 fuit,
3292 1186 3423 1241 ergo
3456 1185 3551 1239 per
3583 1170 3673 1221 in-

2100 1270 2433 1331 firmitatem,
2472 1282 2579 1320 non
2605 1282 2701 1335 per
2732 1265 3029 1335 potentiam
3072 1271 3271 1317 cuncta
3304 1273 3485 1315 creata
3519 1267 3670 1324 sunt,

2099 1361 2335 1429 Spiritus
2368 1360 2505 1413 enim
2536 1370 2809 1426 promptus
2840 1365 2942 1422 est,
2983 1372 3108 1409 caro
3145 1364 3319 1408 autem
3364 1354 3580 1421 inﬁrma
3600 1352 3669 1406 ³⁷.

2099 1452 2243 1523 Ergo
2285 1459 2340 1507 et
2381 1451 2487 1504 huc
2524 1465 2697 1519 usque
2736 1449 2975 1503 hominis
3026 1448 3188 1502 istius
3234 1445 3455 1515 ineptiae
3485 1460 3672 1514 proce-

2098 1542 2253 1596 dunt.
2296 1540 2360 1594 Et
2398 1541 2650 1609 quisnam
2694 1554 2816 1609 qua:
2858 1539 2944 1592 his
2986 1546 3359 1591 consentanea
3409 1542 3558 1597 sunt,
3604 1549 3671 1586 ex

2098 1632 2506 1702 consequentiis
2535 1645 2657 1700 qua:
2692 1629 2819 1684 inde
2866 1627 3234 1691 deducuntur,
3284 1642 3392 1681 nou
3429 1624 3673 1678 animad-

2098 1724 2361 1778 verterit?
2396 1723 2609 1778 Cuncta
2646 1721 2792 1776 enim
2822 1735 2943 1790 quae
2983 1720 3131 1774 carni
3171 1727 3299 1774 sunt
3331 1717 3574 1789 prepria,
3615 1716 3672 1770 in

2098 1830 2165 1870 eo
2199 1815 2294 1885 qui
2331 1824 2458 1870 ante
2496 1814 2695 1869 saecula
2735 1827 2957 1867 carnem
3003 1811 3215 1874 habuit,
3244 1810 3470 1865 omnino
3509 1808 3671 1862 simul

431 1883 572 1960 κατὰ
604 1883 789 1957 πεῖναν
836 1904 1061 1967 ἔνδειαν,
1110 1907 1203 1959 κα).
1237 1883 1310 1958 τὸ
1354 1904 1471 1957 ἔστι
1514 1904 1625 1975 (86)
1676 1904 1865 1957 τούτου
1898 1921 2002 1956 πα-

2109 1883 2410 1974 intelligere
2453 1911 2688 1974 oportet,
2726 1903 2990 1964 laborem,
3042 1901 3339 1963 tristitiam,
3382 1901 3672 1971 lacrymas,

436 1998 825 2069 ραλογώτερον.
869 1997 1083 2068 Ἐπειδὴ
1128 1999 1183 2052 δὲ
1236 1997 1482 2051 Παιδίον
1509 1998 1801 2067 ἐγεννήθη
1834 1997 1996 2066 ἡμῖν,

432 2088 614 2152 καθὼς
671 2091 705 2160 ή
754 2088 871 2141 θεία
906 2089 1057 2158 φωνὴ
1088 2087 1234 2157 λέγει
1268 2088 1402 2157 (87).
1432 2088 1524 2140 καὶ
1543 2086 1697 2157 ὤφθη
1724 2086 1874 2156 παρά
1894 2087 2001 2139 τῶν

434 2180 706 2249 ποιμένων
732 2181 789 2232 ἐν
820 2179 1151 2251 σπαργάνοις
1173 2181 1201 2232 6
1244 2179 1466 2250 Κύριος,
1506 2178 1687 2241 καθώς
1706 2178 1815 2247 (88)
1840 2195 2001 2247 φησιν

432 2277 462 2328 6
512 2276 739 2335 Λουκᾶς,
800 2272 879 2325 ὅτι
932 2271 1303 2340 Προέκοπτεν
1344 2272 1574 2339 Ἰησοῦς
1629 2269 1855 2337 ἡλικίᾳ,
1902 2268 2003 2321 καὶ

432 2368 637 2436 σοφίᾳ,
658 2366 755 2420 καὶ
775 2364 984 2435 χάριτι,
1002 2363 1203 2418 τελειού
1212 2381 1371 2435 μενος
1390 2364 1465 2425 ὡς
1484 2363 1592 2434 (89)
1612 2364 1702 2415 ἐπὶ
1722 2362 1780 2414 τὸ
1806 2361 2002 2431 μέτρον

433 2457 665 2528 προῆλθε
687 2457 785 2526 τῆς
809 2455 1241 2527 ἀνθρωπότητος,
1270 2454 1373 2525 ὄδῷ
1414 2454 1642 2524 βαδίζων
1670 2454 1755 2507 διὰ
1780 2454 1880 2523 τῆς
1903 2452 2004 2522 φύ-

436 2567 591 2613 σεως,
610 2549 661 2601 τί
691 2547 874 2619 ἐροῦσι
896 2548 1001 2617 πρὸ
1018 2547 1127 2600 τῶν
1146 2547 1356 2600 αἰώνων
1374 2548 1473 2619 τὴν
1497 2548 1673 2618 σάρκα
1696 2545 2001 2617 βλέποντες,

434 2642 572 2711 ποίῳ
616 2641 796 2711 μέτρῳ
819 2639 911 2693 τοῦ
940 2638 1189 2710 σώματος
1217 2640 1321 2711 πρὸ
1349 2640 1455 2694 τῶν
1500 2640 1712 2694 αἰώνων
1756 2635 1855 2710 ἦνς
1907 2638 2005 2691 Διά

433 2732 614 2801 πάσης
638 2731 745 2800 γάρ
781 2731 839 2782 ὲν
870 2730 948 2800 τῷ
991 2733 1111 2784 κατ’
1140 2730 1421 2800 ἄνθρωπον
1473 2730 1572 2800 βίῳ
1616 2729 1855 2798 διεξῆλθε
1907 2732 2005 2801 τῆς

432 2824 667 2895 ἡλικίας.
704 2818 850 2894 ’Ἄρα
880 2825 1008 2885 παῖς
1060 2819 1128 2893 ἦν
1177 2823 1379 2885 ἐκεῖνος
1426 2823 1454 2875 6
1487 2821 1793 2894 ἄνθρωπος,
1840 2824 1868 2876 6
1900 2821 2006 2893 πρὸ

437 2917 618 2987 πάσης
649 2916 748 2985 τῆς
779 2916 1005 2978 κτίσεως
1035 2913 1129 2977 ὣν,
1165 2914 1199 2985 ἢ
1248 2914 1443 2985 βρέφος
1490 2916 1704 2983 νήπιον,
1745 2914 1777 2985 ἢ
1812 2914 2005 2984 μειρά-

435 3022 587 3067 κιον,
649 3006 681 3076 ἢ
737 3005 898 3067 εὐθὺς
961 3006 1018 3057 ὲν
1072 3003 1259 3073 τελείῳ
1309 3003 1387 3074 τῷ
1444 3004 1691 3074 σώματι;
1758 3003 1897 3056 Ἀλλ’
1957 3005 2007 3056 εἰ

436 3095 601 3149 παῖδα
631 3094 867 3162 λέγουσι,
896 3093 1111 3157 πάντως
1137 3093 1230 3147 καὶ
1258 3094 1436 3146 αἰτίαν
1478 3094 1860 3164 προσθήσουσι.
1890 3092 2007 3155 πῶς

2100 1998 2270 2060 sitim,
2310 2011 2581 2061 somnum,
2620 1994 2838 2057 famem,
2874 2001 2929 2048 et
2968 1995 3014 2047 si
3055 1992 3185 2063 quid
3238 1992 3322 2046 his
3357 1989 3671 2044 absurdius.

2100 2092 2369 2160 Quoniam
2398 2106 2526 2146 vero
2555 2090 2818 2145 Part-alus
2846 2099 3003 2143 natus
3034 2097 3111 2143 est
3149 2087 3298 2142 nobis
3318 2088 3382 2153 ³⁸,
3416 2085 3675 2155 quemad-

2102 2186 2321 2240 modum
2354 2184 2639 2253 Scriptura
2681 2184 2834 2246 dicit,
2878 2192 2931 2237 et
2962 2183 3159 2252 pannis
3190 2180 3469 2234 involutus
3513 2194 3544 2232 a
3579 2194 3675 2248 pa-

2102 2277 2345 2334 storibus
2371 2278 2525 2332 visus
2570 2284 2655 2331 est
2700 2275 2964 2329 Dominus
2980 2275 3047 2339 ³⁹,
3086 2280 3140 2328 et
3174 2272 3335 2327 sicuti
3369 2270 3547 2325 Lucas
3587 2272 3674 2324 in-

2102 2373 2242 2441 quit,
2270 2368 2427 2424 Iesus
2461 2367 2771 2438 proﬁciebat
2800 2376 2977 2429 aetate,
3022 2365 3286 2435 sapientia
3318 2372 3367 2417 et
3401 2363 3581 2434 gratia
3602 2364 3673 2428 ⁸⁸,

2103 2470 2156 2515 et
2202 2467 2335 2513 tunc
2387 2459 2441 2511 in
2490 2456 2794 2527 perfectum
2845 2454 3121 2510 hominem
3173 2455 3365 2517 evasit,
3411 2468 3534 2507 cum
3580 2467 3677 2523 per

2105 2558 2398 2605 consuetos
2438 2557 2645 2602 natura:
2692 2546 2895 2618 gradus
2926 2546 2993 2601 ad
3037 2546 3355 2599 virilitatem
3407 2545 3677 2615 pervenit,

2105 2642 2235 2712 quid
2282 2642 2466 2695 dicent
2516 2640 2611 2710 qui
2665 2647 2792 2694 ante
2835 2637 3036 2693 saecula
3082 2653 3302 2692 carnem
3359 2638 3413 2691 iu
3460 2635 3679 2691 Christo

2107 2732 2487 2802 conspiciunt?
2516 2732 2765 2797 Quonam
2796 2730 2851 2784 in
2881 2728 3129 2799 corporis
3160 2738 3301 2783 statu
3330 2736 3455 2781 ante
3480 2728 3678 2781 saecula

2106 2827 2262 2884 erat?
2294 2840 2418 2880 nam
2450 2824 2579 2879 dum
2607 2824 2661 2877 in
2694 2823 2949 2877 humanis
2984 2827 3184 2891 ageret,
3210 2833 3401 2874 omnes
3431 2819 3681 2873 humana:

2106 2919 2232 2973 vitae
2281 2926 2471 2972 aetates
2512 2915 2852 2985 pertransiit.
2894 2911 3155 2982 Nunquid
3199 2927 3336 2982 puer
3363 2919 3482 2967 erat
3518 2910 3682 2965 homo

2107 3010 2216 3071 ille,
2256 3009 2499 3063 onmium
2537 3023 2716 3062 rerum
2744 3007 3022 3061 creatione
3047 3005 3330 3065 vetustior.
3367 3004 3448 3058 vel
3485 3019 3681 3074 parvus

2109 3099 2321 3165 infans,
2351 3099 2435 3153 vel
2464 3098 2931 3161 adolescentulus,
2961 3098 3044 3151 vel
3070 3096 3256 3150 statim
3287 3094 3532 3164 perfecto
3561 3108 3682 3146 cor-

434 3185 689 3239 τοσούτου
723 3184 1079 3256 παρελθόντος
1108 3184 1301 3248 αἰῶνος
1328 3185 1419 3237 ἐπὶ
1448 3185 1509 3237 τὸ
1544 3183 1747 3237 τέλειον
1774 3187 1872 3253 τῆς
1890 3184 2006 3254 ἡλι-

2113 3205 2241 3259 pore
2276 3188 2569 3259 prazditus?
2595 3189 2666 3241 At
2701 3203 2927 3257 puerum
2965 3188 3010 3242 si
3053 3186 3261 3251 dicunt,
3302 3185 3523 3239 omnino
3548 3199 3683 3237 cau-

436 3278 563 3340 κίας
619 3276 717 3329 οὐκ
766 3274 1034 3345 ἕφθασεν;
1092 3276 1155 3327 Εἰ
1204 3274 1261 3327 δὲ
1309 3274 1511 3327 τέλειον
1558 3273 1795 3339 λέγουσι,
1853 3274 2007 3326 τοῦτο

2116 3297 2231 3336 sam
2282 3297 2379 3337 eos
2427 3280 2724 3350 adiungere
2769 3288 3005 3350 oportet,
3045 3294 3145 3333 cur
3176 3286 3261 3332 tot
3300 3286 3685 3346 tantorumque

440 3368 629 3439 μαθεῖν
661 3366 962 3436 ἀξιώσομεν
986 3366 1120 3436 (90),
1165 3365 1283 3427 πῶς
1321 3367 1380 3417 ἐν
1407 3367 1470 3436 τῇ
1518 3364 1829 3437 ἀνθρωπίνῃ
1856 3365 2006 3432 γενέ-

441 3474 523 3510 σει
574 3457 915 3511 συστέλλεται
957 3462 1036 3520 εἰς
1077 3456 1174 3527 τὴν
1223 3455 1465 3528 νηπιώδη
1499 3456 1848 3528 βραχύτητα;
1900 3456 2009 3509 Ποῦ

437 3549 753 3603 καταλείπει
798 3550 859 3602 τὸ
909 3548 1226 3619 περιττεῦον
1270 3548 1363 3601 τοῦ
1418 3548 1703 3619 σώματος;
1752 3549 1877 3613 Πῶς
1934 3548 2013 3613 εἰς

438 3642 626 3712 ὀλίγην
672 3640 1013 3711 περιγραφὴν
1064 3643 1092 3693 6
1128 3640 1290 3708 ὄγκος
1329 3642 1830 3712 ἀποσμικρύνεταις
1882 3639 2014 3696 Εἶτα

438 3732 602 3785 ¹πάλιν
644 3732 760 3794 πῶς
797 3731 932 3801 πρὸς
958 3730 1017 3784 τὸ
1044 3731 1173 3783 ίδιον
1203 3730 1399 3800 μέτρον
1440 3731 1701 3799 ἐπανάγει
1726 3732 1817 3785 τὸν
1854 3732 2015 3800 ὄγκον

438 3823 532 3878 τοῦ
568 3823 815 3893 σώματος
840 3840 855 3886 ;
896 3822 1119 3893 πότερον
1146 3822 1282 3890 ὅπερ
1308 3817 1449 3892 εἶχεν
1486 3822 1545 3888 ἐξ
1574 3824 1745 3894 ἀρχῆς
1772 3825 2011 3894 ἀναλαμ-

441 3916 617 3969 ϐάνων
654 3915 739 3967 διὰ
788 3915 886 3984 τῆς
925 3915 1043 3967 κατ’
1085 3913 1262 3980 ὀλίγον
1310 3913 1607 3983 αὐξήσεως,
1653 3914 1685 3984 ἢ
1730 3915 1913 3986 ἕτερον
1959 3918 2016 3968 ὲν

440 4005 620 4075 ἑαυτῷ
666 4006 755 4059 διὰ
785 4006 884 4075 τῆς
920 4005 1124 4076 τροφῆς
1155 4004 1498 4075 προστιθείς;
1547 4005 1686 4057 Ἀλλ’
1726 4008 1773 4059 εἰ
1820 4006 1917 4077 μὲν
1958 4009 2018 4059 τὸ

442 4099 666 4169 ἀρχαῖον
720 4098 987 4166 φήσουσι,
1075 4096 1333 4167 περιττὴν
1394 4095 1612 4159 πάντως
1660 4096 1758 4166 τὴν
1815 4098 2019 4168 τροφὴν

444 4189 843 4254 ἀποδείξουσινο
875 4188 1005 4242 εἰδὲ
1030 4188 1130 4241 οὐκ
1176 4187 1463 4259 ἀρνοῦνται
1496 4188 1608 4257 (91)
1650 4190 1855 4260 τροφῆς
1890 4207 2020 4260 μετ-

444 4281 733 4351 εσχηκέναι
764 4280 853 4333 τὸν
882 4277 1105 4350 Κύριον,
1132 4280 1183 4332 τί
1227 4279 1410 4349 ἐροῦσι
1441 4279 1572 4350 περὶ
1598 4280 1698 4349 τῆς
1724 4283 1833 4335 ἄνω
1854 4300 2021 4335 κατα-

444 4372 752 4442 λειφθείσης
782 4373 981 4443 σαρκός
1005 4390 1019 4437 ;
1061 4366 1168 4435 Ἦς
1200 4372 1258 4425 τὸ
1285 4372 1418 4425 πολὺ
1446 4371 1585 4425 κατά
1614 4373 1675 4425 τὸ
1712 4373 1859 4435 εἰκὸς
1887 4391 2021 4426 κατ-

444 4465 652 4536 ελήφθη
675 4464 808 4533 (92)⁶
835 4464 991 4534 μόνον
1019 4464 1075 4517 δὲ
1093 4464 1343 4519 τοσοῦτον
1363 4465 1457 4519 ἀπ’
1475 4466 1641 4535 αὐτῆς
1660 4465 1865 4538 ἐλήφθη
1886 4468 2019 4535 (95),

2113 3374 2441 3429 saeculorum
2477 3382 2799 3427 transcursu
2837 3372 2901 3426 ad
2933 3370 3224 3442 perfectam
3250 3386 3357 3425 non
3382 3368 3688 3439 pervenerit

2112 3476 2341 3522 mtatem.
2390 3466 2485 3519 Sin
2518 3481 2647 3520 vero
2678 3463 2977 3534 perfectum
3026 3463 3301 3517 hominem
3339 3462 3548 3525 dicunt,
3585 3460 3687 3513 hoc

2116 3566 2370 3634 petimus,
2405 3576 2462 3618 ut
2514 3579 2615 3619 nos
2643 3563 2898 3625 doceant,
2934 3561 3211 3631 quomodo
3243 3559 3370 3614 dum
3416 3557 3689 3628 eVii-gine

2116 3655 2401 3719 nascitur,
2462 3652 2517 3706 in
2581 3651 2808 3706 infantis
2865 3651 3250 3722 corpusculum
3309 3647 3688 3703 contrahitur?

2117 3727 2351 3800 Ubinam
2395 3744 2673 3800 residuam
2710 3744 2957 3812 corporis
2996 3750 3206 3812 partem
3250 3740 3507 3810 reliquit?
3543 3739 3693 3805 Quo-

2119 3835 2283 3889 modo
2314 3835 2561 3905 ejusdem
2597 3834 2770 3888 moles
2800 3834 2880 3887 sic
2903 3840 2989 3887 est
3032 3832 3317 3885 imminuta
3347 3840 3405 3884 ut
3438 3830 3692 3885 terminis

2118 3926 2332 3996 exiguis
2378 3924 2971 3979 circnmscribcrelur?
3007 3921 3212 3977 Deinde
3247 3921 3520 3992 quomodo
3565 3937 3689 3975 rur-

2120 4035 2215 4075 sus
2249 4020 2301 4073 in
2346 4019 2633 4088 pristinum
2666 4027 2865 4071 statum
2900 4014 3145 4069 eamdem
3198 4013 3445 4083 corporis
3493 4014 3685 4067 molem

2120 4109 2400 4179 restituit}?
2431 4108 2632 4163 Eamne
2666 4124 2826 4176 quam
2876 4107 2944 4161 ab
2984 4106 3140 4160 initio
3181 4105 3412 4160 habebat
3446 4118 3694 4174 carnem,

2121 4200 2381 4270 paulatim
2413 4200 2730 4259 crescendo,
2768 4198 2965 4251 iterum
2998 4211 3246 4259 sumens,
3294 4210 3362 4248 an
3394 4196 3552 4248 aliam
3585 4198 3691 4254 sibi

2124 4290 2242 4358 ipse
2270 4305 2367 4361 per
2390 4289 2743 4343 nutritionem
2774 4288 3079 4360 adjungens
3099 4288 3123 4340 ’ί
3147 4286 3202 4341 Si
3232 4287 3519 4357 pristinam
3541 4286 3693 4340 dixe-

2124 4380 2255 4443 rint,
2306 4379 2595 4434 ostendent
2651 4380 2809 4449 plane
2865 4394 3331 4449 supervacaneum
3395 4377 3475 4431 illi
3524 4376 3698 4430 fuisse

2124 4471 2561 4537 nutrimentum;
2594 4471 2676 4524 sin
2712 4487 2843 4525 vero
2886 4470 3173 4524 Dominum
3212 4469 3535 4524 nutrimenti
3573 4480 3699 4537 par-

444 4561 567 4613 ὄσον
605 4562 638 4629 ἡ
684 4560 843 4630 νηδὺς
878 4560 973 4629 τῆς
1023 4558 1303 4629 Παρθένου
1344 4558 1611 4628 ἐχώρησε.
1647 4560 1871 4622 Πάντως
1915 4560 2007 4629 γάρ

2126 4563 2348 4632 ticipem
2401 4562 2573 4617 fuisse
2612 4563 3008 4626 concesserint,
3040 4561 3171 4632 quid
3204 4562 3389 4616 dicent
3426 4560 3494 4615 de
3532 4575 3699 4614 carne

444 4669 498 4704 τι
528 4651 621 4703 καὶ
650 4651 779 4722 περὶ
802 4651 970 4720 αὐτῆς
999 4650 1433 4721 τερατεύσονται,
1473 4650 1564 4703 καὶ
1593 4650 1911 4721 συνθήσουσι
1936 4649 2007 4703 διὲ

2129 4654 2182 4707 in
2208 4654 2349 4707 caelo
2382 4654 2614 4708 relicta?
2663 4653 2909 4724 Magnam
2938 4654 3102 4717 enim,
3143 4662 3200 4706 ut
3232 4668 3328 4721 par
3352 4660 3457 4716 est,
3489 4661 3695 4722 partem

445 4742 647 4796 τούτων
680 4742 841 4813 ἕτερα
891 4742 1158 4811 δόγματα,
1185 4743 1269 4809 ἐφ’
1318 4740 1459 4811 ἅπερ
1510 4742 1705 4805 αὐτοὺς
1731 4744 1764 4812 ἡ
1802 4741 2023 4795 ἀκολου-

447 4833 536 4886 θία
563 4836 662 4903 τῆς
703 4833 929 4896 ἀτοπίας
960 4832 1067 4884 τῶν
1102 4831 1283 4901 μύθων
1327 4832 1447 4883 κατ’
1494 4832 1737 4901 ἀνάγκην
1779 4833 2018 4903 προάγη-

445 4941 536 4977 ται
568 4924 702 4995 (94).

2130 4745 2385 4815 reliquit;
2421 4753 2476 4798 et
2516 4752 2726 4798 tantum
2774 4761 2838 4799 ex
2874 4744 2963 4797 illa
3016 4745 3119 4799 sibi
3150 4743 3417 4797 duntaxat
3450 4757 3700 4797 reserva-

2128 4835 2207 4887 vit
2239 4843 2503 4905 quantum
2540 4833 2781 4905 Virginis
2815 4846 3002 4891 uterus
3034 4850 3233 4905 capere
3281 4842 3518 4904 poterat.
3557 4832 3701 4887 Sane

2130 4935 2502 4996 portentosum
2541 4927 2747 4996 aliquid
2792 4928 2859 4982 de
2904 4928 3019 4998 ipsa
3063 4942 3284 4997 quoque
3323 4926 3595 4988 efl‘utient,
3647 4933 3703 4979 et

447 5036 517 5075 ex
559 5021 959 5075 assertionibus
1010 5020 1131 5076 istis
1162 5019 1391 5090 gradum
1428 5020 1514 5074 vel
1564 5019 1719 5073 inviti
1769 5020 1871 5076 sibi
1928 5020 2133 5077 facient
2162 5022 2231 5076 ad
2261 5024 2367 5076 alia
2406 5022 2694 5078 conflanda
2756 5024 3009 5097 dogmata
3067 5038 3188 5093 qua:
3254 5038 3321 5077 ex
3386 5019 3703 5091 hujusmodi

449 5112 755 5171 fabularum
787 5115 1027 5168 vanitate
1052 5114 1364 5169 necessario
1393 5121 1825 5183 consequuntur.

519 5228 563 5259 ³⁷
598 5228 787 5284 Matth.
823 5244 973 5293 xxvr,
1002 5228 1093 5283 41.
1168 5227 1216 5260 ³⁸
1242 5226 1344 5283 lsa.
1382 5243 1459 5291 rx,
1516 5228 1569 5281 6.
1644 5227 1690 5259 ”
1712 5226 1845 5281 Luc.
1878 5241 1941 5291 ll,
1976 5228 1999 5280 1

2109 5225 2188 5280 l6.
2266 5226 2312 5259 ⁸⁰
2339 5227 2495 5293 ibid.,
2531 5227 2620 5283 52.

523 5344 633 5414 (84)
664 5343 759 5399 Hic
790 5345 943 5401 locus
971 5360 1145 5413 usque
1170 5343 1237 5398 ad
1266 5344 1379 5414 illa,
1414 5342 1727 5414 ἐφανερώθη
1757 5342 1852 5397 νῦν
1904 5344 2024 5398 lau-

451 5412 623 5468 datur'
655 5412 1115 5496 totidevaerbis
1155 5415 1224 5468 ab
1273 5412 1884 5496 Euthymioligaheno
1932 5416 2023 5496 ubi

453 5500 639 5552 supra,
672 5501 791 5553 pag.
826 5485 963 5546 524.
1001 5487 1054 5539 in
1111 5485 1465 5554 sequentibus
1512 5492 1690 5537 autem
1742 5498 1916 5551 usque
1960 5485 2025 5535 ad

453 5555 611 5606 verba
648 5555 706 5606 Et
735 5557 792 5606 δὲ
811 5555 1012 5606 τέλειον
1042 5556 1083 5606 C
1113 5557 1180 5606 2.
1233 5570 1451 5606 sensum
1502 5562 1711 5606 tantum
1767 5568 2025 5606 auorum-

451 5555 611 5606 verba
648 5555 706 5607 Et
735 5557 792 5610 δὲ
811 5555 1012 5608 τέλειον
1042 5556 1083 5609 C
1113 5557 1180 5620 2,
1233 5570 1451 5609 sensum
1502 5562 1711 5607 tantum
1767 5568 2029 5620 quorum-

450 5622 576 5677 dam
596 5622 822 5691 Nysseni
842 5636 1307 5689 argumentorum.
1337 5641 1442 5678 non
1466 5626 1627 5679 etiam
1650 5622 1811 5677 verba
1844 5623 2029 5678 refert.

523 5692 633 5765 (85)
660 5692 815 5765 Qorr.
844 5696 936 5765 καὶ
966 5694 1034 5747 τὰ
1063 5694 1396 5765 συνημμένα.

523 5764 635 5830 (86)
672 5762 812 5829 Lege
843 5763 923 5815 ἔτι
955 5781 1050 5832 pro
1078 5762 1214 5819 ἔστιζ

526 5833 639 5897 (87)
672 5832 830 5886 Corr.
868 5832 984 5902 βοᾷ.

529 5902 643 5967 (88)
673 5902 828 5959 Corr.
862 5906 955 5957 καὶ
978 5903 1177 5969 καθώς.

2199 5343 2305 5413 (89)
2330 5344 2487 5398 Corr.
2516 5345 2640 5406 ἕως.

2203 5414 2315 5483 (90)
2356 5414 2704 5485 Ηιιιιοοῑίοιη
2740 5412 2921 5485 locum
2958 5430 3131 5483 usque
3159 5415 3223 5469 ad
3253 5415 3414 5470 verba
3444 5417 3708 5485 ἰ11;1,ἡνηο

2131 5462 3553 5564 spg'ag.assesasses,gr;;.~p;._.;.ig.a;tgggii
3583 5462 3709 5540 Et:

2134 5554 2375 5623 thymins
2403 5555 2522 5605 loco
2562 5568 2685 5605 mox
2724 5554 2955 5609 lzunlato.
2990 5570 3111 5623 pag.
3150 5556 3274 5618 5'25,
3311 5557 3404 5610 lin.
3441 5559 3490 5611 1.

2209 5622 2318 5689 (9|)
2356 5622 2427 5673 Ita
2457 5638 2601 5676 corr.
2631 5630 2788 5676 antea
2810 5622 3092 5693 ἀρνῶνται.

2210 5693 2321 5761 (92)
2356 5693 2431 5745 Ita
2457 5708 2600 5746 corr.
2634 5704 2791 5746 antea
2820 5695 3253 5764 καταλελεῖφθαι.

2207 5764 2320 5825 (95)
2350 5764 2427 5832 Ita
2446 5778 2592 5816 corr.
2634 5770 2788 5817 antea
2825 5764 3093 5832 εἰλῆφθαι.

2213 5834 2323 5905 (υιί)
2355 5830 2396 5885 'l'
2404 5833 2482 5887 ria
2508 5834 2625 5890 haec
2655 5830 2966 5905 prostrcma
2987 5836 3153 5891 verba
3177 5850 3327 5891 corr.
3358 5836 3485 5893 add.
