4146 6386
424 324 561 379 ιιδὸ

1593 329 1961 387 ADVERSUS
1999 329 2509 391 APOLLINAREM.

3536 344 3679 402 1154

422 438 604 493 κὶνειν
632 439 721 492 τὸν
766 439 938 509 λόγον.
988 442 1078 505 Εἰς
1112 441 1220 512 γὰρ
1264 441 1566 513 μαρτυρίαν
1596 443 1688 496 τοῦ
1722 444 1806 496 ἀεὶ
1834 444 1995 497 αὑτὸν

2099 460 2235 515 que,
2259 446 2595 517 superﬂuum
2626 458 2774 506 esset
2800 450 2855 506 in
2879 451 3098 523 longum
3128 455 3445 524 protrahere
3467 473 3679 515 sermor

422 529 482 584 ὲν
515 530 678 601 σαρκί
716 547 775 583 τε
805 533 898 585 καὶ
930 532 1122 603 αἵματι
1161 528 1320 593 εἶναι,
1349 534 1446 604 τὴν
1477 536 1835 608 ἁποστολικὴν
1867 555 1999 609 mp-

422 620 574 675 έθετο
605 616 783 693 ῥῆσιν,
816 622 914 693 τὴν
938 622 1221 691 λέγουσαν,
1261 624 1329 678 δι’
1357 627 1519 679 αὑτοῦ
1550 630 1699 698 ἡμᾶς
1725 630 1997 701 εἰληφέναι

419 711 518 783 τὴν
566 713 961 786 ἀπολύτρωσιν,
991 716 1079 769 διὰ
1111 716 1205 769 τοῦ
1252 719 1482 789 αἵματος
1527 720 1713 785 αὑτοῦ,
1761 722 1861 794 τὴν
1891 723 1997 792 ἄφ-

420 820 535 855 εσιν
564 803 671 856 τῶν
696 805 998 876 ἁμαρτιῶν,
1031 807 1117 861 διὰ
1146 809 1245 879 τῆς
1268 811 1468 881 σαρκὸς
1491 811 1677 867 αὐτοῦ.
1710 814 1884 886 Ὅπερ
1914 816 1995 869 ὅτι

422 896 557 964 πρὸς
580 896 769 969 ἑτέραν
797 897 981 966 βλέπει
1015 900 1271 963 διάνοιαν,
1307 903 1407 954 οὐκ
1444 902 1509 955 ἂν
1532 900 1683 974 οἶμαί
1710 923 1864 970 τινας
1887 908 1995 961 τῶν

419 987 544 1040 νοῦν
570 989 803 1059 ἐχόντων
836 991 1215 1061 ἀμφιϐάλλειν.
1258 992 1353 1055 Τίς
1375 993 1482 1066 γὰρ
1508 995 1606 1049 οὐκ
1629 991 1735 1049 οἶδε
1760 998 1820 1051 τὸ
1856 997 1997 1051 θεῖον

422 1081 737 1151 μυστήριον,
787 1083 868 1135 ὅτι
918 1085 945 1136 6
995 1085 1237 1155 ἀρχηγὸς
1286 1088 1383 1157 τῆς
1418 1088 1687 1160 σωτηρίας
1732 1089 1887 1159 ἡμῶν
1937 1090 1999 1143 τὸ

419 1172 833 1243 πεπλανημένον
852 1174 927 1245 (5)
951 1176 1219 1246 πρόϐατον
1245 1178 1484 1247 μέτεισιν
1504 1178 1613 1249 (6);
1648 1181 1838 1250 Ἡμεῖς
1864 1182 1919 1235 δὲ
1947 1183 1998 1235 οἱ

417 1262 693 1334 ἄνθρωποί
733 1266 897 1336 ἐσμεν
938 1266 1114 1320 έκεῖνο
1140 1268 1203 1321 τὸ
1238 1270 1526 1341 πρόϐατον,
1557 1272 1607 1325 οἰ
1638 1272 1735 1343 τῆς
1774 1273 1998 1347 λογικῆς

417 1355 767 1420 ἑκατοντάδος
789 1357 1317 1430 ἀποϐουκοληθέντες
1352 1362 1441 1415 διὰ
1460 1364 1557 1433 τῆς
1574 1365 1864 1435 ἁμαρτίας.
1891 1369 1998 1422 Καὶ

415 1443 681 1515 λαμϐάνει
720 1447 811 1499 ἐπὶ
860 1447 967 1500 τῶν
1018 1448 1163 1503 ἰδίων
1209 1449 1375 1521 ὤμων
1416 1453 1536 1507 ὅλον
1580 1454 1641 1508 τὸ
1689 1456 1995 1527 πρόϐατονο

414 1533 535 1587 οὐδὲ
567 1535 675 1604 γὰρ
703 1537 761 1588 ἐν
798 1536 955 1607 μέρει
1000 1532 1069 1608 ἦν
1118 1538 1211 1592 τοῦ
1243 1541 1517 1611 προϐάτου
1558 1545 1592 1615 ἡ
1642 1544 1839 1617 πλάνη,
1879 1548 1996 1603 ἀλλ’

415 1623 600 1695 ἐπειδὴ
648 1625 766 1678 ὅλον
812 1626 1168 1699 άπεφοίτησε,
1203 1632 1298 1685 καὶ
1344 1634 1465 1687 ὅλον
1503 1637 1867 1707 ὲπανάγεται’
1899 1644 1998 1715 οὐχ

414 1716 447 1785 ἡ
494 1716 592 1786 μὲν
633 1716 764 1785 δορὰ
798 1717 1145 1787 βαστάζεται,
1191 1722 1253 1777 τὸ
1295 1725 1352 1779 δὲ
1384 1727 1707 1785 έντοσθίδιον
1753 1735 1996 1789 καταλεί-

414 1822 596 1865 πεται.
645 1807 829 1870 καθὼς
889 1810 1263 1885 Ἀπολινάριος
1311 1815 1580 1886 βούλεται.
1618 1822 1788 1877 Τοῦτο
1821 1826 1878 1879 δὲ
1930 1829 1990 1881 ὲν

412 1898 521 1959 τοῖς
544 1894 712 1966 ὤμοις
743 1897 835 1951 τοῦ
853 1905 1128 1972 ποιμένος,
1156 1906 1452 1973 τουτέστιν,
1477 1912 1535 1963 ἐν
1560 1914 1626 1984 τῇ
1654 1913 1867 1985 θεότητι
1894 1919 1990 1972 τοῦ

412 1988 616 2058 Κυρίου
663 1990 972 2061 γενόμενον,
1003 1993 1061 2045 ἒν
1103 1996 1238 2066 πρὸς
1271 2000 1479 2054 ἐκεῖνον
1519 2002 1607 2057 διὰ
1645 2007 1746 2077 τῆς
1791 2010 1992 2083 ἀναλή-

411 2077 556 2147 ψεως
580 2078 806 2147 γίνεται,
839 2083 926 2138 διὰ
960 2084 1117 2140 τοῦτο
1160 2088 1325 2142 θέλων
1364 2093 1713 2167 ἐπιζητῆσαι,
1758 2104 1854 2156 καὶ
1887 2105 1993 2158 σῶο

413 2186 503 2222 σαι
551 2171 611 2223 τὸ
647 2172 941 2239 ἀπολωλός.
988 2179 1205 2252 Ἐπειδὴ
1244 2176 1369 2256 εὗρε
1409 2186 1471 2239 τὸ
1520 2188 1868 2263 ζητούμενον,
1899 2200 1991 2252 άν-

412 2260 601 2314 έλαϐεν
632 2265 714 2331 ἐφ’
732 2265 923 2319 ἑαυτοῦ
950 2268 1009 2321 τὸ
1034 2270 1332 2341 εὑρημένον
1350 2292 1364 2305 ο
1385 2277 1443 2329 οὐ
1460 2279 1568 2352 γὰρ
1590 2260 1811 2350 ὲπίἠτοῖς
1842 2287 1991 2352 ἰδίοις

412 2353 558 2415 ποσὶ,
599 2358 712 2420 τοῖς
746 2355 1092 2428 πλανηθείσιν
1127 2361 1294 2428 ἆπαξ,
1328 2365 1558 2421 ἐκινεῖτο
1597 2371 1657 2425 τὸ
1696 2375 1986 2446 πρόϐατον,

412 2443 528 2496 ἀλλ’
557 2445 662 2537 ὅπὸ
690 2447 789 2517 τῆς
826 2446 1079 2521 θεότητος
1109 2452 1412 2523 ἐκομίζετο.
1454 2459 1552 2512 Διὰ
1583 2443 1750 2517 τοῦτο*
1780 2465 1844 2518 τὸ
1891 2468 1989 2537 μὲν

413 2532 753 2603 φαινόμενον,
785 2537 1077 2606 πρόϐατον,
1127 2544 1423 2611 τουτέστιν,
1470 2548 1775 2621 ἅνθρωπος.
1807 2532 1904 2611 Τά-
1931 2559 1989 2613 δὲ

416 2624 534 2716 ῐχνη
569 2626 754 2691 αὐτοῦ,
794 2629 936 2684 κατὰ
971 2630 1033 2684 τὸ
1064 2638 1468 2708 γεγραμμένον,
1503 2644 1603 2697 οὐκ
1641 2647 1984 2716 ἐγινώσκετο.

414 2715 580 2814 esse)
623 2719 733 2788 γὰρ
768 2719 1039 2814 άμαρτίας
1067 2724 1099 2795 ἢ
1145 2726 1352 2799 πλάνης
1386 2732 1531 2803 ῐχνος
1560 2735 1636 2807 τῷ
1665 2739 1989 2814 ἀνθρωπίνῳ

549 2808 937 2902 ἐνεσημήνατο,
986 2815 1015 2865 6
1045 2816 1129 2884 ἐφ’
1154 2818 1346 2872 ἑαυτοῦ
1389 2824 1571 2896 φέρων
1598 2805 1658 2880 τὸ
1684 2805 1986 2902 πρόϐατονΙ·

417 2897 531 2997 αλλ’
558 2894 655 2997 οἷα
661 2901 807 2965 εἰκὸς
826 2898 893 2974 ἦν
919 2904 1076 2997 ῌΘεοῦ
1107 2908 1228 2980 ἴχνη
1258 2910 1346 2965 διὰ
1374 2894 1475 2985 τῆς
1500 2918 1592 2971 τοῦ
1624 2894 1741 2990 βίου
1766 2925 1992 2997 πορείας

418 2990 811 3063 έντυπωθῆναι,
843 2993 1017 3049 ταῦτα
1049 2999 1319 3069 ἐφαίνετο,
1348 3003 1505 3061 ἆτινα
1535 3005 1601 3081 ἦν
1630 2990 1989 3085 διδασκαλίαι,

2100 552 2244 591 nem.
2283 539 2361 593 Ad
2409 539 2903 599 demonstrandum
2934 547 3080 600 enim
3116 564 3400 619 nunquam
3439 550 3677 608 Verbum

2099 644 2265 685 carne
2293 639 2347 685 et
2374 634 2640 703 sanguine
2669 636 2938 699 caruisse,
2955 638 3199 706 Apostoli
3233 642 3397 696 verba
3430 644 3674 714 profert,

2099 724 2301 792 quibus
2336 724 2544 794 inquit,
2573 724 2677 781 Per
2706 728 2883 798 ipsqu
2916 746 3015 785 nos
3042 734 3322 802 accepisse
3350 735 3677 808 redemptio-

2098 832 2222 870 nem
2251 832 2347 885 per
2374 817 2700 887 sanguinem
2730 822 2885 889 ejus,
2915 825 3294 879 remissionem
3325 835 3676 896 peccatorum

2100 922 2199 976 per
2226 922 2450 963 carnem
2482 909 2601 978 ejus
2634 910 2680 941 “
2706 928 2721 972 ξ
2751 928 2872 979 quae
2902 915 3068 969 verba
3098 916 3205 969 alio
3232 918 3505 986 respicere
3529 959 3543 983 ,
3581 936 3681 977 ne-

2099 1000 2300 1053 minem
2319 1014 2468 1056 sana:
2486 1004 2683 1060 mentis
2712 1004 3089 1061 dubitalurum
3122 1007 3240 1064 fore
3258 1010 3523 1067 arbitror.
3541 1013 3681 1079 Quis

2098 1091 2243 1145 enim
2275 1091 2520 1147 divinum
2568 1098 2889 1167 mysterium
2937 1098 3187 1169 ignorat,
3229 1102 3378 1170 quod
3424 1103 3679 1160 videlicet

2100 1181 2360 1252 princeps
2398 1194 2701 1255 auctorque
2738 1188 2933 1244 salutis
2973 1198 3176 1245 nostrae
3211 1201 3485 1249 errantem
3519 1210 3677 1251 ovem

2100 1270 2332 1340 inquirit
2358 1271 2435 1327 “7
2454 1272 2549 1327 Illa
2584 1283 2765 1330 autem
2794 1278 2913 1333 ovis
2947 1293 3047 1333 nos
3072 1278 3320 1337 homines
3342 1299 3552 1351 sumus,
3585 1286 3677 1354 qui

2099 1375 2131 1416 a
2172 1370 2403 1418 centeno
2435 1365 2528 1419 illo
2560 1366 2911 1423 rationalium
2941 1380 3317 1427 creaturarum
3342 1390 3534 1445 grege,
3567 1392 3683 1446 quo

2100 1452 2399 1509 humanum
2431 1471 2595 1511 omne
2634 1472 2810 1527 genus
2859 1459 3217 1529 signiﬁcatur,
3257 1478 3353 1533 per
3395 1474 3681 1535 peccatum

2098 1547 2427 1603 erravimus.
2456 1548 2634 1606 Sumit
2659 1560 2840 1609 autem
2870 1568 3036 1624 super
3061 1555 3320 1612 humeros
3351 1572 3482 1613 suos
3508 1566 3679 1613 totam

2100 1654 2254 1694 ovem
2281 1658 2296 1707 ;
2333 1657 2510 1712 neque
2540 1644 2685 1697 enim
2723 1644 2777 1699 in
2812 1655 2964 1715 parte
2989 1656 3199 1702 tantum
3229 1649 3411 1720 aliqua
3445 1651 3564 1706 ovis
3592 1666 3682 1705 er-

2101 1746 2196 1785 ror
2221 1740 2339 1786 erat
2360 1774 2373 1799 ,
2411 1734 2506 1789 sed
2545 1735 2803 1805 quoniam
2836 1745 2950 1790 tota
2981 1739 3292 1806 aberravit,
3321 1748 3434 1796 tota
3466 1742 3533 1796 ad
3565 1758 3686 1815 gre-

2098 1837 2217 1890 gem
2255 1824 2580 1880 reducitur:
2618 1841 2725 1879 nou
2763 1828 2920 1896 pellis
2958 1843 2987 1882 a
3036 1838 3258 1899 pastore
3304 1840 3579 1900 portatur,
3624 1840 3681 1888 et

2091 1912 2238 1981 quod
2266 1913 2407 1967 intra
2436 1916 2629 1984 pellem
2654 1925 2738 1971 est
2757 1916 3051 1980 deseritur,
3083 1921 3542 1989 quemadmodum
3564 1924 3682 1987 vult

2090 2003 2445 2074 Apollinaris.
2483 2003 2605 2060 Haec
2626 2015 2807 2061 autem
2835 2010 3075 2079 pastoris
3105 2012 3349 2069 humeris
3372 2053 3386 2077 ,
3423 2015 3527 2069 hoc
3556 2023 3681 2081 est,

2092 2097 2307 2152 Domini
2336 2097 2629 2152 divinitate
2652 2138 2668 2165 ,
2702 2108 2913 2169 gestata
2933 2141 2947 2166 ,
2977 2117 3087 2158 una
3115 2119 3213 2174 per
3241 2107 3676 2176 assumptionem

2090 2203 2215 2243 cum
2252 2188 2349 2243 illo
2381 2188 2636 2257 emcitur,
2677 2200 2734 2245 ut
2769 2206 2835 2246 eo
2861 2200 3023 2263 pacto
3056 2203 3325 2265 quaereret
3361 2205 3528 2268 atque
3563 2200 3675 2254 sal-

2088 2288 2242 2336 varet
2275 2281 2421 2351 quod
2455 2284 2714 2353 perierat.
2750 2284 3047 2357 Postquam
3078 2294 3259 2342 autem
3308 2303 3466 2344 ovem
3512 2306 3684 2360 quam

2088 2371 2414 2439 quzesiverat
2438 2372 2660 2442 reperit,
2684 2374 2931 2429 eamdem
2952 2374 3009 2429 in
3030 2376 3326 2445 semetipso
3354 2377 3685 2447 assumpsit.

2087 2462 2277 2534 Neque
2312 2466 2458 2520 enim
2500 2467 2736 2536 propriis
2784 2468 2879 2538 qui
2934 2471 3105 2523 semel
3161 2480 3489 2525 erraverant
3530 2472 3684 2541 pedi-

2090 2556 2196 2613 bus
2228 2558 2349 2613 ovis
2378 2557 2702 2627 incedebat,
2735 2560 2832 2614 sed
2863 2574 2891 2614 a
2918 2559 3209 2616 divinitate
3239 2561 3581 2631 gestabatur.
3609 2560 3679 2616 Et

2094 2658 2389 2720 prepterea
2427 2650 2574 2720 quod
2606 2652 2827 2721 quidem
2865 2652 3197 2722 apparebat,
3232 2652 3389 2718 ovis,
3425 2652 3528 2707 hoc
3555 2660 3684 2716 est,

2093 2740 2260 2796 homo
2288 2750 2407 2797 erat
2432 2761 2446 2809 ;
2475 2743 2597 2813 ejus
2621 2758 2752 2798 vero
2780 2743 3045 2814 vestigia,
3083 2744 3243 2812 juxta
3274 2745 3332 2799 id
3367 2745 3514 2815 quod
3541 2746 3681 2800 scri-

2093 2840 2247 2904 ptum
2276 2842 2387 2899 est,
2416 2848 2525 2888 non
2553 2834 3030 2905 cognoscebantur
3054 2834 3242 2900 ".Qui
3270 2835 3415 2889 enim
3443 2850 3598 2890 ovem
3627 2836 3686 2890 in

2096 2927 2283 2997 seipso
2315 2927 2606 2997 portabat,
2636 2928 2849 2982 nullum
2882 2927 3091 2996 peccati
3123 2936 3219 2982 aut
3250 2930 3459 2984 erroris
3486 2928 3540 2982 in
3573 2929 3680 2982 hu-

2099 3032 2263 3071 mana
2295 3018 2405 3071 vita
2430 3017 2718 3088 vestigium
2748 3017 3064 3088 impressit;
3096 3019 3191 3073 sed
3223 3019 3408 3089 qualia
3434 3034 3537 3090 par
3561 3030 3683 3076 eral

420 3082 520 3188 ἰιαὶ,
536 3082 842 3154 θεραπεῖαι,
878 3087 973 3141 καὶ
1003 3090 1211 3160 νεκρῶν
1238 3092 1616 3168 ζωοποιήσεις,
1648 3105 1834 3159 καὶτὰ
1860 3082 1995 3161 ἄλλοι

2103 3109 2192 3163 Dei
2226 3108 2455 3179 vestigia
2485 3108 2539 3162 in
2568 3082 2694 3163 vita:
2718 3082 2887 3164 cursu
2920 3082 3075 3174 ﬁeri,
3108 3082 3327 3166 talia-re
3359 3082 3479 3181 ipsa
3509 3126 3681 3182 appa-

419 3170 694 3243 θαύματα.
756 3175 925 3229 Τοῦτο
976 3179 1153 3234 τοίνυν
1210 3183 1272 3237 τὸ
1328 3187 1598 3257 πρόϐατον
1655 3194 1741 3264 ἐφ’
1802 3198 1995 3256 ἑαυτοῦ

2097 3200 2327 3264 rebant,
2368 3200 2641 3256 salutares
2698 3200 2953 3256 videlicet
3012 3201 3311 3267 doctrinae,
3362 3203 3688 3258 morborum

418 3263 599 3316 λαϐὼν
637 3267 667 3318 6
712 3269 914 3339 ποιμὴν
947 3268 1004 3322 ἒν
1052 3272 1189 3342 πρὸς
1233 3276 1410 3331 ἐκεῖνο
1441 3263 1705 3349 ἐγένετο(
1731 3287 1819 3343 διὰ
1842 3292 2001 3348 τοῦτο

419 3357 604 3452 acc-111:?)
635 3357 729 3411 τοῦ
745 3360 1022 3452 προϐάτου
1048 3369 1197 3437 φωνῇ
1227 3372 1341 3434 τοῖς
1379 3375 1650 3445 ποιμνίοις
1674 3378 1842 3439 λαλεῖ.
1876 3387 2001 3452 Πῶς

418 3447 528 3520 γὰρ
562 3447 939 3550 ἒνιξχώρησεν
980 3455 1295 3550 ἀνθρωπίνη
1328 3462 1582 3520 ἀσθένεια
1622 3469 1772 3538 Θείας
1815 3447 2002 3550 φωνῆς

420 3539 759 3611 προσϐολήν;
831 3543 973 3596 Ἀλλ’
994 3545 1375 3618 ἀνθρωπικῶς,
1418 3555 1495 3620 ὡς
1534 3558 1581 3613 δ’
1608 3560 1674 3615 ἄν
1721 3539 2002 3629 τις-εἴποι

420 3631 787 3730 πῳϐατικῶς,
824 3635 951 3705 ἡμῖν
993 3637 1299 3709 διαλέγεται
1347 3645 1542 3716 λέγων,
1580 3653 1658 3708 Τὰ
1703 3656 1816 3725 ἐμὰ
1856 3664 2001 3730 πρό.

418 3724 563 3775 ϐαι-α
593 3721 702 3792 τῆς
720 3724 871 3795 ἑμῆς
892 3728 1101 3797 φωνῆς
1128 3732 1357 3791 ἀκούει.
1397 3740 1454 3793 Ὁ
1478 3737 1572 3797 οὖν
1600 3721 2002 3824 ἀναλαϐὼννέψ

421 3821 613 3876 ἑαυτοῦ
656 3824 720 3878 τὸ
762 3827 1034 3898 πρόϐατον
1077 3831 1282 3904 ποιμὴν
1340 3834 1436 3888 καὶ
1484 3835 1552 3889 δι’
1604 3840 1818 3896 ἐκείνου
1869 3821 2002 3916 ἡμίν

420 3915 818 3987 φθεγγόμενος,
866 3921 962 3974 καὶ
1014 3924 1284 3993 πρόϐατόν
1337 3925 1453 3980 ἐστι
1509 3929 1605 3982 καὶ
1658 3915 1996 4006 ποιμήνομέν

422 4006 520 4077 μὲν
547 4006 626 4079 τῷ
651 4010 1034 4083 ἀναληφθέντι,
1067 4016 1337 4087 πρόϐατον
1353 4033 1372 4054 ο
1398 4019 1455 4073 ὲν
1478 4018 1536 4073 δὲ
1560 4020 1636 4093 τῷ
1655 4023 1989 4097 ἀνειληφότι,

500 4360 653 4416 Ἐπεὶ
692 4361 789 4421 σῦν
847 4365 955 4420 ἔδει
1008 4368 1099 4422 τὸν
1153 4370 1316 4424 καλὸν
1374 4374 1609 4445 ποιμένα
1666 4376 1765 4448 τὴν
1816 4377 1994 4451 ψυχὴν

422 4454 588 4506 αὐτοῦ
633 4456 712 4527 (7)
752 4457 922 4513 θεῖναι
956 4461 1097 4533 ὑπὲρ
1148 4464 1454 4534 προϐάτων,
1488 4466 1575 4520 ἵνα
1606 4467 1696 4521 διὰ
1722 4469 1817 4524 τοῦ
1867 4471 1996 4527 ἰδίου

419 4546 648 4601 θανάτου
679 4551 957 4624 καταλύσῃ
989 4555 1081 4608 τὸν
1117 4554 1364 4624 θάνατον,
1398 4558 1517 4611 τότε
1551 4559 1759 4628 γίνεται
1780 4562 1841 4615 τὸ
1869 4580 1998 4617 συν-

418 4636 723 4707 αμφότερον
759 4640 789 4692 6
828 4640 1068 4712 ἀρχηγὸς
1097 4644 1194 4714 τῆς
1216 4645 1487 4717 σωτηρίας
1512 4648 1668 4717 ἡμῶν
1688 4653 1755 4720 τῇ
1787 4650 1997 4722 ἀνθρω-

420 4727 549 4798 πίνη
580 4727 762 4798 φύσει,
794 4731 885 4784 καὶ
933 4733 1128 4804 ἱερεὺς,
1174 4736 1270 4788 καὶ
1314 4737 1504 4807 ἀμνὸς,
1532 4739 1591 4792 έν
1614 4739 1692 4811 τῷ
1716 4740 1998 4812 δυναμένῳ

416 4818 671 4884 δέξασθαι
709 4820 808 4893 τὴν
840 4823 1121 4877 κοινωνίαν
1173 4824 1267 4878 τοῦ
1318 4826 1543 4892 πάθους,
1580 4830 1880 4901 ἐνεργήσας
1906 4832 1997 4885 τὸν

419 4910 647 4965 θάνατον
679 4912 778 4980 (8).
816 4912 1035 4984 Ἐπειδὴ
1066 4915 1175 4986 γὰρ
1210 4915 1361 4969 οὐδὲν
1388 4918 1572 4988 ἔτερόν
1600 4920 1745 4973 ἐστιν
1771 4920 1800 4972 6
1833 4920 1999 4975 θάνα-

418 5014 531 5063 τος,
567 5000 615 5052 εἰ
648 5000 724 5073 μὴ
746 5002 986 5067 διάλυσις
1014 5005 1191 5075 ψυχῆς
1219 5023 1279 5059 τε
1308 5009 1402 5061 καὶ
1444 5008 1712 5079 σώματος,
1754 5011 1890 5083 πρὸς
1920 5014 1998 5085 (9)

420 5091 704 5164 ἀμφότερα
729 5096 919 5149 ἑαυτὸν
961 5096 1187 5163 ἑνώσας,
1215 5100 1352 5169 πρός
1376 5119 1438 5181 τε
1478 5101 1577 5172 τὴν
1602 5102 1800 5175 ψυχὴν,
1833 5106 1998 5178 φημὶ,

421 5184 597 5237 καὶτὸ
627 5186 807 5257 σῶμα,
844 5186 957 5242 οὗθ’
980 5189 1167 5260 ἑτέρου
1209 5191 1521 5262 χωρίζεται,
1569 5194 1998 5267 Ἇμεταμέλητα

2100 3293 2447 3358 curationes,
2487 3300 2830 3348 mortuorum
2873 3293 2940 3349 ad
2979 3294 3146 3349 vitam
3184 3296 3468 3351 revocatio
3522 3309 3687 3352 caete-

2099 3400 2271 3457 raque
2295 3384 2582 3441 miracula.
2615 3385 2769 3441 Hanc
2795 3385 2965 3455 igitur
2985 3401 3142 3441 ovem
3174 3387 3231 3441 in
3265 3402 3324 3442 se
3354 3387 3472 3458 ipso
3496 3395 3686 3458 pastor

2100 3492 2423 3539 assumens,
2454 3494 2623 3533 unum
2654 3493 2778 3533 cum
2811 3478 2904 3532 illa
2931 3480 3140 3547 evasit,
3171 3487 3227 3535 et
3248 3487 3539 3550 propterea
3563 3480 3683 3536 ovis

2104 3585 2462 3641 vocegregem
2491 3572 2812 3642 alloquitur.
2833 3571 3122 3638 Quomodo
3142 3571 3289 3627 enim
3318 3571 3558 3627 humana
3587 3572 3686 3627 im-

2098 3661 2371 3718 becillitas
2421 3661 2621 3718 divime
2667 3664 2821 3718 vocis
2866 3662 3286 3733 impressionem
3326 3661 3684 3719 sustineret?

2099 3751 2206 3808 Sed
2250 3752 2512 3820 humano,
2545 3759 2601 3808 et
2630 3760 2691 3807 ut
2719 3752 2989 3823 quispiam
3030 3752 3266 3817 dixerit,
3303 3754 3491 3809 ovium
3530 3769 3684 3810 more

2096 3845 2385 3900 nobiscum
2418 3845 2676 3911 disserit,
2705 3844 2896 3900 dicens
2926 3862 2940 3899 :
2982 3842 3116 3900 Oves
3145 3860 3275 3899 mea:
3304 3860 3479 3899 vocem
3510 3861 3682 3900 meam

2098 3938 2325 3990 audiunt
2351 3938 2421 3991 “.
2452 3936 2650 3991 Pastor
2678 3936 2867 4008 igitur,
2897 3937 2989 4006 qui
3021 3936 3075 3991 in
3103 3952 3163 3992 se
3192 3938 3372 4008 ipsum
3401 3951 3561 3992 ovem
3590 3951 3683 3993 as-

2098 4025 2354 4093 sumpsit,
2380 4032 2436 4080 et
2461 4023 2705 4095 ejusdem
2730 4039 2825 4080 ore
2848 4025 3136 4096 uobiscum
3167 4025 3428 4096 loquitur,
3456 4026 3575 4082 ovis
3602 4034 3683 4081 est

2101 4114 2269 4171 simul
2305 4123 2362 4172 et
2398 4127 2628 4187 pastor;
2667 4116 2787 4171 ovis
2820 4116 3041 4186 quidem
3064 4156 3080 4181 ,
3119 4113 3390 4187 quantum
3431 4116 3499 4172 ad
3541 4118 3678 4173 illud

2100 4207 2369 4277 pertinet,
2392 4207 2535 4277 quod
2567 4207 2623 4261 in
2655 4222 2715 4263 se
2747 4208 3078 4278 assumpsit;
3111 4216 3302 4279 pastor
3324 4224 3454 4265 vero
3485 4218 3680 4303 quate-

2098 4312 2205 4352 nus
2228 4298 2550 4352 assumosit.
3660 4298 3671 4315 ⁷

2172 4384 2339 4441 XVII.
2375 4386 2648 4453 Quoniam
2682 4401 2815 4441 vero
2845 4387 3134 4457 oportebat
3164 4387 3368 4443 bonum
3401 4399 3679 4460 pastorem

2101 4480 2340 4533 animam
2384 4495 2589 4550 ponere
2626 4495 2727 4550 pro
2765 4480 2998 4548 ovibus,
3034 4489 3095 4534 ut
3126 4481 3412 4537 moriendo
3443 4496 3677 4539 mortem

2101 4568 2378 4633 aboleret,
2406 4570 2531 4625 ideo
2558 4570 2753 4626 salutis
2776 4578 2980 4626 nostrae
3007 4580 3198 4626 auctor
3225 4572 3281 4626 in
3313 4573 3550 4627 humana
3582 4590 3682 4629 na-

2099 4669 2224 4716 tura
2268 4670 2565 4733 utrumque
2605 4663 2771 4717 simul
2804 4664 3011 4727 evasit,
3043 4664 3304 4719 sacerdos
3345 4666 3589 4731 scilicet,
3624 4673 3683 4721 et

2099 4770 2304 4824 agnus,
2333 4754 2388 4808 in
2418 4754 2471 4808 id
2497 4795 2513 4817 ,
2536 4756 2682 4824 quod
2707 4755 2984 4825 passionis
3004 4770 3173 4824 capax
3193 4765 3314 4811 erat
3333 4796 3348 4820 ,
3374 4758 3484 4811 vim
3513 4758 3680 4813 morti

2088 4853 2267 4915 atque
2289 4845 2663 4900 eﬂicacitatem
2689 4846 3030 4915 impertiens.
3052 4844 3188 4900 Nam
3210 4861 3334 4901 cum
3358 4863 3506 4903 mors
3529 4848 3679 4903 aliud

2105 4950 2217 4990 non
2268 4938 2340 4990 sit
2382 4950 2547 5004 quam
2591 4937 2788 4990 animae
2830 4950 2861 4989 a
2893 4950 3127 5006 corpore
3158 4934 3501 5034 dissolutip;
3553 4952 3680 4992 cum

2107 5036 2379 5095 utroque,
2429 5026 2648 5089 anima,
2688 5025 2946 5095 inquam,
2993 5033 3050 5081 et
3095 5040 3329 5097 corpore
3377 5025 3437 5083 sé
3496 5027 3680 5098 ipsum

2107 5119 2305 5173 uniens
2335 5117 2594 5173 Christus
2625 5118 2695 5173 ab
2724 5133 2913 5173 eorum
2949 5127 3147 5173 neutro
3170 5118 3517 5191 sejungitur:
3553 5120 3680 5177 Sine

2103 5204 2407 5272 paenitentia
2428 5204 2567 5258 enim
2588 5244 2603 5269 ,
2630 5212 2692 5259 ut
2718 5205 2796 5260 ait
2821 5205 3120 5276 Apostolus
3142 5206 3213 5273 "’,
3239 5218 3361 5263 sunt
3387 5209 3529 5264 dona
3556 5209 3676 5267 Dei.

492 5338 539 5370 “
576 5338 775 5412 Ephes.
811 5359 850 5405 ι.
877 5344 929 5399 7.
1005 5344 1051 5375 ⁵⁸
1083 5344 1217 5402 Luc.
1251 5365 1345 5411 xv,
1378 5348 1446 5414 τις
1479 5350 1675 5406 Matth.
1709 5369 1867 5422 xviii,
1898 5356 1987 5413 12.

2097 5360 2107 5392 ⁸
2143 5358 2292 5416 Psal.
2326 5376 2514 5425 uxvr,
2545 5359 2637 5416 20.
2712 5362 2759 5394 “
2781 5361 2941 5419 Joan.
2974 5380 3030 5429 ι,
3055 5365 3141 5420 l6.
3218 5367 3265 5398 ⁵⁷
3284 5364 3443 5421 Rom.
3475 5382 3553 5433 ιι,
3582 5368 3674 5424 29.

588 5477 747 5560 corr.
786 5482 818 5550 ἡ
829 5481 944 5560 μῶν
971 5482 1046 5547 ὡς
1076 5484 1279 5560 ποιμὴν
1302 5486 1363 5539 τὸ
1392 5488 1824 5560 πεπλανημένον.

492 5551 571 5622 (ϐ)
633 5547 1020 5622 Ιίιιιιρέξιοριιηι
1077 5553 1131 5608 ἰη
1173 5547 1453 5622 ’ρρἰιοηιθιι
1502 5547 1781 5615 redactum
1809 5562 1993 5618 laudat

425 5616 747 5701 ξλιιξίιγπιίιιε
774 5618 1081 5701 Zigabenus
1111 5616 1255 5696 saepe
1304 5626 1558 5683 laudatus
1595 5644 1714 5701 pag.
1756 5630 1884 5700 528,
1937 5616 1991 5688 in

430 5686 458 5755 §
488 5684 547 5755 Si
574 5684 672 5740 nos
704 5684 959 5745 homines.

498 5754 575 5828 (7)
605 5756 763 5812 Corr.
800 5760 1013 5818 ἑαυτοῦ.

2170 5494 2248 5565 (8)
2274 5495 2488 5570 Similia
2520 5511 2747 5565 prorsus
2779 5497 2849 5570 de
2875 5497 3083 5555 Christi
3106 5502 3380 5570 passione,
3398 5501 3467 5555 dc
3504 5501 3678 5557 latro—

2098 5566 2186 5642 nis
2218 5567 2426 5642 salute2
2458 5565 2924 5642 deque‘paradiso
2976 5565 3140 5625 habet
3186 5570 3326 5626 idem
3368 5565 3675 5642 ’Nyssenus

2099 5637 2154 5689 in
2188 5646 2353 5755 dorat.
2401 5634 2427 5687 1
2489 5634 2559 5688 ὺι
2602 5634 2802 5694 Christi
2843 5642 3299 5710 resurrectionem,
3330 5634 3494 5712 pau'lo
3555 5653 3675 5714 post

2100 5720 2185 5755 mc
2227 5720 2360 5755 lllm.

2100 5720 2360 5759 ῐηοαιιιηι.

2172 5774 2246 5845 (9)
2280 5776 2438 5832 (ἐστι’.
2462 5779 2491 5831 ό
2525 5778 2681 5848 πρὸς.
