4146 6386
490 361 634 417 1155

1786 352 1846 407 S.
1889 347 2222 406 GREGORII
2266 347 2558 403 [\‘YSSENI

3615 355 3756 411 H56

480 478 626 545 Quin
678 477 789 532 imo
833 477 1053 548 corpori
1101 483 1156 531 et
1203 475 1401 529 animae
1426 488 1484 528 se
1511 472 1689 542 ipsum
1733 469 2055 541 impertiens

2183 466 2267 536 ιὰρ
2301 469 2407 522 τοῦ
2439 469 2586 523 Θεοῦ
2619 468 2691 522 τὰ
2723 469 3081 537 χαρίσματα,
3107 468 3287 533 καθώς
3311 486 3480 539 φησιν
3514 473 3542 525 6
3584 474 3759 525 ’Λπό-

482 571 667 624 anima
709 569 936 640 quidem
983 568 1181 623 latroni
1218 567 1539 638 paradisum
1576 564 1788 635 aperit,
1834 578 2067 633 corpore

480 669 666 715 autem
696 661 809 714 vim
843 669 1008 730 amue
1039 660 1335 715 eiiicaciam
1362 656 1740 727 corruptionis
1771 653 2067 724 infringit:

481 763 539 807 et
575 754 684 808 hoc
713 764 798 809 est
833 762 1065 808 mortem
1102 753 1407 824 perimere,
1442 748 1817 820 corruptionis
1851 747 2069 802 scilicet

480 848 631 902 vires
651 887 666 911 ,
700 860 798 917 per
828 847 1199 901 viviﬁcantem
1233 854 1490 900 naturam
1521 859 1551 899 e
1580 841 1762 897 medio
1788 840 2066 903 sublatas,

483 938 672 992 irritas
706 938 955 993 reddere.
995 937 1151 1004 Quod
1183 937 1327 991 enim
1356 950 1585 1005 corpore
1620 934 1911 1001 animaque
1939 945 2070 999 ope-

486 1036 645 1079 ratur
679 1028 733 1081 in
767 1042 1061 1081 commune
1091 1037 1302 1080 natum
1338 1032 1540 1079 nostra:
1572 1021 1903 1078 beneﬁcium
1938 1035 2067 1090 gra-

484 1119 731 1188 tiamque
763 1118 943 1184 cedit,
966 1132 1142 1187 eoque
1176 1127 1335 1187 pacto
1366 1117 1550 1170 omnia
1579 1114 1855 1183 disjuncta
1884 1127 2071 1166 resur—

485 1212 668 1281 gendo
694 1210 982 1280 conjungit
1003 1251 1017 1275 ,
1051 1209 1145 1279 qui
1172 1225 1237 1263 ex
1268 1216 1537 1277 utroque,
1563 1206 1671 1260 hoc
1691 1213 1778 1260 est
1799 1245 1813 1269 ,
1839 1218 2071 1274 corpore

486 1314 542 1359 et
572 1306 757 1359 anima
784 1311 1037 1367 constat,
1061 1304 1157 1372 qui
1186 1309 1456 1373 potestate
1485 1314 1585 1355 sua
1616 1313 1818 1368 corpus
1848 1298 2069 1365 quidem

486 1400 657 1453 tradit
684 1400 738 1452 in
770 1413 866 1453 cor
896 1405 1059 1451 terra:
1082 1397 1148 1459 δ”,
1173 1394 1633 1466 quemadmodum
1660 1393 1926 1462 scriptum
1949 1397 2033 1444 est
2052 1428 2067 1451 ,

489 1485 731 1538 animam
766 1500 898 1539 vero
934 1500 963 1537 a
996 1500 1055 1539 se
1089 1485 1210 1555 ipso
1245 1484 1430 1554 posuit
1463 1482 1530 1546 ‘9,
1568 1489 1627 1535 ut
1662 1480 1813 1534 Patri
1846 1479 2069 1545 quidem

489 1576 624 1630 dicit
657 1576 726 1639 ⁵⁸³,
763 1574 831 1630 In
864 1592 1053 1629 manus
1085 1585 1206 1629 tuas
1239 1574 1545 1629 commendo
1573 1572 1831 1643 Spiritum
1861 1588 2031 1625 meum
2052 1611 2068 1635 ,

491 1678 551 1721 ut
574 1677 758 1722 autem
787 1668 855 1721 ad
885 1667 1153 1723 latronem
1182 1667 1260 1720 ait
1290 1667 1357 1734 ⁵¹,
1389 1666 1443 1720 in
1469 1664 1745 1736 paradiso,
1769 1679 1898 1719 vera
1924 1673 2074 1717 utro-

2172 562 2385 623 στολος·
2438 561 2573 615 ἀλλά
2622 561 2715 613 καὶ
2757 562 2832 628 τῷ
2869 560 3081 631 σώματι
3129 561 3223 614 καὶ
3253 565 3320 633 τῇ
3373 562 3517 634 ψυχῇ
3566 565 3762 619 ἑαυτὸν

2176 651 2525 723 ὲπιμερίσας,
2568 651 2654 704 διὰ
2698 652 2800 721 μὲν
2837 652 2938 722 τῆς
2983 652 3163 722 ψυχῆς
3202 653 3408 721 ἀνοίγει
3454 654 3531 725 τῷ
3582 655 3758 728 λῃστῇ

2168 742 2259 795 τὸν
2289 743 2637 813 παράδεισον,
2677 742 2765 795 διά
2793 742 2848 794 δὲ
2877 741 2970 795 τοῦ
3010 742 3261 814 σώματος
3292 744 3472 815 ἵστησι
3501 746 3598 817 τῆς
3626 748 3761 816 φθοα

2172 837 2269 907 ρᾶς
2312 834 2410 905 τὴν
2456 835 2768 906 ἐνέργειανο
2804 834 2899 887 καὶ
2944 834 3099 888 τοῦτό
3152 838 3360 907 ἐστινὴ
3400 837 3493 890 τοῦ
3524 837 3759 892 θανάτου

2170 928 2482 992 κατάλυσις,
2515 928 2576 979 τὸ
2621 927 2981 998 ἀνενέργητον
3011 928 3263 994 γενέσθαι
3296 928 3393 1000 τὴν
3433 930 3661 1002 φθοράν,
3695 933 3756 983 ἐν

2168 1024 2234 1092 τῇ
2264 1019 2510 1090 ζωοποιῷ
2540 1019 2698 1089 φύσει
2738 1019 3123 1088 ἀφανισθεῖσαν
3143 1037 3158 1052 ο
3200 1021 3262 1073 τὸ
3294 1020 3402 1093 γάρ
3430 1023 3521 1075 ἐπὶ
3550 1023 3761 1077 τούτων

2170 1114 2459 1183 γενόμενον
2484 1111 2637 1183 κοινὴ
2660 1112 2757 1181 τῆς
2785 1113 2997 1180 φύσεως
3014 1114 3047 1182 ἡ
3058 1112 3171 1182 μῶν
3196 1114 3482 1184 εὐεργεσία
3530 1117 3627 1168 καὶ
3656 1117 3758 1186 χά-

2174 1224 2258 1279 ρις
2286 1206 2529 1275 γίνεται’
2562 1206 2657 1259 καὶ
2694 1203 2837 1258 οὓτω
2872 1204 3050 1257 πάντα
3075 1205 3143 1258 τά
3182 1205 3445 1259 διεστῶτα
3493 1208 3761 1261 συνάπτει

2170 1300 2257 1354 διὰ
2284 1299 2385 1368 τῆς
2405 1299 2773 1363 ἀναστάσεως,
2795 1299 2823 1350 ὁ
2848 1298 2905 1350 ὲν
2936 1297 3264 1367 ἀμφοτέροις
3286 1296 3383 1361 ὢν,
3406 1299 3434 1350 6
3462 1300 3580 1351 κατ’
3610 1297 3761 1362 ἐξου-

2173 1392 2293 1445 σίαν
2319 1390 2379 1442 τὸ
2407 1390 2505 1457 μὲν
2531 1388 2689 1458 σῶμα
2717 1388 2891 1451 διδοὺς
2922 1390 2987 1458 τῇ
3017 1388 3213 1458 καρδίᾳ
3255 1387 3357 1457 τῆς
3402 1388 3526 1456 γῆς,
3568 1387 3754 1452 καθὼς

2170 1482 2476 1552 γέγραπται
2514 1480 2657 1551 (10),
2708 1479 2807 1550 τὴν
2854 1479 2911 1531 δὲ
2960 1478 3136 1550 ψυχὴν
3181 1479 3274 1547 ἀφ’
3321 1477 3515 1532 ἑαυτοῦ
3561 1478 3756 1543 τιθεὶς,

2171 1574 2245 1638 ὡς
2264 1575 2361 1645 μὲν
2380 1574 2515 1644 πρὸς
2533 1573 2625 1638 τὸν
2644 1572 2862 1643 Πατέρα
2880 1573 3063 1643 φησὶν,
3082 1573 3161 1625 ὅτι
3190 1573 3292 1627 Ἐν
3310 1573 3440 1637 ταῖς
3452 1574 3625 1641 χερσί
3642 1589 3761 1626 σου

2172 1667 2529 1735 παρατίθημι
2552 1664 2619 1718 τὸ
2647 1664 2890 1734 πνεῦμά
2903 1682 3021 1733 μου
3042 1682 3055 1694 ’
3081 1664 3154 1727 ὡς
3176 1664 3230 1716 δὲ
3259 1664 3393 1735 πρὸς
3424 1665 3513 1717 τὸν
3537 1664 3761 1735 λῃστὴν,

491 1760 657 1830 bique
687 1774 948 1815 asserens
973 1778 987 1825 ;
1011 1774 1191 1830 neque
1216 1760 1361 1814 enim
1390 1758 1631 1813 divinam
1660 1757 1807 1811 illam
1834 1755 2074 1810 mansio-

2183 1762 2230 1812 ἓν
2264 1758 2342 1830 τῷ
2377 1757 2720 1831 παραδείσῳο
2769 1756 3048 1829 ἀληθεύων
3084 1757 3152 1810 δι’
3198 1757 3474 1827 ἑκατέρων
3495 1775 3508 1788 ⁸
3558 1756 3618 1810 ού
3652 1757 3762 1826 γάρ

492 1868 616 1907 nem
638 1893 653 1914 ,
682 1866 808 1905 cum
836 1851 1136 1907 Paradisus
1162 1850 1398 1914 dicatur,
1429 1849 1542 1904 ullo
1566 1848 1675 1902 alio
1707 1848 1763 1901 in
1796 1847 1919 1901 loco
1948 1860 2072 1900 esse

2183 1821 2358 1904 άλλοθί
2404 1821 2508 1901 που
2556 1821 2988 1917 πιστεύειν-χρὴ
3020 1846 3118 1917 τὴν
3153 1844 3305 1900 θείαν
3356 1821 3571 1917 ἐκείνην
3620 1821 3761 1899 εἶναι

486 1943 826 1998 credendum
870 1950 990 2006 est,
1030 1950 1395 2013 praterquam
1429 1941 1485 1995 in
1520 1941 1857 2011 amplissima
1894 1939 2072 1996 Patris

493 2050 657 2088 manu
680 2075 695 2097 ,
734 2035 812 2089 uti
847 2036 1120 2106 propheta
1151 2034 1259 2099 ait,
1292 2048 1356 2088 ex
1390 2031 1608 2087 Domini
1639 2046 1876 2102 persona
1907 2031 2075 2084 coale-

494 2135 632 2181 stcm
661 2125 963 2182 Jerusalem
996 2126 1282 2197 alloquens
1304 2164 1319 2188 ,
1351 2122 1417 2178 In
1446 2123 1692 2177 manibus
1718 2123 1847 2176 meis
1875 2121 2075 2174 descri-

492 2219 573 2287 psi
604 2235 783 2273 muros
815 2229 932 2272 tuos
952 2260 968 2283 ,
998 2232 1179 2272 coram
1210 2216 1376 2271 oculis
1407 2215 1536 2269 meis
1565 2228 1767 2281 semper
1799 2229 1852 2267 es
1885 2213 1951 2265 ".
1984 2211 2075 2264 Sic

494 2309 661 2379 igitur
689 2316 743 2364 et
775 2316 1007 2363 mortem
1042 2307 1214 2371 obiit,
1244 2314 1298 2362 et
1332 2320 1479 2359 mors
1507 2305 1556 2359 ei
1590 2319 1701 2360 non
1733 2302 2072 2357 dominatur.

494 2400 650 2467 Quod
689 2402 834 2455 enim
869 2399 1235 2468 compositum
1272 2405 1356 2453 est
1388 2396 1673 2459 dividitur,
1707 2394 1851 2464 quod
1890 2403 2075 2447 autem

493 2493 911 2563 compositionis
944 2505 1141 2561 expers
1189 2499 1274 2545 est
1301 2530 1315 2555 ,
1353 2488 1779 2544 dissolutionem
1818 2500 1931 2540 non
1975 2484 2078 2538 ad-

495 2585 699 2650 mittit;
732 2582 828 2638 sed
865 2582 919 2636 in
955 2581 1232 2636 divisione
1267 2579 1490 2649 quidem
1523 2577 1821 2648 compositi
1859 2576 2077 2645 integra

495 2660 695 2726 natura
726 2678 1047 2741 permanet,
1074 2686 1199 2740 qua:
1227 2668 1685 2739 compositionem
1716 2682 1825 2722 non
1859 2668 2076 2736 recipit,

496 2764 788 2833 animaque
812 2778 842 2816 a
868 2777 1101 2832 corpore
1126 2769 1378 2831 separata
1401 2801 1416 2824 ,
1448 2761 1517 2815 ab
1544 2775 1732 2815 eorum
1766 2769 1963 2814 neutro
1994 2774 2080 2814 se-

497 2857 766 2928 iungitur.
800 2854 917 2910 Hoc
943 2862 1124 2909 autem
1159 2854 1230 2908 ita
1267 2869 1326 2909 se
1355 2854 1557 2907 habere
1582 2850 1785 2907 indicio
1815 2859 1978 2920 atque
2001 2866 2083 2903 ar-

498 2956 757 3019 gumento
782 2954 869 3002 est
892 2947 975 3002 vis
1001 2955 1166 3017 atque
1195 2953 1441 3017 potestas
1473 2946 1563 2999 illa
1583 2988 1596 3009 ,
1620 2959 1743 3015 quae
1770 2944 1825 2998 in
1851 2958 2083 3014 corpore

498 3042 719 3112 quidem
751 3040 1222 3109 incorruptionem
1245 3078 1260 3103 ,
1286 3038 1549 3093 inanima
1576 3054 1705 3092 vero
1728 3036 1967 3107 paradisi
1998 3036 2083 3089 in-

499 3132 740 3185 colatnm
771 3137 1071 3200 operatur:
1111 3138 1491 3184 verumtamen
1521 3128 1616 3197 qui
1650 3128 1881 3196 simplex
1914 3134 2000 3180 est
2028 3133 2083 3180 et

501 3223 571 3278 ab
601 3222 751 3278 omni
783 3220 1187 3293 compositione
1221 3220 1435 3275 alienus
1458 3259 1473 3284 ,
1502 3219 1699 3274 horum
1733 3219 2083 3289 separatione

505 3330 854 3385 nequaquam
893 3330 1001 3369 una
1037 3329 1162 3369 cum
1200 3313 1339 3381 ipsis
1384 3312 1698 3377 s-inditur;
1738 3311 1847 3363 imo
1881 3326 1909 3364 e
1945 3325 2083 3364 con-

502 3411 674 3462 trario
702 3422 871 3461 unum
900 3405 1033 3477 quid
1064 3420 1129 3460 ex
1163 3404 1246 3460 eis
1275 3403 1480 3468 edicit;
1512 3418 1640 3457 nam
1670 3403 1834 3455 insita
1870 3402 1974 3458 sibi
2010 3405 2087 3456 in-

504 3498 891 3555 divisibilitate
908 3540 923 3563 ,
948 3498 1096 3568 quod
1125 3504 1397 3552 secretum
1422 3505 1507 3551 est
1531 3497 1687 3561 unit;
1714 3496 1876 3565 idque
1896 3510 2084 3549 verum

505 3606 630 3646 esse
662 3590 906 3646 ostendit
937 3588 1142 3643 Paulus
1169 3627 1184 3650 ,
1220 3602 1346 3640 cum
1382 3586 1601 3655 inquit,
1641 3584 1778 3638 Deus
1812 3584 2087 3638 suscitavit

506 3682 678 3747 ipsum
708 3696 741 3733 a
771 3679 995 3733 mortuis
1024 3679 1071 3710 ⁵³
1095 3697 1110 3745 ;
1138 3691 1315 3748 neque
1345 3677 1488 3730 enim
1524 3677 1669 3730 sicut
1699 3674 1963 3740 Lazarus,
1996 3680 2090 3727 aut

511 3772 652 3826 alius
678 3770 956 3842 quispiam
989 3784 1180 3825 eorum
1213 3770 1306 3839 qui
1337 3768 1691 3831 revixerunt,
1727 3767 1955 3822 alterius
1982 3781 2090 3836 0pc

512 3865 580 3919 ad
607 3865 773 3918 vitam
802 3864 997 3929 rediit,
1027 3862 1104 3916 ita
1137 3860 1223 3917 fas
1242 3870 1327 3917 est
1348 3861 1415 3916 de
1438 3858 1657 3914 Domini
1686 3859 2092 3916 resurrectione

510 3958 728 4027 opinari
757 3975 771 4011 :
805 3956 901 4011 sed
936 3954 1270 4026 Unigenitus
1305 3953 1448 4010 Deus
1475 3969 1630 4008 suam
1658 3967 1688 4006 a
1719 3968 1950 4023 corpore
1972 3955 2092 4010 ani-

513 4065 659 4105 mam
696 4048 920 4120 propria
971 4054 1242 4119 potestate
1275 4045 1615 4115 separando,
1649 4054 1705 4100 et
1736 4060 1933 4100 rursus
1965 4061 2093 4100 cum

512 4156 749 4212 corpore
778 4138 1028 4195 eamdem
1054 4135 1481 4207 eonjungendo,
1518 4135 1636 4205 ipse
1670 4135 1958 4191 suscitavit
1991 4136 2093 4190 ho-

521 4234 727 4289 minem
792 4231 895 4285 sibi
931 4228 1287 4284 commixtum
1318 4245 1333 4293 ;
1368 4241 1543 4296 eoque
1579 4236 1740 4295 pacto
1785 4225 1955 4281 totius
1998 4241 2097 4281 na-

516 4334 655 4379 tura:
689 4334 891 4379 nostra
924 4322 1076 4376 salus
1112 4319 1413 4390 peragitur,
1453 4318 1597 4373 unde
1640 4326 1692 4372 et
1739 4318 1864 4373 vitae
1904 4330 2097 4374 auctor

516 4432 581 4471 ac
613 4417 868 4486 princeps
905 4422 1173 4478 vocatur;
1210 4425 1335 4464 nam
1372 4424 1470 4480 per
1509 4423 1635 4463 eum
1667 4409 1760 4478 qui
1798 4423 1899 4478 pro
1935 4410 2096 4463 nobis

2172 1940 2468 2013 διαγωγὴν,
2497 1940 2654 2010 εἴπερ
2685 1939 2797 2011 (11)
2842 1938 3176 2009 Παράδεισος
3215 1938 3457 2008 λέγεται,
3486 1940 3534 1991 εἰ
3572 1938 3646 2010 μὴ
3699 1940 3760 1991 ἐν

2174 2036 2240 2105 τῇ
2278 2032 2575 2103 πολυχώρῳ
2604 2029 2695 2083 τοῦ
2738 2030 2951 2100 Πατρὺς
2990 2029 3240 2103 παλάμῃ,
3287 2029 3467 2093 καθώς
3500 2047 3631 2100 φησι
3663 2031 3761 2082 καὶ

2174 2128 2203 2179 6
2237 2127 2537 2196 προφήτης,
2563 2124 2700 2195 πρὸς
2729 2122 2825 2193 τὴν
2849 2123 2960 2177 ἄνω
2995 2121 3348 2193 Ἰερουσαλὴμ
3375 2126 3440 2175 ὲκ
3472 2121 3765 2193 προσώπου

2178 2218 2381 2285 Κυρίου
2414 2215 2504 2267 τὸν
2537 2213 2693 2282 λόγον
2724 2210 3065 2283 ποιούμενος,
3104 2212 3227 2265 Ἐπὶ
3261 2212 3379 2265 τῶν
3417 2212 3631 2281 χειρῶν
3645 2230 3766 2281 μου

2175 2303 2554 2374 ἑζὶυκριὶρηκά
2574 2318 2691 2358 σου
2726 2302 2797 2357 τὰ
2822 2303 3013 2372 τείχη,
3036 2301 3291 2357 ἐνώπιόν
3313 2304 3423 2374 (l2)
3441 2323 3560 2373 μου
3597 2301 3657 2358 εἴ
3668 2304 3772 2357 διὰ

2177 2401 2421 2463 παντός.
2452 2397 2605 2451 Οὖτιν)
2636 2397 2810 2449 τοίνυν
2837 2397 2929 2449 καὶ
2964 2398 3020 2447 ἐν
3058 2396 3133 2466 τῷ
3160 2397 3375 2469 θανάτῳ
3403 2398 3632 2466 γίνεται,
3665 2399 3766 2452 καὶ

2180 2492 2284 2544 ὑπὸ
2327 2490 2421 2543 τοῦ
2456 2490 2683 2543 θανάτου
2719 2488 2779 2541 ού
2815 2488 3144 2559 κυριεύεται.
3180 2489 3254 2541 Τὸ
3305 2489 3401 2559 μὲν
3429 2491 3538 2561 γάρ
3572 2489 3768 2542 σύνθε-

2179 2601 2268 2636 τον
2310 2581 2617 2654 μερίζεταιο
2662 2580 2722 2634 τὸ
2761 2581 2817 2633 δὲ
2847 2580 3137 2633 ἀσύνθετον
3185 2580 3340 2635 λύσιν
3381 2582 3482 2634 οὐκ
3528 2582 3773 2653 ἐπιδέχε-

2180 2694 2269 2729 ται
2289 2692 2302 2705 ο
2334 2675 2469 2729 ἀλλά
2517 2673 2823 2745 παραμένει
2856 2673 2953 2743 μὲν
2978 2671 3057 2743 τῷ
3089 2673 3340 2744 μερισμῷ
3381 2673 3476 2726 τοῦ
3510 2674 3769 2727 συνθέτου

2182 2770 2214 2838 ή
2268 2766 2558 2829 ἁσύνθετος
2605 2764 2787 2835 φύσις,
2837 2765 2929 2817 καὶ
2980 2765 3079 2834 τῆς
3130 2765 3308 2835 ψυχῆς
3360 2765 3455 2818 τοῦ
3518 2765 3772 2837 σώματος

2181 2857 2593 2929 ἀποχωρούσης,
2629 2854 2740 2909 οὗθ’
2767 2855 2953 2925 ἐτέρου
3002 2856 3318 2927 χωρίζεται.
3370 2857 3680 2927 Τεκμήριον
3713 2857 3773 2909 δὲ

2183 2952 2216 3019 ἡ
2268 2949 2540 3020 ἐνέργεια,
2580 2948 2762 3011 καθὼς
2808 2947 3045 3021 εἴρηται,
3093 2950 3185 3002 ἐπὶ
3235 2948 3332 3018 μὲν
3375 2948 3469 3001 τοῦ
3522 2946 3773 3018 σώματος

2182 3043 2280 3114 τὴν
2316 3040 2642 3111 ἀφθαρσίαν,
2680 3042 2774 3094 ἐπὶ
2803 3040 2859 3094 δὲ
2892 3042 2989 3110 τῆς
3030 3042 3206 3112 ψυχῆς
3237 3041 3337 3113 τὴν
3397 3042 3452 3092 ἐν
3516 3040 3776 3111 παραδεί-

2111 3163 2153 3222 C
2188 3153 2265 3206 σῳ
2306 3134 2584 3205 διαγωγὴν
2628 3135 2991 3206 ὲνεργὴσασα.
3049 3135 3122 3187 Ού
3178 3134 3281 3205 μὴν
3342 3131 3775 3203 συνδιαςχίζεται

2187 3228 2262 3299 τῷ
2289 3226 2551 3299 χωρισμῷ
2589 3227 2810 3292 τούτων,
2842 3229 2870 3280 ὁ
2900 3226 3105 3290 ἁπλοῦς
3147 3228 3242 3280 καὶ
3290 3225 3598 3288 ἁσύνθετος,
3635 3224 3777 3278 ἀλλὰ

2186 3320 2246 3371 τὸ
2292 3317 2551 3378 ἐναντίον,
2607 3316 2663 3369 ἓν
2720 3316 3048 3386 ἐργάζεται·
3099 3316 3179 3387 τῷ
3234 3316 3343 3387 γάρ
3403 3316 3523 3369 καθ’
3583 3316 3777 3369 ἑαυτὸν

2182 3409 2478 3480 ἀδιαιρέτῳ
2528 3410 2621 3462 καὶ
2667 3410 2727 3462 τὸ
2773 3404 3100 3481 διῃρημένον
3144 3410 3223 3472 εἰς
3256 3408 3446 3461 ἕνωσιν
3492 3408 3633 3476 ἄγει,
3682 3407 3778 3460 καὶ

2188 3501 2348 3553 τοῦτο
2395 3501 2726 3555 ἐνδείκνυται
2768 3501 2935 3554 εἰπὼν
2979 3501 3114 3571 (15),
3161 3501 3245 3554 ὅτι
3315 3501 3368 3552 '0
3405 3499 3550 3566 Θεὸς
3589 3498 3779 3553 αὑτὸν

2190 3590 2428 3659 ἤγειρεν
2454 3591 2523 3644 ἐκ
2552 3588 2800 3659 νεκρῶν.
2839 3591 2913 3645 Ού
2957 3590 3065 3662 γὰρ
3106 3590 3295 3662 ὥσπερ
3323 3590 3597 3661 Λάζαρος,
3630 3591 3663 3659 ἧ
3691 3606 3779 3651 τις

2192 3684 2347 3748 ἄλλος
2374 3683 2482 3737 τῶν
2511 3682 2981 3746 ἀναϐεϐιωκότων,
3012 3683 3269 3755 ἀλλοτρία
3305 3683 3530 3753 δυνάμει
3558 3681 3691 3751 πρὸς
3715 3682 3780 3733 τὸ

2193 3777 2291 3848 ζῇν
2322 3776 2677 3844 ἐπανάγεται,
2708 3774 2879 3841 οὕτως
2912 3776 3023 3845 (14)
3067 3775 3262 3844 εὐαγὲς
3288 3777 3381 3827 καὶ
3424 3775 3517 3827 ὲπὶ
3558 3776 3655 3844 τῆς
3684 3772 3779 3826 τοῦ

2192 3869 2397 3940 Κυρίου
2428 3867 2776 3930 ἀναστάσεως
2807 3867 3034 3922 οἴεσθαι.
3073 3868 3211 3920 Ἀλλ’
3232 3870 3259 3920 6
3290 3867 3599 3935 Μονογενὴς
3622 3866 3779 3929 Θεὸς,

2193 3963 2356 4026 αὐτὸς
2384 3961 2637 4031 ἀνίστησι
2662 3959 2752 4014 τὸν
2782 3960 3158 4031 ἀνακραθέντα
3186 3959 3470 4031 ἄνθρωπον
3492 3958 3661 4029 αὐτῷ,
3687 3961 3783 4011 καὶ

2194 4053 2429 4125 χωρίσας
2462 4050 2555 4105 τοῦ
2589 4051 2839 4122 σώματος
2866 4052 2965 4122 τὴν
3010 4052 3210 4123 ψυχὴν,
3240 4051 3341 4105 ’καὶ
3369 4050 3575 4114 ὲνώσας
3618 4051 3783 4104 πάλιν

2196 4143 2502 4215 ἀμφότερα,
2547 4143 2640 4196 καὶ
2671 4142 2845 4206 οὕτως
2891 4144 2924 4214 ἠ
2960 4143 3114 4213 κοινὴ
3148 4142 3355 4211 γίνεται
3402 4142 3643 4212 σωτηρία
3680 4143 3784 4212 τῆς

2197 4236 2441 4305 φύσεως·
2477 4235 2600 4289 ὅθεν
2624 4236 2717 4289 καὶ
2752 4235 2992 4307 ἀρχηγὸς
3029 4235 3173 4306 ζωῆς
3201 4234 3556 4307 ὀνομάζεται·
3587 4238 3643 4288 ὲν
3673 4238 3783 4306 γὰρ

2197 4327 2275 4397 τῷ
2305 4327 2445 4399 ὑπὲρ
2478 4327 2633 4397 ἡμῶν
2694 4326 3037 4390 ἀποθανόντι,
3081 4329 3175 4382 καὶ
3215 4328 3508 4398 ἐγερθέντι,
3547 4328 3637 4380 τὸν
3689 4329 3783 4379 κό-

2202 4436 2338 4489 σμον
2373 4417 2551 4488 ἐαυτῷ
2575 4417 2907 4487 κατήλλαξεν
2940 4417 2968 4468 ὁ
2992 4417 3293 4486 Μονογενὴς
3323 4418 3474 4480 Θεὸς,
3499 4411 3607 4471 οἷόν
3632 4435 3785 4478 τινας

516 4518 750 4562 mortem
786 4506 925 4561 obiit
958 4519 1020 4559 ac
1058 4502 1398 4568 resurrexit,
1433 4500 1703 4555 mundum
1738 4500 1843 4555 sibi
1875 4501 1980 4569 ipsi
2009 4516 2082 4555 re«

2201 4508 2595 4581 δορυαλώτους,
2650 4510 2797 4580 ἡμᾶς
2827 4508 2915 4562 διά
2945 4507 3038 4561 τοῦ
3083 4507 3377 4577 συγγενοῦς
3421 4508 3575 4578 ἡμῶν
3618 4510 3785 4578 αἵμα-

518 4600 836 4654 conciliavit
875 4596 1202 4665 Unigenitus
1243 4593 1423 4661 Deus,
1463 4608 1566 4648 nos
1604 4608 1798 4648 omnes
1839 4593 1932 4662 qui
1973 4608 2099 4647 cum

520 4708 586 4746 co
633 4706 799 4745 carne
827 4705 893 4743 ac
939 4688 1208 4758 sanguine
1237 4686 1720 4741 communicamus
1742 4724 1757 4745 .
1790 4684 1957 4739 veluti
2009 4698 2103 4738 ca-

522 4783 703 4853 ptivos
751 4780 1055 4851 quosdam,
1110 4779 1336 4848 proprio
1384 4776 1655 4847 sanguine
1705 4776 1798 4846 qui
1854 4774 2100 4844 ejusdem

523 4884 689 4943 atque
719 4884 905 4929 noster
944 4881 1154 4927 natura
1188 4880 1313 4933 est,
1364 4870 1680 4926 redimens:
1740 4869 1807 4923 ad
1857 4869 1909 4923 id
1957 4869 2101 4923 enim

524 4966 801 5035 respicere
824 4963 1045 5017 videtur
1072 4961 1398 5032 Apostolus,
1429 4974 1555 5013 cum
1589 4959 1770 5030 inquit
1800 4975 1895 5030 per
1922 4961 2102 5030 ipsum

527 5072 632 5111 nos
669 5048 948 5124 accepisse
984 5052 1417 5123 redemptionem
1455 5066 1552 5121 per
1589 5051 1914 5121 sanguinem
1948 5053 2102 5119 ejus,

527 5148 909 5203 remissionem
945 5155 1297 5217 peccatorum
1333 5160 1429 5215 per
1457 5159 1684 5199 carnem
1715 5144 1838 5214 ejus
1871 5145 1938 5198 “.
1976 5145 2103 5201 llaec

526 5249 615 5295 est
649 5239 924 5295 sententia
959 5248 1147 5294 nostra
1180 5253 1345 5308 quam
1378 5251 1538 5292 secus
1570 5244 1736 5306 atque
1765 5237 2104 5306 Apollinaris

602 5354 648 5387 “
680 5352 870 5407 Matth.
900 5368 1002 5417 ιιι,
1035 5352 1124 5405 40.
1200 5353 1244 5383 ⁸⁸
1283 5348 1440 5405 Joan.
1478 5366 1532 5415 κ,
1566 5349 1652 5404 18.
1731 5350 1778 5381 ⁵ο
1818 5348 1954 5405 Luc.
1985 5367 2073 5407 χιιι

2183 5354 2261 5410 16.
2338 5358 2379 5387 δ’
2411 5356 2541 5413 ibid.
2574 5357 2663 5411 4⁵5.

531 5426 547 5480 1
581 5425 779 5480 Thess.
813 5438 853 5489 ι,
890 5423 977 5477 10.
1053 5422 1099 5453 ⁵⁸
1128 5420 1327 5491 Ephes.
1365 5436 1404 5489 ι,
1438 5421 1488 5474 7.

605 5540 719 5609 (10)
765 5537 974 5593 Similia
997 5536 1401 5607 quoquehabet
1432 5535 1714 5608 Nyssenus
1771 5538 1826 5591 in
1876 5545 2017 5592 orat.
2048 5538 2101 5604 1,

528 5612 588 5667 in
606 5610 807 5666 Christi
836 5610 1270 5663 resurrectionem
1300 5609 1450 5663 circa
1481 5608 1742 5663 medium.

606 5681 653 5749 (l
668 5681 719 5750 1)
741 5679 904 5734 Forte
938 5679 1226 5750 legendum
1256 5679 1363 5748 ἦπε
1375 5694 1424 5750 ρ.

613 5740 697 5803 ’1⁸2
744 5751 899 5805 Corr.
930 5740 1026 5803 καῖ
1054 5740 1299 5803 ἐνώπιον,

605 5740 718 5888 iw;
748 5820 903 5877 (ΞΟΠ.
932 5822 961 5873 ὁ
982 5818 1172 5875 εἰπών.

634 5818 718 5887 15)
748 5820 903 5896 Corr.
932 5822 961 5873 ό
982 5818 1172 5875 εἰπών.

2203 4616 2314 4662 τος,
2349 4599 2557 4661 πάντας
2585 4600 2712 4662 τοὺς
2755 4599 3221 4667 κεκοινωνηκότας
3248 4597 3394 4669 αὐτῷ
3438 4601 3535 4669 τῆς
3584 4598 3784 4667 σαρκὸς

2206 4691 2301 4745 καὶ
2333 4689 2425 4742 τοῦ
2472 4691 2703 4761 αἵματος
2737 4690 3165 4761 ἐξωνησάμενος,
3196 4690 3267 4754 ὡς
3311 4688 3443 4761 πρὸς
3475 4688 3630 4742 τοῦτο
3665 4690 3786 4758 βλέ-

2204 4800 2327 4835 πειν
2358 4782 2456 4853 τὴν
2489 4782 2853 4853 ἀποστολικὴν
2907 4783 3087 4854 ῥῆσιν,
3135 4784 3170 4853 ἥ
3219 4800 3403 4852 φησιν,
3449 4782 3592 4853 ἔχειν
3638 4783 3783 4851 ἡμᾶς

2205 4877 2302 4948 τὴν
2332 4875 2705 4945 ἀπολύτρωσιν
2737 4876 2828 4929 διά
2848 4875 2940 4929 τοῦ
2971 4876 3198 4947 αἵματος
3221 4875 3382 4928 αὑτοῦ
3403 4891 3416 4903 ⁸
3458 4874 3554 4945 τὴν
3595 4874 3785 4941 ἄφεσιν

2204 4967 2313 5020 τῶν
2350 4966 2629 5038 ἁμαρτιῶν
2654 4966 2741 5020 διὰ
2778 4966 2874 5037 τῆς
2900 4966 3099 5037 σαρκὸς
3129 4965 3312 5018 αὑτοῦ.
3341 4960 3504 5027 Οὗτος
3536 4966 3563 5017 6
3586 4963 3786 5033 ἡμέτε-

2210 5075 2300 5130 ρος
2327 5057 2504 5127 λόγος,
2536 5057 2594 5109 ὃν
2643 5059 2707 5108 ἐκ
2738 5055 2846 5109 τῶν
2883 5054 3296 5126 παρατεθέντων
3324 5052 3418 5106 τοῦ
3459 5052 3786 5107 Ἀποστόλου

2211 5150 2474 5220 ῥημάτων
2517 5147 2629 5218 (l5)
2680 5148 3003 5219 ὲνοὴσαμεν,
3046 5147 3142 5200 καὶ
3169 5147 3267 5216 οὐχ
3305 5146 3380 5209 ὡς
3416 5145 3788 5213 Ἀπολινάριος

2202 5243 2412 5305 ἐκεῖνος
2438 5240 2570 5310 (16).
2598 5240 2949 5309 Δοκιμαζέτω
2988 5240 3044 5293 δὲ
3071 5241 3099 5292 ὁ
3143 5239 3348 5310 κρίνειν
3379 5237 3789 5307 ὲπεσκεμμένος

2741 5353 2913 5411 "lsa.
2938 5369 3089 5418 χιιι,
3113 5351 3201 5408 16.
3275 5352 3549 5409 lia(ioloss.
3593 5366 3652 5413 ιι,
3685 5351 3787 5416 i9;

2287 5540 2399 5597 (Ml
2427 5539 2587 5592 Carr.
2618 5539 2717 5609 οὐχ
2744 5539 2936 5602 οὕτως.

2282 5611 2395 5675 (15)
2418 5609 2573 5663 Corr.
2617 5611 2726 5662 τῶν
2758 5610 3040 5679 ῥημάτων.

2279 5681 2692 5751 (16)]ηνιηιπε.
2730 5676 2992 5734 scribitur
3037 5676 3224 5733 eadem
3268 5693 3412 5735 corr.
3461 5693 3645 5743 manu,
3694 5693 3789 5748 γρ.

2212 5752 2309 5806 καὶ¹
2340 5750 2435 5805 τοῦ
2472 5750 2849 5823 Ἀπολιναρίου
2880 5751 3105 5813 ἐκεῖνος.
