  <div class='ocr_page' id='page_1' title='image "/cluster/home/n/w/nwhite01/storage/ocr_20150623/45/nnc1.0046978445/590.png"; bbox 0 0 4146 6386; ppageno 0'>
   <div class='ocr_carea' id='block_1_1' title="bbox 365 342 500 399">
    <p class='ocr_par' dir='ltr' id='par_1_1' title="bbox 365 342 500 399">
     <span class='ocr_line' id='line_1_1' title="bbox 365 342 500 399; baseline 0.007 -5"><span class='ocrx_word' id='word_1_1' title='bbox 365 342 500 399; x_wconf 75' lang='grc' dir='ltr'>Ηὸῖ</span> 
     </span>
    </p>
   </div>
   <div class='ocr_carea' id='block_1_2' title="bbox 1531 338 2454 396">
    <p class='ocr_par' dir='ltr' id='par_1_2' title="bbox 1531 338 2454 396">
     <span class='ocr_line' id='line_1_2' title="bbox 1531 338 2454 396; baseline 0.002 -2"><span class='ocrx_word' id='word_1_2' title='bbox 1531 338 1904 396; x_wconf 78' lang='lat' dir='ltr'><strong>ADVERSUS</strong></span> <span class='ocrx_word' id='word_1_3' title='bbox 1938 338 2429 395; x_wconf 80' lang='lat' dir='ltr'><strong>APOLLINAREM</strong></span> <span class='ocrx_word' id='word_1_4' title='bbox 2439 383 2454 396; x_wconf 94' lang='lat'><strong>.</strong></span> 
     </span>
    </p>
   </div>
   <div class='ocr_carea' id='block_1_3' title="bbox 3495 338 3628 395">
    <p class='ocr_par' dir='ltr' id='par_1_3' title="bbox 3495 338 3628 395">
     <span class='ocr_line' id='line_1_3' title="bbox 3495 338 3628 395; baseline 0.015 -2"><span class='ocrx_word' id='word_1_5' title='bbox 3495 338 3628 395; x_wconf 68' lang='lat'><strong>“53</strong></span> 
     </span>
    </p>
   </div>
   <div class='ocr_carea' id='block_1_4' title="bbox 362 451 1951 529">
    <p class='ocr_par' dir='ltr' id='par_1_4' title="bbox 362 453 1944 529">
     <span class='ocr_line' id='line_1_4' title="bbox 362 453 1944 529; baseline -0.002 -19"><span class='ocrx_word' id='word_1_6' title='bbox 362 457 454 510; x_wconf 72' lang='grc' dir='ltr'>τὸν</span> <span class='ocrx_word' id='word_1_7' title='bbox 479 456 883 529; x_wconf 75' lang='grc' dir='ltr'>εὐσεϐέστερον,</span> <span class='ocrx_word' id='word_1_8' title='bbox 901 456 1007 510; x_wconf 73' lang='grc' dir='ltr'>εἴτε</span> <span class='ocrx_word' id='word_1_9' title='bbox 1035 453 1216 519; x_wconf 84' lang='grc' dir='ltr'>καθὼς</span> <span class='ocrx_word' id='word_1_10' title='bbox 1248 455 1407 527; x_wconf 82' lang='grc' dir='ltr'><strong>ἡμεῖς</strong></span> <span class='ocrx_word' id='word_1_11' title='bbox 1424 471 1624 527; x_wconf 86' lang='grc' dir='ltr'>φαμεν,</span> <span class='ocrx_word' id='word_1_12' title='bbox 1648 457 1682 526; x_wconf 84' lang='grc' dir='ltr'>ὴ</span> <span class='ocrx_word' id='word_1_13' title='bbox 1710 454 1836 520; x_wconf 81' lang='grc' dir='ltr'>δόξα</span> <span class='ocrx_word' id='word_1_14' title='bbox 1866 455 1944 508; x_wconf 87' lang='grc' dir='ltr'>οἰ-</span> 
     </span>
    </p>
   </div>
   <div class='ocr_carea' id='block_1_5' title="bbox 2054 451 3616 529">
    <p class='ocr_par' dir='ltr' id='par_1_5' title="bbox 2054 451 3616 525">
     <span class='ocr_line' id='line_1_5' title="bbox 2054 451 3616 525; baseline -0.003 -18"><span class='ocrx_word' id='word_1_15' title='bbox 2054 453 2141 508; x_wconf 92' lang='lat' dir='ltr'><strong>ille</strong></span> <span class='ocrx_word' id='word_1_16' title='bbox 2170 469 2236 508; x_wconf 77' lang='lat' dir='ltr'><strong>ex</strong></span> <span class='ocrx_word' id='word_1_17' title='bbox 2270 452 2519 525; x_wconf 83' lang='lat' dir='ltr'><strong>allegatis</strong></span> <span class='ocrx_word' id='word_1_18' title='bbox 2546 454 2793 524; x_wconf 87' lang='lat' dir='ltr'><strong>Apostoli</strong></span> <span class='ocrx_word' id='word_1_19' title='bbox 2834 454 3019 511; x_wconf 81' lang='lat' dir='ltr'><strong>verbis</strong></span> <span class='ocrx_word' id='word_1_20' title='bbox 3056 452 3449 523; x_wconf 84' lang='lat' dir='ltr'><strong>expressimus.</strong></span> <span class='ocrx_word' id='word_1_21' title='bbox 3500 451 3616 505; x_wconf 77' lang='lat' dir='ltr'><strong>Per-</strong></span> 
     </span>
    </p>
   </div>
   <div class='ocr_carea' id='block_1_6' title="bbox 361 545 1951 621">
    <p class='ocr_par' dir='ltr' id='par_1_6' title="bbox 361 545 1951 621">
     <span class='ocr_line' id='line_1_6' title="bbox 361 545 1951 621; baseline -0.003 -16"><span class='ocrx_word' id='word_1_22' title='bbox 361 549 667 621; x_wconf 84' lang='grc' dir='ltr'>κονομικῶς</span> <span class='ocrx_word' id='word_1_23' title='bbox 698 550 1028 619; x_wconf 87' lang='grc' dir='ltr'>κατασκηνοῖ</span> <span class='ocrx_word' id='word_1_24' title='bbox 1055 549 1113 600; x_wconf 79' lang='grc' dir='ltr'>ἐν</span> <span class='ocrx_word' id='word_1_25' title='bbox 1151 549 1216 619; x_wconf 79' lang='grc' dir='ltr'>τῇ</span> <span class='ocrx_word' id='word_1_26' title='bbox 1265 551 1336 619; x_wconf 79' lang='grc' dir='ltr'>γῇ</span> <span class='ocrx_word' id='word_1_27' title='bbox 1388 548 1565 619; x_wconf 78' lang='grc' dir='ltr'>ἡμῶν,</span> <span class='ocrx_word' id='word_1_28' title='bbox 1615 545 1725 600; x_wconf 80' lang='grc' dir='ltr'>εἴτε</span> <span class='ocrx_word' id='word_1_29' title='bbox 1772 545 1951 611; x_wconf 86' lang='grc' dir='ltr'>καθὼς</span> 
     </span>
    </p>
   </div>
   <div class='ocr_carea' id='block_1_7' title="bbox 362 639 1949 713">
    <p class='ocr_par' dir='ltr' id='par_1_7' title="bbox 362 639 1949 713">
     <span class='ocr_line' id='line_1_7' title="bbox 362 639 1949 713; baseline -0.004 -15"><span class='ocrx_word' id='word_1_30' title='bbox 362 644 570 708; x_wconf 81' lang='grc' dir='ltr'>ἐκεῖνός</span> <span class='ocrx_word' id='word_1_31' title='bbox 593 659 778 713; x_wconf 86' lang='grc' dir='ltr'>φησιν,</span> <span class='ocrx_word' id='word_1_32' title='bbox 795 641 916 711; x_wconf 68' lang='grc' dir='ltr'>οὐχὶ</span> <span class='ocrx_word' id='word_1_33' title='bbox 937 641 1228 711; x_wconf 76' lang='grc' dir='ltr'>ἐπίκτητος</span> <span class='ocrx_word' id='word_1_34' title='bbox 1240 640 1334 693; x_wconf 77' lang='grc' dir='ltr'><strong>ἐπὶ</strong></span> <span class='ocrx_word' id='word_1_35' title='bbox 1352 642 1419 711; x_wconf 82' lang='grc' dir='ltr'>τῇ</span> <span class='ocrx_word' id='word_1_36' title='bbox 1436 641 1723 711; x_wconf 82' lang='grc' dir='ltr'>εὐεργεσίᾳ</span> <span class='ocrx_word' id='word_1_37' title='bbox 1740 639 1949 707; x_wconf 89' lang='grc' dir='ltr'>γίνεται</span> 
     </span>
    </p>
   </div>
   <div class='ocr_carea' id='block_1_8' title="bbox 360 728 1946 803">
    <p class='ocr_par' dir='ltr' id='par_1_8' title="bbox 360 728 1946 803">
     <span class='ocr_line' id='line_1_8' title="bbox 360 728 1946 803; baseline -0.003 -17"><span class='ocrx_word' id='word_1_38' title='bbox 360 734 397 802; x_wconf 79' lang='grc' dir='ltr'><strong>ἡ</strong></span> <span class='ocrx_word' id='word_1_39' title='bbox 438 732 572 803; x_wconf 71' lang='grc' dir='ltr'>σὰρξ</span> <span class='ocrx_word' id='word_1_40' title='bbox 595 735 658 803; x_wconf 82' lang='grc' dir='ltr'><strong>τῇ</strong></span> <span class='ocrx_word' id='word_1_41' title='bbox 692 730 926 802; x_wconf 86' lang='grc' dir='ltr'>θεότητι,</span> <span class='ocrx_word' id='word_1_42' title='bbox 944 728 1079 783; x_wconf 89' lang='grc' dir='ltr'><strong>ἀλλά</strong></span> <span class='ocrx_word' id='word_1_43' title='bbox 1097 730 1498 801; x_wconf 89' lang='grc' dir='ltr'>συνουσιωμένη</span> <span class='ocrx_word' id='word_1_44' title='bbox 1536 730 1629 784; x_wconf 77' lang='grc' dir='ltr'><strong>καὶ</strong></span> <span class='ocrx_word' id='word_1_45' title='bbox 1647 729 1946 799; x_wconf 86' lang='grc' dir='ltr'>σύμφυτος.</span> 
     </span>
    </p>
   </div>
   <div class='ocr_carea' id='block_1_9' title="bbox 2055 543 3631 616">
    <p class='ocr_par' dir='ltr' id='par_1_9' title="bbox 2055 543 3631 616">
     <span class='ocr_line' id='line_1_9' title="bbox 2055 543 3631 616; baseline -0.001 -18"><span class='ocrx_word' id='word_1_46' title='bbox 2055 544 2257 615; x_wconf 91' lang='lat' dir='ltr'><strong>pendat</strong></span> <span class='ocrx_word' id='word_1_47' title='bbox 2298 556 2479 599; x_wconf 88' lang='lat' dir='ltr'><strong>autem</strong></span> <span class='ocrx_word' id='word_1_48' title='bbox 2525 547 2620 616; x_wconf 88' lang='lat' dir='ltr'><strong>qui</strong></span> <span class='ocrx_word' id='word_1_49' title='bbox 2670 546 2774 602; x_wconf 92' lang='lat' dir='ltr'><strong>hac</strong></span> <span class='ocrx_word' id='word_1_50' title='bbox 2817 546 2885 601; x_wconf 89' lang='lat' dir='ltr'><strong>de</strong></span> <span class='ocrx_word' id='word_1_51' title='bbox 2918 563 2976 601; x_wconf 93' lang='lat' dir='ltr'><strong>re</strong></span> <span class='ocrx_word' id='word_1_52' title='bbox 3001 545 3273 615; x_wconf 87' lang='lat' dir='ltr'><strong>judicium</strong></span> <span class='ocrx_word' id='word_1_53' title='bbox 3311 543 3455 599; x_wconf 90' lang='lat' dir='ltr'><strong>ferre</strong></span> <span class='ocrx_word' id='word_1_54' title='bbox 3486 545 3631 614; x_wconf 70' lang='lat' dir='ltr'><strong>poris</strong></span> 
     </span>
    </p>
   </div>
   <div class='ocr_carea' id='block_1_10' title="bbox 2054 636 3628 710">
    <p class='ocr_par' dir='ltr' id='par_1_10' title="bbox 2054 636 3628 710">
     <span class='ocr_line' id='line_1_10' title="bbox 2054 636 3628 710; baseline -0.003 -18"><span class='ocrx_word' id='word_1_55' title='bbox 2054 646 2172 701; x_wconf 89' lang='lat' dir='ltr'><strong>est,</strong></span> <span class='ocrx_word' id='word_1_56' title='bbox 2204 646 2323 691; x_wconf 85' lang='lat' dir='ltr'><strong>utra</strong></span> <span class='ocrx_word' id='word_1_57' title='bbox 2365 653 2430 692; x_wconf 76' lang='lat' dir='ltr'><strong>ex</strong></span> <span class='ocrx_word' id='word_1_58' title='bbox 2478 638 2631 693; x_wconf 89' lang='lat' dir='ltr'><strong>hisce</strong></span> <span class='ocrx_word' id='word_1_59' title='bbox 2672 638 3028 710; x_wconf 86' lang='lat' dir='ltr'><strong>opinionibus</strong></span> <span class='ocrx_word' id='word_1_60' title='bbox 3061 637 3149 708; x_wconf 91' lang='lat' dir='ltr'><strong>pia</strong></span> <span class='ocrx_word' id='word_1_61' title='bbox 3192 637 3368 707; x_wconf 84' lang='lat' dir='ltr'><strong>magis</strong></span> <span class='ocrx_word' id='word_1_62' title='bbox 3415 636 3520 699; x_wconf 89' lang='lat' dir='ltr'><strong>sit,</strong></span> <span class='ocrx_word' id='word_1_63' title='bbox 3560 651 3628 688; x_wconf 92' lang='lat' dir='ltr'><strong>an</strong></span> 
     </span>
    </p>
   </div>
   <div class='ocr_carea' id='block_1_11' title="bbox 2056 726 3631 800">
    <p class='ocr_par' dir='ltr' id='par_1_11' title="bbox 2056 726 3631 800">
     <span class='ocr_line' id='line_1_11' title="bbox 2056 726 3631 800; baseline -0.003 -16"><span class='ocrx_word' id='word_1_64' title='bbox 2056 730 2272 784; x_wconf 77' lang='lat' dir='ltr'><strong>scilicet</strong></span> <span class='ocrx_word' id='word_1_65' title='bbox 2311 738 2369 783; x_wconf 93' lang='lat' dir='ltr'><strong>ut</strong></span> <span class='ocrx_word' id='word_1_66' title='bbox 2406 746 2507 786; x_wconf 89' lang='lat' dir='ltr'><strong>uos</strong></span> <span class='ocrx_word' id='word_1_67' title='bbox 2538 731 2808 796; x_wconf 82' lang='lat' dir='ltr'><strong>dicimus,</strong></span> <span class='ocrx_word' id='word_1_68' title='bbox 2844 730 3029 784; x_wconf 91' lang='lat' dir='ltr'><strong>divina</strong></span> <span class='ocrx_word' id='word_1_69' title='bbox 3064 729 3238 800; x_wconf 80' lang='lat' dir='ltr'><strong>gloria</strong></span> <span class='ocrx_word' id='word_1_70' title='bbox 3274 744 3369 797; x_wconf 89' lang='lat' dir='ltr'><strong>per</strong></span> <span class='ocrx_word' id='word_1_71' title='bbox 3401 726 3631 797; x_wconf 87' lang='lat' dir='ltr'><strong>dispen-</strong></span> 
     </span>
    </p>
   </div>
   <div class='ocr_carea' id='block_1_12' title="bbox 368 818 3629 895">
    <p class='ocr_par' dir='ltr' id='par_1_12' title="bbox 368 818 3629 895">
     <span class='ocr_line' id='line_1_12' title="bbox 368 818 3629 895; baseline -0.002 -16"><span class='ocrx_word' id='word_1_72' title='bbox 368 826 639 879; x_wconf 74' lang='lat' dir='ltr'><strong>sationem</strong></span> <span class='ocrx_word' id='word_1_73' title='bbox 691 825 744 878; x_wconf 92' lang='lat' dir='ltr'><strong>in</strong></span> <span class='ocrx_word' id='word_1_74' title='bbox 798 830 943 878; x_wconf 88' lang='lat' dir='ltr'><strong>terra</strong></span> <span class='ocrx_word' id='word_1_75' title='bbox 996 829 1188 877; x_wconf 91' lang='lat' dir='ltr'><strong>nostra</strong></span> <span class='ocrx_word' id='word_1_76' title='bbox 1238 822 1593 887; x_wconf 85' lang='lat' dir='ltr'><strong>habitaverit,</strong></span> <span class='ocrx_word' id='word_1_77' title='bbox 1640 838 1707 877; x_wconf 92' lang='lat' dir='ltr'><strong>an</strong></span> <span class='ocrx_word' id='word_1_78' title='bbox 1762 836 1930 886; x_wconf 87' lang='lat' dir='ltr'><strong>vero,</strong></span> <span class='ocrx_word' id='word_1_79' title='bbox 1971 822 2434 891; x_wconf 87' lang='lat' dir='ltr'><strong>quemadmodum</strong></span> <span class='ocrx_word' id='word_1_80' title='bbox 2468 824 2557 878; x_wconf 88' lang='lat' dir='ltr'><strong>ille</strong></span> <span class='ocrx_word' id='word_1_81' title='bbox 2586 833 2772 895; x_wconf 85' lang='lat' dir='ltr'><strong>putat,</strong></span> <span class='ocrx_word' id='word_1_82' title='bbox 2809 838 2939 879; x_wconf 90' lang='lat' dir='ltr'><strong>caro</strong></span> <span class='ocrx_word' id='word_1_83' title='bbox 3005 838 3114 877; x_wconf 92' lang='lat' dir='ltr'><strong>non</strong></span> <span class='ocrx_word' id='word_1_84' title='bbox 3159 820 3400 875; x_wconf 91' lang='lat' dir='ltr'><strong>ascititia</strong></span> <span class='ocrx_word' id='word_1_85' title='bbox 3481 818 3629 873; x_wconf 89' lang='lat' dir='ltr'><strong>divi-</strong></span> 
     </span>
    </p>
   </div>
   <div class='ocr_carea' id='block_1_13' title="bbox 364 913 3275 988">
    <p class='ocr_par' dir='ltr' id='par_1_13' title="bbox 364 913 3275 988">
     <span class='ocr_line' id='line_1_13' title="bbox 364 913 3275 988; baseline 0 -17"><span class='ocrx_word' id='word_1_86' title='bbox 364 919 524 971; x_wconf 87' lang='lat' dir='ltr'><strong>nitati</strong></span> <span class='ocrx_word' id='word_1_87' title='bbox 559 915 627 971; x_wconf 85' lang='lat' dir='ltr'><strong>ad</strong></span> <span class='ocrx_word' id='word_1_88' title='bbox 656 913 1106 970; x_wconf 88' lang='lat' dir='ltr'><strong>benefaciendum</strong></span> <span class='ocrx_word' id='word_1_89' title='bbox 1141 916 1486 979; x_wconf 86' lang='lat' dir='ltr'><strong>hominibus,</strong></span> <span class='ocrx_word' id='word_1_90' title='bbox 1518 917 1611 971; x_wconf 91' lang='lat' dir='ltr'><strong>sed</strong></span> <span class='ocrx_word' id='word_1_91' title='bbox 1644 915 1820 971; x_wconf 84' lang='lat' dir='ltr'><strong>eidem</strong></span> <span class='ocrx_word' id='word_1_92' title='bbox 1859 914 2345 971; x_wconf 87' lang='lat' dir='ltr'><strong>consubstantialis</strong></span> <span class='ocrx_word' id='word_1_93' title='bbox 2386 926 2549 988; x_wconf 89' lang='lat' dir='ltr'><strong>atque</strong></span> <span class='ocrx_word' id='word_1_94' title='bbox 2574 919 2953 973; x_wconf 83' lang='lat' dir='ltr'><strong>connaturalis</strong></span> <span class='ocrx_word' id='word_1_95' title='bbox 2983 919 3275 973; x_wconf 83' lang='lat' dir='ltr'><strong>exstiterit.</strong></span> 
     </span>
    </p>
   </div>
   <div class='ocr_carea' id='block_1_14' title="bbox 439 1005 1950 1079">
    <p class='ocr_par' dir='ltr' id='par_1_14' title="bbox 439 1005 1950 1079">
     <span class='ocr_line' id='line_1_14' title="bbox 439 1005 1950 1079; baseline -0.004 -17"><span class='ocrx_word' id='word_1_96' title='bbox 439 1010 501 1062; x_wconf 80' lang='grc' dir='ltr'>Εἰ</span> <span class='ocrx_word' id='word_1_97' title='bbox 528 1009 585 1063; x_wconf 84' lang='grc' dir='ltr'><strong>δὲ</strong></span> <span class='ocrx_word' id='word_1_98' title='bbox 614 1007 887 1078; x_wconf 84' lang='grc' dir='ltr'><strong>Ζαχαρίας</strong></span> <span class='ocrx_word' id='word_1_99' title='bbox 915 1008 943 1059; x_wconf 99' lang='lat'><strong>6</strong></span> <span class='ocrx_word' id='word_1_100' title='bbox 974 1008 1262 1079; x_wconf 80' lang='grc' dir='ltr'><strong>προφήτης</strong></span> <span class='ocrx_word' id='word_1_101' title='bbox 1294 1008 1374 1071; x_wconf 88' lang='grc' dir='ltr'><strong>εἰς</strong></span> <span class='ocrx_word' id='word_1_102' title='bbox 1406 1006 1608 1060; x_wconf 90' lang='grc' dir='ltr'>τούτων</span> <span class='ocrx_word' id='word_1_103' title='bbox 1630 1006 1741 1075; x_wconf 83' lang='lat' dir='ltr'><strong>(l7)</strong></span> <span class='ocrx_word' id='word_1_104' title='bbox 1765 1005 1950 1076; x_wconf 72' lang='grc' dir='ltr'>ἕτερον</span> 
     </span>
    </p>
   </div>
   <div class='ocr_carea' id='block_1_15' title="bbox 363 1093 1949 1169">
    <p class='ocr_par' dir='ltr' id='par_1_15' title="bbox 363 1093 1949 1169">
     <span class='ocr_line' id='line_1_15' title="bbox 363 1093 1949 1169; baseline -0.007 -15"><span class='ocrx_word' id='word_1_105' title='bbox 363 1104 476 1165; x_wconf 90' lang='grc' dir='ltr'>τοῖς</span> <span class='ocrx_word' id='word_1_106' title='bbox 501 1100 788 1169; x_wconf 77' lang='grc' dir='ltr'>αἰνίγμασι</span> <span class='ocrx_word' id='word_1_107' title='bbox 811 1098 1055 1168; x_wconf 84' lang='grc' dir='ltr'>φέρεται,</span> <span class='ocrx_word' id='word_1_108' title='bbox 1086 1098 1235 1150; x_wconf 76' lang='grc' dir='ltr'>οὐδὲν</span> <span class='ocrx_word' id='word_1_109' title='bbox 1260 1094 1411 1167; x_wconf 78' lang='grc' dir='ltr'>οἶμαι</span> <span class='ocrx_word' id='word_1_110' title='bbox 1441 1098 1551 1150; x_wconf 87' lang='grc' dir='ltr'>δεῖν</span> <span class='ocrx_word' id='word_1_111' title='bbox 1578 1096 1847 1160; x_wconf 77' lang='grc' dir='ltr'><strong>ἐξετάζειν</strong></span> <span class='ocrx_word' id='word_1_112' title='bbox 1871 1093 1949 1163; x_wconf 83' lang='grc' dir='ltr'>τῷ</span> 
     </span>
    </p>
   </div>
   <div class='ocr_carea' id='block_1_16' title="bbox 364 1189 1948 1261">
    <p class='ocr_par' dir='ltr' id='par_1_16' title="bbox 364 1189 1948 1261">
     <span class='ocr_line' id='line_1_16' title="bbox 364 1189 1948 1261; baseline -0.004 -17"><span class='ocrx_word' id='word_1_113' title='bbox 364 1192 529 1261; x_wconf 85' lang='grc' dir='ltr'>λόγῳ,</span> <span class='ocrx_word' id='word_1_114' title='bbox 576 1192 686 1243; x_wconf 75' lang='grc' dir='ltr'>εἴτε</span> <span class='ocrx_word' id='word_1_115' title='bbox 723 1190 860 1259; x_wconf 85' lang='grc' dir='ltr'>πρὸς</span> <span class='ocrx_word' id='word_1_116' title='bbox 909 1189 1000 1241; x_wconf 80' lang='grc' dir='ltr'><strong>τὸν</strong></span> <span class='ocrx_word' id='word_1_117' title='bbox 1035 1189 1257 1258; x_wconf 83' lang='grc' dir='ltr'><strong>Κύριον,</strong></span> <span class='ocrx_word' id='word_1_118' title='bbox 1293 1190 1401 1241; x_wconf 77' lang='grc' dir='ltr'>εἴτε</span> <span class='ocrx_word' id='word_1_119' title='bbox 1447 1190 1583 1260; x_wconf 82' lang='grc' dir='ltr'>πρὸς</span> <span class='ocrx_word' id='word_1_120' title='bbox 1614 1189 1797 1259; x_wconf 74' lang='grc' dir='ltr'>ἕτερόν</span> <span class='ocrx_word' id='word_1_121' title='bbox 1828 1203 1948 1240; x_wconf 87' lang='grc' dir='ltr'>τινα</span> 
     </span>
    </p>
   </div>
   <div class='ocr_carea' id='block_1_17' title="bbox 367 1280 1951 1355">
    <p class='ocr_par' dir='ltr' id='par_1_17' title="bbox 367 1280 1951 1355">
     <span class='ocr_line' id='line_1_17' title="bbox 367 1280 1951 1355; baseline -0.001 -19"><span class='ocrx_word' id='word_1_122' title='bbox 367 1285 553 1355; x_wconf 83' lang='grc' dir='ltr'>βλέπει</span> <span class='ocrx_word' id='word_1_123' title='bbox 580 1284 640 1336; x_wconf 85' lang='grc' dir='ltr'><strong>τὸ</strong></span> <span class='ocrx_word' id='word_1_124' title='bbox 669 1285 866 1353; x_wconf 88' lang='grc' dir='ltr'>νόημα.</span> <span class='ocrx_word' id='word_1_125' title='bbox 909 1283 1071 1350; x_wconf 83' lang='grc' dir='ltr'>Λέγει</span> <span class='ocrx_word' id='word_1_126' title='bbox 1096 1281 1223 1352; x_wconf 79' lang='grc' dir='ltr'>γὰρ,</span> <span class='ocrx_word' id='word_1_127' title='bbox 1258 1283 1338 1335; x_wconf 82' lang='grc' dir='ltr'><strong>ὅτι</strong></span> <span class='ocrx_word' id='word_1_128' title='bbox 1381 1282 1688 1351; x_wconf 67' lang='lat' dir='ltr'><strong>&#39;Poysaala,</strong></span> <span class='ocrx_word' id='word_1_129' title='bbox 1725 1280 1951 1349; x_wconf 78' lang='grc' dir='ltr'>ἐξεγέρ-</span> 
     </span>
    </p>
   </div>
   <div class='ocr_carea' id='block_1_18' title="bbox 365 1374 1944 1445">
    <p class='ocr_par' dir='ltr' id='par_1_18' title="bbox 365 1374 1944 1445">
     <span class='ocr_line' id='line_1_18' title="bbox 365 1374 1944 1445; baseline -0.003 -13"><span class='ocrx_word' id='word_1_130' title='bbox 365 1382 497 1443; x_wconf 83' lang='grc' dir='ltr'>θητι</span> <span class='ocrx_word' id='word_1_131' title='bbox 520 1376 618 1429; x_wconf 78' lang='grc' dir='ltr'><strong>ἐπὶ</strong></span> <span class='ocrx_word' id='word_1_132' title='bbox 652 1374 837 1445; x_wconf 81' lang='grc' dir='ltr'><strong>νομέα</strong></span> <span class='ocrx_word' id='word_1_133' title='bbox 852 1392 992 1445; x_wconf 87' lang='grc' dir='ltr'>μου,</span> <span class='ocrx_word' id='word_1_134' title='bbox 1016 1375 1115 1429; x_wconf 79' lang='grc' dir='ltr'>καὶ</span> <span class='ocrx_word' id='word_1_135' title='bbox 1145 1376 1241 1429; x_wconf 81' lang='grc' dir='ltr'><strong>ἐπὶ</strong></span> <span class='ocrx_word' id='word_1_136' title='bbox 1263 1374 1450 1442; x_wconf 75' lang='grc' dir='ltr'>ἄνδρα</span> <span class='ocrx_word' id='word_1_137' title='bbox 1467 1375 1790 1443; x_wconf 63' lang='grc' dir='ltr'>σύμρυλόν</span> <span class='ocrx_word' id='word_1_138' title='bbox 1805 1390 1944 1442; x_wconf 85' lang='grc' dir='ltr'>μου.</span> 
     </span>
    </p>
   </div>
   <div class='ocr_carea' id='block_1_19' title="bbox 375 1465 1946 1539">
    <p class='ocr_par' dir='ltr' id='par_1_19' title="bbox 375 1465 1946 1539">
     <span class='ocr_line' id='line_1_19' title="bbox 375 1465 1946 1539; baseline -0.003 -17"><span class='ocrx_word' id='word_1_139' title='bbox 375 1468 565 1539; x_wconf 81' lang='grc' dir='ltr'>Ἡμεῖς</span> <span class='ocrx_word' id='word_1_140' title='bbox 613 1468 709 1539; x_wconf 86' lang='grc' dir='ltr'>μὲν</span> <span class='ocrx_word' id='word_1_141' title='bbox 750 1467 859 1539; x_wconf 84' lang='grc' dir='ltr'>γὰρ</span> <span class='ocrx_word' id='word_1_142' title='bbox 904 1467 1271 1537; x_wconf 85' lang='grc' dir='ltr'>ἀπειλητικῶς</span> <span class='ocrx_word' id='word_1_143' title='bbox 1304 1466 1526 1537; x_wconf 84' lang='grc' dir='ltr'>οἰόμεθα</span> <span class='ocrx_word' id='word_1_144' title='bbox 1566 1465 1708 1519; x_wconf 82' lang='grc' dir='ltr'>κατὰ</span> <span class='ocrx_word' id='word_1_145' title='bbox 1743 1465 1850 1518; x_wconf 91' lang='grc' dir='ltr'><strong>τῶν</strong></span> <span class='ocrx_word' id='word_1_146' title='bbox 1878 1467 1946 1535; x_wconf 81' lang='grc' dir='ltr'>τῇ</span> 
     </span>
    </p>
   </div>
   <div class='ocr_carea' id='block_1_20' title="bbox 365 1558 1948 1630">
    <p class='ocr_par' dir='ltr' id='par_1_20' title="bbox 365 1558 1948 1630">
     <span class='ocr_line' id='line_1_20' title="bbox 365 1558 1948 1630; baseline -0.003 -17"><span class='ocrx_word' id='word_1_147' title='bbox 365 1560 552 1629; x_wconf 78' lang='grc' dir='ltr'>ἀδικίᾳ</span> <span class='ocrx_word' id='word_1_148' title='bbox 579 1559 714 1630; x_wconf 77' lang='grc' dir='ltr'>πρὸς</span> <span class='ocrx_word' id='word_1_149' title='bbox 734 1558 795 1612; x_wconf 85' lang='grc' dir='ltr'><strong>τὸ</strong></span> <span class='ocrx_word' id='word_1_150' title='bbox 818 1559 1085 1629; x_wconf 76' lang='grc' dir='ltr'>ὁμόφυλον</span> <span class='ocrx_word' id='word_1_151' title='bbox 1111 1561 1467 1630; x_wconf 79' lang='grc' dir='ltr'><strong>κεχρημένων</strong></span> <span class='ocrx_word' id='word_1_152' title='bbox 1497 1560 1663 1611; x_wconf 81' lang='grc' dir='ltr'>κινεῖν</span> <span class='ocrx_word' id='word_1_153' title='bbox 1689 1559 1785 1627; x_wconf 79' lang='grc' dir='ltr'>τὴν</span> <span class='ocrx_word' id='word_1_154' title='bbox 1822 1560 1948 1628; x_wconf 80' lang='grc' dir='ltr'>ῥομ-</span> 
     </span>
    </p>
   </div>
   <div class='ocr_carea' id='block_1_21' title="bbox 367 1649 1945 1721">
    <p class='ocr_par' dir='ltr' id='par_1_21' title="bbox 367 1649 1945 1721">
     <span class='ocr_line' id='line_1_21' title="bbox 367 1649 1945 1721; baseline -0.002 -18"><span class='ocrx_word' id='word_1_155' title='bbox 367 1650 533 1720; x_wconf 84' lang='grc' dir='ltr'>φαίαν</span> <span class='ocrx_word' id='word_1_156' title='bbox 554 1650 644 1702; x_wconf 84' lang='grc' dir='ltr'><strong>τὸν</strong></span> <span class='ocrx_word' id='word_1_157' title='bbox 675 1649 833 1719; x_wconf 91' lang='grc' dir='ltr'>λόγον</span> <span class='ocrx_word' id='word_1_158' title='bbox 853 1667 868 1680; x_wconf 81' lang='grc'><em>’</em></span> <span class='ocrx_word' id='word_1_159' title='bbox 914 1649 1283 1721; x_wconf 87' lang='grc' dir='ltr'>Ἀπολινάριος</span> <span class='ocrx_word' id='word_1_160' title='bbox 1303 1651 1360 1704; x_wconf 87' lang='grc' dir='ltr'><strong>δέ</strong></span> <span class='ocrx_word' id='word_1_161' title='bbox 1391 1668 1524 1720; x_wconf 84' lang='grc' dir='ltr'>φησι</span> <span class='ocrx_word' id='word_1_162' title='bbox 1554 1650 1695 1703; x_wconf 78' lang='grc' dir='ltr'>κατὰ</span> <span class='ocrx_word' id='word_1_163' title='bbox 1717 1649 1809 1702; x_wconf 80' lang='grc' dir='ltr'>τοῦ</span> <span class='ocrx_word' id='word_1_164' title='bbox 1835 1650 1945 1700; x_wconf 87' lang='grc' dir='ltr'><strong>Κυ-</strong></span> 
     </span>
    </p>
   </div>
   <div class='ocr_carea' id='block_1_22' title="bbox 371 1740 1946 1813">
    <p class='ocr_par' dir='ltr' id='par_1_22' title="bbox 371 1740 1946 1813">
     <span class='ocr_line' id='line_1_22' title="bbox 371 1740 1946 1813; baseline 0.003 -22"><span class='ocrx_word' id='word_1_165' title='bbox 371 1741 486 1813; x_wconf 84' lang='grc' dir='ltr'>ρίου</span> <span class='ocrx_word' id='word_1_166' title='bbox 506 1740 603 1811; x_wconf 81' lang='grc' dir='ltr'><strong>τὴν</strong></span> <span class='ocrx_word' id='word_1_167' title='bbox 632 1740 906 1811; x_wconf 74' lang='grc' dir='ltr'>ῥομφαίαν</span> <span class='ocrx_word' id='word_1_168' title='bbox 936 1741 1170 1812; x_wconf 84' lang='grc' dir='ltr'>ἐγείρειν</span> <span class='ocrx_word' id='word_1_169' title='bbox 1196 1742 1284 1795; x_wconf 85' lang='grc' dir='ltr'>διὰ</span> <span class='ocrx_word' id='word_1_170' title='bbox 1316 1741 1412 1811; x_wconf 81' lang='grc' dir='ltr'><strong>τὴν</strong></span> <span class='ocrx_word' id='word_1_171' title='bbox 1439 1741 1531 1795; x_wconf 77' lang='grc' dir='ltr'>τοῦ</span> <span class='ocrx_word' id='word_1_172' title='bbox 1556 1743 1762 1812; x_wconf 80' lang='grc' dir='ltr'>νομέως</span> <span class='ocrx_word' id='word_1_173' title='bbox 1788 1758 1946 1811; x_wconf 91' lang='grc' dir='ltr'>προσ-</span> 
     </span>
    </p>
   </div>
   <div class='ocr_carea' id='block_1_23' title="bbox 364 1832 1948 1904">
    <p class='ocr_par' dir='ltr' id='par_1_23' title="bbox 364 1832 1948 1904">
     <span class='ocr_line' id='line_1_23' title="bbox 364 1832 1948 1904; baseline 0 -19"><span class='ocrx_word' id='word_1_174' title='bbox 364 1832 615 1904; x_wconf 87' lang='grc' dir='ltr'>ηγορίαν,</span> <span class='ocrx_word' id='word_1_175' title='bbox 663 1834 761 1884; x_wconf 83' lang='grc' dir='ltr'><strong>οὐκ</strong></span> <span class='ocrx_word' id='word_1_176' title='bbox 810 1832 964 1896; x_wconf 89' lang='grc' dir='ltr'>εἰδὼς</span> <span class='ocrx_word' id='word_1_177' title='bbox 1006 1834 1087 1886; x_wconf 83' lang='grc' dir='ltr'>ὅτι</span> <span class='ocrx_word' id='word_1_178' title='bbox 1138 1832 1377 1903; x_wconf 86' lang='grc' dir='ltr'>πολλαχῆ</span> <span class='ocrx_word' id='word_1_179' title='bbox 1425 1834 1525 1903; x_wconf 75' lang='grc' dir='ltr'>τῆς</span> <span class='ocrx_word' id='word_1_180' title='bbox 1567 1833 1790 1904; x_wconf 84' lang='grc' dir='ltr'>Γραφῆς</span> <span class='ocrx_word' id='word_1_181' title='bbox 1820 1834 1948 1897; x_wconf 82' lang='grc' dir='ltr'>τοὺς</span> 
     </span>
    </p>
   </div>
   <div class='ocr_carea' id='block_1_24' title="bbox 366 1922 1948 1994">
    <p class='ocr_par' dir='ltr' id='par_1_24' title="bbox 366 1922 1948 1994">
     <span class='ocr_line' id='line_1_24' title="bbox 366 1922 1948 1994; baseline 0 -17"><span class='ocrx_word' id='word_1_182' title='bbox 366 1927 446 1988; x_wconf 84' lang='grc' dir='ltr'><strong>εἰς</strong></span> <span class='ocrx_word' id='word_1_183' title='bbox 492 1922 667 1994; x_wconf 83' lang='grc' dir='ltr'>ἀρχὴν</span> <span class='ocrx_word' id='word_1_184' title='bbox 719 1923 1104 1994; x_wconf 77' lang='grc' dir='ltr'>τεταγμένους,</span> <span class='ocrx_word' id='word_1_185' title='bbox 1158 1925 1251 1976; x_wconf 77' lang='grc' dir='ltr'><strong>καὶ</strong></span> <span class='ocrx_word' id='word_1_186' title='bbox 1290 1922 1553 1993; x_wconf 85' lang='grc' dir='ltr'>ποιμένας</span> <span class='ocrx_word' id='word_1_187' title='bbox 1604 1925 1697 1977; x_wconf 73' lang='grc' dir='ltr'><strong>καὶ</strong></span> <span class='ocrx_word' id='word_1_188' title='bbox 1749 1924 1948 1994; x_wconf 86' lang='grc' dir='ltr'>νομέας</span> 
     </span>
    </p>
   </div>
   <div class='ocr_carea' id='block_1_25' title="bbox 367 2011 1949 2084">
    <p class='ocr_par' dir='ltr' id='par_1_25' title="bbox 367 2011 1949 2084">
     <span class='ocr_line' id='line_1_25' title="bbox 367 2011 1949 2084; baseline -0.001 -18"><span class='ocrx_word' id='word_1_189' title='bbox 367 2011 728 2083; x_wconf 78' lang='grc' dir='ltr'>κατονομάζει</span> <span class='ocrx_word' id='word_1_190' title='bbox 745 2016 773 2066; x_wconf 94' lang='lat'><strong>6</strong></span> <span class='ocrx_word' id='word_1_191' title='bbox 789 2012 943 2080; x_wconf 85' lang='grc' dir='ltr'>λόγος</span> <span class='ocrx_word' id='word_1_192' title='bbox 960 2028 974 2042; x_wconf 81' lang='grc'><strong>”</strong></span> <span class='ocrx_word' id='word_1_193' title='bbox 999 2013 1098 2066; x_wconf 77' lang='grc' dir='ltr'>ὅσα</span> <span class='ocrx_word' id='word_1_194' title='bbox 1124 2012 1180 2065; x_wconf 77' lang='grc' dir='ltr'>δὲ</span> <span class='ocrx_word' id='word_1_195' title='bbox 1201 2012 1361 2067; x_wconf 87' lang='grc' dir='ltr'>πάλιν</span> <span class='ocrx_word' id='word_1_196' title='bbox 1379 2012 1480 2082; x_wconf 81' lang='grc' dir='ltr'><strong>τῆς</strong></span> <span class='ocrx_word' id='word_1_197' title='bbox 1504 2013 1637 2084; x_wconf 80' lang='grc' dir='ltr'>πρὸς</span> <span class='ocrx_word' id='word_1_198' title='bbox 1666 2012 1949 2083; x_wconf 80' lang='grc' dir='ltr'>Ἐϐραίους</span> 
     </span>
    </p>
   </div>
   <div class='ocr_carea' id='block_1_26' title="bbox 365 2102 1948 2174">
    <p class='ocr_par' dir='ltr' id='par_1_26' title="bbox 365 2102 1948 2174">
     <span class='ocr_line' id='line_1_26' title="bbox 365 2102 1948 2174; baseline 0.001 -20"><span class='ocrx_word' id='word_1_199' title='bbox 365 2102 652 2173; x_wconf 81' lang='grc' dir='ltr'>ἐπιστολῆς</span> <span class='ocrx_word' id='word_1_200' title='bbox 689 2103 826 2173; x_wconf 79' lang='grc' dir='ltr'>πρὸς</span> <span class='ocrx_word' id='word_1_201' title='bbox 851 2102 942 2155; x_wconf 82' lang='grc' dir='ltr'><strong>τὸν</strong></span> <span class='ocrx_word' id='word_1_202' title='bbox 970 2102 1130 2155; x_wconf 84' lang='grc' dir='ltr'>αὐτὸν</span> <span class='ocrx_word' id='word_1_203' title='bbox 1172 2103 1369 2155; x_wconf 84' lang='grc' dir='ltr'>σκοπὸν</span> <span class='ocrx_word' id='word_1_204' title='bbox 1397 2102 1741 2174; x_wconf 85' lang='grc' dir='ltr'>ὲπισύρεται,</span> <span class='ocrx_word' id='word_1_205' title='bbox 1774 2103 1948 2167; x_wconf 74' lang='grc' dir='ltr'>οὕτως</span> 
     </span>
    </p>
   </div>
   <div class='ocr_carea' id='block_1_27' title="bbox 375 2193 1949 2265">
    <p class='ocr_par' dir='ltr' id='par_1_27' title="bbox 375 2193 1949 2265">
     <span class='ocr_line' id='line_1_27' title="bbox 375 2193 1949 2265; baseline 0.001 -20"><span class='ocrx_word' id='word_1_206' title='bbox 375 2193 599 2265; x_wconf 80' lang='grc' dir='ltr'>ἔκδηλον</span> <span class='ocrx_word' id='word_1_207' title='bbox 642 2194 739 2264; x_wconf 84' lang='grc' dir='ltr'>τὴν</span> <span class='ocrx_word' id='word_1_208' title='bbox 771 2195 828 2247; x_wconf 82' lang='grc' dir='ltr'>ὲν</span> <span class='ocrx_word' id='word_1_209' title='bbox 878 2196 996 2256; x_wconf 88' lang='grc' dir='ltr'>ταῖς</span> <span class='ocrx_word' id='word_1_210' title='bbox 1046 2197 1409 2258; x_wconf 85' lang='grc' dir='ltr'>κατασκευαῖς</span> <span class='ocrx_word' id='word_1_211' title='bbox 1441 2196 1666 2249; x_wconf 82' lang='grc' dir='ltr'>ἀτοπίαν</span> <span class='ocrx_word' id='word_1_212' title='bbox 1710 2194 1842 2265; x_wconf 82' lang='grc' dir='ltr'>ἔχει,</span> <span class='ocrx_word' id='word_1_213' title='bbox 1874 2194 1949 2258; x_wconf 85' lang='grc' dir='ltr'><strong>ὡς</strong></span> 
     </span>
    </p>
   </div>
   <div class='ocr_carea' id='block_1_28' title="bbox 367 2287 1949 2359">
    <p class='ocr_par' dir='ltr' id='par_1_28' title="bbox 367 2287 1949 2359">
     <span class='ocr_line' id='line_1_28' title="bbox 367 2287 1949 2359; baseline -0.001 -20"><span class='ocrx_word' id='word_1_214' title='bbox 367 2287 532 2340; x_wconf 78' lang='grc' dir='ltr'>παντὶ</span> <span class='ocrx_word' id='word_1_215' title='bbox 563 2287 795 2340; x_wconf 86' lang='grc' dir='ltr'>συνιδεῖν</span> <span class='ocrx_word' id='word_1_216' title='bbox 830 2287 1026 2357; x_wconf 79' lang='grc' dir='ltr'>ῥᾴδιον,</span> <span class='ocrx_word' id='word_1_217' title='bbox 1076 2288 1169 2340; x_wconf 76' lang='grc' dir='ltr'>καὶ</span> <span class='ocrx_word' id='word_1_218' title='bbox 1195 2287 1304 2357; x_wconf 78' lang='grc'><strong>(18)</strong></span> <span class='ocrx_word' id='word_1_219' title='bbox 1326 2289 1372 2339; x_wconf 87' lang='grc' dir='ltr'><strong>εἰ</strong></span> <span class='ocrx_word' id='word_1_220' title='bbox 1403 2288 1595 2359; x_wconf 89' lang='grc' dir='ltr'>μικρόν</span> <span class='ocrx_word' id='word_1_221' title='bbox 1620 2305 1702 2351; x_wconf 85' lang='grc' dir='ltr'><strong>τις</strong></span> <span class='ocrx_word' id='word_1_222' title='bbox 1734 2287 1949 2357; x_wconf 86' lang='grc' dir='ltr'>μετέχοι</span> 
     </span>
    </p>
   </div>
   <div class='ocr_carea' id='block_1_29' title="bbox 367 2378 1944 2450">
    <p class='ocr_par' dir='ltr' id='par_1_29' title="bbox 367 2378 1944 2450">
     <span class='ocr_line' id='line_1_29' title="bbox 367 2378 1944 2450; baseline -0.01 -16"><span class='ocrx_word' id='word_1_223' title='bbox 367 2380 706 2450; x_wconf 79' lang='grc' dir='ltr'>φρονήσεως.</span> <span class='ocrx_word' id='word_1_224' title='bbox 752 2378 967 2449; x_wconf 80' lang='grc' dir='ltr'>Ἐπειδὴ</span> <span class='ocrx_word' id='word_1_225' title='bbox 998 2378 1105 2450; x_wconf 80' lang='grc' dir='ltr'>γὰρ</span> <span class='ocrx_word' id='word_1_226' title='bbox 1131 2380 1461 2450; x_wconf 71' lang='grc' dir='ltr'>γέγραπται,</span> <span class='ocrx_word' id='word_1_227' title='bbox 1506 2380 1587 2433; x_wconf 81' lang='grc' dir='ltr'><strong>δτι</strong></span> <span class='ocrx_word' id='word_1_228' title='bbox 1628 2380 1745 2432; x_wconf 78' lang='grc' dir='ltr'>Ἐπ’</span> <span class='ocrx_word' id='word_1_229' title='bbox 1781 2380 1944 2450; x_wconf 72' lang='grc' dir='ltr'>ἐσχά-</span> 
     </span>
    </p>
   </div>
   <div class='ocr_carea' id='block_1_30' title="bbox 361 2470 1950 2543">
    <p class='ocr_par' dir='ltr' id='par_1_30' title="bbox 361 2470 1950 2543">
     <span class='ocr_line' id='line_1_30' title="bbox 361 2470 1950 2543; baseline 0.001 -21"><span class='ocrx_word' id='word_1_230' title='bbox 361 2488 475 2525; x_wconf 88' lang='grc' dir='ltr'><strong>των</strong></span> <span class='ocrx_word' id='word_1_231' title='bbox 515 2470 623 2525; x_wconf 89' lang='grc' dir='ltr'><strong>τῶν</strong></span> <span class='ocrx_word' id='word_1_232' title='bbox 658 2471 883 2542; x_wconf 84' lang='grc' dir='ltr'>ἡμερῶν</span> <span class='ocrx_word' id='word_1_233' title='bbox 928 2471 986 2523; x_wconf 74' lang='grc' dir='ltr'>ἐν</span> <span class='ocrx_word' id='word_1_234' title='bbox 1030 2471 1147 2541; x_wconf 82' lang='grc' dir='ltr'>Υἰῷ</span> <span class='ocrx_word' id='word_1_235' title='bbox 1198 2471 1458 2542; x_wconf 76' lang='grc' dir='ltr'>ἐλάλησεν</span> <span class='ocrx_word' id='word_1_236' title='bbox 1486 2474 1620 2543; x_wconf 81' lang='grc' dir='ltr'>ἡμῖν</span> <span class='ocrx_word' id='word_1_237' title='bbox 1664 2475 1692 2526; x_wconf 91' lang='grc' dir='ltr'><strong>ό</strong></span> <span class='ocrx_word' id='word_1_238' title='bbox 1735 2471 1889 2535; x_wconf 80' lang='grc' dir='ltr'>Θεὸς,</span> <span class='ocrx_word' id='word_1_239' title='bbox 1922 2473 1950 2524; x_wconf 90' lang='lat'><strong>6</strong></span> 
     </span>
    </p>
   </div>
   <div class='ocr_carea' id='block_1_31' title="bbox 360 2562 1951 2635">
    <p class='ocr_par' dir='ltr' id='par_1_31' title="bbox 360 2562 1951 2635">
     <span class='ocr_line' id='line_1_31' title="bbox 360 2562 1951 2635; baseline 0 -20"><span class='ocrx_word' id='word_1_240' title='bbox 360 2563 710 2635; x_wconf 80' lang='grc' dir='ltr'>πολυμερῶς,</span> <span class='ocrx_word' id='word_1_241' title='bbox 741 2562 835 2616; x_wconf 71' lang='grc' dir='ltr'><strong>καὶ</strong></span> <span class='ocrx_word' id='word_1_242' title='bbox 866 2562 1214 2633; x_wconf 85' lang='grc' dir='ltr'>πολυτρόπως</span> <span class='ocrx_word' id='word_1_243' title='bbox 1239 2564 1296 2616; x_wconf 79' lang='grc' dir='ltr'>ἐν</span> <span class='ocrx_word' id='word_1_244' title='bbox 1320 2567 1431 2627; x_wconf 87' lang='grc' dir='ltr'>τοῖς</span> <span class='ocrx_word' id='word_1_245' title='bbox 1458 2565 1765 2635; x_wconf 77' lang='grc' dir='ltr'>προφήταις</span> <span class='ocrx_word' id='word_1_246' title='bbox 1795 2564 1951 2633; x_wconf 77' lang='grc' dir='ltr'>λαλήο</span> 
     </span>
    </p>
   </div>
   <div class='ocr_carea' id='block_1_32' title="bbox 368 2654 1947 2726">
    <p class='ocr_par' dir='ltr' id='par_1_32' title="bbox 368 2654 1947 2726">
     <span class='ocr_line' id='line_1_32' title="bbox 368 2654 1947 2726; baseline 0 -18"><span class='ocrx_word' id='word_1_247' title='bbox 368 2674 470 2719; x_wconf 90' lang='grc' dir='ltr'><strong>σας</strong></span> <span class='ocrx_word' id='word_1_248' title='bbox 496 2657 608 2719; x_wconf 90' lang='grc' dir='ltr'>τοῖς</span> <span class='ocrx_word' id='word_1_249' title='bbox 642 2656 879 2725; x_wconf 77' lang='grc' dir='ltr'>πατράσι</span> <span class='ocrx_word' id='word_1_250' title='bbox 912 2654 973 2707; x_wconf 85' lang='grc' dir='ltr'><strong>τὸ</strong></span> <span class='ocrx_word' id='word_1_251' title='bbox 1016 2654 1301 2726; x_wconf 90' lang='grc' dir='ltr'>πρότερον,</span> <span class='ocrx_word' id='word_1_252' title='bbox 1329 2656 1603 2722; x_wconf 80' lang='grc' dir='ltr'>ἀπόδειξίς</span> <span class='ocrx_word' id='word_1_253' title='bbox 1628 2656 1764 2719; x_wconf 79' lang='grc' dir='ltr'>ἐστὶ,</span> <span class='ocrx_word' id='word_1_254' title='bbox 1791 2657 1947 2726; x_wconf 71' lang='grc' dir='ltr'>φησὶ,</span> 
     </span>
    </p>
   </div>
   <div class='ocr_carea' id='block_1_33' title="bbox 365 2744 1950 2818">
    <p class='ocr_par' dir='ltr' id='par_1_33' title="bbox 365 2744 1950 2818">
     <span class='ocr_line' id='line_1_33' title="bbox 365 2744 1950 2818; baseline 0 -18"><span class='ocrx_word' id='word_1_255' title='bbox 365 2748 483 2813; x_wconf 82' lang='grc' dir='ltr'>τοῦ,</span> <span class='ocrx_word' id='word_1_256' title='bbox 508 2747 570 2799; x_wconf 85' lang='grc' dir='ltr'><strong>τὸ</strong></span> <span class='ocrx_word' id='word_1_257' title='bbox 597 2744 932 2817; x_wconf 80' lang='grc' dir='ltr'>ἀνθρώπινον</span> <span class='ocrx_word' id='word_1_258' title='bbox 960 2745 1054 2799; x_wconf 80' lang='grc' dir='ltr'><strong>τοῦ</strong></span> <span class='ocrx_word' id='word_1_259' title='bbox 1082 2747 1338 2814; x_wconf 84' lang='grc' dir='ltr'>φανέντος</span> <span class='ocrx_word' id='word_1_260' title='bbox 1374 2749 1504 2817; x_wconf 83' lang='grc' dir='ltr'>ἡμῖν</span> <span class='ocrx_word' id='word_1_261' title='bbox 1547 2747 1681 2800; x_wconf 84' lang='grc' dir='ltr'>Θεοῦ</span> <span class='ocrx_word' id='word_1_262' title='bbox 1714 2747 1950 2818; x_wconf 86' lang='grc' dir='ltr'>προαιὼ-</span> 
     </span>
    </p>
   </div>
   <div class='ocr_carea' id='block_1_34' title="bbox 366 2832 1950 2910">
    <p class='ocr_par' dir='ltr' id='par_1_34' title="bbox 366 2832 1950 2910">
     <span class='ocr_line' id='line_1_34' title="bbox 366 2832 1950 2910; baseline 0 -19"><span class='ocrx_word' id='word_1_263' title='bbox 366 2856 479 2891; x_wconf 90' lang='grc' dir='ltr'>νιον</span> <span class='ocrx_word' id='word_1_264' title='bbox 513 2832 649 2891; x_wconf 76' lang='grc' dir='ltr'>εἶναι</span> <span class='ocrx_word' id='word_1_265' title='bbox 669 2854 683 2870; x_wconf 76' lang='grc' dir='ltr'><strong>ο</strong></span> <span class='ocrx_word' id='word_1_266' title='bbox 712 2838 845 2907; x_wconf 75' lang='grc' dir='ltr'>φησὶ</span> <span class='ocrx_word' id='word_1_267' title='bbox 883 2836 991 2909; x_wconf 82' lang='grc' dir='ltr'>γὰρ</span> <span class='ocrx_word' id='word_1_268' title='bbox 1023 2836 1166 2890; x_wconf 73' lang='grc' dir='ltr'>οὕτω</span> <span class='ocrx_word' id='word_1_269' title='bbox 1198 2838 1339 2891; x_wconf 87' lang='grc' dir='ltr'><strong>κατά</strong></span> <span class='ocrx_word' id='word_1_270' title='bbox 1375 2839 1473 2908; x_wconf 81' lang='grc' dir='ltr'>τὴν</span> <span class='ocrx_word' id='word_1_271' title='bbox 1515 2838 1684 2905; x_wconf 80' lang='grc' dir='ltr'>λέξιν,</span> <span class='ocrx_word' id='word_1_272' title='bbox 1706 2840 1950 2910; x_wconf 81' lang='grc' dir='ltr'>ὲφερμη-</span> 
     </span>
    </p>
   </div>
   <div class='ocr_carea' id='block_1_35' title="bbox 366 2929 1948 3002">
    <p class='ocr_par' dir='ltr' id='par_1_35' title="bbox 366 2929 1948 3002">
     <span class='ocr_line' id='line_1_35' title="bbox 366 2929 1948 3002; baseline 0.001 -18"><span class='ocrx_word' id='word_1_273' title='bbox 366 2932 539 2984; x_wconf 88' lang='grc' dir='ltr'>νεύων</span> <span class='ocrx_word' id='word_1_274' title='bbox 558 2929 717 3002; x_wconf 80' lang='grc' dir='ltr'>δῆθεν</span> <span class='ocrx_word' id='word_1_275' title='bbox 742 2931 830 2983; x_wconf 84' lang='grc' dir='ltr'><strong>τὸν</strong></span> <span class='ocrx_word' id='word_1_276' title='bbox 856 2930 1173 2984; x_wconf 82' lang='grc' dir='ltr'>Ἀπόστολον</span> <span class='ocrx_word' id='word_1_277' title='bbox 1192 2946 1205 2959; x_wconf 87' lang='grc'><strong>·</strong></span> <span class='ocrx_word' id='word_1_278' title='bbox 1233 2933 1398 2984; x_wconf 84' lang='grc' dir='ltr'>Ἔστι</span> <span class='ocrx_word' id='word_1_279' title='bbox 1418 2931 1486 2984; x_wconf 83' lang='grc' dir='ltr'>δὲ</span> <span class='ocrx_word' id='word_1_280' title='bbox 1506 2932 1575 2985; x_wconf 79' lang='grc' dir='ltr'><strong>ἐν</strong></span> <span class='ocrx_word' id='word_1_281' title='bbox 1589 2934 1821 2997; x_wconf 81' lang='grc' dir='ltr'>τούτοις</span> <span class='ocrx_word' id='word_1_282' title='bbox 1841 2950 1948 2986; x_wconf 82' lang='grc' dir='ltr'>κα-</span> 
     </span>
    </p>
   </div>
   <div class='ocr_carea' id='block_1_36' title="bbox 366 3022 1947 3094">
    <p class='ocr_par' dir='ltr' id='par_1_36' title="bbox 366 3022 1947 3094">
     <span class='ocr_line' id='line_1_36' title="bbox 366 3022 1947 3094; baseline -0.001 -17"><span class='ocrx_word' id='word_1_283' title='bbox 366 3023 650 3092; x_wconf 72' lang='grc' dir='ltr'>ταφανὲς,</span> <span class='ocrx_word' id='word_1_284' title='bbox 672 3022 761 3077; x_wconf 84' lang='grc' dir='ltr'>ὅτι</span> <span class='ocrx_word' id='word_1_285' title='bbox 784 3024 962 3088; x_wconf 76' lang='grc' dir='ltr'>αὐτὸς</span> <span class='ocrx_word' id='word_1_286' title='bbox 996 3026 1028 3076; x_wconf 88' lang='grc' dir='ltr'><strong>ό</strong></span> <span class='ocrx_word' id='word_1_287' title='bbox 1054 3023 1378 3090; x_wconf 74' lang='grc' dir='ltr'>ἄνθρωπος,</span> <span class='ocrx_word' id='word_1_288' title='bbox 1420 3027 1453 3077; x_wconf 83' lang='grc' dir='ltr'><strong>ό</strong></span> <span class='ocrx_word' id='word_1_289' title='bbox 1495 3024 1777 3092; x_wconf 78' lang='grc' dir='ltr'>λαλήσας</span> <span class='ocrx_word' id='word_1_290' title='bbox 1800 3026 1947 3094; x_wconf 75' lang='grc' dir='ltr'>ἡμῖν</span> 
     </span>
    </p>
   </div>
   <div class='ocr_carea' id='block_1_37' title="bbox 2126 1003 3633 1061">
    <p class='ocr_par' dir='ltr' id='par_1_37' title="bbox 2126 1003 3633 1061">
     <span class='ocr_line' id='line_1_37' title="bbox 2126 1003 3633 1061; baseline -0.001 -3"><span class='ocrx_word' id='word_1_291' title='bbox 2126 1003 2312 1058; x_wconf 78' lang='lat' dir='ltr'><strong>XVIII.</strong></span> <span class='ocrx_word' id='word_1_292' title='bbox 2365 1005 2446 1058; x_wconf 85' lang='lat' dir='ltr'><strong>An</strong></span> <span class='ocrx_word' id='word_1_293' title='bbox 2496 1014 2677 1061; x_wconf 90' lang='lat' dir='ltr'><strong>autem</strong></span> <span class='ocrx_word' id='word_1_294' title='bbox 2732 1006 2783 1059; x_wconf 93' lang='lat' dir='ltr'><strong>in</strong></span> <span class='ocrx_word' id='word_1_295' title='bbox 2835 1008 3064 1061; x_wconf 91' lang='lat' dir='ltr'><strong>alteram</strong></span> <span class='ocrx_word' id='word_1_296' title='bbox 3113 1022 3179 1061; x_wconf 76' lang='lat' dir='ltr'><strong>ex</strong></span> <span class='ocrx_word' id='word_1_297' title='bbox 3224 1006 3440 1060; x_wconf 89' lang='lat' dir='ltr'><strong>duabus</strong></span> <span class='ocrx_word' id='word_1_298' title='bbox 3479 1005 3633 1059; x_wconf 83' lang='lat' dir='ltr'><strong>hisce</strong></span> 
     </span>
    </p>
   </div>
   <div class='ocr_carea' id='block_1_38' title="bbox 2051 1082 3629 1168">
    <p class='ocr_par' dir='ltr' id='par_1_38' title="bbox 2051 1082 3629 1168">
     <span class='ocr_line' id='line_1_38' title="bbox 2051 1082 3629 1168; baseline -0.001 -17"><span class='ocrx_word' id='word_1_299' title='bbox 2051 1098 2343 1153; x_wconf 85' lang='lat' dir='ltr'><strong>sententiis</strong></span> <span class='ocrx_word' id='word_1_300' title='bbox 2403 1097 2697 1153; x_wconf 84' lang='lat' dir='ltr'><strong>Zacharias</strong></span> <span class='ocrx_word' id='word_1_301' title='bbox 2735 1098 2997 1168; x_wconf 88' lang='lat' dir='ltr'><strong>pr0pheta</strong></span> <span class='ocrx_word' id='word_1_302' title='bbox 3041 1100 3155 1153; x_wconf 86' lang='lat' dir='ltr'><strong>suis</strong></span> <span class='ocrx_word' id='word_1_303' title='bbox 3190 1082 3443 1153; x_wconf 85' lang='lat' dir='ltr'><strong>obscuris</strong></span> <span class='ocrx_word' id='word_1_304' title='bbox 3472 1099 3629 1152; x_wconf 87' lang='lat' dir='ltr'><strong>locu-</strong></span> 
     </span>
    </p>
   </div>
   <div class='ocr_carea' id='block_1_39' title="bbox 2050 1189 3631 1261">
    <p class='ocr_par' dir='ltr' id='par_1_39' title="bbox 2050 1189 3631 1261">
     <span class='ocr_line' id='line_1_39' title="bbox 2050 1189 3631 1261; baseline -0.001 -18"><span class='ocrx_word' id='word_1_305' title='bbox 2050 1190 2292 1246; x_wconf 86' lang='lat' dir='ltr'><strong>tionibus</strong></span> <span class='ocrx_word' id='word_1_306' title='bbox 2339 1192 2694 1261; x_wconf 89' lang='lat' dir='ltr'><strong>propen&#39;deat,</strong></span> <span class='ocrx_word' id='word_1_307' title='bbox 2739 1206 3207 1260; x_wconf 84' lang='lat' dir='ltr'><strong>supervacaneum</strong></span> <span class='ocrx_word' id='word_1_308' title='bbox 3246 1206 3368 1245; x_wconf 89' lang='lat' dir='ltr'><strong>esse</strong></span> <span class='ocrx_word' id='word_1_309' title='bbox 3394 1189 3631 1243; x_wconf 88' lang='lat' dir='ltr'><strong>arbitror</strong></span> 
     </span>
    </p>
   </div>
   <div class='ocr_carea' id='block_1_40' title="bbox 2049 1279 3631 1352">
    <p class='ocr_par' dir='ltr' id='par_1_40' title="bbox 2049 1279 3631 1352">
     <span class='ocr_line' id='line_1_40' title="bbox 2049 1279 3631 1352; baseline -0.001 -17"><span class='ocrx_word' id='word_1_310' title='bbox 2049 1282 2259 1337; x_wconf 85' lang='lat' dir='ltr'><strong>nostris</strong></span> <span class='ocrx_word' id='word_1_311' title='bbox 2287 1283 2642 1339; x_wconf 89' lang='lat' dir='ltr'><strong>sermonibus</strong></span> <span class='ocrx_word' id='word_1_312' title='bbox 2675 1284 2973 1352; x_wconf 83' lang='lat' dir='ltr'><strong>inquirere,</strong></span> <span class='ocrx_word' id='word_1_313' title='bbox 3005 1283 3119 1338; x_wconf 91' lang='lat' dir='ltr'><strong>sive</strong></span> <span class='ocrx_word' id='word_1_314' title='bbox 3143 1281 3210 1335; x_wconf 88' lang='lat' dir='ltr'><strong>ad</strong></span> <span class='ocrx_word' id='word_1_315' title='bbox 3241 1283 3417 1351; x_wconf 92' lang='lat' dir='ltr'><strong>ipsum</strong></span> <span class='ocrx_word' id='word_1_316' title='bbox 3444 1279 3631 1333; x_wconf 90' lang='lat' dir='ltr'><strong>Domi-</strong></span> 
     </span>
    </p>
   </div>
   <div class='ocr_carea' id='block_1_41' title="bbox 2050 1375 3625 1446">
    <p class='ocr_par' dir='ltr' id='par_1_41' title="bbox 2050 1375 3625 1446">
     <span class='ocr_line' id='line_1_41' title="bbox 2050 1375 3625 1446; baseline -0.001 -18"><span class='ocrx_word' id='word_1_317' title='bbox 2050 1390 2204 1441; x_wconf 90' lang='lat' dir='ltr'><strong>num,</strong></span> <span class='ocrx_word' id='word_1_318' title='bbox 2233 1376 2348 1430; x_wconf 87' lang='lat' dir='ltr'><strong>sive</strong></span> <span class='ocrx_word' id='word_1_319' title='bbox 2379 1375 2447 1429; x_wconf 89' lang='lat' dir='ltr'><strong>ad</strong></span> <span class='ocrx_word' id='word_1_320' title='bbox 2480 1376 2645 1430; x_wconf 91' lang='lat' dir='ltr'><strong>alium</strong></span> <span class='ocrx_word' id='word_1_321' title='bbox 2673 1376 2986 1446; x_wconf 86' lang='lat' dir='ltr'><strong>quempiam</strong></span> <span class='ocrx_word' id='word_1_322' title='bbox 3010 1376 3131 1444; x_wconf 81' lang='lat' dir='ltr'><strong>ejus</strong></span> <span class='ocrx_word' id='word_1_323' title='bbox 3162 1375 3325 1429; x_wconf 88' lang='lat' dir='ltr'><strong>verba</strong></span> <span class='ocrx_word' id='word_1_324' title='bbox 3349 1384 3625 1443; x_wconf 90' lang='lat' dir='ltr'><strong>spectent:</strong></span> 
     </span>
    </p>
   </div>
   <div class='ocr_carea' id='block_1_42' title="bbox 2048 1465 3627 1535">
    <p class='ocr_par' dir='ltr' id='par_1_42' title="bbox 2048 1465 3627 1535">
     <span class='ocr_line' id='line_1_42' title="bbox 2048 1465 3627 1535; baseline -0.001 -15"><span class='ocrx_word' id='word_1_325' title='bbox 2048 1466 2123 1520; x_wconf 86' lang='lat' dir='ltr'><strong>ait</strong></span> <span class='ocrx_word' id='word_1_326' title='bbox 2164 1467 2333 1531; x_wconf 88' lang='lat' dir='ltr'><strong>enim,</strong></span> <span class='ocrx_word' id='word_1_327' title='bbox 2383 1465 2636 1528; x_wconf 84' lang='lat' dir='ltr'><strong>Framea,</strong></span> <span class='ocrx_word' id='word_1_328' title='bbox 2670 1468 2931 1521; x_wconf 78' lang='lat' dir='ltr'><strong>suscitare</strong></span> <span class='ocrx_word' id='word_1_329' title='bbox 2961 1483 3118 1535; x_wconf 81' lang='lat' dir='ltr'><strong>super</strong></span> <span class='ocrx_word' id='word_1_330' title='bbox 3144 1476 3409 1535; x_wconf 82' lang='lat' dir='ltr'><strong>pastorem</strong></span> <span class='ocrx_word' id='word_1_331' title='bbox 3432 1482 3627 1529; x_wconf 70' lang='lat' dir='ltr'><strong>nicum,</strong></span> 
     </span>
    </p>
   </div>
   <div class='ocr_carea' id='block_1_43' title="bbox 2047 1557 3630 1627">
    <p class='ocr_par' dir='ltr' id='par_1_43' title="bbox 2047 1557 3630 1627">
     <span class='ocr_line' id='line_1_43' title="bbox 2047 1557 3630 1627; baseline -0.001 -16"><span class='ocrx_word' id='word_1_332' title='bbox 2047 1567 2094 1612; x_wconf 91' lang='lat' dir='ltr'><strong>et</strong></span> <span class='ocrx_word' id='word_1_333' title='bbox 2132 1574 2289 1627; x_wconf 84' lang='lat' dir='ltr'><strong>super</strong></span> <span class='ocrx_word' id='word_1_334' title='bbox 2319 1559 2487 1612; x_wconf 80' lang='lat' dir='ltr'><strong>virum</strong></span> <span class='ocrx_word' id='word_1_335' title='bbox 2514 1558 2858 1613; x_wconf 63' lang='lat' dir='ltr'><strong>cohaerentem</strong></span> <span class='ocrx_word' id='word_1_336' title='bbox 2885 1558 3014 1612; x_wconf 86' lang='lat' dir='ltr'><strong>mihi</strong></span> <span class='ocrx_word' id='word_1_337' title='bbox 3039 1559 3107 1611; x_wconf 78' lang='grc'><strong>⁸³.</strong></span> <span class='ocrx_word' id='word_1_338' title='bbox 3148 1557 3259 1614; x_wconf 89' lang='lat' dir='ltr'><strong>Nos</strong></span> <span class='ocrx_word' id='word_1_339' title='bbox 3285 1558 3429 1612; x_wconf 83' lang='lat' dir='ltr'><strong>enim</strong></span> <span class='ocrx_word' id='word_1_340' title='bbox 3461 1557 3630 1612; x_wconf 86' lang='lat' dir='ltr'><strong>verba</strong></span> 
     </span>
    </p>
   </div>
   <div class='ocr_carea' id='block_1_44' title="bbox 2051 1650 3629 1723">
    <p class='ocr_par' dir='ltr' id='par_1_44' title="bbox 2051 1650 3629 1723">
     <span class='ocr_line' id='line_1_44' title="bbox 2051 1650 3629 1723; baseline -0.001 -18"><span class='ocrx_word' id='word_1_341' title='bbox 2051 1652 2157 1709; x_wconf 91' lang='lat' dir='ltr'><strong>ista</strong></span> <span class='ocrx_word' id='word_1_342' title='bbox 2202 1654 2258 1708; x_wconf 92' lang='lat' dir='ltr'><strong>in</strong></span> <span class='ocrx_word' id='word_1_343' title='bbox 2288 1653 2412 1709; x_wconf 92' lang='lat' dir='ltr'><strong>illos</strong></span> <span class='ocrx_word' id='word_1_344' title='bbox 2441 1654 2533 1723; x_wconf 92' lang='lat' dir='ltr'><strong>qui</strong></span> <span class='ocrx_word' id='word_1_345' title='bbox 2561 1668 2690 1723; x_wconf 82' lang='lat' dir='ltr'><strong>erga</strong></span> <span class='ocrx_word' id='word_1_346' title='bbox 2721 1652 3058 1707; x_wconf 90' lang='lat' dir='ltr'><strong>contribules</strong></span> <span class='ocrx_word' id='word_1_347' title='bbox 3090 1659 3144 1706; x_wconf 90' lang='lat' dir='ltr'><strong>et</strong></span> <span class='ocrx_word' id='word_1_348' title='bbox 3178 1650 3468 1721; x_wconf 85' lang='lat' dir='ltr'><strong>populares</strong></span> <span class='ocrx_word' id='word_1_349' title='bbox 3498 1664 3629 1703; x_wconf 87' lang='lat' dir='ltr'><strong>suos</strong></span> 
     </span>
    </p>
   </div>
   <div class='ocr_carea' id='block_1_45' title="bbox 2054 1742 3632 1816">
    <p class='ocr_par' dir='ltr' id='par_1_45' title="bbox 2054 1742 3632 1816">
     <span class='ocr_line' id='line_1_45' title="bbox 2054 1742 3632 1816; baseline -0.003 -18"><span class='ocrx_word' id='word_1_350' title='bbox 2054 1744 2259 1814; x_wconf 90' lang='lat' dir='ltr'><strong>injuste</strong></span> <span class='ocrx_word' id='word_1_351' title='bbox 2283 1761 2341 1801; x_wconf 91' lang='lat' dir='ltr'><strong>se</strong></span> <span class='ocrx_word' id='word_1_352' title='bbox 2366 1752 2561 1816; x_wconf 82' lang='lat' dir='ltr'><strong>gerunt</strong></span> <span class='ocrx_word' id='word_1_353' title='bbox 2584 1744 2824 1815; x_wconf 77' lang='lat' dir='ltr'><strong>gladium</strong></span> <span class='ocrx_word' id='word_1_354' title='bbox 2858 1744 3129 1799; x_wconf 88' lang='lat' dir='ltr'><strong>intentare</strong></span> <span class='ocrx_word' id='word_1_355' title='bbox 3146 1754 3433 1814; x_wconf 88' lang='lat' dir='ltr'><strong>putamus;</strong></span> <span class='ocrx_word' id='word_1_356' title='bbox 3467 1742 3632 1811; x_wconf 83' lang='lat' dir='ltr'><strong>Apol-</strong></span> 
     </span>
    </p>
   </div>
   <div class='ocr_carea' id='block_1_46' title="bbox 2052 1834 3630 1906">
    <p class='ocr_par' dir='ltr' id='par_1_46' title="bbox 2052 1834 3630 1906">
     <span class='ocr_line' id='line_1_46' title="bbox 2052 1834 3630 1906; baseline -0.001 -16"><span class='ocrx_word' id='word_1_357' title='bbox 2052 1838 2244 1891; x_wconf 90' lang='lat' dir='ltr'><strong>linaris</strong></span> <span class='ocrx_word' id='word_1_358' title='bbox 2280 1852 2409 1891; x_wconf 90' lang='lat' dir='ltr'><strong>vero</strong></span> <span class='ocrx_word' id='word_1_359' title='bbox 2440 1837 2509 1891; x_wconf 91' lang='lat' dir='ltr'><strong>ob</strong></span> <span class='ocrx_word' id='word_1_360' title='bbox 2544 1836 2783 1906; x_wconf 87' lang='lat' dir='ltr'><strong>pastoris</strong></span> <span class='ocrx_word' id='word_1_361' title='bbox 2815 1850 3015 1890; x_wconf 90' lang='lat' dir='ltr'><strong>nomen</strong></span> <span class='ocrx_word' id='word_1_362' title='bbox 3063 1835 3327 1890; x_wconf 86' lang='lat' dir='ltr'><strong>frameam</strong></span> <span class='ocrx_word' id='word_1_363' title='bbox 3365 1834 3630 1890; x_wconf 87' lang='lat' dir='ltr'><strong>adversus</strong></span> 
     </span>
    </p>
   </div>
   <div class='ocr_carea' id='block_1_47' title="bbox 2050 1927 3627 1999">
    <p class='ocr_par' dir='ltr' id='par_1_47' title="bbox 2050 1927 3627 1999">
     <span class='ocr_line' id='line_1_47' title="bbox 2050 1927 3627 1999; baseline -0.001 -19"><span class='ocrx_word' id='word_1_364' title='bbox 2050 1928 2340 1983; x_wconf 89' lang='lat' dir='ltr'><strong>Dominum</strong></span> <span class='ocrx_word' id='word_1_365' title='bbox 2383 1928 2622 1982; x_wconf 80' lang='lat' dir='ltr'><strong>excitare</strong></span> <span class='ocrx_word' id='word_1_366' title='bbox 2658 1928 2753 1993; x_wconf 91' lang='lat' dir='ltr'><strong>ait,</strong></span> <span class='ocrx_word' id='word_1_367' title='bbox 2812 1928 3072 1999; x_wconf 87' lang='lat' dir='ltr'><strong>ignorans</strong></span> <span class='ocrx_word' id='word_1_368' title='bbox 3108 1942 3204 1982; x_wconf 89' lang='lat' dir='ltr'><strong>eos</strong></span> <span class='ocrx_word' id='word_1_369' title='bbox 3251 1928 3345 1997; x_wconf 90' lang='lat' dir='ltr'><strong>qui</strong></span> <span class='ocrx_word' id='word_1_370' title='bbox 3379 1927 3432 1980; x_wconf 92' lang='lat' dir='ltr'><strong>in</strong></span> <span class='ocrx_word' id='word_1_371' title='bbox 3473 1928 3627 1996; x_wconf 89' lang='lat' dir='ltr'><strong>prin-</strong></span> 
     </span>
    </p>
   </div>
   <div class='ocr_carea' id='block_1_48' title="bbox 2051 2017 3630 2087">
    <p class='ocr_par' dir='ltr' id='par_1_48' title="bbox 2051 2017 3630 2087">
     <span class='ocr_line' id='line_1_48' title="bbox 2051 2017 3630 2087; baseline -0.001 -17"><span class='ocrx_word' id='word_1_372' title='bbox 2051 2018 2231 2087; x_wconf 88' lang='lat' dir='ltr'><strong>cipqu</strong></span> <span class='ocrx_word' id='word_1_373' title='bbox 2290 2018 2483 2073; x_wconf 90' lang='lat' dir='ltr'><strong>ordine</strong></span> <span class='ocrx_word' id='word_1_374' title='bbox 2527 2029 2823 2074; x_wconf 89' lang='lat' dir='ltr'><strong>censentur</strong></span> <span class='ocrx_word' id='word_1_375' title='bbox 2869 2026 3120 2087; x_wconf 85' lang='lat' dir='ltr'><strong>pastores</strong></span> <span class='ocrx_word' id='word_1_376' title='bbox 3161 2018 3216 2071; x_wconf 90' lang='lat' dir='ltr'><strong>in</strong></span> <span class='ocrx_word' id='word_1_377' title='bbox 3266 2017 3452 2070; x_wconf 83' lang='lat' dir='ltr'><strong>multis</strong></span> <span class='ocrx_word' id='word_1_378' title='bbox 3476 2017 3630 2070; x_wconf 85' lang='lat' dir='ltr'><strong>Scri-</strong></span> 
     </span>
    </p>
   </div>
   <div class='ocr_carea' id='block_1_49' title="bbox 2053 2106 3631 2180">
    <p class='ocr_par' dir='ltr' id='par_1_49' title="bbox 2053 2106 3631 2180">
     <span class='ocr_line' id='line_1_49' title="bbox 2053 2106 3631 2180; baseline 0 -19"><span class='ocrx_word' id='word_1_379' title='bbox 2053 2117 2225 2179; x_wconf 63' lang='lat' dir='ltr'><strong>ptura!</strong></span> <span class='ocrx_word' id='word_1_380' title='bbox 2259 2110 2392 2164; x_wconf 90' lang='lat' dir='ltr'><strong>locis</strong></span> <span class='ocrx_word' id='word_1_381' title='bbox 2427 2112 2755 2180; x_wconf 84' lang='lat' dir='ltr'><strong>nuncupari.</strong></span> <span class='ocrx_word' id='word_1_382' title='bbox 2804 2108 3076 2165; x_wconf 70' lang='lat' dir='ltr'><strong>Cancrum</strong></span> <span class='ocrx_word' id='word_1_383' title='bbox 3117 2124 3237 2179; x_wconf 72' lang='lat' dir='ltr'><strong>qua:</strong></span> <span class='ocrx_word' id='word_1_384' title='bbox 3284 2124 3349 2163; x_wconf 77' lang='lat' dir='ltr'><strong>ex</strong></span> <span class='ocrx_word' id='word_1_385' title='bbox 3386 2106 3631 2178; x_wconf 78' lang='lat' dir='ltr'><strong>Epistula</strong></span> 
     </span>
    </p>
   </div>
   <div class='ocr_carea' id='block_1_50' title="bbox 2051 2200 3633 2272">
    <p class='ocr_par' dir='ltr' id='par_1_50' title="bbox 2051 2200 3633 2272">
     <span class='ocr_line' id='line_1_50' title="bbox 2051 2200 3633 2272; baseline -0.003 -17"><span class='ocrx_word' id='word_1_386' title='bbox 2051 2203 2118 2256; x_wconf 91' lang='lat' dir='ltr'><strong>ad</strong></span> <span class='ocrx_word' id='word_1_387' title='bbox 2174 2201 2433 2257; x_wconf 70' lang='lat' dir='ltr'><strong>Hebraeos</strong></span> <span class='ocrx_word' id='word_1_388' title='bbox 2486 2218 2683 2258; x_wconf 92' lang='lat' dir='ltr'><strong>rursus</strong></span> <span class='ocrx_word' id='word_1_389' title='bbox 2745 2201 2812 2256; x_wconf 85' lang='lat' dir='ltr'><strong>ad</strong></span> <span class='ocrx_word' id='word_1_390' title='bbox 2862 2202 2915 2257; x_wconf 88' lang='lat' dir='ltr'><strong>id</strong></span> <span class='ocrx_word' id='word_1_391' title='bbox 2973 2201 3314 2272; x_wconf 90' lang='lat' dir='ltr'><strong>probandum</strong></span> <span class='ocrx_word' id='word_1_392' title='bbox 3367 2214 3461 2269; x_wconf 89' lang='lat' dir='ltr'><strong>per</strong></span> <span class='ocrx_word' id='word_1_393' title='bbox 3522 2200 3633 2252; x_wconf 86' lang='lat' dir='ltr'><strong>vim</strong></span> 
     </span>
    </p>
   </div>
   <div class='ocr_carea' id='block_1_51' title="bbox 2050 2290 3636 2361">
    <p class='ocr_par' dir='ltr' id='par_1_51' title="bbox 2050 2290 3636 2361">
     <span class='ocr_line' id='line_1_51' title="bbox 2050 2290 3636 2361; baseline -0.003 -13"><span class='ocrx_word' id='word_1_394' title='bbox 2050 2296 2238 2360; x_wconf 86' lang='lat' dir='ltr'><strong>trahit,</strong></span> <span class='ocrx_word' id='word_1_395' title='bbox 2288 2294 2635 2350; x_wconf 82' lang='lat' dir='ltr'><strong>manifestam</strong></span> <span class='ocrx_word' id='word_1_396' title='bbox 2670 2295 2805 2350; x_wconf 89' lang='lat' dir='ltr'><strong>adeo</strong></span> <span class='ocrx_word' id='word_1_397' title='bbox 2846 2295 2901 2350; x_wconf 92' lang='lat' dir='ltr'><strong>in</strong></span> <span class='ocrx_word' id='word_1_398' title='bbox 2965 2292 3314 2361; x_wconf 83' lang='lat' dir='ltr'><strong>argumentis</strong></span> <span class='ocrx_word' id='word_1_399' title='bbox 3366 2291 3491 2345; x_wconf 90' lang='lat' dir='ltr'><strong>inde</strong></span> <span class='ocrx_word' id='word_1_400' title='bbox 3537 2290 3636 2344; x_wconf 57' lang='lat' dir='ltr'><strong>dea</strong></span> 
     </span>
    </p>
   </div>
   <div class='ocr_carea' id='block_1_52' title="bbox 2051 2384 3632 2451">
    <p class='ocr_par' dir='ltr' id='par_1_52' title="bbox 2051 2384 3632 2451">
     <span class='ocr_line' id='line_1_52' title="bbox 2051 2384 3632 2451; baseline -0.003 -10"><span class='ocrx_word' id='word_1_401' title='bbox 2051 2386 2231 2441; x_wconf 90' lang='lat' dir='ltr'><strong>ductis</strong></span> <span class='ocrx_word' id='word_1_402' title='bbox 2267 2387 2660 2441; x_wconf 90' lang='lat' dir='ltr'><strong>absurditatem</strong></span> <span class='ocrx_word' id='word_1_403' title='bbox 2707 2386 3013 2450; x_wconf 89' lang='lat' dir='ltr'><strong>continent,</strong></span> <span class='ocrx_word' id='word_1_404' title='bbox 3047 2393 3106 2439; x_wconf 91' lang='lat' dir='ltr'><strong>ut</strong></span> <span class='ocrx_word' id='word_1_405' title='bbox 3143 2400 3263 2438; x_wconf 90' lang='lat' dir='ltr'><strong>eam</strong></span> <span class='ocrx_word' id='word_1_406' title='bbox 3306 2384 3632 2451; x_wconf 90' lang='lat' dir='ltr'><strong>unicuique,</strong></span> 
     </span>
    </p>
   </div>
   <div class='ocr_carea' id='block_1_53' title="bbox 2050 2473 3637 2550">
    <p class='ocr_par' dir='ltr' id='par_1_53' title="bbox 2050 2473 3637 2550">
     <span class='ocr_line' id='line_1_53' title="bbox 2050 2473 3637 2550; baseline -0.007 -13"><span class='ocrx_word' id='word_1_407' title='bbox 2050 2483 2156 2537; x_wconf 90' lang='lat' dir='ltr'><strong>etsi</strong></span> <span class='ocrx_word' id='word_1_408' title='bbox 2190 2481 2462 2536; x_wconf 91' lang='lat' dir='ltr'><strong>modicum</strong></span> <span class='ocrx_word' id='word_1_409' title='bbox 2489 2480 2687 2550; x_wconf 84' lang='lat' dir='ltr'><strong>sapiat,</strong></span> <span class='ocrx_word' id='word_1_410' title='bbox 2715 2477 2873 2533; x_wconf 85' lang='lat' dir='ltr'><strong>facile</strong></span> <span class='ocrx_word' id='word_1_411' title='bbox 2902 2478 2974 2533; x_wconf 88' lang='lat' dir='ltr'><strong>sit</strong></span> <span class='ocrx_word' id='word_1_412' title='bbox 3007 2475 3413 2545; x_wconf 89' lang='lat' dir='ltr'><strong>deprehendere</strong></span> <span class='ocrx_word' id='word_1_413' title='bbox 3492 2473 3637 2539; x_wconf 84' lang='lat' dir='ltr'><strong>Quo-</strong></span> 
     </span>
    </p>
   </div>
   <div class='ocr_carea' id='block_1_54' title="bbox 2050 2566 3633 2641">
    <p class='ocr_par' dir='ltr' id='par_1_54' title="bbox 2050 2566 3633 2641">
     <span class='ocr_line' id='line_1_54' title="bbox 2050 2566 3633 2641; baseline -0.006 -12"><span class='ocrx_word' id='word_1_414' title='bbox 2050 2576 2197 2629; x_wconf 87' lang='lat' dir='ltr'><strong>niam</strong></span> <span class='ocrx_word' id='word_1_415' title='bbox 2228 2574 2371 2627; x_wconf 89' lang='lat' dir='ltr'><strong>enim</strong></span> <span class='ocrx_word' id='word_1_416' title='bbox 2402 2572 2662 2641; x_wconf 90' lang='lat' dir='ltr'><strong>scriptum</strong></span> <span class='ocrx_word' id='word_1_417' title='bbox 2695 2578 2802 2633; x_wconf 91' lang='lat' dir='ltr'><strong>est,</strong></span> <span class='ocrx_word' id='word_1_418' title='bbox 2822 2570 2874 2625; x_wconf 92' lang='lat' dir='ltr'><strong>in</strong></span> <span class='ocrx_word' id='word_1_419' title='bbox 2899 2567 3214 2623; x_wconf 86' lang='lat' dir='ltr'><strong>novissimis</strong></span> <span class='ocrx_word' id='word_1_420' title='bbox 3244 2566 3439 2621; x_wconf 91' lang='lat' dir='ltr'><strong>diebus</strong></span> <span class='ocrx_word' id='word_1_421' title='bbox 3469 2566 3633 2619; x_wconf 86' lang='lat' dir='ltr'><strong>nobis</strong></span> 
     </span>
    </p>
   </div>
   <div class='ocr_carea' id='block_1_55' title="bbox 2051 2657 3629 2729">
    <p class='ocr_par' dir='ltr' id='par_1_55' title="bbox 2051 2657 3629 2729">
     <span class='ocr_line' id='line_1_55' title="bbox 2051 2657 3629 2729; baseline -0.006 -9"><span class='ocrx_word' id='word_1_422' title='bbox 2051 2666 2106 2720; x_wconf 92' lang='lat' dir='ltr'><strong>in</strong></span> <span class='ocrx_word' id='word_1_423' title='bbox 2161 2665 2299 2719; x_wconf 87' lang='lat' dir='ltr'><strong>Filio</strong></span> <span class='ocrx_word' id='word_1_424' title='bbox 2338 2666 2577 2719; x_wconf 91' lang='lat' dir='ltr'><strong>locutum</strong></span> <span class='ocrx_word' id='word_1_425' title='bbox 2630 2662 2801 2719; x_wconf 85' lang='lat' dir='ltr'><strong>fuisse</strong></span> <span class='ocrx_word' id='word_1_426' title='bbox 2854 2661 3063 2722; x_wconf 87' lang='lat' dir='ltr'><strong>Deum,</strong></span> <span class='ocrx_word' id='word_1_427' title='bbox 3122 2660 3215 2729; x_wconf 92' lang='lat' dir='ltr'><strong>qui</strong></span> <span class='ocrx_word' id='word_1_428' title='bbox 3275 2657 3629 2713; x_wconf 89' lang='lat' dir='ltr'><strong>multifariam</strong></span> 
     </span>
    </p>
   </div>
   <div class='ocr_carea' id='block_1_56' title="bbox 2053 2750 3631 2827">
    <p class='ocr_par' dir='ltr' id='par_1_56' title="bbox 2053 2750 3631 2827">
     <span class='ocr_line' id='line_1_56' title="bbox 2053 2750 3631 2827; baseline -0.005 -17"><span class='ocrx_word' id='word_1_429' title='bbox 2053 2758 2346 2827; x_wconf 74' lang='lat' dir='ltr'><strong>ruuiltisque</strong></span> <span class='ocrx_word' id='word_1_430' title='bbox 2404 2756 2580 2811; x_wconf 86' lang='lat' dir='ltr'><strong>modis</strong></span> <span class='ocrx_word' id='word_1_431' title='bbox 2635 2754 2767 2811; x_wconf 90' lang='lat' dir='ltr'><strong>olim</strong></span> <span class='ocrx_word' id='word_1_432' title='bbox 2812 2753 3027 2807; x_wconf 90' lang='lat' dir='ltr'><strong>loculus</strong></span> <span class='ocrx_word' id='word_1_433' title='bbox 3074 2750 3252 2806; x_wconf 90' lang='lat' dir='ltr'><strong>fuerat</strong></span> <span class='ocrx_word' id='word_1_434' title='bbox 3284 2751 3531 2820; x_wconf 89' lang='lat' dir='ltr'><strong>patribus</strong></span> <span class='ocrx_word' id='word_1_435' title='bbox 3575 2750 3631 2803; x_wconf 89' lang='lat' dir='ltr'><strong>in</strong></span> 
     </span>
    </p>
   </div>
   <div class='ocr_carea' id='block_1_57' title="bbox 2051 2843 3632 2920">
    <p class='ocr_par' dir='ltr' id='par_1_57' title="bbox 2051 2843 3632 2920">
     <span class='ocr_line' id='line_1_57' title="bbox 2051 2843 3632 2920; baseline -0.005 -17"><span class='ocrx_word' id='word_1_436' title='bbox 2051 2850 2334 2920; x_wconf 86' lang='lat' dir='ltr'><strong>prophetis</strong></span> <span class='ocrx_word' id='word_1_437' title='bbox 2370 2850 2447 2916; x_wconf 67' lang='lat' dir='ltr'><strong>ne;</strong></span> <span class='ocrx_word' id='word_1_438' title='bbox 2491 2849 2614 2910; x_wconf 89' lang='lat' dir='ltr'><strong>hoc,</strong></span> <span class='ocrx_word' id='word_1_439' title='bbox 2650 2848 2827 2918; x_wconf 89' lang='lat' dir='ltr'><strong>inquit</strong></span> <span class='ocrx_word' id='word_1_440' title='bbox 2877 2846 2986 2912; x_wconf 89' lang='lat' dir='ltr'><strong>ille,</strong></span> <span class='ocrx_word' id='word_1_441' title='bbox 3025 2844 3328 2898; x_wconf 84' lang='lat' dir='ltr'><strong>luculenter</strong></span> <span class='ocrx_word' id='word_1_442' title='bbox 3368 2843 3632 2905; x_wconf 75' lang='lat' dir='ltr'><strong>ostendit,</strong></span> 
     </span>
    </p>
   </div>
   <div class='ocr_carea' id='block_1_58' title="bbox 2054 2935 3628 3012">
    <p class='ocr_par' dir='ltr' id='par_1_58' title="bbox 2054 2935 3628 3012">
     <span class='ocr_line' id='line_1_58' title="bbox 2054 2935 3628 3012; baseline -0.006 -17"><span class='ocrx_word' id='word_1_443' title='bbox 2054 2942 2145 2998; x_wconf 85' lang='lat' dir='ltr'><strong>Dei</strong></span> <span class='ocrx_word' id='word_1_444' title='bbox 2194 2941 2286 3012; x_wconf 91' lang='lat' dir='ltr'><strong>qui</strong></span> <span class='ocrx_word' id='word_1_445' title='bbox 2328 2942 2488 2996; x_wconf 91' lang='lat' dir='ltr'><strong>nobis</strong></span> <span class='ocrx_word' id='word_1_446' title='bbox 2540 2940 2812 3011; x_wconf 85' lang='lat' dir='ltr'><strong>apparuit,</strong></span> <span class='ocrx_word' id='word_1_447' title='bbox 2846 2938 3241 2992; x_wconf 88' lang='lat' dir='ltr'><strong>humanitatem</strong></span> <span class='ocrx_word' id='word_1_448' title='bbox 3276 2944 3403 2989; x_wconf 88' lang='lat' dir='ltr'><strong>ante</strong></span> <span class='ocrx_word' id='word_1_449' title='bbox 3429 2935 3628 2990; x_wconf 70' lang='lat' dir='ltr'><strong>saecula</strong></span> 
     </span>
    </p>
   </div>
   <div class='ocr_carea' id='block_1_59' title="bbox 2052 3028 3631 3100">
    <p class='ocr_par' dir='ltr' id='par_1_59' title="bbox 2052 3028 3631 3100">
     <span class='ocr_line' id='line_1_59' title="bbox 2052 3028 3631 3100; baseline -0.005 -11"><span class='ocrx_word' id='word_1_450' title='bbox 2052 3034 2364 3100; x_wconf 81' lang='lat' dir='ltr'><strong>exstitisse;</strong></span> <span class='ocrx_word' id='word_1_451' title='bbox 2432 3034 2506 3088; x_wconf 90' lang='lat' dir='ltr'><strong>ita</strong></span> <span class='ocrx_word' id='word_1_452' title='bbox 2573 3034 2718 3087; x_wconf 89' lang='lat' dir='ltr'><strong>enim</strong></span> <span class='ocrx_word' id='word_1_453' title='bbox 2775 3031 2999 3087; x_wconf 90' lang='lat' dir='ltr'><strong>disertis</strong></span> <span class='ocrx_word' id='word_1_454' title='bbox 3062 3029 3248 3085; x_wconf 89' lang='lat' dir='ltr'><strong>verbis</strong></span> <span class='ocrx_word' id='word_1_455' title='bbox 3309 3028 3631 3097; x_wconf 88' lang='lat' dir='ltr'><strong>Apostolum</strong></span> 
     </span>
    </p>
   </div>
   <div class='ocr_carea' id='block_1_60' title="bbox 365 3111 1951 3199">
    <p class='ocr_par' dir='ltr' id='par_1_60' title="bbox 365 3111 1947 3182">
     <span class='ocr_line' id='line_1_60' title="bbox 365 3111 1947 3182; baseline 0.001 -16"><span class='ocrx_word' id='word_1_456' title='bbox 365 3115 441 3166; x_wconf 83' lang='grc' dir='ltr'>τὰ</span> <span class='ocrx_word' id='word_1_457' title='bbox 475 3111 582 3166; x_wconf 85' lang='grc' dir='ltr'>τοῦ</span> <span class='ocrx_word' id='word_1_458' title='bbox 617 3111 865 3181; x_wconf 80' lang='grc' dir='ltr'>Πατρός,</span> <span class='ocrx_word' id='word_1_459' title='bbox 908 3112 1051 3177; x_wconf 82' lang='grc' dir='ltr'>Θεός</span> <span class='ocrx_word' id='word_1_460' title='bbox 1088 3112 1221 3165; x_wconf 83' lang='grc' dir='ltr'>ἐστι</span> <span class='ocrx_word' id='word_1_461' title='bbox 1260 3112 1516 3182; x_wconf 77' lang='grc' dir='ltr'>ποιητὴς</span> <span class='ocrx_word' id='word_1_462' title='bbox 1548 3112 1667 3166; x_wconf 86' lang='grc' dir='ltr'>τῶν</span> <span class='ocrx_word' id='word_1_463' title='bbox 1699 3113 1947 3177; x_wconf 80' lang='grc' dir='ltr'>αἰώνων,</span> 
     </span>
    </p>
   </div>
   <div class='ocr_carea' id='block_1_61' title="bbox 2054 3111 3635 3199">
    <p class='ocr_par' dir='ltr' id='par_1_61' title="bbox 2058 3119 3635 3194">
     <span class='ocr_line' id='line_1_61' title="bbox 2058 3119 3635 3194; baseline -0.008 -12"><span class='ocrx_word' id='word_1_464' title='bbox 2058 3126 2265 3182; x_wconf 88' lang='lat' dir='ltr'><strong>scilicet</strong></span> <span class='ocrx_word' id='word_1_465' title='bbox 2310 3126 2700 3194; x_wconf 86' lang='lat' dir='ltr'><strong>interpretans,</strong></span> <span class='ocrx_word' id='word_1_466' title='bbox 2745 3124 2839 3185; x_wconf 89' lang='lat' dir='ltr'><strong>ait,</strong></span> <span class='ocrx_word' id='word_1_467' title='bbox 2881 3122 2986 3177; x_wconf 85' lang='lat' dir='ltr'><strong>Per</strong></span> <span class='ocrx_word' id='word_1_468' title='bbox 3030 3122 3143 3174; x_wconf 78' lang='lat' dir='ltr'><strong>hwc</strong></span> <span class='ocrx_word' id='word_1_469' title='bbox 3191 3130 3369 3173; x_wconf 89' lang='lat' dir='ltr'><strong>autem</strong></span> <span class='ocrx_word' id='word_1_470' title='bbox 3410 3119 3635 3186; x_wconf 76' lang='lat' dir='ltr'><strong>manife-</strong></span> 
     </span>
    </p>
   </div>
   <div class='ocr_carea' id='block_1_62' title="bbox 366 3204 1954 3275">
    <p class='ocr_par' dir='ltr' id='par_1_62' title="bbox 366 3204 1954 3275">
     <span class='ocr_line' id='line_1_62' title="bbox 366 3204 1954 3275; baseline -0.002 -14"><span class='ocrx_word' id='word_1_471' title='bbox 366 3207 737 3275; x_wconf 77' lang='grc' dir='ltr'>ἀπαύγασμα</span> <span class='ocrx_word' id='word_1_472' title='bbox 784 3205 989 3272; x_wconf 78' lang='grc' dir='ltr'>δόξης,</span> <span class='ocrx_word' id='word_1_473' title='bbox 1044 3205 1349 3274; x_wconf 74' lang='grc' dir='ltr'>χαρακτὴρ</span> <span class='ocrx_word' id='word_1_474' title='bbox 1404 3204 1511 3273; x_wconf 83' lang='grc' dir='ltr'>τῆς</span> <span class='ocrx_word' id='word_1_475' title='bbox 1561 3205 1954 3271; x_wconf 81' lang='grc' dir='ltr'>ὑποστάσεως</span> 
     </span>
    </p>
   </div>
   <div class='ocr_carea' id='block_1_63' title="bbox 366 3295 1953 3365">
    <p class='ocr_par' dir='ltr' id='par_1_63' title="bbox 366 3295 1953 3365">
     <span class='ocr_line' id='line_1_63' title="bbox 366 3295 1953 3365; baseline -0.001 -13"><span class='ocrx_word' id='word_1_476' title='bbox 366 3296 581 3360; x_wconf 85' lang='grc' dir='ltr'>αὐτοῦ,</span> <span class='ocrx_word' id='word_1_477' title='bbox 611 3296 713 3351; x_wconf 84' lang='grc' dir='ltr'>ἅτε</span> <span class='ocrx_word' id='word_1_478' title='bbox 744 3296 821 3365; x_wconf 84' lang='grc' dir='ltr'>δὴ</span> <span class='ocrx_word' id='word_1_479' title='bbox 863 3295 945 3362; x_wconf 85' lang='grc' dir='ltr'>τῷ</span> <span class='ocrx_word' id='word_1_480' title='bbox 978 3295 1102 3362; x_wconf 78' lang='grc' dir='ltr'>ἰδίῳ</span> <span class='ocrx_word' id='word_1_481' title='bbox 1130 3297 1417 3364; x_wconf 80' lang='grc' dir='ltr'>πνεύματι</span> <span class='ocrx_word' id='word_1_482' title='bbox 1454 3296 1597 3362; x_wconf 81' lang='grc' dir='ltr'>Θεὸς</span> <span class='ocrx_word' id='word_1_483' title='bbox 1622 3296 1725 3361; x_wconf 73' lang='grc' dir='ltr'><strong>ὢν,</strong></span> <span class='ocrx_word' id='word_1_484' title='bbox 1758 3296 1854 3349; x_wconf 78' lang='grc' dir='ltr'>καὶ</span> <span class='ocrx_word' id='word_1_485' title='bbox 1881 3298 1953 3350; x_wconf 87' lang='grc' dir='ltr'>οὺ</span> 
     </span>
    </p>
   </div>
   <div class='ocr_carea' id='block_1_64' title="bbox 368 3386 1952 3457">
    <p class='ocr_par' dir='ltr' id='par_1_64' title="bbox 368 3386 1952 3457">
     <span class='ocr_line' id='line_1_64' title="bbox 368 3386 1952 3457; baseline -0.002 -14"><span class='ocrx_word' id='word_1_486' title='bbox 368 3389 524 3444; x_wconf 80' lang='grc' dir='ltr'>Θεὸν</span> <span class='ocrx_word' id='word_1_487' title='bbox 542 3388 700 3457; x_wconf 79' lang='grc' dir='ltr'>ἔχων</span> <span class='ocrx_word' id='word_1_488' title='bbox 718 3388 788 3441; x_wconf 79' lang='grc' dir='ltr'><strong>ἐν</strong></span> <span class='ocrx_word' id='word_1_489' title='bbox 809 3387 998 3452; x_wconf 83' lang='grc' dir='ltr'>ἐαυτῷ</span> <span class='ocrx_word' id='word_1_490' title='bbox 1018 3387 1223 3454; x_wconf 73' lang='grc' dir='ltr'>ἕτερον</span> <span class='ocrx_word' id='word_1_491' title='bbox 1240 3389 1373 3455; x_wconf 79' lang='grc' dir='ltr'>παρ’</span> <span class='ocrx_word' id='word_1_492' title='bbox 1393 3387 1600 3450; x_wconf 78' lang='grc' dir='ltr'>αὑτὸν,</span> <span class='ocrx_word' id='word_1_493' title='bbox 1622 3386 1805 3453; x_wconf 80' lang='grc' dir='ltr'>αὐτὸς</span> <span class='ocrx_word' id='word_1_494' title='bbox 1825 3390 1858 3441; x_wconf 88' lang='lat' dir='ltr'><strong>o&#39;</strong></span> <span class='ocrx_word' id='word_1_495' title='bbox 1879 3386 1952 3440; x_wconf 83' lang='grc' dir='ltr'>δι’</span> 
     </span>
    </p>
   </div>
   <div class='ocr_carea' id='block_1_65' title="bbox 365 3479 1955 3549">
    <p class='ocr_par' dir='ltr' id='par_1_65' title="bbox 365 3479 1955 3549">
     <span class='ocr_line' id='line_1_65' title="bbox 365 3479 1955 3549; baseline -0.001 -14"><span class='ocrx_word' id='word_1_496' title='bbox 365 3481 610 3547; x_wconf 73' lang='grc' dir='ltr'>ἑαυτοῦ,</span> <span class='ocrx_word' id='word_1_497' title='bbox 646 3481 939 3546; x_wconf 82' lang='grc' dir='ltr'>τουτέστι,</span> <span class='ocrx_word' id='word_1_498' title='bbox 962 3481 1059 3534; x_wconf 82' lang='grc' dir='ltr'>διὰ</span> <span class='ocrx_word' id='word_1_499' title='bbox 1088 3479 1197 3549; x_wconf 80' lang='grc' dir='ltr'>τῆς</span> <span class='ocrx_word' id='word_1_500' title='bbox 1232 3481 1479 3549; x_wconf 79' lang='grc' dir='ltr'>σαρκός,</span> <span class='ocrx_word' id='word_1_501' title='bbox 1503 3481 1833 3549; x_wconf 77' lang='grc' dir='ltr'>καθαρίσας</span> <span class='ocrx_word' id='word_1_502' title='bbox 1857 3481 1955 3533; x_wconf 83' lang='grc' dir='ltr'>κό-</span> 
     </span>
    </p>
   </div>
   <div class='ocr_carea' id='block_1_66' title="bbox 368 3572 1953 3644">
    <p class='ocr_par' dir='ltr' id='par_1_66' title="bbox 368 3572 1953 3644">
     <span class='ocr_line' id='line_1_66' title="bbox 368 3572 1953 3644; baseline -0.004 -15"><span class='ocrx_word' id='word_1_503' title='bbox 368 3592 531 3644; x_wconf 81' lang='grc' dir='ltr'>σμον</span> <span class='ocrx_word' id='word_1_504' title='bbox 561 3573 879 3643; x_wconf 79' lang='grc' dir='ltr'>ἁμαρτιῶν.</span> <span class='ocrx_word' id='word_1_505' title='bbox 923 3572 1111 3626; x_wconf 78' lang='grc' dir='ltr'>Ταῦτά</span> <span class='ocrx_word' id='word_1_506' title='bbox 1161 3589 1323 3642; x_wconf 88' lang='grc' dir='ltr'>φησιν</span> <span class='ocrx_word' id='word_1_507' title='bbox 1370 3574 1398 3625; x_wconf 93' lang='lat'><strong>6</strong></span> <span class='ocrx_word' id='word_1_508' title='bbox 1442 3573 1813 3644; x_wconf 85' lang='grc' dir='ltr'>Ἀπολινάριος</span> <span class='ocrx_word' id='word_1_509' title='bbox 1862 3572 1953 3624; x_wconf 72' lang='grc' dir='ltr'>ἐπὶ</span> 
     </span>
    </p>
   </div>
   <div class='ocr_carea' id='block_1_67' title="bbox 370 3664 1951 3736">
    <p class='ocr_par' dir='ltr' id='par_1_67' title="bbox 370 3664 1951 3736">
     <span class='ocr_line' id='line_1_67' title="bbox 370 3664 1951 3736; baseline -0.001 -16"><span class='ocrx_word' id='word_1_510' title='bbox 370 3667 590 3733; x_wconf 75' lang='grc' dir='ltr'>λέξεως,</span> <span class='ocrx_word' id='word_1_511' title='bbox 621 3666 718 3718; x_wconf 84' lang='grc' dir='ltr'><strong>καὶ</strong></span> <span class='ocrx_word' id='word_1_512' title='bbox 746 3665 896 3718; x_wconf 84' lang='grc' dir='ltr'>οὐδὲν</span> <span class='ocrx_word' id='word_1_513' title='bbox 927 3664 1056 3736; x_wconf 82' lang='grc' dir='ltr'>παρ’</span> <span class='ocrx_word' id='word_1_514' title='bbox 1095 3665 1251 3736; x_wconf 85' lang='grc' dir='ltr'>ἡμῶν</span> <span class='ocrx_word' id='word_1_515' title='bbox 1280 3666 1336 3717; x_wconf 83' lang='grc' dir='ltr'>ὲν</span> <span class='ocrx_word' id='word_1_516' title='bbox 1366 3667 1476 3727; x_wconf 90' lang='grc' dir='ltr'>τοῖς</span> <span class='ocrx_word' id='word_1_517' title='bbox 1498 3664 1807 3735; x_wconf 76' lang='grc' dir='ltr'>εἰρημένοις</span> <span class='ocrx_word' id='word_1_518' title='bbox 1845 3681 1951 3718; x_wconf 86' lang='grc' dir='ltr'>πα-</span> 
     </span>
    </p>
   </div>
   <div class='ocr_carea' id='block_1_68' title="bbox 376 3753 1954 3832">
    <p class='ocr_par' dir='ltr' id='par_1_68' title="bbox 376 3753 1954 3832">
     <span class='ocr_line' id='line_1_68' title="bbox 376 3753 1954 3832; baseline -0.003 -18"><span class='ocrx_word' id='word_1_519' title='bbox 376 3760 763 3832; x_wconf 83' lang='grc' dir='ltr'>ραπεποίηται.</span> <span class='ocrx_word' id='word_1_520' title='bbox 786 3759 852 3813; x_wconf 88' lang='grc' dir='ltr'>Εἰ</span> <span class='ocrx_word' id='word_1_521' title='bbox 881 3753 973 3811; x_wconf 75' lang='grc' dir='ltr'><strong>οὖν</strong></span> <span class='ocrx_word' id='word_1_522' title='bbox 990 3757 1272 3828; x_wconf 83' lang='grc' dir='ltr'>ἄνθρωπος</span> <span class='ocrx_word' id='word_1_523' title='bbox 1290 3758 1400 3829; x_wconf 78' lang='grc'><strong>(19)</strong></span> <span class='ocrx_word' id='word_1_524' title='bbox 1416 3759 1444 3811; x_wconf 93' lang='lat'><strong>6</strong></span> <span class='ocrx_word' id='word_1_525' title='bbox 1468 3757 1705 3829; x_wconf 86' lang='grc' dir='ltr'>λαλήσας</span> <span class='ocrx_word' id='word_1_526' title='bbox 1728 3758 1954 3828; x_wconf 86' lang='grc' dir='ltr'>ποιητής</span> 
     </span>
    </p>
   </div>
   <div class='ocr_carea' id='block_1_69' title="bbox 372 3848 1950 3921">
    <p class='ocr_par' dir='ltr' id='par_1_69' title="bbox 372 3848 1950 3921">
     <span class='ocr_line' id='line_1_69' title="bbox 372 3848 1950 3921; baseline -0.003 -16"><span class='ocrx_word' id='word_1_527' title='bbox 372 3853 490 3905; x_wconf 79' lang='grc' dir='ltr'>ἐστι</span> <span class='ocrx_word' id='word_1_528' title='bbox 518 3850 625 3904; x_wconf 89' lang='grc' dir='ltr'><strong>τῶν</strong></span> <span class='ocrx_word' id='word_1_529' title='bbox 666 3849 898 3913; x_wconf 80' lang='grc' dir='ltr'>αἰώνων,</span> <span class='ocrx_word' id='word_1_530' title='bbox 924 3848 1105 3914; x_wconf 85' lang='grc' dir='ltr'>καθὼς</span> <span class='ocrx_word' id='word_1_531' title='bbox 1128 3849 1206 3921; x_wconf 80' lang='grc' dir='ltr'>τῷ</span> <span class='ocrx_word' id='word_1_532' title='bbox 1248 3848 1568 3921; x_wconf 75' lang='grc' dir='ltr'>λογογράφῳ</span> <span class='ocrx_word' id='word_1_533' title='bbox 1596 3850 1762 3914; x_wconf 89' lang='grc' dir='ltr'>δοκεῖ,</span> <span class='ocrx_word' id='word_1_534' title='bbox 1800 3851 1893 3903; x_wconf 74' lang='grc' dir='ltr'>καὶ</span> <span class='ocrx_word' id='word_1_535' title='bbox 1916 3851 1950 3921; x_wconf 83' lang='grc' dir='ltr'><strong>ἡ</strong></span> 
     </span>
    </p>
   </div>
   <div class='ocr_carea' id='block_1_70' title="bbox 374 3940 1954 4013">
    <p class='ocr_par' dir='ltr' id='par_1_70' title="bbox 374 3940 1954 4013">
     <span class='ocr_line' id='line_1_70' title="bbox 374 3940 1954 4013; baseline -0.001 -18"><span class='ocrx_word' id='word_1_536' title='bbox 374 3941 516 4013; x_wconf 84' lang='grc' dir='ltr'>σάρξ</span> <span class='ocrx_word' id='word_1_537' title='bbox 534 3945 654 4013; x_wconf 14' lang='grc' dir='ltr'>,ἐστι</span> <span class='ocrx_word' id='word_1_538' title='bbox 678 3941 739 3995; x_wconf 81' lang='grc' dir='ltr'>τὸ</span> <span class='ocrx_word' id='word_1_539' title='bbox 763 3941 1122 4013; x_wconf 85' lang='grc' dir='ltr'>ἀπαύγασμα,</span> <span class='ocrx_word' id='word_1_540' title='bbox 1148 3942 1242 3995; x_wconf 79' lang='grc' dir='ltr'>καὶ</span> <span class='ocrx_word' id='word_1_541' title='bbox 1265 3942 1299 4011; x_wconf 76' lang='grc' dir='ltr'><strong>ἡ</strong></span> <span class='ocrx_word' id='word_1_542' title='bbox 1319 3940 1413 3994; x_wconf 84' lang='grc' dir='ltr'>τοῦ</span> <span class='ocrx_word' id='word_1_543' title='bbox 1434 3940 1620 3994; x_wconf 87' lang='grc' dir='ltr'>δούλου</span> <span class='ocrx_word' id='word_1_544' title='bbox 1647 3941 1830 4013; x_wconf 80' lang='grc' dir='ltr'>μορφὴ</span> <span class='ocrx_word' id='word_1_545' title='bbox 1855 3959 1954 4012; x_wconf 89' lang='grc' dir='ltr'>χα-</span> 
     </span>
    </p>
   </div>
   <div class='ocr_carea' id='block_1_71' title="bbox 379 4034 1955 4107">
    <p class='ocr_par' dir='ltr' id='par_1_71' title="bbox 379 4034 1955 4107">
     <span class='ocr_line' id='line_1_71' title="bbox 379 4034 1955 4107; baseline -0.001 -18"><span class='ocrx_word' id='word_1_546' title='bbox 379 4034 697 4107; x_wconf 81' lang='grc' dir='ltr'>ρακτηρίζει</span> <span class='ocrx_word' id='word_1_547' title='bbox 723 4035 818 4089; x_wconf 75' lang='grc' dir='ltr'>τοῦ</span> <span class='ocrx_word' id='word_1_548' title='bbox 847 4034 981 4088; x_wconf 82' lang='grc' dir='ltr'>Θεοῦ</span> <span class='ocrx_word' id='word_1_549' title='bbox 1005 4035 1105 4106; x_wconf 83' lang='grc' dir='ltr'>τὴν</span> <span class='ocrx_word' id='word_1_550' title='bbox 1139 4034 1454 4097; x_wconf 83' lang='grc' dir='ltr'>ὑπόστασιν,</span> <span class='ocrx_word' id='word_1_551' title='bbox 1491 4034 1672 4088; x_wconf 88' lang='grc' dir='ltr'>ούκέτι</span> <span class='ocrx_word' id='word_1_552' title='bbox 1696 4052 1784 4105; x_wconf 89' lang='grc' dir='ltr'><strong>μοι</strong></span> <span class='ocrx_word' id='word_1_553' title='bbox 1808 4034 1955 4088; x_wconf 91' lang='grc' dir='ltr'>δοκεῖ</span> 
     </span>
    </p>
   </div>
   <div class='ocr_carea' id='block_1_72' title="bbox 375 4126 1955 4200">
    <p class='ocr_par' dir='ltr' id='par_1_72' title="bbox 375 4126 1955 4200">
     <span class='ocr_line' id='line_1_72' title="bbox 375 4126 1955 4200; baseline 0 -19"><span class='ocrx_word' id='word_1_554' title='bbox 375 4127 557 4191; x_wconf 90' lang='grc' dir='ltr'>καλῶς</span> <span class='ocrx_word' id='word_1_555' title='bbox 584 4127 727 4199; x_wconf 74' lang='grc' dir='ltr'>ἔχειν</span> <span class='ocrx_word' id='word_1_556' title='bbox 759 4128 1025 4199; x_wconf 89' lang='grc' dir='ltr'>μάχεσθαι</span> <span class='ocrx_word' id='word_1_557' title='bbox 1056 4126 1193 4200; x_wconf 79' lang='grc' dir='ltr'>πρὸς</span> <span class='ocrx_word' id='word_1_558' title='bbox 1229 4127 1290 4180; x_wconf 81' lang='grc' dir='ltr'>τὸ</span> <span class='ocrx_word' id='word_1_559' title='bbox 1324 4127 1630 4198; x_wconf 78' lang='grc' dir='ltr'>εἰρημένον,</span> <span class='ocrx_word' id='word_1_560' title='bbox 1658 4127 1872 4200; x_wconf 85' lang='grc' dir='ltr'>θρηνεῖν</span> <span class='ocrx_word' id='word_1_561' title='bbox 1898 4129 1955 4182; x_wconf 81' lang='grc' dir='ltr'><strong>δὲ</strong></span> 
     </span>
    </p>
   </div>
   <div class='ocr_carea' id='block_1_73' title="bbox 380 4217 1955 4291">
    <p class='ocr_par' dir='ltr' id='par_1_73' title="bbox 380 4217 1955 4291">
     <span class='ocr_line' id='line_1_73' title="bbox 380 4217 1955 4291; baseline -0.001 -19"><span class='ocrx_word' id='word_1_562' title='bbox 380 4218 581 4291; x_wconf 80' lang='grc' dir='ltr'>μᾶλλον</span> <span class='ocrx_word' id='word_1_563' title='bbox 615 4220 715 4291; x_wconf 83' lang='grc' dir='ltr'>τῆς</span> <span class='ocrx_word' id='word_1_564' title='bbox 752 4218 1125 4289; x_wconf 76' lang='grc' dir='ltr'>ἀναισθησίας,</span> <span class='ocrx_word' id='word_1_565' title='bbox 1152 4218 1278 4281; x_wconf 78' lang='grc' dir='ltr'>τοὺς</span> <span class='ocrx_word' id='word_1_566' title='bbox 1311 4218 1410 4289; x_wconf 81' lang='grc' dir='ltr'>τὴν</span> <span class='ocrx_word' id='word_1_567' title='bbox 1437 4218 1690 4290; x_wconf 84' lang='grc' dir='ltr'>τοιαύτην</span> <span class='ocrx_word' id='word_1_568' title='bbox 1720 4217 1955 4289; x_wconf 86' lang='grc' dir='ltr'>παραδε-</span> 
     </span>
    </p>
   </div>
   <div class='ocr_carea' id='block_1_74' title="bbox 378 4307 1956 4381">
    <p class='ocr_par' dir='ltr' id='par_1_74' title="bbox 378 4307 1956 4381">
     <span class='ocr_line' id='line_1_74' title="bbox 378 4307 1956 4381; baseline -0.001 -19"><span class='ocrx_word' id='word_1_569' title='bbox 378 4309 641 4381; x_wconf 89' lang='grc' dir='ltr'>χομένους</span> <span class='ocrx_word' id='word_1_570' title='bbox 680 4308 1043 4379; x_wconf 82' lang='grc' dir='ltr'>καινοφωνίαν</span> <span class='ocrx_word' id='word_1_571' title='bbox 1094 4307 1228 4379; x_wconf 73' lang='grc'><strong>(20).</strong></span> <span class='ocrx_word' id='word_1_572' title='bbox 1281 4307 1601 4381; x_wconf 81' lang='grc' dir='ltr'>Ἀνθρωπος</span> <span class='ocrx_word' id='word_1_573' title='bbox 1639 4308 1667 4360; x_wconf 91' lang='lat'><strong>6</strong></span> <span class='ocrx_word' id='word_1_574' title='bbox 1715 4308 1956 4379; x_wconf 86' lang='grc' dir='ltr'>λαλήσας</span> 
     </span>
    </p>
   </div>
   <div class='ocr_carea' id='block_1_75' title="bbox 376 4399 1955 4485">
    <p class='ocr_par' dir='ltr' id='par_1_75' title="bbox 376 4399 1955 4485">
     <span class='ocr_line' id='line_1_75' title="bbox 376 4399 1955 4485; baseline -0.001 -30"><span class='ocrx_word' id='word_1_575' title='bbox 376 4404 509 4473; x_wconf 81' lang='grc' dir='ltr'>ἡμῖν</span> <span class='ocrx_word' id='word_1_576' title='bbox 530 4400 892 4472; x_wconf 78' lang='grc' dir='ltr'>ἀνθρωπικῶς</span> <span class='ocrx_word' id='word_1_577' title='bbox 918 4400 1005 4455; x_wconf 85' lang='grc' dir='ltr'>διὰ</span> <span class='ocrx_word' id='word_1_578' title='bbox 1033 4400 1133 4471; x_wconf 80' lang='grc' dir='ltr'>τῆς</span> <span class='ocrx_word' id='word_1_579' title='bbox 1148 4399 1431 4485; x_wconf 42' lang='grc' dir='ltr'>,ἡμετέρας</span> <span class='ocrx_word' id='word_1_580' title='bbox 1460 4400 1663 4471; x_wconf 80' lang='grc' dir='ltr'>φωνῆς,</span> <span class='ocrx_word' id='word_1_581' title='bbox 1698 4400 1726 4453; x_wconf 91' lang='lat'><strong>6</strong></span> <span class='ocrx_word' id='word_1_582' title='bbox 1747 4399 1955 4463; x_wconf 85' lang='grc' dir='ltr'>πτύσας</span> 
     </span>
    </p>
   </div>
   <div class='ocr_carea' id='block_1_76' title="bbox 2057 3209 3636 3284">
    <p class='ocr_par' dir='ltr' id='par_1_76' title="bbox 2057 3209 3636 3284">
     <span class='ocr_line' id='line_1_76' title="bbox 2057 3209 3636 3284; baseline -0.006 -12"><span class='ocrx_word' id='word_1_583' title='bbox 2057 3230 2199 3273; x_wconf 88' lang='lat' dir='ltr'><strong>stum</strong></span> <span class='ocrx_word' id='word_1_584' title='bbox 2238 3226 2315 3271; x_wconf 90' lang='lat' dir='ltr'><strong>est</strong></span> <span class='ocrx_word' id='word_1_585' title='bbox 2344 3216 2497 3270; x_wconf 84' lang='lat' dir='ltr'><strong>illum</strong></span> <span class='ocrx_word' id='word_1_586' title='bbox 2530 3215 2793 3269; x_wconf 80' lang='lat' dir='ltr'><strong>hominem</strong></span> <span class='ocrx_word' id='word_1_587' title='bbox 2825 3215 2915 3284; x_wconf 87' lang='lat' dir='ltr'><strong>qui</strong></span> <span class='ocrx_word' id='word_1_588' title='bbox 2948 3230 3066 3279; x_wconf 73' lang='lat' dir='ltr'><strong>qua:</strong></span> <span class='ocrx_word' id='word_1_589' title='bbox 3118 3211 3300 3265; x_wconf 83' lang='lat' dir='ltr'><strong>Patris</strong></span> <span class='ocrx_word' id='word_1_590' title='bbox 3339 3220 3463 3265; x_wconf 87' lang='lat' dir='ltr'><strong>sunt</strong></span> <span class='ocrx_word' id='word_1_591' title='bbox 3484 3209 3636 3263; x_wconf 70' lang='lat' dir='ltr'><strong>nobis</strong></span> 
     </span>
    </p>
   </div>
   <div class='ocr_carea' id='block_1_77' title="bbox 2059 3301 3638 3380">
    <p class='ocr_par' dir='ltr' id='par_1_77' title="bbox 2059 3301 3638 3380">
     <span class='ocr_line' id='line_1_77' title="bbox 2059 3301 3638 3380; baseline -0.008 -15"><span class='ocrx_word' id='word_1_592' title='bbox 2059 3312 2311 3380; x_wconf 72' lang='lat' dir='ltr'><strong>loquitur,</strong></span> <span class='ocrx_word' id='word_1_593' title='bbox 2366 3308 2533 3362; x_wconf 87' lang='lat' dir='ltr'><strong>Deum</strong></span> <span class='ocrx_word' id='word_1_594' title='bbox 2567 3324 2676 3361; x_wconf 87' lang='lat' dir='ltr'><strong>esse</strong></span> <span class='ocrx_word' id='word_1_595' title='bbox 2736 3306 3052 3360; x_wconf 67' lang='lat' dir='ltr'><strong>sa&#39;culorum</strong></span> <span class='ocrx_word' id='word_1_596' title='bbox 3093 3304 3436 3366; x_wconf 85' lang='lat' dir='ltr'><strong>conditorem,</strong></span> <span class='ocrx_word' id='word_1_597' title='bbox 3462 3301 3638 3368; x_wconf 83' lang='lat' dir='ltr'><strong>splen-</strong></span> 
     </span>
    </p>
   </div>
   <div class='ocr_carea' id='block_1_78' title="bbox 2057 3394 3639 3471">
    <p class='ocr_par' dir='ltr' id='par_1_78' title="bbox 2057 3394 3639 3471">
     <span class='ocr_line' id='line_1_78' title="bbox 2057 3394 3639 3471; baseline -0.008 -15"><span class='ocrx_word' id='word_1_598' title='bbox 2057 3403 2237 3456; x_wconf 88' lang='lat' dir='ltr'><strong>dorem</strong></span> <span class='ocrx_word' id='word_1_599' title='bbox 2283 3402 2493 3471; x_wconf 62' lang='lat' dir='ltr'><strong>glorise,</strong></span> <span class='ocrx_word' id='word_1_600' title='bbox 2547 3410 2594 3454; x_wconf 91' lang='lat' dir='ltr'><strong>et</strong></span> <span class='ocrx_word' id='word_1_601' title='bbox 2637 3401 2867 3468; x_wconf 78' lang='lat' dir='ltr'><strong>ﬁguram</strong></span> <span class='ocrx_word' id='word_1_602' title='bbox 2917 3397 3231 3451; x_wconf 68' lang='lat' dir='ltr'><strong>substantia:</strong></span> <span class='ocrx_word' id='word_1_603' title='bbox 3281 3394 3417 3462; x_wconf 84' lang='lat' dir='ltr'><strong>ejus,</strong></span> <span class='ocrx_word' id='word_1_604' title='bbox 3460 3401 3639 3460; x_wconf 83' lang='lat' dir='ltr'><strong>utpote</strong></span> 
     </span>
    </p>
   </div>
   <div class='ocr_carea' id='block_1_79' title="bbox 2056 3483 3636 3567">
    <p class='ocr_par' dir='ltr' id='par_1_79' title="bbox 2056 3483 3636 3567">
     <span class='ocr_line' id='line_1_79' title="bbox 2056 3483 3636 3567; baseline -0.009 -18"><span class='ocrx_word' id='word_1_605' title='bbox 2056 3496 2146 3567; x_wconf 88' lang='lat' dir='ltr'><strong>qui</strong></span> <span class='ocrx_word' id='word_1_606' title='bbox 2194 3494 2383 3562; x_wconf 84' lang='lat' dir='ltr'><strong>spiritu</strong></span> <span class='ocrx_word' id='word_1_607' title='bbox 2421 3491 2631 3561; x_wconf 84' lang='lat' dir='ltr'><strong>proprio</strong></span> <span class='ocrx_word' id='word_1_608' title='bbox 2670 3489 2807 3543; x_wconf 88' lang='lat' dir='ltr'><strong>Deus</strong></span> <span class='ocrx_word' id='word_1_609' title='bbox 2852 3489 3098 3548; x_wconf 76' lang='lat' dir='ltr'><strong>exsistat,</strong></span> <span class='ocrx_word' id='word_1_610' title='bbox 3141 3495 3188 3539; x_wconf 91' lang='lat' dir='ltr'><strong>et</strong></span> <span class='ocrx_word' id='word_1_611' title='bbox 3224 3502 3326 3538; x_wconf 85' lang='lat' dir='ltr'><strong>non</strong></span> <span class='ocrx_word' id='word_1_612' title='bbox 3364 3483 3531 3537; x_wconf 89' lang='lat' dir='ltr'><strong>Deum</strong></span> <span class='ocrx_word' id='word_1_613' title='bbox 3580 3483 3636 3534; x_wconf 79' lang='lat' dir='ltr'><strong>in</strong></span> 
     </span>
    </p>
   </div>
   <div class='ocr_carea' id='block_1_80' title="bbox 2056 3578 3631 3653">
    <p class='ocr_par' dir='ltr' id='par_1_80' title="bbox 2056 3578 3631 3653">
     <span class='ocr_line' id='line_1_80' title="bbox 2056 3578 3631 3653; baseline -0.008 -13"><span class='ocrx_word' id='word_1_614' title='bbox 2056 3604 2111 3640; x_wconf 89' lang='lat' dir='ltr'><strong>se</strong></span> <span class='ocrx_word' id='word_1_615' title='bbox 2146 3586 2259 3653; x_wconf 79' lang='lat' dir='ltr'><strong>ipso</strong></span> <span class='ocrx_word' id='word_1_616' title='bbox 2287 3585 2550 3638; x_wconf 82' lang='lat' dir='ltr'><strong>diversum</strong></span> <span class='ocrx_word' id='word_1_617' title='bbox 2575 3602 2605 3636; x_wconf 96' lang='lat' dir='ltr'><strong>a</strong></span> <span class='ocrx_word' id='word_1_618' title='bbox 2644 3598 2699 3636; x_wconf 87' lang='lat' dir='ltr'><strong>se</strong></span> <span class='ocrx_word' id='word_1_619' title='bbox 2746 3580 2956 3646; x_wconf 78' lang='lat' dir='ltr'><strong>habent,</strong></span> <span class='ocrx_word' id='word_1_620' title='bbox 2987 3582 3197 3648; x_wconf 86' lang='lat' dir='ltr'><strong>ipseque</strong></span> <span class='ocrx_word' id='word_1_621' title='bbox 3222 3594 3314 3646; x_wconf 88' lang='lat' dir='ltr'><strong>per</strong></span> <span class='ocrx_word' id='word_1_622' title='bbox 3347 3595 3402 3631; x_wconf 87' lang='lat' dir='ltr'><strong>se</strong></span> <span class='ocrx_word' id='word_1_623' title='bbox 3432 3578 3631 3643; x_wconf 86' lang='lat' dir='ltr'><strong>ipsum,</strong></span> 
     </span>
    </p>
   </div>
   <div class='ocr_carea' id='block_1_81' title="bbox 2056 3665 3637 3741">
    <p class='ocr_par' dir='ltr' id='par_1_81' title="bbox 2056 3665 3637 3741">
     <span class='ocr_line' id='line_1_81' title="bbox 2056 3665 3637 3741; baseline -0.004 -15"><span class='ocrx_word' id='word_1_624' title='bbox 2056 3675 2153 3729; x_wconf 84' lang='lat' dir='ltr'><strong>hoc</strong></span> <span class='ocrx_word' id='word_1_625' title='bbox 2189 3682 2288 3737; x_wconf 87' lang='lat' dir='ltr'><strong>est,</strong></span> <span class='ocrx_word' id='word_1_626' title='bbox 2311 3688 2402 3741; x_wconf 90' lang='lat' dir='ltr'><strong>per</strong></span> <span class='ocrx_word' id='word_1_627' title='bbox 2430 3687 2663 3734; x_wconf 85' lang='lat' dir='ltr'><strong>carnem,</strong></span> <span class='ocrx_word' id='word_1_628' title='bbox 2689 3670 2943 3722; x_wconf 86' lang='lat' dir='ltr'><strong>mundum</strong></span> <span class='ocrx_word' id='word_1_629' title='bbox 2967 3687 2998 3722; x_wconf 91' lang='lat' dir='ltr'><strong>a</strong></span> <span class='ocrx_word' id='word_1_630' title='bbox 3020 3669 3244 3736; x_wconf 83' lang='lat' dir='ltr'><strong>peccatis</strong></span> <span class='ocrx_word' id='word_1_631' title='bbox 3276 3676 3476 3737; x_wconf 87' lang='lat' dir='ltr'><strong>purget.</strong></span> <span class='ocrx_word' id='word_1_632' title='bbox 3508 3665 3637 3719; x_wconf 69' lang='lat' dir='ltr'><strong>Haec</strong></span> 
     </span>
    </p>
   </div>
   <div class='ocr_carea' id='block_1_82' title="bbox 2056 3756 3635 3829">
    <p class='ocr_par' dir='ltr' id='par_1_82' title="bbox 2056 3756 3635 3829">
     <span class='ocr_line' id='line_1_82' title="bbox 2056 3756 3635 3829; baseline -0.004 -13"><span class='ocrx_word' id='word_1_633' title='bbox 2056 3763 2250 3818; x_wconf 86' lang='lat' dir='ltr'><strong>iisdem</strong></span> <span class='ocrx_word' id='word_1_634' title='bbox 2293 3760 2476 3816; x_wconf 85' lang='lat' dir='ltr'><strong>verbis</strong></span> <span class='ocrx_word' id='word_1_635' title='bbox 2525 3759 2881 3829; x_wconf 85' lang='lat' dir='ltr'><strong>Apollinaris,</strong></span> <span class='ocrx_word' id='word_1_636' title='bbox 2927 3773 3029 3812; x_wconf 91' lang='lat' dir='ltr'><strong>nec</strong></span> <span class='ocrx_word' id='word_1_637' title='bbox 3077 3757 3374 3828; x_wconf 87' lang='lat' dir='ltr'><strong>quidquam</strong></span> <span class='ocrx_word' id='word_1_638' title='bbox 3402 3772 3432 3809; x_wconf 89' lang='lat' dir='ltr'><strong>a</strong></span> <span class='ocrx_word' id='word_1_639' title='bbox 3473 3756 3635 3810; x_wconf 89' lang='lat' dir='ltr'><strong>nobis</strong></span> 
     </span>
    </p>
   </div>
   <div class='ocr_carea' id='block_1_83' title="bbox 2058 3846 3635 3923">
    <p class='ocr_par' dir='ltr' id='par_1_83' title="bbox 2058 3846 3635 3923">
     <span class='ocr_line' id='line_1_83' title="bbox 2058 3846 3635 3923; baseline -0.004 -16"><span class='ocrx_word' id='word_1_640' title='bbox 2058 3854 2112 3908; x_wconf 93' lang='lat' dir='ltr'><strong>in</strong></span> <span class='ocrx_word' id='word_1_641' title='bbox 2157 3854 2278 3923; x_wconf 85' lang='lat' dir='ltr'><strong>ejus</strong></span> <span class='ocrx_word' id='word_1_642' title='bbox 2331 3851 2495 3906; x_wconf 90' lang='lat' dir='ltr'><strong>dictis</strong></span> <span class='ocrx_word' id='word_1_643' title='bbox 2538 3856 2809 3905; x_wconf 91' lang='lat' dir='ltr'><strong>mutatum</strong></span> <span class='ocrx_word' id='word_1_644' title='bbox 2858 3847 2981 3903; x_wconf 87' lang='lat' dir='ltr'><strong>fuit.</strong></span> <span class='ocrx_word' id='word_1_645' title='bbox 3031 3846 3087 3902; x_wconf 87' lang='lat' dir='ltr'><strong>Si</strong></span> <span class='ocrx_word' id='word_1_646' title='bbox 3137 3848 3304 3918; x_wconf 81' lang='lat' dir='ltr'><strong>igitur</strong></span> <span class='ocrx_word' id='word_1_647' title='bbox 3351 3848 3512 3901; x_wconf 90' lang='lat' dir='ltr'><strong>homo</strong></span> <span class='ocrx_word' id='word_1_648' title='bbox 3540 3848 3635 3917; x_wconf 91' lang='lat' dir='ltr'><strong>qui</strong></span> 
     </span>
    </p>
   </div>
   <div class='ocr_carea' id='block_1_84' title="bbox 2056 3940 3636 4018">
    <p class='ocr_par' dir='ltr' id='par_1_84' title="bbox 2056 3940 3636 4018">
     <span class='ocr_line' id='line_1_84' title="bbox 2056 3940 3636 4018; baseline -0.007 -15"><span class='ocrx_word' id='word_1_649' title='bbox 2056 3947 2322 4018; x_wconf 88' lang='lat' dir='ltr'><strong>loquitur,</strong></span> <span class='ocrx_word' id='word_1_650' title='bbox 2350 3944 2699 4007; x_wconf 66' lang='lat' dir='ltr'><strong>saeculorum,</strong></span> <span class='ocrx_word' id='word_1_651' title='bbox 2739 3954 2799 3997; x_wconf 90' lang='lat' dir='ltr'><strong>ut</strong></span> <span class='ocrx_word' id='word_1_652' title='bbox 2825 3941 3061 4010; x_wconf 89' lang='lat' dir='ltr'><strong>scriptor</strong></span> <span class='ocrx_word' id='word_1_653' title='bbox 3085 3940 3188 3994; x_wconf 88' lang='lat' dir='ltr'><strong>iste</strong></span> <span class='ocrx_word' id='word_1_654' title='bbox 3204 3948 3413 4005; x_wconf 90' lang='lat' dir='ltr'><strong>censet,</strong></span> <span class='ocrx_word' id='word_1_655' title='bbox 3442 3940 3636 3993; x_wconf 85' lang='lat' dir='ltr'><strong>cundi—</strong></span> 
     </span>
    </p>
   </div>
   <div class='ocr_carea' id='block_1_85' title="bbox 2056 4031 3641 4105">
    <p class='ocr_par' dir='ltr' id='par_1_85' title="bbox 2056 4031 3641 4105">
     <span class='ocr_line' id='line_1_85' title="bbox 2056 4031 3641 4105; baseline -0.006 -12"><span class='ocrx_word' id='word_1_656' title='bbox 2056 4046 2143 4093; x_wconf 84' lang='lat' dir='ltr'><strong>tor</strong></span> <span class='ocrx_word' id='word_1_657' title='bbox 2177 4045 2284 4101; x_wconf 88' lang='lat' dir='ltr'><strong>est,</strong></span> <span class='ocrx_word' id='word_1_658' title='bbox 2330 4045 2385 4090; x_wconf 88' lang='lat' dir='ltr'><strong>et</strong></span> <span class='ocrx_word' id='word_1_659' title='bbox 2439 4050 2569 4089; x_wconf 90' lang='lat' dir='ltr'><strong>caro</strong></span> <span class='ocrx_word' id='word_1_660' title='bbox 2616 4041 2857 4105; x_wconf 68' lang='lat' dir='ltr'><strong>paterna:</strong></span> <span class='ocrx_word' id='word_1_661' title='bbox 2896 4032 3081 4103; x_wconf 75' lang='lat' dir='ltr'><strong>gloria:</strong></span> <span class='ocrx_word' id='word_1_662' title='bbox 3127 4031 3387 4101; x_wconf 83' lang='lat' dir='ltr'><strong>splendor</strong></span> <span class='ocrx_word' id='word_1_663' title='bbox 3428 4039 3532 4095; x_wconf 88' lang='lat' dir='ltr'><strong>est,</strong></span> <span class='ocrx_word' id='word_1_664' title='bbox 3582 4039 3641 4085; x_wconf 83' lang='lat' dir='ltr'><strong>et</strong></span> 
     </span>
    </p>
   </div>
   <div class='ocr_carea' id='block_1_86' title="bbox 2057 4123 3639 4194">
    <p class='ocr_par' dir='ltr' id='par_1_86' title="bbox 2057 4123 3639 4194">
     <span class='ocr_line' id='line_1_86' title="bbox 2057 4123 3639 4194; baseline -0.006 -9"><span class='ocrx_word' id='word_1_665' title='bbox 2057 4130 2203 4185; x_wconf 82' lang='lat' dir='ltr'><strong>servi</strong></span> <span class='ocrx_word' id='word_1_666' title='bbox 2236 4128 2412 4183; x_wconf 91' lang='lat' dir='ltr'><strong>forma</strong></span> <span class='ocrx_word' id='word_1_667' title='bbox 2443 4125 2807 4182; x_wconf 86' lang='lat' dir='ltr'><strong>substantiam</strong></span> <span class='ocrx_word' id='word_1_668' title='bbox 2842 4123 2934 4180; x_wconf 85' lang='lat' dir='ltr'><strong>Dei</strong></span> <span class='ocrx_word' id='word_1_669' title='bbox 2960 4132 3333 4194; x_wconf 80' lang='lat' dir='ltr'><strong>repraesentat,</strong></span> <span class='ocrx_word' id='word_1_670' title='bbox 3377 4136 3486 4178; x_wconf 81' lang='lat' dir='ltr'><strong>non</strong></span> <span class='ocrx_word' id='word_1_671' title='bbox 3519 4139 3639 4176; x_wconf 92' lang='lat' dir='ltr'><strong>am-</strong></span> 
     </span>
    </p>
   </div>
   <div class='ocr_carea' id='block_1_87' title="bbox 2057 4213 3638 4293">
    <p class='ocr_par' dir='ltr' id='par_1_87' title="bbox 2057 4213 3638 4293">
     <span class='ocr_line' id='line_1_87' title="bbox 2057 4213 3638 4293; baseline -0.006 -18"><span class='ocrx_word' id='word_1_672' title='bbox 2057 4222 2201 4293; x_wconf 89' lang='lat' dir='ltr'><strong>plius</strong></span> <span class='ocrx_word' id='word_1_673' title='bbox 2251 4219 2516 4273; x_wconf 88' lang='lat' dir='ltr'><strong>adversus</strong></span> <span class='ocrx_word' id='word_1_674' title='bbox 2562 4217 2679 4271; x_wconf 81' lang='lat' dir='ltr'><strong>haec</strong></span> <span class='ocrx_word' id='word_1_675' title='bbox 2726 4217 2848 4285; x_wconf 91' lang='lat' dir='ltr'><strong>ejus</strong></span> <span class='ocrx_word' id='word_1_676' title='bbox 2898 4215 3047 4270; x_wconf 87' lang='lat' dir='ltr'><strong>dicta</strong></span> <span class='ocrx_word' id='word_1_677' title='bbox 3104 4214 3455 4284; x_wconf 80' lang='lat' dir='ltr'><strong>pugnandum</strong></span> <span class='ocrx_word' id='word_1_678' title='bbox 3504 4213 3638 4266; x_wconf 88' lang='lat' dir='ltr'><strong>mihi</strong></span> 
     </span>
    </p>
   </div>
   <div class='ocr_carea' id='block_1_88' title="bbox 2055 4306 3640 4378">
    <p class='ocr_par' dir='ltr' id='par_1_88' title="bbox 2055 4306 3640 4378">
     <span class='ocr_line' id='line_1_88' title="bbox 2055 4306 3640 4378; baseline -0.006 -9"><span class='ocrx_word' id='word_1_679' title='bbox 2055 4315 2293 4378; x_wconf 90' lang='lat' dir='ltr'><strong>videtur,</strong></span> <span class='ocrx_word' id='word_1_680' title='bbox 2343 4311 2437 4368; x_wconf 88' lang='lat' dir='ltr'><strong>sed</strong></span> <span class='ocrx_word' id='word_1_681' title='bbox 2476 4310 2650 4366; x_wconf 89' lang='lat' dir='ltr'><strong>satius</strong></span> <span class='ocrx_word' id='word_1_682' title='bbox 2680 4308 2937 4365; x_wconf 79' lang='lat' dir='ltr'><strong>existimo</strong></span> <span class='ocrx_word' id='word_1_683' title='bbox 2969 4323 3158 4363; x_wconf 90' lang='lat' dir='ltr'><strong>eorum</strong></span> <span class='ocrx_word' id='word_1_684' title='bbox 3189 4306 3387 4361; x_wconf 83' lang='lat' dir='ltr'><strong>deﬂere</strong></span> <span class='ocrx_word' id='word_1_685' title='bbox 3433 4307 3640 4361; x_wconf 89' lang='lat' dir='ltr'><strong>stolidi-</strong></span> 
     </span>
    </p>
   </div>
   <div class='ocr_carea' id='block_1_89' title="bbox 2056 4401 3640 4476">
    <p class='ocr_par' dir='ltr' id='par_1_89' title="bbox 2056 4401 3640 4476">
     <span class='ocr_line' id='line_1_89' title="bbox 2056 4401 3640 4476; baseline -0.006 -14"><span class='ocrx_word' id='word_1_686' title='bbox 2056 4415 2222 4464; x_wconf 90' lang='lat' dir='ltr'><strong>tatem</strong></span> <span class='ocrx_word' id='word_1_687' title='bbox 2264 4406 2358 4476; x_wconf 91' lang='lat' dir='ltr'><strong>qui</strong></span> <span class='ocrx_word' id='word_1_688' title='bbox 2381 4401 2649 4475; x_wconf 90' lang='lat' dir='ltr'><strong>ejusmodi</strong></span> <span class='ocrx_word' id='word_1_689' title='bbox 2684 4401 3019 4458; x_wconf 88' lang='lat' dir='ltr'><strong>novitatibus</strong></span> <span class='ocrx_word' id='word_1_690' title='bbox 3044 4417 3166 4457; x_wconf 88' lang='lat' dir='ltr'><strong>sese</strong></span> <span class='ocrx_word' id='word_1_691' title='bbox 3198 4401 3393 4455; x_wconf 83' lang='lat' dir='ltr'><strong>abduci</strong></span> <span class='ocrx_word' id='word_1_692' title='bbox 3422 4401 3640 4470; x_wconf 84' lang='lat' dir='ltr'><strong>patiun-</strong></span> 
     </span>
    </p>
   </div>
   <div class='ocr_carea' id='block_1_90' title="bbox 375 4486 1951 4566">
    <p class='ocr_par' dir='ltr' id='par_1_90' title="bbox 375 4491 1951 4565">
     <span class='ocr_line' id='line_1_90' title="bbox 375 4491 1951 4565; baseline -0.001 -16"><span class='ocrx_word' id='word_1_693' title='bbox 375 4494 455 4565; x_wconf 80' lang='grc' dir='ltr'><strong>τῷ</strong></span> <span class='ocrx_word' id='word_1_694' title='bbox 481 4493 710 4565; x_wconf 92' lang='grc' dir='ltr'>στόματι</span> <span class='ocrx_word' id='word_1_695' title='bbox 734 4491 868 4565; x_wconf 75' lang='grc'><strong>(21),</strong></span> <span class='ocrx_word' id='word_1_696' title='bbox 891 4492 985 4546; x_wconf 75' lang='grc' dir='ltr'>καὶ</span> <span class='ocrx_word' id='word_1_697' title='bbox 1029 4495 1096 4564; x_wconf 82' lang='grc' dir='ltr'>τῇ</span> <span class='ocrx_word' id='word_1_698' title='bbox 1124 4493 1266 4565; x_wconf 76' lang='grc' dir='ltr'>χειρὶ</span> <span class='ocrx_word' id='word_1_699' title='bbox 1293 4492 1700 4563; x_wconf 87' lang='grc' dir='ltr'>πηλουργήσας,</span> <span class='ocrx_word' id='word_1_700' title='bbox 1724 4493 1752 4545; x_wconf 94' lang='lat'><strong>6</strong></span> <span class='ocrx_word' id='word_1_701' title='bbox 1786 4492 1951 4562; x_wconf 75' lang='grc' dir='ltr'>ἐμϐα-</span> 
     </span>
    </p>
   </div>
   <div class='ocr_carea' id='block_1_91' title="bbox 2054 4486 3638 4566">
    <p class='ocr_par' dir='ltr' id='par_1_91' title="bbox 2067 4495 3638 4566">
     <span class='ocr_line' id='line_1_91' title="bbox 2067 4495 3638 4566; baseline -0.005 -14"><span class='ocrx_word' id='word_1_702' title='bbox 2067 4508 2174 4552; x_wconf 92' lang='lat' dir='ltr'><strong>tur.</strong></span> <span class='ocrx_word' id='word_1_703' title='bbox 2213 4497 2411 4562; x_wconf 84' lang='lat' dir='ltr'><strong>Homo,</strong></span> <span class='ocrx_word' id='word_1_704' title='bbox 2445 4496 2538 4566; x_wconf 90' lang='lat' dir='ltr'><strong>qui</strong></span> <span class='ocrx_word' id='word_1_705' title='bbox 2573 4495 2859 4552; x_wconf 90' lang='lat' dir='ltr'><strong>nobiscum</strong></span> <span class='ocrx_word' id='word_1_706' title='bbox 2900 4495 3141 4548; x_wconf 86' lang='lat' dir='ltr'><strong>humano</strong></span> <span class='ocrx_word' id='word_1_707' title='bbox 3165 4506 3316 4546; x_wconf 91' lang='lat' dir='ltr'><strong>more</strong></span> <span class='ocrx_word' id='word_1_708' title='bbox 3340 4501 3638 4561; x_wconf 88' lang='lat' dir='ltr'><strong>nostraque</strong></span> 
     </span>
    </p>
   </div>
   <div class='ocr_carea' id='block_1_92' title="bbox 374 4581 1955 4653">
    <p class='ocr_par' dir='ltr' id='par_1_92' title="bbox 374 4581 1955 4653">
     <span class='ocr_line' id='line_1_92' title="bbox 374 4581 1955 4653; baseline 0.001 -16"><span class='ocrx_word' id='word_1_709' title='bbox 374 4583 485 4637; x_wconf 87' lang='grc' dir='ltr'>λὼν</span> <span class='ocrx_word' id='word_1_710' title='bbox 512 4585 639 4647; x_wconf 83' lang='grc' dir='ltr'>τοὺς</span> <span class='ocrx_word' id='word_1_711' title='bbox 665 4583 958 4647; x_wconf 85' lang='grc' dir='ltr'>δακτύλους</span> <span class='ocrx_word' id='word_1_712' title='bbox 988 4583 1047 4635; x_wconf 72' lang='grc' dir='ltr'>ἐν</span> <span class='ocrx_word' id='word_1_713' title='bbox 1082 4585 1202 4646; x_wconf 83' lang='grc' dir='ltr'>ταῖς</span> <span class='ocrx_word' id='word_1_714' title='bbox 1233 4581 1341 4636; x_wconf 88' lang='grc' dir='ltr'><strong>τῶν</strong></span> <span class='ocrx_word' id='word_1_715' title='bbox 1374 4582 1573 4653; x_wconf 85' lang='grc' dir='ltr'>κωφῶν</span> <span class='ocrx_word' id='word_1_716' title='bbox 1605 4583 1814 4647; x_wconf 87' lang='grc' dir='ltr'>ἀκοαῖς,</span> <span class='ocrx_word' id='word_1_717' title='bbox 1860 4586 1955 4639; x_wconf 80' lang='grc' dir='ltr'><strong>καὶ</strong></span> 
     </span>
    </p>
   </div>
   <div class='ocr_carea' id='block_1_93' title="bbox 374 4674 1956 4748">
    <p class='ocr_par' dir='ltr' id='par_1_93' title="bbox 374 4674 1956 4748">
     <span class='ocr_line' id='line_1_93' title="bbox 374 4674 1956 4748; baseline -0.001 -17"><span class='ocrx_word' id='word_1_718' title='bbox 374 4678 485 4731; x_wconf 87' lang='grc' dir='ltr'><strong>τῶν</strong></span> <span class='ocrx_word' id='word_1_719' title='bbox 515 4675 942 4748; x_wconf 73' lang='grc' dir='ltr'>ἀρρωστούντων</span> <span class='ocrx_word' id='word_1_720' title='bbox 964 4692 1024 4728; x_wconf 86' lang='grc' dir='ltr'><strong>τε</strong></span> <span class='ocrx_word' id='word_1_721' title='bbox 1048 4675 1142 4728; x_wconf 74' lang='grc' dir='ltr'>καὶ</span> <span class='ocrx_word' id='word_1_722' title='bbox 1164 4674 1473 4728; x_wconf 87' lang='grc' dir='ltr'>τεθνεώτων</span> <span class='ocrx_word' id='word_1_723' title='bbox 1513 4675 1837 4745; x_wconf 82' lang='grc' dir='ltr'>ἁπτόμενος,</span> <span class='ocrx_word' id='word_1_724' title='bbox 1861 4677 1956 4729; x_wconf 83' lang='grc' dir='ltr'><strong>καὶ</strong></span> 
     </span>
    </p>
   </div>
   <div class='ocr_carea' id='block_1_94' title="bbox 377 4766 1957 4840">
    <p class='ocr_par' dir='ltr' id='par_1_94' title="bbox 377 4766 1957 4840">
     <span class='ocr_line' id='line_1_94' title="bbox 377 4766 1957 4840; baseline 0 -17"><span class='ocrx_word' id='word_1_725' title='bbox 377 4769 533 4840; x_wconf 77' lang='grc' dir='ltr'>ὕπνῳ</span> <span class='ocrx_word' id='word_1_726' title='bbox 583 4769 678 4822; x_wconf 78' lang='grc' dir='ltr'><strong>καὶ</strong></span> <span class='ocrx_word' id='word_1_727' title='bbox 728 4767 965 4839; x_wconf 75' lang='grc' dir='ltr'>καθέδρᾳ</span> <span class='ocrx_word' id='word_1_728' title='bbox 1009 4766 1304 4821; x_wconf 87' lang='grc' dir='ltr'>ἀναπαύων</span> <span class='ocrx_word' id='word_1_729' title='bbox 1345 4768 1459 4837; x_wconf 67' lang='grc'><strong>(22)</strong></span> <span class='ocrx_word' id='word_1_730' title='bbox 1503 4767 1595 4821; x_wconf 82' lang='grc' dir='ltr'><strong>τὸν</strong></span> <span class='ocrx_word' id='word_1_731' title='bbox 1625 4769 1811 4836; x_wconf 89' lang='grc' dir='ltr'>κόπον,</span> <span class='ocrx_word' id='word_1_732' title='bbox 1862 4770 1957 4823; x_wconf 77' lang='grc' dir='ltr'>καὶ</span> 
     </span>
    </p>
   </div>
   <div class='ocr_carea' id='block_1_95' title="bbox 374 4858 1956 4934">
    <p class='ocr_par' dir='ltr' id='par_1_95' title="bbox 374 4858 1956 4934">
     <span class='ocr_line' id='line_1_95' title="bbox 374 4858 1956 4934; baseline -0.001 -17"><span class='ocrx_word' id='word_1_733' title='bbox 374 4860 649 4934; x_wconf 82' lang='grc' dir='ltr'>δακρύων,</span> <span class='ocrx_word' id='word_1_734' title='bbox 681 4860 776 4915; x_wconf 80' lang='grc' dir='ltr'>καὶ</span> <span class='ocrx_word' id='word_1_735' title='bbox 804 4858 1111 4931; x_wconf 86' lang='grc' dir='ltr'>ἀδημονῶν,</span> <span class='ocrx_word' id='word_1_736' title='bbox 1145 4861 1239 4913; x_wconf 76' lang='grc' dir='ltr'><strong>καὶ</strong></span> <span class='ocrx_word' id='word_1_737' title='bbox 1260 4859 1616 4931; x_wconf 89' lang='grc' dir='ltr'>λυπούμενος,</span> <span class='ocrx_word' id='word_1_738' title='bbox 1645 4863 1740 4916; x_wconf 73' lang='grc' dir='ltr'><strong>καὶ</strong></span> <span class='ocrx_word' id='word_1_739' title='bbox 1766 4862 1956 4927; x_wconf 85' lang='grc' dir='ltr'>πείνας</span> 
     </span>
    </p>
   </div>
   <div class='ocr_carea' id='block_1_96' title="bbox 376 4950 1956 5027">
    <p class='ocr_par' dir='ltr' id='par_1_96' title="bbox 376 4950 1956 5027">
     <span class='ocr_line' id='line_1_96' title="bbox 376 4950 1956 5027; baseline 0.001 -20"><span class='ocrx_word' id='word_1_740' title='bbox 376 4952 632 5024; x_wconf 83' lang='grc' dir='ltr'>αἴσθησιν</span> <span class='ocrx_word' id='word_1_741' title='bbox 682 4951 841 5021; x_wconf 76' lang='grc' dir='ltr'>ἔχων,</span> <span class='ocrx_word' id='word_1_742' title='bbox 868 4951 962 5004; x_wconf 77' lang='grc' dir='ltr'>καὶ</span> <span class='ocrx_word' id='word_1_743' title='bbox 1006 4950 1210 5023; x_wconf 80' lang='grc' dir='ltr'>τροφὴν</span> <span class='ocrx_word' id='word_1_744' title='bbox 1246 4954 1621 5024; x_wconf 84' lang='grc' dir='ltr'>προσιέμενος,</span> <span class='ocrx_word' id='word_1_745' title='bbox 1675 4955 1769 5008; x_wconf 76' lang='grc' dir='ltr'><strong>καὶ</strong></span> <span class='ocrx_word' id='word_1_746' title='bbox 1813 4955 1956 5027; x_wconf 79' lang='grc' dir='ltr'>ὕδωρ</span> 
     </span>
    </p>
   </div>
   <div class='ocr_carea' id='block_1_97' title="bbox 377 5040 1958 5118">
    <p class='ocr_par' dir='ltr' id='par_1_97' title="bbox 377 5040 1958 5118">
     <span class='ocr_line' id='line_1_97' title="bbox 377 5040 1958 5118; baseline 0.001 -20"><span class='ocrx_word' id='word_1_747' title='bbox 377 5045 543 5099; x_wconf 86' lang='grc' dir='ltr'>αἰτῶν</span> <span class='ocrx_word' id='word_1_748' title='bbox 562 5061 578 5077; x_wconf 85' lang='grc'><strong>·</strong></span> <span class='ocrx_word' id='word_1_749' title='bbox 618 5040 772 5108; x_wconf 76' lang='grc' dir='ltr'>οὗτος</span> <span class='ocrx_word' id='word_1_750' title='bbox 802 5043 921 5097; x_wconf 88' lang='grc' dir='ltr'>κατ’</span> <span class='ocrx_word' id='word_1_751' title='bbox 954 5043 1086 5097; x_wconf 81' lang='grc' dir='ltr'>αὐτὸ</span> <span class='ocrx_word' id='word_1_752' title='bbox 1110 5043 1172 5096; x_wconf 79' lang='grc' dir='ltr'><strong>τὸ</strong></span> <span class='ocrx_word' id='word_1_753' title='bbox 1206 5044 1483 5115; x_wconf 87' lang='grc' dir='ltr'>σαρκῶδές</span> <span class='ocrx_word' id='word_1_754' title='bbox 1510 5062 1569 5098; x_wconf 90' lang='grc' dir='ltr'><strong>τε</strong></span> <span class='ocrx_word' id='word_1_755' title='bbox 1614 5046 1708 5100; x_wconf 77' lang='grc' dir='ltr'><strong>καὶ</strong></span> <span class='ocrx_word' id='word_1_756' title='bbox 1750 5046 1958 5118; x_wconf 84' lang='grc' dir='ltr'>ἀνθρώ-</span> 
     </span>
    </p>
   </div>
   <div class='ocr_carea' id='block_1_98' title="bbox 378 5135 1957 5207">
    <p class='ocr_par' dir='ltr' id='par_1_98' title="bbox 378 5135 1957 5207">
     <span class='ocr_line' id='line_1_98' title="bbox 378 5135 1957 5207; baseline 0.002 -18"><span class='ocrx_word' id='word_1_757' title='bbox 378 5154 554 5201; x_wconf 87' lang='grc' dir='ltr'>πινον,</span> <span class='ocrx_word' id='word_1_758' title='bbox 582 5138 682 5207; x_wconf 82' lang='grc' dir='ltr'><strong>τῆς</strong></span> <span class='ocrx_word' id='word_1_759' title='bbox 714 5136 824 5190; x_wconf 91' lang='grc' dir='ltr'><strong>τῶν</strong></span> <span class='ocrx_word' id='word_1_760' title='bbox 847 5135 1016 5189; x_wconf 76' lang='grc' dir='ltr'>όντων</span> <span class='ocrx_word' id='word_1_761' title='bbox 1058 5140 1459 5207; x_wconf 86' lang='grc' dir='ltr'>προεπινοεῖται</span> <span class='ocrx_word' id='word_1_762' title='bbox 1501 5137 1831 5204; x_wconf 84' lang='grc' dir='ltr'>συστάσεως,</span> <span class='ocrx_word' id='word_1_763' title='bbox 1864 5140 1957 5192; x_wconf 75' lang='grc' dir='ltr'><strong>καὶ</strong></span> 
     </span>
    </p>
   </div>
   <div class='ocr_carea' id='block_1_99' title="bbox 378 5226 1955 5302">
    <p class='ocr_par' dir='ltr' id='par_1_99' title="bbox 378 5226 1955 5302">
     <span class='ocr_line' id='line_1_99' title="bbox 378 5226 1955 5302; baseline 0.003 -24"><span class='ocrx_word' id='word_1_764' title='bbox 378 5226 509 5291; x_wconf 80' lang='grc' dir='ltr'>Θεὸς</span> <span class='ocrx_word' id='word_1_765' title='bbox 540 5230 575 5297; x_wconf 86' lang='grc' dir='ltr'>ὴ</span> <span class='ocrx_word' id='word_1_766' title='bbox 603 5227 802 5298; x_wconf 80' lang='grc' dir='ltr'>σαρκὸς</span> <span class='ocrx_word' id='word_1_767' title='bbox 836 5226 996 5297; x_wconf 83' lang='grc' dir='ltr'>φύσις</span> <span class='ocrx_word' id='word_1_768' title='bbox 1018 5226 1233 5294; x_wconf 88' lang='grc' dir='ltr'>λέγεται</span> <span class='ocrx_word' id='word_1_769' title='bbox 1264 5228 1297 5297; x_wconf 85' lang='grc' dir='ltr'>ή</span> <span class='ocrx_word' id='word_1_770' title='bbox 1332 5226 1604 5293; x_wconf 81' lang='grc' dir='ltr'>σύνθετος,</span> <span class='ocrx_word' id='word_1_771' title='bbox 1632 5230 1727 5283; x_wconf 72' lang='grc' dir='ltr'>καὶ</span> <span class='ocrx_word' id='word_1_772' title='bbox 1753 5228 1955 5302; x_wconf 71' lang='grc' dir='ltr'>στερρὰ</span> 
     </span>
    </p>
   </div>
   <div class='ocr_carea' id='block_1_100' title="bbox 380 5319 1955 5391">
    <p class='ocr_par' dir='ltr' id='par_1_100' title="bbox 380 5319 1955 5391">
     <span class='ocr_line' id='line_1_100' title="bbox 380 5319 1955 5391; baseline 0.003 -20"><span class='ocrx_word' id='word_1_773' title='bbox 380 5325 474 5372; x_wconf 75' lang='grc' dir='ltr'><strong>καὶ</strong></span> <span class='ocrx_word' id='word_1_774' title='bbox 517 5321 842 5388; x_wconf 86' lang='grc' dir='ltr'>ἀντίτυπος;</span> <span class='ocrx_word' id='word_1_775' title='bbox 906 5319 1328 5391; x_wconf 79' lang='grc' dir='ltr'>Ἐπιφραξάσθω</span> <span class='ocrx_word' id='word_1_776' title='bbox 1374 5322 1524 5375; x_wconf 76' lang='grc' dir='ltr'>πᾶσα</span> <span class='ocrx_word' id='word_1_777' title='bbox 1561 5322 1669 5377; x_wconf 88' lang='grc' dir='ltr'><strong>τῶν</strong></span> <span class='ocrx_word' id='word_1_778' title='bbox 1717 5322 1955 5377; x_wconf 77' lang='grc' dir='ltr'>εὐσεϐῶν</span> 
     </span>
    </p>
   </div>
   <div class='ocr_carea' id='block_1_101' title="bbox 451 5501 1387 5569">
    <p class='ocr_par' dir='ltr' id='par_1_101' title="bbox 451 5501 1387 5569">
     <span class='ocr_line' id='line_1_101' title="bbox 451 5501 1387 5569; baseline 0.007 -15"><span class='ocrx_word' id='word_1_779' title='bbox 451 5503 497 5535; x_wconf 76' lang='grc'><strong>⁵⁸</strong></span> <span class='ocrx_word' id='word_1_780' title='bbox 532 5501 697 5557; x_wconf 89' lang='lat' dir='ltr'><strong>Zaeh.</strong></span> <span class='ocrx_word' id='word_1_781' title='bbox 731 5519 850 5568; x_wconf 80' lang='lat' dir='ltr'><strong>sm,</strong></span> <span class='ocrx_word' id='word_1_782' title='bbox 877 5504 933 5559; x_wconf 84' lang='lat'><strong>7.</strong></span> <span class='ocrx_word' id='word_1_783' title='bbox 1004 5506 1051 5538; x_wconf 81' lang='grc'>⁸⁸</span> <span class='ocrx_word' id='word_1_784' title='bbox 1075 5503 1237 5560; x_wconf 85' lang='lat' dir='ltr'><strong>Hebr.</strong></span> <span class='ocrx_word' id='word_1_785' title='bbox 1263 5520 1301 5569; x_wconf 87' lang='grc' dir='ltr'><strong>ι,</strong></span> <span class='ocrx_word' id='word_1_786' title='bbox 1336 5504 1387 5562; x_wconf 85' lang='grc'><strong>1.</strong></span> 
     </span>
    </p>
   </div>
   <div class='ocr_carea' id='block_1_102' title="bbox 456 5657 1002 5729">
    <p class='ocr_par' dir='ltr' id='par_1_102' title="bbox 456 5657 1002 5729">
     <span class='ocr_line' id='line_1_102' title="bbox 456 5657 1002 5729; baseline 0.011 -20"><span class='ocrx_word' id='word_1_787' title='bbox 456 5657 504 5722; x_wconf 78' lang='grc'><strong>(1</strong></span> <span class='ocrx_word' id='word_1_788' title='bbox 594 5658 751 5714; x_wconf 85' lang='lat' dir='ltr'><strong>Corr.</strong></span> <span class='ocrx_word' id='word_1_789' title='bbox 790 5661 1002 5715; x_wconf 83' lang='grc' dir='ltr'>τοῦτον.</span> 
     </span>
    </p>
   </div>
   <div class='ocr_carea' id='block_1_103' title="bbox 458 5727 1277 5801">
    <p class='ocr_par' dir='ltr' id='par_1_103' title="bbox 458 5727 1277 5801">
     <span class='ocr_line' id='line_1_103' title="bbox 458 5727 1277 5801; baseline 0.01 -23"><span class='ocrx_word' id='word_1_790' title='bbox 458 5727 568 5801; x_wconf 63' lang='grc'><strong>(18)</strong></span> <span class='ocrx_word' id='word_1_791' title='bbox 596 5729 753 5801; x_wconf 70' lang='lat' dir='ltr'><strong>Qorr.</strong></span> <span class='ocrx_word' id='word_1_792' title='bbox 794 5732 970 5801; x_wconf 75' lang='grc' dir='ltr'>ῥᾴδιον</span> <span class='ocrx_word' id='word_1_793' title='bbox 999 5727 1137 5785; x_wconf 76' lang='grc' dir='ltr'>εἶναι</span> <span class='ocrx_word' id='word_1_794' title='bbox 1168 5732 1277 5786; x_wconf 84' lang='grc' dir='ltr'>καί.</span> 
     </span>
    </p>
   </div>
   <div class='ocr_carea' id='block_1_104' title="bbox 457 5799 1151 5866">
    <p class='ocr_par' dir='ltr' id='par_1_104' title="bbox 457 5799 1151 5866">
     <span class='ocr_line' id='line_1_104' title="bbox 457 5799 1151 5866; baseline -0.003 -9"><span class='ocrx_word' id='word_1_795' title='bbox 457 5799 759 5861; x_wconf 66' lang='grc' dir='ltr'>ίιωᾸίοιτ.</span> <span class='ocrx_word' id='word_1_796' title='bbox 790 5799 818 5853; x_wconf 85' lang='lat'><strong>6</strong></span> <span class='ocrx_word' id='word_1_797' title='bbox 837 5799 1151 5866; x_wconf 64' lang='grc' dir='ltr'>ἄνθρωπος.</span> 
     </span>
    </p>
   </div>
   <div class='ocr_carea' id='block_1_105' title="bbox 2059 4583 3636 4660">
    <p class='ocr_par' dir='ltr' id='par_1_105' title="bbox 2059 4583 3636 4660">
     <span class='ocr_line' id='line_1_105' title="bbox 2059 4583 3636 4660; baseline -0.006 -15"><span class='ocrx_word' id='word_1_798' title='bbox 2059 4605 2192 4645; x_wconf 88' lang='lat' dir='ltr'><strong>voce</strong></span> <span class='ocrx_word' id='word_1_799' title='bbox 2222 4589 2492 4660; x_wconf 89' lang='lat' dir='ltr'><strong>loquitur,</strong></span> <span class='ocrx_word' id='word_1_800' title='bbox 2522 4586 2618 4658; x_wconf 90' lang='lat' dir='ltr'><strong>qui</strong></span> <span class='ocrx_word' id='word_1_801' title='bbox 2638 4603 2735 4643; x_wconf 85' lang='lat' dir='ltr'><strong>ore</strong></span> <span class='ocrx_word' id='word_1_802' title='bbox 2757 4586 2979 4658; x_wconf 69' lang='lat' dir='ltr'><strong>eXSpuit</strong></span> <span class='ocrx_word' id='word_1_803' title='bbox 3004 4594 3058 4639; x_wconf 91' lang='lat' dir='ltr'><strong>et</strong></span> <span class='ocrx_word' id='word_1_804' title='bbox 3088 4600 3253 4638; x_wconf 91' lang='lat' dir='ltr'><strong>manu</strong></span> <span class='ocrx_word' id='word_1_805' title='bbox 3282 4584 3453 4637; x_wconf 91' lang='lat' dir='ltr'><strong>lutum</strong></span> <span class='ocrx_word' id='word_1_806' title='bbox 3485 4583 3636 4651; x_wconf 90' lang='lat' dir='ltr'><strong>facit,</strong></span> 
     </span>
    </p>
   </div>
   <div class='ocr_carea' id='block_1_106' title="bbox 2059 4676 3638 4752">
    <p class='ocr_par' dir='ltr' id='par_1_106' title="bbox 2059 4676 3638 4752">
     <span class='ocr_line' id='line_1_106' title="bbox 2059 4676 3638 4752; baseline -0.003 -17"><span class='ocrx_word' id='word_1_807' title='bbox 2059 4682 2152 4752; x_wconf 88' lang='lat' dir='ltr'><strong>qui</strong></span> <span class='ocrx_word' id='word_1_808' title='bbox 2205 4680 2403 4751; x_wconf 85' lang='lat' dir='ltr'><strong>digitos</strong></span> <span class='ocrx_word' id='word_1_809' title='bbox 2454 4679 2509 4734; x_wconf 88' lang='lat' dir='ltr'><strong>in</strong></span> <span class='ocrx_word' id='word_1_810' title='bbox 2554 4678 2846 4734; x_wconf 90' lang='lat' dir='ltr'><strong>surdorum</strong></span> <span class='ocrx_word' id='word_1_811' title='bbox 2878 4693 3038 4732; x_wconf 89' lang='lat' dir='ltr'><strong>aures</strong></span> <span class='ocrx_word' id='word_1_812' title='bbox 3067 4676 3251 4739; x_wconf 89' lang='lat' dir='ltr'><strong>infert,</strong></span> <span class='ocrx_word' id='word_1_813' title='bbox 3283 4676 3373 4745; x_wconf 88' lang='lat' dir='ltr'><strong>qui</strong></span> <span class='ocrx_word' id='word_1_814' title='bbox 3404 4683 3638 4745; x_wconf 62' lang='lat' dir='ltr'><strong>mgrotos</strong></span> 
     </span>
    </p>
   </div>
   <div class='ocr_carea' id='block_1_107' title="bbox 2058 4768 3636 4843">
    <p class='ocr_par' dir='ltr' id='par_1_107' title="bbox 2058 4768 3636 4843">
     <span class='ocr_line' id='line_1_107' title="bbox 2058 4768 3636 4843; baseline -0.008 -12"><span class='ocrx_word' id='word_1_815' title='bbox 2058 4786 2113 4831; x_wconf 90' lang='lat' dir='ltr'><strong>et</strong></span> <span class='ocrx_word' id='word_1_816' title='bbox 2156 4783 2402 4830; x_wconf 82' lang='lat' dir='ltr'><strong>mortuos</strong></span> <span class='ocrx_word' id='word_1_817' title='bbox 2447 4773 2640 4843; x_wconf 77' lang='lat' dir='ltr'><strong>tangit,</strong></span> <span class='ocrx_word' id='word_1_818' title='bbox 2676 4772 2771 4842; x_wconf 86' lang='lat' dir='ltr'><strong>qui</strong></span> <span class='ocrx_word' id='word_1_819' title='bbox 2830 4784 3025 4825; x_wconf 90' lang='lat' dir='ltr'><strong>somno</strong></span> <span class='ocrx_word' id='word_1_820' title='bbox 3065 4777 3119 4823; x_wconf 90' lang='lat' dir='ltr'><strong>et</strong></span> <span class='ocrx_word' id='word_1_821' title='bbox 3174 4768 3422 4823; x_wconf 87' lang='lat' dir='ltr'><strong>sessione</strong></span> <span class='ocrx_word' id='word_1_822' title='bbox 3471 4782 3500 4820; x_wconf 91' lang='lat' dir='ltr'><strong>a</strong></span> <span class='ocrx_word' id='word_1_823' title='bbox 3550 4768 3636 4820; x_wconf 89' lang='lat' dir='ltr'><strong>la-</strong></span> 
     </span>
    </p>
   </div>
   <div class='ocr_carea' id='block_1_108' title="bbox 2057 4858 3637 4934">
    <p class='ocr_par' dir='ltr' id='par_1_108' title="bbox 2057 4858 3637 4934">
     <span class='ocr_line' id='line_1_108' title="bbox 2057 4858 3637 4934; baseline -0.007 -13"><span class='ocrx_word' id='word_1_824' title='bbox 2057 4866 2192 4921; x_wconf 91' lang='lat' dir='ltr'><strong>bore</strong></span> <span class='ocrx_word' id='word_1_825' title='bbox 2250 4864 2571 4934; x_wconf 88' lang='lat' dir='ltr'><strong>requiescit,</strong></span> <span class='ocrx_word' id='word_1_826' title='bbox 2625 4862 2717 4931; x_wconf 92' lang='lat' dir='ltr'><strong>qui</strong></span> <span class='ocrx_word' id='word_1_827' title='bbox 2756 4861 3108 4927; x_wconf 88' lang='lat' dir='ltr'><strong>lacrymatur,</strong></span> <span class='ocrx_word' id='word_1_828' title='bbox 3145 4858 3239 4928; x_wconf 91' lang='lat' dir='ltr'><strong>qui</strong></span> <span class='ocrx_word' id='word_1_829' title='bbox 3294 4871 3526 4912; x_wconf 68' lang='lat' dir='ltr'><strong>mmrore</strong></span> <span class='ocrx_word' id='word_1_830' title='bbox 3581 4864 3637 4911; x_wconf 90' lang='lat' dir='ltr'><strong>ct</strong></span> 
     </span>
    </p>
   </div>
   <div class='ocr_carea' id='block_1_109' title="bbox 2064 4950 3638 5025">
    <p class='ocr_par' dir='ltr' id='par_1_109' title="bbox 2064 4950 3638 5025">
     <span class='ocr_line' id='line_1_109' title="bbox 2064 4950 3638 5025; baseline -0.007 -12"><span class='ocrx_word' id='word_1_831' title='bbox 2064 4959 2287 5015; x_wconf 89' lang='lat' dir='ltr'><strong>tristitia</strong></span> <span class='ocrx_word' id='word_1_832' title='bbox 2326 4958 2581 5019; x_wconf 76' lang='lat' dir='ltr'><strong>afficitur,</strong></span> <span class='ocrx_word' id='word_1_833' title='bbox 2627 4954 2721 5025; x_wconf 94' lang='lat' dir='ltr'><strong>qui</strong></span> <span class='ocrx_word' id='word_1_834' title='bbox 2777 4954 2919 5007; x_wconf 88' lang='lat' dir='ltr'><strong>fame</strong></span> <span class='ocrx_word' id='word_1_835' title='bbox 2952 4952 3163 5008; x_wconf 87' lang='lat' dir='ltr'><strong>laborat</strong></span> <span class='ocrx_word' id='word_1_836' title='bbox 3213 4950 3506 5019; x_wconf 90' lang='lat' dir='ltr'><strong>cibumque</strong></span> <span class='ocrx_word' id='word_1_837' title='bbox 3537 4964 3638 5018; x_wconf 82' lang='lat' dir='ltr'><strong>ap-</strong></span> 
     </span>
    </p>
   </div>
   <div class='ocr_carea' id='block_1_110' title="bbox 2066 5038 3637 5122">
    <p class='ocr_par' dir='ltr' id='par_1_110' title="bbox 2066 5038 3637 5122">
     <span class='ocr_line' id='line_1_110' title="bbox 2066 5038 3637 5122; baseline -0.01 -15"><span class='ocrx_word' id='word_1_838' title='bbox 2066 5052 2222 5122; x_wconf 90' lang='lat' dir='ltr'><strong>petit,</strong></span> <span class='ocrx_word' id='word_1_839' title='bbox 2265 5061 2319 5105; x_wconf 91' lang='lat' dir='ltr'><strong>et</strong></span> <span class='ocrx_word' id='word_1_840' title='bbox 2366 5063 2565 5118; x_wconf 87' lang='lat' dir='ltr'><strong>aquam</strong></span> <span class='ocrx_word' id='word_1_841' title='bbox 2619 5044 2837 5116; x_wconf 87' lang='lat' dir='ltr'><strong>poscit;</strong></span> <span class='ocrx_word' id='word_1_842' title='bbox 2880 5043 3042 5097; x_wconf 90' lang='lat' dir='ltr'><strong>homo</strong></span> <span class='ocrx_word' id='word_1_843' title='bbox 3085 5042 3209 5107; x_wconf 87' lang='lat' dir='ltr'><strong>iste,</strong></span> <span class='ocrx_word' id='word_1_844' title='bbox 3244 5049 3507 5111; x_wconf 89' lang='lat' dir='ltr'><strong>quantum</strong></span> <span class='ocrx_word' id='word_1_845' title='bbox 3569 5038 3637 5092; x_wconf 89' lang='lat' dir='ltr'><strong>ad</strong></span> 
     </span>
    </p>
   </div>
   <div class='ocr_carea' id='block_1_111' title="bbox 2064 5133 3639 5214">
    <p class='ocr_par' dir='ltr' id='par_1_111' title="bbox 2064 5133 3639 5214">
     <span class='ocr_line' id='line_1_111' title="bbox 2064 5133 3639 5214; baseline -0.011 -15"><span class='ocrx_word' id='word_1_846' title='bbox 2064 5146 2239 5214; x_wconf 88' lang='lat' dir='ltr'><strong>ipsam</strong></span> <span class='ocrx_word' id='word_1_847' title='bbox 2271 5156 2491 5196; x_wconf 88' lang='lat' dir='ltr'><strong>carnem</strong></span> <span class='ocrx_word' id='word_1_848' title='bbox 2521 5145 2575 5193; x_wconf 89' lang='lat' dir='ltr'><strong>et</strong></span> <span class='ocrx_word' id='word_1_849' title='bbox 2611 5137 3009 5192; x_wconf 89' lang='lat' dir='ltr'><strong>humanitatem</strong></span> <span class='ocrx_word' id='word_1_850' title='bbox 3047 5135 3300 5204; x_wconf 83' lang='lat' dir='ltr'><strong>pertinet,</strong></span> <span class='ocrx_word' id='word_1_851' title='bbox 3332 5133 3482 5203; x_wconf 89' lang='lat' dir='ltr'><strong>prior</strong></span> <span class='ocrx_word' id='word_1_852' title='bbox 3520 5146 3639 5185; x_wconf 90' lang='lat' dir='ltr'><strong>0m-</strong></span> 
     </span>
    </p>
   </div>
   <div class='ocr_carea' id='block_1_112' title="bbox 2062 5224 3639 5296">
    <p class='ocr_par' dir='ltr' id='par_1_112' title="bbox 2062 5224 3639 5296">
     <span class='ocr_line' id='line_1_112' title="bbox 2062 5224 3639 5296; baseline -0.008 -6"><span class='ocrx_word' id='word_1_853' title='bbox 2062 5236 2214 5290; x_wconf 90' lang='lat' dir='ltr'><strong>nium</strong></span> <span class='ocrx_word' id='word_1_854' title='bbox 2273 5250 2453 5288; x_wconf 91' lang='lat' dir='ltr'><strong>rerum</strong></span> <span class='ocrx_word' id='word_1_855' title='bbox 2508 5230 2788 5285; x_wconf 86' lang='lat' dir='ltr'><strong>creatione</strong></span> <span class='ocrx_word' id='word_1_856' title='bbox 2829 5242 2953 5283; x_wconf 88' lang='lat' dir='ltr'><strong>esse</strong></span> <span class='ocrx_word' id='word_1_857' title='bbox 3000 5226 3346 5296; x_wconf 82' lang='lat' dir='ltr'><strong>intelligitur,</strong></span> <span class='ocrx_word' id='word_1_858' title='bbox 3387 5224 3639 5292; x_wconf 78' lang='lat' dir='ltr'><strong>Deusque</strong></span> 
     </span>
    </p>
   </div>
   <div class='ocr_carea' id='block_1_113' title="bbox 2063 5316 3635 5394">
    <p class='ocr_par' dir='ltr' id='par_1_113' title="bbox 2063 5316 3635 5394">
     <span class='ocr_line' id='line_1_113' title="bbox 2063 5316 3635 5394; baseline -0.01 -11"><span class='ocrx_word' id='word_1_859' title='bbox 2063 5329 2268 5383; x_wconf 90' lang='lat' dir='ltr'><strong>dicitur</strong></span> <span class='ocrx_word' id='word_1_860' title='bbox 2295 5325 2479 5381; x_wconf 85' lang='lat' dir='ltr'><strong>carnis</strong></span> <span class='ocrx_word' id='word_1_861' title='bbox 2504 5332 2723 5387; x_wconf 90' lang='lat' dir='ltr'><strong>natura,</strong></span> <span class='ocrx_word' id='word_1_862' title='bbox 2755 5338 2877 5394; x_wconf 75' lang='lat' dir='ltr'><strong>quae</strong></span> <span class='ocrx_word' id='word_1_863' title='bbox 2903 5326 3208 5390; x_wconf 86' lang='lat' dir='ltr'><strong>composita</strong></span> <span class='ocrx_word' id='word_1_864' title='bbox 3244 5333 3307 5373; x_wconf 92' lang='lat' dir='ltr'><strong>ac</strong></span> <span class='ocrx_word' id='word_1_865' title='bbox 3336 5316 3509 5373; x_wconf 89' lang='lat' dir='ltr'><strong>solida</strong></span> <span class='ocrx_word' id='word_1_866' title='bbox 3530 5321 3635 5378; x_wconf 90' lang='lat' dir='ltr'><strong>est,</strong></span> 
     </span>
    </p>
   </div>
   <div class='ocr_carea' id='block_1_114' title="bbox 2139 5657 2816 5730">
    <p class='ocr_par' dir='ltr' id='par_1_114' title="bbox 2139 5657 2816 5730">
     <span class='ocr_line' id='line_1_114' title="bbox 2139 5657 2816 5730; baseline -0.003 -16"><span class='ocrx_word' id='word_1_867' title='bbox 2139 5658 2253 5730; x_wconf 68' lang='lat'><strong>(90)</strong></span> <span class='ocrx_word' id='word_1_868' title='bbox 2281 5657 2436 5713; x_wconf 91' lang='lat' dir='ltr'><strong>Corr.</strong></span> <span class='ocrx_word' id='word_1_869' title='bbox 2462 5659 2816 5726; x_wconf 87' lang='grc' dir='ltr'>κενοφωνίαν.</span> 
     </span>
    </p>
   </div>
   <div class='ocr_carea' id='block_1_115' title="bbox 2136 5728 3003 5800">
    <p class='ocr_par' dir='ltr' id='par_1_115' title="bbox 2136 5728 3003 5800">
     <span class='ocr_line' id='line_1_115' title="bbox 2136 5728 3003 5800; baseline 0.002 -17"><span class='ocrx_word' id='word_1_870' title='bbox 2136 5728 2250 5800; x_wconf 73' lang='grc'><strong>(21)</strong></span> <span class='ocrx_word' id='word_1_871' title='bbox 2270 5730 2345 5784; x_wconf 88' lang='lat' dir='ltr'><strong>Ita</strong></span> <span class='ocrx_word' id='word_1_872' title='bbox 2372 5743 2542 5800; x_wconf 54' lang='lat' dir='ltr'><strong>conp,</strong></span> <span class='ocrx_word' id='word_1_873' title='bbox 2579 5742 2735 5800; x_wconf 83' lang='lat' dir='ltr'><strong>antea</strong></span> <span class='ocrx_word' id='word_1_874' title='bbox 2768 5728 3003 5800; x_wconf 83' lang='grc' dir='ltr'>σώματι.</span> 
     </span>
    </p>
   </div>
   <div class='ocr_carea' id='block_1_116' title="bbox 2136 5798 2877 5877">
    <p class='ocr_par' dir='ltr' id='par_1_116' title="bbox 2136 5798 2877 5877">
     <span class='ocr_line' id='line_1_116' title="bbox 2136 5798 2877 5877; baseline 0 -22"><span class='ocrx_word' id='word_1_875' title='bbox 2136 5798 2250 5877; x_wconf 70' lang='grc'><strong>(22)</strong></span> <span class='ocrx_word' id='word_1_876' title='bbox 2288 5801 2443 5857; x_wconf 89' lang='lat' dir='ltr'><strong>Corr.</strong></span> <span class='ocrx_word' id='word_1_877' title='bbox 2473 5798 2830 5856; x_wconf 83' lang='grc' dir='ltr'>διαναπαύων.</span> <span class='ocrx_word' id='word_1_878' title='bbox 2871 5798 2877 5804; x_wconf 84' lang='grc'><em>’</em></span> 
     </span>
    </p>
   </div>
  </div>
