4146 6386
525 358 664 416 £159

1763 350 1822 407 S.
1862 349 2191 409 GREGORII
2231 349 2524 413 NYSSENI

3650 343 3790 395 Ηϋυ

525 474 808 543 tactuique
843 468 1136 527 renititur?
1164 467 1537 524 Obstruamur
1585 466 1828 521 omnium
1870 467 1961 536 pie
1990 481 2112 520 cre-

2236 468 2387 537 ικοή·
2443 465 2578 537 μηδὲ
2629 462 2912 536 μολυνθείη
2963 460 3029 513 τὰ
3078 459 3216 523 θεῖα,
3261 460 3354 510 καὶ
3402 458 3651 529 ἀκήρατα
3702 458 3792 509 δό-

525 565 775 621 dentium
802 578 985 628 aures,
1012 576 1191 631 neque
1213 560 1400 614 divina
1424 567 1479 613 et
1506 559 1824 627 incorrupta
1856 557 2108 626 dogmata

530 657 601 713 ab
650 657 734 712 his
784 655 1057 710 tradentur
1107 652 1202 723 qui
1253 653 1564 722 petulanter
1605 650 1756 713 elati,
1807 640 2110 703 carnalium

535 749 888 806 aﬂectionum
917 747 1201 802 attributis
1223 744 1568 799 divinitatem
1593 740 1947 797 dedecorant.
1977 740 2113 805 Quis

530 844 679 899 enim
723 841 941 910 ignorat
973 837 1139 891 Deum
1175 835 1266 907 qui
1300 835 1356 888 in
1400 848 1568 889 carne
1598 831 1760 885 nobis
1790 831 2113 885 manifesta—

533 945 623 988 tus
672 941 781 991 est.
832 932 989 1000 juxta
1040 930 1143 999 pia:
1201 927 1422 996 quidem
1480 923 1795 980 traditionis
1846 924 2114 977 rationem

533 1027 946 1093 incorporeum,
1002 1019 1358 1083 invisibiletn,
1430 1016 1756 1085 simplicem,
1819 1014 2115 1080 inlinitum,

534 1133 648 1173 non
693 1113 1175 1182 circumscriptum
1210 1119 1265 1165 et
1310 1108 1485 1164 fuisse
1520 1122 1737 1177 semper
1778 1116 1833 1161 et
1859 1122 2005 1172 esse,
2054 1121 2119 1160 ac

536 1209 739 1279 ubique
759 1207 1048 1270 exsistere,
1075 1211 1129 1257 et
1151 1207 1337 1256 creata
1364 1206 1565 1253 cuncta
1607 1198 1927 1269 pervadere,
1964 1198 2117 1266 juxta

528 1302 597 1356 id
631 1314 763 1355 vero
784 1297 930 1369 quod
958 1295 1275 1366 apparebat,
1302 1302 1361 1347 ut
1401 1293 1582 1347 caeteri
1618 1292 1866 1346 homines
1891 1304 2120 1359 corpore

531 1393 999 1461 circumscriptus
1017 1387 1496 1459 conspiciebatur?
1524 1385 1723 1455 Quippe
1746 1384 2117 1439 necessarium

532 1502 772 1559 prorsus
822 1490 906 1539 est
963 1497 1124 1536 omne
1156 1495 1357 1549 corpus
1392 1478 1681 1547 superﬁcie
1714 1475 1951 1546 quadam
1985 1490 2121 1528 con—

538 1577 727 1633 tineri.
767 1575 891 1629 Ilaec
911 1575 1100 1642 itaque
1126 1569 1447 1641 superﬁcies
1478 1570 1727 1638 corporis
1759 1570 1812 1621 in
1846 1567 1963 1637 ipsa
1990 1582 2121 1621 con-

541 1669 677 1724 tenti
731 1666 1003 1721 terminus
1055 1672 1180 1729 est;
1241 1658 1509 1730 quidquid
1571 1669 1756 1713 autem
1820 1658 2005 1727 aliqua
2065 1672 2124 1712 re

540 1758 871 1813 terminatur
897 1753 1119 1809 delinita
1147 1751 1383 1821 quadam
1408 1750 1714 1819 quantitate
1740 1748 2119 1803 concluditur:

2214 576 2398 627 γματα
2467 562 2579 622 τοῖς
2660 554 3121 626 σαρκωδεστέροις
3190 553 3384 607 πάθεσι
3461 554 3611 626 παρὰ
3676 553 3791 608 τῶν

2214 648 2599 721 ἐξυϐριζόντων
2627 647 2740 718 (25)
2781 645 2842 700 τὸ
2869 643 3025 699 Θεῖον
3058 640 3518 714 καθυϐριζόμενα.
3557 639 3651 703 Τίς
3682 638 3796 711 γὰρ

2215 745 2311 796 οὑκ
2338 739 2474 794 οἶδεν
2502 742 2581 795 ὅτι
2621 742 2649 792 6
2677 738 3009 808 φανερωθεὶς
3034 738 3164 807 ήμϊν
3199 738 3255 787 ὲν
3286 734 3449 805 σαρκὶ
3479 732 3592 802 (24)
3638 732 3794 795 Θεὸς,

2215 832 2359 886 κατὰ
2390 832 2485 902 μὲν
2511 831 2601 883 τὸν
2622 830 2775 898 λόγον
2819 830 2918 898 τῆς
2945 827 3200 890 εὐσεϐοῦς
3236 825 3582 897 παραδόσεως
3611 823 3793 887 ἇῦλος,

2217 925 2311 979 καὶ
2362 924 2597 993 ἀφανὴς,
2634 922 2727 975 καὶ
2760 920 3070 983 ἁσύνθετος,
3104 919 3196 970 καὶ
3235 912 3302 987 ἦν
3346 915 3438 968 καὶ
3469 913 3614 967 ἐστιν
3643 913 3796 983 ἀόρι-

2220 1032 2363 1078 στος,
2391 1015 2485 1067 καὶ
2518 1013 2628 1083 (25)
2672 1011 3103 1083 ἀπερίγραπτος,
3136 1005 3415 1076 πανταχοῦ
3451 1004 3546 1065 ὢν,
3578 1006 3671 1059 καὶ
3710 1003 3798 1056 διὰ

2219 1106 2400 1177 πάσης
2426 1106 2526 1174 τῆς
2559 1105 2789 1167 κτίσεως
2830 1103 3052 1172 διήκων,
3085 1098 3226 1152 κατὰ
3263 1098 3318 1151 δὲ
3348 1098 3408 1150 τὸ
3451 1096 3798 1167 φαινόμενον,

2220 1199 2278 1249 ἐν
2306 1196 2623 1267 ἀνθρωπίνη
2652 1197 2965 1266 περιγραφῇ
2992 1193 3224 1261 ὲωρᾶτος
3259 1190 3466 1258 ἀνάγκη
3488 1189 3597 1259 γὰρ
3626 1190 3799 1251 πᾶσα,

2224 1288 2331 1340 πᾶν
2363 1287 2522 1356 σῶμα
2556 1286 2660 1338 ὑπὸ
2688 1283 3007 1353 ἐπιφανείας
3050 1281 3192 1343 τινὸς
3232 1278 3601 1350 περιέχεσθαι.
3648 1276 3801 1347 Αὑτὴ

2223 1379 2401 1431 τοίνυν
2428 1378 2461 1447 ή
2499 1377 2790 1443 ἐπιφάνεια
2816 1374 2911 1427 τοῦ
2936 1375 2994 1425 ἐν
3021 1372 3157 1441 αὑτῇ
3199 1370 3652 1442 περιειλημμένον
3687 1367 3801 1436 (ἓῧ)

2223 1468 2472 1540 σώματος
2534 1470 2659 1539 ὄρος
2711 1465 2859 1519 ἐστί’
2922 1466 3029 1517 πᾶν
3084 1462 3142 1515 δὲ
3191 1460 3269 1531 τῷ
3315 1461 3426 1531 ὅρῳ
3486 1461 3804 1529 περιεχόμε-

2222 1577 2309 1614 νον
2352 1559 2484 1628 (27),
2524 1557 2803 1629 ὡρισμένῃ
2853 1556 2959 1607 τινὶ
2992 1552 3249 1621 ποσότητι
3292 1548 3694 1620 περιείργεταιο
3742 1547 3805 1599 τὸ

2222 1655 2279 1708 δὲ
2320 1652 2623 1725 ὡρισμένον
2656 1652 2906 1722 ἀόριστον
2935 1645 3073 1699 εἶναι
3102 1645 3163 1698 οὑ
3204 1644 3447 1698 δύναται.
3506 1641 3665 1693 Ἀλλὰ
3699 1640 3805 1710 μὴν

2225 1747 2253 1798 6
2283 1745 2575 1815 Προφήτης
2604 1741 2754 1812 φησὶ,
2786 1742 2867 1794 ὅτι
2896 1737 3011 1805 Τῆς
3037 1737 3458 1807 μεγαλωσύνης
3481 1732 3665 1788 αὑτοῦ
3694 1736 3806 1786 οὐκ

539 1848 685 1920 quod
743 1854 923 1900 autem
957 1822 1241 1899 deﬁnitum
1278 1850 1384 1902 est.
1413 1841 1687 1895 inﬁnitum
1726 1855 1851 1895 esse
1888 1854 1997 1893 non
2026 1854 2124 1909 ρος

2236 1837 2363 1892 ἔστι
2396 1838 2599 1905 πέρας.
2635 1837 2696 1888 El
2727 1829 2818 1887 οὖν
2848 1835 2881 1904 ή
2914 1832 3033 1885 θεία
3061 1830 3241 1899 φύσις,
3271 1826 3453 1890 καθὼς
3482 1844 3643 1897 φησιν
3670 1828 3699 1880 6
3720 1826 3807 1879 λο-

542 1948 673 1995 test.
737 1936 904 2007 Atqui
954 1934 1226 2002 Propheta
1280 1931 1489 2000 inquit,
1562 1928 1952 2000 Magnitudinis
2010 1928 2122 1996 ejus

544 2047 647 2085 non
673 2038 751 2083 est
777 2029 900 2097 ﬁnis
936 2026 1005 2079 ⁸⁷.
1046 2023 1101 2078 Si
1133 2024 1300 2094 igitur
1321 2022 1509 2076 divina
1542 2029 1763 2084 natura,
1799 2028 1857 2073 ut
1889 2019 2127 2088 scriptor

544 2129 733 2181 noster
781 2120 876 2181 ait,
925 2132 1057 2171 caro
1104 2123 1225 2182 est;
1278 2115 1394 2169 haec
1451 2121 1632 2167 autem
1680 2112 1996 2167 necessario
2040 2127 2128 2166 su-

544 2211 769 2281 perﬁcie
817 2208 1164 2267 terminatur,
1215 2202 1492 2273 quomodo
1531 2202 1620 2257 Dei
1672 2200 2015 2272 magnitudo,
2068 2210 2129 2254 ut

544 2300 814 2371 Propheta
860 2301 957 2363 ait,
1000 2299 1054 2352 iu
1100 2297 1373 2352 inﬁnitum
1420 2294 1705 2365 procedit?
1738 2293 1821 2348 vel
1856 2292 2129 2363 quomodo

544 2412 615 2450 ex
662 2394 812 2448 ﬁnita
868 2408 929 2447 re
972 2390 1118 2461 quod
1184 2388 1459 2443 inﬁnitum
1511 2395 1596 2441 est
1646 2384 2020 2454 cognoscitur,
2077 2396 2131 2436 et

546 2489 877 2542 immensum
924 2499 992 2537 ex
1046 2497 1112 2537 eo
1167 2478 1317 2551 quod
1366 2477 1659 2532 terminum
1714 2477 1876 2530 habet
1927 2477 2129 2530 intelli-

549 2577 737 2647 gitur?
774 2576 858 2629 vel
903 2574 1105 2645 potius,
1138 2571 1284 2642 quod
1316 2578 1369 2624 et
1417 2571 1672 2638 superius
1706 2569 1819 2639 jam
1869 2569 2129 2634 diximus,

552 2667 830 2738 quomodo
852 2683 918 2721 ex
943 2674 1119 2721 morte
1142 2662 1449 2718 fortitudo?
1483 2660 1539 2715 Si
1561 2662 1730 2724 enim,
1756 2672 1812 2715 ut
1842 2661 1938 2725 ait,
1968 2661 2131 2715 homo

553 2763 673 2832 ipse
699 2760 791 2829 qui
822 2760 1037 2813 locutus
1066 2764 1151 2811 est
1181 2757 1504 2811 saeculorum
1525 2760 1609 2807 est
1632 2754 1900 2818 conditor,
1921 2761 1974 2807 et
1993 2753 2134 2808 idem

556 2855 646 2909 ille
695 2861 780 2907 est
811 2850 905 2920 qui
940 2864 1032 2918 per
1074 2847 1450 2916 semetipsum,
1492 2844 1745 2898 videlicet
1771 2859 1865 2913 per
1891 2859 2132 2906 carnem,

555 2954 617 3001 ut
658 2942 991 3014 Apollinaris
1026 2940 1441 3009 interpretatur,
1481 2946 1678 2991 cuncta
1725 2934 1969 3001 creavit;
2010 2948 2138 2987 caro

555 3046 738 3092 autem
773 3036 960 3090 divino
984 3032 1214 3088 oraculo
1240 3029 1455 3085 inﬁrma
1478 3038 1531 3083 et
1557 3028 1849 3082 imbecillis
1885 3035 2135 3081 vocatur:

557 3130 693 3186 nihil
718 3126 866 3182 aliud
899 3140 1062 3195 quam
1090 3122 1410 3193 potentiam,
1435 3118 1832 3182 fortitudinem,
1856 3117 2135 3178 virtutem,

555 3232 611 3278 et
649 3227 917 3291 quotquot
942 3216 1208 3272 sublimes
1235 3213 1451 3281 Deoque
1474 3210 1652 3281 dignae
1683 3208 1936 3262 notiones
1959 3206 2139 3259 animo

557 3312 775 3381 concipi
798 3316 1048 3381 possunt,
1075 3306 1142 3360 ab
1163 3302 1537 3359 imbecillitate
1553 3308 1608 3355 et
1624 3298 1943 3353 inﬁrmitate
1957 3304 2137 3349 ortum

557 3405 761 3459 ducere
811 3398 1149 3469 Apollinaris
1199 3393 1476 3463 opinatur.

629 3494 776 3551 XIX.
826 3494 893 3546 Et
926 3489 1073 3545 istud
1109 3486 1331 3557 quidem
1364 3500 1472 3538 non
1502 3482 1637 3537 adeo
1660 3478 1884 3549 impium
1909 3482 2014 3539 est,
2048 3473 2139 3528 sed

559 3589 628 3643 ad
679 3584 937 3641 ulteriora
967 3578 1325 3651 progrediens
1370 3574 1570 3638 oratio,
1594 3573 1646 3625 in
1669 3584 1732 3625 ea
1759 3583 1879 3636 qua:
1902 3571 2142 3635 postmo-

558 3682 692 3737 dum
726 3674 980 3745 sequitur
1004 3666 1399 3740 disputatione,
1426 3661 1643 3716 Patrem
1669 3660 1849 3729 ipsum
1883 3653 2141 3724 blasphe-

562 3771 687 3827 miis
737 3766 963 3836 appetit.
1007 3762 1099 3815 Ait
1139 3761 1284 3815 enim
1333 3754 1609 3810 hominem
1657 3765 1779 3807 esse
1820 3747 1913 3802 Dei
1958 3745 2145 3815 gloriae

564 3858 935 3933 splendorem,
974 3861 1029 3909 et
1061 3853 1117 3907 in
1152 3847 1358 3905 carnali
1386 3844 1519 3909 Deo,
1555 3856 1717 3914 quem
1742 3838 1999 3894 inanibus
2017 3850 2144 3890 sua-

564 3928 685 4007 rum
725 3949 999 4005 rationum
1029 3937 1379 4000 commentis,
1410 3943 1671 4004 tanquam
1717 3928 2075 3987 simulacrum
2114 3939 2145 3978 a

562 4061 627 4100 se
659 4042 895 4096 eﬂictum
940 4032 1200 4096 obtrusit,
1226 4029 1323 4084 Dei
1358 4025 1724 4083 substantiam
1765 4016 2147 4091 reprtesentari

566 4135 661 4187 ait.
685 4125 1154 4197 Quemadmodum
1174 4121 1343 4192 igitur
1362 4117 1551 4172 radius
1582 4110 1961 4184 cognationem
1985 4107 2149 4161 habet

560 4240 696 4279 cum
746 4220 885 4285 sole,
930 4225 985 4273 et
1024 4230 1149 4270 cum
1178 4213 1405 4267 lucerna
1448 4208 1631 4262 lumen
1665 4203 1811 4273 quod
1852 4218 1919 4256 ex
1960 4214 2025 4254 ea
2062 4212 2150 4253 re-

567 4308 848 4381 splendet.
866 4313 923 4361 et
966 4300 1205 4357 hominis
1244 4298 1415 4369 ﬁgura
1450 4293 1810 4351 substantiam
1851 4290 2017 4345 refert
2047 4287 2149 4341 hu-

566 4377 813 4458 manam,
843 4398 918 4450 ita
949 4392 1111 4463 plane
1139 4391 1184 4444 si
1206 4386 1353 4458 quod
1405 4400 1499 4456 per
1525 4381 1961 4437 lncarnationem
1990 4377 2149 4431 nobis

565 4488 851 4561 apparuit,
885 4501 914 4539 a
943 4482 1125 4537 Patris
1155 4478 1332 4551 gloria
1357 4472 1718 4547 resplenduit,
1745 4480 1800 4528 et
1824 4470 1996 4541 ﬁgura
2028 4468 2150 4536 ejus

569 4583 755 4638 Patris
798 4576 1119 4634 substantia:
1168 4586 1299 4627 caro
1347 4581 1454 4632 est,
1511 4566 1746 4623 efﬁcitur
1796 4562 2041 4633 proiecto
2090 4570 2152 4615 ut

567 4690 638 4729 ex
690 4666 1047 4738 consequenti
1076 4663 1315 4719 carnalis
1344 4674 1565 4732 quoque
1608 4658 1682 4713 sit
1709 4655 1892 4710 Patris
1930 4661 2146 4707 natura.

573 4762 761 4831 Neque
801 4759 946 4815 enim
997 4755 1106 4810 dici
1174 4761 1353 4824 potest
1408 4752 1791 4820 incorporeum
1843 4762 1872 4799 a
1918 4760 2151 4815 corpore

644 4934 689 4964 ⁵⁷
725 4930 874 4986 Psal.
910 4944 1093 4994 cutv,
1119 4926 1173 4979 5.

648 5096 762 5161 (23)
789 5094 945 5149 Corr.
967 5084 1499 5161 ὲξανθρωπιζόντων.

651 5156 768 5238 (24)
797 5166 952 5238 Qorr.
1076 5156 1144 5230 τῇ
1179 5156 1357 5238 σαρκί.

652 5222 763 5305 (25)
786 5234 942 5305 Corr.
977 5222 1225 5305 ὰόριᾶτός
1253 5222 1311 5278 τε
1336 5222 1453 5305 καί,

651 5283 1094 5432 Egilia-Queen";
1141 5283 1293 5369 prius
1341 5303 1457 5349 erat
1498 5338 1515 5363 ,
1587 5283 2115 5365 πεπλημμελημένοι)
2139 5320 2156 5349 ,

581 5380 735 5435 nullo
775 5391 963 5430 sensu.

656 5447 771 5515 (.27)
806 5447 961 5515 Corr.
989 5439 1193 5515 ἰδ-ὅρῳ
1220 5433 1635 5515 περιεχόμεγρνε
1664 5501 1675 5515 ,
1821 5497 1845 5515 Δ
1899 5496 1948 5515 ,Α
1972 5492 2036 5515 _L
2064 5491 2153 5515 ηπ

1052 5492 1192 5563 ini'ra
1226 5492 1347 5587 ca'p.
1383 5492 1473 5587 SEX;
1495 5504 1532 5583 ,ὁ
1550 5496 1949 5587 λαλήσαςῃήμίν
1969 5492 2156 5587 τὰτοῦ

583 5568 820 5658 Πατρός,
850 5568 952 5656 qui
1001 5568 1339 5658 locutusnest
1386 5574 1558 5655 pobis,
1608 5568 1724 5641 que:
1761 5568 1984 5658 Pati-35'
2011 5572 2153 5618 sunt.

588 5638 946 5713 Videﬁautém
1002 5668 1069 5706 an
1109 5645 1438 5719 Apollinaris
1495 5638 1800 5711 respexerit
1851 5638 1918 5692 ad
1973 5638 2152 5691 locum

585 5730 746 5785 Joan.
779 5741 899 5792 vnt,
932 5724 1025 5779 ιο.

661 5779 774 5865 ίέθ)
804 5779 962 5854 (fair.
996 5795 1245 5864 νοήματα
1273 5788 1365 5844 καὶ
1390 5785 1623 5859 ὀνόματα
1648 5779 1867 5850 ελγονα.

2226 1929 2523 1999 γογράφος,
2562 1925 2697 1997 σάρξ
2730 1926 2909 1977 ἐστιν’
2958 1921 3095 1991 αῦτη
3128 1921 3186 1974 δὲ
3234 1919 3545 1986 ἀναγκαίως
3593 1917 3668 1985 τῷ
3706 1916 3807 1988 τῆς

2227 2019 2549 2089 ἐπιφανείας
2585 2016 3050 2088 περιλαμϐάνεται
3080 2012 3299 2084 πέρατι’
3331 2010 3447 2073 πῶς
3479 2011 3511 2080 ή
3540 2009 3632 2062 τοῦ
3672 2008 3808 2061 Θεοῦ

2240 2111 2575 2183 μεγαλοσύνη
2611 2109 2754 2163 κατὰ
2784 2107 2874 2160 τὸν
2902 2106 3214 2177 Προφήτην,
3246 2104 3326 2166 είς
3355 2102 3580 2173 ἄπειρον
3627 2100 3813 2171 πρόειο

2222 2221 2346 2268 ,σινς
2386 2203 2419 2274 ἢ
2454 2202 2569 2265 πῶς
2617 2200 2705 2254 διὰ
2748 2200 2842 2252 τοῦ
2875 2198 3181 2269 ὡρισμένου
3207 2197 3401 2249 νοεῖται
3436 2192 3498 2246 τὸ
3539 2192 3809 2263 ἀόριστον,

2229 2298 2317 2350 διὰ
2342 2296 2436 2349 τοῦ
2471 2292 2886 2365 πεπερασμένου
2915 2290 2975 2342 τὸ
3001 2290 3259 2359 ἄπειρον;
3294 2285 3510 2340 Μᾶλλον
3538 2284 3617 2349 δὲ,
3647 2284 3675 2337 ὃ
3715 2284 3814 2337 καὶ

2234 2389 2534 2458 φθάσαντες
2591 2389 2648 2439 ὲν
2684 2387 2796 2448 τοῖς
2846 2381 3206 2454 προλαϐοῦσιν
3238 2380 3560 2450 εἰρήκαμεν,
3600 2375 3719 2439 πῶς
3748 2378 3817 2429 ἐκ

2232 2481 2325 2534 τοῦ
2366 2479 2596 2534 θανάτου
2651 2477 2710 2531 τὸ
2781 2476 3035 2547 ίσχυρόν;
3086 2475 3147 2526 Εί
3198 2471 3340 2542 γὰρ,
3390 2468 3571 2531 καθώς
3627 2485 3813 2538 φησιν,

2233 2573 2394 2637 αὑτὸς
2430 2574 2457 2625 6
2491 2570 2796 2639 ἄνθρωπος,
2826 2571 2854 2621 6
2881 2568 3116 2637 λαλήσας
3139 2564 3277 2633 (28),
3307 2560 3530 2633 ποιητὴς
3549 2561 3657 2614 τῶν
3684 2557 3818 2613 αἰώ-

2236 2682 2341 2719 νων
2389 2665 2556 2728 έστιν,
2607 2661 2767 2724 αὑτὸς
2814 2661 2843 2712 6
2887 2659 2953 2712 δι’
3001 2656 3216 2718 ἑαυτοῦ,
3272 2656 3539 2716 τουτέστι,
3584 2651 3672 2706 διὰ
3714 2654 3819 2721 τῆς

2240 2756 2462 2826 σαρκὸς,
2492 2753 2672 2817 καθὼς
2703 2755 2732 2806 6
2769 2751 3145 2820 Ἀπολινάριος
3176 2747 3483 2819 έρμηνεύει,
3528 2745 3593 2798 τὰ
3637 2744 3819 2798 πάντα

2239 2847 2427 2901 ποιῶν.
2488 2846 2744 2917 Ἀσθενὴς
2790 2844 2847 2896 δὲ
2892 2843 3022 2913 παρ’
3055 2840 3224 2910 αὑτῆς
3256 2839 3357 2908 τῆς
3400 2836 3550 2898 θείας
3572 2834 3752 2905 φωνῆς
3780 2835 3818 2903 ἡ

2242 2940 2378 3011 σὰρξ
2410 2940 2703 3010 ὠνομάσθη
2724 2954 2738 2969 ο
2775 2936 2925 2989 οὐδὲν
2958 2935 3162 3004 ἓτερον,
3194 2934 3242 2984 εί
3273 2931 3347 3002 μὴ
3378 2929 3438 2983 τὸ
3478 2928 3695 2999 κράτος,
3722 2925 3820 2978 καὶ

2240 3032 2339 3099 τὴν
2369 3032 2540 3100 ἰσχὺν,
2570 3029 2665 3081 καὶ
2703 3028 2800 3096 τὴν
2830 3025 3079 3093 δύναμιν,
3111 3024 3203 3077 καὶ
3227 3022 3326 3076 ὅσα
3352 3018 3550 3095 ὑψηλά,
3578 3017 3671 3071 καὶ
3699 3014 3820 3068 θεο-

2243 3122 2428 3195 πρεπῆ
2458 3122 2723 3191 νοήματα,
2764 3120 2961 3188 ἔκγονα
2998 3116 3111 3186 (29)
3136 3113 3235 3184 τῆς
3263 3110 3543 3173 ἀσθενείας
3582 3111 3611 3163 6
3658 3108 3817 3161 λονο-

2239 3215 2449 3288 γράφος
2486 3212 2678 3265 οἴεται.

2315 3458 2418 3511 Καὶ
2493 3455 2643 3508 οῦπω
2712 3451 2964 3505 τοσοῦτον
3050 3448 3208 3502 τοῦτο
3264 3446 3432 3501 δεινὸν
3490 3443 3638 3514 (50),
3685 3440 3822 3497 ἀλλὰ

2245 3549 2447 3620 προῖὼν
2475 3551 2503 3601 6
2531 3547 2685 3615 λόγος
2706 3543 2792 3597 διὰ
2814 3543 2914 3611 τῆς
2943 3542 3081 3596 κατὰ
3107 3541 3166 3594 τὸ
3187 3538 3475 3594 ἀκόλουθον
3500 3535 3818 3601 ἐξετάσεως,

2242 3641 2410 3712 αὑτῆς
2455 3638 2687 3693 ἆπτεται
2725 3636 2822 3705 τῆς
2869 3634 3012 3689 κατὰ
3054 3632 3149 3685 τοῦ
3200 3629 3412 3701 Πατρός
3456 3627 3819 3700 βλασφημίας.

2245 3731 2408 3798 Λέγει
2452 3728 2561 3799 γὰρ
2605 3726 2697 3780 τὸν
2740 3724 3020 3797 ἄνθρωπον
3052 3718 3188 3775 εἶναι
3233 3722 3331 3790 τῆς
3360 3718 3455 3772 τοῦ
3499 3716 3633 3771 Θεοῦ
3663 3717 3823 3786 δόξης

2245 3821 2605 3890 ἀπαύγασμα,
2660 3818 2753 3871 καὶ
2782 3817 2839 3869 ὲν
2888 3813 2967 3885 τῷ
3016 3814 3253 3884 σαρκίνῳ
3307 3810 3448 3879 Θεῷ,
3501 3808 3560 3862 ὃν
3603 3806 3692 3862 διὰ
3724 3808 3825 3876 τῆς

2249 3912 2607 3984 ματαιότητος
2635 3908 2743 3961 τῶν
2770 3903 3045 3975 λογισμῶν
3083 3903 3497 3971 εἰδωλοποιήσας
3525 3899 3821 3959 ἀνέπλασε,

2246 4005 2346 4076 τήν
2410 4001 2504 4056 τοῦ
2574 4000 2709 4055 Θεοῦ
2769 3999 3065 4052 ὑπόστασιν
3131 3995 3241 4066 (51)
3303 3988 3823 4064 χαρακτηρίζεσθαι.

2249 4100 2460 4169 Ὥσπερ
2490 4096 2599 4163 (52)
2622 4094 2800 4147 τοίνυν
2834 4091 3108 4160 συγγενῶς
3140 4087 3250 4158 ἔχει
3284 4086 3419 4158 πρὸς
3448 4085 3538 4138 τὸν
3586 4083 3739 4152 ἣλιον
3785 4082 3821 4150 ἡ

2249 4189 2427 4251 ἀκτὶς,
2476 4186 2569 4239 καὶ
2619 4183 2754 4257 πρὸς
2800 4182 2891 4235 τὸν
2940 4180 3130 4250 λύχνον
3167 4178 3228 4231 τὸ
3277 4177 3342 4229 ὲκ
3390 4175 3490 4243 τῆς
3544 4171 3827 4242 λαμπάδος

2249 4277 2696 4348 ἀπαυγαζόμενον
2730 4272 2840 4346 (55)
2866 4273 3001 4342 φῶς,
3028 4271 3121 4325 καὶ
3148 4272 3176 4324 6
3198 4268 3292 4323 τοῦ
3325 4265 3610 4338 ἀνθρώπου
3649 4280 3828 4335 χαρα-

2252 4374 2391 4442 κτὴρ
2412 4366 2756 4441 ἀνθρωπίνην
2772 4365 3066 4417 ὑπόστασιν
3088 4360 3376 4421 δείκνυσιν,
3393 4355 3564 4417 οὕτως
3588 4355 3828 4417 πάντως,

2253 4466 2409 4533 εἴπερ
2456 4462 2516 4515 τὸ
2558 4460 2691 4530 ήμίν
2742 4456 2908 4525 φανὲν
2947 4454 3096 4525 παρὰ
3134 4452 3234 4522 τῆς
3276 4449 3434 4519 δόξης
3481 4446 3575 4500 τοῦ
3614 4444 3830 4515 Πατρός

2257 4552 2606 4626 ἀπηυγάσθη,
2641 4549 2736 4603 καὶ
2777 4548 2806 4599 6
2839 4546 3124 4618 χαρακτὴρ
3159 4542 3323 4596 αὑτοῦ
3351 4536 3449 4611 τῆς
3482 4538 3830 4597 ὑποστάσεως

2260 4649 2395 4721 σάρξ
2427 4651 2561 4709 ἐστι,
2612 4641 2892 4714 σαρκώδης
2942 4641 3006 4693 ὲκ
3035 4638 3135 4693 τοῦ»
3172 4636 3463 4692 ἀκολούθου
3513 4635 3607 4689 καὶ
3652 4635 3685 4703 ἠ
3734 4630 3829 4684 τοῦ

2258 4742 2471 4814 Πατρὺς
2500 4739 2659 4809 φύσις
2691 4733 3175 4795 κατασκευάζεται.
3208 4733 3283 4784 Οὑ
3323 4730 3432 4802 γὰρ
3468 4728 3534 4782 ἂν
3560 4728 3701 4780 εἴποι
3734 4742 3835 4796 χα-

2331 5067 2443 5135 (50)
2472 5065 2668 5120 Eadem
2704 5064 2758 5118 in
2784 5065 3059 5119 nonnullis
3088 5061 3333 5135 breviora
3385 5059 3639 5135 leguntur
3691 5054 3833 5135 apud

2259 5127 2626 5208 Euthy'miutu
2653 5135 3077 5208 :ngabenutnin
3113 5133 3274 5185 toties
3304 5127 3523 5184 laudato
3557 5127 3835 5196 Panoplia:

2257 5225 2380 5279 cap.
2405 5204 2501 5279 1'5,
2538 5225 2590 5277 p.
2613 5204 2741 5279 526,
2768 5220 2911 5279 vers.
2942 5204 3083 5279 Dicjt
3104 5212 3376 5271 praeterea.

2331 5270 2447 5349 (51)
2487 5270 2644 5331 corr.
2683 5270 2980 5349 ὑπόστασιν
3006 5270 3151 5349 εἷπε.
3212 5318 3215 5319 ν

2330 5335 2442 5417 (52)
2474 5350 2583 5403 llac
2607 5345 3037 5417 eademratione
3080 5343 3296 5417 Patrem
3334 5338 3473 5417 Filio
3522 5335 3826 5417 secundum

2261 5408 2603 5473 divinitatem
2652 5415 2914 5485 aequalem
2960 5430 3085 5485 e_s_se
3131 5412 3329 5485 probat
3364 5411 3505 5485 idem
3559 5408 3835 5485 Nysseuus

2265 5491 2318 5542 in
2348 5490 2602 5543 oratione
2643 5478 2943 5540 De'deitate
2974 5481 3109 5538 Filii
3133 5478 3191 5536 et
3236 5480 3471 5550 Spiritus
3513 5478 3686 5533 sancti
3725 5493 3836 5530 nun

2264 5560 2426 5617 lenite
2466 5560 2534 5612 ah
2570 5558 2749 5611 initio.

2335 5630 2444 5699 (ὖῖ)
2479 5629 2637 5682 Edita
2666 5630 2809 5682 inter
2857 5623 3086 5696 Nysscni
3131 5637 3294 5695 opera
3342 5621 3550 5692 legunt,
3582 5622 3640 5672 τὸ
3662 5618 3838 5671 ἀπα.)-

2262 5698 2568 5769 γαζόμενον
2596 5699 2733 5768 φῶς.
