4146 6386
394 369 524 423 “6|

1554 381 1594 433 Α
1606 379 1781 433 DVER
1793 381 1925 438 SUS
1958 386 1997 437 A
2011 384 2479 440 POLLINAREM.

3507 382 3643 437 “62

391 484 810 554 ρακτηρίζεσθαι
855 487 953 555 μὲν
980 484 1192 557 σώματι
1234 488 1294 540 τὸ
1327 490 1617 563 ἀσώματον
1660 498 1793 564 (54),
1822 500 1885 552 ἑκ
1907 499 1948 551 δὲ

2069 502 2320 571 exprimi,
2370 510 2424 557 et
2463 499 2531 555 ab
2585 496 2846 553 invisibili
2894 496 2946 551 id
2988 497 3133 567 quod
3186 496 3362 553 oculis
3400 502 3645 555 cernitur

387 574 479 626 τοῦ
520 574 755 643 ἀοράτου
802 576 863 628 τὸ
902 576 1095 646 ὁρατὸν
1131 578 1560 646 ἀπαυγάζεσθαι.
1631 585 1769 640 Ἀλλ’
1810 589 1895 640 οἶα
1934 590 1967 659 ἡ

386 664 530 729 δόξα,
559 665 796 718 τοιοῦτον
820 666 1057 736 δηλονότι
1084 669 1178 721 καὶ
1205 669 1265 722 τὸ
1298 671 1659 745 ἀπαύγασμα,
1687 679 1782 730 καὶ
1804 673 1915 742 οἷος
1939 681 1968 731 ὁ

386 758 690 829 χαρακτὴρ,
722 760 940 830 τοιαύτη
966 761 1184 825 πάντως
1210 764 1303 817 καὶ
1329 766 1361 833 ἡ
1399 766 1717 834 ὑπόστασις,
1740 770 1880 824 ὥστε
1919 775 1967 826 εί

385 848 542 902 τοῦτο
572 849 750 916 σῶμα,
789 851 922 922 μηδὲ
957 854 1130 905 ἐκεῖνο
1161 853 1376 919 πάντως
1402 858 1693 929 ἀσώματον
1735 861 1964 917 οἴεσθαι.

400 942 558 995 Ἀλλὰ
611 944 705 996 κα)⁵
746 943 837 997 τοῦ
888 944 1029 998 κατὰ
1074 946 1310 1000 Νίκαιαν
1360 948 1633 1020 μέμνηται
1674 952 1962 1023 δόγματος,

386 1036 442 1086 ὲν
471 1028 515 1103 ᾧ
543 1035 603 1088 τὸ
629 1035 910 1105 όμοούσιον
944 1038 976 1106 ἡ
1010 1038 1161 1109 κοινὴ
1206 1040 1313 1092 τῶν
1367 1042 1628 1114 Πατέρων
1656 1041 1965 1115 ἑξεφὼνησε

386 1121 622 1186 σύνοδος.
663 1127 776 1181 Ούκ
804 1129 870 1181 ἂν
917 1129 975 1182 δέ
1021 1148 1102 1193 τις
1150 1131 1290 1185 εἴποι
1323 1150 1375 1186 τι
1408 1135 1744 1205 ἑτερογενὲς,
1773 1138 1967 1207 ὁμοού-

386 1232 528 1269 σιον⁸
564 1216 675 1270 ἀλλ’
705 1211 779 1272 ὧν
807 1214 887 1282 εἷς
917 1220 1009 1274 καὶ
1037 1224 1065 1275 ό
1098 1222 1257 1286 αὐτός
1284 1226 1399 1278 ἐστι
1427 1227 1523 1295 τῆς
1563 1226 1750 1290 οὐσίας
1787 1227 1962 1297 λόγος,

382 1307 589 1372 τούτοις
620 1310 919 1381 ἐφαρμόζει
951 1313 1166 1377 πάντως
1196 1314 1256 1367 τὸ
1282 1317 1585 1385 όμοούσιον.
1618 1320 1680 1371 Εἰ
1710 1315 1802 1373 οὖν
1834 1320 1965 1391 σάρ-

382 1413 527 1459 κινος
560 1398 693 1461 Θεὸς
734 1400 763 1451 ὁ
803 1400 949 1464 Υἱὸς,
1002 1403 1134 1455 αὐτὸ
1176 1404 1310 1477 ὅπερ
1364 1407 1478 1458 ὲστ).
1510 1410 1575 1478 τῇ
1623 1408 1781 1476 φύσει
1828 1410 1963 1480 σὰρξ

380 1488 454 1541 ὢν
483 1490 622 1543 κατὰ
652 1490 712 1543 τὸ
738 1491 1059 1561 προαιὼνιον
1093 1494 1261 1565 ὄνομα
1299 1497 1411 1567 (35)
1434 1516 1446 1527 ·
1475 1488 1759 1568 ὁμοούσιος
1797 1500 1853 1552 δὲ
1886 1501 1964 1572 τῷ

382 1577 556 1648 Πατρ“ι
600 1579 695 1632 καὶ
743 1581 874 1651 παρ’
922 1581 1088 1635 αὑτοῦ
1118 1582 1212 1636 τοῦ
1252 1584 1593 1657 λογογράφου
1638 1589 1741 1642 οὐκ
1793 1590 1963 1659 ἀμφι-

378 1668 630 1723 ϐάλλεται
679 1672 814 1739 (56).
854 1673 1067 1727 Ἐκεῖνα
1102 1675 1157 1727 δὲ
1202 1675 1447 1747 ἀλληλοις
1491 1681 1637 1734 ἐστὶν
1666 1683 1947 1752 ὀμοούσια,

379 1760 446 1814 τὰ
490 1760 568 1829 τῷ
613 1762 760 1832 αὐτῷ
805 1763 947 1833 λόγῳ
973 1766 1070 1835 τῆς
1112 1767 1298 1831 οὐσίας
1330 1770 1774 1842 ὑπογραφόμενα.
1815 1778 1957 1846 ’Δρα

2069 593 2450 660 resplendere;
2488 591 2583 646 sed
2631 590 2811 661 qualis
2837 596 2921 644 est
2967 589 3165 659 gloria,
3209 590 3336 643 talis
3384 589 3641 647 nimirum

2068 692 2122 739 et
2159 684 2422 755 splendor
2465 684 2606 753 ejus,
2654 693 2707 738 et
2750 683 2928 753 qualis
2975 682 3166 754 figura,
3213 683 3338 737 talis
3372 683 3556 753 utique
3588 691 3644 738 et

2068 775 2405 841 substantia;
2452 791 2622 845 quare
2670 774 2716 828 si
2784 789 2986 843 corpus
3039 782 3123 828 est
3174 775 3299 834 hoc,
3355 790 3456 828 nec
3507 775 3641 831 illud

2067 864 2288 935 quidem
2341 865 2453 919 ullo
2500 873 2662 935 pacto
2711 863 3095 933 incorporeum
3150 861 3487 917 censendum
3537 872 3640 918 est.

2069 957 2178 1013 Sed
2217 964 2271 1013 et
2314 957 2435 1013 fidei
2491 957 2633 1028 apud
2667 956 2903 1011 Nicaeam
2947 956 3276 1025 conscriptae
3307 955 3642 1010 mentionem

2069 1048 2229 1113 facit,
2276 1048 2330 1103 in
2386 1064 2494 1119 qua
2547 1047 2857 1103 communis
2916 1047 3136 1100 Patrum
3193 1053 3492 1102 conventus
3543 1045 3643 1101 ho—

2066 1139 2318 1193 mousion
2370 1154 2567 1209 magna
2612 1152 2747 1191 voce
2776 1136 3068 1193 confessus
3097 1142 3200 1190 est.
3253 1135 3424 1190 Nemo
3459 1140 3641 1189 autem

2065 1230 2211 1298 quod
2262 1230 2464 1285 diversi
2513 1230 2727 1300 generis
2787 1238 2871 1284 est
2926 1228 3252 1283 homousion
3294 1235 3348 1280 et
3398 1227 3641 1281 consub-

2066 1323 2320 1378 stantiale
2374 1323 2710 1393 appellavit;
2768 1323 2863 1377 sed
2919 1322 3120 1393 quibus
3178 1335 3284 1374 una
3341 1321 3644 1390 eademque

2065 1414 2389 1472 substantiae
2438 1414 2579 1467 ratio
2624 1422 2728 1477 est,
2770 1415 2838 1469 iis
2889 1430 3117 1484 prorsus
3155 1413 3642 1467 eunsubstantialis

2064 1524 2263 1563 nomen
2301 1507 2579 1562 convenit.
2611 1506 2664 1559 Si
2699 1507 2866 1576 igitur
2898 1521 3120 1559 carnem
3155 1505 3362 1559 habens
3396 1504 3538 1560 Deus
3556 1514 3643 1559 est

2063 1598 2254 1663 Filius,
2296 1598 2459 1668 idque
2502 1599 2679 1668 ipsum
2734 1596 2953 1666 propria
3014 1596 3098 1650 sui
3150 1604 3347 1648 natura
3398 1596 3637 1658 exsistit,

2062 1694 2249 1756 utpote
2298 1687 2392 1755 qui
2442 1701 2573 1741 caro
2624 1686 2789 1740 fuerit
2817 1686 2972 1754 juxta
3026 1700 3222 1740 nomen
3253 1685 3397 1755 quod
3429 1685 3529 1755 ipsi
3570 1685 3641 1739 ab

2061 1786 2266 1833 aeterno
2286 1779 2576 1849 competit;
2600 1776 3126 1832 consubstantialem
3154 1784 3333 1830 autem
3354 1791 3475 1830 esse
3490 1774 3635 1829 Patri

378 1851 473 1906 καὶ
496 1853 594 1925 τὴν
622 1853 714 1908 τοῦ
739 1856 947 1927 Πατρὺς
971 1856 1150 1926 φύσιν,
1176 1859 1521 1931 ἀνθρωπίνην
1546 1862 1667 1915 τινὰ
1707 1865 1799 1917 καὶ
1828 1882 1948 1938 σαρ-

2057 1886 2157 1925 nec
2193 1848 2529 1939 Apollinaris
2586 1870 2703 1939 ipse
2734 1869 2986 1933 dubitat;
3016 1869 3105 1921 illa
3153 1878 3333 1921 autem
3388 1868 3529 1921 inter
3578 1880 3639 1921 se

379 1944 537 2014 κικὴν
573 1945 602 1997 ὁ
651 1945 1020 2019 Ἀπολινάριος
1061 1949 1392 2016 ὑποτίθεται,
1420 1953 1507 2006 ἵνα
1547 1953 1694 2025 σώσῃ
1733 1956 1819 2008 ἐπ’
1847 1959 1953 2028 ἀμ-

376 2035 618 2107 φοτέρων
643 2036 737 2089 τοῦ
772 2038 1057 2107 ὁμοουσίου
1095 2040 1155 2093 τὸ
1188 2040 1378 2111 ὄνομα,
1408 2045 1483 2107 ὡς
1528 2048 1640 2098 τοῖν
1679 2046 1820 2100 δυοῖν
1854 2049 1951 2103 θά-

375 2145 530 2198 τερον
567 2128 700 2199 (57),
728 2129 760 2200 ἢ
790 2130 1077 2201 ἀσώματον
1102 2133 1194 2186 τὸν
1222 2134 1439 2205 Πατέρα
1471 2136 1666 2204 λέγων,
1693 2139 1953 2210 σαρκίνην

373 2216 430 2269 δὲ
456 2216 551 2270 τοῦ
582 2218 712 2271 Υίοῦ
741 2218 851 2289 (58)
877 2220 972 2291 τὴν
997 2221 1245 2293 θεότητα,
1284 2224 1361 2295 τῷ
1398 2227 1721 2297 ἑτεροουσίῳ
1757 2230 1956 2302 συνθή-

376 2326 558 2364 σεται·
592 2311 625 2381 ἦ
664 2311 723 2364 τὸ
752 2312 927 2366 κοινὸν
971 2314 1069 2384 τῆς
1116 2315 1366 2385 θεότητός
1410 2335 1469 2370 τε
1502 2320 1724 2390 καὶτῆς
1771 2320 1954 2387 οὐσίας

371 2402 648 2472 ὁμολογῶν
681 2405 877 2472 ὁμοίως
909 2406 1000 2459 ἐπὶ
1034 2408 1245 2477 Πατρός
1289 2426 1348 2463 τε
1382 2411 1474 2463 καὶ
1510 2411 1661 2474 Υίοῦ,
1706 2414 1953 2484 ἁποσαρ-

374 2492 540 2546 κώσει
572 2493 665 2547 καὶ
688 2496 779 2548 ἐπὶ
808 2497 1020 2567 Πατρὸς
1046 2498 1145 2570 τὴν
1176 2500 1275 2569 τῆς
1305 2501 1556 2571 θεότητος
1585 2503 1769 2571 φύσιν.
1816 2504 1953 2559 Ἀλλ’

373 2583 563 2657 ὥσπερ
603 2586 983 2659 διορθούμενος
1031 2592 1129 2660 τὴν
1178 2594 1407 2646 ἀτοπίαν
1453 2594 1676 2665 ταύτην,
1732 2599 1793 2650 ὲν
1842 2600 1954 2662 τοῖς

376 2679 481 2749 πρὸ
509 2680 696 2732 τούτου
741 2683 896 2753 φησι,
941 2683 1034 2736 τοῦ
1074 2686 1343 2756 Ζαχαρίου
1374 2686 1476 2758 τὴν
1522 2688 1681 2759 ῥῆσιν
1710 2691 1846 2760 πρὸς
1891 2691 1953 2743 τὸ

371 2769 566 2825 δοκοῦν
626 2772 963 2844 ἑρμηνεύων,
1011 2774 1086 2839 ὡς
1140 2778 1205 2830 ὲκ
1254 2778 1544 2849 προσώπου
1597 2779 1691 2833 τοῦ
1741 2782 1953 2853 Πατρὸς

374 2864 503 2934 περὶ
538 2864 631 2918 τοῦ
678 2866 810 2919 Υῐοῦ
860 2866 1029 2936 λέγων
1080 2869 1332 2939 εἰρῆσθαι
1383 2872 1444 2925 τὸ
1480 2872 1777 2944 σύμφυλον,
1815 2875 1953 2946 ὅπερ

372 2954 487 3008 ἐστὶ
518 2958 737 3028 συμφυῆ
767 2975 825 3011 τε
859 2960 952 3012 καὶ
981 2960 1293 3030 ὁμοούσιον·
1342 2965 1391 3016 εἰ
1424 2963 1521 3035 μὲν
1561 2960 1653 3018 οὖν
1686 2965 1881 3037 ὀρθῶς,
1913 2966 1948 3039 ἢ

375 3043 453 3115 μὴ
485 3046 643 3100 τοῦτο
693 3048 1010 3118 ὑπείληφεν,
1047 3050 1232 3122 ἑτέρου
1275 3052 1455 3116 λόγου.
1486 3053 1552 3107 Ὀ
1592 3054 1637 3107 δ’
1666 3050 1758 3108 οὖν
1784 3073 1950 3109 κατα-

373 3137 646 3204 σκευάζει,
675 3138 830 3192 τοῦτό
875 3141 990 3194 ἐστι
1020 3157 1033 3169 ⁸
1061 3143 1260 3211 Δηλοῒ,
1312 3146 1464 3216 φησὶ,
1500 3144 1597 3199 διὰ
1646 3148 1873 3201 τούτων
1917 3150 1951 3201 ό

2054 1961 2550 2016 eonsubstantialia
2583 1968 2714 2015 sunt
2754 1976 2875 2030 quae
2914 1976 3021 2013 una
3048 1958 3351 2029 eademque
3380 1959 3638 2013 substan-

2054 2054 2144 2109 tiae
2168 2052 2486 2107 definitione
2516 2053 2867 2109 declarantur
2895 2072 2908 2107 :
2942 2068 3072 2123 ergo
3118 2050 3415 2105 humanam
3447 2065 3636 2120 quam-

2055 2145 2178 2199 dam
2210 2156 2263 2197 et
2290 2161 2543 2200 eameam
2573 2145 2753 2200 Patris
2788 2153 3041 2200 naturam
3089 2143 3426 2214 Apollinaris
3455 2144 3634 2211 ponit,

2056 2246 2115 2291 ut
2136 2238 2189 2291 in
2224 2247 2480 2306 utroque,
2506 2237 2665 2293 Patre
2699 2237 2951 2293 videlicet
2974 2244 3028 2291 et
3076 2235 3232 2300 Filio,
3265 2234 3632 2289 consubstan-

2057 2330 2204 2385 tialis
2251 2344 2449 2384 nomen
2503 2338 2723 2395 servet;
2769 2338 2941 2396 quare
2985 2344 3051 2383 ex
3100 2326 3317 2382 duobus
3378 2326 3632 2381 absurdis

2057 2421 2288 2475 alterum
2323 2429 2605 2491 sequetur,
2640 2422 2723 2475 vel
2761 2422 2905 2477 enim
2936 2419 3150 2475 Patrem
3197 2418 3418 2489 quidem
3450 2421 3636 2474 incor-

2055 2529 2301 2583 poreum,
2338 2512 2461 2567 Filii
2496 2529 2626 2567 vero
2672 2512 3011 2566 divinitatem
3055 2527 3309 2566 carneam
3358 2525 3631 2571 asserens,

2053 2603 2122 2656 iis
2154 2602 2339 2673 utique
2367 2601 2815 2670 adstipulabitur,
2854 2601 2943 2671 qui
2970 2601 3199 2655 diversae
3235 2615 3263 2653 a
3312 2597 3470 2653 Patre
3502 2598 3635 2651 sub-

2052 2695 2271 2750 stantia:
2314 2692 2513 2747 Filium
2559 2710 2680 2747 esse
2722 2694 2947 2758 dicunt;
2995 2693 3079 2747 ve!
3116 2694 3159 2748 si
3200 2692 3377 2746 Patris
3420 2706 3483 2745 ac
3508 2690 3630 2744 Filii

2054 2802 2217 2841 unam
2258 2786 2615 2855 eamdemque
2638 2800 2760 2839 esse
2802 2784 3144 2839 divinitatem
3177 2794 3341 2852 atque
3375 2783 3634 2837 substam

2053 2877 2186 2930 tiam
2240 2875 2512 2939 fateatur,
2570 2892 2827 2930 carneam
2878 2890 3098 2945 quoque
3146 2875 3201 2930 in
3253 2873 3412 2929 Patre
3471 2873 3631 2927 faciet

2057 2963 2362 3019 divinitatis
2426 2972 2700 3019 naturam.
2775 2963 2879 3018 Sed
2940 2964 3175 3033 ineptias
3244 2966 3411 3019 hasce
3462 2966 3629 3019 veluti

2056 3056 2339 3126 corrigens
2372 3059 2648 3127 superius,
2686 3056 2776 3112 ubi
2809 3056 3087 3111 Zachariae
3116 3056 3304 3121 verba,
3338 3064 3501 3126 prout
3528 3058 3631 3113 sibi

2053 3144 2231 3199 visum
2277 3145 2403 3209 fuit,
2447 3147 2861 3216 interpretatur,
2913 3162 2978 3201 ex
3019 3162 3249 3216 persona
3343 3145 3520 3204 Patris
3552 3148 3630 3199 ait

372 3231 734 3298 προφητικὸς
762 3233 961 3301 λόγος,
989 3232 1077 3287 ὅτι
1100 3236 1171 3288 οὐ
1200 3237 1349 3291 κατὰ
1374 3237 1488 3315 τὴν
1511 3235 1711 3306 σάρκα
1738 3238 1948 3306 ὀμοού-

2054 3234 2123 3289 de
2161 3233 2299 3289 Filio
2336 3236 2542 3290 dictum
2599 3237 2771 3292 fuisse
2816 3237 3116 3308 σύμφυλον,
3152 3239 3297 3310 quod
3349 3239 3491 3294 idem
3548 3246 3636 3294 est

371 3339 504 3387 σιος
531 3323 611 3389 τῷ
639 3323 779 3389 Θεῷ,
803 3325 964 3379 ἀλλὰ
994 3327 1145 3381 κατὰ
1169 3330 1235 3381 τὸ
1265 3329 1521 3398 πνεῦμα,
1546 3328 1614 3382 τὸ
1636 3328 1951 3399 ἡνωμένον

368 3413 444 3482 τῇ
490 3417 689 3484 σαρκί.
742 3417 865 3481 Πῶς
897 3418 1077 3471 τοίνυν
1107 3417 1319 3473 ἑνοῦται
1370 3419 1533 3491 σαρκὶ
1580 3420 1687 3491 πρὸ
1724 3420 1826 3491 τῆς
1856 3420 1950 3473 τοῦ

368 3507 571 3577 κόσμου
624 3508 935 3573 συστάσεως
977 3510 1005 3561 ὁ
1052 3510 1338 3582 σαρκώδης
1383 3510 1547 3563 αὐτοῦ
1596 3511 1765 3574 Θεός;
1821 3512 1949 3563 Ὅτε

369 3598 477 3670 γὰρ
511 3599 622 3668 (59)
669 3601 718 3653 οἱ
760 3601 954 3665 αἰῶνες
980 3602 1080 3654 ούκ
1124 3597 1286 3672 ἦσαν,
1318 3601 1440 3654 οὐδὲ
1478 3601 1606 3655 ἄλλο
1632 3619 1686 3653 τι
1716 3601 1825 3653 τῶν
1853 3601 1951 3671 τῆς

368 3693 597 3756 κτίσεως
615 3688 703 3762 ἦν.
740 3694 802 3746 Ἡ
831 3694 887 3745 δὲ
919 3693 1055 3764 σὰρξ
1079 3694 1364 3745 πολλοστόν
1392 3710 1451 3746 τε
1480 3695 1573 3747 καὶ
1596 3693 1819 3762 ἔσχατον
1842 3692 1950 3745 τῶν

367 3786 426 3837 ἑν
445 3787 508 3855 τῇ
532 3785 704 3837 κτίσει
723 3785 1020 3853 γεγονότων
1044 3786 1178 3839 ἑστί.
1199 3786 1335 3856 Ποία
1358 3786 1536 3838 τοίνυν
1556 3785 1740 3855 ἡνώθη
1764 3786 1946 3856 σαρκὶ,

371 3875 538 3945 μήπω
580 3876 677 3945 τῆς
709 3876 1052 3947 ἀνθρωπίνης
1084 3874 1296 3946 φύσεως
1330 3877 1702 3948 παρελθούσης
1738 3879 1818 3941 είς
1853 3878 1946 3947 γέ-

366 3983 546 4031 νεσιν;
588 3967 727 4020 Ἀλλ’
755 3967 944 4039 ἑτέραν
973 3969 1095 4021 τινὰ
1117 3964 1223 4021 οἶδε
1250 3970 1428 4040 σάρκα
1458 3970 1608 4040 παρὰ
1623 3970 1713 4022 τὸν
1741 3970 1950 4041 ἄνθρω-

368 4077 487 4113 πον.
510 4061 619 4113 Καὶ
640 4061 754 4123 πῶς
777 4078 961 4132 φησιν,
980 4061 1061 4113 ὅτι
1091 4061 1252 4125 αὐτὸς
1282 4064 1309 4115 ὁ
1327 4061 1421 4115 ἄνθ
1431 4080 1631 4132 ρωπος,
1652 4065 1680 4115 ὁ
1708 4062 1949 4133 λαλήσας

368 4153 499 4221 ἡμῖν
527 4152 594 4204 τὰ
626 4151 719 4205 τοῦ
747 4152 977 4224 Πατρδς.
1017 4154 1223 4216 ἐκεῖνός
1252 4155 1365 4207 ἑστι
1392 4153 1527 4216 Θεὸς
1571 4154 1798 4224 ποιητὴς
1840 4154 1950 4206 τῶν

366 4244 613 4311 αἱὼνων;
643 4245 738 4309 Τίς
766 4246 895 4315 ἡμῖν
925 4246 1248 4316 ἑρμηνεύσει
1272 4246 1379 4299 τῶν
1405 4246 1606 4300 καινῶν
1633 4246 1837 4299 τούτων
1866 4247 1949 4299 at-

366 4335 645 4405 νιγμάτων
670 4335 767 4406 τὴν
800 4335 1061 4399 ἀτοπίαν;
1102 4335 1419 4403 Ἀνθρωπος
1446 4335 1551 4407 πρὸ
1580 4335 1673 4388 τοῦ
1696 4335 1948 4403 γενέσθαι

366 4426 670 4499 ἀνεζωπον,
699 4428 791 4482 καὶ
826 4427 964 4499 σὰρξ
994 4427 1091 4497 τῆς
1133 4426 1267 4487 ἰδίας
1292 4426 1648 4497 δημιουργίας
1686 4443 1944 4497 προγενεο

369 4521 554 4585 στὲοα,
586 4520 680 4574 καὶ
727 4519 1052 4592 προαιώνιον
1082 4518 1144 4571 τὸ
1177 4519 1263 4572 ἐπ’
1295 4519 1538 4590 ἐσχάτων
1567 4519 1770 4591 χρόνων
1800 4518 1945 4589 γενόο

442 4723 555 4793 (54)
582 4721 682 4776 llic
717 4721 771 4776 in
797 4721 959 4777 editis
990 4722 1133 4775 inter
1157 4719 1385 4793 Nysseni
1422 4735 1586 4793 opera
1608 4721 1805 4793 lacuna
1834 4733 1940 4787 est;

268 4802 275 4805 ’
369 4791 619 4851 ἱδὶἐηίῐη
653 4794 723 4847 ita
762 4793 973 4864 legitur.
1020 4791 1520 4864 χαρακτηρίζεσθαι
1573 4793 1670 4861 μὲν
1726 4791 1941 4864 σώματι

364 4864 428 4919 τὸ
458 4864 686 4934 ἀόρατον
712 4852 1145 4929 ἁπαῦγάζεσθαι.

442 4932 554 5004 (55)
597 4936 806 5004 Ὀνομα
832 4934 920 4986 hic
954 4934 1123 5002 accipi
1158 4932 1375 4986 videtur
1412 4947 1511 5003 pro
1579 4932 1809 5003 ἰδίωμα,
1876 4941 1938 4988 ιιι

367 5006 509 5060 idem
565 5005 634 5061 sit
662 5019 723 5057 ac
740 5003 948 5075 divina:
994 5014 1206 5075 natura:
1240 5005 1568 5075 proprietas,
1601 5019 1723 5073 quae
1757 5007 1937 5075 nomi-

367 5092 435 5130 ne
488 5075 671 5144 aliquo
719 5073 1056 5144 designatur.
1106 5070 1257 5144 Sane
1308 5070 1826 5144 utramquefvocem
1880 5076 1935 5129 in

366 5160 477 5198 uno
505 5142 805 5211 eodemque
835 5142 997 5214 sensu
1032 5145 1192 5197 simul
1218 5143 1398 5214 jungit
1426 5142 1745 5214 Timotheus
1774 5145 1936 5212 Apol-

366 5216 614 5270 linarista
659 5231 828 5284 episc.
876 5213 1052 5283 Beryti
1104 5215 1158 5267 iu
1198 5213 1443 5283 Epistola
1473 5215 1557 5284 iad
1605 5213 1931 5268 Homonium

366 5286 549 5339 itidem
606 5283 776 5354 epise.
813 5285 1257 5354 Apollinaristam
1289 5284 1431 5353 apud
1471 5283 1757 5337 Leontium
1826 5284 1929 5354 By-

368 5356 647 5409 zantinum
674 5356 726 5408 in
764 5356 901 5410 libro
960 5355 1223 5423 Adversus
1263 5354 1478 5423 fraudes
1510 5355 1930 5423 Apollinarista-

366 5443 507 5497 rum,
530 5434 667 5497 tom.
700 5424 761 5479 IV
792 5426 973 5491 Antiq.
996 5422 1161 5497 Lcct._
1193 5424 1377 5479 Canis.
1418 5442 1537 5497 pag.
1560 5422 1667 5478 “9
1693 5441 1755 5479 ex
1788 5425 1931 5477 Tur-

367 5496 509 5549 riani
558 5495 751 5549 Latina
784 5497 1078 5558 versione;
1123 5492 1309 5549 Graeca
1345 5492 1513 5548 enim'
1538 5498 1723 5549 videre
1772 5497 1931 5551 nobis

362 5583 471 5620 non
523 5566 695 5626 licuit,
743 5566 835 5619 ubi
896 5568 977 5620 sic
1033 5567 1227 5634 inquit,
1279 5564 1419 5629 Quia
1466 5566 1626 5635 igitur
1681 5575 1930 5618 naturam

362 5637 537 5690 carnis
578 5646 714 5689 recte
781 5636 1052 5705 confessus
1112 5652 1165 5688 es
1222 5636 1369 5688 nobis
1419 5652 1530 5689 esse
1580 5637 1927 5694 homousion,

361 5708 507 5760 nullo
537 5716 709 5759 autem
738 5707 913 5770 modo,
933 5706 1343 5767 συνουσιῶσθαι,
1387 5706 1439 5756 id
1467 5715 1562 5769 est,
1595 5722 1705 5758 esse
1734 5705 1931 5773 factam

361 5776 862 5830 consubstantialem
920 5778 1214 5838 divinitati,
1260 5778 1543 5845 scripsisti.
1607 5776 1694 5828 sed
1759 5776 1930 5828 solum

364 5848 603 5901 unionem
656 5847 965 5911 nominasti,
998 5847 1174 5915 qualis
1216 5848 1284 5899 sit
1336 5847 1563 5925 hominis
1613 5848 1782 5901 sancti
1809 5864 1930 5900 cum

675 5941 918 6001 PATROI
938 5986 951 6001 .
996 5939 1108 6001 Gtt.
1158 5940 1322 6001 XLV

2053 3339 2117 3377 ac
2172 3327 2587 3380 connaturalem
2643 3334 2808 3397 atque
2867 3328 3412 3383 consubstantialem.
3467 3329 3635 3383 Recte

2053 3413 2237 3485 itaque
2303 3429 2371 3469 an
2422 3431 2532 3469 non
2597 3415 2650 3470 id
2706 3417 2963 3485 opinatus
3012 3415 3209 3480 fuerit,
3269 3418 3498 3471 alterius
3547 3427 3635 3472 est

2053 3506 2450 3575 inspectionis;
2505 3505 2651 3577 quod
2708 3516 2890 3563 autem
2928 3508 3212 3563 adstruere
3240 3517 3492 3571 conatur,
3524 3508 3628 3561 hoe

2050 3603 2156 3660 est,
2201 3592 2466 3660 Ostendit,
2508 3596 2708 3665 inquit,
2761 3596 2841 3649 Itis
2884 3598 3050 3651 verbis
3092 3614 3261 3650 sermo
3301 3599 3633 3666 propheticus

2052 3701 2157 3738 non
2201 3688 2490 3739 secundum
2531 3704 2765 3749 carnem,
2798 3689 2888 3742 sed
2923 3690 3209 3742 secundum
3243 3690 3512 3758 spiritum,
3544 3690 3633 3759 qui

2050 3778 2201 3831 carni
2228 3780 2409 3831 unitas
2439 3778 2565 3848 fuit.
2597 3778 3102 3834 consubstantialem
3128 3798 3238 3834 esse
3264 3780 3467 3834 Filium
3498 3780 3626 3835 Deo.

2050 3868 2298 3934 Quonam
2325 3870 2490 3940 igitur
2513 3880 2672 3940 pacto
2700 3873 2939 3925 carnalis
2970 3872 3090 3941 ejus
3119 3872 3261 3927 Deus
3288 3883 3412 3928 ante
3442 3876 3629 3927 mundi

2051 3961 2500 4016 constitutionem
2542 3962 2696 4016 carni
2745 3963 2970 4016 unitur?
3001 3961 3133 4016 Nam
3180 3965 3399 4032 quando
3430 3967 3629 4019 saecula

2051 4067 2160 4106 non
2207 4060 2383 4115 erant,
2422 4067 2521 4105 nec
2586 4052 2693 4105 ulla
2739 4052 2904 4106 etiam
2950 4053 3053 4105 alia
3089 4062 3398 4108 ereatarum
3435 4071 3624 4109 rerum

2050 4144 2319 4197 exstabat.
2345 4145 2507 4215 Atqui
2547 4160 2677 4198 caro
2710 4159 2897 4198 eorum
2929 4160 3051 4215 quae
3085 4144 3139 4199 in
3183 4146 3462 4221 creatione
3485 4146 3629 4201 facta

2051 4244 2180 4290 sunt
2228 4236 2450 4290 minima
2508 4244 2673 4305 atque
2731 4250 3006 4305 postrema
3068 4253 3196 4301 pars
3241 4247 3346 4294 est.
3397 4240 3626 4294 Cuinam

2051 4327 2220 4397 igitur
2266 4329 2422 4382 carni
2475 4329 2627 4383 unita
2669 4327 2771 4381 fuit
2821 4328 3105 4393 divinitas,
3152 4331 3390 4385 humana
3436 4339 3628 4386 natura

2051 4419 2293 4473 nondum
2360 4435 2390 4474 e
2444 4420 2617 4474 nihilo
2659 4421 2902 4474 educta?
2951 4422 3057 4476 Sed
3112 4422 3273 4475 aliam
3334 4425 3627 4493 quamdam

2050 4526 2268 4566 carnem
2305 4523 2499 4581 praeter
2529 4511 2802 4566 hominem
2836 4513 2985 4565 novit
3008 4512 3359 4583 Apollinaris.
3396 4512 3462 4566 Et
3491 4529 3629 4584 quo-

2047 4721 2175 4780 Deo,
2226 4732 2326 4769 mm
2383 4718 2438 4770 in
2476 4734 2637 4771 unum
2681 4719 2843 4771 vitam
2897 4726 2944 4771 et
2986 4716 3310 4786 hypostasim
3359 4718 3623 4784 copulati.

2041 4791 2132 4842 sed
2173 4806 2205 4841 a
2270 4786 2449 4841 divina
2497 4798 2690 4841 natura
2742 4788 3009 4854 separati;
3056 4804 3174 4840 cum
3229 4799 3402 4840 tamen
3443 4786 3625 4841 beatus

2039 4862 2310 4925 cpiscopus
2365 4860 2617 4928 magister
2698 4871 2875 4911 noster
2932 4857 3299 4925 Apollinarius
3355 4857 3501 4912 dicat
3570 4860 3624 4911 in

2038 4932 2201 4982 variis
2260 4930 2430 4989 libris.
2501 4945 2713 4983 carnem
2785 4928 3000 4981 Domini
3063 4931 3367 4982 communia
3436 4928 3626 4981 habere

2038 5002 2258 5053 nomina
2311 5010 2359 5053 et
2404 5000 2771 5067 proprietates
2832 4999 3006 5061 Verbi,
3069 5015 3281 5052 nmnere
3341 5012 3519 5051 autem
3566 5000 3625 5052 in

2035 5072 2229 5124 unione
2310 5086 2521 5123 carnem
2591 5085 2753 5137 neque
2838 5078 3134 5131 mutatam,
3196 5085 3288 5121 nec
3339 5084 3372 5121 α
3431 5082 3627 5121 natura

2033 5142 2250 5208 propria
2280 5142 2569 5195 alienatam
2593 5150 2642 5193 et
2681 5139 2908 5193 Verbum
2934 5142 3094 5193 etiam
3114 5140 3328 5192 nomina
3358 5141 3543 5192 carnis
3573 5148 3626 5192 et

2032 5214 2377 5280 proprietates
2413 5212 2601 5264 habere
2630 5212 2929 5263 communia
2950 5251 2963 5274 ,
2997 5226 3308 5275 manereque
3338 5209 3393 5261 in
3440 5211 3624 5262 incar-

2034 5285 2248 5335 natione
2291 5280 2514 5337 Verbum
2565 5291 2615 5334 et
2664 5280 2854 5340 Deum,
2905 5296 3066 5350 neque
3118 5288 3403 5344 mutatum,
3454 5296 3545 5333 nec
3570 5281 3625 5332 in

2032 5363 2277 5405 naturam
2321 5352 2550 5417 corporis
2581 5350 2927 5419 transfusum.

2243 5416 2772 5501 ρει-Γέλογογράφου
2804 5416 2944 5474 εἶναι
2971 5421 3071 5501 οὐκ
3097 5418 3518 5501 αμφιϐἁλλεται.

2104 5492 2431 5563 (37)Biccps
2501 5488 2611 5545 hoe
2658 5491 2922 5563 adversus
2975 5488 3339 5563 Apollinarem
3392 5488 3624 5563 Eyssen:

2032 5558 2409 5631 argumentum
2453 5578 2625 5631 usque
2660 5562 2733 5631 ad
2789 5562 2879 5614 illa
2921 5558 3105 5624 verba,
3153 5560 3405 5631 θεότητος
3442 5558 3622 5627 eadem,

2032 5630 2217 5687 laudat
2276 5630 2596 5702 Euthymius
2655 5630 2962 5701 Zigabenus
3010 5631 3077 5702 in
3124 5647 3267 5702 saape
3300 5630 3622 5685 ’memorato

2038 5719 2159 5771 cap.
2206 5704 2267 5757 l5
2306 5701 2579 5768 Panoplia:
2608 5718 2727 5771 pag.
2764 5702 2871 5755 5‘25
2902 5703 2956 5756 in
2992 5701 3120 5756 l‘me.

2102 5770 2218 5843 (38)
2263 5775 2421 5827 Corr.
2461 5773 2548 5825 διὰ
2572 5770 2665 5825 τοῦ
2700 5771 2851 5843 Υἰοῦ.

2111 5845 2223 5913 (59)
2266 5846 2420 5900 Carr.
2481 5842 2603 5898 add.
2644 5842 2774 5913 γάρ.
