4146 6386
511 394 648 448 1165
1694 404 1774 459 ~S.
1822 404 2148 459 GREGURII
2189 406 2483 459 NYSSENI
3618 403 3761 459 H65

501 514 662 571 modo
712 515 861 570 illum
894 517 1069 587 ipsum
1098 515 1374 571 hominem
1411 518 1503 588 qui
1537 520 1693 576 nobis
1733 538 1855 593 quae
1894 523 2073 579 Patris

2193 542 2356 588 ιενον,
2402 524 2495 578 καὶ
2533 524 2631 575 ὅσα
2670 522 2805 577 ἀλλα
2836 521 3055 575 τοιαῦτα
3088 519 3225 573 κατά
3251 519 3342 572 τὸν
3372 518 3527 589 λόγον
3561 537 3764 589 συγκι-

500 615 628 660 sunt
688 606 905 663 loeutus
970 618 1079 673 est,
1115 609 1282 663 Deum
1326 625 1449 665 esse
1507 614 1831 669 szeculorum
1877 617 2071 671 condi-

2193 616 2427 685 (υμένως
2465 613 2734 678 διέξεισιν.

500 708 674 755 torem
712 703 894 759 dicit?
938 704 1072 769 Quis
1124 705 1284 758 nobis
1334 721 1599 760 novorum
1652 709 1883 765 istorum
1932 712 2283 780 mnigmatum
2332 710 2568 779 ineptias
2624 708 2950 779 explicabit?
3014 705 3182 761 Homo
3251 716 3539 773 antequam
3598 703 3763 757 homo

503 789 681 855 fieret,
720 800 775 846 et
821 808 950 847 caro
1003 794 1087 847 sui
1132 794 1466 850 creationem
1516 798 1843 867 antiquitate
1893 801 2227 869 pra-cedens,
2263 809 2316 855 et
2365 800 2609 854 anterius
2641 799 2880 861 saeculis,
2959 799 3103 867 quod
3175 796 3483 850 inrullimis
3548 804 3769 863 tempo-

1694 404 1774 460 ~S.
1822 404 2148 462 GREGUR"
2189 406 2483 461 NYSSENI

499 890 653 942 ribus
689 888 887 941 factum
922 896 1028 954 est,
1059 897 1111 942 et
1146 899 1411 958 quotquot
1440 893 1544 945 alia
1579 893 1664 947 his
1705 905 2076 950 consentanea
2116 896 2168 948 in
2219 910 2320 949 suo
2366 901 2603 948 tractatu
2642 894 2871 950 confuse
2904 893 3177 947 edisserit.

570 978 688 1034 XX.
722 978 826 1033 Sed
863 981 1098 1050 scriptor
1126 992 1331 1049 noster,
1367 996 1527 1054 prout
1560 986 1661 1040 sibi
1689 988 1864 1041 visum
1896 989 2077 1051 fuerit,

497 1084 593 1139 per
648 1086 867 1124 suarum
922 1074 1400 1130 ratiocinationum
1462 1078 1707 1133 salebras
1773 1095 1872 1149 pro
1922 1081 2081 1133 libitu

497 1166 747 1231 aberret;
782 1181 879 1217 nos
922 1175 1098 1221 autem
1147 1180 1432 1238 postquam
1472 1172 1824 1239 apostolicam
1874 1172 2079 1225 doctri-

497 1252 646 1318 nam,
688 1256 845 1324 cujus
889 1267 942 1311 et
982 1259 1095 1328 ipse
1143 1262 1408 1322 meminit,
1456 1262 1522 1315 ad
1574 1263 1765 1332 impias
1804 1262 1924 1331 ejus
1963 1265 2082 1332 opi-

495 1347 691 1402 niones
738 1348 1102 1405 confutandas
1153 1352 1207 1404 in
1261 1352 1496 1405 medium
1552 1352 1964 1418 adduxerimus,
2011 1354 2079 1406 ad

494 1437 631 1493 alias
654 1440 772 1507 ejus
814 1448 1078 1495 tractatus
1111 1450 1291 1509 partes
1324 1445 1760 1513 properabimus.
1818 1445 1921 1508 Qui
1961 1461 2079 1498 cum

494 1540 550 1590 in
581 1529 751 1595 [arma
780 1530 957 1591 Dei,Im
987 1534 1183 1602 inquit,
1219 1544 1371 1587 esset.
1406 1534 1521 1588 Non
1556 1537 1651 1599 ait,
1688 1551 1810 1589 cum
1848 1536 2079 1590 formam

494 1620 605 1674 Deo
640 1623 871 1677 similem
908 1626 1154 1687 haberet,
1186 1627 1332 1695 quod
1364 1627 1431 1682 de
1464 1644 1528 1681 eo
1574 1629 1667 1698 qui
1710 1629 1777 1682 ad
1824 1630 2079 1682 similitu-

492 1711 675 1765 dinem
712 1712 803 1766 Dei
834 1714 1008 1769 factus
1034 1728 1117 1769 est
1154 1715 1377 1781 dicitur,
1432 1718 1525 1772 sed
1566 1734 1688 1771 cum
1744 1720 1799 1773 in
1848 1720 1963 1789 ipsa
1988 1718 2079 1773 Dei

494 1802 669 1857 forma
700 1815 865 1870 esset,
899 1822 1024 1859 nam
1056 1809 1236 1860 omnia
1275 1824 1395 1877 qua:
1443 1807 1623 1864 Patris
1679 1818 1807 1863 sunt
1855 1810 1907 1862 in
1946 1806 2084 1861 Filio

493 1896 861 1965 reperiuntur.
892 1896 1079 1967 itaque
1120 1907 1174 1951 et
1213 1908 1477 1953 (eternium
1511 1909 1565 1954 et
1594 1901 1938 1971 quantitatis,
1970 1914 2085 1951 ma-

493 1988 645 2055 teria:
679 1992 1035 2059 corporisque
1071 2000 1349 2061 expertem
1384 2008 1526 2055 esse,
1561 2001 1620 2045 ut
1654 2008 1747 2062 per
1782 1992 1963 2046 omnia
1996 2008 2089 2060 pa-

490 2090 660 2135 ternae
686 2082 869 2151 figurae
904 2082 1077 2137 forma
1106 2084 1160 2138 in
1197 2083 1335 2139 Filio
1366 2093 1635 2139 servetur.
1684 2084 1752 2137 Et
1783 2100 1899 2137 cum
1931 2095 2083 2156 esset,

493 2175 714 2243 inquit,
780 2177 1000 2242 (equalis
1063 2175 1194 2230 Deo.
1253 2176 1492 2247 Ecquam
1568 2176 1926 2231 differentiam
1998 2176 2085 2229 vel

493 2269 919 2337 discrepantiam
962 2270 1103 2323 inter
1156 2269 1364 2322 Patrem
1404 2267 1717 2337 Filiumque
1748 2284 1848 2322 nos
1890 2267 2088 2321 intelli—

491 2376 621 2430 gere
647 2360 776 2414 sinit
808 2359 1135 2428 aequalitas?
1183 2359 1299 2424 Qua
1350 2360 1560 2413 ratione
1600 2360 1765 2413 etiam
1799 2359 1961 2413 rebus
1998 2375 2086 2413 se-

490 2451 732 2506 cundum
762 2458 1016 2505 naturam
1058 2451 1200 2504 inter
1226 2466 1285 2505 se
1317 2450 1765 2519 discrepantibus
1796 2452 2085 2521 aequalitas

490 2543 787 2598 convenire
837 2544 1073 2611 poterit?
1109 2541 1165 2595 Si
1220 2544 1366 2595 enim
1421 2542 1559 2594 alter
1606 2542 1830 2610 quidem
1888 2552 2087 2595 natura

490 2650 723 2689 carncus
756 2642 861 2699 est,
908 2633 1045 2687 alter
1091 2650 1223 2688 vero
1253 2634 1437 2687 carnis
1463 2648 1680 2703 expers,
1732 2634 2008 2703 quomodo
2036 2634 2086 2686 id

492 2726 638 2796 quod
676 2726 782 2779 tale
819 2734 903 2781 est
933 2727 980 2780 ei
1013 2726 1158 2796 quod
1187 2725 1292 2779 tale
1318 2740 1426 2778 non
1454 2735 1539 2779 est
1558 2726 1766 2794 :equale
1796 2724 2085 2794 quisquam

491 2816 694 2871 faciet?
725 2816 1033 2871 Exinanivit
1059 2859 1073 2883 ,
1108 2817 1307 2887 inquit,
1334 2819 1670 2886 semetipsum
1696 2817 1924 2885 formam
1953 2818 2088 2870 servi

493 2906 776 2975 accipiens.
810 2905 1066 2973 Quaenam
1104 2915 1188 2962 est
1209 2908 1351 2962 servi
1383 2908 1598 2961 forma?
1620 2907 1832 2976 Corpus
1866 2907 2086 2975 utique;

492 3013 671 3067 neque
699 2998 843 3052 enim
886 2998 1034 3053 aliud
1061 2998 1359 3069 quidquam
1397 3008 1592 3068 praeter
1620 2998 1721 3053 hoc
1746 3014 1865 3053 eam
1910 3014 2031 3053 esse
2058 3013 2087 3051 a

493 3089 747 3145 Patribus
779 3093 1112 3162 accepimus.
1153 3090 1294 3161 Ergo
1325 3091 1415 3160 qui
1448 3089 1644 3144 Filium
1680 3091 1823 3145 servi
1855 3094 2087 3143 formam

2266 988 2403 1041 Ἀλλ’
2434 991 2461 1041 6
2494 988 2592 1057 μὲν
2620 988 2955 1058 λογογράφος
2974 985 3113 1038 κατὰ
3135 984 3194 1037 τὸ
3218 982 3407 1037 δοκοῦν
3428 984 3483 1036 ὲν
3504 987 3621 1048 ταῖς
3648 985 3765 1036 τῶν

2183 1079 2458 1148 λογισμῶν
2490 1079 2725 1143 ἀνοδίαις
2750 1077 3134 1133 διαπλανάσθω
3157 1093 3171 1107 ⁸
3214 1077 3376 1146 ἡμεῖς
3404 1076 3460 1128 δὲ
3491 1076 3589 1147 τὴν
3623 1076 3761 1128 ἀπο-

2187 1170 2436 1241 στολικὴν
2485 1169 2851 1234 διδασκαλίαν,
2897 1167 2997 1238 τὴν
3031 1169 3159 1235 παρ’
3199 1165 3365 1217 αὑτοῦ
3398 1164 3585 1218 τούτου
3622 1183 3761 1235 μνη-

2190 1261 2536 1332 μονευθεῖσαν
2562 1300 2577 1325 ,
2620 1262 2697 1323 είς
2750 1260 2971 1329 ἔλεγχον
3020 1259 3130 1311 τῶν
3174 1256 3387 1310 ἀσεϐῶν
3436 1257 3760 1328 ὑπολήψεων

2189 1353 2526 1425 παραθέντες
2551 1394 2564 1418 ,
2597 1354 2733 1424 πρὸς
2780 1354 2848 1405 τὰ
2884 1351 3012 1419 ἑξῆς
3045 1350 3138 1403 τοῦ
3188 1349 3346 1418 λόγου
3380 1350 3756 1421 δραμούμεθα.

2194 1449 2296 1511 Ὃς
2332 1446 2401 1499 ἐν
2439 1443 2638 1514 μορφῇ
2687 1444 2854 1506 Θεοῦ,
2903 1444 3087 1513 φησιν,
3136 1441 3442 1510 ὑπάρχων.
3479 1437 3756 1499 υύκεῖπε,

2191 1537 2402 1608 μορφὴν
2434 1537 2569 1607 ἔχων
2600 1537 2790 1606 ὁμοίαν
2824 1535 2977 1596 Θεοῦ,
3008 1536 3143 1605 ὅπερ
3177 1535 3270 1586 ἐπὶ
3300 1533 3392 1585 τοῦ
3428 1534 3549 1586 καθ’
3570 1535 3761 1603 ὁμοίω-

2194 1647 2275 1681 σιν
2314 1626 2449 1680 Θεοῦ
2491 1626 2773 1695 γεγονότος
2805 1624 3042 1692 λέγεται,
3083 1623 3196 1675 ἀλλ’
3240 1625 3297 1675 ὲν
3332 1623 3469 1692 αὐτῇ
3501 1623 3758 1692 ὑπάρχων

2188 1721 2281 1774 τοῦ
2318 1720 2451 1773 Θεοῦ
2485 1724 2548 1790 τῇ
2586 1721 2798 1790 μορφῇ·
2838 1718 3018 1770 πάντα
3058 1715 3167 1788 γὰρ
3211 1715 3280 1769 τά
3318 1716 3412 1769 τοῦ
3457 1715 3663 1785 Πατρὸς
3699 1718 3758 1766 ἐν

2190 1814 2265 1884 τῷ
2297 1813 2430 1885 rep.
2465 1812 2672 1865 Οὐκοῦν
2705 1810 2878 1863 καὶτὸ
2911 1809 3101 1874 ἀΐδιον,
3137 1808 3232 1861 καὶ
3259 1806 3317 1860 τὸ
3341 1809 3562 1869 ἀποσον,
3587 1806 3678 1858 καὶ
3700 1805 3759 1857 τὸ

2189 1906 2370 1969 ἄῦλον,
2405 1904 2498 1957 καὶ
2530 1903 2839 1974 ἀσώματον,
2866 1903 2941 1964 ὡς
2971 1901 3036 1955 ἂν
3054 1900 3143 1952 διὰ
3170 1900 3387 1954 πάντων
3414 1897 3636 1961 σώζοιτο
3664 1897 3759 1949 τοῦ

2191 1995 2454 2067 πατρικοῦ
2480 1994 2829 2067 χαρακτῆρος
2858 1994 2914 2045 ἐν
2951 1992 3029 2061 τῷ
3056 1990 3173 2061 Υίῷ
3212 1993 3245 2061 ἡ
3293 1989 3475 2060 μορφή
3501 2005 3513 2016 ⁸
3548 1988 3645 2042 καὶ
3675 1986 3761 2039 ὢν

2189 2082 2293 2138 ἶσα
2325 2084 2477 2149 Θεῷ·
2516 2084 2675 2137 ποίαν
2706 2086 2738 2154 ἡ
2772 2082 2953 2153 ἰσότης
2980 2082 3241 2151 διαφορᾶς
3279 2096 3459 2144 τινος,
3496 2079 3528 2149 ἢ
3561 2080 3764 2150 παρα).-

2188 2176 2358 2245 λαγῆς
2392 2176 2599 2229 ἔννοιαν
2639 2173 2988 2227 ὑπολείπεται
3014 2189 3028 2236 ;
3057 2172 3180 2235 Πῶς
3218 2171 3260 2223 δ’
3299 2170 3365 2224 ἂν
3394 2170 3761 2240 ἐφαρμοσθεζη

2189 2272 2298 2331 τοῖς
2325 2266 2467 2320 κατά
2490 2267 2587 2338 τὴν
2622 2266 2782 2334 φύσιν
2810 2263 3283 2335 παρηλλαγμένοις
3314 2262 3375 2315 τὸ
3394 2257 3509 2315 ἴσον
3533 2279 3546 2326 ;
3570 2262 3633 2315 Ei
3654 2262 3763 2331 γὰρ

2188 2363 2216 2413 6
2251 2360 2347 2429 μὲν
2380 2358 2663 2430 σαρκώδης
2682 2357 2779 2428 τὴν
2810 2356 2990 2426 φύσιν,
3025 2357 3052 2408 6
3077 2355 3134 2408 δὲ
3162 2354 3481 2426 καθαρεύων
3504 2355 3609 2407 ἀπὸ
3632 2371 3765 2423 σαρ-

2189 2453 2309 2524 κὸς,
2357 2450 2474 2515 πῶς
2508 2450 2572 2504 ἄν
2610 2468 2692 2513 τις
2741 2452 2820 2513 εἰς
2865 2445 2981 2502 ἶσον
3012 2448 3133 2517 ἄγοι
3174 2446 3236 2500 τὸ
3284 2447 3525 2501 τοιοῦτον
3572 2446 3649 2516 τῷ
3686 2446 3762 2517 μὴ

2187 2544 2446 2613 eratad-rip;
2484 2542 2812 2597 Ἐκένωσεν
2828 2542 3063 2604 ἑαυτὸν,
3100 2542 3251 2611 φησὶ,
3275 2540 3516 2609 μορφὴν
3539 2540 3767 2593 δούλου

2188 2635 2406 2689 λαϐών.
2449 2634 2545 2696 Τίς
2569 2638 2602 2705 ἡ
2634 2635 2849 2705 δουλικὴ
2881 2635 3060 2705 μορφή
3092 2650 3106 2698 ;
3134 2635 3357 2696 Πάντως
3386 2634 3447 2685 τὸ
3481 2632 3668 2703 σῶμα·
3701 2632 3761 2684 οὑ

2190 2730 2296 2798 γὰρ
2318 2728 2501 2798 ἕτερόν
2524 2746 2575 2780 τι
2607 2727 2757 2797 παρά
2786 2727 2975 2780 τούτου
3005 2728 3152 2797 παρὰ
3180 2727 3287 2779 τῶν
3317 2726 3577 2796 ΠατέρυΝ
3598 2723 3765 2793 ἢκθῦ·

2193 2837 2382 2890 σαμεν.
2421 2819 2627 2871 Οὐκοῦν
2660 2822 2689 2871 6
2735 2819 2921 2883 εἰπὼν,
2954 2820 3036 2872 ὅτι
3080 2819 3294 2890 μορφὴν
3328 2818 3488 2871 ἔλαϐε
3532 2817 3718 2870 δούλου
3744 2860 3760 2881 ,

2193 2911 2327 2981 σὰρξ
2354 2910 2409 2964 δέ
2442 2912 2587 2963 ἐστιν
2618 2912 2651 2981 ἡ
2684 2910 2883 2981 μορφὴ,
2912 2910 3039 2963 ἀλλο
3066 2928 3118 2963 τι
3152 2910 3280 2963 ὄντα
3304 2909 3464 2963 αὐτὸν
3497 2910 3638 2963 κατά
3665 2909 3766 2979 τήν

2192 3002 2340 3055 θείαν
2374 3002 2607 3072 μορφὴν,
2641 3001 2767 3055 ἄλλο
2794 3018 2846 3052 τι
2877 2995 3042 3053 οὖσαν
3085 3004 3151 3071 τῇ
3191 3001 3349 3069 φύσει
3382 3002 3482 3071 τὴν
3514 2999 3767 3070 δουλικὴν

2194 3094 2402 3166 μορφὴν
2431 3094 2709 3164 εἰληφέναι
2741 3093 2903 3162 λέγει.
2942 3094 3101 3147 Ἀλλὰ
3130 3095 3223 3147 καὶ
3253 3092 3402 3164 ήτοῦ
3438 3093 3768 3147 Ἐκένωσεν

494 3184 773 3251 accepisse
816 3183 970 3247 dicit,
1024 3199 1145 3253 quae
1200 3184 1418 3253 quidem
1456 3182 1630 3236 forma
1663 3184 1733 3236 sit
1760 3184 1878 3251 ipsa
1930 3196 2080 3244 caro,

2193 3189 2328 3253 λέξις
2360 3187 2545 3256 σαφῶς
2578 3186 2873 3256 παρίστησι
2906 3187 2971 3239 τὸ
3016 3186 3091 3256 μὴ
3122 3188 3207 3239 ἀεὶ
3235 3186 3391 3239 τοῦτο
3413 3181 3577 3249 εἶναι,
3629 3188 3766 3255 ὅπερ

494 3274 586 3329 ille
630 3274 873 3345 profecto
920 3275 1083 3329 etiam
1136 3275 1335 3329 asserit
1381 3288 1528 3337 eum,
1585 3288 1707 3326 cum
1756 3272 1903 3326 aliud
1959 3273 2091 3342 quid

494 3376 639 3423 esset
691 3367 873 3421 divina
908 3368 1103 3430 forma,
1153 3368 1404 3422 servilem
1455 3368 1709 3430 formam,
1743 3380 1864 3435 quae
1901 3366 2091 3419 itidem

494 3468 689 3513 natura
727 3458 875 3513 aliud
908 3458 1207 3529 quidquam
1244 3457 1338 3513 Dei
1373 3457 1549 3513 forma
1580 3457 1671 3521 sit,
1702 3457 2087 3526 assumpsisse.

495 3558 604 3612 Sed
632 3564 686 3611 et
712 3559 938 3612 verbum
970 3557 1280 3612 Eriimnivit
1311 3557 1459 3613 clare
1488 3557 1728 3612 ostendit
1765 3558 1947 3627 ipsum
1980 3573 2092 3610 non

495 3647 549 3701 id
578 3662 793 3715 semper
823 3646 992 3702 fuisse
1025 3646 1173 3717 quod
1207 3648 1364 3700 nobis
1400 3648 1674 3716 apparuit,
1700 3650 1791 3701 sed
1824 3664 1947 3703 esse
1973 3649 2094 3718 qui-

494 3739 617 3793 dem
646 3740 698 3792 in
725 3738 1028 3793 divinitatis
1059 3739 1393 3809 plenitudine
1410 3741 1671 3809 aequalem
1700 3739 1827 3804 Deo,
1862 3753 1914 3794 et
1944 3741 2094 3810 omni

495 3845 722 3900 prorsus
810 3840 1080 3886 creaturae
1148 3832 1495 3887 inaccessum
1564 3833 1844 3902 multoque
1912 3834 2093 3887 minus

496 3926 649 3981 brevi
682 3935 736 3981 et
769 3938 1002 3997 angusto
1040 3927 1291 3981 humana:
1336 3936 1543 3981 natura:
1581 3928 1788 3981 ambitu
1840 3942 2094 3996 compre-

497 4021 762 4088 hensum;
795 4028 927 4074 tunc
960 4028 1144 4075 autem
1182 4036 1211 4074 a
1254 4020 1397 4075 fluxa
1446 4020 1735 4091 fragilique
1778 4022 1960 4075 carnis
1996 4036 2095 4074 na-

497 4122 620 4167 tura
656 4115 1136 4184 cireumscriptum
1162 4114 1353 4180 fuisse,
1387 4130 1534 4181 cum,
1572 4124 1631 4168 ut
1658 4116 1954 4185 Apostolus
1996 4117 2091 4182 ait,

501 4201 825 4261 ineffabilem
874 4207 1176 4262 divinitatis
1204 4223 1316 4263 suae
1359 4208 1586 4277 gloriam
1619 4208 1921 4263 exinanivit
1947 4217 2001 4263 et
2026 4209 2095 4263 ad

501 4308 705 4353 nostra:
767 4310 979 4353 natura:
1027 4299 1309 4352 modulum
1359 4298 1656 4359 imminuit,
1711 4299 1787 4353 ita
1840 4307 1898 4351 ut
1949 4300 2094 4368 quod

501 4390 718 4458 quidem
744 4404 837 4459 per
856 4405 913 4443 se
930 4396 1067 4451 erat,
1093 4404 1348 4459 magnum
1377 4396 1545 4449 esset,
1573 4396 1737 4458 atque
1766 4390 2093 4459 perfectum,

500 4490 554 4535 et
573 4481 1122 4551 incomprehensibile
1142 4498 1154 4545 ;
1176 4481 1320 4550 quod
1336 4489 1516 4535 autem
1540 4487 1859 4551 assumpsn,
1885 4489 2095 4534 naturae

2194 3282 2324 3349 ἡμῖν
2363 3278 2555 3350 ὤφθη,
2597 3279 2712 3331 ἀλλ’
2758 3277 2897 3332 εἶναι
2936 3280 3032 3349 μὲν
3068 3280 3126 3331 ὲν
3172 3277 3249 3349 τῷ
3300 3278 3625 3350 πληρώματι
3667 3280 3767 3347 τῆς

2195 3371 2443 3440 θεότητος
2478 3367 2570 3423 ῐσα
2613 3370 2730 3441 Θεῷ
2754 3412 2768 3436 ,
2802 3372 3096 3442 ἀπρόσιτον
3119 3412 3133 3435 ,
3177 3371 3270 3424 καί
3302 3371 3765 3439 ἀπροσπέλαστον,

2193 3465 2288 3517 καὶ
2318 3464 2558 3535 μάλιστά.
2574 3481 2635 3531 γε
2670 3467 2734 3534 τῇ
2779 3463 3075 3534 βραχύτητι
3106 3466 3205 3534 τῆς
3230 3464 3578 3535 ἀνθρωπίνης
3622 3465 3771 3517 οὐδε-

2194 3559 2341 3619 νείας
2384 3557 2701 3626 ἁχώρηστον
2742 3556 2876 3625 (40)·
2913 3556 3156 3627 χωρητὸν
3190 3556 3247 3608 δὲ
3285 3559 3351 3625 τῇ
3394 3558 3643 3626 ἐπικήρῳ
3671 3557 3769 3625 τῆς

2198 3648 2398 3717 σαρκὸς
2440 3648 2601 3716 φύσει
2648 3648 2771 3700 τότε
2810 3649 3126 3718 γενόμενον,
3167 3649 3256 3701 ὅτε
3286 3649 3519 3701 ἐκένωσε
3543 3688 3556 3711 ,
3587 3646 3770 3710 καθώς

2197 3757 2358 3812 φησιν
2387 3742 2415 3793 6
2459 3739 2799 3803 Ἀπόστολος,
2829 3738 2927 3809 τὴν
2955 3738 3231 3809 ἄφραστον
3260 3739 3423 3792 αὑτοῦ
3457 3740 3551 3810 τῆς
3581 3740 3772 3809 θεότη-

2196 3849 2284 3894 τος
2307 3831 2463 3896 δόξαν
2486 3832 2580 3883 καὶ
2604 3833 2669 3901 τῇ
2700 3828 2998 3900 βραχύτητι
3019 3828 3175 3899 ἡμῶν
3202 3829 3770 3900 συγκατεσμίκρυνεν,

2198 3924 2337 3977 ὥστε
2357 3923 2385 3975 ὃ
2410 3923 2506 3993 μὲν
2527 3918 2615 3993 ἦν,
2650 3923 2791 3991 μέγα
2820 3921 2914 3973 καὶ
2932 3920 3135 3973 τέλειον
3163 3922 3257 3973 καὶ
3280 3920 3647 3992 ἀπερίληπτον
3667 3914 3738 3992 ἦν
3756 3939 3771 3951 ·

2197 4014 2225 4067 ὃ
2258 4014 2315 4067 δὲ
2345 4013 2556 4078 ἔλαϐεν,
2599 4011 2912 4082 ἰσομέγεθες
2959 4007 3028 4081 ἦν
3057 4010 3135 4081 τῷ
3178 4013 3431 4084 ἡμετέρῳ
3462 4013 3642 4084 μέτρῳ
3673 4014 3775 4082 τῆς

2198 4105 2433 4174 φύσεως.
2477 4104 2574 4157 Ἐν
2601 4102 2913 4172 ὁμοιώματι
2944 4102 3075 4173 γὰρ,
3104 4104 3290 4172 φησὶν,
3326 4102 3638 4172 ἀνθρώπου
3680 4121 3774 4173 γε·

2197 4199 2449 4266 νόμενος
2502 4196 2599 4248 καὶ
2651 4194 2952 4264 σχήματι,
2987 4195 3063 4258 ὼς
3104 4195 3203 4247 ούκ
3242 4194 3379 4265 ἔχων
3427 4195 3667 4266 δηλονότι
3715 4196 3774 4261 ἐξ

2200 4290 2374 4360 ἀρχῆς
2434 4288 2561 4356 περὶ
2603 4286 2765 4339 αὐτὸν
2819 4285 2928 4356 (41)
2982 4285 3084 4355 τῆς
3137 4286 3391 4356 τοιαύτης
3448 4288 3660 4354 φύσεως
3717 4288 3775 4339 τὸ

2197 4380 2467 4449 ὁμοίωμα,
2498 4377 2615 4431 οὐδὲ
2656 4373 2791 4445 πρός
2813 4392 2936 4429 τινα
2964 4374 3263 4446 σωματώδη
3309 4376 3476 4428 τύπον
3508 4392 3776 4445 σχηματι-

2199 4472 2441 4542 ζόμενος.
2492 4469 2615 4532 Πῶς
2650 4472 2760 4537 γὰρ
2812 4466 2877 4521 ἂν
2922 4468 3324 4539 περιτυπωθείη
3373 4468 3450 4537 τῷ
3498 4468 3775 4538 ἀσωμάτῳ

501 4582 705 4626 nostra
744 4571 1023 4626 modulum
1064 4586 1174 4625 non
1219 4572 1546 4636 excederet;
1585 4572 1660 4625 ait
1696 4573 1863 4634 enim,
1900 4570 1962 4624 In
2009 4573 2085 4625 si-

2200 4539 2299 4635 σχῆ
2310 4580 2475 4633 ματος
2502 4562 2703 4627 τύπος;
2745 4560 2906 4614 Ἀλλὰ
2927 4560 3049 4613 τότε
3082 4562 3140 4614 ὲν
3164 4562 3401 4631 σχήματι
3424 4560 3655 4628 γίνεται.
3682 4561 3772 4613 ὅτε

500 4663 855 4717 militudinem
897 4672 947 4717 et
990 4662 1226 4715 habitum
1258 4662 1485 4715 hominis
1523 4663 1723 4731 factus,
1765 4670 1953 4732 utpote
1992 4663 2085 4732 qui

501 4757 573 4810 ab
610 4757 766 4810 initio
818 4771 929 4811 non
963 4754 1217 4809 habuerit
1240 4752 1297 4806 in
1326 4769 1385 4808 se
1415 4755 1532 4823 ipso
1560 4751 1937 4821 hujuscemodi
1984 4769 2085 4806 na-

2195 4654 2661 4725 σχηματιξόμενος
2700 4652 2877 4724 ἐαυτῷ
2910 4652 3241 4724 περιτίθησι.
3284 4652 3452 4705 Τοῦτο
3472 4653 3529 4705 δέ
3552 4656 3699 4707 ἐστιν
3734 4656 3765 4723 ἡ

2193 4750 2284 4802 τοῦ
2327 4748 2576 4819 σώματος
2610 4746 2770 4814 φύσις

502 4858 639 4902 tura:
690 4846 1132 4910 similitudinem,
1176 4860 1355 4914 neque
1406 4844 1472 4897 ad
1528 4846 1693 4898 ullam
1748 4845 2087 4913 corporalem
2128 4845 2355 4899 fortnam
2384 4841 2756 4909 conﬁguratus
2784 4839 2875 4894 sit.
2910 4839 3193 4902 Quomono
3260 4849 3403 4889 enim
3446 4834 3525 4888 rei
3593 4833 3775 4887 incor-

504 4954 681 5011 poreae
710 4937 945 5007 alicujus
981 4937 1165 5008 figurae
1200 4936 1376 4991 forma
1449 4936 1716 5005 impressa
1756 4934 1988 4990 fuisset?
2052 4935 2158 4990 Sed
2198 4944 2329 4988 tunc
2373 4934 2426 4987 in
2474 4930 2721 5001 corporis
2766 4930 3001 5000 speciem
3049 4927 3228 4983 factus
3274 4936 3379 4990 est,
3431 4942 3557 4981 cum
3604 4942 3664 4981 ea
3728 4946 3790 4984 se

503 5032 682 5099 ipsum
710 5029 887 5083 induit
913 5048 924 5082 :
957 5029 1074 5085 haec
1104 5038 1287 5085 autem
1310 5038 1394 5084 est
1428 5030 1545 5098 ipsa
1579 5030 1828 5100 corporis
1856 5029 2082 5083 humani
2120 5038 2335 5083 natura.

578 5122 720 5177 XXI.
761 5122 1013 5179 Inventus
1069 5125 1255 5194 itaque
1306 5134 1363 5178 ut
1409 5125 1583 5180 homo.
1639 5124 1775 5179 Nam
1822 5133 1877 5180 et
1932 5126 2094 5179 homo

505 5226 644 5280 erat,
681 5217 933 5285 quamvis
970 5230 1081 5270 non
1115 5231 1213 5286 per
1241 5217 1425 5269 omnia
1458 5217 1638 5283 homo,
1671 5216 1765 5271 sed
1807 5225 1865 5270 ut
1908 5216 2090 5279 homo,

506 5310 576 5362 ob
605 5316 864 5362 maternae
893 5306 1223 5378 virginitatis
1250 5310 1592 5378 mysterium,
1656 5315 1713 5362 ut
1740 5323 1933 5376 nempe
1969 5308 2095 5362 hinc

508 5400 860 5455 manifestum
898 5407 1045 5455 esset
1073 5400 1253 5469 ipsum
1282 5417 1389 5455 non
1422 5402 1678 5456 on'inibus
1721 5402 1971 5454 humana:
1998 5417 2096 5455 na-

506 5501 645 5546 tura:
691 5492 901 5561 legibus
950 5491 1308 5555 inserviisse,
1359 5491 1454 5545 sed
1504 5506 1567 5544 ea
1614 5506 1736 5560 qua:
1786 5489 1957 5545 Deum
2005 5489 2100 5545 de-

507 5594 656 5640 ceret
674 5585 883 5638 ratione
900 5584 1064 5639 vitam
1084 5585 1413 5656 ingressum,
1445 5590 1499 5637 et
1523 5582 1587 5637 ad
1617 5583 1820 5655 proprii
1848 5583 2097 5654 corporis

580 5718 625 5751 ⁵⁸
657 5718 889 5786 Philipp.
922 5734 983 5781 ll,
1023 5718 1052 5769 7
1085 5734 1206 5788 sqq.

585 5856 694 5929 (40)
729 5856 879 5910 (ἶυΠ.
908 5855 1208 5925 ἀχιῖιρητον.

2270 5120 2549 5191 Εὑρεθεὶς
2570 5120 2748 5173 τοίνυν
2764 5118 2839 5185 ὠς
2857 5118 3185 5189 ἄνθρωπος’
3203 5115 3419 5187 καὶγὰρ
3443 5117 3536 5169 καὶ
3565 5114 3778 5186 ἄνθρω-

2202 5232 2319 5277 πος,
2350 5216 2399 5266 εἰ
2426 5214 2518 5267 καὶ
2544 5212 2619 5282 μὴ
2645 5212 2711 5264 δι’
2737 5211 2859 5265 ὅλου
2887 5210 3193 5281 ἄνθρωπος,
3219 5208 3332 5262 ἀλλ’
3364 5208 3439 5271 ώς
3470 5208 3777 5277 ἄνθρωπος,

2200 5306 2290 5359 διὰ
2317 5306 2377 5358 τὸ
2398 5304 2539 5357 κατὰ
2564 5304 2661 5375 τὴν
2691 5300 2987 5374 παρθενίαν
3018 5301 3329 5371 μυστήριονο
3356 5299 3432 5362 ὡς
3459 5298 3525 5352 ἂν
3547 5299 3779 5370 φανερὸν

2207 5398 2295 5451 διά
2328 5396 2485 5449 τοῦτο
2511 5395 2741 5464 γένοιτο,
2767 5395 2849 5447 ὅτι
2880 5394 2941 5446 ού
2971 5393 3058 5446 διὰ
3084 5393 3299 5445 πάντων
3331 5393 3445 5454 τοῖς
3474 5390 3659 5461 νόμοις
3678 5388 3782 5453 τῗιῖ

2207 5488 2553 5560 ἀνθρωπίνης
2591 5487 2868 5540 ἐδούλευσε
2906 5485 3153 5554 φύσεως,
3183 5484 3317 5538 ἀλλά
3349 5483 3546 5547 θεῖκῶς
3591 5483 3781 5536 ἑαυτὴν

2208 5578 2505 5640 είσοικίσας
2528 5577 2604 5647 τῷ
2637 5576 2757 5646 βίῳ,
2790 5577 2885 5629 καὶ
2913 5576 2986 5647 μὴ
3013 5574 3224 5647 δεηθεὶς
3252 5574 3351 5647 τῆς
3372 5574 3437 5626 ὲκ
3466 5572 3558 5627 τοῦ
3602 5571 3784 5643 γάμου

2273 5849 2383 5918 (Η)
2413 5846 2568 5899 Corr.
2603 5842 2726 5912 περὶ
2750 5842 2959 5896 ἑαυτόν.
