4146 6386
370 448 512 506 ιεοδ

1524 434 1894 508 ADVERSUS
1927 433 2440 492 APOLLINAREM.

3486 440 3509 493 ί
3528 441 3622 496 1-66

368 564 645 633 ἐνεργείας
685 562 818 633 πρὸς
848 562 947 634 τὴν
981 562 1326 632 κατασκευὴν
1361 560 1473 630 (4⁸2)
1506 561 1600 615 τοῦ
1649 561 1779 614 ἰδίου
1808 561 1943 614 πλά-

2046 561 2493 613 constitutionem
2545 559 2856 628 nuptiarum
2903 574 3067 629 opere
3111 574 3216 612 non
3267 557 3620 628 indigentem,

370 672 595 725 σματος,
629 655 940 726 εὑρίσκεται
962 654 1021 706 οὐ
1051 654 1140 706 διὰ
1174 656 1390 708 πάντων
1429 652 1604 715 κοινὸς
1632 653 1939 724 ἄνθρωπος,

369 748 455 801 διὰ
476 747 535 800 τὸ
568 746 1016 818 παρηλλαγμένον
1046 747 1208 801 αὐτοῦ
1237 748 1334 817 τῆς
1367 746 1694 808 συστάσεως,
1723 745 1839 798 ἀλλ’
1867 745 1944 808 ὡς

371 839 670 909 ἄνθρωπος.
699 840 807 892 Καὶ
835 837 1006 902 οὕτως
1033 839 1395 892 ἐταπείνωσεν
1422 839 1630 902 ἑαυτὸν,
1659 838 1944 907 ἀτρέπτως

370 930 658 1000 γενόμενος
697 929 1000 999 ἄνθρωπος.
1035 931 1096 983 Εἰ
1115 923 1230 1000 ’γὰρ
1257 929 1350 982 ἀπ’
1383 931 1557 1000 ἀρχῆς
1585 927 1743 982 τοῦτο
1769 925 1857 998 ῆν,
1886 931 1942 980 ὲν

370 1020 475 1073 τίνι
514 1021 733 1088 γέγονεν
766 1022 798 1090 ἡ
831 1020 1189 1084 ταπείνωσιςς
1225 1019 1339 1072 Νῦν
1384 1019 1441 1073 δὲ
1486 1023 1514 1072 6
1550 1017 1812 1090 ’Υψιστος
1857 1019 1944 1072 διὰ

371 1112 469 1180 τῆς
494 1111 628 1181 πρὸς
648 1110 706 1163 τὸ
729 1110 980 1164 ταπεινὸν
1003 1110 1102 1180 τῆς
1123 1109 1338 1178 φύσεως
1371 1109 1528 1180 ἡμῶν
1551 1111 1794 1174 ὲνώσεως
1820 1112 1945 1163 ἑαυ-

370 1203 463 1256 τὸν
491 1203 872 1256 ἐταπείνωσεν.
918 1202 1169 1265 Ἑνωθεὶς
1212 1204 1323 1273 γὰρ
1358 1205 1424 1272 τῇ
1470 1204 1650 1271 μορφῇ
1694 1203 1788 1254 τοῦ
1824 1201 1944 1254 δού·

371 1291 484 1357 λου,
506 1292 572 1362 ἣν
603 1292 783 1355 ἔλαϐε,
816 1294 907 1346 καὶ
935 1293 992 1346 ἓν
1028 1293 1165 1364 πρὸς
1192 1291 1360 1361 αὐτὴν
1380 1291 1689 1360 γενόμενος,
1716 1290 1947 1344 οἰκειοῦ-

371 1400 462 1438 ται
488 1383 559 1436 τὰ
599 1383 692 1436 τσῦ
732 1383 917 1437 δούλου
967 1383 1110 1454 πάθη
1135 1424 1149 1448 ,
1174 1383 1268 1435 καὶ
1295 1381 1546 1453 καθάπερ
1592 1382 1686 1434 καὶ
1712 1384 1770 1436 ἐν
1814 1383 1944 1452 ἡμῖν

373 1474 578 1540 γίνεται
615 1472 701 1526 διὰ
743 1474 839 1543 τῆς
881 1473 1016 1543 πρὸς
1058 1472 1125 1524 τά
1155 1472 1288 1542 μέλη
1323 1472 1619 1539 συμφυΐας,
1653 1473 1748 1524 ἐάν
1790 1489 1841 1524 τι
1868 1470 1946 1541 τῷ

373 1565 525 1634 ἄκρῳ
553 1564 802 1634 συμπέσῃ
825 1565 916 1617 τοῦ
946 1564 1156 1634 ὄνυχος,
1180 1563 1239 1616 τὸ
1264 1564 1370 1615 πᾶν
1400 1562 1476 1632 τῷ
1498 1563 1786 1616 πεπονθότι
1816 1581 1945 1616 συν-

374 1657 685 1717 διατίθεται,
710 1657 792 1724 ἐφ’
815 1656 930 1709 ὅλον
954 1656 1014 1709 τὸ
1040 1656 1194 1726 σῶμα
1222 1655 1512 1726 διηκούσης
1530 1655 1630 1725 τῆς
1654 1655 1944 1726 συναισθή-

377 1765 514 1810 σεως
536 1787 551 1812 ,
581 1747 752 1810 οὕτως
783 1749 811 1799 6
864 1747 1081 1809 évwee‘t;
1127 1745 1282 1817 ἡμῶν
1313 1751 1379 1818 τῇ
1422 1746 1580 1821 φύσει
1602 1787 1617 1812 ,
1653 1747 1945 1800 οἰκειοῦται

372 1840 443 1894 τὲι
471 1839 716 1911 ἡμέτερα
745 1838 913 1908 πάθη,
945 1838 1128 1902 καθώς
1160 1855 1323 1909 φησιν
1363 1838 1611 1902 Ἡσαΐας,
1645 1839 1726 1892 ὅτι
1754 1839 1945 1904 Αὐτὸς

2045 654 2265 720 reperiri
2294 666 2400 704 non
2427 657 2486 702 ut
2517 652 2737 702 omnino
2758 649 3031 718 vulgarent
3060 648 3357 711 hominem,
3384 663 3449 702 eo
3476 649 3620 718 quod

2049 742 2269 796 diverso
2297 757 2325 793 ει
2350 741 2562 797 εωιετίε
2589 740 2900 795 hominibus
2925 738 3144 805 opiﬁcio
3170 738 3429 794 conditus
3455 750 3622 802 esset,

2046 833 2140 888 sed
2194 840 2251 887 ut
2305 833 2602 896 hominem,
2654 846 2827 901 eoque
2875 840 3035 899 pacto
3093 831 3398 884 humiliavit
3451 841 3624 886 semet

2047 925 2248 994 ipsum,
2300 923 2419 977 sine
2468 924 2574 976 ulla
2625 923 2710 978 sui
2761 923 3060 976 mutatione
3103 921 3278 976 factus
3320 920 3505 976 homo.
3564 921 3622 974 Si

2047 1017 2190 1071 enim
2232 1017 2300 1070 ab
2329 1016 2486 1070 initio
2525 1015 2577 1070 id
2607 1015 2929 1071 exstitisset.
2965 1029 3201 1083 quanam
3229 1016 3283 1068 in
3313 1029 3374 1067 re
3442 1014 3625 1066 humi-

2046 1109 2209 1163 liatus
2240 1107 2421 1162 esset?
2463 1106 2617 1160 Nunc
2661 1117 2839 1160 autem
2881 1107 3194 1160 Altissimus
3224 1121 3329 1175 per.
3361 1106 3618 1160 unionem

2047 1215 2168 1253 cum
2210 1210 2417 1252 natura).
2449 1207 2650 1252 nostra:
2671 1198 2973 1252 humilitate
3007 1199 3196 1251 initam
3229 1213 3288 1252 se
3313 1199 3492 1266 ipsum
3519 1197 3622 1250 hu-

2045 1291 2294 1344 miliavit.
2327 1291 2462 1344 Nam
2492 1289 2680 1343 forum
2709 1289 2874 1352 servi,
2897 1305 3057 1358 quam
3087 1290 3405 1358 assumpsit,
3435 1289 3625 1342 unitus

2046 1391 2100 1437 et
2136 1396 2304 1434 unum
2341 1381 2466 1450 quid
2498 1396 2622 1435 cum
2655 1381 2770 1450 ipsa
2797 1380 2993 1442 factus,
3021 1382 3160 1434 servi
3197 1380 3479 1450 passiones
3519 1380 3625 1434 sibi

2047 1475 2296 1544 pr0prias
2321 1473 2586 1538 reddidit;
2610 1483 2663 1528 et
2691 1473 3144 1544 quemadmodum
3169 1473 3238 1526 ob
3259 1473 3622 1528 membrorum

2048 1567 2192 1620 inter
2220 1580 2277 1620 se
2307 1565 2696 1620 connexionem
2723 1566 2881 1619 nobis
2903 1565 3117 1619 evenire
3145 1565 3302 1629 solet,
3328 1573 3388 1618 ut
3418 1564 3464 1619 si
3493 1563 3624 1635 quid

2049 1656 2178 1710 mali
2232 1656 2286 1708 in
2323 1655 2634 1710 summitate
2673 1655 2935 1724 unguium
2971 1655 3263 1718 acciderit,
3300 1663 3473 1708 totum
3516 1669 3626 1708 una

2050 1763 2174 1800 cum
2220 1747 2345 1800 laesa
2395 1754 2550 1814 parte
2589 1747 2790 1815 pariter
2833 1745 3118 1809 alliciatur,
3153 1746 3341 1800 dolore
3380 1761 3475 1815 per
3503 1747 3627 1799 uni-

2049 1852 2263 1891 versum
2329 1849 2529 1905 corpus
2586 1842 2954 1903 pervagaule:
3013 1835 3084 1886 ita
3144 1841 3354 1886 natura:
3417 1841 3626 1886 nostra:

374 1929 485 1995 τὰς
533 1928 853 1992 ἀσθενείας
889 1926 1059 1994 ἡμῶν
1099 1925 1351 1980 ἀνέλαϐε
1376 1966 1390 1988 ,
1448 1925 1544 1978 καὶ
1585 1925 1691 1990 τὰς
1733 1925 1943 1988 νόσους

2061 1930 2264 1992 unitns,
2301 1929 2585 1998 passiones
2642 1938 2862 1980 nostras
2903 1927 3154 1996 proprias
3203 1926 3305 1980 sibi
3363 1924 3510 1990 fecit,
3572 1936 3627 1980 et

374 2020 670 2075 ἑὸἄστασε
694 2061 708 2084 ,
733 2017 831 2088 τὴν
867 2018 1007 2088 ὑπὲρ
1029 2017 1186 2088 ἡμῶν
1221 2015 1460 2077 ὑποστὰς
1492 2014 1726 2084 πληγὴν,
1760 2014 1848 2066 ἵνα
1874 2012 1950 2083 τῷ

379 2112 605 2183 μώλωπι
669 2111 831 2166 αὐτοῦ
883 2113 1042 2182 ἡμεῖς
1093 2108 1362 2178 ῑαθῶμεν·
1413 2108 1510 2176 οὐχ
1558 2107 1639 2158 ὅτι
1684 2108 1716 2176 ἡ
1763 2105 1952 2174 θεότης

375 2204 762 2276 ὲμωλωπίσθη,
797 2205 909 2257 ἀλλ’
933 2207 960 2256 6
990 2202 1292 2274 προσφυεῖς
1317 2201 1405 2254 διὰ
1435 2202 1534 2270 τῆς
1567 2197 1812 2260 ένώσεως
1836 2198 1948 2265 (45)

374 2299 439 2367 τῇ
472 2295 683 2365 θεότητι
715 2295 1027 2367 ἄνθρωπος,
1072 2286 1133 2346 οὖ
1178 2295 1211 2364 ἡ
1245 2291 1404 2362 φύσις
1428 2288 1648 2359 δεκτικὴ
1686 2288 1948 2359 μώλωπος

372 2385 623 2454 γενέσθαι
653 2386 892 2439 δύναται·
921 2385 1091 2439 ταῦτα
1113 2385 1169 2438 δὲ
1201 2383 1558 2453 (44)γίνεται,
1587 2382 1732 2442 ὃτῖως
1765 2380 1830 2432 ἂν
1862 2378 1950 2432 διὰ

373 2475 479 2530 τῶν
513 2477 690 2530 αὐτῶν
726 2477 884 2530 πάλιν
911 2477 1043 2530 όδῶν
1075 2478 1107 2545 ἡ
1148 2475 1246 2546 τῆς
1271 2473 1465 2534 κακίας
1486 2470 1602 2534 ὁδὸς
1631 2469 1946 2539 άναλυθείη.

385 2566 600 2637 Ἐπειδὴ
632 2566 741 2636 γὰρ
768 2567 855 2619 διὰ
886 2567 983 2636 τῆς
1019 2564 1305 2635 παρακοῆς
1345 2562 1437 2615 τοῦ
1467 2560 1756 2632 ἀνθρώπου
1788 2559 1902 2627 (45)
1929 2600 1945 2624 ,

375 2660 404 2712 ό
445 2658 671 2722 θάνατος
724 2657 1108 2730 (46)(εἱσῆλθε
1133 2699 1148 2722 ,
1182 2656 1371 2709 τούτου
1403 2655 1560 2724 χάριν
1596 2651 1681 2704 διὰ
1720 2651 1818 2722 τῆς
1847 2651 1947 2702 ὑπ-

378 2749 551 2818 ακοῆς
575 2747 670 2801 τοῦ
692 2747 941 2816 δευτέρου
969 2743 1281 2817 ἀνθρώπου)
1297 2744 1639 2813 ὲξοικίζεται.
1658 2743 1757 2796 Διά
1789 2741 1946 2798 τοῦτο

374 2841 615 2911 ὑπήκοος
663 2839 822 2911 μέχρι
876 2839 1106 2892 Θανάτου
1153 2837 1384 2906 γίνεται,
1430 2835 1516 2889 ἵνα
1555 2835 1642 2889 διὰ
1703 2836 1799 2904 μὲν
1844 2835 1945 2904 τῆς

374 2931 622 3000 ὑπακοῆς
677 2931 785 2999 (47)
819 2929 914 2999 (τὸ
965 2930 1029 2981 ὲκ
1089 2926 1191 2996 τῆς
1256 2926 1577 2995 παρακοῆς)
1629 2923 1948 3002 θεραπεύσῃ,

372 3020 747 3092 πλημμέλημα
773 3037 784 3049 ·
819 3019 906 3076 διὰ
942 3018 996 3070 δὲ
1032 3018 1130 3087 τῆς
1158 3017 1222 3068 ἐκ
1251 3015 1458 3086 νεκρῶν
1484 3015 1829 3078 ἀναστάσεως
1851 3014 1941 3068 τὸν

373 3111 775 3165 συνεισελθόντα
802 3114 866 3182 τῇ
893 3113 1144 3180 παρακοῇ
1173 3109 1398 3162 θάνατον
1425 3108 1738 3180 ὲξαφανίσῃ.
1779 3109 1940 3176 Ἀφα-

370 3201 560 3272 νισμὸς
599 3202 704 3272 γάρ
746 3202 861 3253 ἐστι
903 3200 1135 3253 θανάτου
1171 3200 1203 3269 ἡ
1243 3200 1306 3251 ὲκ
1341 3198 1570 3251 θανάτου
1604 3197 1697 3250 τοῦ
1729 3197 1938 3268 ἀνθρώ-

2053 2020 2509 2092 quemadmodum
2542 2020 2617 2072 ait
2647 2017 2837 2082 Isaias,
2875 2017 2996 2087 Ipse
3046 2020 3384 2087 inﬁrmitates
3415 2031 3625 2072 nostras

2053 2112 2280 2182 accepit,
2305 2121 2352 2165 et
2386 2113 2755 2180 aegrotationes
2802 2120 3014 2164 nostras
3060 2113 3288 2180 portavit
3315 2113 3383 2177 ⁵⁸,
3436 2112 3624 2181 plagas

2051 2220 2150 2275 pro
2203 2203 2360 2256 nobis
2398 2202 2698 2264 sustinens,
2739 2212 2795 2253 ut
2839 2201 2958 2268 ejus
3022 2200 3190 2255 livore
3231 2216 3332 2254 nos
3403 2216 3627 2255 sanare-

2050 2316 2214 2366 mur;
2274 2313 2380 2352 non
2439 2297 2581 2366 quod
2623 2295 2884 2350 divinitas
2924 2297 3130 2349 vibices
3196 2311 3259 2348 ex
3305 2296 3626 2349 vulneribus

2051 2388 2405 2450 contraxerit,
2431 2387 2526 2441 sed
2581 2386 2695 2439 haec
2736 2401 2932 2454 passus
2993 2395 3077 2438 est
3146 2385 3330 2447 homo,
3387 2387 3496 2454 qui.
3532 2401 3629 2454 per

2055 2481 2360 2534 unitionem
2419 2478 2520 2548 ipsi
2573 2477 2844 2530 divinitati
2901 2475 3228 2543 conjunctus
3274 2485 3374 2538 est,
3421 2477 3624 2546 quique

2054 2573 2136 2626 sui
2184 2580 2379 2624 natura
2414 2569 2683 2623 vibicibus
2714 2568 3049 2637 accipiendis
3087 2577 3231 2637 patet
3262 2587 3274 2622 :
3312 2569 3413 2623 hoc
3445 2579 3623 2622 autem

2066 2666 2149 2730 tit,
2209 2675 2269 2718 ut
2314 2675 2410 2730 per
2440 2659 2656 2714 easdem
2715 2674 2908 2713 rursus
2947 2658 3062 2713 vias
3136 2659 3358 2728 antiqua
3415 2659 3624 2728 peccati

2053 2752 2241 2805 semita
2307 2761 2600 2806 evertatur.
2637 2749 2903 2815 Quoniam
2939 2750 3084 2803 enim
3140 2765 3237 2820 per
3282 2750 3518 2803 hominis
3545 2750 3628 2802 in-

2043 2842 2404 2897 obedientiam
2457 2857 2606 2896 mors
2641 2841 2887 2910 ingressa
2931 2849 3016 2895 est
3057 2840 3109 2894 in
3157 2841 3454 2902 mundum,
3499 2855 3626 2908 pro-

2043 2943 2224 3004 pterea
2274 2949 2369 3003 per
2418 2931 2642 2987 secundi
2682 2931 2917 2985 hominis
2964 2931 3327 2985 obedientiam
3372 2932 3624 2987 elimina-

2043 3032 2132 3078 tur
2157 3023 2224 3075 ⁸ο.
2278 3021 2340 3075 Ει
2401 3037 2463 3076 ea
2507 3021 2575 3076 de
2595 3035 2761 3074 causa
2795 3020 3058 3074 obediens
3087 3020 3143 3074 ﬁt
3174 3037 3345 3092 usque
3381 3023 3446 3075 ad
3479 3038 3627 3076 mor-

2041 3123 2152 3169 tem
2178 3114 2244 3178 “,
2264 3121 2322 3168 ut
2351 3129 2445 3184 per
2468 3112 2832 3167 obedientiam
2857 3113 3070 3180 quidem
3094 3113 3473 3169 inobedientia‘:
3498 3131 3628 3185 pec-

2040 3216 2163 3260 cato
2195 3205 2520 3269 mederetur,
2552 3221 2648 3274 per
2676 3206 3132 3261 resurrectionem
3162 3222 3291 3260 vero
3333 3221 3363 3260 a
3395 3208 3626 3260 mortuis

369 3309 473 3346 που
506 3291 615 3361 (48)
645 3290 970 3352 ἀνάστασις·
1003 3290 1122 3351 Διὸ,
1171 3290 1322 3359 φησι,
1363 3287 1461 3341 καὶ
1503 3290 1536 3341 ό
1579 3289 1722 3352 Θεὸς
1761 3288 1943 3341 αὐτὸν

2049 3303 2274 3350 mortem
2336 3296 2681 3362 destrueret,
2724 3312 2844 3365 quae
2902 3311 3010 3349 una
3065 3312 3186 3350 cum
3260 3297 3625 3353 inobedientia

367 3383 749 3452 ὑπερύψωσε.
794 3381 964 3433 Τοῦτο
997 3380 1245 3449 καθάπερ
1283 3379 1518 3449 σφραγίς
1551 3397 1633 3441 τις
1666 3379 1766 3448 τῆς
1810 3395 1946 3449 προ-

368 3473 640 3544 λαϐοὑσης
679 3472 918 3534 διανοίας
952 3471 1084 3524 ἐστί.
1123 3469 1292 3538 Δῆλον
1333 3469 1459 3540 γὰρ,
1492 3471 1572 3522 ὅτι
1616 3470 1678 3521 τὸ
1726 3469 1948 3538 ὕψιστον

368 3565 462 3619 τοῦ
493 3564 768 3635 ὑψωθῆναι
806 3565 906 3630 ορκ
957 3563 1232 3616 ἐπιδέεται
1255 3605 1268 3624 ,
1308 3562 1444 3614 ἀλλά
1487 3561 1546 3614 τὸ
1575 3562 1831 3614 ταπεινὸν
1864 3563 1948 3624 εἰς

369 3653 503 3723 ὕψος
527 3653 758 3724 αἴρεται,
790 3653 884 3705 νῦν
913 3651 1198 3721 γενόμενον
1229 3651 1364 3720 (49),
1394 3651 1421 3702 ὃ
1465 3652 1538 3720 μὴ
1571 3651 1829 3722 πρότερον
1855 3648 1942 3721 ἦν.

378 3721 670 3800 Ἕνωθείῖα
698 3744 804 3814 γὰρ
833 3742 909 3812 τῷ
952 3743 1142 3812 Κυρίῳ
1176 3743 1208 3811 ἡ
1267 3741 1577 3811 ἀνθρωπίνη
1613 3721 1771 3809 φύσις
1819 3759 1944 3794 συνο

363 3837 656 3907 επαίρεται
683 3838 747 3906 τῇ
772 3835 1006 3903 θεότητι,
1032 3834 1125 3885 καὶ
1155 3835 1214 3885 τὸ
1236 3832 1535 3902 ὐψούμενον
1561 3835 1734 3888 ἐκεῖνό
1753 3835 1944 3888 ἐστιτὺ

364 3932 430 3983 ὲκ
484 3925 580 3981 τοῦ
629 3923 886 3979 ταπεινοῦ
933 3924 1323 3993 ἐπαιρόμενον·
1371 3923 1624 3976 ταπεινὸν
1663 3925 1720 3977 δὲ
1762 3926 1796 3994 ἡ
1846 3923 1941 3976 τοῦ

360 4019 550 4075 δούλου
581 4017 783 4088 μορφὴ,
816 4017 901 4068 διὰ
925 4017 1022 4085 τῆς
1050 4015 1306 4084 ὑψώσεως
1335 4015 1594 4084 γινομένη
1628 4015 1860 4085 Χριστός
1882 4032 1942 4067 τε

361 4113 456 4167 καὶ
491 4111 712 4181 Κύριος.
763 4110 872 4162 Καὶ
916 4107 1102 4177 ἐπειδὴ
1141 4109 1168 4158 ὁ
1201 4106 1342 4160 κατὰ
1390 4106 1621 4177 Χριστὸν
1655 4107 1940 4177 ἄνθρωπος

364 4202 506 4255 κατὰ
549 4202 649 4272 τὴν
683 4199 1030 4270 ἀνθρωπίνην
1078 4198 1396 4251 ἀκολουθίαν
1442 4197 1664 4267 όνόματι
1705 4197 1844 4250 κατὰ
1880 4198 1942 4250 τὸ

366 4293 563 4358 ἰδιάζον
585 4290 1019 4364 προσηγορεύθη,
1043 4290 1129 4343 διὰ
1155 4290 1252 4359 τῆς
1278 4288 1574 4358 γενομένης
1683 4289 1941 4360 Παρθένῳ

363 4387 515 4457 παρὰ
535 4385 630 4439 τοῦ
657 4383 896 4454 Γαϐριὴλ
930 4381 1338 4451 μυσταγωγίας,
1366 4381 1461 4435 καὶ
1489 4383 1548 4434 τὸ
1579 4381 1937 4453 ἀνθρώπινον,

365 4476 548 4539 καθὼς
570 4475 818 4546 εἴρηται,
859 4472 1067 4543 Ἰησοῦς
1111 4472 1404 4543 ὠνομάσθη
1428 4487 1441 4500 ⁶
1481 4475 1515 4543 ὴ
1548 4471 1603 4524 δὲ
1629 4473 1745 4526 θεία
1780 4473 1939 4540 φύσις

363 4568 734 4642 ἀπερίληπτός
773 4569 921 4620 ἐστιν
953 4565 1210 4635 ὀνόματι’
1259 4563 1317 4618 ἓν
1359 4565 1414 4617 δὲ
1459 4565 1527 4616 τὰ
1573 4566 1665 4618 δύο
1708 4564 1796 4617 διὰ
1838 4565 1937 4634 τῆς

360 4662 712 4734 ἀνακράσεως
738 4659 926 4726 γέγονε
949 4674 965 4690 ·
991 4656 1180 4710 τούτου
1213 4656 1373 4726 χάριν
1397 4656 1490 4708 καὶ
1520 4657 1548 4707 6
1587 4655 1716 4719 Θεὸς
1751 4658 1814 4708 ὲκ
1837 4655 1928 4708 τοῦ

359 4754 698 4826 ἀνθρωπίνου
749 4748 1194 4819 κατονομάζεται.
1271 4749 1358 4800 Ἑν
1404 4747 1512 4818 γὰρ
1573 4747 1650 4816 τῷ
1711 4748 1929 4817 ὀνόματι

370 4842 542 4914 Ἰησοῦ
573 4841 680 4894 πᾶν
714 4839 826 4908 (50)
856 4838 984 4906 γόνυ
1019 4835 1227 4906 κάμψει
1247 4877 1262 4899 ,
1296 4837 1388 4888 καὶ
1422 4837 1449 4887 ὁ
1479 4834 1761 4906 ἄνθρωπος
1791 4836 1929 4907 ὑπὲρ

357 4935 465 4987 πᾶν
494 4933 663 4999 ὖνομα
694 4931 902 5000 γίνεται
924 4969 940 4990 ,
983 4928 1119 4998 ὅπερ
1165 4927 1294 4980 ῐδιόν
1341 4928 1460 4979 ἐστι
1504 4926 1602 4996 τῆς
1637 4927 1885 4995 θεότητος
1907 4967 1922 4990 ,

354 5026 452 5095 τῆς
478 5021 804 5093 δουλωθῆναι
822 5020 896 5091 μὴ
917 5018 1222 5088 δυναμένης
1252 5018 1354 5070 ὑπό
1385 5034 1528 5079 τινος
1557 5018 1925 5086 ὀνομαστικῆς

426 5163 471 5195 ⁵⁸
496 5162 601 5216 lsa.
632 5174 750 5224 LIII,
781 5158 832 5212 ι.
909 5157 955 5188 ⁶⁰
988 5155 1146 5210 Rom.
1177 5157 1334 5220 v.19.
1412 5158 1454 5188 ⁶¹
1485 5155 1717 5227 Philipp.
1749 5174 1808 5222 ιι,
1840 5157 1872 5211 8
1894 5175 2012 5231 sqq.

427 5293 538 5362 (42)
569 5293 643 5348 ita
665 5307 835 5356 corr.;
868 5299 1026 5362 antea
1055 5291 1346 5362 enituerat
1375 5291 1468 5343 καὶ
1513 5290 1588 5361 μὴ
1621 5293 1934 5362 συνεργείας

354 5359 490 5435 πρὸς
525 5365 623 5436 τὴν
650 5361 1012 5430 κατασκευήν,
1040 5359 1328 5416 manifesto
1366 5359 1586 5416 veteris
1611 5359 1817 5416 librarii
1847 5379 1934 5417 er-

356 5450 417 5489 I'O
423 5449 499 5489 re.

451 5506 540 5571 45)
575 5504 731 5576 Corr.
761 5506 1131 5576 ἀνακράσεως.

445 5576 534 5642 44)
571 5573 727 5627 Corr.
761 5572 966 5630 addidit
987 5575 1084 5633 δὲς
1122 5581 1174 5642 et
1202 5587 1324 5626 mox
1359 5572 1444 5642 ἵνα
1472 5572 1579 5627 διά.

444 5641 533 5714 45)
560 5644 716 5716 Corr.
760 5646 875 5716 τοῦθ
913 5648 1003 5698 ὑπ’
1053 5641 1359 5716 ἀνθρώπου.
1409 5641 1572 5698 Forte
1621 5643 1928 5714 legendum,

347 5715 441 5787 τοῦ
454 5714 680 5787 πρώτου
703 5715 1018 5787 ανθρώπου.

420 5783 530 5851 (46,
565 5785 654 5854 Π)
691 5783 826 5852 Qnai
873 5786 1232 5844 scmicirculis
1293 5783 1646 5839 includuntur
1700 5802 1727 5839 a
1785 5801 1926 5838 corr.

349 5862 477 5909 sunt
512 5855 712 5912 addita.

2051 3385 2311 3438 mundum
2351 3386 2596 3455 ingressa
2623 3392 2728 3440 est.
2783 3385 3091 3440 Destructio
3135 3387 3279 3440 enim
3316 3389 3507 3443 mortis
3542 3399 3627 3443 est

2048 3477 2285 3532 hominis
2320 3492 2349 3530 a
2380 3485 2553 3531 morte
2585 3479 2951 3540 resurrectio;
2981 3477 3203 3546 Propter
3229 3481 3387 3547 quod,
3421 3481 3624 3550 inquit,

2047 3579 2094 3620 et
2135 3567 2276 3622 Deus
2315 3569 2571 3622 excitavit
2611 3570 2788 3623 illum.
2842 3568 2957 3622 Hoc
2992 3571 3138 3624 velut
3194 3571 3438 3640 quazdam
3487 3587 3627 3642 pra!-

2047 3659 2289 3714 cedentis
2343 3660 2626 3714 sententiae
2679 3660 3022 3715 conﬁrmatio
3065 3671 3169 3716 est.
3231 3661 3443 3716 Nemini
3476 3663 3622 3716 enim

2048 3749 2178 3804 latet
2226 3751 2549 3805 altissimum
2576 3751 2905 3805 exaltatione
2936 3766 3045 3804 non
3082 3752 3346 3821 indigere,
3376 3763 3432 3807 at
3464 3769 3622 3818 vero,

2047 3841 2191 3909 quod
2235 3841 2438 3894 hurniie
2482 3851 2588 3904 est,
2649 3842 2816 3895 sitiat
2845 3843 2989 3910 quod
3037 3855 3193 3897 antea
3249 3862 3357 3898 non
3415 3847 3621 3908 fuerat.

2049 3932 2435 3986 sublimitatem
2464 3933 2769 4001 acquirere.
2800 3933 3004 3988 Natura
3045 3936 3192 3990 enim
3244 3937 3480 3994 hominis
3514 3940 3624 3995 Deo

2045 4023 2336 4092 conjuncta
2369 4023 2436 4076 ad
2468 4023 2772 4082 divinitatis
2804 4028 3180 4084 celsitudinem
3197 4031 3463 4097 evehitur,
3487 4033 3619 4087 illud

2045 4125 2222 4170 autem
2253 4117 2540 4176 .exaltatnr
2579 4119 2724 4187 quod
2768 4137 2830 4174 ex
2866 4121 3059 4178 humili
3106 4123 3338 4178 sublime
3386 4124 3482 4189 ﬁt;
3517 4127 3618 4180 hu-

2044 4207 2170 4262 mile
2220 4215 2398 4261 autem
2442 4207 2572 4276 quid
2623 4219 2706 4263 est
2744 4209 2921 4264 forma
2959 4212 3122 4275 servi,
3160 4229 3283 4283 qua:
3330 4229 3434 4283 per,
3469 4216 3648 4269 exul--

2042 4298 2301 4352 tationem
2326 4298 2580 4354 Christus
2627 4299 3006 4373 Dominusque
3043 4305 3245 4360 evadit:
3277 4313 3330 4360 et
3355 4309 3613 4376 quoniam

2041 4388 2313 4456 Christus,
2365 4399 2638 4460 quatenus
2695 4393 2861 4449 homo
2906 4405 3044 4456 erat,
3109 4399 3348 4467 proprio,
3384 4408 3444 4452 ut
3515 4399 3618 4454 hu-

2041 4495 2221 4536 mana:
2277 4491 2486 4538 natura:
2526 4486 2907 4549 conveniebat,
2960 4491 3178 4551 nomine
3201 4489 3389 4545 debuit
3436 4493 3620 4560 appel-

2042 4571 2174 4630 lari:
2233 4571 2356 4628 ideo
2408 4573 2718 4631 humanitas
2759 4576 2923 4631 Verbi
3000 4579 3052 4631 in
3145 4579 3313 4634 divini
3370 4582 3614 4651 mysterii

2046 4662 2460 4719 annuntiatione
2486 4680 2518 4718 a
2547 4664 2802 4725 Gabriele
2851 4668 2917 4720 ad
2950 4667 3235 4739 Virginem
3271 4670 3412 4726 facta
3433 4669 3616 4738 Jesus,

2045 4755 2124 4808 uti
2178 4756 2436 4822 diximus,
2489 4767 2682 4813 vocata
2722 4760 2861 4825 fuit;
2901 4775 3142 4831 cumque
3175 4763 3360 4817 divina
3420 4775 3616 4818 natura

2034 4846 2185 4899 nullo
2250 4848 2510 4918 explicari
2587 4851 2808 4905 nomine
2856 4852 3050 4920 possit,
3096 4860 3151 4907 et
3204 4853 3446 4924 alioquin
3507 4856 3618 4910 duo

2031 4951 2130 5004 per
2201 4939 2635 5012 commistionem
2693 4957 2860 4995 unum
2923 4943 3061 5012 quid
3122 4945 3304 4998 tiant:
3353 4946 3481 5001 hinc
3531 4963 3616 5003 εει

2031 5029 2176 5097 quod
2227 5039 2282 5085 et
2323 5029 2463 5086 Deus
2516 5032 2570 5086 in
2618 5031 2839 5086 Christo
2873 5049 2938 5088 ex
2985 5051 3050 5088 eo
3117 5037 3260 5105 quod
3316 5037 3612 5092 humanum

2103 5296 2216 5365 (48)
2256 5293 2380 5350 Haac
2409 5297 2573 5372 verba
2611 5312 2774 5367 super
2815 5299 2920 5353 illis
2964 5299 3116 5359 aliis,
3164 5300 3258 5352 τοῦ
3303 5301 3613 5372 ἀνθρώπου.

2033 5364 2291 5434 demore
2327 5367 2546 5434 scripsit
2571 5364 2713 5422 corr.
2742 5387 2756 5433 ;
2793 5375 3059 5422 incertum
3084 5379 3260 5422 tamen
3288 5385 3356 5423 an
3390 5364 3455 5426 iis
3483 5375 3615 5428 sub»

2034 5433 2329 5499 stituenda,
2365 5433 2454 5488 an,
2474 5437 2654 5505 potius
2685 5453 2792 5490 una
2817 5453 2939 5490 cum
2966 5438 3170 5492 eisdem
3217 5442 3268 5493 in
3295 5451 3612 5497 contextum

2035 5505 2312 5582 referenda
2347 5521 2468 5559 esse
2498 5509 2805 5582 censuerit;
2843 5509 2935 5562 sed
2962 5509 3169 5564 utrovis
3201 5511 3358 5566 modo
3381 5514 3610 5582 legatur,

2034 5574 2244 5642 integer
2279 5584 2364 5629 est
2391 5578 2629 5630 auctoris
2653 5593 2870 5632 sensus.

2107 5645 2220 5712 (49)
2249 5645 2404 5700 Corr.
2441 5647 2741 5715 γινόμενον.

2107 5716 2216 5784 (50)
2255 5715 2487 5771 Verbum
2522 5719 2626 5770 πᾶν
2662 5717 2786 5772 add.
2818 5734 2962 5774 corr.
2996 5719 3234 5792 illudque
3266 5720 3425 5778 habet
3447 5722 3613 5778 etiam

2040 5786 2353 5839 Apostolus.-

2033 5795 2353 5857 Apostolus.-
