4146 6386
424 420 564 476 “69

1559 420 1937 480 ADVERSUS
1968 419 2482 478 APOLLINABEM;

3550 420 3687 477 11⁸70

421 539 604 608 ἀδήλῳ
645 537 739 590 τοῦ
782 538 1179 610 σημαινομένου
1222 539 1356 612 πρὸς
1398 540 1660 613 ἑκάτερον
1710 542 1909 613 inter};
1962 542 1992 612 ἡ

2101 556 2263 613 guam
2300 542 2420 595 :ait
2470 540 2617 596 enim
2648 556 2759 597 non
2817 556 2942 598 esse
2978 540 3145 597 Deum
3201 539 3504 612 perlectum
3559 557 3685 596 cum

418 631 628 686 διάνοια
656 630 864 701 βλέπει,
888 631 985 684 καὶ
1015 631 1116 685 οὐκ
1146 631 1295 686 ἔστιν
1334 632 1395 698 ὲξ
1424 626 1500 688 ὧν
1530 634 1844 705 ἠκούσαμεν
1871 633 2003 704 περὶ

419 724 543 779 τίνα
581 724 822 796 νομίζειν
855 723 967 794 (58)
1005 723 1067 778 τδ
1107 725 1298 789 ἀτελὲς
1333 725 1687 797 διδαχθῆναι,
1734 727 1863 799 περὶ
1909 725 2004 779 τὸν

395 815 575 879 ⁵Θεδν,
601 815 635 888 ἢ
659 815 748 869 τὸν
773 815 1080 887 ἄνθρωπον,
1106 816 1140 887 ἢ
1171 816 1265 871 καὶ
1296 817 1424 890 περὶ
1454 818 1780 891 ἀμφοτέρων
1803 818 1865 873 τὸ
1884 814 2003 873 ῐσον

328 962 333 967 ,
416 906 609 962 οἴεται.
650 906 821 961 Αὑτὸν
858 903 999 961 εἶναι
1069 909 1205 981 φησὶ
1255 908 1368 980 (59)
1403 906 1536 965 Θεὸν
1568 910 1669 981 μὲν
1699 909 1999 981 πνεύματι,

342 996 357 1025 ”
418 997 516 1069 τὴν
561 998 655 1052 τοῦ
690 998 826 1054 Θεοῦ
867 1000 1028 1068 δόξαν
1081 1000 1308 1072 ἔχοντα·
1358 1002 1645 1074 ἄνθρωπον
1684 1004 1742 1058 δὲ
1787 1003 2001 1074 σώματι

416 1089 517 1161 τὴν
538 1089 647 1145 τῶν
690 1090 993 1162 ἀνθρώπων
1018 1091 1202 1160 ἄδοξον
1242 1094 1552 1166 φορέσαντα
1594 1096 1831 1167 μορφήν.
1863 1091 2001 1148 Εἷπε

417 1181 569 1245 Θεὸν,
596 1178 718 1236 εἷπε
735 1184 829 1237 καὶ
849 1184 1154 1256 ἄνθρωπον·
1186 1171 1418 1259 φανερὸν
1435 1187 1493 1240 δὲ
1515 1189 1670 1252 πᾶσι,
1689 1188 1772 1241 ὅτι
1803 1186 1914 1258 (60)
1939 1188 1998 1243 οὐ

416 1273 584 1327 ταὺτὸ
620 1272 728 1329 τῶν
758 1276 1038 1345 ὀνομάτων
1088 1277 1292 1333 τούτων
1316 1280 1375 1333 τὸ
1414 1280 1849 1351 σημαινόμενον·
1884 1281 2000 1334 ἀλλ’

421 1365 550 1430 ίδιος
572 1367 670 1438 μὲν
692 1368 721 1420 ὀ
735 1368 833 1438 τῆς
856 1368 1126 1441 θεότητος,
1148 1370 1332 1442 ἕτερος
1350 1372 1407 1425 δὲ
1426 1374 1454 1425 ὀ
1469 1371 1567 1442 τῆς
1582 1372 1680 1427 ἀνθ
1687 1373 2002 1444 ρωπότητος

417 1457 812 1529 ἑρμηνευτικός
850 1460 966 1513 ἐστι
994 1461 1173 1531 λόγος.
1215 1462 1349 1526 Θεὸς
1390 1463 1489 1534 μὲν
1522 1463 1633 1537 γάρ
1668 1466 1785 1518 ἐστι
1813 1463 1874 1517 τὸ
1914 1464 2002 1518 ἀεὶ

414 1547 678 1615 ὡσαύτως
705 1550 827 1622 ἔχον
859 1552 1077 1607 πάντων
1107 1553 1328 1621 ἀγαθῶν
1360 1557 1553 1622 αἴτιον,
1580 1554 1705 1610 οὔτε
1733 1556 1864 1612 ποτὲ
1887 1556 2001 1628 (Cl)

418 1639 509 1711 μὴ.
528 1640 607 1705 ὃν,
643 1641 767 1696 οὔτε
808 1643 938 1697 ποτὲ
971 1645 1046 1715 μὴ
1076 1645 1363 1716 ἐσόμενον·
1393 1646 1681 1717 ἄνθρωπος
1702 1646 1760 1701 δὲ
1787 1647 1900 1718 (62)
1930 1648 2001 1701 τά

417 1731 516 1803 μὲν
545 1731 681 1787 ἄλλα
719 1735 999 1803 συγγενῶς
1028 1736 1163 1807 πρὸς
1194 1737 1294 1807 τὴν
1327 1737 1437 1791 τῶν
1458 1736 1671 1807 ἀλόγων
1698 1738 1862 1808 φύσιν
1886 1739 2002 1793 διά-

413 1838 612 1889 κειται,
650 1826 743 1880 καὶ
783 1827 870 1879 διὰ
909 1827 1109 1899 σαρκὸς
1134 1828 1229 1881 καὶ
1258 1829 1563 1901 αἰσθήσεως
1606 1831 2000 1902 παραπλησίως

413 1914 599 1980 αὐτοῖς
638 1917 1038 1989 διοικούμενος·
1073 1923 1138 1991 τῇ
1174 1920 1230 1973 δὲ
1271 1921 1364 1975 τοῦ
1409 1922 1531 1975 νόου
1567 1923 1854 1996 προσθήκῃ
1884 1924 1994 1978 τῶν

413 2009 626 2077 ἀλόγων
650 2009 1080 2086 κεχωρισμένος,
1111 2012 1172 2065 ὲν
1208 2010 1383 2084 τούτῳ
1426 2012 1487 2067 τὸ
1525 2014 1725 2079 ἰδιάζον
1753 2014 1869 2086 ἔχει
1893 2015 1995 2087 τῆς

413 2100 649 2172 φύσεως.
697 2101 774 2155 υὺ
806 2102 915 2173 γὰρ
953 2102 1017 2157 ἄν
1055 2118 1139 2167 τις
1169 2103 1456 2177 ἄνθρωπον
1497 2105 1845 2178 ὁριζόμενος,
1884 2108 1995 2163 ἀπὸ

412 2194 633 2265 σαρκῶν
668 2211 729 2248 τε
772 2194 866 2248 καὶ
908 2195 1109 2249 ὀστέων
1150 2197 1244 2250 καὶ
1279 2197 1650 2269 αἰσθητηρίων
1701 2199 1989 2269 ὁρίσαιτο·

409 2284 532 2340 οὐδὲ
568 2285 666 2357 τὴν
690 2285 964 2357 βρωτικήν
989 2304 1047 2340 τε
1082 2289 1176 2342 καὶ
1214 2288 1574 2361 ἀλλοιωτικὴν
1615 2290 1846 2362 δύναμιν
1873 2294 1986 2364 (63)

408 2376 578 2430 είπών
599 2393 704 2441 τις,
720 2377 781 2431 τὸ
803 2376 931 2431 ῐδιον
947 2378 1047 2448 τῆς
1067 2377 1413 2450 ἀνθρωπίνης
1431 2380 1730 2447 ἐνεδείξατο
1742 2382 1958 2452 φύσεως
1973 2400 1989 2417 ·

408 2465 550 2522 ἀλλά
578 2466 640 2522 τὸ
678 2468 1016 2540 διανοητικόν
1048 2472 1143 2524 καὶ
1169 2470 1281 2542 (64)
1311 2472 1550 2541 λογικὸν,
1583 2474 1677 2529 τὸν
1705 2475 1992 2548 ἄνθρωπον

409 2555 629 2626 εδειξεν.
645 2555 794 2615 Ἷσον
815 2558 909 2615 οὖν
932 2563 1079 2616 ἐστιν
1097 2562 1128 2633 ἢ
1146 2563 1234 2617 διὰ
1254 2564 1350 2617 τοῦ
1368 2566 1633 2636 ὀνόματος
1653 2567 1990 2639 ἑρμηνεῦσαι

407 2651 510 2722 τὴν
538 2652 718 2722 φύσιν,
763 2655 796 2726 ἦ
830 2655 919 2709 διὰ
945 2656 1040 2709 τοῦ
1077 2655 1223 2721 ίδίως
1269 2659 1657 2730 παρεπομένου
1691 2663 1758 2732 τῇ
1806 2661 1985 2731 φύσει.

410 2742 483 2798 Ὅ
519 2760 579 2797 τε
606 2745 715 2817 γὰρ
753 2746 1040 2817 ἄνθρωπον
1073 2749 1245 2801 εἰπὼν
1264 2789 1281 2815 ,
1306 2749 1367 2803 τὸ
1398 2750 1615 2820 λογικὸν
1648 2753 1947 2821 ἐνεδείξατο
1970 2772 1985 2787 ·

404 2832 437 2890 ὅ
462 2850 522 2888 τε
545 2833 763 2919 λογικὸν
799 2836 1096 2909 ὀνομάσας,
1131 2839 1221 2893 τὸν
1242 2840 1528 2913 ἄνθρωπον
1559 2844 1647 2899 διὰ
1672 2846 1773 2917 τῆς
1805 2850 1989 2920 φωνῆς

403 2924 611 2998 ταύτης
638 2928 917 2994 ἀπέδειξεν
962 2931 1103 3001 (65).
1139 2933 1351 2987 Οὐκοῦν
1386 2935 1480 2989 καὶ
1524 2938 1553 2990 ὁ
1612 2939 1988 3015 Ἀπολινάριος

403 3017 538 3074 Θεὸν
569 3021 663 3075 καὶ
685 3020 969 3093 ἄνθρωπον
996 3025 1302 3095 ὀνομάσας,
1332 3026 1491 3098 εἴπερ
1520 3028 1630 3100 (66)
1661 3031 1759 3095 τὰς
1787 3035 1989 3104 ἐμφαι-

402 3113 637 3183 νομένας
675 3115 741 3185 τῇ
787 3114 1002 3186 θεότητι
1034 3118 1313 3187 σημασίας
1355 3122 1422 3191 τῇ
1450 3125 1599 3193 φωνῇ
1627 3124 1801 3197 ταύτῃ
1846 3144 1986 3198 συμ-

403 3202 746 3305 ιΞτιξριιῖλαὸεν,
776 3203 886 3305 οὐδ’
923 3205 990 3305 ἂν
1022 3206 1117 3305 του
1156 3207 1446 3279 ἀνθρώπου
1480 3210 1542 3264 τὸ
1584 3216 1985 3286 σημαινόμενον
2017 3248 2058 3305 C

400 3292 489 3348 διὰ
512 3294 614 3364 τῆς
643 3296 938 3368 ἑρμηνείας
966 3296 1292 3369 λωϐήσαιτο.
1349 3302 1486 3356 Ἀλλ’
1513 3304 1671 3378 εἴπερ
1705 3308 1989 3379 ἄνθρωπος

401 3382 641 3454 λέγεται,
669 3385 785 3440 ἔστι
813 3387 1032 3451 πάντως
1060 3390 1093 3460 ἡ
1116 3388 1311 3459 κλῆσις
1340 3392 1545 3465 ἀληθὴς
1572 3436 1586 3460 ,
1615 3397 1708 3449 καὶ
1735 3400 1794 3452 οὐ
1823 3399 1987 3469 ψευδ-

400 3473 616 3549 ώνυμος
637 3494 653 3510 ·
676 3479 737 3533 τὸ
765 3480 820 3533 δὲ
841 3480 1039 3552 ἀληθὲς
1068 3483 1161 3535 τοῦ
1192 3484 1454 3554 ὀνόματος
1474 3488 1531 3541 ὲν
1558 3489 1637 3560 τῷ
1665 3491 1880 3561 λογικὸν
1914 3493 1989 3550 εί.

400 3583 490 3624 ναι
506 3569 665 3635 ζῶον,
692 3570 783 3625 τὸν
802 3570 945 3625 οὕτω
966 3572 1492 3645 κατονομαζόμενον,
1512 3580 1894 3640 ἐπιδείκνυται.
1931 3588 1988 3643 Ὀ

401 3657 461 3712 δι
485 3659 638 3726 λόγος
660 3663 725 3715 ὲκ
751 3662 990 3728 διανοίας
1028 3666 1270 3728 πάντως,
1297 3666 1437 3720 ὥστε
1466 3671 1514 3722 εἰ
1539 3670 1857 3743 ἄνθρωπος,
1891 3678 1987 3731 καὶ

401 3751 734 3824 διανοητικδς
761 3756 821 3824 ἐξ
856 3746 1132 3830 ἀνάγκης·
1178 3760 1226 3813 εί
1259 3760 1316 3813 δὲ
1347 3761 1408 3814 οὐ
1449 3762 1809 3836 διανοητικὸς,
1862 3771 1984 3826 οὐδὲ

401 3841 706 3915 ἄνθρωπος.

2106 632 2330 687 homine
2348 632 2614 703 perfecto.
2642 630 2919 690 Hactenus
2976 640 3158 687 utrum
3199 646 3267 687 ex
3317 631 3534 688 duobus
3562 633 3690 689 istis

2105 722 2487 793 imperfectum
2514 725 2811 791 vocaverit,
2860 725 3135 779 incertum
3177 723 3423 794 reliquit,
3463 731 3518 779 et
3577 739 3690 795 pra:

2107 813 2403 885 signillcati
2433 814 2788 884 ambiguitate
2829 813 2899 869 ad
2930 821 3227 882 utrumque
3253 829 3322 870 ex
3348 829 3507 885 aequo
3532 830 3691 870 mens

2105 907 2350 978 respicit,
2380 922 2483 963 nec
2525 924 2594 964 ex
2638 909 2723 966 his
2769 925 2892 979 quae
2943 908 3254 964 audivimus
3301 907 3518 964 discere
3563 910 3690 964 licet

2106 1004 2291 1073 utrum
2330 1012 2520 1053 eorum
2569 998 2950 1068 imperfectum
2976 1014 3101 1056 esse
3140 1004 3387 1064 censeat,
3422 997 3684 1060 Deumne,

2103 1103 2173 1144 an
2206 1088 2504 1156 hominem,
2557 1104 2627 1144 an
2660 1104 2793 1145 vero
2818 1089 2886 1145 de
2920 1096 3157 1160 utroque
3206 1088 3412 1159 pariter
3463 1089 3688 1156 aequali-

2103 1188 2296 1251 terque
2342 1180 2398 1236 id
2447 1180 2560 1237 dici
2608 1182 2886 1251 epinetur.
2952 1183 3139 1252 Ipsum
3190 1196 3315 1237 esse
3368 1180 3445 1236 ait
3490 1181 3688 1250 spiritu

2103 1274 2322 1345 quidem
2356 1272 2551 1339 Deum,
2583 1272 2673 1329 Dei
2698 1274 2929 1345 gloriam
2978 1271 3383 1344 possidentem;
3409 1270 3687 1326 hominem

2101 1381 2235 1421 vero
2260 1380 2492 1436 corpore
2521 1366 2840 1438 ignobilem,
2869 1366 3154 1421 hominum
3200 1364 3434 1421 formam
3463 1374 3687 1436 gestan-

2101 1466 2233 1516 tem.
2271 1457 2417 1513 Dixit
2448 1457 2640 1522 Deum,
2668 1457 2808 1512 dixit
2847 1458 3161 1525 hominem;
3216 1456 3474 1512 omnibus
3503 1465 3684 1510 autem

2102 1558 2289 1605 notum
2313 1557 2394 1606 est
2422 1564 2531 1605 non
2553 1550 2799 1605 eamdem
2819 1566 2940 1606 esse
2960 1550 3241 1607 nominum
3262 1549 3493 1606 istorum
3516 1548 3689 1619 signi-

2105 1642 2435 1706 ficationem,
2465 1642 2558 1699 sed
2616 1642 2739 1698 aliis
2786 1642 2969 1698 verbis
2997 1641 3364 1706 divinitatem,
3403 1640 3528 1696 aliis
3555 1656 3687 1695 vero

2102 1734 2506 1789 humanitatem
2557 1735 2844 1804 explicari.
2881 1732 3027 1789 Deus
3064 1734 3267 1789 etenim
3299 1743 3384 1790 est
3411 1733 3685 1789 bonormn

2102 1826 2351 1881 omnium
2380 1842 2548 1883 causa
2600 1842 2818 1897 semper
2848 1841 2956 1881 una
2987 1834 3043 1881 et
3078 1826 3292 1888 eadem,
3327 1834 3383 1881 et
3417 1826 3503 1881 sui
3539 1824 3687 1880 simi-

2030 1890 2074 1945 Β
2105 1918 2191 1983 lis,
2226 1934 2348 1988 quae
2379 1933 2658 1989 nunquam
2694 1890 2951 1983 nonfuit,
2985 1927 3037 1973 et
3066 1932 3345 1987 nunquam
3390 1933 3498 1971 non
3529 1916 3636 1972 erit
3667 1934 3682 1971 :

2102 2016 2159 2063 at
2181 2008 2342 2064 homo
2365 2010 2470 2063 alia
2492 2011 2710 2080 quidem
2735 2025 2860 2066 cum
2890 2009 3221 2065 animalibus
3249 2012 3464 2064 ratione
3490 2024 3688 2064 caren-

2100 2100 2248 2158 tibus
2274 2103 2587 2158 communia
2634 2103 2820 2168 habet,
2875 2110 2931 2159 et
2964 2117 3071 2157 non
3108 2117 3269 2158 secus
3296 2116 3362 2157 ac
3392 2101 3482 2155 illa
3517 2115 3686 2156 carne

2100 2194 2469 2265 sensibusque
2494 2195 2873 2264 regitur,.sola
2902 2210 3035 2250 vero
3059 2195 3259 2249 mentis
3295 2192 3619 2250 accessione
3652 2205 3685 2246 a

2098 2285 2278 2341 brutis
2307 2287 2680 2344 animantibus
2703 2301 2974 2351 secretus,
3002 2288 3056 2342 in
3074 2287 3180 2342 hoc
3209 2286 3443 2357 positam
3475 2294 3687 2340 natura!

2100 2392 2214 2432 sua:
2241 2378 2637 2448 proprietatem
2672 2378 2855 2434 habet.
2871 2378 3044 2433 Nemo
3065 2378 3212 2432 enim
3244 2377 3518 2433 hominem
3551 2376 3686 2430 deti-

2097 2470 2339 2536 niturus,
2393 2484 2581 2535 carne,
2625 2470 2851 2527 ossibus
2915 2481 3081 2541 atque
3114 2469 3379 2527 sensoriis
3426 2469 3684 2535 delinict;

2097 2578 2201 2619 nec
2234 2561 2431 2632 aliquis
2490 2562 2836 2627 comedendi,
2870 2562 3168 2634 cibumque
3208 2560 3477 2618 alterandi
3508 2561 3687 2615 facul-

2095 2662 2264 2710 tatem
2315 2670 2634 2718 recensens,
2688 2655 2942 2710 humanae
2981 2670 3222 2725 unquam
3298 2660 3510 2709 natura:
3558 2668 3686 2723 pro-

2095 2748 2359 2818 prietates
2389 2747 2735 2819 designavit;
2760 2747 2857 2804 sed
2903 2746 3181 2819 cogitandi
3210 2755 3374 2818 atque
3401 2745 3683 2802 disseren-

2096 2838 2151 2894 di
2178 2837 2411 2894 facultas
2438 2838 2714 2895 hominem
2770 2839 3012 2896 denotat.
3066 2840 3211 2895 Idem
3243 2840 3430 2910 itaque
3456 2848 3541 2896 est
3580 2839 3685 2891 ali-

2095 2931 2256 3001 cujus
2299 2941 2553 2987 naturam
2614 2932 2699 2989 vel
2728 2932 2850 2988 solo
2898 2932 3145 2997 nomine,
3181 2932 3267 2988 vel
3324 2947 3394 2988 ex
3423 2946 3490 2988 eo
3532 2931 3683 3002 quod

2096 3025 2451 3095 peculiariter
2480 3025 2558 3080 illi
2613 3033 2825 3081 naturae
2875 3027 3157 3088 convenit,
3192 3024 3511 3096 explicare;
3554 3042 3681 3078 nam

2094 3116 2187 3186 qui
2209 3116 2484 3171 hominem
2510 3116 2668 3185 dicit,
2686 3118 2833 3189 quod
2857 3119 3087 3174 rationis
3106 3134 3279 3188 capax
3299 3124 3386 3177 est
3401 3118 3682 3189 exprimit,

2093 3216 2147 3263 et
2179 3208 2274 3278 qui
2308 3208 2576 3265 rationale
2608 3218 2789 3273 vocat,
2855 3211 3129 3265 hominem
3162 3211 3264 3265 hac
3307 3226 3443 3266 voce
3475 3211 3685 3281 signiti-

2091 3307 2202 3356 cat.
2221 3300 2556 3371 Apollinaris
2574 3302 2759 3373 itaque
2787 3302 2957 3358 Deum
2983 3311 3038 3357 et
3066 3303 3341 3358 hominem
3366 3304 3681 3368 nominans,

2091 3393 2137 3447 si
2195 3409 2387 3448 earum
2438 3409 2625 3449 rerum
2680 3395 3116 3465 signiﬁcationes
3145 3394 3349 3465 quaein
3396 3395 3686 3451 divinitate

2091 3484 2514 3553 conspiciuntur
2561 3485 2664 3541 hac
2699 3501 2834 3541 voce
2876 3487 3279 3557 complectitur,
3310 3485 3557 3557 profecto
3585 3499 3685 3541 nec

2091 3572 2147 3628 id
2189 3574 2338 3644 quod
2398 3575 2640 3631 hominis
2670 3576 2941 3631 vocabulo
2980 3576 3324 3647 signiﬁcatur
3356 3574 3475 3631 suis
3514 3574 3683 3628 inter-

2090 3664 2491 3733 pretationibus
2520 3664 2763 3720 adimere
2792 3665 3013 3735 poterit.
3055 3665 3160 3722 Sed
3189 3667 3235 3720 si
3261 3665 3426 3720 homo
3454 3665 3681 3725 dicitur,

2092 3770 2221 3810 vero
2235 3771 2461 3826 prorsus
2488 3765 2545 3812 et
2567 3772 2677 3812 non
2699 3757 2962 3813 ementito
2988 3758 3212 3814 nomine
3241 3758 3323 3813 sic
3341 3758 3681 3828 appellatur:

2088 3861 2277 3902 veram
2332 3856 2511 3901 autem
2577 3847 2741 3917 hujus
2801 3849 3043 3906 nominis
3070 3848 3526 3919 signiﬁcationem
3561 3861 3684 3901 esse

400 3947 468 4031 ex
487 3949 555 3989 eo
582 3933 1158 4005 demonstratur,quod
1203 3938 1470 3994 rationale
1491 3942 1692 3997 animal
1718 3946 1848 4003 illud
1875 3947 2538 4029 sitquod.itaappellatur.
2555 3958 2715 4015 Ratio
2742 3966 2921 4017 autem
2938 3977 3006 4017 ex
3044 3969 3224 4017 mente
3239 3977 3468 4031 prorsus
3481 3963 3679 4022 oritur,

402 4027 477 4084 ita
510 4036 569 4084 ut
600 4030 647 4085 si
682 4030 845 4086 homo
877 4041 999 4097 est,
1033 4035 1352 4089 necessario
1369 4045 1549 4094 mente
1565 4041 1825 4110 praeditus
1847 4062 1971 4105 esse
1999 4051 2250 4119 dicatur;
2280 4054 2327 4109 si
2354 4068 2487 4110 vero
2508 4063 2689 4110 mente
2713 4064 2921 4122 careat,
2949 4073 3125 4130 neque
3153 4058 3315 4115 homo
3334 4076 3457 4116 esse
3474 4069 3679 4133 potest.

485 4167 640 4222 Ἀλλ’
663 4168 973 4237 ἅνθρωπος
1017 4168 1097 4240 ἦν
1127 4173 1206 4240 τῷ
1235 4176 1485 4244 σώματι,
1521 4182 1677 4252 φησὶ,
1710 4183 1828 4253 τὴν
1865 4188 1984 4243 τῶν

401 4257 513 4329 (67)
550 4259 877 4331 ἀνθρώπων
922 4263 1147 4329 ἄδοξον
1188 4267 1457 4336 φορέσας
1500 4274 1759 4342 μορφήν.
1800 4278 1985 4335 Ταῦτα

405 4352 503 4425 μὲν
519 4353 750 4419 οἴκοθεν,
776 4355 870 4408 καὶ
885 4356 983 4409 οὐκ
1002 4357 1065 4409 ὲκ
1083 4358 1181 4428 τῆς
1201 4362 1477 4434 γραφικῆς
1489 4366 1520 4435 ἡ
1532 4368 1621 4434 μῖν
1638 4366 1986 4440 διδασκαλίας

403 4442 791 4515 προϐάλλεται·
835 4445 971 4515 πλὴν
1006 4445 1081 4510 ὡς
1118 4448 1184 4501 ἂν
1213 4450 1307 4503 καὶ
1332 4452 1426 4505 ἀπ’
1457 4454 1658 4519 αὐτῶν,
1690 4451 1764 4512 ὧν
1794 4461 1983 4532 λέγει,

401 4534 538 4606 πρὸς
556 4536 860 4588 τούναντίον
888 4536 1037 4607 αὐτῷ
1058 4544 1421 4615 περιτραπείη
1446 4546 1505 4599 τὸ
1525 4549 1981 4623 σπουδαζόμενον,

2162 4192 2350 4251 XXIII.
2383 4192 2486 4250 Sed
2520 4195 2704 4263 homo,
2739 4196 2937 4268 inquit,
2976 4208 3092 4253 erat
3143 4215 3363 4268 corpore
3403 4201 3555 4256 vilem
3589 4203 3655 4255 Ιιο

2092 4285 2293 4338 minum
2321 4285 2552 4355 formam
2577 4296 2812 4356 gestans.
2854 4286 2979 4343 llaec
3009 4289 3077 4344 de
3121 4306 3224 4345 suo
3272 4308 3380 4346 non
3414 4310 3480 4347 ex
3510 4309 3683 4348 sacne

2093 4376 2391 4447 Scriptura:
2440 4380 2695 4434 doctrina
2730 4382 2890 4437 nobis
2949 4382 3217 4438 obtrudit.
3250 4384 3446 4439 Verum
3479 4397 3539 4439 ut
3568 4387 3684 4442 hec

2094 4484 2310 4539 quoque
2334 4469 2669 4539 Apollinaris
2714 4472 2875 4527 ell'ata
2909 4474 2963 4527 in
2993 4475 3334 4530 contrarium
3367 4485 3533 4547 atque
3565 4479 3684 4548 ipse

2093 4560 2327 4617 intendit
2370 4572 2779 4633 convcrtamus,
2838 4568 2911 4621 ita
2955 4582 3267 4625 sermonem
3303 4569 3679 4629 instituemus.

399 4626 601 4681 οὑτωσὶ
628 4627 720 4680 τὸν
746 4628 900 4696 λόγον
917 4633 1361 4703 κατανοήσωμεν.
1390 4636 1509 4704 Τὴν
1530 4638 1775 4707 ἄδοξον,
1796 4648 1983 4717 φησὶν,

2095 4651 2405 4723 lgnobilcm,
2434 4656 2630 4726 inquit,
2653 4626 2814 4727 gessit
2836 4659 3106 4715 hominum
3136 4661 3389 4730 famam.
3421 4626 3681 4729 ρυωιωὲέ

399 4718 654 4788 ἐφόρεσε
683 4718 801 4773 τῶν
834 4720 1158 4789 ἀνθρώπων
1183 4726 1443 4795 μορφήν.
1490 4730 1586 4794 Τίς
1617 4732 1742 4798 δόξα
1774 4736 1987 4809 ἀνθρώ-

402 4828 507 4864 που
538 4812 754 4884 πρῶτον
790 4813 1237 4886 ἐπισκεψώμεθα,
1288 4819 1382 4871 καὶ
1411 4820 1582 4886 οὕτως
1622 4827 1687 4877 ἐκ
1728 4828 1822 4880 τοῦ
1854 4832 1987 4885 ἀκο-

399 4905 593 4961 λούθου
614 4906 713 4979 τὴν
733 4907 946 4973 ἀδοξίαν
980 4909 1267 4980 νοήσομεν.
1302 4911 1513 4968 Οὐκοῦν
1535 4916 1663 4982 δόξα
1691 4903 1982 4993 ἀνθρώπου

400 4998 436 5084 ἦ
465 5016 529 5068 γε
561 4999 768 5071 ἀληθὴς
796 4999 945 5067 δόξα,
978 5004 1011 5074 ἠ
1041 5003 1181 5057 κατά
1214 5004 1417 5077 ἀρετήν
1453 5007 1569 5061 ὲστι
1597 5011 1813 5076 πάντως
1843 5016 1979 5089 ζωή,

401 5089 477 5142 Τὸ
507 5090 614 5162 γὰρ
646 5091 869 5164 εὐχροίᾳ
895 5092 1039 5159 τινὶ,
1070 5093 1103 5164 ἢ
1151 5093 1270 5166 ὥρα
1299 5094 1500 5165 σαρκὸς
1522 5137 1537 5161 ,
1578 5097 1610 5169 ἢ
1646 5100 1706 5153 τὸ
1746 5100 1982 5173 ἔμπαλιν

402 5183 649 5257 ἀμορφία
682 5186 935 5258 σώματος
958 5227 973 5253 ,
1013 5188 1111 5260 τὴν
1152 5188 1309 5255 δόξαν
1342 5188 1450 5243 τῶν
1483 5190 1787 5262 ἀνθρώπων
1815 5197 1849 5270 ἢ
1884 5199 1985 5271 τὴν

400 5274 617 5344 ἀδοξίαν
649 5278 950 5350 ὁρίζεσθαι,
995 5281 1101 5335 τῶν
1139 5281 1620 5353 διατεθρυμμένων
1652 5286 1719 5340 ἂν
1766 5290 1874 5361 ait}.
1919 5294 1983 5348 Et

618 5456 762 5531 Lego
790 5460 1022 5531 νομίζει.

619 5526 1104 5607 Lta'corr'._;_prius
1123 5534 1269 5607 enim
1304 5544 1444 5607 erat,
1484 5538 1640 5607 φασί.

396 5651 402 5674 ι
616 5598 804 5674 Corr._
832 5595 965 5674 add:
1001 5605 1325 5672 particulam
1356 5595 1460 5660 ὅτι.

612 5668 963 5751 adverbium.
996 5665 1127 5751 ξιποτὲ
1159 5690 1305 5729 corr.
1335 5677 1465 5751 add.
1495 5688 1725 5751 utroque
1755 5680 1809 5736 in
1846 5681 1987 5737 loco.

614 5736 688 5815 Ita
721 5742 891 5815 corn;
933 5744 1083 5815 prius
1106 5755 1243 5802 erat.
1281 5747 1398 5815 μέν.

475 5806 587 5889 (ϐῆ)
621 5808 803 5889 secuti
841 5806 1031 5889 sumus
1074 5814 1160 5869 hic
1203 5806 1411 5889 antiqui
1460 5832 1605 5873 corr.
1652 5820 1977 5888 lectionem;

402 5890 527 5933 nam
558 5878 613 5934 in
647 5877 769 5936 Vat.
798 5881 917 5937 eod.
956 5892 1105 5939 textu
1134 5877 1411 5955 scribitur,
1443 5890 1563 5944 abst
1590 5891 1689 5962 τὴν
1722 5877 1976 5962 βροτικὴν

2093 4746 2374 4801 hominum
2406 4749 2578 4817 gloria
2614 4750 2685 4803 sit
2718 4752 2954 4821 primmn
2986 4752 3294 4821 videamus,
3319 4770 3495 4825 eoque
3525 4766 3683 4825 pacto

2090 4852 2342 4907 quaenam
2375 4839 2695 4894 eorumdem
2722 4842 3036 4912 ignobilitas
3071 4844 3142 4900 sit
3177 4859 3580 4917 consequenter
3607 4849 3685 4901 in-

2090 4927 2425 4999 telligemus.
2458 4927 2601 4985 Vera
2633 4931 2819 5003 itaque
2848 4933 3088 4991 hominis
3117 4934 3313 5007 gloria,
3350 4938 3461 4991 vita
3490 4948 3575 4993 est
3613 4938 3681 4993 ad

2088 5021 2308 5077 virtutis
2330 5038 2578 5078 normam
2620 5024 2910 5094 instituta;
2943 5027 3382 5085 eﬂeminatorum
3407 5031 3552 5086 enim
3579 5034 3684 5086 erit

2089 5128 2157 5170 ex
2185 5114 2423 5185 quadam
2485 5118 2688 5174 coloris
2719 5128 3024 5186 venustate,
3069 5122 3153 5178 vel
3183 5123 3369 5179 carnis
3416 5122 3550 5179 ﬂore
3590 5133 3684 5179 aut

2090 5221 2121 5262 e
2145 5222 2414 5263 converso
2452 5223 2519 5264 ex
2545 5213 2797 5281 corporis
2844 5213 3199 5271 deformitate
3246 5216 3531 5272 hominum
3562 5218 3682 5287 glo-

2093 5298 2232 5352 riam
2280 5298 2365 5353 vel
2409 5299 2806 5371 ignobilitatem
2857 5305 3057 5360 metiri.
3117 5305 3177 5361 Si
3219 5306 3402 5379 itaque
3453 5307 3682 5379 gloriam

2095 5476 2344 5549 δύναμιν,
2396 5480 2579 5540 nullo.
2631 5487 2692 5533 ut
2735 5479 2866 5533 mihi
2910 5480 3147 5544 videtur,
3194 5498 3380 5542 sensu.
3433 5497 3558 5537 nam
3615 5498 3678 5541 ex

2094 5559 2271 5626 morte
2299 5550 2445 5626 milla
2469 5550 2599 5626 oriri
2637 5558 2811 5626 potest
2842 5552 2893 5604 in
2924 5551 3144 5626 homine
3169 5552 3418 5626 δύναμις.

2163 5618 2273 5687 (64)
2308 5620 2468 5673 Corr.
2503 5620 2842 5689 διανοητικόν
2868 5637 2925 5673 τε
2948 5620 3063 5676 καί.

2162 5689 2276 5752 (65)
2312 5691 2467 5745 Corr.
2499 5690 2790 5756 ἐπέδειξεν.

2159 5760 2275 5831 (liti)
2314 5760 2469 5831 (ἱστί’.
2505 5762 2662 5831 εἴπερ
2692 5761 2869 5824 πάσας
2891 5762 3007 5826 τάς.

2160 5829 2271 5902 (67)
2306 5829 2460 5886 Cerr.
2502 5831 2530 5883 ὁ
2557 5829 2673 5902 τήν,
