4120 6394
439 405 568 463 ιιτι
1663 419 1720 472 s.
1746 417 2072 476 GREGORII
2099 409 2396 478 NYSSENI
3567 398 3705 482 me

435 530 674 586 hominis
711 531 946 589 fatemur
982 550 1106 592 esse
1141 537 1420 605 virtutem,
1450 549 1642 594 eorum
1703 542 2017 611 ignobilitas

2127 538 2256 614 νῦνὴ
2277 543 2447 616 ἀρετὴ
2461 543 2521 597 τὸ
2547 542 2758 608 ἔνδοξον
2779 542 3182 615 ἐπ’άνθρώπων
3208 544 3549 614 ὁμολογεῖται
3567 546 3702 608 (68),

435 639 666 693 prorsus
689 626 792 680 erit
816 627 1030 682 vitium.
1069 628 1461 685 Verumtamen
1520 630 1892 702 Appollinaris
1944 636 2020 688 ait

435 717 731 786 ignobilem
761 720 1041 774 hominum
1091 719 1320 776 formam
1355 721 1522 778 Deum
1563 725 1896 795 suscepisse.
1961 726 2020 781 Si

434 810 604 881 igitur
648 812 701 865 in
757 813 890 866 vitio
923 813 1255 883 ignobilitas.
1306 815 1496 869 vitium
1547 825 1727 871 autem
1771 819 2020 888 eligentis

435 902 735 958 voluntatis
771 904 1052 974 turpitudo
1081 913 1201 966 est;
1233 906 1589 975 eligitantem
1611 907 1892 977 cogitatio,
1929 915 2022 964 ea-

435 998 543 1063 que
570 998 768 1052 mentis
806 997 1027 1065 quidam
1057 1006 1239 1052 motus
1265 1009 1381 1063 est;
1407 999 1500 1068 qui
1529 999 1696 1068 igitur
1725 1002 2018 1056 humanam

437 1085 586 1138 circa
620 1085 788 1140 Deum
825 1087 1219 1157 ignobilitatem
1267 1089 1535 1159 agnoscit,
1591 1090 1890 1157 hominem,
1923 1099 2022 1162 per

435 1192 600 1246 quem
632 1178 687 1232 in
727 1179 964 1234 humana
997 1181 1108 1234 vita
1163 1189 1524 1237 conversatus
1552 1190 1658 1246 est,
1704 1194 1888 1239 mente
1913 1201 2018 1240 non

437 1269 656 1338 spoliat.
678 1270 744 1325 Et
779 1272 884 1326 hoc
921 1287 1055 1328 sane
1084 1287 1210 1326 cum
1251 1273 1564 1328 divinarum
1599 1273 2019 1346 Scripturarum

436 1361 672 1431 eloquiis
697 1364 972 1427 convenit,
1003 1363 1182 1432 ipsum
1207 1380 1402 1434 nempe
1432 1374 1657 1435 propter
1691 1381 1793 1422 nos
1825 1383 2021 1438 pecca-

437 1461 552 1507 tum
591 1469 714 1510 esse
750 1455 954 1510 factum
1013 1458 1078 1522 ",
1141 1457 1246 1511 hoc
1275 1465 1380 1520 est,
1435 1458 1675 1525 peccatis
1725 1459 2018 1515 obnoxiam

434 1545 679 1601 hominis
737 1547 976 1601 animam
1037 1549 1140 1602 sibi
1193 1549 1296 1617 ipsi
1332 1549 1642 1616 copulasse.
1707 1548 2017 1617 Dominum,

439 1636 639 1706 inquit,
672 1639 727 1692 in
763 1641 947 1694 servili
997 1640 1167 1694 forma
1227 1650 1578 1709 apparentem
1614 1661 1625 1695 :
1665 1657 1859 1697 servus
1897 1644 2016 1709 iste,

437 1731 597 1798 cujus
629 1729 858 1784 formam
890 1731 1156 1787 Dominus
1192 1733 1387 1795 induit,
1442 1732 1698 1788 omnibus
1727 1750 1796 1788 ne
1826 1751 2020 1789 nume-

437 1822 516 1876 r-is
540 1821 825 1876 absolutus
854 1832 990 1888 erat,
1016 1840 1082 1876 an
1113 1823 1488 1891 depravatus?
1519 1825 1663 1892 quod
1694 1826 1838 1880 enim
1866 1841 2020 1880 man-

2125 637 2158 705 ή
2189 634 2354 687 κακία
2401 635 2617 697 πάντως
2661 634 2722 686 τὸ
2753 632 2936 698 ἄδοξον
2973 633 3106 702 (69).
3156 633 3315 686 Ἀλλά
3365 634 3472 704 μὴν
3563 645 3698 712 φησὶ

2121 725 2212 778 τὸν
2249 725 2379 778 Θεὸν
2421 725 2450 778 6
2493 724 2864 796 Ἀπολινάριος
2894 724 2991 794 τὴν
3022 722 3208 790 ἄδοξον
3242 723 3349 776 τῶν
3396 721 3700 795 ἀνθρώπων

2122 815 2514 886 ὑπεληλυθέναι
2574 815 2812 886 μορφήν.
2851 815 2912 866 El
2944 811 3038 867 οὖν
3073 817 3129 867 ἐν
3168 815 3334 884 κακίᾳ
3376 815 3436 866 τὸ
3463 815 3699 880 ἄδοξον,

2123 909 2290 962 κακία
2319 908 2375 962 δὲ
2407 909 2781 980 προαιρέσεως
2807 903 2996 977 αἶσχός
3025 911 3141 960 ἐστι
3163 925 3176 937 ·
3215 911 3552 979 προαιρεῖται
3581 908 3636 960 δὲ
3666 909 3701 979 ὴ

2121 1000 2364 1063 διάνοια,
2417 1000 2624 1054 διάνοια
2685 1001 2742 1053 δὲ
2781 1000 2874 1054 νοῦ
2933 1019 2985 1054 τι
3026 1001 3228 1070 κίνημα
3265 1001 3412 1068 (70)·
3455 1000 3561 1071 ἄρα
3603 999 3703 1071 τὴν

2123 1092 2472 1162 ἀνθρωπίνην
2504 1092 2720 1159 ἀδοξίαν
2755 1093 2882 1164 περὶ
2912 1093 3004 1145 τὸν
3037 1091 3168 1146 Θεὸν
3198 1093 3410 1162 βλέπων
3439 1094 3538 1146 οὐκ
3567 1093 3704 1146 ἀπο⁴

2125 1184 2297 1253 σχίζει
2328 1184 2426 1254 τῆς
2461 1183 2697 1246 διανοίας
2738 1185 2828 1237 τὸν
2862 1185 3164 1258 ἄνθρωπον,
3211 1186 3275 1238 δι’
3309 1181 3369 1240 οὗ
3407 1187 3435 1238 6
3467 1185 3601 1248 Θεὸς
3634 1189 3702 1256 τῇ

2123 1276 2438 1347 ἀνθρωπίνῃ
2464 1277 2576 1348 ζωῇ
2599 1277 2973 1348 καθωμίλησε.
3003 1279 3112 1332 Καὶ
3144 1279 3428 1348 συμϐαίνει
3451 1296 3514 1347 γε
3543 1278 3702 1332 τοῦτο

2122 1371 2238 1432 ταῖς
2267 1368 2438 1432 θείαις
2477 1370 2741 1440 Γραφαῖς,
2772 1369 2832 1422 τὸ
2856 1370 2924 1422 δι’
2951 1371 3098 1440 ἡμᾶς
3126 1369 3286 1423 αὐτὸν
3311 1369 3580 1440 ἁμαρτίαν
3607 1385 3702 1436 γε-

2121 1458 2330 1524 νέσθαι,
2359 1459 2606 1513 τουτέστι
2629 1459 2726 1531 τὴν
2755 1460 3066 1532 ἀμαρτικὴν
3089 1458 3181 1512 τοῦ
3209 1459 3492 1531 ἀνθρώπου
3516 1461 3696 1532 ψυχὴν

2124 1550 2261 1621 πρὸς
2295 1551 2485 1605 ἑαυτὸν
2507 1552 2730 1605 ένῶσαι.
2764 1550 2989 1622 Κύριον,
3023 1552 3208 1621 φησὶν,
3239 1553 3296 1604 ὲν
3336 1551 3562 1622 δουλικῷ
3599 1570 3703 1620 φα·-

2123 1642 2280 1695 νέντα
2304 1643 2575 1713 σχήματι·
2610 1639 2720 1714 ἄρα
2745 1643 2858 1714 (71)
2883 1645 2911 1696 6
2941 1643 3123 1705 δοῦλος
3148 1638 3320 1706 οὗτος,
3345 1638 3406 1696 οὐ
3429 1643 3485 1696 τὸ
3515 1643 3700 1713 σχῆμα

2124 1733 2292 1786 ὑπέδυ
2315 1735 2342 1787 6
2369 1733 2592 1806 Κύριος,
2631 1736 2816 1806 ἄρτιος
2841 1730 2930 1805 ἦν,
2969 1735 3000 1804 ἦ
3036 1735 3307 1805 λελώϐητο
3335 1752 3348 1800 ;
3377 1736 3448 1787 T6
3473 1735 3579 1804 γὰρ
3614 1735 3700 1786 ὲλο

2124 1825 2310 1889 λειπές
2347 1843 2405 1878 τε
2447 1826 2542 1879 καὶ
2576 1827 3100 1897 ἠκρωτηριασμένον
3135 1828 3275 1880 κατά
3308 1826 3403 1897 τὴν
3435 1826 3529 1879 τοῦ
3562 1826 3699 1891 ζῶον

436 1926 562 1966 cum
596 1921 680 1967 est
727 1929 790 1968 ac
821 1915 1066 1984 partibus
1097 1917 1162 1970 ad
1204 1920 1455 1973 animalis
1496 1918 1887 1989 perfectionem
1926 1933 2022 1973 ne-

2127 1918 2542 1989 συμπλήρωσιν,
2593 1917 2774 1988 λώϐην
2812 1919 2875 1972 ἀν
2921 1936 3004 1980 τις
3054 1920 3280 1981 εἰκότως
3334 1920 3701 1990 προσαγορεύ-

437 2005 694 2061 cessariis
731 2007 1005 2071 orbatum,
1039 2024 1147 2063 non
1192 2010 1467 2066 immerito
1501 2013 1625 2081 quis
1655 2011 2018 2080 depravatum

439 2100 858 2168 nuncupaverit.
900 2099 1024 2153 Non
1063 2102 1236 2166 homo,
1267 2103 1464 2172 inquit,
1489 2103 1578 2158 sed
1597 2113 1651 2156 ut
1678 2103 1855 2164 homo,
1896 2105 2020 2172 quia

437 2189 908 2244 consubstantialis
954 2209 1054 2245 non
1099 2203 1212 2247 erat
1253 2194 1454 2248 homini
1500 2213 1561 2249 ea
1608 2212 1672 2249 ea:
1718 2204 1867 2264 parte
1904 2211 2022 2264 qua:

435 2282 716 2344 potissima
753 2290 832 2336 est
884 2283 938 2336 in
984 2283 1212 2339 homine.
1253 2287 1308 2338 Si
1347 2303 1453 2339 non
1499 2287 2018 2349 consubstantialis,

436 2387 569 2442 ergo
601 2374 830 2429 diversae
862 2376 1086 2430 omnino
1116 2379 1478 2443 substantiae;
1507 2379 1560 2432 in
1593 2379 1793 2448 quibus
1834 2386 2019 2434 autem

437 2465 581 2518 ratio
607 2473 692 2520 est
718 2465 932 2523 diversa
962 2467 1305 2536 substantiae,
1341 2469 1424 2523 his
1459 2486 1635 2539 neque
1675 2471 1865 2525 eadem
1919 2485 2020 2524 na-

438 2566 586 2622 tura,
646 2573 826 2627 neque
879 2557 1018 2613 idem
1050 2577 1268 2616 nomen.
1316 2563 1432 2616 Alia
1473 2571 1558 2618 est
1627 2563 1792 2632 ignis,
1825 2570 1878 2617 et
1915 2563 2021 2616 alia

437 2663 594 2718 aqua;
611 2649 940 2712 substantia,
963 2658 1018 2704 et
1043 2651 1238 2705 horum
1267 2667 1486 2721 quoque
1516 2652 1734 2706 diversa
1767 2662 1896 2706 sunt
1923 2666 2024 2704 no-

437 2741 621 2796 mina:
671 2739 871 2797 Petrus
923 2750 1103 2800 autem
1157 2754 1212 2798 et
1262 2742 1488 2805 Paulus,
1535 2747 1796 2814 quoniam
1857 2743 2021 2798 unius

437 2833 797 2902 ejusdemque
838 2844 1054 2889 natura:
1085 2845 1234 2902 sunt,
1272 2837 1394 2892 ideo
1415 2845 1468 2891 et
1489 2852 1781 2891 commune
1802 2852 2022 2892 eorum-

437 2923 561 2978 dem
602 2927 922 2981 substantia:
955 2944 1150 2982 nomen
1177 2929 1434 2994 illabent;
1468 2941 1697 2998 uterque
1722 2928 1865 2983 enim
1920 2928 2021 2982 bo-

436 3033 560 3072 rum
593 3018 759 3074 homo
794 3027 901 3074 est.
942 3020 997 3073 Si
1033 3021 1198 3090 igitur
1231 3022 1376 3074 aliud
1431 3021 1562 3089 quid
1615 3021 1866 3076 Christus
1893 3022 2024 3075 sub-

439 3113 640 3168 stantia
665 3122 804 3176 erat,
841 3131 948 3167 non
988 3125 1167 3167 autem
1227 3114 1409 3174 homo,
1447 3123 1500 3167 et
1556 3115 1737 3182 specie
1801 3114 2019 3183 quidem

2124 2028 2284 2064 σειεν.
2321 2013 2440 2064 Οὐκ
2472 2010 2807 2078 ἅνθρωπος,
2846 2011 3028 2079 φησὶν,
3070 2010 3206 2064 ἀλλ’
3242 2011 3324 2076 ὡς
3368 2011 3696 2078 ἅνθρωπος.

2121 2101 2271 2155 διότι
2307 2103 2418 2169 οὐχ
2460 2104 2780 2170 ὀμοούο-ιος
2821 2102 2898 2167 τῷ
2951 2101 3246 2170 ἀνθρώπῳ
3287 2103 3435 2156 κατὰ
3476 2104 3537 2156 τὸ
3589 2104 3700 2173 (72)

2122 2193 2504 2260 κυριώτατον,
2537 2195 2600 2246 Εἰ
2635 2193 2708 2264 μὴ
2741 2193 3042 2263 ὀμοούσιος,
3080 2194 3416 2265 ἑτεροούσιος
3445 2195 3659 2267 πάντως
3683 2211 3700 2226 ⁶

2121 2279 2197 2337 ὧν
2235 2284 2291 2337 δὲ
2316 2287 2344 2338 6
2371 2285 2529 2352 λόγος
2556 2287 2654 2355 τῆς
2683 2285 2872 2348 οὐσίας
2910 2285 3118 2356 ἔτερος,
3151 2286 3363 2350 τούτοις
3393 2286 3570 2358 οῦτεή
3600 2287 3702 2356 φύ-

2125 2389 2207 2437 σις
2236 2375 2409 2444 κοινὴ,
2456 2373 2580 2427 οὔτε
2629 2376 2662 2444 ἡ
2691 2375 2900 2445 κλῆσις.
2957 2375 3122 2447 ’Λλλη
3161 2377 3332 2447 πυρὸς
3364 2378 3518 2429 οὐσία
3547 2419 3562 2440 ,
3609 2380 3704 2432 καὶ

2123 2464 2313 2528 ὕδατος
2346 2467 2478 2536 άλλη
2505 2510 2519 2531 ,
2550 2467 2644 2519 καὶ
2676 2467 2732 2519 αἱ
2765 2469 3125 2538 προσηγορίαι
3163 2469 3270 2521 τῶν
3304 2469 3397 2522 δύο
3422 2470 3698 2540 διάφορον

2123 2557 2327 2628 Πέτρος
2368 2557 2549 2611 δὲκαὶ
2592 2558 2840 2624 Παῦλος,
2886 2560 3072 2630 ἐπειδὴ
3123 2560 3283 2627 φύσις
3329 2561 3426 2628 μία
3454 2599 3468 2623 ,
3514 2561 3609 2612 καὶ
3642 2561 3705 2613 τὸ

2122 2648 2290 2720 ὄνομα
2315 2649 2418 2718 τῆς
2444 2651 2633 2714 οὐσίας
2666 2651 2842 2704 κοινόν
2862 2666 2876 2680 '
2904 2651 3185 2724 ἄνθρωπος
3219 2651 3324 2723 γὰρ
3345 2651 3548 2704 τούτων
3578 2653 3705 2705 ἑκά-

2122 2758 2298 2811 τερος.
2343 2739 2520 2796 Είοῦν
2547 2743 2674 2796 ἄλλο
2704 2761 2756 2796 τι
2798 2743 2941 2796 κατά
2973 2743 3068 2814 τὴν
3095 2743 3285 2796 οὐσίαν
3326 2739 3416 2814 ἧν,
3465 2743 3557 2797 καὶ
3600 2745 3700 2796 οὐκ

2123 2834 2440 2905 ἄνθρωπος,
2488 2835 2624 2888 ἀλλά
2679 2837 2836 2907 μέχρι
2870 2837 2980 2906 (75)
3035 2835 3127 2888 τοῦ
3181 2835 3506 2906 φαινομένου
3561 2843 3701 2889 κατα

2124 2926 2407 2996 ἄνθρωπον
2461 2927 2888 2997 ἐσχηματίζετο,
2938 2931 3004 2998 τῇ
3052 2927 3107 2979 δὲ
3152 2927 3378 2998 ἀληθείᾳ
3421 2928 3560 2981 κατὰ
3605 2928 3705 3000 τὴν

2125 3018 2286 3086 φύσιν
2312 3018 2661 3089 παρήλλακτο
2682 3035 2696 3049 °
2723 3019 2928 3088 λεγέτω
2950 3019 3124 3072 πάντα
3153 3019 3373 3088 δόκησιν
3401 3017 3537 3072 εἷναί
3562 3037 3701 3084 τινα,

2125 3115 2215 3166 κα¹ι
2248 3112 2534 3183 ἀπατηλὴν
2567 3111 2887 3181 φαντασίαν,
2925 3111 3122 3182 ψευδὴς
3149 3112 3270 3166 κατ’
3305 3112 3464 3165 αὐτὸν
3495 3114 3527 3182 ή
3563 3112 3703 3183 βρῶ-

441 3213 602 3260 tenus
630 3205 904 3260 hominem
935 3207 1223 3269 referebat,
1267 3223 1323 3259 rc
1348 3213 1527 3257 autem
1560 3222 1683 3258 vera
1723 3206 2019 3260 secundum

2128 3223 2232 3270 σις,
2262 3206 2462 3277 ψευδὴς
2492 3209 2519 3260 6
2550 3207 2715 3270 ὕπνος
2739 3247 2754 3268 ,
2789 3206 3111 3277 ἀνύπαρκτα
3142 3206 3320 3259 πάντα
3349 3205 3416 3258 τὰ
3438 3205 3579 3258 κατά
3603 3206 3705 3268 τὰς

440 3305 694 3349 naturam
740 3295 1026 3349 differebat
1069 3298 1137 3350 ab
1179 3297 1432 3361 homine;
1469 3297 1614 3348 dicat
1654 3296 1862 3359 omnia,
1898 3311 2020 3365 quae

441 3388 508 3442 de
565 3387 788 3442 Christo
822 3397 1151 3450 narrantur,
1203 3403 1396 3441 vanam
1437 3388 1727 3457 quamdam
1783 3391 2019 3457 speciem

441 3477 744 3547 falsamque
785 3480 1048 3532 visionem
1114 3494 1264 3546 esse;
1297 3495 1408 3534 non
1469 3495 1656 3533 verum
1697 3480 1850 3548 juxta
1902 3480 2020 3549 ejus

444 3573 768 3628 sententiam
799 3572 1004 3633 cibum,
1037 3586 1138 3625 nec
1176 3587 1364 3626 verum
1391 3586 1642 3626 somnum
1672 3573 1836 3640 cepit,
1869 3583 2023 3641 quot-

441 3671 574 3731 quot
597 3663 757 3716 etiam
786 3663 838 3716 in
857 3663 1116 3718 curandis
1139 3664 1344 3718 morbis
1375 3664 1636 3718 miracula
1667 3667 2019 3732 perpetravit,

440 3752 635 3809 inanes
695 3754 953 3809 exstitere
1001 3756 1265 3817 visiones,
1334 3755 1623 3810 cruciﬁxio
1676 3769 2020 3825 nequaquam

441 3845 566 3911 fuit,
600 3861 700 3900 nec
732 3847 784 3899 in
813 3858 1166 3902 monumento
1193 3849 1478 3918 depositus
1505 3856 1609 3913 est,
1646 3863 1744 3902 nec
1769 3863 2021 3903 resurre-

443 3939 558 4004 xit;
587 3937 680 3993 sed
747 3939 852 3993 ista
880 3940 1062 3992 omnia
1087 3940 1158 3992 ita
1181 3940 1400 4009 quidem
1433 3956 1555 3995 esse
1583 3939 1930 4004 videbantur,
1967 3956 2024 3995 re

443 4038 625 4084 autem
651 4043 798 4091 vera,
823 4029 978 4096 juxta
1021 4030 1339 4098 scriptorem
1385 4041 1654 4095 nostrum,
1682 4045 1866 4084 eorum
1902 4047 2024 4100 qua:

443 4119 924 4188 conspiciebantur
987 4120 1122 4173 nihil
1151 4120 1376 4174 omnino
1418 4130 1555 4174 erat.
1582 4120 1639 4174 Si
1670 4121 1816 4174 enim
1858 4119 2023 4176 homo

443 4223 553 4262 non
584 4219 722 4272 erat,
783 4209 1058 4277 quomodo
1090 4225 1212 4278 qua:
1250 4207 1318 4262 de
1367 4207 1486 4278 ipso
1529 4215 1822 4261 narrantur
1851 4207 2023 4260 exsti-

443 4303 596 4356 tere?
632 4301 750 4367 Qua
782 4303 994 4355 ratione
1021 4311 1200 4354 autem
1246 4300 1371 4369 quis
1421 4315 1546 4353 eum
1577 4313 1700 4352 esse
1744 4297 2022 4351 hominem

445 4396 648 4451 dixerit
679 4396 772 4465 qui
811 4396 877 4448 ab
909 4395 1144 4448 humana
1173 4393 1478 4448 substantia
1504 4392 1716 4447 alienus
1762 4403 1844 4446 est
1871 4392 1894 4445 ?
1921 4391 2025 4447 Ne-

446 4503 553 4558 que
577 4485 747 4549 enim,
797 4483 993 4554 inquit,
1043 4482 1531 4539 consubstantialis
1567 4489 1652 4536 est
1699 4481 1903 4535 homini
1939 4497 2026 4536 se-

2133 3299 2305 3362 ίάσεις
2355 3297 2614 3368 θαύματα
2643 3338 2656 3360 ,
2705 3298 2766 3350 οὐ
2813 3297 3033 3366 γέγονεν
3087 3299 3115 3351 6
3147 3297 3396 3368 σταυρὸς,
3443 3297 3539 3365 οὐχ
3579 3297 3610 3366 ἡ
3647 3298 3705 3347 ὲν

2131 3389 2381 3459 μνημείῳ
2429 3388 2576 3451 θέσις
2603 3428 2618 3451 ,
2661 3388 2823 3458 οὐχή
2866 3389 2929 3440 ὲκ
2973 3386 3066 3439 τοῦ
3116 3388 3322 3450 πάθους
3364 3387 3658 3448 ἀνάστασις
3687 3403 3702 3416 ·

2129 3479 2266 3534 ἀλλά
2292 3479 2510 3550 δοκήσει
2539 3480 2636 3550 μὲν
2665 3479 2734 3532 τὰ
2765 3480 2944 3533 πάντα
2971 3479 3242 3547 ἐφαίνετο,
3270 3474 3338 3549 ἦν
3370 3478 3426 3530 δὲ
3449 3477 3590 3531 κατὰ
3616 3479 3706 3531 τὸν

2127 3571 2221 3624 τοῦ
2257 3571 2594 3643 λογογράφου
2627 3571 2780 3639 λόγον
2803 3571 2910 3624 τῶν
2933 3571 3272 3640 φαινομένων
3304 3569 3476 3623 οὐδέν.
3508 3571 3572 3622 Εἰ
3597 3568 3707 3640 γάρ

2129 3662 2414 3734 ἄνθρωπος
2447 3665 2546 3716 οὐκ
2592 3658 2682 3732 ἦν,
2725 3663 2840 3728 πῶς
2887 3663 2954 3715 τά
2991 3663 3124 3733 περὶ
3156 3662 3318 3714 αὐτὸν
3351 3660 3706 3732 ἱστορούμενα

2129 3750 2232 3826 ἦν;
2277 3754 2400 3818 Πῶς
2442 3753 2485 3806 δ’
2527 3752 2592 3806 ἃν
2627 3755 2770 3807 εἴποι
2804 3771 2886 3816 τις
2928 3751 3066 3807 εἶναι
3120 3753 3425 3823 ἄνθρωπον,
3477 3754 3565 3806 τὸν
3606 3753 3708 3821 τῆς

2130 3845 2473 3914 ἀνθρωπίνης
2498 3845 2684 3907 οὐσίας
2703 3844 2977 3914 ἀλλότριον
3004 3861 3016 3908 ;
3042 3844 3114 3896 Οὐ
3144 3843 3253 3913 γὰρ
3276 3839 3364 3913 ἦν,
3385 3843 3549 3914 φησὶν
3572 3843 3705 3910 (741,

2131 3938 2414 4009 ὁμοούσιος
2445 3937 2522 4007 τῷ
2547 3937 2643 3991 ἀνθ
2655 3936 2817 4008 ρώπῳ
2856 3937 2995 3990 κατὰ
3023 3936 3082 3988 τὸ
3106 3935 3439 4004 κυριώτατον
3457 3951 3471 3964 ·
3504 3935 3532 3985 6
3560 3933 3614 3986 δὲ
3647 3933 3709 3984 τὸ

2131 4029 2464 4101 κυριώτατον
2497 4028 2747 4099 ἀφαιρῶν
2777 4027 2870 4080 τοῦ
2905 4026 3214 4098 ἀνθρώπου,
3238 4025 3394 4078 τοῦτο
3419 4025 3476 4077 δέ
3506 4026 3653 4078 ἐστιν
3678 4025 3708 4076 6

2130 4119 2283 4183 νοῦς,
2315 4119 2509 4189 κτῆνος
2543 4118 2788 4182 ἀπέδειξε
2822 4119 2883 4172 τὸ
2911 4118 3260 4186 λειπόμενον
3294 4115 3354 4167 τὸ
3383 4116 3437 4168 δὲ
3476 4116 3667 4184 κτῆνος
3690 4153 3707 4177 ,

2131 4213 2231 4266 οὐκ
2251 4211 2345 4264 ἄνθ
2355 4229 2548 4281 ρωπος.
2571 4206 2700 4265 Εἶτά
2721 4229 2871 4281 φησι,
2895 4207 3346 4269 Ταπεινώσαντα
3360 4208 3573 4275 σαρκί(
3592 4205 3705 4274 73)-

2130 4301 2595 4372 ὐπερυψωθέντα
2609 4302 2676 4354 δὲ
2689 4301 2805 4357 ὑπὸ
2821 4301 2965 4355 Θεοῦ
2981 4300 3094 4368 τὴν
3105 4300 3269 4353 θείαν
3285 4297 3711 4366 ὕψωσινἸουτὶ

2134 4393 2294 4446 πάλιν
2320 4393 2426 4446 τῶν
2459 4391 2839 4462 προλαϐόντων
2886 4391 3022 4463 μετά
3048 4390 3301 4453 ἀσεϐείας
3333 4389 3708 4458 ἀνοητότερον.

2135 4482 2328 4537 Ἀλλον
2379 4485 2513 4554 φησὶ
2545 4481 3008 4547 τεταπεινῶσθαι,
3058 4483 3150 4534 καὶ
3197 4481 3378 4550 ἕτερον
3423 4478 3712 4549 ὐπερυψῶο

444 4577 686 4633 cundum
720 4576 1057 4646 potissimam
1085 4574 1204 4643 ejus
1235 4581 1466 4643 partem.
1504 4571 1606 4638 Qui
1639 4581 1818 4627 autem
1854 4572 2023 4641 potis-

2135 4575 2280 4628 σθαι.
2318 4574 2383 4627 Ἠ
2408 4573 2564 4645 σὰρξ,
2599 4575 2759 4645 φησὶ,
2787 4571 3210 4634 τεταπείνωται,
3240 4571 3413 4623 καίτοι
3437 4571 3585 4622 οὐδὲν
3613 4567 3709 4622 τοῦ

447 4671 642 4726 simam
675 4676 904 4739 partem,
930 4669 1033 4721 hoc
1075 4675 1180 4728 est,
1219 4671 1453 4720 mentem
1487 4663 1666 4718 aufert
1688 4665 1757 4720 ab
1784 4665 2027 4726 homine,

447 4762 498 4817 is
541 4763 687 4831 quod
733 4769 984 4830 superest
1031 4758 1341 4827 jumentum
1378 4772 1500 4812 esse
1533 4756 1768 4824 definit;
1811 4757 2030 4827 jumen-

447 4861 563 4907 tum
590 4863 769 4907 antem
810 4867 918 4905 non
946 4859 1030 4906 est
1059 4849 1242 4903 homo.
1279 4847 1482 4903 Deinde
1507 4847 1682 4918 inquit
1711 4869 1725 4899 :
1759 4849 2032 4902 Humilia-

449 4955 560 4999 tum
594 4947 647 4998 in
677 4962 854 5006 carne,
876 4941 1325 5012 superexaltalum
1364 4957 1482 4994 vero
1539 4958 1570 4994 a
1601 4940 1709 4994 Deo
1735 4940 1912 4994 divina
1940 4959 2033 4994 su-

449 5037 728 5090 blimitate.
791 5034 905 5089 Hoc
965 5048 1182 5094 rursus,
1215 5033 1357 5085 ultra
1411 5031 1768 5101 impietatem,
1810 5032 1876 5086 iis
1910 5048 2030 5102 qua:

449 5138 606 5182 antea
629 5127 854 5197 protulit
887 5126 1198 5182 dementius
1229 5134 1332 5180 est.
1360 5124 1518 5179 Aliud
1541 5124 2028 5179 dicithumiliatum

451 5218 648 5283 fuisse,
686 5229 739 5273 et
773 5219 920 5273 aliud
973 5217 1456 5288 supeiexaltatnm.
1496 5215 1660 5285 Caro,
1699 5217 1891 5290 inquit,
1939 5219 2039 5270 hu-

522 5328 567 5360 ⁸³
593 5327 637 5380 ll
666 5329 795 5382 Cor.
831 5346 885 5395 ν,
913 5327 1006 5384 21.

521 5439 634 5512 ίδδ)
669 5440 826 5512 Com
853 5440 1217 5512 ὡμολόγηται,

523 5511 636 5580 (69)
660 5511 817 5564 Corr.
853 5512 969 5564 ἐστὶ
999 5515 1078 5566 τό.

521 5581 637 5652 (70)
667 5581 820 5635 Corr.
847 5582 961 5633 ἐστί
989 5599 1039 5635 τι
1071 5581 1296 5652 κίνημας

521 5641 637 5722 (71)
664 5652 879 5723 Locum
906 5653 1050 5706 hunc
1076 5661 1128 5707 et
1158 5641 1328 5723 multa
1357 5669 1477 5718 quas
1504 5662 1806 5723 sequuntur
1835 5654 2028 5723 partim

451 5718 822 5793 adverbium,
858 5723 1053 5790 partim
1107 5721 1175 5778 ad
1215 5726 1536 5777 sententiam
1562 5718 1594 5782 .’
1629 5741 1771 5793 δίρρο
1816 5718 2034 5778 laudato

458 5789 732 5864 Panopliw
776 5789 872 5844 tit.’
913 5794 975 5845 13
1027 5793 1255 5847 inseruit
1297 5794 1651 5864 Enthynnius,
1706 5789 1827 5864 pag.
1893 5795 2037 5855 5'28,

452 5876 600 5921 vct‘s.
663 5861 943 5919 Dominum
1003 5865 1053 5918 in
1119 5865 1295 5919 servili
1340 5861 1544 5934 forum,
1598 5861 1721 5920 cuni
1780 5861 2040 5938 “sequenti

2131 4667 2532 4737 ταπεινωθῆναι
2556 4665 3002 4737 προσδεομένη,ἡ
3033 4663 3093 4715 τὸ
3121 4663 3375 4716 ταπεινὸν
3399 4663 3462 4715 ἐκ
3497 4661 3713 4729 φύσεως

2133 4759 2333 4830 ἔχουσα
2353 4775 2366 4788 ·
2394 4759 2493 4828 τὴν
2519 4758 2573 4810 δὲ
2600 4756 2828 4827 θεότητα
2860 4753 3250 4826 ὑπερυψῶσθαι
3281 4753 3449 4821 λέγει,
3482 4753 3574 4805 καὶ
3603 4751 3710 4820 μὴν

2131 4853 2192 4905 τὸ
2215 4851 2434 4920 ὕψιστον
2459 4849 2733 4911 ἀνεπιδεὲς
2758 4849 2856 4917 τῆς
2883 4845 3161 4916 ὑψώσεως.
3194 4845 3302 4898 Ποῦ
3324 4845 3498 4897 τοίνυν
3532 4845 3703 4912 ὑπερ-

2134 4939 2320 5011 υψώθη
2363 4942 2397 5010 ἡ
2445 4939 2655 5011 θεότης,
2710 4940 2743 5008 ἡ
2785 4937 2878 4990 τοῦ
2919 4938 3121 5000 παντὸς
3172 4937 3578 5007 ὑπερκειμένη,
3617 4937 3711 4988 καὶ

2136 5031 2560 5104 ὑπερανεστῶσα
2609 5031 2788 5100 πάσης
2818 5030 3110 5100 ὑψώσεωςς
3154 5030 3314 5083 Ἀλλά
3351 5031 3410 5082 τὸ
3443 5032 3510 5101 τῇ
3550 5029 3709 5098 φύσει

2138 5124 2390 5178 ταπεινὸν
2430 5120 2691 5192 ὑψοῦται,
2722 5121 2822 5174 κᾶν
2860 5123 2888 5174 6
2928 5121 3268 5191 λογογράφος
3316 5122 3388 5192 μὴ
3423 5121 3708 5191 βούληται,

2137 5216 2318 5280 καθὼς
2351 5214 2530 5286 μικρῷ
2559 5213 2791 5285 πρόσθεν
2818 5214 2845 5266 6
2870 5213 2996 5284 περὶ
3023 5213 3227 5265 τούτων
3251 5212 3407 5279 λόγος
3436 5213 3712 5284 διῄρηται.

2131 5443 2292 5511 cujus
2319 5443 2533 5498 initium
2566 5463 2578 5498 :
2611 5443 2714 5510 Qui
2742 5441 2879 5512 quod
2904 5455 3148 5494 maxime.

2205 5513 2614 5582 (72)Corr.6tdz
2650 5515 2730 5567 τό.
3011 5583 3016 5584 ί
3172 5582 3180 5584 _
3312 5579 3320 5584 _
3427 5577 3435 5584 λ
3538 5573 3561 5584 _

2210 5577 2322 5654 (75)
2351 5585 2423 5636 ita
2442 5601 2622 5654 rom;
2652 5585 2804 5654 prius
2826 5591 2940 5636 erat
2967 5583 3064 5654 μὲν
3085 5582 3213 5654 χρή,
3240 5579 3322 5654 vel
3357 5577 3448 5647 χρὶ
3470 5577 3564 5654 τοῦ
3588 5593 3714 5645 cyat-

2139 5649 2385 5775 νομέένου.
2412 5653 2573 5710 Forte
2594 5649 2902 5724 legendum,
2929 5649 3210 5720 allapso
3255 5649 3414 5722 μέχρι
3453 5649 3547 5699 τοῦ
3591 5663 3713 5719 φα.-

2140 5743 2242 5775 νου.
2276 5743 2386 5775 νου.

2140 5743 2364 5779 νόμενου
2374 5765 2386 5778 .

2205 5743 2386 5795 μενου.

2212 5794 2321 5861 (74)
2351 5794 2429 5849 Ita
2464 5811 2630 5858 corr.;
2665 5803 2821 5848 antea
2851 5793 2915 5846 ἄν
2951 5809 3130 5864 φησιν.

2213 5867 2321 5938 (75)
2353 5865 2507 5922 Corr.
2529 5864 2732 5922 ’ἑαυτὸν
2761 5865 2940 5937 σαρκί.
