4120 6394
408 420 544 480 M75

1569 423 1941 480 ADVERSUS
1965 423 2474 479 APOLLINAREM.

3520 421 3661 476 ΗῚι

403 544 608 598 mutata
635 538 759 604 iuit,
788 555 908 593 cum
938 547 1117 593 tamen
1152 556 1273 610 qua:
1301 546 1493 609 suapte
1532 551 1727 595 natura
1775 542 1997 596 humilis
2034 551 2117 595 est
2152 541 2426 595 humiliari
2478 555 2615 609 opus
2671 554 2778 592 non
2826 538 3051 603 habeat;
3123 536 3460 592 divinitatem
3531 554 3663 595 vero

404 632 796 703 superexaltari
870 633 1025 699 dicit,
1096 633 1345 704 quamvis
1383 633 1526 702 quod
1574 634 1899 689 altissimum
1954 641 2040 687 est
2078 634 2407 687 exaltatioue
2440 649 2547 686 non
2594 642 2768 701 egeat.
2809 628 3036 684 Ubinam
3070 628 3230 699 igitur
3263 630 3663 697 superexaltata

396 732 489 777 est
522 724 798 789 divinitas,
830 740 949 794 qua:
996 726 1177 780 omnia
1261 725 1651 794 supereminet,
1693 740 2018 793 omnemque
2058 725 2444 779 sublimitatem
2475 721 2726 778 excedit?
2780 721 2873 775 sed
2904 719 3049 791 quod
3090 720 3174 775 sui
3200 727 3397 773 natura
3461 718 3667 774 humile

404 827 491 874 est
518 817 811 882 exaltatur,
844 818 973 871 velit
1002 817 1137 871 nolit
1165 818 1399 887 scriptor
1430 824 1637 882 noster,
1664 826 1724 871 ut
1755 818 1807 870 in
1841 818 1999 885 paulo
2015 825 2139 871 ante
2171 817 2357 871 habito
2382 817 2532 870 hisce
2563 814 2629 869 de
2659 815 2822 869 rebus
2849 828 3101 869 sermone
3126 813 3382 867 disserui.

480 910 646 963 Πάλιν
668 909 806 962 κατὰ
834 911 960 973 τοὺς
974 910 1032 962 ὲν
1048 908 1201 977 ῦπνῳ
1226 911 1980 982 παραφθεγγομένους,ἀφε“ις

2156 908 2345 964 XXIV.
2380 908 2487 963 Sed
2525 923 2719 963 rursus
2759 908 2972 962 illorum
3001 907 3177 962 instar
3213 906 3307 976 qui
3342 906 3395 959 in
3436 905 3669 960 somniis

408 1002 509 1072 τῆς
546 1002 890 1073 κατασκευῆς
914 1003 976 1055 τὸ
1016 1002 1328 1071 ἀκόλουθον,
1356 1007 1469 1067 τοῖς
1491 1004 1779 1075 ἡμετέροις
1811 1004 1989 1073 λόγοις

413 1093 808 1164 συγκέχρηται,
839 1094 932 1146 καὶ
969 1093 1113 1164 άπερ
1145 1095 1211 1148 ἄν
1234 1113 1317 1159 τις
1355 1095 1500 1148 εἴποι
1528 1095 1636 1148 τῶν
1669 1095 1836 1163 ὑγιῶς
1862 1112 1991 1166 φρο-

411 1183 645 1238 νούντων
702 1185 832 1255 περὶ
878 1184 972 1237 τοῦ
1008 1185 1295 1256 δόγματος,
1334 1186 1506 1239 ταῦτα
1538 1188 1632 1240 καὶ
1676 1187 1837 1250 αὐτὸς
1878 1187 1991 1249 τοῖς

413 1271 568 1335 ἰδίοις
597 1273 962 1343 καταμίγνυσι
1002 1273 1200 1343 λόγοις.
1247 1275 1525 1346 Διακρίνει
1551 1276 1659 1347 γὰρ
1695 1277 1757 1328 τὸ
1778 1275 1993 1339 δοξαζό-

416 1380 595 1431 μενον,
653 1363 748 1417 κα).
794 1364 884 1416 τὸν
935 1366 1033 1434 τὴν
1074 1365 1228 1431 δόξαν
1267 1364 1478 1435 ἔχοντα.
1513 1364 1818 1431 Δοξάζεται
1860 1365 1989 1433 γὰρ,

416 1457 603 1525 φησιν,
624 1454 701 1521 ὠς
730 1455 1036 1524 ἅνθρωπος
1062 1471 1077 1486 ο
1117 1456 1305 1521 δόξαν
1342 1453 1410 1509 δὲ
1449 1456 1573 1526 ἔχει
1600 1451 1726 1526 ’πρὸ
1756 1457 1862 1510 τοῦ
1896 1459 1995 1510 κό-

412 1563 596 1615 σμου,
626 1547 704 1613 ὡς
729 1546 869 1613 Θεὸς
917 1546 1319 1616 προϋπάρχων
1352 1547 1490 1619 τῶν
1528 1548 1773 1602 αἰώνων.
1816 1548 1993 1618 Μέχρι

414 1639 621 1693 τούτων
645 1639 1006 1709 εύγνωμονῶν
1046 1640 1157 1709 (76)
1183 1657 1196 1671 '
1232 1640 1347 1694 ἀλλ’
1381 1642 1427 1693 εί
1454 1639 1552 1711 μὲν
1586 1640 1795 1704 τούτοις
1824 1640 1893 1694 τὰ
1916 1641 1997 1693 λε-

415 1731 622 1801 γόμενα
661 1730 790 1802 παρ’
815 1731 982 1785 αὑτοῦ
1011 1732 1363 1806 περιιῦριστο,
1388 1733 1518 1795 ἴσως
1542 1732 1606 1785 ἄν
1639 1749 1721 1795 τις
1748 1733 1911 1786 αὑτὸν
1932 1735 1996 1788 ὲκ

416 1823 781 1894 μεταμελείας
830 1822 982 1894 ᾠήθη
1034 1823 1170 1889 πρὸς
1232 1822 1329 1885 τὰς
1387 1824 1775 1893 εὐσεϐεστέρας
1824 1825 1997 1878 ὲλθεῖν

414 1915 525 1969 τῶν
555 1915 891 1986 ὑπολήψεων.
921 1912 1058 1967 Νυνὶ
1087 1914 1145 1967 δὲ
1193 1912 1441 1985 καθάπερ
1469 1917 1725 1986 καμπτήν
1750 1933 1871 1969 τινα
1898 1918 1998 1989 τὴν

417 2007 546 2076 ὑγιῆ
592 2006 795 2076 ταύτην
836 2005 1076 2058 διάνοιαν
1116 2004 1364 2076 τῷλόγῳ
1408 2006 1780 2076 περιοδεύσας,
1837 2007 1998 2062 πάλιν

418 2095 511 2145 ἐπὶ
536 2093 596 2146 τὸ
618 2094 717 2162 τῆς
747 2094 953 2165 πλάνης
994 2094 1349 2165 ἑπανατρέχει
1391 2096 1622 2159 στάδιον,
1656 2096 1748 2149 καὶ
1780 2097 2000 2162 πολλαῖς

418 2184 542 2237 καθ’
570 2186 723 2254 ἡμῶν
747 2185 1033 2256 λοιδορίαις
1063 2186 1431 2257 χρησάμενος,
1462 2187 1554 2241 καὶ
1587 2187 1880 2253 Ἰουδαίοις,
1906 2190 2000 2243 καὶ

2093 1015 2351 1071 perverse
2394 1000 2722 1069 loquuntur,
2763 1013 2849 1053 eoa
2882 998 3246 1068 prastermisso
3288 999 3434 1067 quod
3474 1012 3666 1052 conse-

2093 1106 2269 1161 quens
2319 1097 2438 1145 erat
2486 1100 2546 1145 ut
2585 1090 2861 1159 probaret,
2896 1089 3061 1143 verba
3107 1098 3295 1144 nostra
3338 1096 3587 1159 usurpat,
3613 1098 3668 1143 et

2091 1198 2211 1251 qua:
2241 1193 2387 1237 recte
2414 1182 2483 1237 de
2520 1181 2626 1237 ﬁde
2680 1181 3031 1236 sentientium
3065 1180 3263 1249 aliquis
3294 1180 3521 1246 diceret,
3553 1181 3668 1235 hare

2092 1280 2146 1327 et
2200 1274 2317 1342 ipse
2371 1273 2606 1343 propriis
2674 1273 2943 1328 immiscet
2988 1273 3354 1327 sermonibus.
3415 1271 3471 1326 ld
3521 1273 3667 1327 enim

2095 1364 2240 1434 quod
2272 1364 2608 1433 gloriﬁcatur
2635 1365 2703 1419 ab
2729 1379 2794 1419 eo
2814 1365 2908 1434 qui
2939 1364 3165 1435 gloriam
3194 1365 3438 1434 possidet
3465 1365 3669 1419 discer-

2094 1456 2194 1510 nit.
2230 1454 2573 1515 Gloriﬁcatur
2627 1457 2786 1519 enim,
2819 1456 2912 1521 ait,
2972 1464 3029 1509 ut
3070 1455 3512 1525 homo;gloriam
3551 1473 3669 1509 vero

2092 1547 2249 1601 habet
2302 1556 2582 1617 antequam
2645 1547 2871 1601 mundus
2921 1547 3249 1609 conderetur,
3312 1555 3491 1616 utpote
3529 1546 3670 1599 Deus

2097 1649 2219 1693 unte
2242 1640 2437 1694 swcuta
2485 1641 2761 1693 exsistens.
2794 1638 3067 1695 Hactenus
3100 1639 3320 1710 quidem
3356 1648 3502 1694 recte
3546 1654 3673 1693 sen-

2098 1732 2279 1800 tiens;
2332 1733 2481 1801 atqui
2530 1734 2573 1787 si
2604 1734 2743 1786 intra
2784 1733 2948 1787 hosce
2981 1741 3189 1785 tantum
3229 1730 3496 1785 terminos
3536 1730 3675 1784 scri-

2098 1824 2271 1894 ptoris
2307 1824 2452 1878 dicta
2510 1824 2896 1885 consisterent,
2947 1822 3181 1877 fortasse
3238 1821 3435 1889 aliquis
3494 1819 3672 1889 ipsqu

2099 1918 2417 1988 pcenitentia
2440 1917 2662 1970 ductum
2699 1914 2765 1969 ad
2823 1924 2984 1970 recta:
3016 1914 3133 1967 fidei
3167 1914 3338 1983 magis
3364 1911 3674 1967 conformes

2100 2010 2400 2064 accessisse
2437 2009 2738 2063 sententias
2781 2005 3091 2071 censuerit;
3127 2019 3272 2058 nunc
3302 2019 3429 2058 vero
3456 2003 3673 2057 illorum

2102 2104 2276 2158 instar
2317 2102 2409 2171 qui
2451 2117 2546 2172 per
2595 2100 2866 2155 ﬂexuosas
2926 2105 2980 2151 et
3034 2097 3087 2151 in
3124 2112 3184 2152 se
3235 2096 3529 2152 redeuntes
3558 2096 3678 2149 vias

2102 2193 2379 2255 incedunt,
2446 2206 2632 2246 sanam
2665 2190 2804 2243 hanc
2836 2196 3150 2257 rectamque
3173 2186 3499 2241 sententiam
3545 2199 3667 2238 ver-

420 2275 646 2346 Ἕλλησι
672 2276 732 2328 τὸ
761 2276 897 2328 καθτ
930 2278 1079 2347 ἡμᾶς
1119 2277 1455 2348 παρισώσεις,
1502 2274 1656 2343 αὖθις
1688 2281 2001 2351 ἐπαναλαμ-

2106 2287 2297 2341 borum
2362 2282 2723 2337 conversione
2785 2279 3177 2349 complectens,
3239 2292 3363 2330 mox
3423 2277 3478 2329 in
3533 2275 3675 2330 idem

418 2367 573 2421 ὅάνει
605 2366 681 2437 τῷ
711 2367 851 2438 λόγῳ
892 2368 988 2421 τὸν
1030 2368 1243 2438 ἔμετον,
1285 2368 1344 2422 ὃν
1399 2370 1456 2422 ἐν
1507 2372 1618 2433 τοῖς
1668 2370 2000 2441 προλαϐοῦσι

418 2460 634 2530 φθάσας
658 2459 912 2531 ὲξήμεσε,
948 2461 1045 2532 τὴν
1086 2462 1411 2533 προαιώνιον
1442 2461 1619 2533 σάρκα
1652 2462 1762 2532 (77)
1796 2463 1883 2517 διὰ
1903 2464 2002 2535 τῆς

424 2550 780 2621 ματαιότητος
801 2551 908 2603 τῶν
933 2552 1106 2620 λόγων
1136 2551 1212 2623 τῷ
1233 2550 1452 2623 Χριστῷ
1466 2569 1532 2603 πε
1543 2551 1875 2622 ριπλάσσων,
1906 2555 2003 2607 καὶ

422 2644 615 2711 λέγων,
639 2644 761 2697 νοῦν
784 2643 894 2713 (78)
920 2644 1181 2713 ἔνσαρκον
1223 2643 1350 2696 ὄντα
1377 2643 1469 2697 τὸν
1496 2644 1623 2697 Υίὸν
1654 2644 1717 2696 ἐκ
1745 2645 2001 2713 γυναικὸς

422 2737 675 2807 τεχθῆναι
698 2753 711 2765 ·
743 2737 846 2788 οὐκ
871 2738 926 2787 ἐν
957 2738 1019 2806 τῇ
1048 2734 1306 2806 Παρθένῳ
1330 2736 1506 2807 σάρκα
1532 2736 1842 2806 γενόμενον,
1866 2736 2001 2789 ἀλλὰ

424 2825 730 2899 παρώικῶς
759 2827 825 2879 δι’
859 2827 1029 2896 αὐτῆς
1056 2825 1409 2892 διεξελθόντα,
1443 2824 1553 2891 οἷος
1590 2828 1694 2896 πρὸ
1732 2828 1839 2879 τῶν
1868 2828 2001 2880 αἰώ-

425 2938 530 2973 νων
557 2916 643 2990 ἧν,
674 2920 792 2972 τότε
839 2918 1217 2991 φανερωθῆναι
1255 2920 1383 2972 αὐτὸ
1412 2920 1472 2973 τὸ
1501 2920 1843 2991 φαινόμενον,
1869 2919 1997 2991 σὰρ·

425 3030 571 3067 κινον
603 3012 731 3066 ὄντα
757 3013 908 3078 Θεὸν,
943 3013 975 3083 ἣ
1018 3012 1202 3077 καθὼς
1226 3013 1386 3075 αὐτὸς
1426 3013 1708 3081 ὀνομάζει,
1740 3013 2000 3083 ἕνσαρκον

424 3105 569 3161 νοῦν.
600 3106 689 3159 Διᾶ
734 3124 897 3178 φησιν
951 3106 1112 3159 αὑτὸν
1146 3105 1349 3177 Κύριον
1387 3106 1545 3176 δόξης
1592 3108 1682 3160 τὸν
1722 3108 1999 3176 ἐσταυρω-

428 3196 590 3266 μένον
640 3194 1122 3265 κατονομάζεσθαι,
1172 3196 1266 3248 καὶ
1305 3194 1507 3266 Κύριον
1542 3195 1820 3265 δυνάμεων
1852 3195 2000 3265 παρὰ

424 3287 526 3355 τῆς
550 3288 881 3358 προφητείας
913 3287 1186 3355 λέγεσθαι,
1218 3288 1425 3351 καὶτὰς
1448 3287 1765 3349 οιύθεντικὰς
1791 3286 2001 3350 ἐκείνας

426 3379 519 3432 καὶ
554 3378 874 3442 δεσποτικὰς
900 3378 1171 3433 ποιεῖσθαι
1195 3378 1394 3449 φωνὰς,
1425 3377 1485 3431 τό
1505 3394 1517 3409 ·
1555 3372 1697 3441 Ἐγὼ
1715 3370 1861 3439 λέγω
1874 3380 1987 3426 σοι·

427 3472 542 3533 καὶ,
586 3470 725 3539 Ἐγὼ
753 3469 1061 3522 ἐπιτάσσω
1086 3484 1201 3523 σοι·
1240 3468 1354 3529 καὶ,
1392 3465 1875 3537 Ἐργάζομαιέγὼ,
1909 3465 2002 3518 καὶ

427 3562 527 3616 ὅσα
552 3562 686 3615 ἄλλα
706 3564 804 3632 τῆς
835 3562 1169 3633 ὑψηλοτέρας
1203 3559 1494 3632 ἐμφάσεως
1540 3558 1740 3629 ἔχεται.
1773 3558 1837 3611 Τί
1865 3552 1956 3611 οὖν
1975 3559 2004 3611 ὀ

427 3654 723 3723 γεννάδας,
762 3654 869 3705 Ποῦ
911 3653 1063 3723 θήσει
1108 3651 1207 3722 τὴν
1253 3650 1442 3722 θηλὴν,
1476 3650 1544 3704 τά
1575 3650 1999 3721 σπάργανα,τὴν

429 3745 716 3816 ὲπίρῤυτον
751 3744 893 3813 ζωὴν
917 3745 1011 3797 καὶ
1059 3742 1383 3814 ἀπόρρυτον,
1417 3741 1515 3812 τὴν
1551 3743 1669 3795 κατ’
1701 3740 1879 3809 ὀλίγον
1910 3740 2003 3794 τοῦ

432 3837 681 3907 σώματος
706 3836 954 3905 αὔξησιν,
981 3834 1071 3890 τὸν
1093 3835 1278 3898 ῦπνον,
1301 3834 1391 3887 τὸν
1425 3834 1612 3897 κόπον,
1646 3832 1744 3903 τὴν
1777 3833 1884 3885 τῶν
1911 3849 2005 3901 γο-

430 3930 565 3982 νέων
588 3928 869 3997 ἐπιταγὴν,
898 3926 996 3998 τὴν
1040 3927 1356 3997 ἀδημονίαν,
1384 3925 1484 3994 τὴν
1520 3924 1717 3994 λύπην,
1759 3924 1856 3994 τὴν
1888 3927 2009 3977 ἑπι-

432 4022 630 4091 θυμίαν
657 4020 748 4074 τοῦ
774 4022 984 4090 Πάσχα,
1018 4019 1112 4090 τὴν
1129 4006 1233 4073 ’τοῦ
1274 4019 1462 4081 ύὸατος
1487 4017 1721 4089 αἴτησιν,
1752 4018 1848 4089 τὴν
1882 4036 2007 4088 μετ-

430 4114 616 4167 ουσίαν
660 4114 763 4182 τῆς
800 4111 1074 4183 βρώσεως,
1106 4111 1172 4165 τὰ
1202 4110 1395 4180 δεσμὰ,
1419 4109 1488 4162 τὰ
1528 4110 1871 4180 ῥαπίσματα,
1909 4111 2008 4174 τὰς

433 4209 497 4261 ὲκ
526 4206 803 4278 μαστίγων
852 4204 1089 4274 πληγὰς,
1119 4202 1216 4274 τὴν
1248 4204 1339 4256 ἐπὶ
1368 4203 1468 4272 τῆς
1507 4201 1749 4271 κεφαλῆς
1778 4202 2008 4255 ἀκανθο-

434 4298 647 4369 φορίαν,
682 4296 778 4367 τὴν
824 4294 914 4349 τοῦ
964 4293 1214 4349 κοκκίνου
1272 4291 1585 4363 περιϐολὴν,
1644 4292 1743 4362 τὴν
1789 4291 1879 4345 διὰ
1914 4288 2007 4343 τοῦ

433 4391 678 4462 καλάμου
711 4388 885 4459 ὕϐριν,
907 4387 1007 4458 τὴν
1043 4386 1240 4457 λόγχην
1268 4386 1403 4455 (79),
1425 4384 1486 4437 τὸ
1506 4384 1646 4450 ὅξος,
1674 4384 1799 4446 τοὺς
1823 4383 2005 4454 ἥλους,

432 4482 533 4553 τὴν
570 4480 748 4553 χολὴν,
807 4480 906 4549 τὴν
942 4478 1169 4545 σινδόνα,
1228 4477 1319 4531 τὸν
1366 4475 1754 4546 ὲνταφιασμὸν,
1784 4474 1845 4527 τὸ
1874 4491 2010 4544 μνη-

438 4578 608 4645 μεῖον,
638 4573 729 4625 τὸν
774 4571 958 4635 λίθον;
1008 4570 1132 4632 Πῶς
1181 4568 1354 4623 ταῦτα
1396 4568 1723 4638 συναρτήσει
1751 4565 2007 4636 τῴΘεῷ;

434 4666 497 4719 Et
525 4666 633 4737 γὰρ
662 4666 690 4717 ὁ
722 4664 984 4734 ἕνσαρκος
1014 4662 1180 4716 αὑτοῦ
1213 4660 1365 4724 Θεὸς,
1385 4660 1522 4729 ὅπερ
1553 4659 1640 4711 διὰ
1661 4658 1757 4727 τῆς
1793 4658 2011 4727 Μαρίας

433 4757 610 4829 ὤφθη,
660 4755 816 4811 τοῦτο
864 4756 1093 4809 πάντοτε
1122 4749 1210 4824 ἦν,
1248 4752 1343 4805 καὶ
1379 4751 1440 4803 τὸ
1479 4749 1798 4820 φαινόμενον
1822 4748 2009 4819 θεότης

431 4845 519 4922 ἦν,
552 4849 726 4902 πάντα
754 4847 925 4902 ταῦτα
955 4848 987 4916 ὴ
1019 4845 1207 4914 θεότης
1238 4845 1459 4911 πάσχει,
1492 4839 1736 4911 θηλάζει,
1768 4854 2013 4910 σπαργα-

2103 2377 2306 2432 erroris
2365 2375 2603 2430 stadium
2656 2372 2907 2433 recurrit,
2953 2371 3247 2439 multisque
3280 2368 3543 2423 adversus
3576 2383 3679 2423 nos

2102 2468 2361 2524 convitiis
2403 2482 2553 2530 usus,
2578 2472 2633 2520 et
2662 2479 2784 2518 cum
2821 2463 3153 2524 Judaaorum,
3187 2472 3300 2516 tum
3330 2460 3676 2515 ethnicorum

2102 2560 2383 2616 erroribus
2413 2558 2570 2612 ﬁdem
2609 2566 2849 2611 nostram
2901 2554 3265 2624 aaquiparaus,
3324 2551 3515 2608 sordes
3544 2567 3681 2622 quas

2102 2650 2157 2706 in
2224 2648 2669 2705 antecedentibus
2732 2657 3047 2703 evomuerat
3120 2646 3368 2716 sequenti
3431 2661 3682 2701 sermone

2101 2742 2368 2808 resorbet,
2393 2741 2518 2795 dum
2558 2755 2777 2794 carnem
2807 2739 3023 2794 saeculis
3058 2739 3423 2808 antiquiorem
3456 2753 3679 2793 suorum

2101 2836 2339 2889 vanitate
2392 2833 2680 2888 verborum
2701 2832 2936 2887 .Christo
2964 2830 3189 2902 afﬁngit,
3218 2831 3426 2897 dicens,
3454 2829 3680 2895 Filium,

2102 2927 2195 2997 qui
2242 2940 2409 2980 carne
2459 2924 2684 2994 pmdita
2725 2938 2878 2978 mens
2906 2930 3044 2986 erat,
3075 2938 3141 2976 ex
3172 2922 3401 2977 muliere
3438 2922 3679 2992 genitum

2102 3020 2271 3072 fuisse
2301 3037 2315 3083 ;
2358 3031 2461 3069 non
2489 3015 2633 3084 quod
2667 3015 2722 3068 in
2757 3013 2980 3084 Virgine
3009 3029 3138 3067 caro
3159 3012 3338 3069 factus
3370 3014 3555 3076 fuerit,
3584 3013 3681 3067 sed

2101 3110 2246 3179 quod
2281 3123 2376 3178 per
2410 3108 2492 3175 ips
2507 3121 2613 3171 am,
2637 3106 2792 3175 quasi
2821 3120 2917 3174 per
2961 3105 3205 3159 canalem
3238 3105 3534 3167 transiens,
3560 3105 3684 3159 talis

2104 3214 2234 3254 tunc
2270 3199 2511 3253 exterius
2546 3198 2886 3267 apparuerit,
2928 3198 3110 3268 qualis
3146 3205 3273 3251 ante
3308 3198 3509 3252 saecula
3540 3208 3682 3259 erat,

2102 3293 2340 3347 carnalis
2398 3291 2649 3344 videlicet
2709 3289 2891 3355 Deus,
2955 3297 3044 3354 et,
3102 3297 3159 3342 ut
3233 3288 3349 3359 ipse
3405 3290 3683 3360 loquitur.

2101 3402 2255 3440 mens
2298 3400 2463 3439 carne
2510 3383 2795 3454 praedita:
2857 3383 3211 3452 quamobrem
3267 3382 3451 3436 subdit
3498 3382 3683 3453 ipsum

2100 3476 2257 3544 cruci
2318 3476 2567 3530 suffixum
2633 3474 2921 3528 Dominum
2987 3474 3174 3543 gloria:
3210 3474 3539 3542 nuncupari,
3575 3482 3687 3528 eta

2118 3566 2377 3635 prapheta
2408 3565 2694 3620 Dominum
2739 3571 3069 3633 potestatum
3112 3564 3259 3630 dici;
3294 3564 3528 3635 indeque
3572 3564 3687 3619 ﬁeri

2120 3669 2176 3712 ut
2210 3673 2370 3713 voces
2393 3658 2514 3712 illas
2551 3657 2762 3728 imperii
2789 3668 2843 3711 et
2870 3655 3158 3726 potestatis
3192 3656 3401 3711 indices
3424 3655 3684 3725 proferat.

2108 3767 2320 3819 nempe,
2354 3749 2465 3820 Ego
2492 3750 2611 3803 dico
2648 3748 2741 3801 tibi
2767 3749 2858 3815 θέτ’,
2887 3757 2942 3802 et
2977 3746 3091 3817 Ego
3122 3748 3370 3816 prwcipio
3402 3747 3494 3801 tibi
3540 3744 3606 3810 ⁸⁸,
3628 3752 3683 3797 et

2108 3840 2221 3910 Ego
2242 3855 2425 3908 operor
2452 3840 2519 3902 ⁸⁸,
2556 3848 2611 3894 et
2640 3845 2907 3907 quotquot
2925 3837 3029 3890 alia
3060 3837 3429 3892 sublimiorem
3454 3838 3685 3906 speciem

2112 3948 2222 4003 prie
2260 3948 2319 3986 se
2356 3930 2559 3985 fuerat.
2594 3928 2737 3995 Quid
2773 3930 2938 3999 igitur
2964 3929 3200 3984 eximius
3251 3929 3356 3984 iste
3392 3928 3475 3981 vir
3502 3928 3691 3983 dicet?

2116 4024 2342 4078 Ubinam
2375 4030 2539 4092 ponet
2569 4024 2798 4076 materni
2824 4021 2978 4075 lactis
3020 4020 3302 4085 haustum,
3337 4034 3548 4090 pannos
3567 4021 3690 4089 qui-

2111 4116 2213 4170 bus
2252 4115 2531 4170 involutus
2566 4113 2691 4179 fuit,
2726 4121 3058 4167 crescentem
3093 4119 3256 4182 atque
3284 4111 3688 4166 decrescentem

2112 4210 2300 4270 vitam,
2360 4205 2615 4276 corporis
2676 4205 3068 4259 incrementum
3135 4203 3395 4273 paulatim
3462 4202 3686 4266 factum,

2111 4315 2385 4364 somnum,
2441 4300 2710 4360 laborem,
2756 4296 3074 4367 parentibus
3141 4295 3687 4365 obtemperationem,

2112 4405 2425 4453 maerorem,
2455 4389 2753 4451 tristitiam,
2782 4385 3068 4442 Paschalis
3116 4384 3437 4441 comedendi
3476 4384 3691 4439 deside-

2113 4485 2277 4549 rium,
2306 4496 2460 4553 aquae
2506 4479 2949 4550 postulationem,
2980 4479 3087 4533 cibi
3122 4478 3485 4547 sumptionem
3517 4515 3532 4539 ,
3564 4479 3687 4529 vin-

2111 4577 2256 4641 cula,
2282 4575 2489 4644 alapas,
2518 4574 2706 4643 plagas
2746 4569 2972 4641 ﬂagellis
3000 4568 3256 4632 inﬂictas,
3297 4568 3482 4637 spinas
3511 4567 3690 4635 capite

2113 4672 2373 4735 gestatas,
2449 4664 2767 4717 coccineum
2850 4660 3249 4723 indumentum,
3305 4657 3689 4712 contumeliam

2116 4757 2385 4811 arundine
2439 4756 2666 4819 illatam,
2727 4753 2998 4817 lanceam,
3054 4759 3290 4813 acetum,
3327 4749 3533 4812 clavos,
3596 4748 3687 4810 fel,

2118 4846 2424 4910 sindouem,
2497 4847 2869 4913 sepulturam,
2927 4848 3381 4908 monumentum,
3455 4838 3689 4909 lapidem

432 4942 638 5005 νοῦται,
669 4940 947 5009 τρέφεται.
979 4936 1261 4997 κοποῦται,
1294 4932 1535 5000 αὔξεται,
1572 4929 1892 5001 πληροῦται,
1917 4947 2001 4983 κε-

2117 4938 2291 4992 eidem
2344 4932 2864 5005 superimpositum?
2918 4931 3202 5000 Quomodo
3235 4933 3348 4985 hinc
3383 4929 3494 4985 Deo
3526 4939 3689 4999 apta-

432 5033 636 5097 νοῦται,
674 5033 847 5096 ὑπνοῖ,
909 5029 1178 5091 λυπεῖται,
1222 5025 1498 5095 ἁδημονεῖ,
1554 5020 1818 5086 στενάζει,
1852 5020 2013 5090 δίψης

507 5171 573 5202 ⁶³⁹
610 5168 741 5222 Luc.
775 5181 868 5231 vu,
898 5163 981 5217 14.
1060 5162 1104 5193 ⁸³⁵
1130 5160 1297 5213 Marc.
1330 5173 1404 5222 lx,
1442 5157 1533 5209 24.
1613 5156 1655 5186 ⁵⁵
1680 5152 1837 5207 Joan.
1863 5154 2027 5215 v.17.

507 5306 618 5375 (το)
681 5302 840 5375 (Σονιῗο
886 5300 1209 5375 ςιιιεηιιειεερ
1242 5296 1480 5375 ridetur.
1515 5294 1850 5375 εεγνώμςιθνς
1893 5294 2015 5360 vi“

436 5366 982 5435 enim'emeudatio,
1036 5370 1288 5425 obscuris
1341 5367 1671 5433 quihusdam
1743 5366 2008 5435 linearum

437 5445 693 5567 (‘iUCllblIS
718 5444 1064 5513 exprimitur,
1104 5458 1203 5497 nec
1236 5446 1410 5506 potest
1438 5438 1583 5489 clare
1625 5435 1725 5504 legi
1782 5435 1833 5487 iu
1886 5434 2010 5488 cod.

469 5515 561 5567 'ut.

486 5525 561 5567 ut.

510 5585 624 5642 (77l
656 5583 811 5636 (ἴοι-ι’.
842 5582 941 5651 τὴν
974 5579 1298 5651 προαιώνιον
1328 5577 1774 5651 εκείνην-σάρκα.

511 5655 619 5776 (78)
653 5652 840 5705 Exstat
868 5644 1387 5719 apud'ltluthymium
1418 5646 1747 5716 Zigabeuum
1780 5644 1832 5697 in
1857 5651 2006 5711 parte

540 5722 783 5776 ’auonliw
824 5722 1156 5776 duantattcm.
1186 5722 1267 5773 tit.
1310 5718 1375 5770 l5
1398 5758 1410 5776 ,
1456 5719 1593 5770 inter
1621 5717 1724 5767 alia
1751 5725 2005 5776 excerpta

439 5741 479 5780 tt
516 5717 783 5789 Pauoptiw
824 5717 1156 5790 dogmattcm,
1186 5717 1267 5773 tit.
1310 5718 1375 5770 15
1398 5758 1410 5776 ,
1456 5719 1593 5790 inter
1621 5717 1724 5767 alia
1751 5725 2005 5790 excerpta

438 5810 505 5848 ex
565 5784 670 5846 hoc.
729 5784 955 5861 Nyssciri
1010 5806 1193 5858 opere,
1257 5790 1411 5861 locus
1455 5787 1697 5855 quidam,
1736 5784 2003 5861 pag.5;27,

444 5877 586 5921 vers.
626 5859 906 5926 A'unc'ait,
943 5862 1098 5927 cujus
1148 5859 1407 5914 nonnulla
1467 5867 1674 5911 tantum
1709 5859 1873 5908 verba
1922 5859 2005 5908 hu:

2118 5023 2233 5077 bit?
2274 5024 2331 5078 Si
2373 5023 2520 5079 enim
2562 5037 2799 5077 carneus
2842 5021 2962 5091 ejus
2991 5019 3133 5075 Deus
3186 5020 3236 5075 id
3284 5034 3499 5090 semper
3547 5028 3688 5081 erat,

2128 5291 2475 5363 reperiuntur
2501 5334 2514 5356 ,
2546 5296 2740 5344 caetera
2775 5300 3054 5363 vero__uee
3080 5284 3168 5338 hic
3215 5298 3314 5337 nec
3365 5282 3450 5363 in.
3477 5282 3687 5352 reliquo

2123 5350 2287 5432 Opere
2340 5350 2602 5432 apparent
2645 5367 2768 5432 :_at_
2810 5350 3547 5432 nihilominus__censendum
3595 5350 3689 5409 ’(λδι

2123 5425 2293 5488 multa
2328 5425 2491 5486 ibi—de
2521 5446 2621 5485 suo
2651 5428 2996 5499 Euthymiunt
3037 5425 3313 5478 addidisse
3342 5463 3355 5487 ,
3406 5437 3529 5475 cum
3590 5438 3686 5477 su-

2119 5504 2317 5571 Spicari
2368 5517 2528 5555 nemo
2582 5502 2754 5568 possit
2778 5497 2810 5559 ,“
2846 5497 3093 5571 mutilum
3143 5503 3238 5571 aut
3268 5508 3516 5571 mancum
3565 5508 3688 5549 esse

2116 5562 2392 5642 exemplar
2425 5562 2665 5635 illudfett
2698 5584 2807 5637 quo
2832 5568 3110 5639 egregium
3141 5566 3244 5618 hoc
3273 5562 3504 5634 Nysseni
3539 5579 3680 5635 opus

2116 5641 2362 5715 primiitt
2398 5641 2843 5715 luceinedituus.

2185 5715 2295 5784 (79)
2326 5714 2479 5768 (lori.
2514 5713 2691 5780 primo
2740 5710 2856 5764 loco
2898 5706 3050 5777 ponit
3078 5706 3261 5777 χολήν,
3294 5705 3534 5763 secundo
3565 5706 3687 5760 loco

2114 5786 2334 5855 λόγχην.
3182 5812 3183 5815 η
