4120 6394
473 458 612 514 “75

1720 451 1777 507 S.
1815 445 2140 505 GREGORII
2170 442 2460 500 NYSSBNI

3589 426 3730 481 H76

465 571 611 640 quod
638 584 703 623 ex
734 567 903 621 Maria
940 566 1216 638 apparuit,
1244 574 1297 622 et
1324 567 1468 638 quod
1500 567 1755 638 apparuit
1782 565 2040 621 divinitas

2147 563 2237 615 καὶ
2286 563 2477 628 πείνης
2512 555 2843 613 αἰσθάνεται,
2897 548 3032 619 πρὸς
3059 546 3158 612 τὴν
3194 543 3366 640 συκῆν
3410 540 3591 612 τρέχει
3620 540 3731 640 (80)

464 671 613 727 erat;
647 662 762 714 haec
790 660 971 713 omnia
1005 659 1263 713 divinitas
1287 660 1510 728 patitur,
1538 660 1621 712 lae
1648 659 1814 727 sugit,
1847 659 2045 727 pannis

464 751 782 815 involvitur,
827 750 1092 816 nutritur,
1134 750 1369 809 laborat,
1404 751 1627 813 crescit,
1653 751 1932 819 impletur,
1953 766 2048 804 ex-

464 851 739 896 crementa
795 842 985 911 egerit,
1052 841 1277 904 dormit,
1344 841 1566 897 tristitia
1597 848 1760 910 atque
1813 855 2048 896 maerore

465 932 716 996 adicitur,
746 932 1008 1001 suspirat,
1045 932 1241 986 famem
1270 933 1529 1003 sitimque
1557 933 1740 996 sentit,
1774 932 1841 985 ad
1885 936 2045 985 ticum

465 1026 660 1087 currit,
730 1025 944 1079 arboris
1004 1024 1150 1078 illius
1205 1024 1438 1087 fructus,
1473 1040 1776 1093 eorumque
1836 1034 2047 1093 tempus

463 1118 696 1187 ignorat,
732 1116 872 1169 dietn
904 1124 1067 1185 atque
1097 1116 1287 1170 horam
1321 1118 1516 1181 nescit,
1551 1117 1891 1181 verberatur,
1925 1118 2043 1169 vin-

462 1208 604 1262 culis
630 1203 1227 1277 constringitur,alapis
1257 1208 1505 1268 caeditur,
1534 1206 1703 1262 clavis
1728 1207 2041 1278 conﬁgitur.

462 1298 782 1367 sanguinem
814 1295 1013 1361 fundit,
1046 1299 1298 1362 moritur,
1343 1299 1628 1369 sepelitur,
1668 1299 1725 1352 in
1754 1314 1895 1352 novo
1930 1313 2046 1351 mo-

464 1397 724 1443 numento
754 1389 1078 1443 collocatur.
1110 1386 1367 1459 Nunquid
1400 1389 1513 1443 haec
1546 1389 1731 1444 omnia
1771 1388 2042 1441 divinitati

462 1489 587 1534 ante
616 1481 817 1535 srecula
866 1480 1153 1535 exsistenti
1184 1482 1405 1551 propria
1437 1489 1491 1535 et
1517 1481 1895 1535 connaturalia
1923 1496 2046 1537 esse

460 1570 735 1635 concedit,
772 1584 1002 1639 eamque
1035 1572 1282 1639 corporis
1338 1570 1735 1624 incrementum
1792 1579 2045 1639 receptu-

459 1676 577 1715 ratn
608 1676 718 1715 non
774 1661 946 1716 fuisse
974 1661 1194 1727 fatetur,
1232 1661 1337 1716 nisi
1374 1663 1648 1723 lactasset,
1683 1676 1785 1715 nec
1817 1675 2044 1729 prorsus

462 1754 641 1807 vivere
667 1754 931 1822 potuisse,
949 1754 1002 1806 ni
1024 1752 1165 1808 vires
1198 1754 1466 1823 collapsas
1492 1754 1598 1808 cibi
1618 1755 1929 1823 sumptione
1956 1771 2045 1810 re-

460 1855 711 1914 parasset
738 1845 761 1899 ?
788 1845 1074 1910 Quomodo
1104 1847 1266 1901 etiam
1308 1861 1541 1902 carneus
1573 1847 1691 1917 ejus
1721 1847 1860 1903 Deus
1900 1849 2042 1904 diem

460 1936 757 2004 horamque
783 1936 927 1989 illam
962 1936 1210 2007 ignorat?
1263 1935 1547 2002 Quomodo
1577 1939 1752 1994 nescit
1810 1939 2037 1993 ﬁcorum

458 2034 697 2097 tempus,
730 2035 785 2082 et
825 2028 970 2097 quod
1007 2028 1324 2084 imminente
1388 2028 1651 2085 Paschate
1700 2031 1915 2086 fructus
1967 2032 2036 2086 ad

456 2119 789 2173 vescendum
821 2129 981 2187 aptus
1020 2119 1111 2172 illa
1144 2119 1200 2173 in
1224 2122 1419 2175 arbore
1449 2136 1556 2176 non
1582 2121 1916 2175 inveniretur
1954 2123 2035 2174 “1'

460 2207 630 2272 Dicat,
675 2210 929 2279 quisnam
967 2216 1049 2265 est
1081 2210 1171 2265 ille
1207 2211 1297 2279 qui
1329 2212 1582 2281 ignorat?
1633 2212 1896 2278 Quisnam
1933 2214 2033 2266 tri-

455 2300 606 2356 stitia
632 2301 893 2356 ailicitur?
924 2302 1187 2368 Quisnam
1213 2304 1428 2357 consilii
1458 2305 1639 2375 inopia
1666 2306 1721 2359 in
1754 2307 2036 2374 angustias

456 2392 788 2447 adducitur?
820 2393 1084 2459 Quisnam
1126 2410 1186 2449 se
1235 2411 1264 2448 a
1315 2394 1429 2449 Deo
1479 2396 1800 2452 derelictum
1861 2400 2035 2454 fuisse

455 2484 693 2538 clamat?
723 2484 777 2539 Si
805 2488 948 2541 enim
979 2495 1063 2541 est
1092 2486 1271 2545 Patris
1307 2487 1541 2558 Filiique
1568 2489 2036 2562 divinitas,aquo-

454 2591 581 2635 nam
603 2578 1020 2650 derelinquitur,
1057 2580 1514 2649 quemadmodum
1552 2583 1608 2638 in
1638 2599 1802 2639 cruce
1833 2586 2036 2639 clama-

454 2667 575 2721 vit?
604 2668 661 2722 Si
701 2684 807 2722 una
837 2670 1146 2739 patiebatur
1178 2673 1472 2741 divinitas;
1495 2690 1659 2729 unam
1692 2683 1872 2730 autem
1913 2692 2036 2732 esse

454 2760 634 2816 Patris
671 2769 726 2815 et
752 2760 873 2817 Filii
902 2762 1245 2823 divinitatem
1294 2779 1458 2822 rectae
1481 2767 1603 2822 ﬁdei
1634 2769 1874 2824 cultores
1902 2785 2034 2823 con-

456 2853 708 2921 litentur;
737 2862 792 2907 et
818 2854 910 2923 qui
963 2856 1274 2924 patiebatur
1308 2860 1422 2914 ait:
1456 2859 1596 2914 Deus
1659 2876 1827 2922 meus,
1894 2859 2033 2915 Deus

454 2956 620 3003 metu,
648 2950 705 2994 ut
733 2941 858 3011 quid
888 2941 1213 3014 dereliquisti
1242 2963 1323 2999 nte
1353 2948 1438 3001 ‘7?
1468 2948 1740 3017 quomodo
1770 2967 1877 3003 una
1902 2951 2037 3005 divi-

454 3031 642 3087 nitatis
669 3032 976 3088 substantia
1026 3035 1081 3089 in
1105 3038 1360 3106 passione
1388 3039 1669 3104 dividitur,
1700 3050 1753 3095 et
1783 3044 1885 3096 alia
1910 3045 2033 3114 qui—

453 3123 577 3178 dem
593 3123 940 3196 derelinquit,
963 3127 1069 3181 alia
1090 3145 1221 3185 vero
1237 3130 1666 3203 derelinquitur;
1689 3134 1792 3189 alia
1816 3136 2032 3206 quidem

454 3214 705 3283 moritur,
746 3216 853 3270 alia
900 3217 957 3270 in
987 3218 1098 3272 vita
1130 3228 1406 3286 permanet
1433 3238 1449 3287 ;
1478 3221 1582 3274 alia
1615 3222 1832 3291 quidem
1876 3240 2032 3279 neca-
2060 3253 2104 3313 α

456 3312 566 3371 tur,
597 3306 705 3360 alia
755 3321 887 3362 vero
933 3308 1079 3377 quod
1123 3309 1260 3364 obiit
1306 3324 1338 3363 a
1386 3312 1619 3365 mortuis
1670 3314 1906 3366 excitat?
1936 3312 2036 3370 Vel

452 3397 598 3451 enim
623 3413 784 3452 unam
816 3414 927 3453 non
954 3414 1079 3455 esse
1109 3399 1373 3456 fatebitur
1431 3401 1609 3455 Patris
1637 3414 1687 3456 et
1739 3401 1857 3457 Filii
1900 3405 2039 3460 divi-

453 3488 769 3551 nitatem,et
792 3505 890 3559 per
918 3490 1032 3545 haec
1060 3492 1194 3545 Ario
1216 3492 1540 3562 adstipulari
1562 3493 2033 3565 deprehendetur;

451 3579 539 3634 vel
568 3580 614 3634 si
634 3579 826 3635 Arium
852 3597 1178 3653 oppugnatis
1223 3598 1384 3637 unam
1407 3584 1762 3654 eamdemque
1785 3586 2041 3642 divinita-

453 3680 563 3726 tem
595 3672 885 3743 utriusque
926 3690 1049 3729 esse
1073 3675 1240 3740 dicat,
1270 3691 1300 3728 a
1329 3692 1388 3730 se
1422 3677 1540 3744 ipso
1566 3692 1794 3746 prorsus
1819 3678 2035 3736 dissen-

453 3760 571 3824 tiet,
592 3775 717 3815 cum
748 3763 898 3815 nullo
919 3765 1272 3833 pactopossit
1296 3764 1508 3821 elﬁcere
1534 3775 1591 3821 ut
1620 3783 1689 3823 ne
1718 3769 1900 3825 fabula
1927 3787 1958 3827 a
1976 3788 2036 3829 se

453 3852 687 3907 conﬁcta
719 3856 965 3925 undique
994 3862 1169 3911 nutet.
1205 3855 1310 3912 Sed
1344 3858 1662 3917 humiliores
1685 3862 1851 3919 hasce
1880 3871 1934 3918 et
1967 3864 2035 3920 ad

453 3944 874 4001 concitationem
930 3955 1249 4017 motumque
1304 3948 1475 4003 animi
1539 3952 1878 4020 pertinentes
1912 3961 2030 4011 tum

451 4049 615 4091 voces
640 4044 753 4090 tum
781 4036 1095 4093 affectiones
1112 4039 1436 4094 humanitati
1465 4040 1769 4110 adscribet;
1794 4044 2033 4100 divinam

454 4142 584 4182 vero
606 4134 855 4183 naturam
890 4128 945 4183 in
969 4130 1084 4199 ipsa
1115 4129 1479 4185 humanarum
1509 4133 1859 4190 aﬂectionum
1884 4153 2034 4192 com-

454 4217 714 4273 munione
771 4221 951 4276 omnis
982 4224 1415 4291 perturbationis
1446 4224 1787 4297 aﬂ'ectusque
1826 4229 2028 4284 immu-

2148 655 2333 721 ἀγνοεῖ
2375 653 2469 705 τοῦ
2507 650 2722 719 δένδρου
2756 643 2972 713 καὶτῆς
3001 640 3149 711 ῶρας
3190 637 3291 707 τὴν
3327 632 3729 706 καρποφορίαν,

2146 746 2245 815 τὴν
2282 745 2515 815 ἡμέραν,
2542 742 2637 794 καὶ
2677 739 2777 809 τὴν
2828 736 2976 805 ῶραν
3018 733 3118 785 οὐκ
3170 726 3298 791 οἶδε,
3327 728 3611 790 τύπτεται,
3640 724 3728 777 δε-

2151 836 2411 905 σμεύεται
2446 835 2581 905 (81),
2619 829 2928 904 ραπίζεται,
2973 819 3137 896 ἥλους
3165 823 3234 875 δι’
3266 820 3470 890 ἑαυτῆς
3496 816 3727 886 δέχεται,

2147 928 2422 999 αἱμάσσει,
2472 926 2642 996 νεκρὰ
2710 923 2940 992 γίνεται,
2998 914 3417 984 ὲνταφιάζεται,
3483 911 3730 981 μνήματι

2148 1020 2318 1090 καινῴ
2341 1012 2895 1085 ὲναποτίθεται.⁷Αρα
2924 1009 3228 1064 συντίθεται
3259 1008 3436 1059 οἰκεῖα
3467 1003 3562 1058 καὶ
3588 999 3729 1054 κατὰ

2148 1114 2309 1181 φύσιν
2333 1108 2469 1165 εἶναι
2501 1114 2566 1182 τῇ
2602 1107 2905 1181 προαιωνίᾳ
2930 1103 3143 1173 θεότητι
3166 1100 3357 1163 ταῦτα,
3386 1098 3479 1152 καὶ
3501 1097 3575 1167 μὴ
3602 1096 3730 1148 ἀνα-

2148 1204 2439 1273 τραφῆναι,
2485 1205 2531 1255 εί
2589 1203 2662 1272 μὴ
2713 1199 2962 1270 ὲθήλασε,
3013 1195 3133 1266 μηδ’
3164 1195 3229 1246 ἂν
3255 1193 3392 1254 ὅλως
3446 1191 3503 1243 ἐν
3529 1188 3608 1258 τῷ
3631 1189 3731 1255 ζῇν

2146 1289 2306 1359 εἶναι,
2347 1296 2422 1367 μὴ
2445 1295 2521 1366 τῷ
2544 1292 2953 1349 διαπνευσθὲντι
2994 1288 3105 1361 (82)
3156 1286 3256 1356 τῆς
3291 1282 3588 1354 δυνάμεως,
3628 1280 3728 1348 τῆς

2144 1387 2353 1457 τροφῆς
2387 1388 2645 1458 μετουσίᾳ
2685 1383 3142 1455 παρεμυθήσατο;
3189 1378 3310 1438 Πῶς
3334 1375 3392 1429 δὲ
3431 1375 3522 1427 καὶ
3547 1373 3729 1440 ἀγνοεῖ

2145 1483 2174 1533 6
2203 1480 2466 1549 ἕνσαρκος
2496 1477 2659 1531 αὐτοῦ
2682 1476 2812 1540 Θεὸς
2828 1475 2925 1546 τὴν
2946 1475 3157 1545 ἡμέραν
3182 1470 3276 1525 καὶ
3301 1469 3400 1540 τὴν
3420 1468 3567 1539 ὥραν
3593 1464 3727 1518 ὲκεί-

2146 1588 2281 1644 νηνς
2318 1570 2439 1635 Πῶς
2470 1570 2526 1623 δὲ
2555 1571 2656 1622 οὐκ
2700 1569 2985 1621 ἐπίσταται
3036 1566 3128 1619 τὸν
3165 1565 3273 1617 τῶν
3302 1562 3482 1615 συκῶν
3514 1560 3724 1631 καιρὸν,

2144 1666 2227 1718 ὅτι
2264 1664 2404 1719 κατά
2434 1663 2495 1717 τὸ
2517 1663 2707 1733 Πάσχα
2726 1664 2824 1715 οὐκ
2852 1662 2916 1716 ἂν
2937 1659 3254 1731 ἑφευρεθείη
3281 1658 3395 1727 (85)
3423 1657 3501 1727 τῷ
3525 1656 3726 1727 δένδρῳ

2144 1758 2358 1829 καρπὸς
2410 1759 2490 1821 είς
2541 1755 2740 1826 ἐδωδὴν
2789 1755 3125 1825 ὲπιτήδειοςς
3178 1752 3274 1816 Τίς
3314 1755 3343 1806 6
3382 1749 3611 1819 ἀγνοῶν,
3648 1751 3722 1800 εί-

2149 1849 2339 1915 πάτως
2372 1850 2470 1907 Τίς
2497 1850 2526 1902 6
2560 1848 2897 1917 λυπούμενος
2922 1864 2935 1912 ;
2969 1846 3065 1908 Τίς
3093 1848 3122 1899 6
3152 1846 3211 1899 ὲν
3238 1844 3516 1915 ἀμηχανίᾳ
3548 1858 3727 1898 στενο⁹

2143 1942 2517 2013 χωρούμενος;
2542 1940 2637 2003 Τίς
2684 1942 2713 1993 6
2774 1936 3259 2007 ἐγκαταλελεῖφθαι
3291 1934 3444 2008 παρά
3471 1932 3563 1987 τοῦ
3590 1931 3725 1985 Θεοῦ

2143 2035 2386 2104 βοήσας;
2438 2032 2502 2084 Et
2553 2030 2648 2102 μία
2678 2029 2869 2099 θεότης
2895 2028 3108 2099 Πατρὸς
3146 2027 3242 2081 καὶ
3274 2023 3430 2090 Υίοῦ,
3461 2025 3555 2077 καὶ
3579 2024 3725 2093 παρά

2136 2129 2335 2199 τίνοςή
2375 2125 2759 2197 ἐγκατάλειψις
2788 2125 3015 2193 γίνεται,
3046 2123 3113 2193 ἣν
3143 2121 3237 2175 ἐπὶ
3268 2120 3346 2191 τῷ
3377 2120 3592 2191 σταυρῷ
3629 2118 3718 2185 ἐξ·

2136 2222 2414 2292 εφῶνησεν
2440 2238 2454 2286 ;
2491 2221 2553 2272 Εί
2580 2218 2687 2288 γὰρ
2709 2218 2769 2271 τὸ
2799 2217 3005 2285 πάσχον
3030 2216 3064 2286 ἡ
3107 2213 3318 2284 θεότης,
3351 2212 3479 2283 μνᾶς
3499 2211 3555 2263 δὲ
3582 2203 3720 2262 εἶναι

2138 2311 2387 2380 θεότητος
2446 2308 2524 2379 τῷ
2563 2307 2738 2378 Πατρὶ
2788 2307 2878 2359 τὸν
2925 2304 3052 2357 Υίὸν
3083 2305 3132 2357 οἱ
3173 2300 3523 2363 εὐσεϐοῦντες
3548 2300 3723 2353 συντί-

2138 2405 2321 2457 θενται
2343 2422 2356 2435 ·
2381 2402 2515 2473 φησι
2570 2401 2627 2454 δὲ
2658 2402 2685 2454 6
2730 2400 2975 2467 πάσχων,
3016 2397 3098 2449 ὅτι
3132 2394 3239 2449 Θεέ
3276 2411 3419 2463 μου,
3454 2391 3560 2445 Θεέ
3581 2409 3723 2459 μου.

2134 2499 2235 2550 ἵνα
2256 2497 2313 2549 τί
2332 2513 2407 2566 με
2432 2492 2847 2563 ἐγκατέλιπες;
2872 2489 2995 2551 Πῶς
3023 2487 3121 2558 μία
3142 2486 3300 2540 οὐσία
3330 2482 3446 2554 (84)
3482 2485 3514 2554 ἡ
3537 2482 3727 2552 θεότης

2136 2590 2194 2641 ἐν
2223 2587 2301 2656 τῷ
2339 2585 2501 2639 πάθει
2547 2584 2849 2654 μερίζεται,
2886 2582 2977 2633 καὶ
3020 2582 3052 2650 ή
3105 2578 3204 2649 μὲν
3232 2575 3574 2637 καταλείπει,
3599 2577 3632 2644 ἡ
3668 2575 3723 2627 δὲ

2137 2678 2557 2733 καταλείπεται’
2616 2677 2649 2743 ἡ
2716 2675 2813 2745 μὲν
2867 2674 2924 2725 ἐν
2974 2673 3187 2742 θανάτῳ
3226 2670 3452 2739 γίνεται,
3487 2671 3520 2739 ἡ
3550 2668 3606 2721 δὲ
3665 2668 3724 2719 ὲν

2136 2771 2247 2840 ξωῇ
2290 2768 2401 2836 (85)
2428 2767 2671 2837 διαμένει
2699 2783 2711 2795 ·
2745 2768 2777 2834 ἡ
2811 2763 2909 2835 μὲν
2939 2762 3246 2835 νεκροῦται,
3277 2764 3309 2832 ἡ
3352 2761 3408 2813 δὲ
3440 2759 3502 2812 τὸ
3525 2775 3727 2830 νεκρω-

2137 2860 2227 2913 θὲν
2274 2859 2639 2927 διανίστησινς
2678 2856 2749 2910 ’Ἡ
2786 2855 2895 2925 γὰρ
2943 2856 3040 2925 οὐχ
3092 2853 3413 2924 ὁμολογήσει
3464 2850 3593 2920 μίαν
3634 2851 3724 2902 ἐπὶ

2136 2953 2349 3021 Πατρός
2404 2968 2461 3003 τε
2528 2950 2621 3001 καὶ
2675 2948 2814 3001 Υἱού
2878 2947 2975 3017 τὴν
3014 2946 3263 3017 θεότητα,
3298 2945 3390 2997 καὶ
3433 2936 3725 3014 συνήγορος

2149 3042 2357 3114 Ἀρείου
2385 3042 2471 3094 ῶὰ
2492 3040 2651 3093 τοῦτο
2676 3040 3078 3108 ἀναφανήσεται
3100 3055 3113 3102 ;
3144 3038 3200 3109 ἢ,
3222 3036 3587 3107 εἵπερἋρείῳ
3618 3051 3726 3105 μα-

2137 3134 2387 3206 χόμενος,
2424 3133 2551 3203 μίαν
2582 3131 2751 3199 λέγοι,
2789 3131 2909 3183 οὐδὲ
2935 3128 3113 3200 ἑαυτῷ
3143 3131 3357 3192 πάντως
3380 3127 3723 3199 συνθήσεται,

2139 3228 2333 3299 στῆσαι
2356 3224 2447 3277 τὸν
2487 3222 2898 3278 ἀναπλασθέντα
2957 3220 3123 3299 μύθον
3158 3223 3216 3273 ὲν
3246 3219 3423 3290 ἑαυτῷ
3454 3219 3529 3289 μὴ
3572 3218 3727 3271 δυνά-

2139 3298 2319 3392 μενος.
2366 3317 2524 3370 Ἀλλά
2549 3318 2666 3369 κατ’
2684 3315 2930 3385 ἀνάγκην
2975 3298 3075 3374 τὰς
3108 3312 3373 3381 ἐμπαθεῖς
3412 3310 3609 3373 ταύτας
3633 3311 3727 3362 καὶ

2133 3409 2523 3481 ταπεινοτέρας
2558 3408 2741 3477 φωνάς
2787 3424 2845 3459 τε
2880 3407 2973 3457 καὶ
3014 3404 3282 3466 διαθέσεις
3302 3402 3379 3473 τῷ
3405 3401 3727 3473 ἀνθρωπίνῳ

2136 3501 2639 3575 προσμαρτυρήσει,
2698 3497 2965 3569 ἄτρεπτόν
3001 3513 3061 3548 τε
3106 3496 3201 3548 καὶ
3239 3492 3426 3562 ἀπαθῆ
3452 3491 3544 3544 τοῦ
3588 3490 3725 3543 Θεοῦ

2135 3593 2235 3663 τὴν
2270 3591 2452 3661 φύσιν,
2486 3592 2578 3643 καὶ
2611 3592 2669 3642 ὲν
2690 3591 2757 3660 τῇ
2799 3586 3051 3656 κοινωνίᾳ
3094 3585 3200 3639 τῶν
3240 3581 3594 3655 ἀνθρωπίνων
3622 3599 3727 3633 7:1-

2138 3684 2398 3755 θημάτων
2450 3679 2914 3754 διαμεμενηκέναι
2970 3676 3313 3745 συνθήσεται.
3360 3674 3469 3728 Καὶ
3522 3672 3727 3724 τούτων

2141 3776 2353 3847 μάρτυς
2383 3776 2544 3838 αὐτὸς
2587 3776 2615 3827 6
2664 3770 2834 3824 εἰπὼν
2870 3770 2996 3839 περὶ
3030 3766 3218 3833 αὐτοῦ,
3297 3768 3377 3821 ὅτι
3422 3765 3728 3829 Aofdfsrru

2131 3866 2249 3937 μὲν
2271 3868 2349 3933 ὡς
2382 3865 2694 3935 ἄνθρωπος
2742 3864 2811 3927 ἐξ
2840 3863 3089 3929 ἀδοξίας
3122 3861 3481 3921 ἀναϐαίνων,
3510 3859 3627 3926 ἕχει
3660 3857 3731 3909 es

2138 3959 2252 4026 τὴν
2272 3958 2460 4023 δόξαν
2485 3956 2598 4025 πρὸ
2624 3955 2729 4009 τοῦ
2767 3956 2998 4023 κόσμου
3024 3954 3103 4018 ὠς
3138 3952 3282 4017 Θεὸς
3308 3949 3727 4018 προϋπάρχειν.

2150 4050 2215 4103 Ἦ
2248 4049 2354 4123 γὰρ
2387 4049 2569 4113 ἀδοξία
2619 4047 2859 4110 πάντως,
2906 4047 2940 4116 ἡ
2969 4044 3187 4114 παθητὴ
3213 4043 3311 4112 τῆς
3343 4040 3541 4112 σαρκὸς
3567 4038 3730 4108 φύσις

2142 4143 2291 4197 ἐστί·
2318 4142 2445 4208 δόξα
2476 4142 2533 4194 δὲ
2572 4141 2679 4212 ἄρα
2710 4138 2946 4204 αἰώνιος,
2974 4140 3007 4209 ἡ
3058 4135 3274 4207 ἀπαθής
3300 4152 3361 4188 τε
3395 4134 3486 4187 καὶ
3517 4132 3730 4202 ἀκήρα-

2139 4252 2231 4299 τος
2250 4234 2503 4306 δύναμις.

453 4324 580 4365 nem
611 4311 858 4382 nullique
890 4313 1178 4369 mutationi
1231 4317 1520 4371 obnoxiam
1553 4322 1860 4388 perstitisse
1894 4329 2221 4385 consentiet.
2250 4328 2426 4398 Hujus
2458 4335 2638 4382 autem
2677 4326 2756 4380 rei
2823 4324 2980 4379 testis
3048 4331 3132 4377 est
3195 4320 3279 4374 vel
3339 4321 3454 4389 ipse
3519 4316 3728 4387 Apolli-

458 4400 608 4456 naris
638 4403 733 4471 qui
753 4403 821 4459 de
844 4402 981 4458 Filio
1004 4407 1235 4475 loquens
1269 4409 1387 4461 ait:
1424 4406 1773 4479 Glori/icatur
1823 4415 2041 4485 quidem
2101 4428 2162 4472 ut
2208 4418 2384 4485 homo,
2446 4432 2511 4471 ea:
2562 4416 2893 4488 ignobilitate
2934 4428 3146 4466 sursum
3195 4419 3443 4475 evectus;
3498 4409 3726 4479 gloriam

452 4511 572 4550 vero
592 4497 822 4565 possidet
853 4510 974 4555 ante
1002 4502 1186 4555 mundi
1214 4505 1502 4572 opiﬁcium,
1525 4516 1583 4559 ut
1605 4506 1743 4563 Deus
1772 4520 1894 4564 ante
1915 4516 2094 4566 omnia
2123 4515 2408 4568 exsistens.
2437 4511 2574 4565 Nam
2628 4510 2944 4581 ignobilitas
3010 4520 3237 4577 prorsus
3308 4513 3397 4559 est
3479 4502 3727 4572 patibtlis

453 4599 652 4644 natura
680 4595 863 4655 carnis
890 4613 903 4649 :
931 4603 1136 4651 aeterna
1163 4598 1346 4671 itaque
1369 4601 1542 4670 gloria
1565 4602 1669 4655 erit
1707 4603 2028 4673 impatibilis
2069 4609 2334 4677 potentia,
2362 4615 2527 4678 atque
2558 4604 2910 4659 immortalis.

527 4682 697 4739 XXV.
726 4684 928 4741 Verum
962 4704 1031 4743 ne
1073 4691 1199 4761 quis
1247 4708 1349 4747 nos
1404 4693 1457 4747 in
1508 4694 1592 4747 his
1626 4711 1747 4765 quas
1791 4698 2031 4755 diximus
2066 4706 2108 4760 D

454 4774 782 4830 calumniari
810 4779 1105 4847 existimet,
1159 4783 1446 4853 ipsiusmet
1489 4786 1821 4857 Apollinaris
1866 4791 2031 4846 verba

455 4864 691 4922 referam
727 4869 782 4922 in
836 4885 1070 4939 quorum
1122 4889 1346 4931 sensum
1398 4876 1564 4932 modo
1620 4879 2031 4949 inquisivimus.

459 4958 675 5013 Ethnici
721 4963 885 5026 enim,
936 4965 1137 5034 inquit,
1183 4977 1233 5020 et
1268 4967 1447 5024 Judwi
1484 4971 1763 5040 manifeste
1797 4973 2034 5042 inﬁdeles

457 5058 605 5114 sunt,
643 5059 819 5120 utpote
844 5054 934 5123 qui
968 5055 1137 5109 Deum
1164 5073 1231 5111 ea.
1260 5060 1477 5114 muliere
1503 5063 1734 5128 genitum
1766 5064 1844 5117 vel
1871 5064 2036 5132 fando

460 5141 648 5196 audire
678 5156 924 5199 renuunt.
948 5146 1059 5201 Cur
1084 5164 1229 5203 nunc
1250 5149 1316 5204 de
1346 5162 1502 5220 partu
1530 5154 1781 5224 loquens,
1814 5171 2035 5211 carnem

461 5231 683 5289 silentio
703 5238 983 5304 praeteriit,
1005 5241 1257 5310 quamvis
1290 5251 1432 5320 quod
1474 5256 1657 5301 natum
1681 5257 1766 5305 est
1788 5263 1854 5305 ex
1872 5265 2039 5306 carne

436 5452 440 5461 .
535 5413 581 5444 ⁸⁸
611 5413 779 5471 Marc.
806 5431 884 5483 xx,
914 5418 1000 5474 15.
1079 5421 1123 5453 ⁸⁷
1158 5420 1348 5476 Matth.
1387 5438 1554 5488 xxv",
1588 5425 1675 5479 46.

685 5591 844 5667 (ΞΟΠ.
874 5594 1119 5667 ἔρχεται.

686 5661 843 5736 (ξω-ι’.
867 5661 1169 5736 δεσμεῖται.

542 5731 657 5802 (82)
691 5734 845 5813 gorr.
884 5736 945 5813 1:6
967 5731 1351 5813 διαπνευσθέν,
1391 5750 1464 5813 Διξι
1508 5757 1627 5796 mox
1688 5742 2045 5813 παραμυθού-

475 5803 795 5883 μενονλβεό
830 5806 1012 5873 potius
1043 5803 1565 5881 legendum'vidctur
1602 5815 1648 5865 ai
1822 5803 1883 5865 τὸ
1933 5814 2047 5866 δια-

482 5872 761 5940 κνιυσθὲν,
786 5872 892 5933 etc.

2215 4701 2305 4764 Ὠς
2335 4700 2378 4752 δ’
2403 4700 2468 4754 ἂν
2518 4698 2595 4769 μὴ
2651 4695 3008 4763 συκοφαντεῖν
3060 4693 3116 4744 ὲν
3157 4693 3273 4754 τοῖς
3303 4689 3614 4760 εἰρημένοις
3641 4689 3731 4741 80—

2135 4793 2382 4863 κοίημεν,
2410 4789 2720 4844 αὐτῶντῶν
2766 4787 2907 4842 κατὰ
2950 4784 3076 4840 νοῦν
3102 4783 3212 4853 (86)
3264 4784 3394 4852 ἡμῖν
3437 4781 3731 4852 προεξετα-

2138 4884 2371 4937 σθέντων
2399 4884 2493 4937 καὶ
2521 4883 2619 4954 τὴν
2647 4880 2791 4945 λέξιν
2808 4876 3441 4948 ὲκθήσομαι.’Ἑλληνες
3462 4871 3571 4941 γὰρ
3594 4871 3727 4940 (87),

2138 4978 2294 5050 φησὶ,
2314 4977 2412 5032 καὶ
2444 4975 2720 5032 Ἰουδαῖοι
2747 4968 3067 5042 προφανῶς
3087 4966 3433 5029 ἀπιστοῦσι,
3447 4966 3533 5034 μὴ
3559 4980 3734 5017 κατα-

2140 5071 2449 5139 δεχόμενοι
2476 5069 2624 5122 Θεὸν
2645 5068 2891 5121 ἀκούειν
2912 5066 3020 5119 τὸν
3035 5065 3102 5117 ἐκ
3119 5061 3401 5132 γυναικὸς
3422 5058 3725 5127 τεχθέντα.

2146 5160 2243 5212 Διά
2271 5158 2323 5211 τί
2350 5158 2445 5211 νῦν
2474 5160 2531 5211 ὲν
2564 5157 2642 5227 τῷ
2676 5157 2819 5227 τόκῳ
2836 5155 2935 5223 τὴν
2974 5155 3152 5226 σάρκα
3184 5148 3595 5222 παρεσιώπησε,
3614 5146 3730 5199 καί-

2147 5270 2229 5306 τοι
2258 5252 2318 5305 τὸ
2346 5252 2707 5322 γεγενημένον
2757 5252 2821 5303 ἐκ
2862 5248 2963 5317 τῆς
3008 5245 3205 5320 σαρκὸς
3237 5238 3374 5315 σὰρξ
3398 5238 3465 5314 ἦν
3494 5242 3731 5303 πάντως,

2222 5598 2333 5661 (85)
2357 5596 2433 5650 lla
2465 5613 2624 5668 corr.
2648 5606 2828 5668 antea,
2866 5596 2961 5667 οὐχ
2994 5596 3265 5668 εὑρεθείη.

2225 5668 2335 5729 (84)
2372 5668 2529 5721 Corr.
2567 5667 2663 5735 μία
2688 5663 2845 5718 οὖσα.

2226 5738 2338 5808 (κδ)
2365 5740 2521 5791 (ἶοιτ.
2550 5738 2607 5788 ἐν
2641 5739 2705 5805 τῇ
2744 5737 2878 5808 ζωῇ.

2230 5806 2339 5875 (86)
2362 5810 2519 5861 (Iorr.
2562 5810 2702 5860 κατὰ
2737 5806 2827 5857 τὸν
2853 5806 2997 5860 νοῦν.

2228 5880 2338 5953 (87)
2368 5879 2523 5934 Corr.
2560 5878 2659 5949 μὲν
2690 5877 2814 5947 γάρ.
