4120 6394
372 434 519 489 ΗΠ

1548 424 1923 484 ADVERSUS
1963 420 2477 478 APOLLINAREM.

3505 425 3643 483 1178

371 549 554 613 καθώς
593 550 727 619 φησί
754 563 855 600 που
883 547 912 600 6
939 544 1178 619 Κύριοςς
1214 545 1355 601 Ἀλλ’
1379 546 1567 617 ἐπειδὴ
1592 544 1839 616 βούλεται
1864 543 1959 596 αὑ-

2079 555 2195 597 :aro
2240 542 2469 597 omnino
2515 540 2607 604 sit,
2648 549 2707 596 ut
2750 540 2949 597 alicubi
3000 541 3264 600 Dominus
3306 546 3482 599 ait"?
3536 548 3644 601 Sed

372 644 472 714 τὴν
519 642 619 713 τὴν
655 638 939 710 τεχθεῖσαν
983 638 1163 709 σάρκα
1193 638 1426 708 θεότητα
1470 635 1631 702 εἶναι,
1671 637 1766 690 καὶ
1794 652 1967 689 κατα-

377 736 641 790 σκευάσαι
671 734 771 788 οὒκ
809 734 867 787 ὲν
922 732 1087 804 σαρκὶ
1128 732 1428 802 πεφηνέναι
1474 732 1566 785 τὸν
1613 730 1767 795 Θεὸν,
1796 728 1970 797 λέγει·

390 826 547 880 Ἀλλὰ
580 825 713 879 Θεὸν
752 825 1016 895 ἔνσαρκον
1047 823 1155 894 πρὸ
1192 822 1404 876 αίώνων
1445 821 1596 886 ὄντα,
1625 820 1763 891 μετὰ
1794 818 1967 871 ταῦτα

375 919 461 973 διὰ
491 917 748 988 γυναικὸς
779 916 1049 987 τετέχθαι,
1075 917 1169 970 καὶ
1199 915 1336 985 πρὸς
1365 916 1465 986 τὴν
1489 914 1598 969 τῶν
1626 912 1969 984 παθημάτων

375 1014 593 1083 πεῖραν,
634 1010 891 1081 καὶπρὸς
926 1010 1026 1080 τὴν
1056 1008 1158 1079 τῆς
1193 1008 1304 1077 (88)
1353 1006 1568 1078 φύσεως
1603 1006 1849 1075 ἀνάγκην
1880 1005 1967 1057 ἑλ-

376 1100 509 1155 θεῖν.
539 1101 648 1154 Καὶ
679 1101 851 1154 ταῦτα
890 1098 1083 1168 λέγων,
1132 1098 1193 1152 οὑ
1217 1098 1433 1151 δίδωσιν
1473 1094 1623 1166 αὑτῷ
1642 1095 1765 1148 οὐδὲ
1786 1096 1847 1148 τὸ
1868 1094 1967 1148 ἄν·

378 1195 594 1266 θρωπον
620 1189 791 1246 εἶναι’
823 1191 960 1245 ἀλλὰ
992 1193 1105 1253 τοῖς
1140 1191 1239 1260 μὲν
1270 1188 1497 1243 πάθεσιν
1526 1188 1727 1255 ὑπάγει
1763 1186 1839 1251 ὡς
1876 1186 1970 1241 ἄν·

378 1289 617 1360 θρωπον,
650 1288 748 1356 τῆς
792 1286 846 1339 δὲ
892 1283 1239 1355 ἀνθρωπίνης
1273 1282 1333 1335 οὐ
1385 1281 1703 1353 μεταδίδωσι
1731 1279 1965 1349 φύσεως.

380 1379 504 1442 Πῶς
530 1379 638 1449 γὰρ
683 1377 967 1445 ἄνθρωπος
1014 1374 1075 1427 τὸ
1108 1373 1181 1445 μὴ
1212 1376 1277 1427 ὲκ
1320 1373 1424 1445 γῆς
1460 1367 1601 1427 εἶναι
1647 1372 1968 1442 λεγόμενον;

390 1474 486 1526 Ἐκ
542 1472 647 1543 γὰρ
704 1470 799 1523 τοῦ
843 1469 1018 1539 Ἀδὰμ
1058 1468 1205 1535 λέγει
1238 1468 1272 1538 ἡ
1312 1467 1501 1539 Γραφὴ
1539 1466 1597 1521 τὸ
1632 1466 1971 1539 ἀνθρώπινον

379 1564 658 1633 γενέσθαι,
691 1564 785 1616 καὶ
813 1562 1029 1633 πρῶτον
1058 1562 1263 1614 ἐκεῖνον
1283 1560 1371 1614 διὰ
1395 1560 1494 1630 τῆς
1515 1559 1664 1623 θείας
1690 1560 1969 1631 δυνάμεως

380 1661 445 1713 ὲκ
462 1659 566 1728 γῆς
598 1657 779 1728 φῦναι.
808 1657 905 1709 Διὰ
926 1654 1083 1708 τοῦτο
1106 1655 1201 1707 κα).
1221 1655 1249 1706 6
1271 1655 1483 1718 Λουκᾶς
1510 1654 1601 1707 τὸν
1616 1652 1969 1724 νομιζόμενον

379 1748 475 1802 τοῦ
517 1748 713 1819 Ἰωσὴφ
752 1747 865 1799 υἱὸν
918 1745 1275 1814 γενεαλογῶν,
1314 1745 1468 1814 φησὶ,
1508 1744 1620 1799 Τοῦ
1663 1743 1854 1813 Ἀδὰμ,
1884 1743 1971 1811 ἐξ·

383 1840 569 1895 ἀπτων
594 1840 714 1894 καθ’
739 1840 968 1893 ἕκαστον
992 1836 1114 1889 τῶν·
1138 1836 1387 1908 πατέρων
1413 1837 1513 1907 τὴν
1542 1835 1716 1908 ἀρχὴν
1747 1836 1848 1907 τῆς
1878 1853 1970 1906 γε-

2066 632 2327 703 quoniam
2359 634 2532 705 ipsam
2579 648 2825 699 carnem,
2869 650 2993 705 qua:
3021 652 3089 691 ex
3116 637 3343 692 muliere
3370 646 3503 693 nata
3538 651 3643 706 est,

2066 724 2403 780 divinitatem
2438 741 2561 781 esse
2581 727 2731 793 vult;
2764 742 2826 781 ac
2851 728 3076 799 insuper
3104 728 3389 786 adstruere
3418 732 3648 787 intendit

2068 814 2238 871 Deum
2288 816 2343 871 in
2374 831 2539 873 carne
2592 819 2999 875 manifestatum
3051 838 3159 877 non
3195 822 3386 888 fuisse,
3442 824 3649 879 ideirco

2064 910 2201 965 dicit
2236 926 2249 962 ι
2291 910 2398 965 Sed
2443 909 2614 966 Deum
2665 927 2834 968 carne
2896 922 3023 968 ante
3062 915 3262 969 saecula
3318 916 3648 985 praeditum,

2068 1010 2260 1069 postea
2292 1015 2361 1055 ex
2397 1001 2626 1056 muliere
2659 1004 2897 1072 genitum
2930 1003 3123 1067 fuisse,
3152 1013 3207 1059 et
3240 1004 3307 1059 ad
3330 1006 3648 1076 passionum

2071 1094 2467 1162 experimenta,
2509 1101 2847 1165 exterasque
2890 1096 3141 1151 humana:
3172 1106 3382 1153 natura:
3411 1100 3651 1153 necessi-

2065 1192 2208 1242 tates
2254 1187 2571 1243 subeundas
2616 1188 2673 1242 in
2722 1190 2987 1243 mundum
3023 1190 3260 1246 venisse.
3296 1189 3419 1246 Ilzee
3468 1201 3649 1247 autem

2068 1294 2324 1336 asserens
2357 1295 2459 1336 nec
2492 1280 2598 1351 ipsi
2627 1280 2904 1336 hominem
2935 1297 3061 1338 esse
3103 1284 3353 1354 largitur,
3394 1285 3489 1340 sed
3526 1300 3653 1355 pas-

2069 1372 2321 1428 sionibus
2362 1371 2583 1443 quidem
2634 1373 2843 1439 subdit,
2894 1384 2953 1428 ut
3004 1375 3303 1439 hominem,
3357 1377 3649 1432 humanam

2070 1480 2199 1520 vero
2236 1472 2490 1519 naturam
2517 1465 2693 1520 eidem
2719 1481 2828 1520 non
2862 1467 3192 1536 impertitur.
3225 1467 3473 1534 Quonam
3503 1472 3649 1525 enim

2068 1565 2229 1629 pacto
2272 1557 2436 1611 homo
2486 1573 2612 1614 esse
2663 1560 2881 1630 poterit,
2924 1559 3072 1630 quod
3118 1568 3325 1616 eterra
3376 1578 3484 1617 non
3526 1578 3653 1618 esse

2069 1647 2310 1704 dieitur?
2358 1647 2434 1704 Ex
2470 1650 2644 1703 Adam
2693 1653 2838 1705 enim
2891 1652 2967 1705 ait
3018 1649 3301 1721 Scriptura
3350 1652 3650 1707 humanum

2070 1759 2247 1813 genus
2298 1750 2477 1798 ortum
2533 1743 2824 1807 habuisse,
2876 1760 3112 1815 eumque
3148 1747 3382 1817 primum
3424 1763 3454 1802 e
3506 1756 3651 1801 terra

2071 1843 2315 1890 creatum
2340 1836 2525 1890 divina
2555 1836 2757 1891 virtute
2782 1836 2973 1893 fuisse.
3004 1837 3351 1910 Quapropter
3371 1847 3425 1894 et
3448 1837 3650 1900 Lucas.

382 1933 603 1997 νέσεως.
655 1931 714 1985 '0
773 1931 951 1984 τοίνυν
987 1931 1061 2003 μὴ
1093 1931 1159 1983 ὲκ
1189 1907 1288 1984 τοῦ
1308 1929 1498 1999 γένους
1530 1907 1637 1983 τῶν
1669 1928 1970 2000 ἀνθρώπων

2079 1928 2278 1983 Christi
2320 1928 2413 1998 qui
2451 1928 2749 1998 putabatur
2776 1927 2999 1999 .losephi
3043 1907 3186 1987 [ilius
3216 1907 3359 1997 esse,
3408 1933 3656 2002 genealo-

383 2025 673 2095 γενόμενος
722 2022 850 2078 ἄλλο
895 2040 947 2076 τι
976 2024 1191 2086 πάντως
1230 2022 1368 2086 ἐστὶ,
1409 2021 1503 2074 καὶ
1532 2021 1632 2075 οὐκ
1662 2021 1967 2092 ἄνθρωπος.

396 2115 454 2168 '0
478 2111 570 2168 οὖν
607 2115 742 2185 μήτε
777 2112 1082 2185 ἄνθρωπος.
1144 2113 1222 2185 τῷ
1254 2112 1421 2183 μηδὲν
1457 2112 1601 2183 ἔχειν
1627 2112 1721 2166 τοῦ
1761 2112 1973 2184 ὰνθρω⁴

386 2203 539 2258 πίνου
585 2204 796 2271 γένους,
855 2203 992 2273 μήτε
1037 2201 1191 2267 Θεὸς,
1250 2200 1329 2273 τῷ
1375 2202 1449 2273 μὴ
1479 2198 1618 2256 εἶναι
1659 2200 1969 2273 ἀσώματος,

386 2295 591 2355 ἐκεῖνος
633 2294 661 2345 6
690 2293 951 2364 ἔνσαρκος
1004 2292 1100 2345 τοῦ
1143 2292 1483 2364 λογογράφου
1513 2293 1644 2357 Θεὸς
1672 2294 1724 2346 τί
1766 2294 1830 2347 ἂν
1860 2294 1969 2365 εἴη,

385 2386 692 2455 λεγέτωσαν
744 2388 792 2439 οἱ
844 2386 947 2455 τῆς
975 2386 1192 2456 ἀπάτης
1228 2386 1392 2439 αὑτοῦ
1426 2386 1663 2457 μαθηταὶ⁵
1708 2386 1803 2439 καὶ
1848 2403 1974 2440 συν-

388 2479 612 2549 ήγοροι·
656 2478 808 2531 Ἀλλ’
836 2477 1119 2542 ἐδέξαντο
1169 2479 1267 2543 ἂν,
1292 2480 1477 2550 φησὶν,
1514 2480 1835 2545 Ἕλληνες,
1872 2480 1973 2535 καὶ

402 2566 685 2630 Ἰουδαῖοι,
725 2566 894 2635 εἴπερ
948 2566 1264 2635 ἄνθρωπον
1317 2569 1527 2623 ἔνθεον
1566 2563 1717 2623 εἶναι
1752 2571 1859 2623 τὸν
1886 2587 1977 2624 τε-

390 2661 609 2732 χθέντα
636 2661 943 2731 ἐλέγομεν,
975 2660 1180 2731 ὥσπερ
1228 2663 1573 2717 Ἠλίαν-,Καὶ
1605 2663 1687 2726 τίς
1707 2664 1817 2717 τῶν
1860 2664 1974 2716 Ἐλο

390 2753 568 2826 λήνων
602 2756 669 2811 τὰ
701 2757 841 2811 κατὰ
863 2757 955 2810 τὸν
998 2757 1184 2810 Ἠλίαν
1213 2756 1465 2827 θαύματα
1498 2756 1573 2821 ὡς
1614 2756 1787 2828 ἀληθῆ
1831 2775 1974 2829 παρ-

392 2849 641 2917 εδέξατο;
682 2852 764 2905 ὅτι
820 2852 933 2923 πῦρ
955 2851 1077 2922 διχῆ
1105 2850 1182 2921 τῷ
1224 2852 1461 2922 σχήματι
1489 2851 1758 2913 τυπωθὲν,
1787 2851 1848 2904 τὸ
1878 2853 1977 2921 μὲν

395 2946 474 3008 εἰς
498 2944 745 3014 ἅρματος
776 2939 935 3007 εἶδος,
963 2943 1025 2996 τὸ
1057 2943 1113 2996 δὲ
1136 2946 1213 3005 εἰς
1233 2944 1417 2996 ἵππων
1442 2942 1673 3015 μορφὴν,
1696 2945 1794 3015 τὴν
1828 2947 1980 2998 ὲνανο

394 3038 516 3091 τίαν
543 3039 611 3107 τῇ
643 3035 821 3106 οἰκεία
860 3035 1019 3103 φύσει
1071 3037 1295 3088 κινεῖται
1342 3034 1535 3105 φορὰν,
1560 3034 1767 3088 ἄνωθεν
1797 3035 1889 3088 ἐπὶ
1918 3035 1980 3089 τὸ

396 3128 547 3183 κάτω
572 3128 889 3199 φερόμενον,
924 3127 1018 3180 καὶ
1055 3127 1137 3180 ὅτι
1166 3127 1456 3196 μετάρσιος
1492 3126 1585 3179 ὲπὶ
1610 3126 1701 3180 τοῦ
1727 3126 1979 3196 φλογίνου

2074 2020 2217 2090 giam
2241 2028 2452 2085 texens,
2487 2021 2584 2089 ait,
2610 2022 2715 2087 Qui
2744 2022 2847 2092 fuit
2870 2022 3043 2077 Adam
3066 2024 3130 2091 ",
3168 2040 3264 2095 per
3288 2026 3532 2094 singulos
3562 2042 3656 2095 pa-

2072 2121 2187 2169 tres
2220 2114 2473 2168 ordinata
2505 2114 2648 2169 serie
2697 2115 3067 2186 generationis
3105 2115 3226 2185 ejus
3256 2117 3468 2170 initium
3501 2133 3657 2186 repe-

2072 2213 2214 2262 tens.
2232 2205 2404 2263 Porro
2431 2208 2525 2277 qui
2552 2223 2619 2263 ex
2648 2207 2927 2263 hominum
2952 2224 3151 2280 genere
3173 2224 3281 2264 non
3312 2211 3510 2277 oritur,
3544 2227 3657 2265 non

2073 2298 2259 2363 homo,
2294 2299 2387 2355 sed
2418 2298 2565 2354 aliud
2595 2300 2727 2370 quid
2765 2299 2992 2356 omnino
3020 2308 3128 2357 est.
3157 2300 3295 2355 Cum
3330 2304 3515 2373 itaque
3536 2318 3660 2358 car-

2075 2406 2215 2446 neus
2255 2391 2347 2446 ille
2394 2390 2570 2448 nostri
2619 2391 2911 2462 scriptoris
2955 2391 3098 2449 Deus
3145 2408 3321 2463 neque
3368 2394 3530 2449 homo
3562 2397 3658 2459 sit,

2074 2492 2260 2553 utpote
2303 2483 2396 2553 qui
2448 2482 2584 2537 nihil
2634 2482 2856 2537 humani
2908 2483 3126 2553 generis
3176 2484 3414 2551 haheat;
3475 2501 3658 2555 neque

2076 2575 2242 2640 Deus,
2265 2590 2390 2630 cum
2416 2575 2775 2646 incorporeus
2807 2590 2914 2629 non
2941 2576 3047 2643 sit;
3080 2576 3340 2647 quidnam
3375 2593 3565 2633 revera
3589 2578 3661 2631 sit

2078 2668 2265 2725 dicant
2298 2668 2419 2738 ejus
2461 2669 2669 2724 erroris
2706 2668 2965 2739 discipuli
2997 2677 3160 2738 atque
3188 2668 3525 2725 defensores.
3556 2671 3659 2725 Sed

2076 2760 2227 2815 nobis
2263 2761 2667 2827 assentirentur,
2709 2761 2909 2832 inquit,
2948 2760 3162 2815 Ethnici
3191 2772 3347 2831 atque
3380 2761 3580 2822 Juda'i.
3613 2765 3662 2818 si

2076 2871 2216 2917 eum,
2239 2855 2330 2925 qui
2355 2864 2514 2908 natus
2539 2863 2638 2921 est,
2670 2853 2906 2909 divinum
2932 2855 3192 2910 hominem
3216 2873 3324 2911 esse
3346 2856 3658 2923 diceremus,

2077 2942 2519 3013 quemadmodum
2545 2941 2745 2999 Etiam.
2783 2941 2889 2999 Sed
2916 2944 3040 3014 quis
3062 2945 3402 3000 ethnicorum
3441 2963 3559 3017 quae
3594 2952 3663 3003 de

2082 3033 2198 3089 Elia
2228 3044 2524 3091 narrantur
2552 3035 2820 3090 miracula
2843 3036 2891 3068 ⁷⁸
2930 3052 3030 3107 pro
3060 3038 3207 3093 veris
3238 3038 3451 3103 habuit,
3483 3039 3659 3109 ignem

2081 3142 2277 3199 nempe
2307 3126 2515 3198 duplici
2560 3126 2735 3183 forma
2768 3129 3038 3194 indutum,
3072 3130 3237 3185 alium
3281 3132 3500 3202 quidem
3537 3149 3665 3186 cur-

402 3223 645 3291 ἆρματος
696 3218 926 3289 ἡνιοχῶν
973 3219 1034 3271 τὸ
1080 3217 1191 3288 πῦρ
1242 3220 1270 3270 6
1314 3218 1518 3283 Ἠλίας,
1573 3218 1788 3290 ἀπαθὴς
1818 3219 1876 3272 ἐν
1911 3221 1979 3290 τῇ

2086 3236 2204 3284 rus,
2252 3220 2417 3275 alium
2445 3236 2577 3276 vero
2620 3235 2883 3290 equorum
2932 3224 3134 3292 specie.
3176 3239 3208 3279 e
3235 3225 3375 3279 caelo
3405 3225 3662 3280 deorsum

400 3312 559 3381 φλογὶ
579 3309 919 3374 διασώζεται,
953 3309 1048 3363 τοῦ
1073 3310 1243 3379 πυρὸς
1277 3308 1337 3361 τὸ
1371 3309 1481 3378 πῦρ
1506 3309 1775 3373 ἕλκοντος,
1812 3309 1903 3362 τοῦ
1926 3312 1983 3365 ὲν

397 3405 509 3468 τοῖς
534 3404 721 3466 ἵπποις
759 3402 819 3455 τὸ
853 3402 910 3453 ὲν
936 3400 1014 3470 τῷ
1055 3402 1300 3470 ἅρματι,
1342 3401 1404 3453 Ei
1427 3401 1535 3471 γὰρ
1568 3400 1740 3453 ταῦτά
1770 3418 1856 3464 τις
1891 3400 1981 3453 δέ-

400 3496 551 3563 ξαιτο
575 3494 695 3550 καθ’
726 3494 782 3547 ὃν
817 3493 897 3546 δεῖ
938 3494 1159 3561 τρόπον,
1191 3492 1256 3544 δι’
1288 3491 1466 3545 αὐτῶν
1525 3490 1590 3561 δὴ
1642 3490 1846 3543 τούτων
1894 3489 1984 3543 τὸν

399 3587 556 3655 λόγον
587 3587 697 3654 (89)
760 3585 896 3655 πρὸς
923 3585 1022 3653 τὴν
1055 3580 1148 3635 τοῦ
1182 3581 1481 3653 μυστηρίου
1514 3580 1826 3653 παραδοχὴν
1853 3582 1985 3634 ἀνα-

400 3679 742 3751 δειχθήσεται
766 3678 901 3747 (90),
932 3676 1171 3745 τυπικήν
1198 3691 1321 3727 τινα
1350 3674 1689 3745 προφητείαν
1724 3676 1852 3745 περὶ
1887 3674 1988 3744 τῆς

402 3771 496 3825 τοῦ
523 3770 727 3842 Κυρίου
750 3769 1211 3841 ὲνανθρωπήσεως
1235 3769 1292 3819 ὲν
1314 3766 1391 3837 τῷ
1423 3767 1718 3837 διηγήματι
1751 3765 1984 3836 βλέπων,

401 3863 489 3917 διὰ
504 3863 612 3916 τῶν
636 3863 937 3931 γεγονότων
966 3877 1244 3931 προτυπου
1254 3859 1444 3929 μένην.
1461 3859 1549 3921 Ὠς
1578 3857 1686 3929 γὰρ
1710 3858 1990 3930 ἀνωφερὲς

403 3954 463 4009 ὃν
497 3957 560 4024 τῇ
590 3953 747 4022 φύσει
775 3953 837 4005 τὸ
871 3951 1002 4021 πῦρ,
1043 3949 1163 4021 θείᾳ
1193 3950 1416 4018 δυνάμει
1444 3947 1731 4019 πρόσγειον
1756 3951 1986 4016 γίνεταιτ

405 4046 434 4097 6
460 4044 514 4097 δὲ
545 4044 728 4106 Ἠλίας
759 4040 1100 4113 περισχεθεὶς
1122 4038 1200 4109 τῷ
1232 4038 1463 4110 οὐρανίῳ
1486 4039 1641 4109 πυρὶ,
1672 4037 1834 4092 πάλιν
1854 4042 1991 4111 πρὸς

405 4136 505 4207 τὴν
558 4134 698 4188 κατᾶ
759 4133 920 4203 φύσιν
974 4130 1400 4202 έπανατρέχοντι
1443 4131 1676 4202 κίνησιν,
1708 4134 1802 4186 καὶ
1829 4133 1991 4197 αὐτὸς

409 4230 796 4299 συνεπαίρεται
819 4243 831 4256 ’
861 4225 1034 4289 οὕτως
1054 4224 1215 4287 ἄῦλὸς
1236 4243 1318 4306 τις
1341 4224 1498 4278 οὐσία
1516 4225 1627 4295 (91)
1671 4225 1765 4278 καὶ
1785 4227 1988 4297 ἀειδὴς,

408 4324 443 4392 η
464 4321 555 4374 τοῦ
595 4320 849 4389 Ὑψίστου
871 4318 1117 4387 δύναμις,
1147 4317 1246 4387 τὴν
1265 4316 1514 4387 δουλικὴν
1543 4316 1755 4388 μορφὴν
1777 4318 1875 4387 τὴν
1904 4318 1991 4372 διὰ

408 4413 509 4483 τῆς
549 4411 826 4482 Παρθένου
878 4409 1173 4463 ὑπόστασιν
1204 4407 1551 4470 διαλαϐοῦσα,
1585 4408 1720 4481 πρὸς
1764 4408 1822 4461 τὸ
1863 4408 1992 4461 ῐδιον

412 4504 544 4575 ὕψος
566 4505 862 4575 ἀνήγαγεν,
892 4504 972 4565 είς
1000 4501 1099 4573 τὴν
1136 4500 1286 4554 θείαν
1315 4517 1376 4554 τε
1405 4500 1498 4553 καὶ
1523 4500 1797 4571 ἀκήρατον
1828 4518 1993 4572 μετα-

2085 3328 2278 3369 versus
2308 3312 2568 3377 delatum,
2601 3314 2781 3368 alieno
2813 3314 2880 3369 ab
2917 3314 3038 3383 ejus
3077 3325 3273 3370 natura
3309 3319 3516 3387 impetu
3547 3334 3665 3373 mo-

2084 3406 2237 3472 veri;
2273 3413 2327 3460 et
2374 3404 2565 3469 Eliam,
2602 3406 2778 3475 ignem
2821 3407 3022 3477 auriga:
3062 3407 3237 3462 instar
3267 3410 3665 3474 moderantem,

2085 3494 2336 3551 ﬂammeo
2359 3496 2412 3549 in
2441 3510 2607 3549 curru
2647 3512 2865 3552 sursum
2890 3505 3163 3563 evectum,
3194 3500 3417 3554 illaesum
3450 3502 3505 3554 in
3542 3502 3668 3569 igne

2088 3588 2317 3651 servari,
2350 3586 2473 3656 igne
2506 3586 2681 3656 ignem
2710 3588 2981 3650 trahente,
3018 3604 3085 3643 eo
3122 3590 3331 3646 scilicet
3369 3594 3461 3661 qui
3494 3608 3667 3662 equus

2086 3673 2446 3743 exprimebat,
2477 3673 2627 3725 illum
2658 3672 2751 3741 qui
2788 3688 2989 3728 currus
3026 3675 3267 3745 speciem
3307 3689 3668 3747 repraesenta-

2089 3762 2224 3818 bat?
2262 3761 2318 3816 Si
2353 3763 2478 3832 quis
2511 3762 2656 3815 enim
2702 3761 2819 3816 haec
2846 3776 2913 3817 eo
2957 3778 3067 3832 quo
3117 3764 3274 3818 decet
3316 3776 3474 3834 pacto
3517 3772 3667 3820 ιιι-νι-

2089 3857 2222 3928 piat,
2254 3871 2322 3911 ex
2368 3855 2471 3909 hac
2517 3856 2704 3925 utique
2753 3853 2883 3909 Elia:
2922 3854 3150 3910 historia
3201 3858 3665 3913 accommodatam

2090 3950 2157 4004 ad
2189 3949 2595 4019 suscipiendum
2625 3949 3018 4003 incarnationis
3046 3950 3361 4020 mysterium
3400 3952 3666 4005 rationem

2089 4043 2333 4106 eliceret,
2361 4041 2651 4111 quamdam
2684 4040 2751 4097 de
2772 4040 2975 4096 Christi
3013 4041 3392 4097 incarnatione
3432 4044 3669 4113 prophe-

2089 4135 2221 4188 tiam
2254 4133 2309 4188 in
2340 4132 2528 4188 eadem
2576 4132 2911 4196 narratione,
2947 4148 3043 4202 per
3075 4147 3137 4187 ea
3170 4149 3291 4203 qua:
3336 4133 3465 4189 Elia:
3493 4136 3672 4188 conti—

2092 4235 2311 4297 gerunt,
2342 4225 2740 4294 prmliguratam
2775 4239 3097 4294 agnoscens.
3138 4223 3273 4277 Nam
3314 4225 3667 4294 quemadmo-

2092 4318 2222 4373 dum
2250 4317 2411 4387 iguis,
2444 4330 2567 4370 cum
2598 4323 2791 4384 suapte
2819 4324 3015 4369 natura
3050 4330 3269 4371 sursum
3300 4316 3505 4380 tendat,
3535 4315 3671 4369 divi-

2092 4425 2161 4465 na
2189 4414 2458 4479 potestate
2483 4407 2764 4461 contrario
2790 4415 2939 4460 motu
2971 4416 3170 4461 terram
3192 4422 3385 4461 versus
3406 4405 3669 4474 defertur,

2092 4510 2147 4557 et
2196 4501 2313 4571 ipse
2350 4498 2497 4554 Elias
2526 4498 2736 4553 cmlesti
2784 4498 2928 4568 igne,
2963 4499 3261 4553 naturalem
3304 4506 3510 4553 motum
3547 4514 3671 4553 sur-

414 4596 808 4667 στοιχειώσασα
872 4594 1055 4663 φύσιν·
1088 4591 1229 4645 ὥστε
1277 4593 1303 4645 6
1343 4591 1478 4663 πρὸς
1502 4590 1659 4644 τοῦτο
1690 4591 1982 4658 δυσπειθῶς

2096 4609 2218 4650 sum
2254 4593 2569 4663 recipiente,
2620 4591 3015 4657 circumfusus,
3067 4607 3193 4646 cum
3245 4591 3338 4646 illo
3394 4592 3450 4645 in
3499 4592 3669 4646 altum

413 4689 575 4760 ἔχων,
604 4686 710 4740 οὐδ’
734 4684 800 4739 ἂν
828 4688 894 4756 τῇ
916 4683 1059 4737 κατὰ
1077 4683 1167 4736 τὸν
1200 4682 1386 4736 Ἠλίαν
1411 4681 1806 4753 θαυματοποιῖᾳ
1820 4700 1988 4755 προσ-

413 4781 556 4835 θοῖτο
580 4797 594 4812 ·
628 4780 657 4832 6
680 4779 736 4831 δὲ
766 4779 823 4831 ὲν
850 4776 1045 4845 ἐκείνῳ
1086 4772 1526 4846 προκαταμαθὼν
1562 4775 1990 4845 σκιαγραφηθετ-

415 4891 514 4927 σαν
540 4873 638 4939 τὴν
678 4869 955 4940 ἀλήθειαν,
999 4867 1107 4921 οὐδ’
1146 4866 1214 4922 ἂν
1249 4866 1387 4938 πρὸς
1416 4866 1590 4939 αὐτὴν
1612 4865 1709 4939 τὴν
1730 4867 1989 4939 ἀλήθειαν

413 4962 720 5023 ἁντιτύπως
748 4960 881 5030 ἔχοι.

2092 4685 2341 4741 tollitur:
2381 4686 2453 4739 ita
2486 4684 2727 4739 materiae
2758 4690 2811 4738 et
2844 4683 3089 4753 cujusvis
3128 4683 3316 4739 formae
3344 4699 3541 4754 expers
3586 4701 3674 4739 es-

2094 4781 2294 4843 sentia,
2320 4777 2587 4833 Altissimi
2615 4777 2864 4831 videlicet
2902 4776 3097 4840 virtus,
3126 4777 3380 4832 servilem
3415 4777 3673 4842 formam,

2094 4884 2215 4926 eam
2250 4883 2447 4938 nempe
2492 4883 2655 4937 quam
2704 4883 2771 4921 ex
2807 4864 3029 4937 Virgine
3063 4865 3254 4921 habuit
3306 4867 3677 4923 substantiam

2099 4961 2392 5031 accipiens,
2424 4960 2569 5013 illam
2600 4959 2668 5013 ad
2697 4958 2968 5028 propriam
2999 4958 3103 5014 sibi
3134 4958 3521 5014 sublimitatem
3550 4976 3674 5013 cve-

415 5062 515 5124 xit,
559 5066 615 5118 in
646 5063 884 5117 divinam
922 5070 1084 5129 atque
1118 5054 1480 5111 immortalem
1528 5061 1781 5108 naturam
1823 5062 2220 5120 transmutans,
2273 5055 2347 5108 ita
2422 5060 2482 5107 ut
2522 5053 2616 5123 qui
2665 5051 2780 5107 haec
2856 5067 2966 5107 non
3011 5050 3207 5117 credit,
3278 5067 3458 5123 neque
3503 5054 3669 5107 etiam

417 5155 547 5211 Eliae
582 5156 861 5211 miraculis
910 5153 1068 5209 tidem
1120 5150 1410 5206 habiturus
1463 5149 1555 5211 sit,
1614 5149 1707 5218 qui
1755 5164 1883 5204 vero
1931 5152 1987 5206 in
2025 5151 2215 5207 eodem
2242 5150 2359 5204 Elia
2388 5148 2764 5204 adumbratam
2800 5146 2971 5204 fuisse
3034 5148 3317 5205 veritatem
3357 5156 3517 5204 antea
3580 5146 3667 5202 di-

418 5250 635 5318 dicerit,
666 5252 885 5322 ipsimet
913 5248 1125 5305 veritati
1160 5260 1270 5300 non
1302 5243 1595 5297 admodum
1626 5243 1697 5298 sit
1726 5254 2151 5316 repugnaturus.

492 5388 621 5444 Εἷτα
676 5392 759 5460 ἐφ’
808 5393 955 5462 ἡμᾶς
1012 5389 1231 5458 στρέφει
1265 5384 1362 5456 τὴν
1409 5383 1699 5454 λοιδορίαν,
1741 5386 1864 5449 τοὺς
1923 5386 1997 5459 μὴ

422 5480 893 5553 παραδεχομένους
928 5481 1090 5535 αὐτοῦ
1120 5481 1212 5533 τὸν
1242 5477 1655 5533 ἁναπλασθέντα
1684 5477 1871 5549 μῦθον,
1903 5480 1996 5534 καί

2172 5386 2361 5442 XXVI.
2403 5384 2604 5440 Deinde
2631 5374 2891 5440 adversus
2924 5400 3043 5449 nos,
3073 5385 3165 5455 qui
3197 5383 3433 5439 fabulam
3465 5383 3534 5438 ab
3557 5383 3675 5452 ipso

2103 5481 2391 5537 conﬁdam
2432 5478 2793 5548 exploditnus,
2848 5493 2948 5532 sua
2990 5477 3234 5533 convicia
3277 5474 3546 5531 convertit
3591 5477 3675 5532 1.;5

495 5663 541 5692 “'
565 5658 724 5716 Joan.
756 5675 837 5720 Ill,
873 5660 924 5714 6.
1002 5662 1045 5693 ⁸⁹
1080 5660 1207 5717 Luc.
1247 5678 1331 5727 ιιι,
1374 5663 1460 5720 33.
1540 5663 1585 5695 '°
1618 5660 1683 5717 IV
1722 5660 1852 5736 Reg.
1888 5678 1945 5724 ιι,
1972 5662 2005 5717 9
2036 5677 2157 5733 sqq.

499 5819 608 5892 (88)
633 5820 787 5874 Corr.
831 5821 971 5875 κατὰ
998 5821 1095 5885 τὴν
1128 5822 1248 5892 τῆς,

498 5891 609 5961 (89)
640 5892 793 5948 (ἔοι-ι’.
826 5892 932 5947 τῶν
960 5892 1150 5960 λόγων.

2171 5821 2281 5889 (90)
2313 5820 2470 5877 Corr.
2504 5818 2925 5891 ἐνδειχθήσεται.

2178 5887 2290 5963 (91)
2326 5892 2484 5947 Corr.
2511 5887 2665 5945 οὖσα.
