4120 6394
487 403 626 459 ΗἸθ

1646 396 1702 454 S.
1738 396 2064 454 GREGORII
2091 395 2384 452 NYSSENI

3601 404 3741 463 “80

486 518 668 572 verbis
696 537 708 572 :
752 517 858 583 Qui
890 525 1066 571 autem
1100 515 1227 587 ﬁdei
1255 517 1423 585 specie
1454 515 1693 584 inﬁdeles
1721 525 1866 579 sunt,
1901 515 2056 568 Deum

2171 529 2332 582 φησιν
2357 529 2371 543 ·
2403 514 2468 566 Ol
2495 512 2563 566 δὲ
2599 513 2668 566 ἐν
2699 514 2962 583 σχήματι
2992 512 3247 579 πίστεως
3283 511 3524 570 ἄπιστοι
3559 513 3638 582 τῷ
3668 516 3740 570 ἐκ

486 624 551 661 ex
583 609 798 662 muliere
833 611 1085 678 genitum,
1123 619 1174 662 et
1218 625 1251 661 α
1291 607 1491 662 Judwis
1541 609 1879 676 cruciﬁxum,
1916 608 2066 661 simi-

495 701 614 752 liter
643 711 796 768 atque
823 702 1014 754 ethnici
1040 700 1390 764 erubescunt;
1421 716 1582 768 quare
1623 707 1671 752 et
1705 699 1815 767 ipse
1838 716 1925 753 eos
1953 715 2066 754 eru-

488 792 671 844 bescet.
703 793 864 859 Atqui
893 791 1199 845 maledictis
1229 797 1420 844 contra
1453 791 1797 846 adversarios
1835 793 1908 844 uti
1939 791 2064 861 quis

489 884 697 951 ignorat
719 899 906 938 eorum
932 901 1052 939 esse
1080 885 1172 953 qui
1194 884 1340 954 quod
1369 883 1472 938 sibi
1506 892 1914 954 proposuerunt
1942 899 2066 953 per-

682 991 788 1026 non
821 974 1081 1042 possunt?
1114 973 1224 1029 Nos
1250 990 1381 1030 vero
1413 983 1625 1030 tantum
1660 975 1916 1039 dicimus,
1937 975 2067 1029 duo-

487 1068 588 1120 bus
630 1069 922 1137 propositis
969 1083 1221 1121 errorum
1262 1068 1558 1132 barathris,
1595 1085 1660 1123 ex
1705 1084 1811 1124 una
1842 1069 2062 1139 quidem

487 1168 637 1228 parte
693 1161 1040 1228 Apollinaris,
1089 1177 1156 1215 ex
1187 1163 1355 1216 altera
1403 1176 1533 1215 vero
1563 1160 1702 1224 Arii,
1754 1176 1907 1231 aeque
1939 1161 2062 1215 illos

486 1253 626 1319 laedi,
657 1254 747 1322 qui
783 1255 838 1307 in
869 1256 1190 1309 alterutrum
1227 1257 1463 1323 cadunt;
1497 1255 1603 1309 nisi
1631 1256 1776 1325 quod
1809 1258 1865 1310 in
1900 1257 2065 1310 malo-

487 1361 605 1398 rum
636 1347 865 1409 delectu,
901 1347 1082 1400 minus
1113 1345 1231 1400 ladi
1261 1347 1563 1412 videantur,
1595 1348 1686 1417 qui
1715 1347 1769 1401 in
1801 1348 2062 1402 Arianum

485 1449 728 1493 errorem
795 1437 1135 1492 dilabuntur.
1201 1438 1441 1508 Uterque
1503 1439 1648 1492 enim
1699 1439 2060 1493 immortalem

486 1526 760 1598 Unigeniti
799 1536 1050 1582 naturam
1087 1527 1153 1582 ad
1185 1529 1237 1582 id
1276 1529 1421 1599 quod
1470 1530 1730 1586 humilius
1759 1540 1844 1586 est
1872 1533 2059 1602 depri-

485 1618 618 1672 mit:
661 1619 754 1673 sed
788 1619 952 1674 Arius
981 1619 1198 1688 quidem
1241 1620 1575 1690 incorporea:
1604 1623 1918 1691 angelorum
1964 1639 2062 1677 na-

484 1715 622 1763 turae
646 1709 932 1765 Dominum
965 1712 1279 1780 angelorum
1323 1711 1643 1782 azquiparat,
1678 1722 1734 1770 et
1767 1723 1876 1770 tam
1915 1716 2061 1772 hunc

485 1814 648 1868 quam
685 1801 806 1854 illos
845 1818 940 1870 per
985 1802 1316 1856 creationem
1351 1806 1649 1872 exstitisse,
1710 1814 1764 1861 et
1818 1809 2057 1864 iuereata

485 1899 681 1944 natura
707 1906 770 1945 ex
797 1906 953 1960 aequo
983 1893 1224 1946 minores
1245 1909 1365 1948 esse
1386 1897 1724 1964 pronuntiat.
1759 1896 1855 1952 Hic
1877 1909 2056 1954 autem

483 1996 550 2036 eo
585 1997 757 2049 usque
785 1981 1054 2036 insaniam
1088 1992 1390 2052 promovet,
1415 1994 1475 2040 ut
1504 1987 1781 2042 Christum
1814 2005 1922 2044 non
1946 2006 2060 2044 am-

485 2072 674 2143 plioris
721 2088 883 2142 quam
933 2073 1230 2138 hominem,
1284 2076 1376 2145 qui
1422 2078 1628 2148 angelis
1677 2079 1904 2135 inferior
1953 2092 2058 2146 est,

484 2165 768 2234 dignitatis
794 2182 915 2223 esse
952 2166 1184 2235 judicet,
1237 2167 1467 2239 ejusque
1505 2181 1756 2224 naturam
1803 2188 2056 2230 carneam

483 2271 606 2310 esse
631 2255 873 2310 deﬁniat.
903 2256 1119 2322 Quanto
1151 2267 1332 2312 autem
1363 2260 1712 2328 praestantior
1742 2270 1826 2318 est
1857 2279 2059 2335 corpo-

483 2345 640 2400 ribus
701 2347 1027 2417 ineorporea
1084 2356 1305 2412 natura,
1373 2357 1525 2406 tanto
1584 2353 1766 2409 minus
1821 2356 2059 2412 absurda

483 2435 816 2506 Apollinaris
845 2454 1030 2494 errore
1058 2448 1140 2495 est
1162 2441 1278 2495 Arii
1303 2441 1571 2513 impietas.
1607 2445 1867 2512 Quisnam
1896 2449 2061 2520 igitur

483 2538 589 2594 est,
632 2529 725 2598 qui
766 2529 893 2584 dum
944 2531 1343 2588 lncarnationis
1371 2551 1436 2589 ex
1470 2535 1686 2608 Virgine
1735 2542 2057 2610 mysterium

485 2621 729 2689 exponit,
788 2621 910 2676 ﬁdei
965 2624 1145 2692 specie
1198 2624 1431 2682 inﬁdelis
1490 2631 1756 2698 apparet?
1803 2630 2056 2688 Omnium

487 2719 672 2766 autem
701 2713 876 2768 oculis
897 2725 1138 2769 nostram
1164 2715 1343 2782 ﬁdem,
1373 2719 1440 2773 ab
1463 2719 1773 2790 Apollinare
1800 2724 2058 2793 derisam,

485 2802 710 2873 ejusque
747 2805 1093 2874 opinamenta
1147 2807 1455 2877 subjiciam.
1499 2810 1608 2867 Nos
1651 2814 1794 2867 enim
1827 2814 2059 2872 dicimus

486 2889 654 2947 Deum
682 2908 804 2947 cum
845 2910 944 2949 sua
989 2897 1298 2952 substantia
1337 2901 1577 2956 materiae
1608 2918 1823 2973 expers,
1870 2906 2060 2962 invisi-

483 2977 626 3046 bilis,
664 2996 717 3039 et
749 2986 1104 3056 incorporeus
1130 2989 1380 3054 exsistat,
1413 2992 1642 3064 benigna
1674 2995 1905 3064 quadam
1931 3013 2058 3068 erga

485 3075 736 3134 homines
781 3079 1207 3151 dispensatione,
1243 3095 1496 3155 vergente
1525 3087 1591 3139 ad
1627 3091 2054 3144 consummatio-

491 975 645 1026 livere

2166 605 2448 673 γυναικὸς
2499 603 2765 671 τεχθέντι
2817 601 2958 669 Θεῷ,
3015 605 3114 658 καὶ
3153 605 3549 673 σταυρωθέντι
3589 609 3739 674 πρὸς

2178 695 2488 760 Ἰουδαίων,
2507 696 2718 765 ὁμοίως
2731 696 2984 762 ἐκείνοις
2994 697 3459 766 ἐπαισχύνονται
3477 699 3494 769 (
3511 698 3626 771 [92]
3646 700 3738 753 διὸ

2165 785 2462 852 καὶαὺτὸς
2491 786 3038 856 ἐπαισχυνθήσεται
3087 789 3351 859 αὐτούς).
3403 789 3476 843 Τὸ
3527 792 3624 861 μὲν
3644 789 3738 845 οὖν

2165 879 2323 949 ἀραῖς
2355 878 2499 930 κατὰ
2543 878 2651 930 τῶν
2700 878 3030 932 ὑπεναντίων
3055 880 3310 951 χρῆσθαι,
3344 880 3427 944 τίς
3469 882 3572 935 οὐκ
3599 878 3739 937 οἶδεν

2165 971 2248 1024 ὅτι
2293 965 2400 1019 τῶν
2433 967 2755 1024 ἀτονούντων
2781 971 2896 1027 ἐστὶ
2915 973 3044 1043 περὶ
3070 971 3108 1026 ἃ
3141 970 3533 1035 σπουδάζουσιν
3568 973 3735 1040 ῐδιον;

2177 1062 2367 1133 Ἡμεῖς
2395 1063 2451 1116 δὲ
2478 1061 2728 1116 τοσοῦτόν
2767 1079 2966 1134 φαμεν,
2995 1065 3075 1116 ὃτι
3108 1063 3202 1116 δύο
3234 1065 3608 1137 προκειμένων
3638 1065 3729 1136 βα-

2168 1156 2400 1228 ράθρων,
2437 1156 2587 1210 ἔνθεν
2619 1157 2714 1227 μὲν
2742 1156 2835 1209 τοῦ
2865 1156 3005 1210 κατὰ
3045 1157 3136 1210 τὸν
3173 1158 3570 1230 Ἀπολινάριον,
3613 1160 3738 1213 ἑτέ..

2168 1248 2341 1319 ρωθεν
2371 1247 2426 1300 δὲ
2447 1247 2539 1299 τοῦ
2587 1247 2727 1300 κατὰ
2759 1247 2852 1300 τὸν
2884 1248 3102 1318 Ἀρειον
3141 1247 3455 1318 πτώματος,
3488 1245 3605 1303 ἴσον
3636 1252 3738 1320 μὲν

2163 1339 2283 1394 καθ’
2343 1339 2528 1410 ἓτερον
2581 1339 2689 1408 (95)
2747 1343 2860 1401 τοῖς
2897 1338 3342 1395 ,καταπίπτουσίν
3366 1343 3479 1394 ἐστι
3511 1342 3573 1394 τὸ
3609 1343 3726 1395 σύνο

2161 1441 2374 1495 ’τριμμα
2397 1441 2409 1454 °
2435 1425 2573 1496 πλὴν
2607 1426 2664 1480 ἐν
2694 1426 2876 1480 κακῶν
2907 1425 3125 1498 ἐκλογῇ,
3161 1429 3484 1499 κουφότερον
3506 1430 3649 1484 δοκεῖ
3674 1431 3738 1485 τὸ

2163 1519 2302 1573 κατὰ
2327 1519 2419 1572 τὸν
2439 1520 2653 1588 Ἀρειον
2681 1519 2921 1591 κλάσμα.
2969 1521 3291 1593 Ἀμφότεροι
3340 1524 3435 1592 μὲν
3462 1523 3569 1594 γὰρ
3598 1525 3735 1596 πρὸς

2161 1611 2223 1664 τὸ
2253 1611 2633 1682 ταπεινότερον
2659 1612 2758 1682 τὴν
2791 1613 3066 1684 ἀκήρατον
3101 1613 3195 1667 τοῦ
3220 1615 3553 1683 Μονογενοῦς
3579 1616 3734 1684 φύσιν

2163 1703 2550 1757 καθέλκουσινο
2598 1705 2714 1757 ἀλλ’
2744 1707 2772 1758 ὁ
2803 1706 2899 1775 μὲν
2923 1707 3140 1778 Ἀρειος
3192 1709 3255 1778 τῇ
3307 1709 3580 1779 ἀσωμάτῳ
3627 1709 3732 1761 τῶν

2162 1793 2406 1861 ἀγγέλων
2452 1795 2610 1863 φύσει
2664 1798 3001 1866 προσοικειοῖ
3037 1796 3128 1850 τὸν
3179 1796 3289 1850 τῶν
3359 1797 3605 1865 ἀῩγὲλων
3637 1801 3733 1850 Δε-

2163 1886 2366 1956 σπότην
2386 1925 2402 1951 ,
2427 1886 2568 1940 κατὰ
2594 1887 2655 1939 τὸ
2685 1884 2801 1941 ἴσον
2835 1887 3185 1941 ἐλαττοῦσθαι
3217 1889 3315 1959 τῆς
3346 1888 3439 1942 τοῦ
3480 1890 3730 1943 ἀκτίστου

2162 1979 2395 2050 φύσεως,
2449 1979 2545 2033 καὶ
2602 1981 2788 2032 τοῦτον
2841 1979 3128 2044 κάκείνους
3175 1979 3265 2034 διὰ
3314 1981 3543 2044 κτίσεως
3597 1977 3731 2034 εἶναι

2160 2071 2600 2141 ἀποφηνάμενος.
2629 2064 2796 2134 Οὗτος
2841 2071 2950 2140 (94)
2983 2070 3040 2124 δὲ
3075 2071 3324 2125 τοσοῦτον
3352 2073 3609 2125 ἐπιτείνει
3634 2073 3730 2140 τὴν

2158 2162 2412 2224 ἀτοπίαν,
2441 2161 2580 2214 ὥστε
2610 2162 2704 2214 καὶ
2721 2161 2992 2233 ἀνθρώπῳ
3015 2163 3094 2232 τῷ
3123 2165 3263 2236 παρ’
3293 2163 3550 2232 ἀγγέλους
3581 2163 3734 2216 ἐλατ-

2156 2251 2402 2322 τουμένῳ
2448 2252 2653 2323 κρίνειν
2704 2253 2985 2323 ὁμότιμον,
3044 2254 3138 2306 καὶ
3184 2254 3432 2326 σαρκώδη
3475 2251 3733 2326 εἶναιτὴν

2158 2344 2319 2414 φύσιν
2381 2345 2545 2397 αὑτοῦ
2598 2345 2948 2416 διορίζεσθαι.
2994 2346 3141 2415 ’Όσῳ
3189 2346 3245 2398 δὲ
3313 2347 3574 2418 κρείττων
3626 2347 3735 2399 τῶν

2159 2437 2425 2507 σωμάτων
2452 2438 2485 2506 ἡ
2512 2435 2799 2506 ἀσώματος
2828 2437 3008 2505 φύσις,
3038 2435 3337 2507 τοσοῦτονή
3357 2437 3496 2490 κατὰ
3519 2438 3734 2509 Ἀρειον

2156 2525 2381 2579 ἀσέϐεια
2443 2526 2544 2595 τῆς
2589 2525 2966 2596 Ἀπολιναρίου
2998 2526 3210 2597 πλάνης
3249 2527 3604 2598 αἱρετωτέρα.
3633 2528 3731 2590 Τίς

2156 2609 2248 2667 οὖν
2281 2616 2336 2666 ἐν
2377 2615 2614 2685 σχήματι
2654 2615 2886 2679 πίστεως
2912 2616 3157 2680 ἄπιστος,
3195 2616 3507 2687 ἑρμηνεύων
3541 2617 3736 2688 (95)τὺ

2157 2707 2222 2757 ἐκ
2250 2704 2350 2774 τῆς
2378 2705 2650 2776 Παρθένου
2676 2707 2971 2776 μυστήριον
2994 2723 3008 2772 ;
3039 2707 3301 2777 Προθήσω
3327 2707 3434 2776 γὰρ
3465 2707 3542 2777 τῷ
3573 2707 3735 2776 κοινῷ

2157 2799 2256 2867 τήν
2282 2814 2341 2850 τε
2377 2798 2810 2868 κωμῳδουμένην
2858 2799 3014 2869 ἡμῶν
3064 2801 3217 2870 παρὰ
3261 2799 3353 2852 τοῦ
3396 2800 3732 2871 λογογράφου

2158 2888 2358 2953 πίστιν,
2389 2891 2484 2942 καὶ¹
2509 2890 2606 2961 τὴν
2630 2890 2837 2942 ἐκείνου
2873 2891 3159 2960 ὑπόληψιν.
3187 2891 3378 2961 Ἡμεῖς
3408 2892 3516 2962 γάρ
3533 2909 3729 2962 φαμεν,

2155 2981 2238 3034 ὃτι
2288 2981 2446 3045 ἄῦλός
2501 2998 2561 3033 τε
2610 2982 2706 3033 καὶ⁸
2751 2981 2931 3051 ἀειδὴς
2965 2983 3058 3033 καὶ
3081 2980 3366 3052 ἀσώματος
3396 2983 3514 3035 κατ’
3548 2981 3734 3034 οὐσίαν

2155 3073 2285 3135 Θεὸς
2316 3073 2426 3143 (96)
2450 3072 2546 3136 ὢν,
2599 3073 2877 3144 οἰκονομίᾳ
2915 3074 3021 3127 τινὶ
3059 3073 3421 3146 φιλανθρώπῳ
3471 3075 3606 3146 πρὸς
3653 3075 3732 3146 τῷ

485 3185 608 3224 nem
662 3173 883 3239 saculo,
925 3175 1129 3228 malitia
1174 3175 1286 3245 jam
1343 3176 1411 3230 ad
1450 3193 1722 3233 summum
1775 3191 2049 3250 provecta,

2159 3165 2301 3219 τέλει
2321 3165 2420 3234 τῆς
2441 3165 2532 3217 τοῦ
2561 3164 2760 3228 παντὸς
2795 3165 3258 3236 συμπληρώσεως,
3280 3166 3379 3236 ἤδη
3409 3165 3506 3236 τῆς
3533 3168 3732 3232 κακίας

485 3266 617 3314 tunc
649 3261 717 3315 ad
749 3274 1030 3334 peccatum
1057 3267 1342 3324 delendum
1367 3285 1490 3324 cum
1521 3271 1756 3326 humana
1792 3282 2059 3344 tempera-

485 3361 601 3408 tum
635 3354 806 3412 fuisse
828 3366 1051 3425 natura,
1081 3361 1539 3430 quemadmodum
1573 3365 1618 3419 si
1655 3366 1778 3435 quis
1804 3368 1971 3422 solem
2002 3368 2057 3422 in

485 3447 831 3501 tenebrosam
881 3449 1191 3517 speluncam
1246 3452 1524 3508 induceret
1568 3462 1622 3510 et
1657 3456 1878 3512 luminis
1919 3473 2056 3528 prae-

485 3535 662 3588 sentia
708 3536 962 3591 tenebras
990 3537 1297 3607 dissiparet.
1344 3541 1569 3597 Nostras
1597 3547 1740 3599 enim
1772 3549 1962 3603 sordes
2003 3549 2054 3601 in

486 3622 777 3692 semetipso
822 3639 1130 3690 assumens,
1171 3643 1359 3682 earum
1399 3632 1681 3698 spurcitiis
1732 3650 1840 3688 non
1877 3636 2057 3706 inqui-

484 3718 684 3778 natur;
724 3713 819 3769 sed
863 3715 917 3768 in
953 3731 1012 3770 se
1042 3717 1160 3786 ipso
1207 3718 1400 3776 sordes
1443 3722 1715 3791 puriﬁcat.
1739 3724 1857 3778 Lua;
1895 3729 2054 3793 enim,

485 3801 682 3873 inquit,
708 3807 762 3858 in
787 3806 1008 3862 tenebris
1040 3809 1198 3874 luxit,
1225 3820 1275 3865 et
1304 3813 1529 3870 tenebris
1551 3833 1670 3870 eam
1697 3835 1801 3873 non
1825 3837 2058 3890 compre-

482 3891 863 3949 henderunt“.
902 3896 958 3950 id
1003 3899 1148 3967 quod
1176 3907 1231 3953 et
1278 3900 1332 3955 in
1378 3905 1626 3959 medendi
1669 3916 1783 3964 arte
1823 3913 2053 3977 accidit;

483 3983 752 4054 siquidem
785 3987 1068 4043 curatione
1105 3991 1297 4046 morbo
1326 3992 1589 4062 adhibita,
1623 3999 1886 4067 aegritudo
1932 4016 2057 4055 eva—

483 4077 680 4143 nescit,
742 4093 850 4132 non
899 4079 954 4133 in
1004 4080 1271 4136 medicam
1319 4091 1490 4139 artem
1535 4087 1883 4143 transfertur.
1930 4088 2056 4146 Haec

484 4176 674 4223 nostra
730 4171 998 4225 sententia
1035 4182 1140 4227 est.
1197 4174 1268 4226 At
1322 4175 1424 4231 iste
1466 4193 1722 4233 earneum
1778 4180 1849 4235 ab
1897 4181 2054 4237 initio

483 4257 650 4314 Deum
686 4276 809 4316 esse
850 4263 947 4329 ait,
988 4272 1152 4334 atque
1192 4267 1266 4321 ita
1297 4283 1500 4338 corpus
1531 4271 1747 4327 visibile
1774 4281 1829 4328 et
1870 4276 2054 4345 palpa-

480 4351 611 4417 bile,
634 4353 780 4421 quod
812 4352 864 4406 in
895 4354 1100 4410 ultimis
1131 4355 1327 4414 diebus
1350 4373 1417 4412 ex
1450 4361 1677 4417 muliere
1701 4364 1942 4432 genitum
1971 4376 2053 4422 est

480 4450 536 4499 et
577 4442 836 4513 paulatim
875 4443 1033 4499 factis
1063 4445 1300 4502 humano
1337 4448 1596 4506 alimento
1643 4455 2050 4513 accessionibus

479 4531 671 4598 crevit,
707 4546 815 4585 non
851 4533 996 4587 aliud
1025 4550 1146 4590 esse
1191 4547 1343 4607 putat
1383 4557 1545 4611 quam
1589 4545 1720 4601 illud
1752 4550 1896 4618 quod
1927 4564 2051 4609 ante

480 4633 663 4680 creata
689 4633 884 4680 cuncta
908 4627 1227 4695 exsistebat,
1257 4634 1399 4700 quod
1421 4634 1691 4692 hominem
1718 4650 2051 4716 caeterasque

479 4728 568 4769 res
597 4723 704 4768 tam
751 4716 996 4772 visibiles
1034 4733 1195 4788 quam
1249 4720 1551 4780 invisibiles
1585 4729 1848 4795 condidit,
1907 4739 2049 4805 quod

478 4811 532 4858 et
558 4803 1002 4876 defatigationem
1035 4809 1202 4862 sentit
1245 4819 1298 4864 et
1327 4813 1382 4866 in
1412 4815 1578 4868 animi
1608 4820 1829 4874 tristitia
1857 4803 2049 4882 mortis

476 4896 911 4964 experimentum
935 4900 1099 4980 capit.
1123 4899 1319 4958 Nescio
1336 4912 1514 4960 autem
1533 4913 1804 4978 quomodo
1831 4917 2047 4986 sapiens

478 4982 602 5049 iste,
633 4998 756 5038 cum
804 4989 1026 5052 coelum,
1063 4997 1211 5044 terra
1240 5003 1545 5065 cunctaque
1593 5000 1696 5054 alia
1729 4982 2047 5062 admiranda

478 5073 533 5128 in
572 5089 758 5130 rerum
787 5081 1063 5135 creatione
1097 5083 1317 5138 condita
1363 5095 1511 5152 sunt,
1543 5089 1676 5146 nihil
1711 5093 1912 5152 laboris
1949 5113 2045 5153 eo-

477 5181 603 5221 rum
621 5166 882 5225 factorem
905 5173 1144 5231 subiisse
1170 5183 1421 5248 testetur,
1446 5197 1568 5236 cum
1597 5193 1776 5242 autem
1806 5204 1836 5244 e
1855 5188 2041 5247 Judaea

545 5319 589 5351 '”
612 5318 770 5376 Joan.
803 5339 842 5388 ι,
871 5325 925 5380 5.

547 5451 658 5527 (9g)
682 5454 813 5527 Quae
842 5457 1203 5514 semieirculis
1227 5459 1580 5520 includuntur
1605 5481 1746 5524 corr.
1779 5471 1902 5527 add.

547 5524 662 5600 (ξᾷ)
691 5524 850 5600 gorr.
881 5527 1003 5600 καθ’
1032 5529 1314 5600 ἑκάτερον.

547 5591 658 5662 (94)
685 5592 839 5649 Corr.
865 5597 1063 5652 οὑτοσί.

693 5664 847 5744 ςξοινιν.
880 5667 1037 5744 οπεος-
1057 5670 1394 5744 ἑρμηνεύων.

573 5732 663 5803 96)
695 5733 851 5789 Corr.
878 5738 907 5789 ὁ
938 5732 1091 5803 Θεός.

571 5801 661 5876 97)
694 5806 848 5862 Carr.
887 5805 1021 5877 πρὸς
1050 5801 1128 5864 τό.

2160 3255 2238 3316 είς
2271 3254 2330 3306 τὸ
2360 3254 2468 3322 (9'7)
2502 3255 2799 3323 ἀκρότατον
2821 3253 3168 3324 αὐξηθείσης,
3195 3256 3314 3308 τότε
3351 3258 3442 3308 ἐπὶ
3474 3257 3729 3329 καθαιρέ-

2163 3364 2242 3400 σει
2273 3349 2368 3417 τῆς
2399 3348 2688 3418 ἁμαρτίας,
2706 3349 2771 3417 τῇ
2798 3347 3111 3420 ἀνθρωπίνῃ
3127 3353 3518 3417 κατακιρνᾱται
3548 3351 3728 3418 φύσει,

2159 3435 2268 3492 οἷόν
2290 3458 2372 3503 τις
2403 3440 2552 3508 ἥλιος
2586 3441 2641 3491 ἐν
2665 3439 2924 3510 γνοφώδει
2949 3440 3058 3510 (98)
3093 3441 3338 3512 σπηλαίῳ
3374 3443 3730 3514 εἰσοικιζόμε-

2159 3549 2268 3596 νος,
2310 3533 2404 3584 καὶ
2444 3531 2529 3584 διὰ
2562 3531 2654 3584 τοῦ
2695 3532 2868 3600 φωτὸς
2911 3532 3244 3601 ἐξαφανίζων
3271 3536 3333 3604 τῇ
3367 3537 3633 3606 παρουσία
3670 3537 3730 3588 τὸ

2161 3626 2367 3689 σκότος.
2419 3627 2523 3678 Τὸν
2555 3625 2662 3698 γὰρ
2701 3626 2965 3698 ἡμέτερον
3002 3627 3169 3697 ῥύπον
3197 3631 3275 3691 είς
3311 3630 3503 3682 ἑαυτὸν
3534 3630 3732 3683 ἀναλα-

2159 3717 2288 3783 ϐὼν,
2318 3720 2416 3772 οὐκ
2459 3718 2620 3780 αὐτὸς
2670 3719 3030 3789 ἐμμολύνεται
3077 3720 3152 3790 τῷ
3191 3721 3495 3792 μιάσματι·
3524 3722 3637 3775 ἀλλ’
3671 3725 3730 3780 ἐν

2157 3809 2333 3880 ἐαυτῷ
2369 3811 2650 3881 καθαρίζει
2679 3811 2770 3864 τὸν
2802 3811 2971 3882 ῥύπον
2991 3827 3004 3840 ο
3042 3813 3109 3865 Τὸ
3133 3813 3242 3882 γὰρ
3268 3813 3416 3883 φῶς,
3445 3816 3626 3885 φησὶν,
3660 3816 3730 3868 ἐν

2155 3902 2231 3970 τῇ
2254 3904 2469 3970 σκοτίᾳ
2510 3904 2802 3972 ἔλαμψεν.
2855 3905 2919 3958 Ἠ
2963 3903 3031 3957 δὲ
3062 3907 3274 3959 σκοτία
3307 3907 3452 3961 αὐτὸ
3483 3910 3553 3961 οὐ
3586 3925 3728 3961 κατ-

2155 3993 2389 4048 έλαϐεν.
2415 3995 2623 4066 Ὥσπερ
2651 3997 2743 4048 καὶ
2768 3996 2860 4048 ἐπὶ
2883 3996 2982 4066 τῆς
3028 3996 3270 4066 ἰατρείας
3317 3998 3541 4066 γίνεται.
3597 4001 3727 4052 Ἐπ-

2158 4086 2419 4157 αχθείσης
2439 4088 2549 4158 γὰρ
2571 4086 2648 4156 τῷ
2673 4089 2936 4158 νοσήματι
2962 4087 3054 4157 τῆς
3074 4088 3288 4152 ἰάσεως,
3319 4091 3398 4152 είς
3423 4090 3726 4158 ἀφανισμὸν

2158 4181 2464 4250 μεταχωρεῖ
2491 4178 2551 4231 τὸ
2589 4177 2946 4251 ἀρρώστημα,
2987 4181 3086 4231 οὐκ
3125 4181 3205 4242 είς
3236 4180 3335 4249 τὴν
3377 4179 3722 4250 ίατρικὴντέ-

2154 4287 2285 4340 χνην
2317 4269 2774 4340 ἀντιμεθίσταται.
2806 4267 2973 4334 Οὗτος
3001 4273 3030 4323 ὁ
3067 4272 3330 4342 ἡμέτερος
3362 4272 3537 4339 λόγος.
3581 4273 3636 4326 Ὀ
3665 4273 3724 4328 δέ

2156 4381 2338 4434 φησιν,
2373 4363 2634 4435 ἕνσαρκον
2663 4361 2801 4417 εἶναι
2825 4364 2885 4417 τὸ
2914 4363 3192 4435 καταρχὰς
3220 4364 3432 4433 (99)τὸν
3448 4365 3598 4429 Θεὸν,
3631 4366 3726 4420 καὶ

2153 4453 2327 4518 οὕτως
2359 4455 2445 4508 ἐπ’
2470 4455 2710 4526 ἐσχάτων
2731 4453 2953 4527 ἡμερῶν
2969 4455 3030 4508 τὸ
3056 4455 3242 4526 τεχθὲν
3261 4457 3430 4510 ἐκεῖνο
3452 4456 3511 4509 τὸ
3531 4456 3724 4528 ὁρατὸν

2081 4531 2126 4588 D
2155 4548 2249 4602 καὶ
2279 4547 2594 4620 ψηλαφητὸν
2627 4548 2802 4619 σῶμα,
2827 4549 2887 4601 τὸ
2905 4548 2992 4601 διὰ
3017 4547 3117 4618 τῆς
3149 4548 3494 4620 ἀνθρωπίνης
3517 4549 3725 4620 τροφῆς

2149 4643 2270 4704 ταῖς
2322 4641 2441 4694 κατ’
2497 4642 2675 4710 ὀλίγον
2731 4641 3062 4713 προσθήκαις
3109 4641 3503 4713 αὐξανόμενον,
3549 4643 3726 4695 ἐκεῖνο

2150 4731 2288 4789 εἶναι
2309 4733 2337 4786 ὃ
2373 4733 2478 4804 πρὸ
2509 4735 2617 4788 τῶν
2675 4734 2841 4787 ὄντων
2884 4734 3139 4787 ἁπάντων
3161 4730 3249 4805 ἦν,
3285 4733 3313 4786 ὃ
3348 4733 3439 4786 καὶ
3478 4732 3603 4796 τοὺς
3631 4735 3724 4786 ἀν-

2151 4827 2399 4897 θρώπους
2456 4826 2697 4895 ἐποίησε.
2743 4828 2838 4880 καὶ
2889 4829 3066 4880 πᾶσαν
3092 4826 3269 4880 κτίσιν
3296 4828 3496 4898 ὁρατήν
3527 4845 3587 4880 τε
3629 4828 3723 4880 καὶ

2151 4918 2400 4988 ἀόρατον,
2423 4917 2452 4970 ὃ
2479 4917 2679 4971 καὶτοῦ
2707 4918 2874 4971 κόπου
2902 4917 3216 4972 αἰσθάνεται
3246 4919 3338 4972 καὶ
3370 4921 3428 4972 ἐν
3454 4919 3725 4991 ἀδημονία

2154 5009 2378 5064 θανάτου
2407 5009 2619 5081 δέχεται
2650 5012 2862 5080 πεῖραν.
2905 5010 3019 5063 Ούκ
3063 5005 3176 5064 οἶδα
3209 5011 3325 5074 πῶς
3355 5013 3382 5064 ὁ
3414 5011 3593 5082 σοφὸς,
3633 5013 3723 5066 ὅτε

2156 5103 2253 5175 μὲν
2277 5104 2325 5156 oi
2383 5102 2621 5173 οὐρανοὶ,
2665 5102 2753 5154 καὶ
2778 5102 2810 5172 ἡ
2846 5101 2939 5172 γῆ,
2967 5102 3060 5154 καὶ
3089 5103 3264 5157 πάντα
3284 5102 3353 5157 τὰ
3377 5105 3434 5157 ἐν
3459 5106 3524 5174 τῇ
3547 5105 3721 5157 κτίσει

2150 5193 2434 5248 συνίστατο
2455 5192 2724 5263 θαύματα,
2756 5191 2922 5246 κόπον
2956 5192 3143 5248 οὐδένα
3183 5197 3619 5266 προσμαρτυρῶν
3643 5195 3722 5267 τῷ

2219 5475 2330 5544 (98)
2365 5476 2419 5528 In
2441 5475 2560 5529 Vat.
2608 5477 2745 5554 cod._
2773 5475 3047 5554 (ξιξτιιωοῖόν
3099 5501 3184 5554 τις
3223 5484 3371 5553 ἥλιον
3432 5488 3716 5554 γνοφώδει.

2146 5546 2302 5623 (Sorr.
2342 5555 2521 5623 autem
2558 5551 2865 5623 emendavit
2886 5550 3034 5619 ἥλιος
3059 5554 3116 5605 ἐν
3143 5546 3391 5623 ζοφώδει,
3422 5546 3475 5610 et
3495 5546 3552 5611 in.
3577 5577 3716 5610 mar-

2147 5618 2270 5699 gine
2308 5615 2494 5670 eadem
2522 5619 2694 5696 .veteri
2728 5615 3301 5699 manusimibiturfp.
3350 5615 3444 5681 καὶ
3500 5627 3715 5699 λύχνος,

2148 5695 2206 5768 ut
2239 5701 2449 5766 'sensus
2489 5687 2579 5751 sit,
2623 5698 2726 5742 tam
2772 5692 2922 5760 ἥλιος
2969 5709 3131 5762 quam
3181 5687 3371 5768 λύχνος
3409 5715 3476 5754 eo
3507 5687 3720 5754 innloc'o

2150 5757 2250 5820 legi
2284 5772 2464 5822 posse.

2218 5829 2328 5897 (99)
2352 5829 2505 5882 Corr.
2543 5823 2677 5883 εἷναί
2702 5847 2753 5882 τε
2771 5833 3066 5904 καταρχὰς.
