4120 6394
379 389 512 445 H8!

1567 389 1888 449 ADVERSU
1901 391 1939 448 S
1966 391 2480 448 APOLLINABEM.

3492 401 3628 456 H82

377 504 684 574 ποιήσαντι,
740 501 827 555 τνα
872 500 930 554 δὲ
959 501 1140 574 διέλθῃ
1167 501 1274 556 ἀπὸ
1299 503 1400 574 τῆς
1446 504 1704 571 Ἰουδαίας
1736 509 1829 561 ἐπὶ
1855 507 1955 580 τὴν

2071 525 2112 562 ιι
2138 507 2412 563 Galilaeam
2453 509 2571 574 ivit,
2616 500 2793 579 ipsum
2825 509 2882 564 in
2919 509 3108 566 labore
3148 510 3320 568 fuisse
3347 513 3534 582 dicat;
3573 523 3629 570 et

377 593 686 659 Γαλιλαίαν,
721 593 778 644 ὲν
800 592 954 663 κόπῳ
978 591 1137 645 αὐτὸν
1160 593 1481 663 γεγενῆσθαι
1508 595 1679 664 λέγων
1701 613 1714 626 ·
1733 597 1955 660 καὶτοῖς

383 686 479 755 μὲν
550 685 910 754 Ἰσραηλίταις
967 685 1220 756 στρέφειν
1261 685 1358 756 τὴν
1410 687 1614 758 πέτραν
1647 691 1726 752 εις
1764 687 1956 758 λίμνας

379 776 608 842 ὑδάτων,
642 778 802 830 αὑτὸν
839 776 894 828 δὲ
923 779 1065 828 πιεῖν
1094 779 1262 830 αἰτεῖν
1292 779 1444 848 παρὰ
1479 780 1736 846 γυναικὸς
1767 781 1955 849 Σαμα-

386 869 612 939 ρείτιδος
639 886 652 899 ⁸
703 869 798 922 καὶ
850 869 908 922 ἐν
961 869 1368 939 τεσσαράκοντα
1413 869 1558 923 ἔτεσι
1602 872 1676 943 μὴ
1706 871 1952 942 κάμνειν,

381 960 665 1024 τοσαύταις
698 961 922 1032 μυριάσι
970 959 1068 1031 τὴν
1116 961 1372 1030 οὐρανίαν
1401 962 1608 1033 τροφὴν
1650 963 1953 1032 ἐπιχέοντα,

383 1052 543 1105 αὑτὸν
597 1051 653 1104 δὲ
705 1050 841 1122 πρὸς
879 1051 978 1121 τὴν
1014 1051 1184 1120 συκῆν
1209 1051 1436 1121 δραμεῖν
1467 1051 1640 1104 ἑλπίδι
1681 1051 1954 1123 βρώσεως,

380 1142 479 1214 τῆς
525 1141 598 1212 μὴ
658 1139 842 1210 οῦσης.
874 1141 1138 1212 Τοιαύτης
1171 1139 1338 1211 οῦσης
1382 1143 1515 1214 παρ’
1557 1145 1837 1214 ἑκατέροις
1859 1146 1959 1215 τῆς

380 1233 476 1286 τοῦ
525 1233 793 1302 δόγματος
845 1232 1185 1303 ὑπολήψεως,
1217 1235 1245 1284 6
1284 1233 1502 1297 συνετὸς
1559 1236 1834 1306 ἀκροατὴς
1873 1237 1959 1306 ἐφ’

383 1322 576 1378 ἑαυτοῦ
604 1323 834 1393 κρινέτω
856 1321 939 1385 τίς
971 1326 1000 1376 6
1031 1324 1268 1394 σχήματι
1303 1323 1537 1387 πίστεως
1565 1324 1814 1389 ἄπιστος.

466 1479 627 1533 Ἀλλά
647 1496 776 1550 φησι
796 1479 978 1546 λέγειν
1002 1479 1147 1550 ἡμᾶς
1174 1479 1254 1533 ὄτι
1277 1481 1305 1532 ὀ
1327 1481 1656 1551 σταυρωθεὶς
1675 1484 1824 1538 οὐδὲν
1847 1479 1960 1554 εἷχε

385 1571 562 1625 θεῖκὸν
587 1572 643 1623 ὲν
669 1574 733 1640 τῇ
765 1570 953 1624 ἑαυτοῦ
991 1570 1166 1639 φύσει,
1210 1571 1329 1624 οὐδὲ
1360 1573 1490 1625 αὐτὸ
1518 1573 1576 1625 τὸ
1606 1562 1958 1645 κυριώτατον,

384 1663 413 1716 ὃ
445 1664 559 1714 ἐστι
612 1662 848 1732 πνεῦμα.
903 1663 1045 1732 Πρὸς
1081 1663 1136 1715 δὲ
1190 1662 1286 1734 τὴν
1310 1664 1563 1736 τοιαύτην
1603 1667 1962 1734 συκοφαντίαν

2054 597 2316 655 lsraelitis
2355 599 2574 669 quidem
2606 607 2814 669 petram
2845 600 2901 654 in
2948 611 3140 672 stagna
3185 619 3450 674 aquarum
3497 622 3630 662 con-

2053 691 2306 756 vertisse,
2342 691 2593 745 eumdem
2619 707 2749 746 vero
2779 707 2809 746 a
2841 691 3184 748 Samaritana
3217 698 3444 752 muliere
3477 713 3630 769 aqua:

2053 791 2240 852 potum
2271 784 2633 853 postulasse;
2680 791 2734 838 et
2779 787 2870 854 qui
2919 801 3012 855 per
3051 788 3409 857 quadraginta
3457 807 3628 847 annos

2055 875 2335 929 caelestem
2365 874 2549 929 cibum
2589 883 2668 929 tot
2698 876 2974 946 tantisque
3014 876 3322 933 Judazorum
3369 883 3628 952 myriadi-

2059 965 2161 1020 bus
2197 964 2554 1036 profundens,
2592 981 2703 1020 non
2737 967 3064 1037 defatigatus
3102 969 3226 1034 fuit,
3266 973 3416 1026 illum
3453 974 3630 1042 ipsum

2057 1069 2154 1125 spe
2180 1055 2309 1119 cibi,
2337 1055 2433 1126 qui
2475 1069 2584 1108 non
2617 1054 2826 1117 aderat,
2855 1055 2921 1109 ad
2952 1056 3114 1110 ﬁcum
3146 1059 3478 1112 cucurrisse.
3507 1058 3630 1112 Haec

2055 1159 2180 1199 cum
2233 1145 2305 1196 sit
2358 1143 2647 1213 utriusque
2695 1145 2867 1213 partis
2921 1144 3067 1199 circa
3119 1144 3281 1199 ﬁdem
3335 1149 3629 1210 sententia,

2056 1233 2299 1305 prudens
2345 1237 2712 1304 cordatusque
2761 1235 2978 1290 auditor
3027 1250 3213 1292 secum
3261 1238 3382 1307 ipse
3425 1237 3628 1307 judich

2058 1334 2182 1382 uter
2211 1326 2334 1382 ﬁdei
2365 1326 2546 1397 specie
2573 1326 2646 1381 sit
2672 1326 2927 1382 inﬁdelis.

2129 1480 2342 1537 XXVII.
2382 1479 2486 1537 Sed
2515 1496 2618 1537 nos
2649 1481 2918 1538 afﬁrmare
2947 1482 3022 1537 ait
3051 1497 3175 1537 eum
3204 1484 3298 1554 qui
3331 1485 3630 1542 cruciﬁxus

2061 1571 2162 1626 fuit
2212 1573 2268 1626 in
2322 1587 2422 1626 sua
2458 1572 2631 1642 ipsius
2671 1578 2868 1624 natura
2925 1572 3002 1626 nil
3052 1571 3293 1626 divinum
3347 1574 3628 1639 habuisse,

2060 1681 2161 1722 nec
2193 1665 2323 1719 illud
2373 1665 2550 1734 ipsum
2583 1665 2730 1734 quod
2769 1665 3111 1733 potissimum
3156 1675 3262 1728 est,
3298 1682 3491 1736 nempe
3519 1669 3631 1738 spi-

386 1755 674 1824 πρόχειρος
706 1756 740 1825 ὴ
770 1757 833 1807 ὲκ
869 1755 967 1824 τῆς
991 1755 1268 1826 ἀρνήσεώς
1294 1757 1438 1809 ἐστιν
1464 1756 1744 1826 ἀπολογία.
1776 1758 1962 1829 Είγὰρ

2071 1761 2253 1813 ritum.
2303 1756 2406 1812 Sed
2450 1758 2716 1813 adversus
2777 1759 2917 1811 hanc
2971 1759 3296 1812 calumniam
3344 1760 3511 1829 petita
3565 1775 3630 1813 ex

385 1845 698 1916 τὺπνεῦμα
741 1845 865 1900 νοῦν
910 1849 938 1898 6
991 1847 1361 1918 Ἀπολινάριος
1412 1849 1600 1910 οἴεται,
1655 1849 1828 1913 οὐδεὶς
1856 1848 1963 1903 τῶν

2071 1854 2349 1922 negatione
2383 1850 2632 1907 defensio
2665 1851 2721 1905 in
2769 1860 3024 1930 promptu
3067 1860 3172 1906 est.
3205 1851 3261 1906 Si
3292 1852 3436 1906 enim
3462 1852 3633 1920 Apols

385 1936 728 2007 Χριστιανῶν
759 1937 904 2004 λέγει
935 1938 1013 1990 τὸν
1040 1937 1414 2009 ἁνακραθὲντα
1441 1939 1518 2010 τῷ
1544 1939 1662 2010 Θεῴ
1682 1940 1962 2011 ἄνθρωπον

385 2028 589 2098 ἥμισυν
617 2023 774 2094 εἶναι,
804 2027 920 2082 ἀλλ’
947 2029 1065 2081 ὃλον
1093 2029 1438 2099 προσφυῆναι
1488 2031 1554 2099 τῇ
1579 2029 1697 2101 θείᾳ
1715 2030 1959 2100 δυνάμει.

388 2120 558 2172 Πᾶσιν
589 2116 680 2173 οὖν
710 2120 775 2173 ἂν
806 2120 966 2194 ἐθέλῃ
987 2137 1070 2183 τις
1097 2121 1163 2173 τὰ
1191 2121 1330 2192 μέρη
1358 2120 1450 2174 τοῦ
1479 2120 1759 2192 ἀνθρώπου
1794 2138 1963 2194 προσο

388 2211 668 2282 αγορεύειν
697 2211 941 2282 ὀνόμασι,
974 2214 1084 2267 εἴτε
1115 2213 1259 2278 νοῦν,
1295 2216 1404 2267 εἴτε
1435 2214 1673 2284 πνεῦμα,
1702 2213 1811 2266 εἴτε
1831 2231 1966 2284 καρ-

385 2301 534 2356 δίαν·
558 2302 772 2370 λέγεται
794 2303 901 2375 γὰρ
937 2304 1087 2375 παρὰ
1126 2304 1226 2374 τῆς
1252 2306 1470 2376 Γραφῆς
1501 2305 1594 2358 ἐπὶ
1629 2305 1720 2358 τοῦ
1759 2308 1966 2376 ἡγεμο-

388 2393 538 2448 νικοῦ
564 2393 632 2448 τὰ
656 2396 799 2464 τρία·
825 2396 906 2458 τὸ,
933 2395 1191 2464 Καρδίαν
1212 2397 1478 2464 καθαρὰν
1497 2397 1707 2450 κτίσον
1731 2397 1797 2450 ἐν
1815 2397 1962 2468 ἐμοὶ,

389 2489 423 2540 ό
443 2487 588 2552 Θεός
608 2503 624 2518 ο
645 2487 760 2554 καὶ,
793 2487 846 2538 Ὁ
866 2504 934 2540 νο
944 2486 1106 2555 ήμων
1127 2487 1490 2556 κινϐἐριησιν
1511 2489 1792 2554 κτήσεται
1816 2507 1828 2520 ·
1850 2491 1964 2556 καὶ,

393 2577 602 2644 Οὐδείς
619 2574 741 2632 οἶδε
765 2580 838 2632 τὰ
862 2579 966 2631 τοῦ
999 2579 1334 2648 ἀνθρώπου,
1356 2582 1408 2633 εί
1427 2579 1512 2649 μὴ
1535 2583 1596 2634 τὸ
1619 2580 1878 2651 πνεῦμα,
1903 2584 1967 2636 τὸ

533 2675 544 2692 ,
605 2671 629 2682 -
880 2668 904 2687 τ
1889 2675 1898 2688 ,

390 2673 460 2726 ἐν
479 2691 655 2738 αυτῳ.
683 2671 819 2726 Οῦτε
847 2690 940 2725 ουν
967 2673 1166 2736 ἄπνους
1190 2675 1286 2744 (1),
1312 2672 1432 2727 οὔτε
1453 2675 1630 2740 ἄνους,
1655 2673 1776 2728 οὔτε
1801 2677 1971 2746 ἀκαρ-

389 2763 501 2828 διος
567 2765 634 2834 τῇ
685 2763 990 2816 ἐπισκιάσει
1048 2762 1148 2832 τῆς
1195 2762 1288 2815 τοῦ
1355 2763 1608 2832 Ὑψίστου
1667 2762 1968 2833 δυνάμεως,

393 2856 487 2910 καὶ
512 2855 585 2925 (2)
639 2853 920 2907 ὲπελεύσει
961 2851 1054 2906 τοῦ
1099 2853 1252 2921 ἁγίου
1287 2852 1619 2924 Πνεύματος.
1666 2853 1872 2907 Οὐκοῦν
1907 2854 1970 2906 οὐ

393 2947 532 3019 πρὸς
585 2948 731 3018 ἡμᾶς
771 2945 836 2999 ἂν
888 2943 1072 3014 βλέποι
1100 2947 1133 3015 ἡ
1160 2945 1414 3016 λοιδορία,
1456 2944 1531 3009 ὡς
1564 2945 1653 2998 τὸν
1691 2944 1972 3016 ἄνθρωπον

393 3035 598 3091 ἐκεῖνον
644 3037 744 3088 οὐκ
788 3034 978 3105 ἔχοντα
1021 3036 1078 3087 ὲν
1115 3034 1294 3104 ἑαυτῷ
1342 3035 1402 3087 τὸ
1441 3033 1674 3104 πνεῦμα,
1705 3037 1732 3088 ὅ
1768 3037 1914 3087 ἐστιν
1945 3037 1973 3087 6

397 3128 540 3193 νοῦς,
571 3127 897 3197 γεγενῆσθαι
926 3127 1182 3194 λέγοντας
1205 3143 1216 3156 ·
1253 3125 1385 3180 ἀλλὰ
1412 3127 1549 3197 πρὸς
1586 3126 1743 3180 αὐτὸν
1769 3127 1972 3179 ἐκεῖνον

393 3218 485 3272 τὸν
512 3219 611 3288 τῆς
663 3216 932 3287 λοιδορίας
989 3216 1248 3287 ἐργάτην,
1276 3215 1367 3270 τὸν
1397 3218 1510 3279 τοῖς
1541 3216 1688 3280 ἰδίοις
1719 3216 1973 3268 ὀνείδεσιν

395 3313 543 3381 ἡμᾶς
574 3309 853 3380 βάλλοντα.
898 3310 956 3363 Ὀ
990 3309 1098 3380 γὰρ
1136 3309 1353 3379 πνεῦμα
1393 3309 1482 3361 τὸν
1521 3309 1644 3362 νοῦν
1675 3309 1970 3380 ὀνομάζων,

402 3403 476 3473 μὴ
508 3401 649 3472 ἔχειν
674 3401 730 3455 δὲ
751 3402 873 3454 νοῦν
906 3401 996 3453 τὸν
1029 3401 1170 3454 κατὰ
1202 3401 1435 3472 Χριστὸν
1467 3400 1746 3472 ἄνθρωπον
1779 3401 1971 3469 λέγων,

399 3494 603 3556 ὲκεῖνός
633 3495 798 3550 ἐστιν,
829 3494 856 3545 ὀ
899 3492 972 3563 μὴ
1002 3491 1144 3562 ἔχειν
1200 3491 1414 3562 πνεῦμα
1443 3491 1862 3555 κατασκευάζων
1885 3491 1975 3545 τὸν

397 3583 620 3657 Κύριον.
673 3584 832 3636 Ἀλλὰ
882 3584 934 3635 τί
976 3583 1034 3636 τὸ
1082 3585 1418 3654 ἐπαγόμενον
1471 3583 1756 3654 ἔγκλημας
1810 3583 1976 3652 Φησὶν

401 3677 602 3738 ἐκεῖνος
658 3676 858 3728 ἀδικεῖν
913 3677 1061 3745 ἡμᾶς
1107 3674 1262 3727 τοῦτο
1299 3674 1574 3741 λέγοντας,
1610 3676 1690 3728 ὅτι
1714 3674 1853 3743 ὑπὲρ
1881 3677 1977 3742 τὴν

401 3767 564 3820 αὑτοῦ
597 3768 671 3832 (5)
707 3766 867 3836 φύσιν
899 3769 928 3818 6
979 3767 1072 3820 άνο
1081 3783 1261 3838 ρωπος
1290 3766 1411 3834 ἔσχε
1461 3782 1511 3817 τι
1556 3765 1736 3835 μεῖξον
1768 3764 1975 3834 ἕτερον,

401 3859 499 3930 τὴν
535 3859 594 3911 ὲν
642 3857 791 3930 αὐτῷ
845 3858 921 3928 (4)
952 3857 1308 3910 κατοικοῦσαν
1342 3857 1586 3928 θεότητα.
1630 3858 1692 3910 Ei
1723 3856 1778 3908 δὲ
1822 3855 1979 3910 τοῦτο

401 3953 458 4004 ἦν
487 3949 795 4021 ἐγκλήμασι
833 3949 1057 4011 τίθεται,
1089 3949 1149 4001 οὐ
1201 3949 1469 4018 φεύγομεν
1498 3949 1595 4019 τὴν
1622 3947 1976 4018 κατηγορίαν,

402 4043 481 4112 τῷ
511 4041 815 4111 Ἀποστόλῳ
865 4039 1370 4110 συνεκϐαλλόμενοι.
1411 4039 1546 4111 Παρ’
1588 4039 1754 4091 αὑτοῦ
1783 4039 1892 4109 γάρ
1919 4038 1980 4091 τὸ

402 4132 638 4187 τοιοῦτον
690 4133 764 4202 (5)
799 4131 1080 4202 μαθόντες,
1130 4130 1455 4201 πιστεύομεν
1501 4131 1583 4184 ὅτι
1630 4129 1765 4182 Θεοῦ
1799 4129 1979 4200 μορφὴ

401 4225 543 4278 κατὰ
575 4224 636 4277 τὸ
685 4223 966 4294 νοούμενον
996 4223 1014 4293 (
1159 4223 1439 4294 ὑπάρχων,
1489 4225 1547 4276 ὲν
1583 4222 1768 4275 δούλου
1798 4224 1978 4292 μορφῇ

403 4315 542 4370 κατὰ
563 4315 622 4368 τὸ
646 4313 985 4384 φαινόμενον)
1011 4314 1236 4380 γίνεται.
1265 4313 1326 4365 Εἰ
1343 4313 1399 4365 δὲ
1415 4311 1783 4383 προτιμοτέρα
1808 4313 1841 4384 ἡ
1864 4312 1980 4364 θεία

406 4409 587 4480 μορφὴ
614 4408 708 4461 τοῦ
738 4406 983 4461 δουλικοῦ
1018 4406 1332 4477 προσώπου,
1356 4407 1454 4477 ούχ
1488 4408 1744 4478 ὁμότιμον
1765 4407 1981 4470 πάντως

401 4498 481 4569 τῷ
538 4497 761 4568 κρυπτῷ
805 4498 863 4550 τὸ
895 4493 1244 4566 ¹φαινόμενον.
1281 4495 1489 4550 Οὐκοῦν
1530 4495 1590 4548 τὸ
1634 4495 1773 4549 κατὰ
1799 4498 1976 4568 σάρκα
2011 4535 2052 4590 D

406 4589 754 4660 βλεπόμενον,
787 4588 881 4640 κοιλ⁵
909 4591 1020 4651 τοῖς
1045 4585 1348 4657 ἀνθρώποις
1392 4587 1971 4658 συναναστρεφόμενον,

405 4673 517 4749 εἶχέ
544 4696 596 4731 τι
625 4678 683 4729 ὲν
716 4677 890 4745 ἐαυτῷ
919 4676 1109 4729 ἑαυτοῦ
1131 4675 1470 4747 τιμιώτερον,
1498 4679 1634 4748 ὅπερ
1665 4679 1693 4729 ό
1714 4678 1978 4749 λογογρά-

405 4788 504 4841 φος
549 4769 799 4838 ἔγκλημα
843 4769 1074 4820 ποιεῖται
1109 4755 1247 4819 κατὰ
1274 4767 1372 4837 τῆς
1402 4768 1652 4830 πίστεως.
1699 4768 1856 4820 Ἀλλά
1887 4769 1981 4822 καὶ

409 4857 479 4910 ἐν
515 4867 523 4874 “
557 4859 716 4926 αὑτῴ
773 4875 934 4928 φησιν
981 4859 1009 4910 6
1049 4858 1368 4922 Ἀπόστολος
1408 4859 1705 4914 κατοικεῖν
1732 4859 1854 4913 πᾶν
1913 4861 1979 4914 τὸ

407 4952 696 5022 πλήρωμα
726 4949 831 5017 τῆς
857 4951 1130 5017 θεότητος
1169 4949 1514 5019 σωματικῶς
1533 4967 1548 4981 ο
1575 4953 1601 5004 6
1630 4951 1684 5003 δὲ
1718 4952 1787 5005 ἑν
1821 4953 1980 5018 αὐτῷ

406 5043 596 5106 εἰπὼν,
625 5044 686 5096 ού
719 5041 779 5095 τὸ
821 5043 991 5112 ἥμισυ
1012 5041 1104 5094 τοῦ
1148 5041 1474 5111 δηλουμένου
1527 5043 1813 5112 ἐσήμανεν,
1861 5043 1973 5097 ἀλλ’

405 5136 523 5188 ὅλον
544 5134 604 5186 τὸ
640 5131 996 5201 ὑποκείμενον
1045 5131 1109 5200 τῇ
1142 5131 1387 5200 σημασία
1419 5131 1866 5202 συμπεριέλαὸεν.
1912 5133 1975 5185 Εἰ

407 5225 500 5282 οῦν
534 5227 870 5300 ἀνθρώπινον
918 5223 1094 5294 σῶμα,
1145 5225 1203 5276 ὲν
1235 5216 1279 5290 ᾧ
1324 5220 1641 5292 κατῴκησεν
1690 5223 1722 5293 ή
1766 5221 1972 5291 θεότης,

412 5320 571 5390 σῶμα
597 5320 652 5372 δὲ
681 5319 780 5371 οὐκ
805 5317 1006 5384 ἄψυχον
1025 5333 1038 5346 ο
1077 5315 1205 5368 ἴδιον
1226 5314 1281 5366 δὲ
1303 5314 1402 5384 τῆς
1431 5312 1773 5382 ἀνθρωπίνης
1795 5313 1976 5383 ψυχῆς

485 5484 529 5514 ⁷¹
569 5481 712 5536 Psal.
754 5498 792 5543 ι,
831 5481 917 5534 12.
991 5479 1038 5510 ’⁸³
1071 5478 1230 5532 Prov.
1270 5493 1306 5539 ι,
1330 5477 1384 5532 5.
1459 5477 1506 5510 ⁷⁸
1536 5477 1555 5530 l
1585 5479 1711 5533 Cor.
1750 5493 1808 5540 ιι,
1846 5479 1931 5533 Η.

485 5621 560 5689 (j)
593 5619 670 5671 Ita
689 5633 856 5680 corr.,
890 5618 1027 5672 male
1047 5617 1100 5670 in
1132 5623 1279 5671 textu
1308 5612 1427 5670 Vat.
1454 5613 1577 5668 cod.
1613 5613 1829 5677 ἁπλοῦς.

488 5680 567 5754 ἱεὶ)
587 5689 758 5741 'Corr.
784 5689 876 5740 καὶ
911 5690 998 5755 τῇ.

485 5753 560 5824 (5)
592 5758 746 5812 (ἔοι-ι’,
776 5758 874 5826 τὴν
909 5753 1121 5826 ἑαυτοῦ.

484 5827 561 5901 (6)
591 5827 750 5884 Corr.
783 5825 839 5880 ἐν
871 5825 1157 5897 ἀνθρώπῳ.

2001 3197 2042 3253 C

2007 5480 2052 5511 1|

2062 1945 2251 2005 limris
2299 1943 2552 2013 spiritum
2597 1952 2832 1997 mentem
2873 1957 2994 1997 esse
3030 1951 3203 2012 putat,
3256 1943 3438 1998 nullus
3469 1942 3631 1998 Chri-

2063 2033 2365 2089 stianorum
2384 2032 2517 2085 dicit
2536 2031 2810 2086 hominem
2831 2031 2937 2086 Deo
2955 2039 3436 2101 contemperatum,
3458 2033 3630 2087 media

2064 2123 2148 2179 sui
2198 2131 2352 2193 parte
2395 2122 2670 2176 hominem
2718 2137 2858 2183 esse,
2913 2121 3007 2176 sed
3053 2124 3321 2192 integrum
3357 2122 3631 2177 hominem

2065 2215 2381 2283 adjunctum
2446 2213 2618 2268 fuisse
2678 2212 2879 2266 divina:
2934 2212 3141 2266 virtuti.
3205 2211 3634 2282 Quibuscunque

2066 2305 2232 2375 igitur
2289 2305 2412 2373 quis
2464 2302 2703 2357 hominis
2761 2311 2947 2371 partes
3001 2302 3314 2358 nominibus
3361 2304 3635 2372 appellare

2066 2395 2320 2458 voluerit,
2353 2392 2467 2448 sive
2493 2400 2750 2452 mentem,
2785 2391 2901 2447 sive
2924 2391 3197 2461 spiritum,
3230 2393 3343 2447 sive
3365 2408 3490 2458 cor;
3523 2393 3635 2446 lucc

2067 2475 2209 2539 enim
2259 2485 2362 2537 tria
2409 2482 2476 2538 de
2532 2483 2819 2554 principali
2867 2483 3103 2539 hominis
3152 2492 3307 2554 parte
3339 2484 3634 2549 dicuntur;

2071 2591 2283 2646 nempe,
2321 2575 2426 2629 Cor
2455 2575 2707 2628 mundum
2735 2589 2856 2628 crea
2875 2574 2928 2626 in
2953 2589 3056 2641 me,
3087 2574 3224 2629 Deus
3247 2576 3315 2634 τ’,
3362 2582 3436 2639 et,
3472 2575 3639 2630 Intel-

2072 2666 2238 2736 ligens
2270 2665 2627 2736 gubernacula
2669 2663 3039 2733 possidebit",
3079 2673 3152 2728 et,
3189 2663 3355 2719 Nemo
3387 2668 3485 2720 scit
3522 2683 3640 2736 quia

2070 2766 2190 2810 sunt
2224 2757 2471 2820 hominis,
2520 2755 2624 2809 nisi
2664 2755 2885 2824 spiritus
2915 2755 3004 2824 qui
3033 2755 3087 2808 in
3136 2756 3250 2823 ipso
3280 2765 3360 2810 est
3385 2757 3461 2823 τις
3491 2766 3641 2812 certe

2071 2851 2311 2918 quidem,
2347 2865 2447 2904 nec
2479 2849 2601 2904 sine
2631 2847 2850 2918 spiritu,
2882 2862 2984 2902 nec
3017 2847 3135 2904 sine
3160 2857 3360 2914 mente,
3386 2865 3486 2905 nec
3521 2851 3642 2905 sine

2073 2941 2237 2997 corde
2270 2958 2365 3012 per
2393 2940 2869 2996 obumbrationem
2915 2939 3133 2996 virtutis
3164 2941 3427 2996 Altissimi
3463 2950 3516 2996 et
3549 2957 3640 2997 su-

2076 3043 2394 3102 pcrventum
2417 3033 2655 3101 Spiritus
2680 3033 2856 3087 sancti
2885 3030 3165 3086 Christum
3197 3031 3366 3088 fuisse
3386 3032 3639 3088 dicimus.

2075 3122 2155 3177 Ad
2195 3139 2292 3178 nos
2331 3123 2514 3192 itaque
2547 3121 2856 3177 convicium
2893 3137 3002 3178 non
3027 3123 3270 3192 respicit,
3302 3138 3365 3178 ac
3390 3125 3436 3179 si
3466 3124 3640 3178 homi-

2076 3228 2200 3265 nem
2229 3212 2380 3266 illum
2409 3211 2628 3282 spiritu,
2661 3210 2765 3264 hoc
2786 3217 2872 3265 est
2895 3218 3096 3276 mente,
3123 3213 3442 3266 destitutum
3474 3213 3646 3270 tuisse

2075 3303 2416 3370 diceremus;
2455 3303 2550 3358 sed
2578 3303 2644 3357 ad
2685 3303 2836 3356 illum
2865 3305 3040 3372 ipsum
3067 3305 3298 3358 convicii
3341 3313 3642 3368 auctorem,

2076 3395 2169 3464 qui
2221 3393 2435 3464 injuriis
2483 3392 2684 3463 quibus
2741 3392 2856 3462 ipse
2891 3393 3087 3448 merito
3136 3393 3451 3450 aﬂicien‘dus
3500 3405 3647 3450 esset

2074 3500 2178 3540 nos
2225 3486 2455 3556 impetit.
2501 3483 2605 3550 Qui
2653 3483 2794 3538 enim
2837 3492 3074 3538 mentem
3123 3485 3372 3555 spiritum
3417 3500 3643 3547 vocans,

2077 3585 2310 3630 mentem
2345 3591 2453 3629 non
2497 3575 2699 3630 habere
2727 3575 3005 3630 Christum
3057 3576 3328 3631 hominem
3367 3576 3518 3638 dicit,
3557 3578 3649 3631 ille

2077 3669 2194 3738 ipse
2227 3667 2513 3720 Dominum
2563 3682 2671 3720 non
2724 3668 2924 3722 habere
2975 3668 3226 3732 spiritum
3251 3670 3502 3724 adstruit.
3541 3669 3647 3726 Sed

2077 3761 2237 3832 quale
2268 3760 2426 3815 nobis
2459 3771 2716 3828 praeterea
2750 3759 2982 3814 intendit
3021 3749 3271 3816 crimen?
3300 3765 3389 3818 Ait
3414 3764 3504 3819 ille
3544 3765 3648 3817 ini-

2077 3869 2184 3923 que
2234 3867 2393 3923 agere
2446 3866 2566 3915 nos,
2623 3851 2716 3920 qui
2767 3851 2869 3905 hoc
2913 3851 3202 3919 dicamus;
3258 3858 3450 3924 nempe
3499 3856 3646 3924 quod

2079 3953 2273 4014 praeter
2309 3957 2460 3996 suam
2495 3939 2668 4009 ipsius
2702 3948 2960 4017 naturam
2997 3941 3160 3995 homo
3199 3942 3286 3996 ille
3313 3943 3458 3997 aliud
3491 3947 3643 4014 quid-

2079 4034 2204 4088 dam
2233 4033 2411 4102 majus
2441 4031 2652 4096 habuit,
2687 4030 3018 4084 habitantem
3048 4031 3260 4088 scilicet
3286 4034 3339 4088 in
3371 4037 3489 4104 ipso
3511 4036 3651 4091 divi-

2079 4128 2323 4182 nitatem.
2359 4123 2415 4178 Si
2446 4132 2628 4178 autem
2663 4124 2765 4177 hoc
2786 4123 2945 4178 nobis
2975 4124 3188 4177 crimini
3214 4126 3392 4189 datur,
3423 4141 3651 4183 accusa-

2081 4221 2281 4272 tionem
2319 4231 2427 4269 non
2473 4214 2790 4285 refugimus,
2846 4230 2954 4270 una
2985 4230 3108 4270 cum
3140 4215 3404 4286 Apostolo
3437 4219 3645 4289 rejecti.

2079 4309 2160 4362 Ah
2191 4310 2282 4363 illo
2325 4309 2467 4363 enim
2504 4307 2634 4362 talia
2669 4307 2841 4362 edocti
2886 4307 3161 4364 credimus
3187 4308 3487 4378 Christum,
3522 4329 3647 4368 cum

2081 4401 2172 4456 Dei
2230 4399 2402 4454 forma
2462 4401 2764 4455 secundum
2818 4401 2870 4454 id
2925 4399 3067 4469 quod
3117 4411 3298 4458 mente
3353 4405 3652 4476 percipitur

2079 4502 2244 4558 esset,
2290 4493 2344 4546 in
2397 4492 2539 4547 servi
2585 4492 2754 4546 forma
2789 4495 3091 4548 secundum
3143 4495 3196 4548 id
3235 4496 3378 4565 quod
3409 4500 3649 4554 exterius

2084 4585 2380 4655 apparebat
2409 4585 2607 4640 factum
2639 4585 2829 4641 fuisse.
2867 4585 3023 4653 Quod
3066 4588 3110 4642 si
3139 4588 3319 4642 divina
3355 4587 3525 4643 forma
3556 4608 3651 4644 ex-

2079 4676 2363 4731 cellentior
2383 4684 2468 4731 est
2506 4678 2691 4731 servili
2737 4693 2994 4746 persona,
3047 4677 3292 4748 profecto
3318 4681 3463 4749 quod
3495 4693 3648 4737 exte-

2079 4767 2193 4821 rius
2228 4766 2522 4839 apparebat
2564 4782 2909 4836 nequaquam
2950 4768 3176 4836 :equalis
3218 4779 3336 4822 erat
3370 4768 3650 4838 dignitatis

2077 4872 2202 4911 cum
2240 4873 2306 4911 eo
2339 4856 2482 4926 quod
2527 4857 2674 4911 intus
2703 4856 2924 4911 latebat.
2966 4855 3120 4922 Quod
3150 4857 3314 4926 igitur
3346 4860 3650 4913 secundum

2077 4963 2296 5002 carnem
2327 4948 2787 5017 conspiciebatur,
2834 4958 2888 5003 et
2918 4964 3041 5002 cum
3078 4949 3394 5006 ho'minibus
3425 4966 3652 5006 conver-

2081 5039 2325 5105 sabatur,
2381 5039 2436 5092 in
2484 5040 2668 5109 seipso
2709 5039 2915 5108 aliquid
2963 5041 3254 5110 semetipso
3306 5044 3652 5110 praestantius

2084 5131 2293 5194 habuit,
2320 5131 2463 5201 quod
2485 5142 2662 5186 tamen
2692 5134 2929 5202 scriptor
2953 5140 3138 5185 noster
3156 5133 3362 5187 crimen
3391 5133 3651 5188 adversus

2085 5221 2241 5277 fidem
2276 5240 2398 5278 esse
2436 5224 2607 5294 ﬁngit.
2644 5224 2806 5292 Atqui
2845 5223 3010 5277 etiam
3075 5217 3129 5271 in
3171 5217 3284 5288 ipso
3314 5224 3388 5277 ait
3419 5223 3649 5292 Aposto-

2083 5315 2237 5371 lus"
2319 5317 2616 5372 inhabitare
2673 5333 2877 5372 omnem
2926 5311 3303 5386 plenitudinem
3352 5313 3645 5369 divinitatis

2081 5478 2295 5534 Coloss.
2338 5491 2400 5540 ιι,
2423 5476 2474 5531 9.

2154 5615 2230 5683 (5)
2264 5615 2335 5668 Ita
2369 5629 2541 5676 corr.,
2567 5611 2706 5667 male
2725 5619 2904 5683 antea
2933 5610 3014 5683 τῷ
3036 5611 3285 5682 τοιούτῳ.

2154 5681 2228 5751 (6)
2265 5684 2395 5750 Quae
2425 5682 2785 5740 semirirculis
2833 5681 3189 5737 includuntur
3225 5681 3409 5738 addita
3452 5692 3578 5738 sunt
3626 5697 3654 5736 a

2081 5763 2410 5811 correctore.
