  <div class='ocr_page' id='page_1' title='image "/cluster/home/n/w/nwhite01/storage/ocr_20150623/45/nnc1.0046978445/603.png"; bbox 0 0 4120 6394; ppageno 0'>
   <div class='ocr_carea' id='block_1_1' title="bbox 484 367 625 420">
    <p class='ocr_par' dir='ltr' id='par_1_1' title="bbox 484 367 625 420">
     <span class='ocr_line' id='line_1_1' title="bbox 484 367 625 420; baseline 0 0"><span class='ocrx_word' id='word_1_1' title='bbox 484 367 625 420; x_wconf 75' lang='lat'><strong>“83</strong></span> 
     </span>
    </p>
   </div>
   <div class='ocr_carea' id='block_1_2' title="bbox 1729 356 2475 417">
    <p class='ocr_par' dir='ltr' id='par_1_2' title="bbox 1729 356 2475 417">
     <span class='ocr_line' id='line_1_2' title="bbox 1729 356 2475 417; baseline -0.001 -3"><span class='ocrx_word' id='word_1_2' title='bbox 1729 360 1787 417; x_wconf 75' lang='grc'>8.</span> <span class='ocrx_word' id='word_1_3' title='bbox 1820 356 2147 415; x_wconf 65' lang='grc' dir='ltr'>ωιεσοιιιι</span> <span class='ocrx_word' id='word_1_4' title='bbox 2184 356 2475 415; x_wconf 75' lang='grc' dir='ltr'><strong>ΝΥ88ΕΝῙ</strong></span> 
     </span>
    </p>
   </div>
   <div class='ocr_carea' id='block_1_3' title="bbox 3576 352 3733 409">
    <p class='ocr_par' dir='ltr' id='par_1_3' title="bbox 3576 352 3733 409">
     <span class='ocr_line' id='line_1_3' title="bbox 3576 352 3733 409; baseline 0.013 -2"><span class='ocrx_word' id='word_1_5' title='bbox 3576 352 3733 409; x_wconf 62' lang='grc' dir='ltr'><strong>’11η</strong></span> 
     </span>
    </p>
   </div>
   <div class='ocr_carea' id='block_1_4' title="bbox 481 467 2080 554">
    <p class='ocr_par' dir='ltr' id='par_1_4' title="bbox 481 478 2056 554">
     <span class='ocr_line' id='line_1_4' title="bbox 481 478 2056 554; baseline -0.006 -14"><span class='ocrx_word' id='word_1_6' title='bbox 481 485 853 554; x_wconf 76' lang='lat' dir='ltr'><strong>corporaliter.</strong></span> <span class='ocrx_word' id='word_1_7' title='bbox 880 480 985 548; x_wconf 83' lang='lat' dir='ltr'><strong>Qui</strong></span> <span class='ocrx_word' id='word_1_8' title='bbox 1003 488 1182 535; x_wconf 85' lang='lat' dir='ltr'><strong>autem</strong></span> <span class='ocrx_word' id='word_1_9' title='bbox 1204 481 1259 536; x_wconf 90' lang='lat' dir='ltr'><strong>in</strong></span> <span class='ocrx_word' id='word_1_10' title='bbox 1295 480 1406 548; x_wconf 73' lang='lat' dir='ltr'><strong>ipso</strong></span> <span class='ocrx_word' id='word_1_11' title='bbox 1426 478 1580 543; x_wconf 89' lang='lat' dir='ltr'><strong>dicit,</strong></span> <span class='ocrx_word' id='word_1_12' title='bbox 1608 493 1719 532; x_wconf 86' lang='lat' dir='ltr'><strong>non</strong></span> <span class='ocrx_word' id='word_1_13' title='bbox 1743 478 2056 542; x_wconf 83' lang='lat' dir='ltr'><strong>dimidium,</strong></span> 
     </span>
    </p>
   </div>
   <div class='ocr_carea' id='block_1_5' title="bbox 2183 467 3735 554">
    <p class='ocr_par' dir='ltr' id='par_1_5' title="bbox 2183 467 3735 547">
     <span class='ocr_line' id='line_1_5' title="bbox 2183 467 3735 547; baseline -0.006 -16"><span class='ocrx_word' id='word_1_14' title='bbox 2183 477 2221 531; x_wconf 73' lang='grc' dir='ltr'>τὸ</span> <span class='ocrx_word' id='word_1_15' title='bbox 2235 477 2416 547; x_wconf 84' lang='grc' dir='ltr'>νοερόν</span> <span class='ocrx_word' id='word_1_16' title='bbox 2446 477 2561 529; x_wconf 79' lang='grc' dir='ltr'>ἐστι</span> <span class='ocrx_word' id='word_1_17' title='bbox 2594 473 2776 545; x_wconf 78' lang='grc' dir='ltr'>μέρος.</span> <span class='ocrx_word' id='word_1_18' title='bbox 2812 470 2876 526; x_wconf 81' lang='grc' dir='ltr'><strong>Εἰ</strong></span> <span class='ocrx_word' id='word_1_19' title='bbox 2900 472 3008 543; x_wconf 85' lang='grc' dir='ltr'>γὰρ</span> <span class='ocrx_word' id='word_1_20' title='bbox 3033 467 3194 526; x_wconf 80' lang='grc' dir='ltr'>τοῦτο</span> <span class='ocrx_word' id='word_1_21' title='bbox 3220 469 3537 541; x_wconf 76' lang='grc' dir='ltr'>χωρισθεεη,</span> <span class='ocrx_word' id='word_1_22' title='bbox 3556 471 3735 535; x_wconf 61' lang='lat' dir='ltr'><strong>muli;</strong></span> 
     </span>
    </p>
   </div>
   <div class='ocr_carea' id='block_1_6' title="bbox 481 571 2056 644">
    <p class='ocr_par' dir='ltr' id='par_1_6' title="bbox 481 571 2056 644">
     <span class='ocr_line' id='line_1_6' title="bbox 481 571 2056 644; baseline -0.003 -16"><span class='ocrx_word' id='word_1_23' title='bbox 481 573 579 628; x_wconf 81' lang='lat' dir='ltr'><strong>sed</strong></span> <span class='ocrx_word' id='word_1_24' title='bbox 610 574 879 644; x_wconf 76' lang='lat' dir='ltr'><strong>integrum</strong></span> <span class='ocrx_word' id='word_1_25' title='bbox 906 576 1211 643; x_wconf 76' lang='lat' dir='ltr'><strong>subjectum</strong></span> <span class='ocrx_word' id='word_1_26' title='bbox 1231 571 1632 642; x_wconf 80' lang='lat' dir='ltr'><strong>signiﬁcatione</strong></span> <span class='ocrx_word' id='word_1_27' title='bbox 1655 571 2056 640; x_wconf 74' lang='lat' dir='ltr'><strong>complectitur.</strong></span> 
     </span>
    </p>
   </div>
   <div class='ocr_carea' id='block_1_7' title="bbox 484 662 2062 735">
    <p class='ocr_par' dir='ltr' id='par_1_7' title="bbox 484 662 2062 735">
     <span class='ocr_line' id='line_1_7' title="bbox 484 662 2062 735; baseline -0.002 -17"><span class='ocrx_word' id='word_1_28' title='bbox 484 662 544 718; x_wconf 88' lang='lat' dir='ltr'><strong>Si</strong></span> <span class='ocrx_word' id='word_1_29' title='bbox 574 664 739 734; x_wconf 82' lang='lat' dir='ltr'><strong>igitur</strong></span> <span class='ocrx_word' id='word_1_30' title='bbox 788 666 1087 721; x_wconf 91' lang='lat' dir='ltr'><strong>humanum</strong></span> <span class='ocrx_word' id='word_1_31' title='bbox 1141 678 1341 735; x_wconf 85' lang='lat' dir='ltr'><strong>corpus</strong></span> <span class='ocrx_word' id='word_1_32' title='bbox 1392 671 1498 727; x_wconf 88' lang='lat' dir='ltr'><strong>est,</strong></span> <span class='ocrx_word' id='word_1_33' title='bbox 1552 664 1608 717; x_wconf 90' lang='lat' dir='ltr'><strong>in</strong></span> <span class='ocrx_word' id='word_1_34' title='bbox 1646 678 1757 733; x_wconf 91' lang='lat' dir='ltr'><strong>quo</strong></span> <span class='ocrx_word' id='word_1_35' title='bbox 1798 662 2062 718; x_wconf 80' lang='lat' dir='ltr'><strong>divinitas</strong></span> 
     </span>
    </p>
   </div>
   <div class='ocr_carea' id='block_1_8' title="bbox 485 753 2061 824">
    <p class='ocr_par' dir='ltr' id='par_1_8' title="bbox 485 753 2061 824">
     <span class='ocr_line' id='line_1_8' title="bbox 485 753 2061 824; baseline -0.001 -17"><span class='ocrx_word' id='word_1_36' title='bbox 485 753 772 819; x_wconf 82' lang='lat' dir='ltr'><strong>habitavit,</strong></span> <span class='ocrx_word' id='word_1_37' title='bbox 794 768 992 824; x_wconf 87' lang='lat' dir='ltr'><strong>corpus</strong></span> <span class='ocrx_word' id='word_1_38' title='bbox 1013 762 1193 809; x_wconf 88' lang='lat' dir='ltr'><strong>autem</strong></span> <span class='ocrx_word' id='word_1_39' title='bbox 1234 768 1343 808; x_wconf 90' lang='lat' dir='ltr'><strong>non</strong></span> <span class='ocrx_word' id='word_1_40' title='bbox 1372 762 1458 809; x_wconf 91' lang='lat' dir='ltr'><strong>est</strong></span> <span class='ocrx_word' id='word_1_41' title='bbox 1486 753 1785 807; x_wconf 88' lang='lat' dir='ltr'><strong>inanimum</strong></span> <span class='ocrx_word' id='word_1_42' title='bbox 1806 769 1821 818; x_wconf 91' lang='lat'><strong>;</strong></span> <span class='ocrx_word' id='word_1_43' title='bbox 1840 767 1904 807; x_wconf 90' lang='lat' dir='ltr'><strong>ac</strong></span> <span class='ocrx_word' id='word_1_44' title='bbox 1920 767 2061 819; x_wconf 64' lang='lat' dir='ltr'><strong>pra:-</strong></span> 
     </span>
    </p>
   </div>
   <div class='ocr_carea' id='block_1_9' title="bbox 488 842 2064 913">
    <p class='ocr_par' dir='ltr' id='par_1_9' title="bbox 488 842 2064 913">
     <span class='ocr_line' id='line_1_9' title="bbox 488 842 2064 913; baseline 0.001 -18"><span class='ocrx_word' id='word_1_45' title='bbox 488 851 636 897; x_wconf 89' lang='lat' dir='ltr'><strong>terea</strong></span> <span class='ocrx_word' id='word_1_46' title='bbox 672 843 925 897; x_wconf 74' lang='lat' dir='ltr'><strong>humana:</strong></span> <span class='ocrx_word' id='word_1_47' title='bbox 950 850 1163 897; x_wconf 89' lang='lat' dir='ltr'><strong>tantum</strong></span> <span class='ocrx_word' id='word_1_48' title='bbox 1194 844 1390 897; x_wconf 71' lang='lat' dir='ltr'><strong>anima:</strong></span> <span class='ocrx_word' id='word_1_49' title='bbox 1419 843 1699 913; x_wconf 88' lang='lat' dir='ltr'><strong>proprium</strong></span> <span class='ocrx_word' id='word_1_50' title='bbox 1739 850 1825 898; x_wconf 90' lang='lat' dir='ltr'><strong>est</strong></span> <span class='ocrx_word' id='word_1_51' title='bbox 1864 842 2064 897; x_wconf 90' lang='lat' dir='ltr'><strong>habere</strong></span> 
     </span>
    </p>
   </div>
   <div class='ocr_carea' id='block_1_10' title="bbox 484 931 2064 1005">
    <p class='ocr_par' dir='ltr' id='par_1_10' title="bbox 484 931 2064 1005">
     <span class='ocr_line' id='line_1_10' title="bbox 484 931 2064 1005; baseline 0.001 -19"><span class='ocrx_word' id='word_1_52' title='bbox 484 941 695 1004; x_wconf 88' lang='lat' dir='ltr'><strong>partem</strong></span> <span class='ocrx_word' id='word_1_53' title='bbox 747 934 1141 1005; x_wconf 72' lang='lat' dir='ltr'><strong>intelligentem</strong></span> <span class='ocrx_word' id='word_1_54' title='bbox 1186 941 1240 989; x_wconf 88' lang='lat' dir='ltr'><strong>et</strong></span> <span class='ocrx_word' id='word_1_55' title='bbox 1280 934 1639 997; x_wconf 84' lang='lat' dir='ltr'><strong>rationalem;</strong></span> <span class='ocrx_word' id='word_1_56' title='bbox 1671 931 1718 988; x_wconf 94' lang='lat' dir='ltr'><strong>si</strong></span> <span class='ocrx_word' id='word_1_57' title='bbox 1763 932 1908 988; x_wconf 89' lang='lat' dir='ltr'><strong>enim</strong></span> <span class='ocrx_word' id='word_1_58' title='bbox 1951 933 2064 988; x_wconf 64' lang='lat' dir='ltr'><strong>haec</strong></span> 
     </span>
    </p>
   </div>
   <div class='ocr_carea' id='block_1_11' title="bbox 485 1021 2065 1096">
    <p class='ocr_par' dir='ltr' id='par_1_11' title="bbox 485 1021 2065 1096">
     <span class='ocr_line' id='line_1_11' title="bbox 485 1021 2065 1096; baseline -0.003 -15"><span class='ocrx_word' id='word_1_59' title='bbox 485 1027 556 1081; x_wconf 90' lang='lat' dir='ltr'><strong>ab</strong></span> <span class='ocrx_word' id='word_1_60' title='bbox 587 1026 806 1081; x_wconf 87' lang='lat' dir='ltr'><strong>homine</strong></span> <span class='ocrx_word' id='word_1_61' title='bbox 846 1026 1188 1095; x_wconf 78' lang='lat' dir='ltr'><strong>sejungatur,</strong></span> <span class='ocrx_word' id='word_1_62' title='bbox 1236 1023 1698 1096; x_wconf 87' lang='lat' dir='ltr'><strong>quemadmodum</strong></span> <span class='ocrx_word' id='word_1_63' title='bbox 1750 1036 1894 1092; x_wconf 71' lang='lat' dir='ltr'><strong>saepe</strong></span> <span class='ocrx_word' id='word_1_64' title='bbox 1923 1021 2065 1077; x_wconf 77' lang='lat' dir='ltr'><strong>dixi-</strong></span> 
     </span>
    </p>
   </div>
   <div class='ocr_carea' id='block_1_12' title="bbox 486 1117 2066 1187">
    <p class='ocr_par' dir='ltr' id='par_1_12' title="bbox 486 1117 2066 1187">
     <span class='ocr_line' id='line_1_12' title="bbox 486 1117 2066 1187; baseline -0.002 -18"><span class='ocrx_word' id='word_1_65' title='bbox 486 1132 632 1180; x_wconf 86' lang='lat' dir='ltr'><strong>mus,</strong></span> <span class='ocrx_word' id='word_1_66' title='bbox 679 1117 825 1187; x_wconf 89' lang='lat' dir='ltr'><strong>quod</strong></span> <span class='ocrx_word' id='word_1_67' title='bbox 880 1124 1125 1170; x_wconf 88' lang='lat' dir='ltr'><strong>remanet</strong></span> <span class='ocrx_word' id='word_1_68' title='bbox 1150 1117 1434 1171; x_wconf 89' lang='lat' dir='ltr'><strong>brutorum</strong></span> <span class='ocrx_word' id='word_1_69' title='bbox 1481 1122 1596 1171; x_wconf 89' lang='lat' dir='ltr'><strong>est:</strong></span> <span class='ocrx_word' id='word_1_70' title='bbox 1628 1128 1760 1183; x_wconf 80' lang='lat' dir='ltr'><strong>ergo</strong></span> <span class='ocrx_word' id='word_1_71' title='bbox 1808 1129 1917 1167; x_wconf 92' lang='lat' dir='ltr'><strong>non</strong></span> <span class='ocrx_word' id='word_1_72' title='bbox 1966 1126 2066 1167; x_wconf 91' lang='lat' dir='ltr'><strong>nos</strong></span> 
     </span>
    </p>
   </div>
   <div class='ocr_carea' id='block_1_13' title="bbox 485 1206 2064 1281">
    <p class='ocr_par' dir='ltr' id='par_1_13' title="bbox 485 1206 2064 1281">
     <span class='ocr_line' id='line_1_13' title="bbox 485 1206 2064 1281; baseline -0.003 -16"><span class='ocrx_word' id='word_1_73' title='bbox 485 1210 737 1281; x_wconf 76' lang='lat' dir='ltr'><strong>egregius</strong></span> <span class='ocrx_word' id='word_1_74' title='bbox 772 1213 895 1275; x_wconf 89' lang='lat' dir='ltr'><strong>iste,</strong></span> <span class='ocrx_word' id='word_1_75' title='bbox 930 1208 1026 1265; x_wconf 86' lang='lat' dir='ltr'><strong>sed</strong></span> <span class='ocrx_word' id='word_1_76' title='bbox 1054 1209 1375 1279; x_wconf 88' lang='lat' dir='ltr'><strong>Apostolum</strong></span> <span class='ocrx_word' id='word_1_77' title='bbox 1408 1209 1590 1279; x_wconf 84' lang='lat' dir='ltr'><strong>potius</strong></span> <span class='ocrx_word' id='word_1_78' title='bbox 1640 1206 1945 1261; x_wconf 84' lang='lat' dir='ltr'><strong>maledictis</strong></span> <span class='ocrx_word' id='word_1_79' title='bbox 1975 1206 2064 1260; x_wconf 84' lang='lat' dir='ltr'><strong>in-</strong></span> 
     </span>
    </p>
   </div>
   <div class='ocr_carea' id='block_1_14' title="bbox 486 1299 2065 1370">
    <p class='ocr_par' dir='ltr' id='par_1_14' title="bbox 486 1299 2065 1370">
     <span class='ocr_line' id='line_1_14' title="bbox 486 1299 2065 1370; baseline -0.003 -14"><span class='ocrx_word' id='word_1_80' title='bbox 486 1304 688 1365; x_wconf 86' lang='lat' dir='ltr'><strong>cessit;</strong></span> <span class='ocrx_word' id='word_1_81' title='bbox 726 1303 836 1355; x_wconf 90' lang='lat' dir='ltr'><strong>imo</strong></span> <span class='ocrx_word' id='word_1_82' title='bbox 872 1317 1005 1356; x_wconf 89' lang='lat' dir='ltr'><strong>vero</strong></span> <span class='ocrx_word' id='word_1_83' title='bbox 1050 1300 1315 1355; x_wconf 80' lang='lat' dir='ltr'><strong>Joannem</strong></span> <span class='ocrx_word' id='word_1_84' title='bbox 1363 1300 1540 1370; x_wconf 85' lang='lat' dir='ltr'><strong>ipsum</strong></span> <span class='ocrx_word' id='word_1_85' title='bbox 1589 1301 1736 1353; x_wconf 89' lang='lat' dir='ltr'><strong>clare</strong></span> <span class='ocrx_word' id='word_1_86' title='bbox 1768 1299 2065 1361; x_wconf 87' lang='lat' dir='ltr'><strong>dicentem,</strong></span> 
     </span>
    </p>
   </div>
   <div class='ocr_carea' id='block_1_15' title="bbox 498 1389 2063 1462">
    <p class='ocr_par' dir='ltr' id='par_1_15' title="bbox 498 1389 2063 1462">
     <span class='ocr_line' id='line_1_15' title="bbox 498 1389 2063 1462; baseline -0.001 -16"><span class='ocrx_word' id='word_1_87' title='bbox 498 1392 725 1447; x_wconf 81' lang='lat' dir='ltr'><strong>Verbum</strong></span> <span class='ocrx_word' id='word_1_88' title='bbox 773 1410 897 1447; x_wconf 88' lang='lat' dir='ltr'><strong>caro</strong></span> <span class='ocrx_word' id='word_1_89' title='bbox 949 1393 1154 1462; x_wconf 76' lang='lat' dir='ltr'><strong>factum</strong></span> <span class='ocrx_word' id='word_1_90' title='bbox 1200 1402 1299 1455; x_wconf 76' lang='lat' dir='ltr'><strong>est,</strong></span> <span class='ocrx_word' id='word_1_91' title='bbox 1356 1402 1407 1446; x_wconf 88' lang='lat' dir='ltr'><strong>et</strong></span> <span class='ocrx_word' id='word_1_92' title='bbox 1442 1392 1699 1446; x_wconf 80' lang='lat' dir='ltr'><strong>habitauit</strong></span> <span class='ocrx_word' id='word_1_93' title='bbox 1742 1392 1797 1444; x_wconf 85' lang='lat' dir='ltr'><strong>in</strong></span> <span class='ocrx_word' id='word_1_94' title='bbox 1827 1389 2063 1445; x_wconf 79' lang='lat' dir='ltr'><strong>nobis&quot;.</strong></span> 
     </span>
    </p>
   </div>
   <div class='ocr_carea' id='block_1_16' title="bbox 487 1483 2067 1555">
    <p class='ocr_par' dir='ltr' id='par_1_16' title="bbox 487 1483 2067 1555">
     <span class='ocr_line' id='line_1_16' title="bbox 487 1483 2067 1555; baseline -0.001 -15"><span class='ocrx_word' id='word_1_95' title='bbox 487 1485 606 1541; x_wconf 85' lang='lat' dir='ltr'><strong>Non</strong></span> <span class='ocrx_word' id='word_1_96' title='bbox 635 1487 779 1542; x_wconf 87' lang='lat' dir='ltr'><strong>enim</strong></span> <span class='ocrx_word' id='word_1_97' title='bbox 822 1487 876 1541; x_wconf 90' lang='lat' dir='ltr'><strong>in</strong></span> <span class='ocrx_word' id='word_1_98' title='bbox 912 1488 1096 1555; x_wconf 85' lang='lat' dir='ltr'><strong>aliqua</strong></span> <span class='ocrx_word' id='word_1_99' title='bbox 1127 1485 1301 1540; x_wconf 84' lang='lat' dir='ltr'><strong>nostri</strong></span> <span class='ocrx_word' id='word_1_100' title='bbox 1349 1492 1503 1555; x_wconf 87' lang='lat' dir='ltr'><strong>parte</strong></span> <span class='ocrx_word' id='word_1_101' title='bbox 1533 1485 1708 1551; x_wconf 78' lang='lat' dir='ltr'><strong>dixit;</strong></span> <span class='ocrx_word' id='word_1_102' title='bbox 1753 1483 1849 1539; x_wconf 89' lang='lat' dir='ltr'><strong>sed</strong></span> <span class='ocrx_word' id='word_1_103' title='bbox 1884 1486 2067 1538; x_wconf 86' lang='lat' dir='ltr'><strong>omnia</strong></span> 
     </span>
    </p>
   </div>
   <div class='ocr_carea' id='block_1_17' title="bbox 488 1576 2067 1647">
    <p class='ocr_par' dir='ltr' id='par_1_17' title="bbox 488 1576 2067 1647">
     <span class='ocr_line' id='line_1_17' title="bbox 488 1576 2067 1647; baseline 0 -17"><span class='ocrx_word' id='word_1_104' title='bbox 488 1578 695 1647; x_wconf 89' lang='lat' dir='ltr'><strong>pariter</strong></span> <span class='ocrx_word' id='word_1_105' title='bbox 724 1592 847 1646; x_wconf 63' lang='lat' dir='ltr'><strong>quae</strong></span> <span class='ocrx_word' id='word_1_106' title='bbox 880 1578 936 1631; x_wconf 90' lang='lat' dir='ltr'><strong>in</strong></span> <span class='ocrx_word' id='word_1_107' title='bbox 970 1578 1208 1631; x_wconf 87' lang='lat' dir='ltr'><strong>humana</strong></span> <span class='ocrx_word' id='word_1_108' title='bbox 1236 1578 1617 1647; x_wconf 78' lang='lat' dir='ltr'><strong>intelliguntur</strong></span> <span class='ocrx_word' id='word_1_109' title='bbox 1644 1584 1842 1631; x_wconf 87' lang='lat' dir='ltr'><strong>natura</strong></span> <span class='ocrx_word' id='word_1_110' title='bbox 1871 1576 2067 1647; x_wconf 82' lang='lat' dir='ltr'><strong>plurali</strong></span> 
     </span>
    </p>
   </div>
   <div class='ocr_carea' id='block_1_18' title="bbox 488 1668 2069 1740">
    <p class='ocr_par' dir='ltr' id='par_1_18' title="bbox 488 1668 2069 1740">
     <span class='ocr_line' id='line_1_18' title="bbox 488 1668 2069 1740; baseline 0.001 -17"><span class='ocrx_word' id='word_1_111' title='bbox 488 1685 621 1723; x_wconf 90' lang='lat' dir='ltr'><strong>voce</strong></span> <span class='ocrx_word' id='word_1_112' title='bbox 652 1671 1019 1740; x_wconf 78' lang='lat' dir='ltr'><strong>significavit;</strong></span> <span class='ocrx_word' id='word_1_113' title='bbox 1064 1682 1117 1725; x_wconf 90' lang='lat' dir='ltr'><strong>et</strong></span> <span class='ocrx_word' id='word_1_114' title='bbox 1144 1668 1381 1725; x_wconf 83' lang='lat' dir='ltr'><strong>Verbum</strong></span> <span class='ocrx_word' id='word_1_115' title='bbox 1408 1669 1627 1739; x_wconf 87' lang='lat' dir='ltr'><strong>quidem</strong></span> <span class='ocrx_word' id='word_1_116' title='bbox 1662 1670 1817 1739; x_wconf 89' lang='lat' dir='ltr'><strong>prius</strong></span> <span class='ocrx_word' id='word_1_117' title='bbox 1844 1682 1874 1722; x_wconf 90' lang='lat' dir='ltr'><strong>a</strong></span> <span class='ocrx_word' id='word_1_118' title='bbox 1904 1684 2069 1724; x_wconf 89' lang='lat' dir='ltr'><strong>carne</strong></span> 
     </span>
    </p>
   </div>
   <div class='ocr_carea' id='block_1_19' title="bbox 2160 564 3732 640">
    <p class='ocr_par' dir='ltr' id='par_1_19' title="bbox 2160 564 3732 640">
     <span class='ocr_line' id='line_1_19' title="bbox 2160 564 3732 640; baseline -0.002 -18"><span class='ocrx_word' id='word_1_119' title='bbox 2160 570 2420 634; x_wconf 83' lang='grc' dir='ltr'><strong>πολλάκις</strong></span> <span class='ocrx_word' id='word_1_120' title='bbox 2445 569 2766 640; x_wconf 72' lang='grc' dir='ltr'>εἰρήκαμεν,</span> <span class='ocrx_word' id='word_1_121' title='bbox 2789 565 3058 638; x_wconf 85' lang='grc' dir='ltr'>κτηνῶδές</span> <span class='ocrx_word' id='word_1_122' title='bbox 3089 566 3205 619; x_wconf 75' lang='grc' dir='ltr'>ἐστι</span> <span class='ocrx_word' id='word_1_123' title='bbox 3233 564 3295 619; x_wconf 88' lang='grc' dir='ltr'><strong>τὸ</strong></span> <span class='ocrx_word' id='word_1_124' title='bbox 3322 564 3610 634; x_wconf 83' lang='grc' dir='ltr'>λεγόμενον</span> <span class='ocrx_word' id='word_1_125' title='bbox 3633 566 3732 634; x_wconf 72' lang='grc' dir='ltr'><strong>(ἶ).</strong></span> 
     </span>
    </p>
   </div>
   <div class='ocr_carea' id='block_1_20' title="bbox 2164 656 3735 732">
    <p class='ocr_par' dir='ltr' id='par_1_20' title="bbox 2164 656 3735 732">
     <span class='ocr_line' id='line_1_20' title="bbox 2164 656 3735 732; baseline -0.004 -17"><span class='ocrx_word' id='word_1_126' title='bbox 2164 663 2288 732; x_wconf 85' lang='grc' dir='ltr'><strong>”Λρ’</strong></span> <span class='ocrx_word' id='word_1_127' title='bbox 2312 662 2410 732; x_wconf 82' lang='grc' dir='ltr'><strong>οὐχ</strong></span> <span class='ocrx_word' id='word_1_128' title='bbox 2431 660 2587 731; x_wconf 75' lang='grc' dir='ltr'>ἡμῶν</span> <span class='ocrx_word' id='word_1_129' title='bbox 2607 661 2635 713; x_wconf 85' lang='grc' dir='ltr'>ὁ</span> <span class='ocrx_word' id='word_1_130' title='bbox 2663 658 2945 729; x_wconf 82' lang='grc' dir='ltr'><strong>γεννάδας,</strong></span> <span class='ocrx_word' id='word_1_131' title='bbox 2969 657 3104 712; x_wconf 83' lang='grc' dir='ltr'>ἀλλὰ</span> <span class='ocrx_word' id='word_1_132' title='bbox 3131 657 3227 710; x_wconf 82' lang='grc' dir='ltr'>τοῦ</span> <span class='ocrx_word' id='word_1_133' title='bbox 3264 656 3589 711; x_wconf 79' lang='grc' dir='ltr'>’Δποστόλου</span> <span class='ocrx_word' id='word_1_134' title='bbox 3615 661 3735 719; x_wconf 81' lang='grc' dir='ltr'>ταῖς</span> 
     </span>
    </p>
   </div>
   <div class='ocr_carea' id='block_1_21' title="bbox 2160 749 3736 826">
    <p class='ocr_par' dir='ltr' id='par_1_21' title="bbox 2160 749 3736 826">
     <span class='ocr_line' id='line_1_21' title="bbox 2160 749 3736 826; baseline -0.004 -18"><span class='ocrx_word' id='word_1_135' title='bbox 2160 754 2446 826; x_wconf 80' lang='grc' dir='ltr'><strong>λοιδορίαις</strong></span> <span class='ocrx_word' id='word_1_136' title='bbox 2501 753 2838 807; x_wconf 78' lang='grc' dir='ltr'><strong>καθάπτεται</strong></span> <span class='ocrx_word' id='word_1_137' title='bbox 2864 768 2878 782; x_wconf 90' lang='grc'><strong>·</strong></span> <span class='ocrx_word' id='word_1_138' title='bbox 2930 750 3130 822; x_wconf 79' lang='grc' dir='ltr'>μᾶλλον</span> <span class='ocrx_word' id='word_1_139' title='bbox 3160 749 3218 802; x_wconf 86' lang='grc' dir='ltr'><strong>δὲ</strong></span> <span class='ocrx_word' id='word_1_140' title='bbox 3256 750 3471 820; x_wconf 74' lang='grc' dir='ltr'>καὶτῆς</span> <span class='ocrx_word' id='word_1_141' title='bbox 3495 749 3736 821; x_wconf 79' lang='grc' dir='ltr'><strong>μεγάλης</strong></span> 
     </span>
    </p>
   </div>
   <div class='ocr_carea' id='block_1_22' title="bbox 2160 842 3737 917">
    <p class='ocr_par' dir='ltr' id='par_1_22' title="bbox 2160 842 3737 917">
     <span class='ocr_line' id='line_1_22' title="bbox 2160 842 3737 917; baseline -0.004 -16"><span class='ocrx_word' id='word_1_142' title='bbox 2160 847 2256 901; x_wconf 79' lang='grc' dir='ltr'><strong>τοῦ</strong></span> <span class='ocrx_word' id='word_1_143' title='bbox 2324 847 2567 902; x_wconf 83' lang='grc' dir='ltr'><strong>Ἰωάννου</strong></span> <span class='ocrx_word' id='word_1_144' title='bbox 2621 846 2826 917; x_wconf 85' lang='grc' dir='ltr'><strong>φωνῆς,</strong></span> <span class='ocrx_word' id='word_1_145' title='bbox 2885 845 2920 915; x_wconf 74' lang='grc' dir='ltr'><strong>ἡ</strong></span> <span class='ocrx_word' id='word_1_146' title='bbox 2949 861 3133 915; x_wconf 84' lang='grc' dir='ltr'>φησιν,</span> <span class='ocrx_word' id='word_1_147' title='bbox 3161 844 3243 897; x_wconf 82' lang='grc' dir='ltr'><strong>ὅτι</strong></span> <span class='ocrx_word' id='word_1_148' title='bbox 3278 842 3341 895; x_wconf 87' lang='lat'><strong>&#39;0</strong></span> <span class='ocrx_word' id='word_1_149' title='bbox 3369 844 3559 913; x_wconf 82' lang='grc' dir='ltr'>Λόγος</span> <span class='ocrx_word' id='word_1_150' title='bbox 3581 842 3737 911; x_wconf 78' lang='grc' dir='ltr'>σὰρξ</span> 
     </span>
    </p>
   </div>
   <div class='ocr_carea' id='block_1_23' title="bbox 2162 935 3738 1009">
    <p class='ocr_par' dir='ltr' id='par_1_23' title="bbox 2162 935 3738 1009">
     <span class='ocr_line' id='line_1_23' title="bbox 2162 935 3738 1009; baseline -0.004 -16"><span class='ocrx_word' id='word_1_151' title='bbox 2162 938 2417 1009; x_wconf 73' lang='grc' dir='ltr'>ἐγένετο,</span> <span class='ocrx_word' id='word_1_152' title='bbox 2436 939 2535 993; x_wconf 79' lang='grc' dir='ltr'>καὶ</span> <span class='ocrx_word' id='word_1_153' title='bbox 2564 937 2917 1005; x_wconf 77' lang='grc' dir='ltr'><strong>ἐσκήνωσεν</strong></span> <span class='ocrx_word' id='word_1_154' title='bbox 2957 938 3027 991; x_wconf 79' lang='grc' dir='ltr'><strong>ἐν</strong></span> <span class='ocrx_word' id='word_1_155' title='bbox 3054 936 3217 1006; x_wconf 74' lang='grc' dir='ltr'>ἡμῖν.</span> <span class='ocrx_word' id='word_1_156' title='bbox 3242 936 3316 990; x_wconf 79' lang='grc' dir='ltr'>Ού</span> <span class='ocrx_word' id='word_1_157' title='bbox 3343 935 3451 1006; x_wconf 84' lang='grc' dir='ltr'>γὰρ</span> <span class='ocrx_word' id='word_1_158' title='bbox 3493 936 3553 988; x_wconf 78' lang='grc' dir='ltr'>ὲν</span> <span class='ocrx_word' id='word_1_159' title='bbox 3584 935 3738 1007; x_wconf 81' lang='grc' dir='ltr'><strong>μέρει</strong></span> 
     </span>
    </p>
   </div>
   <div class='ocr_carea' id='block_1_24' title="bbox 2163 1029 3741 1101">
    <p class='ocr_par' dir='ltr' id='par_1_24' title="bbox 2163 1029 3741 1101">
     <span class='ocr_line' id='line_1_24' title="bbox 2163 1029 3741 1101; baseline -0.004 -18"><span class='ocrx_word' id='word_1_160' title='bbox 2163 1031 2340 1101; x_wconf 81' lang='grc' dir='ltr'>ἡμῶν,</span> <span class='ocrx_word' id='word_1_161' title='bbox 2372 1032 2506 1085; x_wconf 84' lang='grc' dir='ltr'>ἀλλὰ</span> <span class='ocrx_word' id='word_1_162' title='bbox 2552 1031 2729 1085; x_wconf 87' lang='grc' dir='ltr'>πάντα</span> <span class='ocrx_word' id='word_1_163' title='bbox 2760 1030 2832 1084; x_wconf 83' lang='grc' dir='ltr'>τὰ</span> <span class='ocrx_word' id='word_1_164' title='bbox 2860 1033 2918 1084; x_wconf 74' lang='grc' dir='ltr'>ἐν</span> <span class='ocrx_word' id='word_1_165' title='bbox 2936 1032 3002 1101; x_wconf 79' lang='grc' dir='ltr'>τῇ</span> <span class='ocrx_word' id='word_1_166' title='bbox 3028 1029 3188 1099; x_wconf 86' lang='grc' dir='ltr'>φύσει</span> <span class='ocrx_word' id='word_1_167' title='bbox 3220 1029 3486 1099; x_wconf 81' lang='grc' dir='ltr'>νοούμενα</span> <span class='ocrx_word' id='word_1_168' title='bbox 3508 1029 3574 1098; x_wconf 82' lang='grc' dir='ltr'>τῇ</span> <span class='ocrx_word' id='word_1_169' title='bbox 3605 1029 3741 1098; x_wconf 78' lang='grc' dir='ltr'>πλη·</span> 
     </span>
    </p>
   </div>
   <div class='ocr_carea' id='block_1_25' title="bbox 2165 1117 3741 1194">
    <p class='ocr_par' dir='ltr' id='par_1_25' title="bbox 2165 1117 3741 1194">
     <span class='ocr_line' id='line_1_25' title="bbox 2165 1117 3741 1194; baseline -0.003 -20"><span class='ocrx_word' id='word_1_170' title='bbox 2165 1123 2388 1194; x_wconf 83' lang='grc' dir='ltr'>θυντικῇ</span> <span class='ocrx_word' id='word_1_171' title='bbox 2451 1125 2602 1194; x_wconf 84' lang='grc' dir='ltr'>φωνῇ</span> <span class='ocrx_word' id='word_1_172' title='bbox 2658 1124 2997 1192; x_wconf 80' lang='grc' dir='ltr'>συνεσημανε</span> <span class='ocrx_word' id='word_1_173' title='bbox 3032 1120 3131 1191; x_wconf 87' lang='grc'><strong>(8),</strong></span> <span class='ocrx_word' id='word_1_174' title='bbox 3162 1120 3256 1173; x_wconf 79' lang='grc' dir='ltr'><strong>καὶ</strong></span> <span class='ocrx_word' id='word_1_175' title='bbox 3309 1119 3401 1172; x_wconf 84' lang='grc' dir='ltr'><strong>τὸν</strong></span> <span class='ocrx_word' id='word_1_176' title='bbox 3444 1118 3614 1186; x_wconf 85' lang='grc' dir='ltr'>Λόγον</span> <span class='ocrx_word' id='word_1_177' title='bbox 3642 1117 3741 1185; x_wconf 68' lang='grc' dir='ltr'>τῆς</span> 
     </span>
    </p>
   </div>
   <div class='ocr_carea' id='block_1_26' title="bbox 2168 1206 3739 1285">
    <p class='ocr_par' dir='ltr' id='par_1_26' title="bbox 2168 1206 3739 1285">
     <span class='ocr_line' id='line_1_26' title="bbox 2168 1206 3739 1285; baseline -0.003 -20"><span class='ocrx_word' id='word_1_178' title='bbox 2168 1213 2370 1284; x_wconf 85' lang='grc' dir='ltr'>σαρκὸς</span> <span class='ocrx_word' id='word_1_179' title='bbox 2408 1213 2670 1285; x_wconf 88' lang='grc' dir='ltr'>πρότερον</span> <span class='ocrx_word' id='word_1_180' title='bbox 2699 1214 2799 1284; x_wconf 81' lang='grc' dir='ltr'>μὲν</span> <span class='ocrx_word' id='word_1_181' title='bbox 2852 1212 3267 1284; x_wconf 82' lang='grc' dir='ltr'>προδιέστειλεν,</span> <span class='ocrx_word' id='word_1_182' title='bbox 3317 1206 3419 1264; x_wconf 70' lang='grc' dir='ltr'>εἷθ’</span> <span class='ocrx_word' id='word_1_183' title='bbox 3459 1208 3631 1273; x_wconf 78' lang='grc' dir='ltr'>οὕτως</span> <span class='ocrx_word' id='word_1_184' title='bbox 3659 1210 3739 1269; x_wconf 76' lang='grc' dir='ltr'>εἰς</span> 
     </span>
    </p>
   </div>
   <div class='ocr_carea' id='block_1_27' title="bbox 2164 1301 3742 1378">
    <p class='ocr_par' dir='ltr' id='par_1_27' title="bbox 2164 1301 3742 1378">
     <span class='ocr_line' id='line_1_27' title="bbox 2164 1301 3742 1378; baseline -0.003 -19"><span class='ocrx_word' id='word_1_185' title='bbox 2164 1305 2356 1359; x_wconf 73' lang='grc' dir='ltr'>ἕνωσιν</span> <span class='ocrx_word' id='word_1_186' title='bbox 2384 1307 2611 1378; x_wconf 75' lang='grc' dir='ltr'>ἢγαγεν.</span> <span class='ocrx_word' id='word_1_187' title='bbox 2638 1301 2746 1360; x_wconf 84' lang='grc' dir='ltr'>Ἦν</span> <span class='ocrx_word' id='word_1_188' title='bbox 2776 1306 2883 1377; x_wconf 83' lang='grc' dir='ltr'><strong>γάρ</strong></span> <span class='ocrx_word' id='word_1_189' title='bbox 2899 1304 2981 1376; x_wconf 77' lang='grc' dir='ltr'><strong>ἐφ’</strong></span> <span class='ocrx_word' id='word_1_190' title='bbox 3010 1304 3200 1359; x_wconf 76' lang='grc' dir='ltr'>ἑαυτοῦ</span> <span class='ocrx_word' id='word_1_191' title='bbox 3220 1306 3249 1359; x_wconf 88' lang='grc' dir='ltr'><strong>ό</strong></span> <span class='ocrx_word' id='word_1_192' title='bbox 3268 1305 3459 1372; x_wconf 80' lang='grc' dir='ltr'><strong>Λόγος,</strong></span> <span class='ocrx_word' id='word_1_193' title='bbox 3482 1302 3575 1357; x_wconf 75' lang='grc' dir='ltr'><strong>καὶ</strong></span> <span class='ocrx_word' id='word_1_194' title='bbox 3606 1301 3742 1370; x_wconf 77' lang='grc' dir='ltr'>πρὸς</span> 
     </span>
    </p>
   </div>
   <div class='ocr_carea' id='block_1_28' title="bbox 2164 1393 3745 1471">
    <p class='ocr_par' dir='ltr' id='par_1_28' title="bbox 2164 1393 3745 1471">
     <span class='ocr_line' id='line_1_28' title="bbox 2164 1393 3745 1471; baseline -0.003 -20"><span class='ocrx_word' id='word_1_195' title='bbox 2164 1399 2255 1451; x_wconf 82' lang='grc' dir='ltr'><strong>τὸν</strong></span> <span class='ocrx_word' id='word_1_196' title='bbox 2275 1398 2407 1452; x_wconf 84' lang='grc' dir='ltr'>Θεὸν</span> <span class='ocrx_word' id='word_1_197' title='bbox 2432 1394 2518 1469; x_wconf 82' lang='grc' dir='ltr'>ἦν.</span> <span class='ocrx_word' id='word_1_198' title='bbox 2545 1399 2656 1452; x_wconf 76' lang='grc' dir='ltr'><strong>Καὶ</strong></span> <span class='ocrx_word' id='word_1_199' title='bbox 2676 1398 2811 1471; x_wconf 83' lang='grc' dir='ltr'>ὅπερ</span> <span class='ocrx_word' id='word_1_200' title='bbox 2833 1399 2863 1451; x_wconf 88' lang='grc' dir='ltr'>ὁ</span> <span class='ocrx_word' id='word_1_201' title='bbox 2878 1396 2955 1469; x_wconf 88' lang='grc'><strong>(9)</strong></span> <span class='ocrx_word' id='word_1_202' title='bbox 2970 1397 3102 1462; x_wconf 91' lang='grc' dir='ltr'>Θεὸς</span> <span class='ocrx_word' id='word_1_203' title='bbox 3124 1393 3213 1469; x_wconf 80' lang='grc' dir='ltr'>ἦν,</span> <span class='ocrx_word' id='word_1_204' title='bbox 3246 1396 3385 1470; x_wconf 80' lang='grc'><strong>([10]</strong></span> <span class='ocrx_word' id='word_1_205' title='bbox 3408 1396 3565 1449; x_wconf 82' lang='grc' dir='ltr'>τοῦτο</span> <span class='ocrx_word' id='word_1_206' title='bbox 3591 1397 3682 1449; x_wconf 66' lang='grc' dir='ltr'><strong>καὶ</strong></span> <span class='ocrx_word' id='word_1_207' title='bbox 3717 1396 3745 1445; x_wconf 83' lang='grc' dir='ltr'>ὁ</span> 
     </span>
    </p>
   </div>
   <div class='ocr_carea' id='block_1_29' title="bbox 2166 1484 3747 1562">
    <p class='ocr_par' dir='ltr' id='par_1_29' title="bbox 2166 1484 3747 1562">
     <span class='ocr_line' id='line_1_29' title="bbox 2166 1484 3747 1562; baseline -0.003 -19"><span class='ocrx_word' id='word_1_208' title='bbox 2166 1489 2337 1558; x_wconf 83' lang='grc' dir='ltr'>Λόγος</span> <span class='ocrx_word' id='word_1_209' title='bbox 2364 1485 2454 1560; x_wconf 80' lang='grc' dir='ltr'><strong>ἦν)</strong></span> <span class='ocrx_word' id='word_1_210' title='bbox 2474 1507 2488 1520; x_wconf 77' lang='grc' dir='ltr'>ο</span> <span class='ocrx_word' id='word_1_211' title='bbox 2512 1489 2643 1554; x_wconf 86' lang='grc' dir='ltr'><strong>Θεὸς</strong></span> <span class='ocrx_word' id='word_1_212' title='bbox 2692 1489 2799 1562; x_wconf 86' lang='grc' dir='ltr'>γὰρ</span> <span class='ocrx_word' id='word_1_213' title='bbox 2832 1491 2927 1545; x_wconf 72' lang='grc' dir='ltr'><strong>καὶ</strong></span> <span class='ocrx_word' id='word_1_214' title='bbox 2962 1484 3117 1554; x_wconf 74' lang='grc' dir='ltr'>οὗτος</span> <span class='ocrx_word' id='word_1_215' title='bbox 3145 1485 3233 1560; x_wconf 74' lang='grc' dir='ltr'>ἦν.</span> <span class='ocrx_word' id='word_1_216' title='bbox 3279 1488 3415 1543; x_wconf 77' lang='grc' dir='ltr'>Ἀλλ’</span> <span class='ocrx_word' id='word_1_217' title='bbox 3446 1489 3530 1541; x_wconf 83' lang='grc' dir='ltr'>ὅτε</span> <span class='ocrx_word' id='word_1_218' title='bbox 3565 1489 3643 1552; x_wconf 86' lang='grc' dir='ltr'>εἰς</span> <span class='ocrx_word' id='word_1_219' title='bbox 3675 1486 3747 1539; x_wconf 75' lang='grc' dir='ltr'><strong>τά</strong></span> 
     </span>
    </p>
   </div>
   <div class='ocr_carea' id='block_1_30' title="bbox 2170 1577 3746 1654">
    <p class='ocr_par' dir='ltr' id='par_1_30' title="bbox 2170 1577 3746 1654">
     <span class='ocr_line' id='line_1_30' title="bbox 2170 1577 3746 1654; baseline -0.001 -20"><span class='ocrx_word' id='word_1_220' title='bbox 2170 1581 2276 1634; x_wconf 74' lang='grc' dir='ltr'>ἴδια</span> <span class='ocrx_word' id='word_1_221' title='bbox 2305 1577 2458 1651; x_wconf 77' lang='grc' dir='ltr'>ἦλθε,</span> <span class='ocrx_word' id='word_1_222' title='bbox 2514 1584 2610 1636; x_wconf 75' lang='grc' dir='ltr'><strong>καὶ</strong></span> <span class='ocrx_word' id='word_1_223' title='bbox 2643 1585 2700 1636; x_wconf 81' lang='grc' dir='ltr'><strong>ἐν</strong></span> <span class='ocrx_word' id='word_1_224' title='bbox 2726 1585 2792 1654; x_wconf 81' lang='grc' dir='ltr'>τῇ</span> <span class='ocrx_word' id='word_1_225' title='bbox 2830 1583 3020 1654; x_wconf 76' lang='grc' dir='ltr'>σκοτίᾳ</span> <span class='ocrx_word' id='word_1_226' title='bbox 3059 1581 3290 1653; x_wconf 70' lang='grc' dir='ltr'>ἔλαμψε,</span> <span class='ocrx_word' id='word_1_227' title='bbox 3344 1582 3466 1634; x_wconf 86' lang='grc' dir='ltr'>τότε</span> <span class='ocrx_word' id='word_1_228' title='bbox 3508 1580 3537 1632; x_wconf 87' lang='grc' dir='ltr'><strong>ό</strong></span> <span class='ocrx_word' id='word_1_229' title='bbox 3575 1580 3746 1646; x_wconf 77' lang='grc' dir='ltr'>Λόγος</span> 
     </span>
    </p>
   </div>
   <div class='ocr_carea' id='block_1_31' title="bbox 2170 1670 3749 1747">
    <p class='ocr_par' dir='ltr' id='par_1_31' title="bbox 2170 1670 3749 1747">
     <span class='ocr_line' id='line_1_31' title="bbox 2170 1670 3749 1747; baseline -0.004 -21"><span class='ocrx_word' id='word_1_230' title='bbox 2170 1673 2307 1742; x_wconf 76' lang='grc' dir='ltr'>σὰρξ</span> <span class='ocrx_word' id='word_1_231' title='bbox 2365 1674 2603 1743; x_wconf 81' lang='grc' dir='ltr'>ἐγένετο,</span> <span class='ocrx_word' id='word_1_232' title='bbox 2661 1677 2727 1747; x_wconf 77' lang='grc' dir='ltr'>τῇ</span> <span class='ocrx_word' id='word_1_233' title='bbox 2776 1673 2968 1729; x_wconf 78' lang='grc' dir='ltr'>ἑαυτοῦ</span> <span class='ocrx_word' id='word_1_234' title='bbox 3025 1673 3252 1745; x_wconf 77' lang='grc' dir='ltr'>δυνάμει</span> <span class='ocrx_word' id='word_1_235' title='bbox 3291 1676 3349 1728; x_wconf 79' lang='grc' dir='ltr'><strong>ἐν</strong></span> <span class='ocrx_word' id='word_1_236' title='bbox 3380 1673 3451 1744; x_wconf 84' lang='grc' dir='ltr'>τῆ</span> <span class='ocrx_word' id='word_1_237' title='bbox 3483 1670 3749 1742; x_wconf 75' lang='grc' dir='ltr'><strong>Παρθένῳ</strong></span> 
     </span>
    </p>
   </div>
   <div class='ocr_carea' id='block_1_32' title="bbox 489 1760 2080 1836">
    <p class='ocr_par' dir='ltr' id='par_1_32' title="bbox 489 1760 2066 1831">
     <span class='ocr_line' id='line_1_32' title="bbox 489 1760 2066 1831; baseline 0 -16"><span class='ocrx_word' id='word_1_238' title='bbox 489 1762 787 1831; x_wconf 84' lang='lat' dir='ltr'><strong>separavit,</strong></span> <span class='ocrx_word' id='word_1_239' title='bbox 822 1762 1020 1816; x_wconf 88' lang='lat' dir='ltr'><strong>deinde</strong></span> <span class='ocrx_word' id='word_1_240' title='bbox 1046 1776 1173 1816; x_wconf 87' lang='lat' dir='ltr'><strong>vero</strong></span> <span class='ocrx_word' id='word_1_241' title='bbox 1216 1761 1392 1816; x_wconf 89' lang='lat' dir='ltr'><strong>eidem</strong></span> <span class='ocrx_word' id='word_1_242' title='bbox 1435 1762 1630 1816; x_wconf 88' lang='lat' dir='ltr'><strong>univit.</strong></span> <span class='ocrx_word' id='word_1_243' title='bbox 1661 1760 1797 1815; x_wconf 78' lang='lat' dir='ltr'><strong>Nam</strong></span> <span class='ocrx_word' id='word_1_244' title='bbox 1828 1760 2066 1817; x_wconf 81' lang='lat' dir='ltr'><strong>Verbum</strong></span> 
     </span>
    </p>
   </div>
   <div class='ocr_carea' id='block_1_33' title="bbox 2183 1760 3749 1836">
    <p class='ocr_par' dir='ltr' id='par_1_33' title="bbox 2183 1763 3749 1836">
     <span class='ocr_line' id='line_1_33' title="bbox 2183 1763 3749 1836; baseline -0.002 -19"><span class='ocrx_word' id='word_1_245' title='bbox 2183 1763 2309 1836; x_wconf 71' lang='grc' dir='ltr'>σὰρξ</span> <span class='ocrx_word' id='word_1_246' title='bbox 2366 1766 2679 1835; x_wconf 83' lang='grc' dir='ltr'>γενόμενος.</span> <span class='ocrx_word' id='word_1_247' title='bbox 2734 1766 2943 1821; x_wconf 80' lang='grc' dir='ltr'>Οὐκοῦν</span> <span class='ocrx_word' id='word_1_248' title='bbox 2986 1765 3249 1836; x_wconf 81' lang='grc' dir='ltr'><strong>φειδέσθω</strong></span> <span class='ocrx_word' id='word_1_249' title='bbox 3289 1765 3388 1834; x_wconf 85' lang='grc' dir='ltr'>τῆς</span> <span class='ocrx_word' id='word_1_250' title='bbox 3441 1763 3567 1817; x_wconf 83' lang='grc' dir='ltr'>καθ’</span> <span class='ocrx_word' id='word_1_251' title='bbox 3601 1763 3749 1831; x_wconf 68' lang='grc' dir='ltr'>ἡμᾶς</span> 
     </span>
    </p>
   </div>
   <div class='ocr_carea' id='block_1_34' title="bbox 489 1831 2080 1929">
    <p class='ocr_par' dir='ltr' id='par_1_34' title="bbox 489 1850 2065 1922">
     <span class='ocr_line' id='line_1_34' title="bbox 489 1850 2065 1922; baseline -0.002 -14"><span class='ocrx_word' id='word_1_252' title='bbox 489 1853 549 1908; x_wconf 90' lang='lat' dir='ltr'><strong>in</strong></span> <span class='ocrx_word' id='word_1_253' title='bbox 597 1854 894 1918; x_wconf 85' lang='lat' dir='ltr'><strong>semetipso</strong></span> <span class='ocrx_word' id='word_1_254' title='bbox 941 1862 1079 1914; x_wconf 89' lang='lat' dir='ltr'><strong>erat,</strong></span> <span class='ocrx_word' id='word_1_255' title='bbox 1120 1860 1173 1907; x_wconf 90' lang='lat' dir='ltr'><strong>et</strong></span> <span class='ocrx_word' id='word_1_256' title='bbox 1207 1853 1349 1922; x_wconf 89' lang='lat' dir='ltr'><strong>apud</strong></span> <span class='ocrx_word' id='word_1_257' title='bbox 1404 1850 1571 1906; x_wconf 91' lang='lat' dir='ltr'><strong>Deum</strong></span> <span class='ocrx_word' id='word_1_258' title='bbox 1618 1861 1754 1915; x_wconf 89' lang='lat' dir='ltr'><strong>erat,</strong></span> <span class='ocrx_word' id='word_1_259' title='bbox 1808 1858 1864 1906; x_wconf 91' lang='lat' dir='ltr'><strong>et</strong></span> <span class='ocrx_word' id='word_1_260' title='bbox 1919 1851 2065 1922; x_wconf 91' lang='lat' dir='ltr'><strong>quod</strong></span> 
     </span>
    </p>
   </div>
   <div class='ocr_carea' id='block_1_35' title="bbox 2183 1831 3747 1929">
    <p class='ocr_par' dir='ltr' id='par_1_35' title="bbox 2183 1831 3747 1929">
     <span class='ocr_line' id='line_1_35' title="bbox 2183 1831 3747 1929; baseline -0.002 -23"><span class='ocrx_word' id='word_1_261' title='bbox 2183 1831 2456 1926; x_wconf 60' lang='grc' dir='ltr'>λοιδορίας,</span> <span class='ocrx_word' id='word_1_262' title='bbox 2482 1831 2558 1920; x_wconf 70' lang='grc' dir='ltr'>ὧς</span> <span class='ocrx_word' id='word_1_263' title='bbox 2581 1856 2646 1911; x_wconf 85' lang='grc' dir='ltr'>ἂν</span> <span class='ocrx_word' id='word_1_264' title='bbox 2671 1855 2748 1928; x_wconf 82' lang='grc' dir='ltr'>μὴ</span> <span class='ocrx_word' id='word_1_265' title='bbox 2770 1831 3161 1929; x_wconf 70' lang='grc' dir='ltr'>συμπερίλάϐοι</span> <span class='ocrx_word' id='word_1_266' title='bbox 3184 1854 3310 1917; x_wconf 85' lang='grc' dir='ltr'>τοὺς</span> <span class='ocrx_word' id='word_1_267' title='bbox 3334 1831 3525 1921; x_wconf 81' lang='grc' dir='ltr'>άγίους</span> <span class='ocrx_word' id='word_1_268' title='bbox 3545 1852 3631 1905; x_wconf 77' lang='grc' dir='ltr'><strong>διὰ</strong></span> <span class='ocrx_word' id='word_1_269' title='bbox 3648 1853 3747 1920; x_wconf 78' lang='grc' dir='ltr'>τῆς</span> 
     </span>
    </p>
   </div>
   <div class='ocr_carea' id='block_1_36' title="bbox 493 1942 2402 2020">
    <p class='ocr_par' dir='ltr' id='par_1_36' title="bbox 493 1942 2402 2020">
     <span class='ocr_line' id='line_1_36' title="bbox 493 1942 2402 2020; baseline 0.003 -22"><span class='ocrx_word' id='word_1_270' title='bbox 493 1944 636 2001; x_wconf 88' lang='lat' dir='ltr'><strong>Deus</strong></span> <span class='ocrx_word' id='word_1_271' title='bbox 667 1954 806 2009; x_wconf 88' lang='lat' dir='ltr'><strong>erat,</strong></span> <span class='ocrx_word' id='word_1_272' title='bbox 858 1945 961 2000; x_wconf 90' lang='lat' dir='ltr'><strong>hoc</strong></span> <span class='ocrx_word' id='word_1_273' title='bbox 992 1955 1046 2000; x_wconf 84' lang='lat' dir='ltr'><strong>ct</strong></span> <span class='ocrx_word' id='word_1_274' title='bbox 1074 1943 1310 1999; x_wconf 83' lang='lat' dir='ltr'><strong>Verbum</strong></span> <span class='ocrx_word' id='word_1_275' title='bbox 1351 1952 1491 2008; x_wconf 88' lang='lat' dir='ltr'><strong>erat,</strong></span> <span class='ocrx_word' id='word_1_276' title='bbox 1527 1958 1655 1998; x_wconf 89' lang='lat' dir='ltr'><strong>nam</strong></span> <span class='ocrx_word' id='word_1_277' title='bbox 1704 1952 1759 1998; x_wconf 89' lang='lat' dir='ltr'><strong>et</strong></span> <span class='ocrx_word' id='word_1_278' title='bbox 1788 1943 1892 1998; x_wconf 90' lang='lat' dir='ltr'><strong>hoc</strong></span> <span class='ocrx_word' id='word_1_279' title='bbox 1923 1942 2065 1999; x_wconf 89' lang='lat' dir='ltr'><strong>Deus</strong></span> <span class='ocrx_word' id='word_1_280' title='bbox 2172 1944 2402 2020; x_wconf 76' lang='grc' dir='ltr'>ὕϐρεως.</span> 
     </span>
    </p>
   </div>
   <div class='ocr_carea' id='block_1_37' title="bbox 493 2033 3757 2107">
    <p class='ocr_par' dir='ltr' id='par_1_37' title="bbox 493 2033 3757 2107">
     <span class='ocr_line' id='line_1_37' title="bbox 493 2033 3757 2107; baseline -0.001 -19"><span class='ocrx_word' id='word_1_281' title='bbox 493 2041 630 2092; x_wconf 89' lang='lat' dir='ltr'><strong>erat.</strong></span> <span class='ocrx_word' id='word_1_282' title='bbox 672 2034 779 2091; x_wconf 90' lang='lat' dir='ltr'><strong>Sed</strong></span> <span class='ocrx_word' id='word_1_283' title='bbox 818 2036 1041 2106; x_wconf 87' lang='lat' dir='ltr'><strong>quando</strong></span> <span class='ocrx_word' id='word_1_284' title='bbox 1073 2037 1129 2090; x_wconf 94' lang='lat' dir='ltr'><strong>in</strong></span> <span class='ocrx_word' id='word_1_285' title='bbox 1175 2036 1396 2105; x_wconf 90' lang='lat' dir='ltr'><strong>propria</strong></span> <span class='ocrx_word' id='word_1_286' title='bbox 1442 2035 1615 2100; x_wconf 83' lang='lat' dir='ltr'><strong>venit,</strong></span> <span class='ocrx_word' id='word_1_287' title='bbox 1663 2042 1718 2090; x_wconf 91' lang='lat' dir='ltr'><strong>et</strong></span> <span class='ocrx_word' id='word_1_288' title='bbox 1749 2035 1805 2090; x_wconf 92' lang='lat' dir='ltr'><strong>in</strong></span> <span class='ocrx_word' id='word_1_289' title='bbox 1834 2033 2077 2090; x_wconf 84' lang='lat' dir='ltr'><strong>tenebris</strong></span> <span class='ocrx_word' id='word_1_290' title='bbox 2114 2034 2274 2103; x_wconf 83' lang='lat' dir='ltr'><strong>luxit,</strong></span> <span class='ocrx_word' id='word_1_291' title='bbox 2326 2048 2459 2096; x_wconf 90' lang='lat' dir='ltr'><strong>tunc</strong></span> <span class='ocrx_word' id='word_1_292' title='bbox 2524 2041 2765 2097; x_wconf 78' lang='lat' dir='ltr'><strong>Verbum</strong></span> <span class='ocrx_word' id='word_1_293' title='bbox 2806 2056 2936 2096; x_wconf 89' lang='lat' dir='ltr'><strong>caro</strong></span> <span class='ocrx_word' id='word_1_294' title='bbox 2976 2041 3177 2095; x_wconf 83' lang='lat' dir='ltr'><strong>factum</strong></span> <span class='ocrx_word' id='word_1_295' title='bbox 3218 2049 3324 2100; x_wconf 91' lang='lat' dir='ltr'><strong>est,</strong></span> <span class='ocrx_word' id='word_1_296' title='bbox 3390 2034 3604 2107; x_wconf 87' lang='lat' dir='ltr'><strong>propria</strong></span> <span class='ocrx_word' id='word_1_297' title='bbox 3642 2035 3757 2085; x_wconf 75' lang='lat' dir='ltr'><strong>vir-</strong></span> 
     </span>
    </p>
   </div>
   <div class='ocr_carea' id='block_1_38' title="bbox 490 2125 3758 2201">
    <p class='ocr_par' dir='ltr' id='par_1_38' title="bbox 490 2125 3758 2201">
     <span class='ocr_line' id='line_1_38' title="bbox 490 2125 3758 2201; baseline -0.002 -15"><span class='ocrx_word' id='word_1_298' title='bbox 490 2137 610 2186; x_wconf 84' lang='lat' dir='ltr'><strong>tute</strong></span> <span class='ocrx_word' id='word_1_299' title='bbox 660 2129 714 2184; x_wconf 92' lang='lat' dir='ltr'><strong>in</strong></span> <span class='ocrx_word' id='word_1_300' title='bbox 755 2125 1001 2200; x_wconf 78' lang='lat' dir='ltr'><strong>Virginis</strong></span> <span class='ocrx_word' id='word_1_301' title='bbox 1034 2136 1194 2185; x_wconf 89' lang='lat' dir='ltr'><strong>utero</strong></span> <span class='ocrx_word' id='word_1_302' title='bbox 1228 2142 1359 2183; x_wconf 90' lang='lat' dir='ltr'><strong>caro</strong></span> <span class='ocrx_word' id='word_1_303' title='bbox 1404 2125 1632 2183; x_wconf 82' lang='lat' dir='ltr'><strong>factum.</strong></span> <span class='ocrx_word' id='word_1_304' title='bbox 1665 2126 1858 2183; x_wconf 83' lang='lat' dir='ltr'><strong>Cesset</strong></span> <span class='ocrx_word' id='word_1_305' title='bbox 1926 2127 2113 2198; x_wconf 85' lang='lat' dir='ltr'><strong>itaque</strong></span> <span class='ocrx_word' id='word_1_306' title='bbox 2181 2132 2343 2189; x_wconf 78' lang='lat' dir='ltr'><strong>nobis</strong></span> <span class='ocrx_word' id='word_1_307' title='bbox 2382 2135 2705 2201; x_wconf 89' lang='lat' dir='ltr'><strong>conviciari,</strong></span> <span class='ocrx_word' id='word_1_308' title='bbox 2757 2150 2827 2190; x_wconf 91' lang='lat' dir='ltr'><strong>ne</strong></span> <span class='ocrx_word' id='word_1_309' title='bbox 2878 2141 3100 2189; x_wconf 89' lang='lat' dir='ltr'><strong>sanctos</strong></span> <span class='ocrx_word' id='word_1_310' title='bbox 3145 2132 3350 2188; x_wconf 88' lang='lat' dir='ltr'><strong>eisdem</strong></span> <span class='ocrx_word' id='word_1_311' title='bbox 3406 2126 3758 2183; x_wconf 79' lang='lat' dir='ltr'><strong>contumeliis</strong></span> 
     </span>
    </p>
   </div>
   <div class='ocr_carea' id='block_1_39' title="bbox 492 2214 755 2276">
    <p class='ocr_par' dir='ltr' id='par_1_39' title="bbox 492 2214 755 2276">
     <span class='ocr_line' id='line_1_39' title="bbox 492 2214 755 2276; baseline 0 0"><span class='ocrx_word' id='word_1_312' title='bbox 492 2214 755 2276; x_wconf 81' lang='lat' dir='ltr'><strong>involvat.</strong></span> 
     </span>
    </p>
   </div>
   <div class='ocr_carea' id='block_1_40' title="bbox 562 2307 2080 2388">
    <p class='ocr_par' dir='ltr' id='par_1_40' title="bbox 562 2313 2080 2385">
     <span class='ocr_line' id='line_1_40' title="bbox 562 2313 2080 2385; baseline -0.001 -15"><span class='ocrx_word' id='word_1_313' title='bbox 562 2314 800 2370; x_wconf 74' lang='lat' dir='ltr'><strong>XXVIII.</strong></span> <span class='ocrx_word' id='word_1_314' title='bbox 835 2315 1005 2369; x_wconf 90' lang='lat' dir='ltr'><strong>Porro</strong></span> <span class='ocrx_word' id='word_1_315' title='bbox 1036 2313 1426 2385; x_wconf 81' lang='lat' dir='ltr'><strong>praetermissis</strong></span> <span class='ocrx_word' id='word_1_316' title='bbox 1453 2313 1525 2370; x_wconf 89' lang='lat' dir='ltr'><strong>iis</strong></span> <span class='ocrx_word' id='word_1_317' title='bbox 1547 2329 1671 2385; x_wconf 65' lang='lat' dir='ltr'><strong>quae</strong></span> <span class='ocrx_word' id='word_1_318' title='bbox 1694 2313 1785 2369; x_wconf 92' lang='lat' dir='ltr'><strong>hic</strong></span> <span class='ocrx_word' id='word_1_319' title='bbox 1820 2313 1889 2369; x_wconf 88' lang='lat' dir='ltr'><strong>ab</strong></span> <span class='ocrx_word' id='word_1_320' title='bbox 1914 2313 2080 2384; x_wconf 85' lang='lat' dir='ltr'><strong>Apol-</strong></span> 
     </span>
    </p>
   </div>
   <div class='ocr_carea' id='block_1_41' title="bbox 2183 2307 3760 2388">
    <p class='ocr_par' dir='ltr' id='par_1_41' title="bbox 2248 2307 3760 2388">
     <span class='ocr_line' id='line_1_41' title="bbox 2248 2307 3760 2388; baseline -0.004 -17"><span class='ocrx_word' id='word_1_321' title='bbox 2248 2318 2331 2373; x_wconf 83' lang='grc' dir='ltr'>Τὰ</span> <span class='ocrx_word' id='word_1_322' title='bbox 2350 2318 2407 2371; x_wconf 83' lang='grc' dir='ltr'><strong>δὲ</strong></span> <span class='ocrx_word' id='word_1_323' title='bbox 2429 2317 2518 2371; x_wconf 85' lang='grc' dir='ltr'>διά</span> <span class='ocrx_word' id='word_1_324' title='bbox 2548 2316 2712 2388; x_wconf 81' lang='grc' dir='ltr'><strong>μέσου</strong></span> <span class='ocrx_word' id='word_1_325' title='bbox 2731 2316 2950 2388; x_wconf 72' lang='grc' dir='ltr'>παρεὶς,</span> <span class='ocrx_word' id='word_1_326' title='bbox 2976 2315 3043 2368; x_wconf 76' lang='grc' dir='ltr'><strong>δι’</strong></span> <span class='ocrx_word' id='word_1_327' title='bbox 3063 2307 3138 2368; x_wconf 81' lang='grc' dir='ltr'>ὧν</span> <span class='ocrx_word' id='word_1_328' title='bbox 3157 2311 3498 2385; x_wconf 82' lang='grc' dir='ltr'><strong>ἀρνήσασθαι</strong></span> <span class='ocrx_word' id='word_1_329' title='bbox 3526 2309 3593 2365; x_wconf 86' lang='grc' dir='ltr'><strong>τά</strong></span> <span class='ocrx_word' id='word_1_330' title='bbox 3613 2313 3760 2365; x_wconf 79' lang='grc' dir='ltr'>κατᾶ</span> 
     </span>
    </p>
   </div>
   <div class='ocr_carea' id='block_1_42' title="bbox 491 2400 2080 2482">
    <p class='ocr_par' dir='ltr' id='par_1_42' title="bbox 491 2400 2080 2479">
     <span class='ocr_line' id='line_1_42' title="bbox 491 2400 2080 2479; baseline -0.001 -14"><span class='ocrx_word' id='word_1_331' title='bbox 491 2409 654 2466; x_wconf 85' lang='lat' dir='ltr'><strong>linari</strong></span> <span class='ocrx_word' id='word_1_332' title='bbox 694 2409 977 2476; x_wconf 88' lang='lat' dir='ltr'><strong>iuterjecta</strong></span> <span class='ocrx_word' id='word_1_333' title='bbox 1012 2408 1161 2475; x_wconf 89' lang='lat' dir='ltr'><strong>sunt,</strong></span> <span class='ocrx_word' id='word_1_334' title='bbox 1199 2408 1401 2479; x_wconf 88' lang='lat' dir='ltr'><strong>quibus</strong></span> <span class='ocrx_word' id='word_1_335' title='bbox 1432 2406 1833 2463; x_wconf 88' lang='lat' dir='ltr'><strong>lncarnationis</strong></span> <span class='ocrx_word' id='word_1_336' title='bbox 1880 2400 2080 2479; x_wconf 70' lang='lat' dir='ltr'><strong>myste—</strong></span> 
     </span>
    </p>
   </div>
   <div class='ocr_carea' id='block_1_43' title="bbox 2183 2400 3762 2482">
    <p class='ocr_par' dir='ltr' id='par_1_43' title="bbox 2183 2402 3762 2482">
     <span class='ocr_line' id='line_1_43' title="bbox 2183 2402 3762 2482; baseline -0.006 -17"><span class='ocrx_word' id='word_1_337' title='bbox 2183 2411 2238 2465; x_wconf 86' lang='grc' dir='ltr'><strong>τὸ</strong></span> <span class='ocrx_word' id='word_1_338' title='bbox 2293 2412 2590 2482; x_wconf 84' lang='grc' dir='ltr'>μυστήριον</span> <span class='ocrx_word' id='word_1_339' title='bbox 2633 2410 2803 2462; x_wconf 75' lang='grc' dir='ltr'>οἴεται</span> <span class='ocrx_word' id='word_1_340' title='bbox 2857 2410 2983 2471; x_wconf 86' lang='grc' dir='ltr'>τοὺς</span> <span class='ocrx_word' id='word_1_341' title='bbox 3025 2408 3097 2478; x_wconf 82' lang='grc' dir='ltr'><strong>μὴ</strong></span> <span class='ocrx_word' id='word_1_342' title='bbox 3134 2406 3202 2458; x_wconf 82' lang='grc' dir='ltr'><strong>τά</strong></span> <span class='ocrx_word' id='word_1_343' title='bbox 3238 2404 3377 2458; x_wconf 79' lang='grc' dir='ltr'>αὐτὰ</span> <span class='ocrx_word' id='word_1_344' title='bbox 3430 2402 3762 2475; x_wconf 79' lang='grc' dir='ltr'>φρονοῦντας</span> 
     </span>
    </p>
   </div>
   <div class='ocr_carea' id='block_1_44' title="bbox 493 2492 2080 2571">
    <p class='ocr_par' dir='ltr' id='par_1_44' title="bbox 493 2499 2080 2570">
     <span class='ocr_line' id='line_1_44' title="bbox 493 2499 2080 2570; baseline -0.001 -13"><span class='ocrx_word' id='word_1_345' title='bbox 493 2503 638 2556; x_wconf 86' lang='lat' dir='ltr'><strong>rium</strong></span> <span class='ocrx_word' id='word_1_346' title='bbox 676 2499 891 2555; x_wconf 80' lang='lat' dir='ltr'><strong>inﬁcias</strong></span> <span class='ocrx_word' id='word_1_347' title='bbox 923 2501 1001 2555; x_wconf 90' lang='lat' dir='ltr'><strong>ire</strong></span> <span class='ocrx_word' id='word_1_348' title='bbox 1034 2501 1155 2556; x_wconf 80' lang='lat' dir='ltr'><strong>illos</strong></span> <span class='ocrx_word' id='word_1_349' title='bbox 1186 2508 1373 2556; x_wconf 88' lang='lat' dir='ltr'><strong>censet</strong></span> <span class='ocrx_word' id='word_1_350' title='bbox 1398 2501 1491 2570; x_wconf 91' lang='lat' dir='ltr'><strong>qui</strong></span> <span class='ocrx_word' id='word_1_351' title='bbox 1515 2500 1703 2556; x_wconf 89' lang='lat' dir='ltr'><strong>eadem</strong></span> <span class='ocrx_word' id='word_1_352' title='bbox 1740 2514 1803 2554; x_wconf 89' lang='lat' dir='ltr'><strong>ac</strong></span> <span class='ocrx_word' id='word_1_353' title='bbox 1827 2501 1943 2570; x_wconf 88' lang='lat' dir='ltr'><strong>ipse</strong></span> <span class='ocrx_word' id='word_1_354' title='bbox 1970 2515 2080 2555; x_wconf 91' lang='lat' dir='ltr'><strong>non</strong></span> 
     </span>
    </p>
   </div>
   <div class='ocr_carea' id='block_1_45' title="bbox 2183 2492 3761 2571">
    <p class='ocr_par' dir='ltr' id='par_1_45' title="bbox 2183 2492 3761 2571">
     <span class='ocr_line' id='line_1_45' title="bbox 2183 2492 3761 2571; baseline -0.006 -16"><span class='ocrx_word' id='word_1_355' title='bbox 2183 2494 2347 2571; x_wconf 74' lang='grc' dir='ltr'>αὐτῷ,</span> <span class='ocrx_word' id='word_1_356' title='bbox 2377 2500 2495 2563; x_wconf 82' lang='grc' dir='ltr'>ἐνὸς</span> <span class='ocrx_word' id='word_1_357' title='bbox 2519 2501 2627 2553; x_wconf 84' lang='grc' dir='ltr'>τῶν</span> <span class='ocrx_word' id='word_1_358' title='bbox 2659 2501 2715 2551; x_wconf 81' lang='grc' dir='ltr'>ὲν</span> <span class='ocrx_word' id='word_1_359' title='bbox 2760 2501 2826 2570; x_wconf 82' lang='grc' dir='ltr'>τῇ</span> <span class='ocrx_word' id='word_1_360' title='bbox 2868 2498 3155 2567; x_wconf 81' lang='grc' dir='ltr'>καταφορᾷ</span> <span class='ocrx_word' id='word_1_361' title='bbox 3182 2495 3317 2568; x_wconf 88' lang='grc' dir='ltr'>πρὸς</span> <span class='ocrx_word' id='word_1_362' title='bbox 3347 2492 3595 2565; x_wconf 86' lang='grc' dir='ltr'>διαϐολὴν</span> <span class='ocrx_word' id='word_1_363' title='bbox 3619 2496 3761 2563; x_wconf 77' lang='grc' dir='ltr'>ἡμε-</span> 
     </span>
    </p>
   </div>
   <div class='ocr_carea' id='block_1_46' title="bbox 496 2592 2083 2661">
    <p class='ocr_par' dir='ltr' id='par_1_46' title="bbox 496 2592 2083 2661">
     <span class='ocr_line' id='line_1_46' title="bbox 496 2592 2083 2661; baseline -0.001 -12"><span class='ocrx_word' id='word_1_364' title='bbox 496 2593 765 2656; x_wconf 89' lang='lat' dir='ltr'><strong>sentiunt,</strong></span> <span class='ocrx_word' id='word_1_365' title='bbox 803 2607 967 2646; x_wconf 88' lang='lat' dir='ltr'><strong>unam</strong></span> <span class='ocrx_word' id='word_1_366' title='bbox 998 2600 1213 2646; x_wconf 90' lang='lat' dir='ltr'><strong>tantum</strong></span> <span class='ocrx_word' id='word_1_367' title='bbox 1246 2607 1435 2645; x_wconf 86' lang='lat' dir='ltr'><strong>earum</strong></span> <span class='ocrx_word' id='word_1_368' title='bbox 1467 2607 1647 2646; x_wconf 90' lang='lat' dir='ltr'><strong>rerum</strong></span> <span class='ocrx_word' id='word_1_369' title='bbox 1675 2602 1813 2661; x_wconf 77' lang='lat' dir='ltr'><strong>Quas</strong></span> <span class='ocrx_word' id='word_1_370' title='bbox 1842 2592 1896 2645; x_wconf 92' lang='lat' dir='ltr'><strong>in</strong></span> <span class='ocrx_word' id='word_1_371' title='bbox 1928 2606 2083 2647; x_wconf 86' lang='lat' dir='ltr'><strong>accu-</strong></span> 
     </span>
    </p>
   </div>
   <div class='ocr_carea' id='block_1_47' title="bbox 496 2680 2084 2752">
    <p class='ocr_par' dir='ltr' id='par_1_47' title="bbox 496 2680 2084 2752">
     <span class='ocr_line' id='line_1_47' title="bbox 496 2680 2084 2752; baseline -0.002 -14"><span class='ocrx_word' id='word_1_372' title='bbox 496 2684 730 2739; x_wconf 87' lang='lat' dir='ltr'><strong>sationis</strong></span> <span class='ocrx_word' id='word_1_373' title='bbox 758 2691 897 2737; x_wconf 68' lang='lat' dir='ltr'><strong>azstu</strong></span> <span class='ocrx_word' id='word_1_374' title='bbox 928 2682 995 2736; x_wconf 88' lang='lat' dir='ltr'><strong>ad</strong></span> <span class='ocrx_word' id='word_1_375' title='bbox 1030 2680 1376 2737; x_wconf 85' lang='lat' dir='ltr'><strong>conﬂandum</strong></span> <span class='ocrx_word' id='word_1_376' title='bbox 1402 2682 1564 2736; x_wconf 84' lang='lat' dir='ltr'><strong>nobis</strong></span> <span class='ocrx_word' id='word_1_377' title='bbox 1597 2682 1926 2735; x_wconf 86' lang='lat' dir='ltr'><strong>calumniam</strong></span> <span class='ocrx_word' id='word_1_378' title='bbox 1956 2696 2084 2752; x_wconf 93' lang='lat' dir='ltr'><strong>pro-</strong></span> 
     </span>
    </p>
   </div>
   <div class='ocr_carea' id='block_1_48' title="bbox 497 2773 2082 2842">
    <p class='ocr_par' dir='ltr' id='par_1_48' title="bbox 497 2773 2082 2842">
     <span class='ocr_line' id='line_1_48' title="bbox 497 2773 2082 2842; baseline -0.002 -12"><span class='ocrx_word' id='word_1_379' title='bbox 497 2774 606 2831; x_wconf 73' lang='lat' dir='ltr'><strong>I‘crt</strong></span> <span class='ocrx_word' id='word_1_380' title='bbox 653 2775 1114 2830; x_wconf 88' lang='lat' dir='ltr'><strong>commemorabo.</strong></span> <span class='ocrx_word' id='word_1_381' title='bbox 1150 2774 1242 2828; x_wconf 83' lang='lat' dir='ltr'><strong>Ait</strong></span> <span class='ocrx_word' id='word_1_382' title='bbox 1286 2774 1456 2837; x_wconf 89' lang='lat' dir='ltr'><strong>enim,</strong></span> <span class='ocrx_word' id='word_1_383' title='bbox 1491 2773 1604 2827; x_wconf 82' lang='lat' dir='ltr'><strong>Nos</strong></span> <span class='ocrx_word' id='word_1_384' title='bbox 1635 2774 1741 2828; x_wconf 79' lang='lat' dir='ltr'><strong>nisi</strong></span> <span class='ocrx_word' id='word_1_385' title='bbox 1785 2774 1898 2842; x_wconf 79' lang='lat' dir='ltr'><strong>ejus</strong></span> <span class='ocrx_word' id='word_1_386' title='bbox 1938 2775 2082 2833; x_wconf 71' lang='lat' dir='ltr'><strong>dicta</strong></span> 
     </span>
    </p>
   </div>
   <div class='ocr_carea' id='block_1_49' title="bbox 498 2862 2085 2934">
    <p class='ocr_par' dir='ltr' id='par_1_49' title="bbox 498 2862 2085 2934">
     <span class='ocr_line' id='line_1_49' title="bbox 498 2862 2085 2934; baseline -0.001 -16"><span class='ocrx_word' id='word_1_387' title='bbox 498 2866 870 2934; x_wconf 73' lang='lat' dir='ltr'><strong>approbemus,</strong></span> <span class='ocrx_word' id='word_1_388' title='bbox 922 2878 1128 2919; x_wconf 82' lang='lat' dir='ltr'><strong>necesse</strong></span> <span class='ocrx_word' id='word_1_389' title='bbox 1173 2880 1287 2919; x_wconf 78' lang='lat' dir='ltr'><strong>esse</strong></span> <span class='ocrx_word' id='word_1_390' title='bbox 1334 2873 1390 2917; x_wconf 90' lang='lat' dir='ltr'><strong>ut</strong></span> <span class='ocrx_word' id='word_1_391' title='bbox 1421 2863 1660 2916; x_wconf 81' lang='lat' dir='ltr'><strong>dicamus</strong></span> <span class='ocrx_word' id='word_1_392' title='bbox 1687 2862 1959 2917; x_wconf 79' lang='lat' dir='ltr'><strong>Christum</strong></span> <span class='ocrx_word' id='word_1_393' title='bbox 1994 2880 2085 2918; x_wconf 85' lang='lat' dir='ltr'><strong>nec</strong></span> 
     </span>
    </p>
   </div>
   <div class='ocr_carea' id='block_1_50' title="bbox 500 2957 2084 3018">
    <p class='ocr_par' dir='ltr' id='par_1_50' title="bbox 500 2957 2084 3018">
     <span class='ocr_line' id='line_1_50' title="bbox 500 2957 2084 3018; baseline -0.003 -7"><span class='ocrx_word' id='word_1_394' title='bbox 500 2967 622 3011; x_wconf 82' lang='lat' dir='ltr'><strong>ante</strong></span> <span class='ocrx_word' id='word_1_395' title='bbox 677 2965 941 3010; x_wconf 83' lang='lat' dir='ltr'><strong>terrenam</strong></span> <span class='ocrx_word' id='word_1_396' title='bbox 986 2970 1139 3010; x_wconf 84' lang='lat' dir='ltr'><strong>suam</strong></span> <span class='ocrx_word' id='word_1_397' title='bbox 1192 2957 1547 3018; x_wconf 82' lang='lat' dir='ltr'><strong>nativitatem,</strong></span> <span class='ocrx_word' id='word_1_398' title='bbox 1583 2970 1674 3008; x_wconf 83' lang='lat' dir='ltr'><strong>nec</strong></span> <span class='ocrx_word' id='word_1_399' title='bbox 1726 2967 1847 3008; x_wconf 88' lang='lat' dir='ltr'><strong>ante</strong></span> <span class='ocrx_word' id='word_1_400' title='bbox 1880 2972 2084 3010; x_wconf 88' lang='lat' dir='ltr'><strong>omnem</strong></span> 
     </span>
    </p>
   </div>
   <div class='ocr_carea' id='block_1_51' title="bbox 499 3046 2088 3118">
    <p class='ocr_par' dir='ltr' id='par_1_51' title="bbox 499 3046 2088 3118">
     <span class='ocr_line' id='line_1_51' title="bbox 499 3046 2088 3118; baseline -0.001 -16"><span class='ocrx_word' id='word_1_401' title='bbox 499 3057 802 3103; x_wconf 81' lang='lat' dir='ltr'><strong>creaturam</strong></span> <span class='ocrx_word' id='word_1_402' title='bbox 822 3048 1009 3117; x_wconf 73' lang='lat' dir='ltr'><strong>fuisse,</strong></span> <span class='ocrx_word' id='word_1_403' title='bbox 1041 3063 1202 3117; x_wconf 80' lang='lat' dir='ltr'><strong>neque</strong></span> <span class='ocrx_word' id='word_1_404' title='bbox 1222 3048 1383 3100; x_wconf 88' lang='lat' dir='ltr'><strong>etiam</strong></span> <span class='ocrx_word' id='word_1_405' title='bbox 1409 3046 1643 3117; x_wconf 80' lang='lat' dir='ltr'><strong>ejusdem</strong></span> <span class='ocrx_word' id='word_1_406' title='bbox 1668 3062 1731 3100; x_wconf 86' lang='lat' dir='ltr'><strong>ac</strong></span> <span class='ocrx_word' id='word_1_407' title='bbox 1756 3047 1919 3101; x_wconf 87' lang='lat' dir='ltr'><strong>Deum</strong></span> <span class='ocrx_word' id='word_1_408' title='bbox 1942 3064 2088 3118; x_wconf 77' lang='lat' dir='ltr'><strong>gene-</strong></span> 
     </span>
    </p>
   </div>
   <div class='ocr_carea' id='block_1_52' title="bbox 2178 2584 3759 2665">
    <p class='ocr_par' dir='ltr' id='par_1_52' title="bbox 2178 2584 3759 2665">
     <span class='ocr_line' id='line_1_52' title="bbox 2178 2584 3759 2665; baseline -0.001 -18"><span class='ocrx_word' id='word_1_409' title='bbox 2178 2594 2341 2665; x_wconf 84' lang='grc' dir='ltr'>τέραν</span> <span class='ocrx_word' id='word_1_410' title='bbox 2368 2592 2670 2664; x_wconf 73' lang='grc' dir='ltr'>εἰρημένων</span> <span class='ocrx_word' id='word_1_411' title='bbox 2695 2589 3195 2661; x_wconf 76' lang='grc' dir='ltr'>ἐπιμνησθήσομαι.</span> <span class='ocrx_word' id='word_1_412' title='bbox 3225 2587 3363 2658; x_wconf 76' lang='grc' dir='ltr'>Φησὶ</span> <span class='ocrx_word' id='word_1_413' title='bbox 3391 2586 3522 2658; x_wconf 81' lang='grc' dir='ltr'>γὰρ,</span> <span class='ocrx_word' id='word_1_414' title='bbox 3552 2584 3759 2655; x_wconf 70' lang='grc' dir='ltr'>Ἡμᾶς.</span> 
     </span>
    </p>
   </div>
   <div class='ocr_carea' id='block_1_53' title="bbox 2179 2675 3763 2755">
    <p class='ocr_par' dir='ltr' id='par_1_53' title="bbox 2179 2675 3763 2755">
     <span class='ocr_line' id='line_1_53' title="bbox 2179 2675 3763 2755; baseline -0.006 -16"><span class='ocrx_word' id='word_1_415' title='bbox 2179 2688 2232 2739; x_wconf 79' lang='grc' dir='ltr'>εἰ</span> <span class='ocrx_word' id='word_1_416' title='bbox 2250 2685 2336 2755; x_wconf 82' lang='grc' dir='ltr'>μὴ</span> <span class='ocrx_word' id='word_1_417' title='bbox 2363 2685 2558 2739; x_wconf 81' lang='grc' dir='ltr'>ἐκεῖνο</span> <span class='ocrx_word' id='word_1_418' title='bbox 2573 2685 2848 2752; x_wconf 73' lang='grc' dir='ltr'>λέγομεν,</span> <span class='ocrx_word' id='word_1_419' title='bbox 2868 2682 3023 2751; x_wconf 79' lang='grc' dir='ltr'>μήτε</span> <span class='ocrx_word' id='word_1_420' title='bbox 3046 2678 3453 2750; x_wconf 81' lang='grc' dir='ltr'>προϋπάρχειν</span> <span class='ocrx_word' id='word_1_421' title='bbox 3466 2677 3659 2746; x_wconf 82' lang='grc' dir='ltr'><strong>τῆςέν</strong></span> <span class='ocrx_word' id='word_1_422' title='bbox 3686 2675 3763 2745; x_wconf 77' lang='grc' dir='ltr'>γῇ</span> 
     </span>
    </p>
   </div>
   <div class='ocr_carea' id='block_1_54' title="bbox 2180 2767 3764 2847">
    <p class='ocr_par' dir='ltr' id='par_1_54' title="bbox 2180 2767 3764 2847">
     <span class='ocr_line' id='line_1_54' title="bbox 2180 2767 3764 2847; baseline -0.006 -16"><span class='ocrx_word' id='word_1_423' title='bbox 2180 2776 2537 2847; x_wconf 77' lang='grc' dir='ltr'>γεννήσεως,</span> <span class='ocrx_word' id='word_1_424' title='bbox 2566 2774 2720 2843; x_wconf 80' lang='grc' dir='ltr'>μήτε</span> <span class='ocrx_word' id='word_1_425' title='bbox 2758 2774 2868 2842; x_wconf 80' lang='grc' dir='ltr'><strong>πρὸ</strong></span> <span class='ocrx_word' id='word_1_426' title='bbox 2901 2772 3142 2826; x_wconf 77' lang='grc' dir='ltr'>πάντων</span> <span class='ocrx_word' id='word_1_427' title='bbox 3181 2767 3335 2825; x_wconf 79' lang='grc' dir='ltr'>εἶναι</span> <span class='ocrx_word' id='word_1_428' title='bbox 3361 2768 3583 2839; x_wconf 72' lang='grc' dir='ltr'>λέγειν,</span> <span class='ocrx_word' id='word_1_429' title='bbox 3609 2768 3764 2836; x_wconf 77' lang='grc' dir='ltr'>μήτε</span> 
     </span>
    </p>
   </div>
   <div class='ocr_carea' id='block_1_55' title="bbox 2181 2861 3762 2938">
    <p class='ocr_par' dir='ltr' id='par_1_55' title="bbox 2181 2861 3762 2938">
     <span class='ocr_line' id='line_1_55' title="bbox 2181 2861 3762 2938; baseline -0.007 -16"><span class='ocrx_word' id='word_1_430' title='bbox 2181 2869 2508 2938; x_wconf 68' lang='grc' dir='ltr'>σύμφυλον</span> <span class='ocrx_word' id='word_1_431' title='bbox 2542 2862 2695 2920; x_wconf 71' lang='grc' dir='ltr'>εἶναι</span> <span class='ocrx_word' id='word_1_432' title='bbox 2751 2864 2919 2920; x_wconf 81' lang='grc' dir='ltr'>Θεοῦ.</span> <span class='ocrx_word' id='word_1_433' title='bbox 2964 2864 3123 2918; x_wconf 81' lang='grc' dir='ltr'>Ἀλλὰ</span> <span class='ocrx_word' id='word_1_434' title='bbox 3169 2863 3231 2917; x_wconf 92' lang='grc' dir='ltr'><strong>τὸ</strong></span> <span class='ocrx_word' id='word_1_435' title='bbox 3260 2862 3358 2933; x_wconf 82' lang='grc' dir='ltr'>μὲν</span> <span class='ocrx_word' id='word_1_436' title='bbox 3389 2861 3762 2933; x_wconf 64' lang='grc' dir='ltr'>προϋπάρχειν</span> 
     </span>
    </p>
   </div>
   <div class='ocr_carea' id='block_1_56' title="bbox 2182 2952 3761 3030">
    <p class='ocr_par' dir='ltr' id='par_1_56' title="bbox 2182 2952 3761 3030">
     <span class='ocr_line' id='line_1_56' title="bbox 2182 2952 3761 3030; baseline -0.007 -13"><span class='ocrx_word' id='word_1_437' title='bbox 2182 2961 2344 3017; x_wconf 80' lang='grc' dir='ltr'>αὑτὸν</span> <span class='ocrx_word' id='word_1_438' title='bbox 2373 2960 2471 3029; x_wconf 81' lang='grc' dir='ltr'>τῆς</span> <span class='ocrx_word' id='word_1_439' title='bbox 2494 2960 2686 3030; x_wconf 85' lang='grc' dir='ltr'>γηῖνης</span> <span class='ocrx_word' id='word_1_440' title='bbox 2719 2957 2883 3012; x_wconf 78' lang='grc' dir='ltr'>αὑτοῦ</span> <span class='ocrx_word' id='word_1_441' title='bbox 2904 2959 3209 3027; x_wconf 81' lang='grc' dir='ltr'>γεννήσεως</span> <span class='ocrx_word' id='word_1_442' title='bbox 3230 2957 3341 3025; x_wconf 82' lang='grc' dir='ltr'><strong>(Η)</strong></span> <span class='ocrx_word' id='word_1_443' title='bbox 3370 2952 3761 3026; x_wconf 80' lang='grc' dir='ltr'>ὁμολογοῦμεν.</span> 
     </span>
    </p>
   </div>
   <div class='ocr_carea' id='block_1_57' title="bbox 2185 3042 3767 3123">
    <p class='ocr_par' dir='ltr' id='par_1_57' title="bbox 2185 3042 3767 3123">
     <span class='ocr_line' id='line_1_57' title="bbox 2185 3042 3767 3123; baseline -0.006 -19"><span class='ocrx_word' id='word_1_444' title='bbox 2185 3052 2342 3123; x_wconf 81' lang='grc' dir='ltr'>εῐπερ</span> <span class='ocrx_word' id='word_1_445' title='bbox 2367 3053 2430 3104; x_wconf 82' lang='grc' dir='ltr'>ὲκ</span> <span class='ocrx_word' id='word_1_446' title='bbox 2450 3051 2548 3120; x_wconf 83' lang='grc' dir='ltr'>τῆς</span> <span class='ocrx_word' id='word_1_447' title='bbox 2570 3050 2764 3121; x_wconf 79' lang='grc' dir='ltr'>γηῖνης</span> <span class='ocrx_word' id='word_1_448' title='bbox 2796 3050 3107 3111; x_wconf 84' lang='grc' dir='ltr'>συστάσεως</span> <span class='ocrx_word' id='word_1_449' title='bbox 3138 3048 3171 3118; x_wconf 88' lang='grc' dir='ltr'><strong>ή</strong></span> <span class='ocrx_word' id='word_1_450' title='bbox 3201 3045 3338 3117; x_wconf 84' lang='grc' dir='ltr'>σὰρξ</span> <span class='ocrx_word' id='word_1_451' title='bbox 3370 3042 3509 3099; x_wconf 82' lang='grc' dir='ltr'>εἶναι</span> <span class='ocrx_word' id='word_1_452' title='bbox 3536 3045 3634 3098; x_wconf 83' lang='grc' dir='ltr'>οὐκ</span> <span class='ocrx_word' id='word_1_453' title='bbox 3658 3044 3767 3113; x_wconf 88' lang='grc' dir='ltr'>ἁμ-</span> 
     </span>
    </p>
   </div>
   <div class='ocr_carea' id='block_1_58' title="bbox 497 3112 2080 3212">
    <p class='ocr_par' dir='ltr' id='par_1_58' title="bbox 497 3137 2080 3210">
     <span class='ocr_line' id='line_1_58' title="bbox 497 3137 2080 3210; baseline -0.001 -15"><span class='ocrx_word' id='word_1_454' title='bbox 497 3142 576 3195; x_wconf 77' lang='lat' dir='ltr'><strong>ris</strong></span> <span class='ocrx_word' id='word_1_455' title='bbox 606 3156 718 3196; x_wconf 77' lang='lat' dir='ltr'><strong>esse</strong></span> <span class='ocrx_word' id='word_1_456' title='bbox 738 3141 806 3195; x_wconf 88' lang='lat'><strong>&quot;.</strong></span> <span class='ocrx_word' id='word_1_457' title='bbox 838 3139 1003 3210; x_wconf 80' lang='lat' dir='ltr'><strong>Atqui</strong></span> <span class='ocrx_word' id='word_1_458' title='bbox 1030 3137 1309 3194; x_wconf 83' lang='lat' dir='ltr'><strong>Christum</strong></span> <span class='ocrx_word' id='word_1_459' title='bbox 1340 3149 1631 3210; x_wconf 88' lang='lat' dir='ltr'><strong>antequam</strong></span> <span class='ocrx_word' id='word_1_460' title='bbox 1654 3140 1707 3194; x_wconf 92' lang='lat' dir='ltr'><strong>in</strong></span> <span class='ocrx_word' id='word_1_461' title='bbox 1726 3148 1870 3193; x_wconf 86' lang='lat' dir='ltr'><strong>terra</strong></span> <span class='ocrx_word' id='word_1_462' title='bbox 1891 3156 2080 3195; x_wconf 88' lang='lat' dir='ltr'><strong>nasce-</strong></span> 
     </span>
    </p>
   </div>
   <div class='ocr_carea' id='block_1_59' title="bbox 2183 3112 3767 3212">
    <p class='ocr_par' dir='ltr' id='par_1_59' title="bbox 2187 3112 3767 3212">
     <span class='ocr_line' id='line_1_59' title="bbox 2187 3112 3767 3212; baseline -0.004 -17"><span class='ocrx_word' id='word_1_463' title='bbox 2187 3112 2543 3212; x_wconf 42' lang='lat' dir='ltr'><strong>(pt6él).81at&#39;;</strong></span> <span class='ocrx_word' id='word_1_464' title='bbox 2658 3112 2731 3194; x_wconf 40' lang='grc' dir='ltr'><strong>δὲ,</strong></span> <span class='ocrx_word' id='word_1_465' title='bbox 2751 3138 3029 3211; x_wconf 83' lang='grc' dir='ltr'>σύμφυλον</span> <span class='ocrx_word' id='word_1_466' title='bbox 3056 3112 3197 3193; x_wconf 75' lang='grc' dir='ltr'>εἶναι</span> <span class='ocrx_word' id='word_1_467' title='bbox 3235 3112 3394 3202; x_wconf 79' lang='grc' dir='ltr'>Θεοῦ,</span> <span class='ocrx_word' id='word_1_468' title='bbox 3415 3137 3618 3205; x_wconf 77' lang='grc' dir='ltr'>ἄπαγε,</span> <span class='ocrx_word' id='word_1_469' title='bbox 3657 3112 3767 3205; x_wconf 75' lang='grc' dir='ltr'><strong>μή·</strong></span> 
     </span>
    </p>
   </div>
   <div class='ocr_carea' id='block_1_60' title="bbox 498 3231 2085 3303">
    <p class='ocr_par' dir='ltr' id='par_1_60' title="bbox 498 3231 2085 3303">
     <span class='ocr_line' id='line_1_60' title="bbox 498 3231 2085 3303; baseline -0.003 -14"><span class='ocrx_word' id='word_1_470' title='bbox 498 3241 655 3289; x_wconf 84' lang='lat' dir='ltr'><strong>retur</strong></span> <span class='ocrx_word' id='word_1_471' title='bbox 705 3233 820 3303; x_wconf 87' lang='lat' dir='ltr'><strong>jam</strong></span> <span class='ocrx_word' id='word_1_472' title='bbox 876 3233 1046 3288; x_wconf 82' lang='lat' dir='ltr'><strong>fuisse</strong></span> <span class='ocrx_word' id='word_1_473' title='bbox 1085 3231 1342 3295; x_wconf 83' lang='lat' dir='ltr'><strong>fatemur,</strong></span> <span class='ocrx_word' id='word_1_474' title='bbox 1391 3231 1438 3286; x_wconf 84' lang='lat' dir='ltr'><strong>si</strong></span> <span class='ocrx_word' id='word_1_475' title='bbox 1493 3233 1655 3287; x_wconf 91' lang='lat' dir='ltr'><strong>modo</strong></span> <span class='ocrx_word' id='word_1_476' title='bbox 1710 3232 1832 3301; x_wconf 88' lang='lat' dir='ltr'><strong>ejus</strong></span> <span class='ocrx_word' id='word_1_477' title='bbox 1862 3247 2085 3287; x_wconf 82' lang='lat' dir='ltr'><strong>carnem</strong></span> 
     </span>
    </p>
   </div>
   <div class='ocr_carea' id='block_1_61' title="bbox 501 3324 2086 3393">
    <p class='ocr_par' dir='ltr' id='par_1_61' title="bbox 501 3324 2086 3393">
     <span class='ocr_line' id='line_1_61' title="bbox 501 3324 2086 3393; baseline 0 -14"><span class='ocrx_word' id='word_1_478' title='bbox 501 3325 781 3380; x_wconf 85' lang='lat' dir='ltr'><strong>terrestris</strong></span> <span class='ocrx_word' id='word_1_479' title='bbox 832 3332 1045 3379; x_wconf 74' lang='lat' dir='ltr'><strong>naturae</strong></span> <span class='ocrx_word' id='word_1_480' title='bbox 1100 3331 1261 3393; x_wconf 88' lang='lat' dir='ltr'><strong>atquc</strong></span> <span class='ocrx_word' id='word_1_481' title='bbox 1322 3324 1736 3379; x_wconf 85' lang='lat' dir='ltr'><strong>constitutionis</strong></span> <span class='ocrx_word' id='word_1_482' title='bbox 1793 3339 1915 3379; x_wconf 87' lang='lat' dir='ltr'><strong>esse</strong></span> <span class='ocrx_word' id='word_1_483' title='bbox 1975 3340 2086 3379; x_wconf 90' lang='lat' dir='ltr'><strong>non</strong></span> 
     </span>
    </p>
   </div>
   <div class='ocr_carea' id='block_1_62' title="bbox 499 3415 2085 3486">
    <p class='ocr_par' dir='ltr' id='par_1_62' title="bbox 499 3415 2085 3486">
     <span class='ocr_line' id='line_1_62' title="bbox 499 3415 2085 3486; baseline -0.003 -13"><span class='ocrx_word' id='word_1_484' title='bbox 499 3416 823 3481; x_wconf 87' lang='lat' dir='ltr'><strong>dubitatur;</strong></span> <span class='ocrx_word' id='word_1_485' title='bbox 873 3415 1118 3486; x_wconf 88' lang='lat' dir='ltr'><strong>ejusdem</strong></span> <span class='ocrx_word' id='word_1_486' title='bbox 1163 3423 1343 3470; x_wconf 87' lang='lat' dir='ltr'><strong>autem</strong></span> <span class='ocrx_word' id='word_1_487' title='bbox 1394 3431 1517 3470; x_wconf 89' lang='lat' dir='ltr'><strong>eum</strong></span> <span class='ocrx_word' id='word_1_488' title='bbox 1567 3418 1785 3484; x_wconf 79' lang='lat' dir='ltr'><strong>generis</strong></span> <span class='ocrx_word' id='word_1_489' title='bbox 1820 3432 1883 3469; x_wconf 91' lang='lat' dir='ltr'><strong>ac</strong></span> <span class='ocrx_word' id='word_1_490' title='bbox 1918 3415 2085 3470; x_wconf 90' lang='lat' dir='ltr'><strong>Deum</strong></span> 
     </span>
    </p>
   </div>
   <div class='ocr_carea' id='block_1_63' title="bbox 495 3507 2087 3578">
    <p class='ocr_par' dir='ltr' id='par_1_63' title="bbox 495 3507 2087 3578">
     <span class='ocr_line' id='line_1_63' title="bbox 495 3507 2087 3578; baseline -0.003 -9"><span class='ocrx_word' id='word_1_491' title='bbox 495 3524 642 3578; x_wconf 84' lang='lat' dir='ltr'><strong>esse,</strong></span> <span class='ocrx_word' id='word_1_492' title='bbox 678 3510 823 3564; x_wconf 90' lang='lat' dir='ltr'><strong>absit</strong></span> <span class='ocrx_word' id='word_1_493' title='bbox 858 3514 919 3562; x_wconf 87' lang='lat' dir='ltr'><strong>ut</strong></span> <span class='ocrx_word' id='word_1_494' title='bbox 957 3508 1246 3563; x_wconf 87' lang='lat' dir='ltr'><strong>dicamus:</strong></span> <span class='ocrx_word' id='word_1_495' title='bbox 1281 3522 1441 3561; x_wconf 86' lang='lat' dir='ltr'><strong>nemo</strong></span> <span class='ocrx_word' id='word_1_496' title='bbox 1474 3507 1911 3562; x_wconf 88' lang='lat' dir='ltr'><strong>Christianorum</strong></span> <span class='ocrx_word' id='word_1_497' title='bbox 1952 3509 2087 3564; x_wconf 90' lang='lat' dir='ltr'><strong>adeo</strong></span> 
     </span>
    </p>
   </div>
   <div class='ocr_carea' id='block_1_64' title="bbox 502 3598 2086 3668">
    <p class='ocr_par' dir='ltr' id='par_1_64' title="bbox 502 3598 2086 3668">
     <span class='ocr_line' id='line_1_64' title="bbox 502 3598 2086 3668; baseline -0.001 -10"><span class='ocrx_word' id='word_1_498' title='bbox 502 3602 734 3658; x_wconf 74' lang='lat' dir='ltr'><strong>humilia</strong></span> <span class='ocrx_word' id='word_1_499' title='bbox 762 3611 816 3657; x_wconf 90' lang='lat' dir='ltr'><strong>et</strong></span> <span class='ocrx_word' id='word_1_500' title='bbox 844 3616 874 3655; x_wconf 88' lang='lat' dir='ltr'><strong>a</strong></span> <span class='ocrx_word' id='word_1_501' title='bbox 912 3598 1099 3656; x_wconf 87' lang='lat' dir='ltr'><strong>divina</strong></span> <span class='ocrx_word' id='word_1_502' title='bbox 1142 3599 1428 3668; x_wconf 86' lang='lat' dir='ltr'><strong>majestate</strong></span> <span class='ocrx_word' id='word_1_503' title='bbox 1462 3600 1640 3653; x_wconf 86' lang='lat' dir='ltr'><strong>aliena</strong></span> <span class='ocrx_word' id='word_1_504' title='bbox 1672 3602 1838 3654; x_wconf 89' lang='lat' dir='ltr'><strong>verba</strong></span> <span class='ocrx_word' id='word_1_505' title='bbox 1875 3602 2086 3656; x_wconf 87' lang='lat' dir='ltr'><strong>conlin-</strong></span> 
     </span>
    </p>
   </div>
   <div class='ocr_carea' id='block_1_65' title="bbox 502 3690 2089 3763">
    <p class='ocr_par' dir='ltr' id='par_1_65' title="bbox 502 3690 2089 3763">
     <span class='ocr_line' id='line_1_65' title="bbox 502 3690 2089 3763; baseline -0.003 -12"><span class='ocrx_word' id='word_1_506' title='bbox 502 3698 665 3759; x_wconf 74' lang='lat' dir='ltr'><strong>xerit,</strong></span> <span class='ocrx_word' id='word_1_507' title='bbox 717 3702 779 3748; x_wconf 92' lang='lat' dir='ltr'><strong>ut</strong></span> <span class='ocrx_word' id='word_1_508' title='bbox 828 3692 920 3763; x_wconf 92' lang='lat' dir='ltr'><strong>qui</strong></span> <span class='ocrx_word' id='word_1_509' title='bbox 962 3706 1151 3747; x_wconf 84' lang='lat' dir='ltr'><strong>revera</strong></span> <span class='ocrx_word' id='word_1_510' title='bbox 1198 3690 1340 3746; x_wconf 86' lang='lat' dir='ltr'><strong>Deus</strong></span> <span class='ocrx_word' id='word_1_511' title='bbox 1366 3700 1471 3755; x_wconf 93' lang='lat' dir='ltr'><strong>est,</strong></span> <span class='ocrx_word' id='word_1_512' title='bbox 1518 3691 1762 3760; x_wconf 89' lang='lat' dir='ltr'><strong>ejusdem</strong></span> <span class='ocrx_word' id='word_1_513' title='bbox 1812 3708 1936 3746; x_wconf 92' lang='lat' dir='ltr'><strong>cum</strong></span> <span class='ocrx_word' id='word_1_514' title='bbox 1979 3692 2089 3748; x_wconf 89' lang='lat' dir='ltr'><strong>Deo</strong></span> 
     </span>
    </p>
   </div>
   <div class='ocr_carea' id='block_1_66' title="bbox 503 3784 2087 3861">
    <p class='ocr_par' dir='ltr' id='par_1_66' title="bbox 503 3784 2087 3861">
     <span class='ocr_line' id='line_1_66' title="bbox 503 3784 2087 3861; baseline -0.004 -17"><span class='ocrx_word' id='word_1_515' title='bbox 503 3788 739 3861; x_wconf 79' lang='lat' dir='ltr'><strong>generis,</strong></span> <span class='ocrx_word' id='word_1_516' title='bbox 787 3802 880 3841; x_wconf 86' lang='lat' dir='ltr'><strong>seu</strong></span> <span class='ocrx_word' id='word_1_517' title='bbox 932 3794 1226 3855; x_wconf 78' lang='lat' dir='ltr'><strong>cognatum</strong></span> <span class='ocrx_word' id='word_1_518' title='bbox 1257 3784 1392 3848; x_wconf 84' lang='lat' dir='ltr'><strong>Deo,</strong></span> <span class='ocrx_word' id='word_1_519' title='bbox 1446 3792 1500 3840; x_wconf 89' lang='lat' dir='ltr'><strong>et</strong></span> <span class='ocrx_word' id='word_1_520' title='bbox 1539 3801 1646 3839; x_wconf 92' lang='lat' dir='ltr'><strong>non</strong></span> <span class='ocrx_word' id='word_1_521' title='bbox 1697 3802 1884 3840; x_wconf 82' lang='lat' dir='ltr'><strong>verum</strong></span> <span class='ocrx_word' id='word_1_522' title='bbox 1918 3784 2087 3838; x_wconf 84' lang='lat' dir='ltr'><strong>Deum</strong></span> 
     </span>
    </p>
   </div>
   <div class='ocr_carea' id='block_1_67' title="bbox 502 3874 2091 3949">
    <p class='ocr_par' dir='ltr' id='par_1_67' title="bbox 502 3874 2091 3949">
     <span class='ocr_line' id='line_1_67' title="bbox 502 3874 2091 3949; baseline -0.004 -13"><span class='ocrx_word' id='word_1_523' title='bbox 502 3895 628 3936; x_wconf 86' lang='lat' dir='ltr'><strong>esse</strong></span> <span class='ocrx_word' id='word_1_524' title='bbox 666 3878 945 3949; x_wconf 70' lang='lat' dir='ltr'><strong>praedicet.</strong></span> <span class='ocrx_word' id='word_1_525' title='bbox 995 3874 1104 3931; x_wconf 88' lang='lat' dir='ltr'><strong>Nec</strong></span> <span class='ocrx_word' id='word_1_526' title='bbox 1131 3874 1437 3931; x_wconf 88' lang='lat' dir='ltr'><strong>Eunomius</strong></span> <span class='ocrx_word' id='word_1_527' title='bbox 1488 3876 1604 3946; x_wconf 90' lang='lat' dir='ltr'><strong>ipse</strong></span> <span class='ocrx_word' id='word_1_528' title='bbox 1652 3876 1721 3930; x_wconf 91' lang='lat' dir='ltr'><strong>ab</strong></span> <span class='ocrx_word' id='word_1_529' title='bbox 1760 3877 1862 3930; x_wconf 89' lang='lat' dir='ltr'><strong>hac</strong></span> <span class='ocrx_word' id='word_1_530' title='bbox 1892 3885 1983 3929; x_wconf 85' lang='lat' dir='ltr'><strong>tua</strong></span> <span class='ocrx_word' id='word_1_531' title='bbox 2022 3875 2091 3930; x_wconf 90' lang='lat' dir='ltr'><strong>de</strong></span> 
     </span>
    </p>
   </div>
   <div class='ocr_carea' id='block_1_68' title="bbox 503 3966 2090 4036">
    <p class='ocr_par' dir='ltr' id='par_1_68' title="bbox 503 3966 2090 4036">
     <span class='ocr_line' id='line_1_68' title="bbox 503 3966 2090 4036; baseline -0.003 -10"><span class='ocrx_word' id='word_1_532' title='bbox 503 3968 738 4026; x_wconf 87' lang='lat' dir='ltr'><strong>Domino</strong></span> <span class='ocrx_word' id='word_1_533' title='bbox 785 3984 917 4024; x_wconf 90' lang='lat' dir='ltr'><strong>voce</strong></span> <span class='ocrx_word' id='word_1_534' title='bbox 968 3966 1285 4036; x_wconf 88' lang='lat' dir='ltr'><strong>usurpanda</strong></span> <span class='ocrx_word' id='word_1_535' title='bbox 1332 3967 1687 4023; x_wconf 88' lang='lat' dir='ltr'><strong>abhorreret:</strong></span> <span class='ocrx_word' id='word_1_536' title='bbox 1742 3983 1864 4022; x_wconf 89' lang='lat' dir='ltr'><strong>nam</strong></span> <span class='ocrx_word' id='word_1_537' title='bbox 1906 3976 1960 4022; x_wconf 89' lang='lat' dir='ltr'><strong>et</strong></span> <span class='ocrx_word' id='word_1_538' title='bbox 2001 3968 2090 4022; x_wconf 87' lang='lat' dir='ltr'><strong>ille</strong></span> 
     </span>
    </p>
   </div>
   <div class='ocr_carea' id='block_1_69' title="bbox 503 4057 2089 4127">
    <p class='ocr_par' dir='ltr' id='par_1_69' title="bbox 503 4057 2089 4127">
     <span class='ocr_line' id='line_1_69' title="bbox 503 4057 2089 4127; baseline -0.004 -10"><span class='ocrx_word' id='word_1_539' title='bbox 503 4076 691 4117; x_wconf 85' lang='lat' dir='ltr'><strong>veram</strong></span> <span class='ocrx_word' id='word_1_540' title='bbox 720 4061 773 4114; x_wconf 91' lang='lat' dir='ltr'><strong>in</strong></span> <span class='ocrx_word' id='word_1_541' title='bbox 803 4059 1029 4114; x_wconf 85' lang='lat' dir='ltr'><strong>Christo</strong></span> <span class='ocrx_word' id='word_1_542' title='bbox 1062 4057 1407 4111; x_wconf 87' lang='lat' dir='ltr'><strong>divinitatem</strong></span> <span class='ocrx_word' id='word_1_543' title='bbox 1437 4072 1667 4127; x_wconf 80' lang='lat' dir='ltr'><strong>negans,</strong></span> <span class='ocrx_word' id='word_1_544' title='bbox 1704 4067 1993 4127; x_wconf 82' lang='lat' dir='ltr'><strong>cognatum</strong></span> <span class='ocrx_word' id='word_1_545' title='bbox 2023 4072 2089 4111; x_wconf 89' lang='lat' dir='ltr'><strong>eo</strong></span> 
     </span>
    </p>
   </div>
   <div class='ocr_carea' id='block_1_70' title="bbox 508 4148 2087 4221">
    <p class='ocr_par' dir='ltr' id='par_1_70' title="bbox 508 4148 2087 4221">
     <span class='ocr_line' id='line_1_70' title="bbox 508 4148 2087 4221; baseline -0.004 -13"><span class='ocrx_word' id='word_1_546' title='bbox 508 4152 673 4208; x_wconf 89' lang='lat' dir='ltr'><strong>modo</strong></span> <span class='ocrx_word' id='word_1_547' title='bbox 728 4155 903 4221; x_wconf 88' lang='lat' dir='ltr'><strong>ipsum</strong></span> <span class='ocrx_word' id='word_1_548' title='bbox 962 4150 1072 4205; x_wconf 90' lang='lat' dir='ltr'><strong>Deo</strong></span> <span class='ocrx_word' id='word_1_549' title='bbox 1110 4164 1231 4205; x_wconf 89' lang='lat' dir='ltr'><strong>esse</strong></span> <span class='ocrx_word' id='word_1_550' title='bbox 1286 4148 1513 4212; x_wconf 90' lang='lat' dir='ltr'><strong>diceret,</strong></span> <span class='ocrx_word' id='word_1_551' title='bbox 1562 4149 2022 4220; x_wconf 87' lang='lat' dir='ltr'><strong>quemadmodum</strong></span> <span class='ocrx_word' id='word_1_552' title='bbox 2044 4149 2087 4181; x_wconf 87' lang='grc'><strong>⁷⁷</strong></span> 
     </span>
    </p>
   </div>
   <div class='ocr_carea' id='block_1_71' title="bbox 505 4237 2089 4312">
    <p class='ocr_par' dir='ltr' id='par_1_71' title="bbox 505 4237 2089 4312">
     <span class='ocr_line' id='line_1_71' title="bbox 505 4237 2089 4312; baseline -0.003 -15"><span class='ocrx_word' id='word_1_553' title='bbox 505 4242 935 4312; x_wconf 86' lang='lat' dir='ltr'><strong>concorporales</strong></span> <span class='ocrx_word' id='word_1_554' title='bbox 984 4246 1037 4293; x_wconf 87' lang='lat' dir='ltr'><strong>et</strong></span> <span class='ocrx_word' id='word_1_555' title='bbox 1070 4238 1488 4308; x_wconf 90' lang='lat' dir='ltr'><strong>comparticipes</strong></span> <span class='ocrx_word' id='word_1_556' title='bbox 1538 4238 1741 4292; x_wconf 89' lang='lat' dir='ltr'><strong>Christi</strong></span> <span class='ocrx_word' id='word_1_557' title='bbox 1788 4237 1942 4303; x_wconf 75' lang='lat' dir='ltr'><strong>fiunt,</strong></span> <span class='ocrx_word' id='word_1_558' title='bbox 1993 4238 2089 4309; x_wconf 89' lang='lat' dir='ltr'><strong>qui</strong></span> 
     </span>
    </p>
   </div>
   <div class='ocr_carea' id='block_1_72' title="bbox 506 4330 2088 4403">
    <p class='ocr_par' dir='ltr' id='par_1_72' title="bbox 506 4330 2088 4403">
     <span class='ocr_line' id='line_1_72' title="bbox 506 4330 2088 4403; baseline -0.001 -15"><span class='ocrx_word' id='word_1_559' title='bbox 506 4335 631 4403; x_wconf 82' lang='lat' dir='ltr'><strong>ejus</strong></span> <span class='ocrx_word' id='word_1_560' title='bbox 661 4332 815 4385; x_wconf 82' lang='lat' dir='ltr'><strong>Iidem</strong></span> <span class='ocrx_word' id='word_1_561' title='bbox 835 4331 1279 4402; x_wconf 86' lang='lat' dir='ltr'><strong>amplectuntur;</strong></span> <span class='ocrx_word' id='word_1_562' title='bbox 1314 4344 1420 4383; x_wconf 89' lang='lat' dir='ltr'><strong>non</strong></span> <span class='ocrx_word' id='word_1_563' title='bbox 1450 4330 1595 4400; x_wconf 88' lang='lat' dir='ltr'><strong>quod</strong></span> <span class='ocrx_word' id='word_1_564' title='bbox 1622 4332 1753 4385; x_wconf 86' lang='lat' dir='ltr'><strong>illud</strong></span> <span class='ocrx_word' id='word_1_565' title='bbox 1786 4332 1927 4386; x_wconf 88' lang='lat' dir='ltr'><strong>idem</strong></span> <span class='ocrx_word' id='word_1_566' title='bbox 1956 4334 2088 4397; x_wconf 89' lang='lat' dir='ltr'><strong>sint,</strong></span> 
     </span>
    </p>
   </div>
   <div class='ocr_carea' id='block_1_73' title="bbox 508 4421 2093 4497">
    <p class='ocr_par' dir='ltr' id='par_1_73' title="bbox 508 4421 2093 4497">
     <span class='ocr_line' id='line_1_73' title="bbox 508 4421 2093 4497; baseline 0.001 -16"><span class='ocrx_word' id='word_1_567' title='bbox 508 4425 656 4497; x_wconf 89' lang='lat' dir='ltr'><strong>quod</strong></span> <span class='ocrx_word' id='word_1_568' title='bbox 696 4423 956 4478; x_wconf 87' lang='lat' dir='ltr'><strong>Dominus</strong></span> <span class='ocrx_word' id='word_1_569' title='bbox 987 4432 1093 4485; x_wconf 88' lang='lat' dir='ltr'><strong>est,</strong></span> <span class='ocrx_word' id='word_1_570' title='bbox 1136 4424 1226 4477; x_wconf 86' lang='lat' dir='ltr'><strong>sed</strong></span> <span class='ocrx_word' id='word_1_571' title='bbox 1261 4421 1406 4491; x_wconf 88' lang='lat' dir='ltr'><strong>quod</strong></span> <span class='ocrx_word' id='word_1_572' title='bbox 1451 4423 1526 4476; x_wconf 91' lang='lat' dir='ltr'><strong>illi</strong></span> <span class='ocrx_word' id='word_1_573' title='bbox 1565 4425 1995 4491; x_wconf 89' lang='lat' dir='ltr'><strong>communicent,</strong></span> <span class='ocrx_word' id='word_1_574' title='bbox 2038 4438 2093 4482; x_wconf 90' lang='lat' dir='ltr'><strong>et</strong></span> 
     </span>
    </p>
   </div>
   <div class='ocr_carea' id='block_1_74' title="bbox 2186 3227 3769 3305">
    <p class='ocr_par' dir='ltr' id='par_1_74' title="bbox 2186 3227 3769 3305">
     <span class='ocr_line' id='line_1_74' title="bbox 2186 3227 3769 3305; baseline -0.005 -17"><span class='ocrx_word' id='word_1_575' title='bbox 2186 3235 2296 3299; x_wconf 73' lang='grc' dir='ltr'>δεὶς</span> <span class='ocrx_word' id='word_1_576' title='bbox 2320 3234 2490 3300; x_wconf 73' lang='grc' dir='ltr'>οὕτως</span> <span class='ocrx_word' id='word_1_577' title='bbox 2518 3237 2576 3288; x_wconf 84' lang='grc' dir='ltr'>ὲν</span> <span class='ocrx_word' id='word_1_578' title='bbox 2593 3233 2934 3305; x_wconf 80' lang='grc' dir='ltr'>Χριστιανοῖς</span> <span class='ocrx_word' id='word_1_579' title='bbox 2957 3231 3193 3285; x_wconf 82' lang='grc' dir='ltr'>ταπεινὰ</span> <span class='ocrx_word' id='word_1_580' title='bbox 3219 3247 3278 3283; x_wconf 89' lang='grc' dir='ltr'><strong>τε</strong></span> <span class='ocrx_word' id='word_1_581' title='bbox 3304 3231 3398 3284; x_wconf 77' lang='grc' dir='ltr'>καὶ</span> <span class='ocrx_word' id='word_1_582' title='bbox 3436 3229 3643 3299; x_wconf 76' lang='grc' dir='ltr'>ἔκφυλα</span> <span class='ocrx_word' id='word_1_583' title='bbox 3665 3227 3769 3294; x_wconf 71' lang='grc' dir='ltr'>τῆς</span> 
     </span>
    </p>
   </div>
   <div class='ocr_carea' id='block_1_75' title="bbox 2188 3320 3768 3399">
    <p class='ocr_par' dir='ltr' id='par_1_75' title="bbox 2188 3320 3768 3399">
     <span class='ocr_line' id='line_1_75' title="bbox 2188 3320 3768 3399; baseline -0.005 -18"><span class='ocrx_word' id='word_1_584' title='bbox 2188 3328 2339 3392; x_wconf 87' lang='grc' dir='ltr'>θείας</span> <span class='ocrx_word' id='word_1_585' title='bbox 2370 3325 2840 3399; x_wconf 79' lang='grc' dir='ltr'>μεγαλοπρεπείας</span> <span class='ocrx_word' id='word_1_586' title='bbox 2854 3327 3329 3396; x_wconf 81' lang='grc' dir='ltr'>όνοματοποιὴσειε</span> <span class='ocrx_word' id='word_1_587' title='bbox 3353 3322 3592 3395; x_wconf 78' lang='grc' dir='ltr'>ῥήματα,</span> <span class='ocrx_word' id='word_1_588' title='bbox 3624 3320 3768 3374; x_wconf 82' lang='grc' dir='ltr'>ὥστε</span> 
     </span>
    </p>
   </div>
   <div class='ocr_carea' id='block_1_76' title="bbox 2187 3413 3771 3488">
    <p class='ocr_par' dir='ltr' id='par_1_76' title="bbox 2187 3413 3771 3488">
     <span class='ocr_line' id='line_1_76' title="bbox 2187 3413 3771 3488; baseline -0.006 -14"><span class='ocrx_word' id='word_1_589' title='bbox 2187 3421 2278 3474; x_wconf 89' lang='grc' dir='ltr'><strong>τὸν</strong></span> <span class='ocrx_word' id='word_1_590' title='bbox 2309 3421 2475 3484; x_wconf 82' lang='grc' dir='ltr'>ὄντως</span> <span class='ocrx_word' id='word_1_591' title='bbox 2508 3420 2635 3473; x_wconf 76' lang='grc' dir='ltr'>ὄντα</span> <span class='ocrx_word' id='word_1_592' title='bbox 2664 3420 2815 3483; x_wconf 87' lang='grc' dir='ltr'>Θεὸν,</span> <span class='ocrx_word' id='word_1_593' title='bbox 2846 3417 3124 3488; x_wconf 81' lang='grc' dir='ltr'>σύμφυλον</span> <span class='ocrx_word' id='word_1_594' title='bbox 3154 3416 3315 3481; x_wconf 79' lang='grc' dir='ltr'>Θεοῦ,</span> <span class='ocrx_word' id='word_1_595' title='bbox 3336 3416 3431 3469; x_wconf 71' lang='grc' dir='ltr'><strong>καὶ</strong></span> <span class='ocrx_word' id='word_1_596' title='bbox 3464 3416 3537 3486; x_wconf 80' lang='grc' dir='ltr'>μὴ</span> <span class='ocrx_word' id='word_1_597' title='bbox 3576 3413 3771 3484; x_wconf 78' lang='grc' dir='ltr'>άληθι·</span> 
     </span>
    </p>
   </div>
   <div class='ocr_carea' id='block_1_77' title="bbox 2188 3507 3771 3584">
    <p class='ocr_par' dir='ltr' id='par_1_77' title="bbox 2188 3507 3771 3584">
     <span class='ocr_line' id='line_1_77' title="bbox 2188 3507 3771 3584; baseline -0.005 -18"><span class='ocrx_word' id='word_1_598' title='bbox 2188 3512 2277 3567; x_wconf 91' lang='grc' dir='ltr'><strong>νὸν</strong></span> <span class='ocrx_word' id='word_1_599' title='bbox 2310 3513 2710 3584; x_wconf 74' lang='grc' dir='ltr'>ἀνακηρύσσειν</span> <span class='ocrx_word' id='word_1_600' title='bbox 2738 3512 2888 3567; x_wconf 89' lang='grc' dir='ltr'>Θεόν.</span> <span class='ocrx_word' id='word_1_601' title='bbox 2922 3510 3044 3564; x_wconf 79' lang='grc' dir='ltr'><strong>Οὐδ’</strong></span> <span class='ocrx_word' id='word_1_602' title='bbox 3075 3509 3141 3563; x_wconf 84' lang='grc' dir='ltr'><strong>ἂν</strong></span> <span class='ocrx_word' id='word_1_603' title='bbox 3172 3510 3200 3561; x_wconf 90' lang='grc' dir='ltr'>ὁ</span> <span class='ocrx_word' id='word_1_604' title='bbox 3232 3508 3494 3578; x_wconf 86' lang='grc' dir='ltr'>Εύνόμιος</span> <span class='ocrx_word' id='word_1_605' title='bbox 3534 3507 3633 3577; x_wconf 81' lang='grc' dir='ltr'>τῆς</span> <span class='ocrx_word' id='word_1_606' title='bbox 3658 3524 3771 3559; x_wconf 79' lang='grc' dir='ltr'>τοι·</span> 
     </span>
    </p>
   </div>
   <div class='ocr_carea' id='block_1_78' title="bbox 2190 3600 3769 3678">
    <p class='ocr_par' dir='ltr' id='par_1_78' title="bbox 2190 3600 3769 3678">
     <span class='ocr_line' id='line_1_78' title="bbox 2190 3600 3769 3678; baseline -0.004 -19"><span class='ocrx_word' id='word_1_607' title='bbox 2190 3607 2359 3678; x_wconf 85' lang='grc' dir='ltr'>αύτης</span> <span class='ocrx_word' id='word_1_608' title='bbox 2413 3623 2506 3659; x_wconf 92' lang='grc' dir='ltr'><strong>σου</strong></span> <span class='ocrx_word' id='word_1_609' title='bbox 2564 3606 2809 3675; x_wconf 75' lang='grc' dir='ltr'>φείσαιτο</span> <span class='ocrx_word' id='word_1_610' title='bbox 2838 3602 2947 3675; x_wconf 75' lang='grc'><strong>(12)</strong></span> <span class='ocrx_word' id='word_1_611' title='bbox 3000 3604 3093 3655; x_wconf 75' lang='grc' dir='ltr'>ἐπὶ</span> <span class='ocrx_word' id='word_1_612' title='bbox 3137 3600 3339 3673; x_wconf 81' lang='grc' dir='ltr'>Κυρίου</span> <span class='ocrx_word' id='word_1_613' title='bbox 3380 3600 3582 3670; x_wconf 79' lang='grc' dir='ltr'>φωνῆς.</span> <span class='ocrx_word' id='word_1_614' title='bbox 3613 3600 3769 3652; x_wconf 83' lang='grc' dir='ltr'>Εἴποι</span> 
     </span>
    </p>
   </div>
   <div class='ocr_carea' id='block_1_79' title="bbox 2190 3689 3774 3771">
    <p class='ocr_par' dir='ltr' id='par_1_79' title="bbox 2190 3689 3774 3771">
     <span class='ocr_line' id='line_1_79' title="bbox 2190 3689 3774 3771; baseline -0.007 -19"><span class='ocrx_word' id='word_1_615' title='bbox 2190 3700 2299 3771; x_wconf 73' lang='grc' dir='ltr'>γὰρ</span> <span class='ocrx_word' id='word_1_616' title='bbox 2326 3698 2392 3752; x_wconf 82' lang='grc' dir='ltr'>ἂν</span> <span class='ocrx_word' id='word_1_617' title='bbox 2424 3697 2518 3750; x_wconf 75' lang='grc' dir='ltr'><strong>καὶ</strong></span> <span class='ocrx_word' id='word_1_618' title='bbox 2550 3699 2757 3759; x_wconf 75' lang='grc' dir='ltr'>ἐκεῖνος</span> <span class='ocrx_word' id='word_1_619' title='bbox 2783 3696 2855 3766; x_wconf 85' lang='grc' dir='ltr'>μὴ</span> <span class='ocrx_word' id='word_1_620' title='bbox 2879 3692 3321 3763; x_wconf 83' lang='grc' dir='ltr'>παραδεχόμενος</span> <span class='ocrx_word' id='word_1_621' title='bbox 3357 3689 3522 3744; x_wconf 81' lang='grc' dir='ltr'>αὐτοῦ</span> <span class='ocrx_word' id='word_1_622' title='bbox 3553 3689 3614 3742; x_wconf 87' lang='grc' dir='ltr'><strong>τὸ</strong></span> <span class='ocrx_word' id='word_1_623' title='bbox 3640 3689 3774 3758; x_wconf 82' lang='grc' dir='ltr'>άλη-</span> 
     </span>
    </p>
   </div>
   <div class='ocr_carea' id='block_1_80' title="bbox 2192 3777 3769 3858">
    <p class='ocr_par' dir='ltr' id='par_1_80' title="bbox 2192 3777 3769 3858">
     <span class='ocr_line' id='line_1_80' title="bbox 2192 3777 3769 3858; baseline -0.007 -16"><span class='ocrx_word' id='word_1_624' title='bbox 2192 3790 2336 3843; x_wconf 83' lang='grc' dir='ltr'>θινὸν</span> <span class='ocrx_word' id='word_1_625' title='bbox 2361 3790 2461 3857; x_wconf 80' lang='grc' dir='ltr'><strong>τῆς</strong></span> <span class='ocrx_word' id='word_1_626' title='bbox 2508 3788 2782 3858; x_wconf 84' lang='grc' dir='ltr'>θεότητος,</span> <span class='ocrx_word' id='word_1_627' title='bbox 2822 3785 2883 3838; x_wconf 86' lang='grc' dir='ltr'><strong>τὸ</strong></span> <span class='ocrx_word' id='word_1_628' title='bbox 2935 3782 3211 3854; x_wconf 80' lang='grc' dir='ltr'>σύμφυλον</span> <span class='ocrx_word' id='word_1_629' title='bbox 3243 3781 3405 3835; x_wconf 72' lang='grc' dir='ltr'>αὑτὸν</span> <span class='ocrx_word' id='word_1_630' title='bbox 3442 3777 3581 3835; x_wconf 82' lang='grc' dir='ltr'>εἶναι</span> <span class='ocrx_word' id='word_1_631' title='bbox 3612 3780 3769 3842; x_wconf 78' lang='grc' dir='ltr'>Θεοῦ,</span> 
     </span>
    </p>
   </div>
   <div class='ocr_carea' id='block_1_81' title="bbox 2191 3872 3774 3947">
    <p class='ocr_par' dir='ltr' id='par_1_81' title="bbox 2191 3872 3774 3947">
     <span class='ocr_line' id='line_1_81' title="bbox 2191 3872 3774 3947; baseline -0.008 -14"><span class='ocrx_word' id='word_1_632' title='bbox 2191 3879 2327 3933; x_wconf 86' lang='grc' dir='ltr'>καθὸ</span> <span class='ocrx_word' id='word_1_633' title='bbox 2366 3878 2461 3932; x_wconf 73' lang='grc' dir='ltr'><strong>καὶ</strong></span> <span class='ocrx_word' id='word_1_634' title='bbox 2511 3877 2787 3946; x_wconf 86' lang='grc' dir='ltr'>σύσσωμοι</span> <span class='ocrx_word' id='word_1_635' title='bbox 2821 3875 2917 3928; x_wconf 78' lang='grc' dir='ltr'><strong>τοῦ</strong></span> <span class='ocrx_word' id='word_1_636' title='bbox 2960 3872 3203 3947; x_wconf 74' lang='grc' dir='ltr'>Χριστοῦ</span> <span class='ocrx_word' id='word_1_637' title='bbox 3223 3874 3316 3926; x_wconf 77' lang='grc' dir='ltr'><strong>καὶ</strong></span> <span class='ocrx_word' id='word_1_638' title='bbox 3347 3872 3700 3943; x_wconf 83' lang='grc' dir='ltr'>συμμέτοχοι.</span> <span class='ocrx_word' id='word_1_639' title='bbox 3725 3873 3774 3922; x_wconf 70' lang='grc' dir='ltr'>οἱ</span> 
     </span>
    </p>
   </div>
   <div class='ocr_carea' id='block_1_82' title="bbox 2190 3964 3776 4044">
    <p class='ocr_par' dir='ltr' id='par_1_82' title="bbox 2190 3964 3776 4044">
     <span class='ocr_line' id='line_1_82' title="bbox 2190 3964 3776 4044; baseline -0.006 -19"><span class='ocrx_word' id='word_1_640' title='bbox 2190 3974 2288 4044; x_wconf 85' lang='grc' dir='ltr'><strong>τὴν</strong></span> <span class='ocrx_word' id='word_1_641' title='bbox 2337 3974 2416 4035; x_wconf 79' lang='grc' dir='ltr'>εἰς</span> <span class='ocrx_word' id='word_1_642' title='bbox 2470 3970 2631 4023; x_wconf 79' lang='grc' dir='ltr'>αὑτὸν</span> <span class='ocrx_word' id='word_1_643' title='bbox 2679 3968 2859 4022; x_wconf 79' lang='grc' dir='ltr'>πίστιν</span> <span class='ocrx_word' id='word_1_644' title='bbox 2886 3966 3343 4041; x_wconf 81' lang='grc' dir='ltr'>παραδεξάμενοι,</span> <span class='ocrx_word' id='word_1_645' title='bbox 3372 3964 3641 4035; x_wconf 87' lang='grc' dir='ltr'>γίνονται·</span> <span class='ocrx_word' id='word_1_646' title='bbox 3673 3966 3776 4016; x_wconf 72' lang='grc' dir='ltr'><strong>οὐκ</strong></span> 
     </span>
    </p>
   </div>
   <div class='ocr_carea' id='block_1_83' title="bbox 2192 4053 3776 4130">
    <p class='ocr_par' dir='ltr' id='par_1_83' title="bbox 2192 4053 3776 4130">
     <span class='ocr_line' id='line_1_83' title="bbox 2192 4053 3776 4130; baseline -0.007 -13"><span class='ocrx_word' id='word_1_647' title='bbox 2192 4066 2368 4117; x_wconf 81' lang='grc' dir='ltr'>ἐκεῖνο</span> <span class='ocrx_word' id='word_1_648' title='bbox 2418 4062 2591 4124; x_wconf 76' lang='grc' dir='ltr'>ὄντες,</span> <span class='ocrx_word' id='word_1_649' title='bbox 2636 4060 2773 4130; x_wconf 80' lang='grc' dir='ltr'>ὅπερ</span> <span class='ocrx_word' id='word_1_650' title='bbox 2832 4059 2948 4111; x_wconf 75' lang='grc' dir='ltr'>ἐστὶ</span> <span class='ocrx_word' id='word_1_651' title='bbox 2991 4056 3194 4129; x_wconf 87' lang='grc' dir='ltr'>Κύριος</span> <span class='ocrx_word' id='word_1_652' title='bbox 3245 4056 3379 4125; x_wconf 71' lang='grc'><strong>(15),</strong></span> <span class='ocrx_word' id='word_1_653' title='bbox 3422 4053 3536 4107; x_wconf 76' lang='grc' dir='ltr'>ἀλλ’</span> <span class='ocrx_word' id='word_1_654' title='bbox 3564 4055 3776 4106; x_wconf 55' lang='grc' dir='ltr'>ἐκείνου</span> 
     </span>
    </p>
   </div>
   <div class='ocr_carea' id='block_1_84' title="bbox 2197 4146 3774 4226">
    <p class='ocr_par' dir='ltr' id='par_1_84' title="bbox 2197 4146 3774 4226">
     <span class='ocr_line' id='line_1_84' title="bbox 2197 4146 3774 4226; baseline -0.008 -18"><span class='ocrx_word' id='word_1_655' title='bbox 2197 4156 2537 4226; x_wconf 84' lang='grc' dir='ltr'>μετέχοντες,</span> <span class='ocrx_word' id='word_1_656' title='bbox 2598 4151 2693 4206; x_wconf 73' lang='grc' dir='ltr'><strong>καὶ</strong></span> <span class='ocrx_word' id='word_1_657' title='bbox 2741 4150 2819 4223; x_wconf 79' lang='grc' dir='ltr'><strong>τῷ</strong></span> <span class='ocrx_word' id='word_1_658' title='bbox 2861 4149 3207 4221; x_wconf 84' lang='grc' dir='ltr'>μετεχομένῳ</span> <span class='ocrx_word' id='word_1_659' title='bbox 3254 4146 3774 4218; x_wconf 72' lang='grc' dir='ltr'>συνονομαζόμενοιο</span> 
     </span>
    </p>
   </div>
   <div class='ocr_carea' id='block_1_85' title="bbox 2191 4242 3776 4314">
    <p class='ocr_par' dir='ltr' id='par_1_85' title="bbox 2191 4242 3776 4314">
     <span class='ocr_line' id='line_1_85' title="bbox 2191 4242 3776 4314; baseline -0.004 -15"><span class='ocrx_word' id='word_1_660' title='bbox 2191 4247 2332 4300; x_wconf 82' lang='grc' dir='ltr'>ὥστε</span> <span class='ocrx_word' id='word_1_661' title='bbox 2359 4247 2387 4297; x_wconf 88' lang='grc' dir='ltr'><strong>ὁ</strong></span> <span class='ocrx_word' id='word_1_662' title='bbox 2415 4243 2586 4297; x_wconf 79' lang='grc' dir='ltr'>ταῦτα</span> <span class='ocrx_word' id='word_1_663' title='bbox 2608 4242 2930 4314; x_wconf 73' lang='grc' dir='ltr'>αἰτιώμενος</span> <span class='ocrx_word' id='word_1_664' title='bbox 2975 4242 3049 4313; x_wconf 86' lang='grc' dir='ltr'>μὴ</span> <span class='ocrx_word' id='word_1_665' title='bbox 3084 4242 3261 4309; x_wconf 83' lang='grc' dir='ltr'>λέγειν</span> <span class='ocrx_word' id='word_1_666' title='bbox 3288 4242 3456 4312; x_wconf 79' lang='grc' dir='ltr'>ἡμᾶς,</span> <span class='ocrx_word' id='word_1_667' title='bbox 3485 4242 3585 4293; x_wconf 81' lang='grc' dir='ltr'><strong>ὅσα</strong></span> <span class='ocrx_word' id='word_1_668' title='bbox 3624 4242 3776 4309; x_wconf 63' lang='grc' dir='ltr'>παρὰ</span> 
     </span>
    </p>
   </div>
   <div class='ocr_carea' id='block_1_86' title="bbox 2192 4332 3777 4404">
    <p class='ocr_par' dir='ltr' id='par_1_86' title="bbox 2192 4332 3777 4404">
     <span class='ocr_line' id='line_1_86' title="bbox 2192 4332 3777 4404; baseline -0.004 -14"><span class='ocrx_word' id='word_1_669' title='bbox 2192 4336 2300 4391; x_wconf 84' lang='grc' dir='ltr'><strong>τῶν</strong></span> <span class='ocrx_word' id='word_1_670' title='bbox 2361 4335 2727 4389; x_wconf 79' lang='grc' dir='ltr'>εὐσεϐούντων</span> <span class='ocrx_word' id='word_1_671' title='bbox 2774 4336 3137 4404; x_wconf 87' lang='grc' dir='ltr'>ὁμολογεῖται,</span> <span class='ocrx_word' id='word_1_672' title='bbox 3186 4332 3249 4385; x_wconf 87' lang='grc' dir='ltr'><strong>τὸ</strong></span> <span class='ocrx_word' id='word_1_673' title='bbox 3300 4332 3520 4397; x_wconf 81' lang='grc' dir='ltr'>εὐσεϐές</span> <span class='ocrx_word' id='word_1_674' title='bbox 3571 4349 3630 4385; x_wconf 90' lang='grc' dir='ltr'><strong>τε</strong></span> <span class='ocrx_word' id='word_1_675' title='bbox 3681 4333 3777 4384; x_wconf 72' lang='grc' dir='ltr'><strong>καὶ</strong></span> 
     </span>
    </p>
   </div>
   <div class='ocr_carea' id='block_1_87' title="bbox 2196 4425 3776 4498">
    <p class='ocr_par' dir='ltr' id='par_1_87' title="bbox 2196 4425 3776 4498">
     <span class='ocr_line' id='line_1_87' title="bbox 2196 4425 3776 4498; baseline -0.002 -16"><span class='ocrx_word' id='word_1_676' title='bbox 2196 4428 2570 4498; x_wconf 84' lang='grc' dir='ltr'>ἀνεπίληπτον</span> <span class='ocrx_word' id='word_1_677' title='bbox 2594 4426 2673 4497; x_wconf 79' lang='grc' dir='ltr'>τῷ</span> <span class='ocrx_word' id='word_1_678' title='bbox 2698 4425 2820 4481; x_wconf 84' lang='grc' dir='ltr'>καθ’</span> <span class='ocrx_word' id='word_1_679' title='bbox 2864 4427 3012 4495; x_wconf 78' lang='grc' dir='ltr'>ἡμᾶς</span> <span class='ocrx_word' id='word_1_680' title='bbox 3043 4425 3186 4496; x_wconf 77' lang='grc' dir='ltr'>λόγῳ</span> <span class='ocrx_word' id='word_1_681' title='bbox 3224 4425 3776 4497; x_wconf 71' lang='grc' dir='ltr'>προσεμαρτύρησεν.</span> 
     </span>
    </p>
   </div>
   <div class='ocr_carea' id='block_1_88' title="bbox 509 4511 2080 4587">
    <p class='ocr_par' dir='ltr' id='par_1_88' title="bbox 509 4514 2080 4585">
     <span class='ocr_line' id='line_1_88' title="bbox 509 4514 2080 4585; baseline -0.001 -12"><span class='ocrx_word' id='word_1_682' title='bbox 509 4533 680 4573; x_wconf 90' lang='lat' dir='ltr'><strong>unum</strong></span> <span class='ocrx_word' id='word_1_683' title='bbox 703 4516 956 4585; x_wconf 80' lang='lat' dir='ltr'><strong>idemque</strong></span> <span class='ocrx_word' id='word_1_684' title='bbox 989 4531 1111 4568; x_wconf 87' lang='lat' dir='ltr'><strong>cum</strong></span> <span class='ocrx_word' id='word_1_685' title='bbox 1143 4530 1206 4568; x_wconf 81' lang='lat' dir='ltr'><strong>eo</strong></span> <span class='ocrx_word' id='word_1_686' title='bbox 1233 4514 1392 4583; x_wconf 84' lang='lat' dir='ltr'><strong>cujus</strong></span> <span class='ocrx_word' id='word_1_687' title='bbox 1425 4516 1716 4585; x_wconf 89' lang='lat' dir='ltr'><strong>participes</strong></span> <span class='ocrx_word' id='word_1_688' title='bbox 1742 4527 1869 4570; x_wconf 89' lang='lat' dir='ltr'><strong>sunt</strong></span> <span class='ocrx_word' id='word_1_689' title='bbox 1897 4534 2080 4573; x_wconf 82' lang='lat' dir='ltr'><strong>nomer</strong></span> 
     </span>
    </p>
   </div>
   <div class='ocr_carea' id='block_1_89' title="bbox 2183 4511 3775 4587">
    <p class='ocr_par' dir='ltr' id='par_1_89' title="bbox 2198 4511 3775 4587">
     <span class='ocr_line' id='line_1_89' title="bbox 2198 4511 3775 4587; baseline -0.004 -14"><span class='ocrx_word' id='word_1_690' title='bbox 2198 4514 2334 4574; x_wconf 81' lang='grc' dir='ltr'>Εἶτα</span> <span class='ocrx_word' id='word_1_691' title='bbox 2366 4521 2443 4584; x_wconf 86' lang='grc' dir='ltr'>εἰς</span> <span class='ocrx_word' id='word_1_692' title='bbox 2500 4516 2845 4587; x_wconf 82' lang='grc' dir='ltr'>κατασκευὴν</span> <span class='ocrx_word' id='word_1_693' title='bbox 2872 4514 2963 4569; x_wconf 76' lang='grc' dir='ltr'><strong>τοῦ</strong></span> <span class='ocrx_word' id='word_1_694' title='bbox 3003 4511 3144 4569; x_wconf 80' lang='grc' dir='ltr'>εἶναι</span> <span class='ocrx_word' id='word_1_695' title='bbox 3184 4514 3283 4584; x_wconf 76' lang='grc' dir='ltr'><strong>τὴν</strong></span> <span class='ocrx_word' id='word_1_696' title='bbox 3313 4516 3491 4585; x_wconf 86' lang='grc' dir='ltr'>σάρκα</span> <span class='ocrx_word' id='word_1_697' title='bbox 3523 4514 3775 4585; x_wconf 82' lang='grc' dir='ltr'>θεότητα,</span> 
     </span>
    </p>
   </div>
   <div class='ocr_carea' id='block_1_90' title="bbox 511 4606 2095 4679">
    <p class='ocr_par' dir='ltr' id='par_1_90' title="bbox 511 4606 2095 4679">
     <span class='ocr_line' id='line_1_90' title="bbox 511 4606 2095 4679; baseline 0 -14"><span class='ocrx_word' id='word_1_698' title='bbox 511 4611 842 4666; x_wconf 85' lang='lat' dir='ltr'><strong>obtineant:</strong></span> <span class='ocrx_word' id='word_1_699' title='bbox 888 4609 961 4662; x_wconf 89' lang='lat' dir='ltr'><strong>ita</strong></span> <span class='ocrx_word' id='word_1_700' title='bbox 1008 4615 1067 4660; x_wconf 91' lang='lat' dir='ltr'><strong>ut</strong></span> <span class='ocrx_word' id='word_1_701' title='bbox 1119 4606 1249 4660; x_wconf 89' lang='lat' dir='ltr'><strong>dum</strong></span> <span class='ocrx_word' id='word_1_702' title='bbox 1296 4606 1453 4660; x_wconf 89' lang='lat' dir='ltr'><strong>nobis</strong></span> <span class='ocrx_word' id='word_1_703' title='bbox 1484 4606 1699 4661; x_wconf 90' lang='lat' dir='ltr'><strong>crimini</strong></span> <span class='ocrx_word' id='word_1_704' title='bbox 1740 4610 1904 4662; x_wconf 87' lang='lat' dir='ltr'><strong>vertit</strong></span> <span class='ocrx_word' id='word_1_705' title='bbox 1949 4610 2095 4679; x_wconf 86' lang='lat' dir='ltr'><strong>quod</strong></span> 
     </span>
    </p>
   </div>
   <div class='ocr_carea' id='block_1_91' title="bbox 510 4698 2091 4769">
    <p class='ocr_par' dir='ltr' id='par_1_91' title="bbox 510 4698 2091 4769">
     <span class='ocr_line' id='line_1_91' title="bbox 510 4698 2091 4769; baseline -0.001 -12"><span class='ocrx_word' id='word_1_706' title='bbox 510 4718 577 4757; x_wconf 86' lang='lat' dir='ltr'><strong>ea</strong></span> <span class='ocrx_word' id='word_1_707' title='bbox 622 4717 731 4755; x_wconf 89' lang='lat' dir='ltr'><strong>non</strong></span> <span class='ocrx_word' id='word_1_708' title='bbox 755 4700 1004 4755; x_wconf 89' lang='lat' dir='ltr'><strong>dicamus</strong></span> <span class='ocrx_word' id='word_1_709' title='bbox 1038 4715 1161 4769; x_wconf 75' lang='lat' dir='ltr'><strong>quae</strong></span> <span class='ocrx_word' id='word_1_710' title='bbox 1190 4698 1333 4768; x_wconf 88' lang='lat' dir='ltr'><strong>apud</strong></span> <span class='ocrx_word' id='word_1_711' title='bbox 1371 4713 1562 4753; x_wconf 88' lang='lat' dir='ltr'><strong>omnes</strong></span> <span class='ocrx_word' id='word_1_712' title='bbox 1596 4715 1736 4754; x_wconf 67' lang='lat' dir='ltr'><strong>verae</strong></span> <span class='ocrx_word' id='word_1_713' title='bbox 1772 4699 1894 4755; x_wconf 90' lang='lat' dir='ltr'><strong>Iidei</strong></span> <span class='ocrx_word' id='word_1_714' title='bbox 1919 4702 2091 4756; x_wconf 54' lang='lat' dir='ltr'><strong>culto.</strong></span> 
     </span>
    </p>
   </div>
   <div class='ocr_carea' id='block_1_92' title="bbox 513 4790 2091 4861">
    <p class='ocr_par' dir='ltr' id='par_1_92' title="bbox 513 4790 2091 4861">
     <span class='ocr_line' id='line_1_92' title="bbox 513 4790 2091 4861; baseline 0 -12"><span class='ocrx_word' id='word_1_715' title='bbox 513 4810 607 4851; x_wconf 81' lang='lat' dir='ltr'><strong>res</strong></span> <span class='ocrx_word' id='word_1_716' title='bbox 639 4795 695 4849; x_wconf 94' lang='lat' dir='ltr'><strong>in</strong></span> <span class='ocrx_word' id='word_1_717' title='bbox 728 4792 986 4849; x_wconf 81' lang='lat' dir='ltr'><strong>confesso</strong></span> <span class='ocrx_word' id='word_1_718' title='bbox 1034 4803 1181 4854; x_wconf 86' lang='lat' dir='ltr'><strong>sunt,</strong></span> <span class='ocrx_word' id='word_1_719' title='bbox 1225 4807 1290 4846; x_wconf 91' lang='lat' dir='ltr'><strong>eo</strong></span> <span class='ocrx_word' id='word_1_720' title='bbox 1329 4790 1450 4861; x_wconf 92' lang='lat' dir='ltr'><strong>ipso</strong></span> <span class='ocrx_word' id='word_1_721' title='bbox 1486 4793 1811 4847; x_wconf 84' lang='lat' dir='ltr'><strong>sententiam</strong></span> <span class='ocrx_word' id='word_1_722' title='bbox 1846 4802 2091 4849; x_wconf 89' lang='lat' dir='ltr'><strong>nostram</strong></span> 
     </span>
    </p>
   </div>
   <div class='ocr_carea' id='block_1_93' title="bbox 514 4882 2093 4956">
    <p class='ocr_par' dir='ltr' id='par_1_93' title="bbox 514 4882 2093 4956">
     <span class='ocr_line' id='line_1_93' title="bbox 514 4882 2093 4956; baseline 0.001 -17"><span class='ocrx_word' id='word_1_723' title='bbox 514 4885 657 4956; x_wconf 87' lang='lat' dir='ltr'><strong>piam</strong></span> <span class='ocrx_word' id='word_1_724' title='bbox 686 4900 807 4939; x_wconf 89' lang='lat' dir='ltr'><strong>esse</strong></span> <span class='ocrx_word' id='word_1_725' title='bbox 845 4884 1089 4954; x_wconf 76' lang='lat' dir='ltr'><strong>nullique</strong></span> <span class='ocrx_word' id='word_1_726' title='bbox 1122 4882 1536 4953; x_wconf 86' lang='lat' dir='ltr'><strong>reprehensioni</strong></span> <span class='ocrx_word' id='word_1_727' title='bbox 1566 4884 1861 4938; x_wconf 80' lang='lat' dir='ltr'><strong>obnoxiam</strong></span> <span class='ocrx_word' id='word_1_728' title='bbox 1892 4886 2093 4941; x_wconf 81' lang='lat' dir='ltr'><strong>conﬁr-</strong></span> 
     </span>
    </p>
   </div>
   <div class='ocr_carea' id='block_1_94' title="bbox 516 4974 2091 5048">
    <p class='ocr_par' dir='ltr' id='par_1_94' title="bbox 516 4974 2091 5048">
     <span class='ocr_line' id='line_1_94' title="bbox 516 4974 2091 5048; baseline 0.002 -17"><span class='ocrx_word' id='word_1_729' title='bbox 516 4984 651 5031; x_wconf 88' lang='lat' dir='ltr'><strong>mat.</strong></span> <span class='ocrx_word' id='word_1_730' title='bbox 695 4975 901 5031; x_wconf 90' lang='lat' dir='ltr'><strong>Deinde</strong></span> <span class='ocrx_word' id='word_1_731' title='bbox 932 4984 993 5031; x_wconf 89' lang='lat' dir='ltr'><strong>ut</strong></span> <span class='ocrx_word' id='word_1_732' title='bbox 1037 4991 1257 5029; x_wconf 87' lang='lat' dir='ltr'><strong>carnem</strong></span> <span class='ocrx_word' id='word_1_733' title='bbox 1306 4990 1431 5030; x_wconf 88' lang='lat' dir='ltr'><strong>esse</strong></span> <span class='ocrx_word' id='word_1_734' title='bbox 1479 4974 1820 5032; x_wconf 85' lang='lat' dir='ltr'><strong>divinitatem</strong></span> <span class='ocrx_word' id='word_1_735' title='bbox 1876 4979 2091 5048; x_wconf 87' lang='lat' dir='ltr'><strong>probet,</strong></span> 
     </span>
    </p>
   </div>
   <div class='ocr_carea' id='block_1_95' title="bbox 518 5067 2091 5144">
    <p class='ocr_par' dir='ltr' id='par_1_95' title="bbox 518 5067 2091 5144">
     <span class='ocr_line' id='line_1_95' title="bbox 518 5067 2091 5144; baseline 0.001 -18"><span class='ocrx_word' id='word_1_736' title='bbox 518 5071 634 5126; x_wconf 69' lang='lat' dir='ltr'><strong>haec</strong></span> <span class='ocrx_word' id='word_1_737' title='bbox 660 5070 825 5127; x_wconf 88' lang='lat' dir='ltr'><strong>etiam</strong></span> <span class='ocrx_word' id='word_1_738' title='bbox 854 5069 1108 5141; x_wconf 88' lang='lat' dir='ltr'><strong>superius</strong></span> <span class='ocrx_word' id='word_1_739' title='bbox 1136 5068 1300 5123; x_wconf 91' lang='lat' dir='ltr'><strong>dictis</strong></span> <span class='ocrx_word' id='word_1_740' title='bbox 1326 5067 1504 5122; x_wconf 89' lang='lat' dir='ltr'><strong>addit:</strong></span> <span class='ocrx_word' id='word_1_741' title='bbox 1527 5067 1659 5135; x_wconf 76' lang='lat' dir='ltr'><strong>Quis</strong></span> <span class='ocrx_word' id='word_1_742' title='bbox 1694 5072 1853 5137; x_wconf 89' lang='lat' dir='ltr'><strong>enim,</strong></span> <span class='ocrx_word' id='word_1_743' title='bbox 1889 5073 2091 5144; x_wconf 85' lang='lat' dir='ltr'><strong>inquit,</strong></span> 
     </span>
    </p>
   </div>
   <div class='ocr_carea' id='block_1_96' title="bbox 589 5226 1546 5299">
    <p class='ocr_par' dir='ltr' id='par_1_96' title="bbox 589 5226 1546 5299">
     <span class='ocr_line' id='line_1_96' title="bbox 589 5226 1546 5299; baseline 0.002 -16"><span class='ocrx_word' id='word_1_744' title='bbox 589 5230 638 5261; x_wconf 70' lang='grc'><strong>⁷⁸</strong></span> <span class='ocrx_word' id='word_1_745' title='bbox 669 5226 831 5284; x_wconf 74' lang='lat' dir='ltr'><strong>Joan.</strong></span> <span class='ocrx_word' id='word_1_746' title='bbox 865 5244 906 5292; x_wconf 88' lang='grc'>1,</span> <span class='ocrx_word' id='word_1_747' title='bbox 941 5230 1028 5283; x_wconf 71' lang='grc'><strong>14.</strong></span> <span class='ocrx_word' id='word_1_748' title='bbox 1106 5230 1151 5261; x_wconf 73' lang='grc'><strong>⁷⁷</strong></span> <span class='ocrx_word' id='word_1_749' title='bbox 1182 5228 1380 5299; x_wconf 85' lang='lat' dir='ltr'><strong>Ephes.</strong></span> <span class='ocrx_word' id='word_1_750' title='bbox 1414 5229 1546 5297; x_wconf 80' lang='lat'><strong>&quot;,6.</strong></span> 
     </span>
    </p>
   </div>
   <div class='ocr_carea' id='block_1_97' title="bbox 474 5392 1220 5463">
    <p class='ocr_par' dir='ltr' id='par_1_97' title="bbox 474 5392 1220 5463">
     <span class='ocr_line' id='line_1_97' title="bbox 474 5392 1220 5463; baseline -0.017 -8"><span class='ocrx_word' id='word_1_751' title='bbox 474 5414 480 5455; x_wconf 67' lang='grc' dir='ltr'>ἰ</span> <span class='ocrx_word' id='word_1_752' title='bbox 592 5396 669 5459; x_wconf 79' lang='grc'><strong>(7)</strong></span> <span class='ocrx_word' id='word_1_753' title='bbox 693 5394 858 5463; x_wconf 72' lang='lat' dir='ltr'><strong>Lege,</strong></span> <span class='ocrx_word' id='word_1_754' title='bbox 881 5392 1220 5463; x_wconf 80' lang='grc' dir='ltr'>λειπόμενον.</span> 
     </span>
    </p>
   </div>
   <div class='ocr_carea' id='block_1_98' title="bbox 592 5465 1249 5535">
    <p class='ocr_par' dir='ltr' id='par_1_98' title="bbox 592 5465 1249 5535">
     <span class='ocr_line' id='line_1_98' title="bbox 592 5465 1249 5535; baseline -0.003 -16"><span class='ocrx_word' id='word_1_755' title='bbox 592 5467 668 5535; x_wconf 85' lang='grc'><strong>(8)</strong></span> <span class='ocrx_word' id='word_1_756' title='bbox 697 5466 855 5519; x_wconf 76' lang='lat' dir='ltr'><strong>Corr.</strong></span> <span class='ocrx_word' id='word_1_757' title='bbox 888 5465 1249 5533; x_wconf 79' lang='grc' dir='ltr'>συνεσήμῃνε.</span> 
     </span>
    </p>
   </div>
   <div class='ocr_carea' id='block_1_99' title="bbox 595 5536 1170 5607">
    <p class='ocr_par' dir='ltr' id='par_1_99' title="bbox 595 5536 1170 5607">
     <span class='ocr_line' id='line_1_99' title="bbox 595 5536 1170 5607; baseline -0.014 -15"><span class='ocrx_word' id='word_1_758' title='bbox 595 5537 684 5607; x_wconf 85' lang='grc'><strong>(9)</strong></span> <span class='ocrx_word' id='word_1_759' title='bbox 710 5536 869 5607; x_wconf 68' lang='lat' dir='ltr'><strong>Carr.</strong></span> <span class='ocrx_word' id='word_1_760' title='bbox 900 5544 1004 5587; x_wconf 86' lang='lat' dir='ltr'><strong>art.</strong></span> <span class='ocrx_word' id='word_1_761' title='bbox 1043 5536 1170 5607; x_wconf 81' lang='lat' dir='ltr'><strong>add.</strong></span> 
     </span>
    </p>
   </div>
   <div class='ocr_carea' id='block_1_100' title="bbox 594 5599 2098 5677">
    <p class='ocr_par' dir='ltr' id='par_1_100' title="bbox 594 5599 2098 5677">
     <span class='ocr_line' id='line_1_100' title="bbox 594 5599 2098 5677; baseline -0.003 -18"><span class='ocrx_word' id='word_1_762' title='bbox 594 5599 708 5677; x_wconf 83' lang='grc'><strong>(10)</strong></span> <span class='ocrx_word' id='word_1_763' title='bbox 763 5605 896 5672; x_wconf 79' lang='lat' dir='ltr'><strong>Quae</strong></span> <span class='ocrx_word' id='word_1_764' title='bbox 932 5599 1297 5659; x_wconf 86' lang='lat' dir='ltr'><strong>semicirculis</strong></span> <span class='ocrx_word' id='word_1_765' title='bbox 1338 5601 1699 5657; x_wconf 88' lang='lat' dir='ltr'><strong>includuntur</strong></span> <span class='ocrx_word' id='word_1_766' title='bbox 1738 5615 1885 5657; x_wconf 90' lang='lat' dir='ltr'><strong>corr.</strong></span> <span class='ocrx_word' id='word_1_767' title='bbox 1933 5615 2098 5656; x_wconf 87' lang='lat' dir='ltr'><strong>manu</strong></span> 
     </span>
    </p>
   </div>
   <div class='ocr_carea' id='block_1_101' title="bbox 522 5677 889 5735">
    <p class='ocr_par' dir='ltr' id='par_1_101' title="bbox 522 5677 889 5735">
     <span class='ocr_line' id='line_1_101' title="bbox 522 5677 889 5735; baseline -0.011 0"><span class='ocrx_word' id='word_1_768' title='bbox 522 5686 657 5735; x_wconf 77' lang='lat' dir='ltr'><strong>sunt</strong></span> <span class='ocrx_word' id='word_1_769' title='bbox 683 5677 889 5731; x_wconf 78' lang='lat' dir='ltr'><strong>addita.</strong></span> 
     </span>
    </p>
   </div>
   <div class='ocr_carea' id='block_1_102' title="bbox 596 5745 1211 5818">
    <p class='ocr_par' dir='ltr' id='par_1_102' title="bbox 596 5745 1211 5818">
     <span class='ocr_line' id='line_1_102' title="bbox 596 5745 1211 5818; baseline -0.005 -18"><span class='ocrx_word' id='word_1_770' title='bbox 596 5750 643 5818; x_wconf 80' lang='lat' dir='ltr'><strong>(I</strong></span> <span class='ocrx_word' id='word_1_771' title='bbox 658 5748 709 5818; x_wconf 77' lang='lat' dir='ltr'><strong>i)</strong></span> <span class='ocrx_word' id='word_1_772' title='bbox 736 5746 895 5818; x_wconf 68' lang='lat' dir='ltr'><strong>Qorr.</strong></span> <span class='ocrx_word' id='word_1_773' title='bbox 924 5745 1211 5818; x_wconf 76' lang='grc' dir='ltr'>γενέσεως.</span> 
     </span>
    </p>
   </div>
   <div class='ocr_carea' id='block_1_103' title="bbox 599 5748 1567 5890">
    <p class='ocr_par' dir='ltr' id='par_1_103' title="bbox 599 5748 1567 5890">
     <span class='ocr_line' id='line_1_103' title="bbox 599 5748 1211 5877; baseline -0.005 -77"><span class='ocrx_word' id='word_1_774' title='bbox 599 5748 711 5877; x_wconf 43' lang='lat' dir='ltr'><strong>(Ii;</strong></span> <span class='ocrx_word' id='word_1_775' title='bbox 736 5748 895 5800; x_wconf 84' lang='lat' dir='ltr'><strong>Corr.</strong></span> <span class='ocrx_word' id='word_1_776' title='bbox 924 5748 1211 5812; x_wconf 76' lang='grc' dir='ltr'>γενέσεως.</span> 
     </span>
     <span class='ocr_line' id='line_1_104' title="bbox 599 5816 1567 5890; baseline -0.002 -17"><span class='ocrx_word' id='word_1_777' title='bbox 599 5818 691 5890; x_wconf 72' lang='grc'><strong>(12</strong></span> <span class='ocrx_word' id='word_1_778' title='bbox 743 5816 897 5873; x_wconf 81' lang='lat' dir='ltr'><strong>Carr.</strong></span> <span class='ocrx_word' id='word_1_779' title='bbox 928 5816 1183 5887; x_wconf 66' lang='grc' dir='ltr'>τοιαύτης</span> <span class='ocrx_word' id='word_1_780' title='bbox 1211 5817 1270 5870; x_wconf 83' lang='grc' dir='ltr'>ού</span> <span class='ocrx_word' id='word_1_781' title='bbox 1303 5818 1567 5887; x_wconf 74' lang='grc' dir='ltr'>φείσαιτο.</span> 
     </span>
    </p>
   </div>
   <div class='ocr_carea' id='block_1_104' title="bbox 2199 4605 3774 4682">
    <p class='ocr_par' dir='ltr' id='par_1_104' title="bbox 2199 4605 3774 4682">
     <span class='ocr_line' id='line_1_105' title="bbox 2199 4605 3774 4682; baseline -0.005 -15"><span class='ocrx_word' id='word_1_782' title='bbox 2199 4613 2294 4667; x_wconf 80' lang='grc' dir='ltr'>καὶ</span> <span class='ocrx_word' id='word_1_783' title='bbox 2313 4611 2484 4665; x_wconf 82' lang='grc' dir='ltr'>ταῦτα</span> <span class='ocrx_word' id='word_1_784' title='bbox 2509 4612 2621 4670; x_wconf 82' lang='grc' dir='ltr'>τοῖς</span> <span class='ocrx_word' id='word_1_785' title='bbox 2634 4608 2945 4682; x_wconf 76' lang='grc' dir='ltr'>εἰρημένοις</span> <span class='ocrx_word' id='word_1_786' title='bbox 2970 4607 3313 4679; x_wconf 77' lang='grc' dir='ltr'>προστίθησι.</span> <span class='ocrx_word' id='word_1_787' title='bbox 3333 4605 3426 4672; x_wconf 81' lang='grc' dir='ltr'><strong>Τίς</strong></span> <span class='ocrx_word' id='word_1_788' title='bbox 3444 4608 3574 4676; x_wconf 70' lang='grc' dir='ltr'>γὰρ,</span> <span class='ocrx_word' id='word_1_789' title='bbox 3588 4609 3774 4676; x_wconf 74' lang='grc' dir='ltr'>φησὶν,</span> 
     </span>
    </p>
   </div>
   <div class='ocr_carea' id='block_1_105' title="bbox 2201 4689 3778 4771">
    <p class='ocr_par' dir='ltr' id='par_1_105' title="bbox 2201 4689 3778 4771">
     <span class='ocr_line' id='line_1_106' title="bbox 2201 4689 3778 4771; baseline -0.003 -13"><span class='ocrx_word' id='word_1_790' title='bbox 2201 4707 2234 4758; x_wconf 87' lang='grc' dir='ltr'><em>ὀ</em></span> <span class='ocrx_word' id='word_1_791' title='bbox 2262 4703 2423 4771; x_wconf 79' lang='grc' dir='ltr'>ἅγιος</span> <span class='ocrx_word' id='word_1_792' title='bbox 2481 4701 2549 4754; x_wconf 78' lang='grc' dir='ltr'>ἐκ</span> <span class='ocrx_word' id='word_1_793' title='bbox 2595 4698 2925 4770; x_wconf 56' lang='grc' dir='ltr'>γενητῆςξ</span> <span class='ocrx_word' id='word_1_794' title='bbox 2969 4689 3157 4771; x_wconf 80' lang='grc' dir='ltr'>ὥσπερ</span> <span class='ocrx_word' id='word_1_795' title='bbox 3201 4699 3300 4752; x_wconf 82' lang='grc' dir='ltr'><strong>ούκ</strong></span> <span class='ocrx_word' id='word_1_796' title='bbox 3331 4698 3649 4767; x_wconf 81' lang='grc' dir='ltr'>ἀνεγνωκὼς</span> <span class='ocrx_word' id='word_1_797' title='bbox 3680 4699 3778 4769; x_wconf 83' lang='grc' dir='ltr'>τὴν</span> 
     </span>
    </p>
   </div>
   <div class='ocr_carea' id='block_1_106' title="bbox 2199 4784 3780 4865">
    <p class='ocr_par' dir='ltr' id='par_1_106' title="bbox 2199 4784 3780 4865">
     <span class='ocr_line' id='line_1_107' title="bbox 2199 4784 3780 4865; baseline -0.003 -18"><span class='ocrx_word' id='word_1_798' title='bbox 2199 4794 2340 4847; x_wconf 86' lang='grc' dir='ltr'>κατὰ</span> <span class='ocrx_word' id='word_1_799' title='bbox 2366 4793 2458 4846; x_wconf 78' lang='grc' dir='ltr'><strong>τὸν</strong></span> <span class='ocrx_word' id='word_1_800' title='bbox 2486 4792 2751 4865; x_wconf 79' lang='grc' dir='ltr'>Ἰερεμίαν</span> <span class='ocrx_word' id='word_1_801' title='bbox 2784 4793 3022 4862; x_wconf 81' lang='grc' dir='ltr'>γραφὴν,</span> <span class='ocrx_word' id='word_1_802' title='bbox 3059 4790 3186 4862; x_wconf 73' lang='grc' dir='ltr'>περὶ</span> <span class='ocrx_word' id='word_1_803' title='bbox 3211 4784 3272 4845; x_wconf 73' lang='grc' dir='ltr'>οὗ</span> <span class='ocrx_word' id='word_1_804' title='bbox 3308 4808 3493 4862; x_wconf 83' lang='grc' dir='ltr'>φησιν,</span> <span class='ocrx_word' id='word_1_805' title='bbox 3526 4792 3604 4845; x_wconf 85' lang='grc' dir='ltr'>ὄτι</span> <span class='ocrx_word' id='word_1_806' title='bbox 3629 4792 3780 4859; x_wconf 71' lang='grc' dir='ltr'><em>Πρὶν</em></span> 
     </span>
    </p>
   </div>
   <div class='ocr_carea' id='block_1_107' title="bbox 2198 4883 3774 4956">
    <p class='ocr_par' dir='ltr' id='par_1_107' title="bbox 2198 4883 3774 4956">
     <span class='ocr_line' id='line_1_108' title="bbox 2198 4883 3774 4956; baseline -0.003 -16"><span class='ocrx_word' id='word_1_807' title='bbox 2198 4885 2304 4956; x_wconf 76' lang='grc' dir='ltr'><strong>ἐμὲ</strong></span> <span class='ocrx_word' id='word_1_808' title='bbox 2332 4887 2443 4956; x_wconf 55' lang='lat' dir='ltr'><strong>(Ini)</strong></span> <span class='ocrx_word' id='word_1_809' title='bbox 2466 4884 2698 4940; x_wconf 79' lang='grc' dir='ltr'><strong>πλᾶσαί</strong></span> <span class='ocrx_word' id='word_1_810' title='bbox 2726 4901 2800 4939; x_wconf 88' lang='grc' dir='ltr'><strong>σε</strong></span> <span class='ocrx_word' id='word_1_811' title='bbox 2829 4885 2897 4937; x_wconf 85' lang='grc' dir='ltr'>ἐκ</span> <span class='ocrx_word' id='word_1_812' title='bbox 2922 4885 3155 4950; x_wconf 74' lang='grc' dir='ltr'>κοιλίας</span> <span class='ocrx_word' id='word_1_813' title='bbox 3181 4883 3292 4955; x_wconf 78' lang='lat' dir='ltr'><strong>(i5)</strong></span> <span class='ocrx_word' id='word_1_814' title='bbox 3318 4884 3535 4952; x_wconf 76' lang='grc' dir='ltr'>ἡγίακὰ</span> <span class='ocrx_word' id='word_1_815' title='bbox 3568 4902 3657 4938; x_wconf 89' lang='grc' dir='ltr'><strong>σε.</strong></span> <span class='ocrx_word' id='word_1_816' title='bbox 3702 4883 3774 4936; x_wconf 83' lang='grc' dir='ltr'>Ού</span> 
     </span>
    </p>
   </div>
   <div class='ocr_carea' id='block_1_108' title="bbox 2201 4977 3773 5051">
    <p class='ocr_par' dir='ltr' id='par_1_108' title="bbox 2201 4977 3773 5051">
     <span class='ocr_line' id='line_1_109' title="bbox 2201 4977 3773 5051; baseline -0.002 -19"><span class='ocrx_word' id='word_1_817' title='bbox 2201 4979 2309 5051; x_wconf 74' lang='grc' dir='ltr'><strong>γὰρ</strong></span> <span class='ocrx_word' id='word_1_818' title='bbox 2337 4978 2495 5049; x_wconf 88' lang='grc' dir='ltr'>μόνον</span> <span class='ocrx_word' id='word_1_819' title='bbox 2526 4979 2589 5032; x_wconf 80' lang='grc' dir='ltr'>ὲκ</span> <span class='ocrx_word' id='word_1_820' title='bbox 2612 4978 2895 5048; x_wconf 73' lang='grc' dir='ltr'>γεννητῆς,</span> <span class='ocrx_word' id='word_1_821' title='bbox 2930 4977 3066 5031; x_wconf 83' lang='grc' dir='ltr'>ἀλλὰ</span> <span class='ocrx_word' id='word_1_822' title='bbox 3086 4977 3180 5029; x_wconf 75' lang='grc' dir='ltr'>κα),</span> <span class='ocrx_word' id='word_1_823' title='bbox 3212 4977 3318 5047; x_wconf 87' lang='grc' dir='ltr'><strong>πρὸ</strong></span> <span class='ocrx_word' id='word_1_824' title='bbox 3339 4978 3603 5046; x_wconf 83' lang='grc' dir='ltr'>γενέσεως</span> <span class='ocrx_word' id='word_1_825' title='bbox 3633 4979 3773 5029; x_wconf 79' lang='grc' dir='ltr'><strong>ἐκεί-</strong></span> 
     </span>
    </p>
   </div>
   <div class='ocr_carea' id='block_1_109' title="bbox 2201 5068 3777 5142">
    <p class='ocr_par' dir='ltr' id='par_1_109' title="bbox 2201 5068 3777 5142">
     <span class='ocr_line' id='line_1_110' title="bbox 2201 5068 3777 5142; baseline -0.001 -17"><span class='ocrx_word' id='word_1_826' title='bbox 2201 5089 2289 5136; x_wconf 88' lang='grc' dir='ltr'><strong>νος</strong></span> <span class='ocrx_word' id='word_1_827' title='bbox 2328 5071 2479 5142; x_wconf 82' lang='grc' dir='ltr'>παρὰ</span> <span class='ocrx_word' id='word_1_828' title='bbox 2507 5070 2605 5141; x_wconf 84' lang='grc' dir='ltr'><strong>τῆς</strong></span> <span class='ocrx_word' id='word_1_829' title='bbox 2632 5070 2854 5141; x_wconf 80' lang='grc' dir='ltr'>Γραφῆς</span> <span class='ocrx_word' id='word_1_830' title='bbox 2880 5070 3237 5142; x_wconf 88' lang='grc' dir='ltr'>μαρτυρεῖται</span> <span class='ocrx_word' id='word_1_831' title='bbox 3275 5068 3451 5137; x_wconf 74' lang='grc' dir='ltr'>ἅγιος.</span> <span class='ocrx_word' id='word_1_832' title='bbox 3497 5068 3653 5121; x_wconf 81' lang='grc' dir='ltr'><strong>Ἀλλά</strong></span> <span class='ocrx_word' id='word_1_833' title='bbox 3683 5069 3777 5123; x_wconf 72' lang='grc' dir='ltr'>καὶ</span> 
     </span>
    </p>
   </div>
   <div class='ocr_carea' id='block_1_110' title="bbox 2275 5385 2895 5458">
    <p class='ocr_par' dir='ltr' id='par_1_110' title="bbox 2275 5385 2895 5458">
     <span class='ocr_line' id='line_1_111' title="bbox 2275 5385 2895 5458; baseline 0.005 -17"><span class='ocrx_word' id='word_1_834' title='bbox 2275 5387 2389 5458; x_wconf 79' lang='lat' dir='ltr'><strong>(I5)</strong></span> <span class='ocrx_word' id='word_1_835' title='bbox 2420 5385 2578 5443; x_wconf 85' lang='lat' dir='ltr'><strong>Carr.</strong></span> <span class='ocrx_word' id='word_1_836' title='bbox 2604 5388 2633 5441; x_wconf 85' lang='grc' dir='ltr'><strong>ό</strong></span> <span class='ocrx_word' id='word_1_837' title='bbox 2672 5386 2895 5458; x_wconf 83' lang='grc' dir='ltr'>Κύριος.</span> 
     </span>
    </p>
   </div>
   <div class='ocr_carea' id='block_1_111' title="bbox 2278 5459 2936 5529">
    <p class='ocr_par' dir='ltr' id='par_1_111' title="bbox 2278 5459 2936 5529">
     <span class='ocr_line' id='line_1_112' title="bbox 2278 5459 2936 5529; baseline 0.003 -18"><span class='ocrx_word' id='word_1_838' title='bbox 2278 5459 2390 5526; x_wconf 77' lang='grc'><strong>(14)</strong></span> <span class='ocrx_word' id='word_1_839' title='bbox 2420 5459 2576 5529; x_wconf 71' lang='lat' dir='ltr'><strong>Corr.</strong></span> <span class='ocrx_word' id='word_1_840' title='bbox 2607 5459 2734 5529; x_wconf 78' lang='grc' dir='ltr'>πρὶν</span> <span class='ocrx_word' id='word_1_841' title='bbox 2764 5459 2936 5529; x_wconf 79' lang='grc' dir='ltr'>ἢὲμέ.</span> 
     </span>
    </p>
   </div>
   <div class='ocr_carea' id='block_1_112' title="bbox 2277 5527 3777 5602">
    <p class='ocr_par' dir='ltr' id='par_1_112' title="bbox 2277 5527 3777 5602">
     <span class='ocr_line' id='line_1_113' title="bbox 2277 5527 3777 5602; baseline 0.003 -21"><span class='ocrx_word' id='word_1_842' title='bbox 2277 5530 2391 5602; x_wconf 80' lang='lat' dir='ltr'><strong>(I5)</strong></span> <span class='ocrx_word' id='word_1_843' title='bbox 2431 5528 2485 5581; x_wconf 88' lang='lat' dir='ltr'><strong>In</strong></span> <span class='ocrx_word' id='word_1_844' title='bbox 2512 5527 2794 5602; x_wconf 51' lang='lat' dir='ltr'><strong>V_at.&#39;c_od;</strong></span> <span class='ocrx_word' id='word_1_845' title='bbox 2824 5527 2963 5586; x_wconf 85' lang='lat' dir='ltr'><strong>male</strong></span> <span class='ocrx_word' id='word_1_846' title='bbox 3004 5532 3415 5602; x_wconf 77' lang='lat' dir='ltr'><strong>interpungitur</strong></span> <span class='ocrx_word' id='word_1_847' title='bbox 3458 5538 3582 5601; x_wconf 91' lang='lat' dir='ltr'><strong>post</strong></span> <span class='ocrx_word' id='word_1_848' title='bbox 3616 5531 3777 5602; x_wconf 78' lang='lat' dir='ltr'><strong>verba</strong></span> 
     </span>
    </p>
   </div>
   <div class='ocr_carea' id='block_1_113' title="bbox 2210 5597 3778 5672">
    <p class='ocr_par' dir='ltr' id='par_1_113' title="bbox 2210 5597 3778 5672">
     <span class='ocr_line' id='line_1_114' title="bbox 2210 5597 3778 5672; baseline 0 -19"><span class='ocrx_word' id='word_1_849' title='bbox 2210 5599 2658 5672; x_wconf 52' lang='lat' dir='ltr'><strong>illaéxumliag.</strong></span> <span class='ocrx_word' id='word_1_850' title='bbox 2689 5597 2823 5654; x_wconf 85' lang='lat' dir='ltr'><strong>Vide</strong></span> <span class='ocrx_word' id='word_1_851' title='bbox 2872 5608 3051 5655; x_wconf 82' lang='lat' dir='ltr'><strong>tamen</strong></span> <span class='ocrx_word' id='word_1_852' title='bbox 3099 5597 3168 5657; x_wconf 79' lang='lat' dir='ltr'><strong>an</strong></span> <span class='ocrx_word' id='word_1_853' title='bbox 3213 5597 3374 5658; x_wconf 73' lang='lat' dir='ltr'><strong>lectio</strong></span> <span class='ocrx_word' id='word_1_854' title='bbox 3425 5597 3587 5672; x_wconf 71' lang='lat' dir='ltr'><strong>quam</strong></span> <span class='ocrx_word' id='word_1_855' title='bbox 3639 5601 3778 5654; x_wconf 84' lang='lat' dir='ltr'><strong>idem</strong></span> 
     </span>
    </p>
   </div>
   <div class='ocr_carea' id='block_1_114' title="bbox 2209 5669 3777 5743">
    <p class='ocr_par' dir='ltr' id='par_1_114' title="bbox 2209 5669 3777 5743">
     <span class='ocr_line' id='line_1_115' title="bbox 2209 5669 3777 5743; baseline 0 -20"><span class='ocrx_word' id='word_1_856' title='bbox 2209 5670 2379 5743; x_wconf 69' lang='lat' dir='ltr'><strong>codex</strong></span> <span class='ocrx_word' id='word_1_857' title='bbox 2409 5669 2497 5743; x_wconf 77' lang='lat' dir='ltr'><strong>hic</strong></span> <span class='ocrx_word' id='word_1_858' title='bbox 2519 5670 2737 5743; x_wconf 81' lang='lat' dir='ltr'><strong>exhibet</strong></span> <span class='ocrx_word' id='word_1_859' title='bbox 2760 5672 2981 5743; x_wconf 84' lang='lat' dir='ltr'><strong>antiqua</strong></span> <span class='ocrx_word' id='word_1_860' title='bbox 3007 5673 3099 5733; x_wconf 84' lang='lat' dir='ltr'><strong>sit,</strong></span> <span class='ocrx_word' id='word_1_861' title='bbox 3131 5691 3197 5728; x_wconf 88' lang='lat' dir='ltr'><strong>an</strong></span> <span class='ocrx_word' id='word_1_862' title='bbox 3226 5673 3406 5743; x_wconf 85' lang='lat' dir='ltr'><strong>potius</strong></span> <span class='ocrx_word' id='word_1_863' title='bbox 3428 5669 3777 5743; x_wconf 77' lang='lat' dir='ltr'><strong>librariorum</strong></span> 
     </span>
    </p>
   </div>
   <div class='ocr_carea' id='block_1_115' title="bbox 2212 5740 3779 5812">
    <p class='ocr_par' dir='ltr' id='par_1_115' title="bbox 2212 5740 3779 5812">
     <span class='ocr_line' id='line_1_116' title="bbox 2212 5740 3779 5812; baseline 0.002 -20"><span class='ocrx_word' id='word_1_864' title='bbox 2212 5740 2501 5812; x_wconf 73' lang='lat' dir='ltr'><strong>oscitanlia</strong></span> <span class='ocrx_word' id='word_1_865' title='bbox 2533 5741 2734 5795; x_wconf 91' lang='lat' dir='ltr'><strong>omissa</strong></span> <span class='ocrx_word' id='word_1_866' title='bbox 2769 5742 3016 5812; x_wconf 25' lang='lat' dir='ltr'><strong>sint‘alia</strong></span> <span class='ocrx_word' id='word_1_867' title='bbox 3048 5740 3295 5811; x_wconf 64' lang='lat' dir='ltr'><strong>quaedam</strong></span> <span class='ocrx_word' id='word_1_868' title='bbox 3326 5742 3487 5797; x_wconf 85' lang='lat' dir='ltr'><strong>verba</strong></span> <span class='ocrx_word' id='word_1_869' title='bbox 3512 5782 3525 5801; x_wconf 89' lang='lat'><strong>.</strong></span> <span class='ocrx_word' id='word_1_870' title='bbox 3559 5758 3680 5812; x_wconf 73' lang='lat' dir='ltr'><strong>qua:</strong></span> <span class='ocrx_word' id='word_1_871' title='bbox 3727 5743 3779 5797; x_wconf 84' lang='lat' dir='ltr'><strong>in</strong></span> 
     </span>
    </p>
   </div>
   <div class='ocr_carea' id='block_1_116' title="bbox 2215 5810 3530 5887">
    <p class='ocr_par' dir='ltr' id='par_1_116' title="bbox 2215 5810 3530 5887">
     <span class='ocr_line' id='line_1_117' title="bbox 2215 5810 3530 5887; baseline 0.001 -21"><span class='ocrx_word' id='word_1_872' title='bbox 2215 5811 2372 5882; x_wconf 75' lang='lat' dir='ltr'><strong>Vu‘g.</strong></span> <span class='ocrx_word' id='word_1_873' title='bbox 2398 5810 2528 5866; x_wconf 87' lang='lat' dir='ltr'><strong>edit.</strong></span> <span class='ocrx_word' id='word_1_874' title='bbox 2559 5819 2613 5866; x_wconf 82' lang='lat' dir='ltr'><strong>et</strong></span> <span class='ocrx_word' id='word_1_875' title='bbox 2643 5810 2781 5880; x_wconf 86' lang='lat' dir='ltr'><strong>apud</strong></span> <span class='ocrx_word' id='word_1_876' title='bbox 2819 5810 2957 5867; x_wconf 78' lang='lat' dir='ltr'><strong>LXX</strong></span> <span class='ocrx_word' id='word_1_877' title='bbox 2992 5815 3219 5887; x_wconf 80' lang='lat' dir='ltr'><strong>interpr.</strong></span> <span class='ocrx_word' id='word_1_878' title='bbox 3257 5815 3530 5887; x_wconf 74' lang='lat' dir='ltr'><strong>Ieguntur.</strong></span> 
     </span>
    </p>
   </div>
  </div>
