4120 6394
367 401 510 458 1ἳ85

1529 402 1902 463 ADVERSUS
1931 404 2450 465 APOLLINAREM.

3487 416 3631 472 H36

363 518 394 569 ο
429 516 489 568 ιν
514 515 584 586 τῇ
617 485 911 587 γαστρὶ
939 516 1169 588 μητρῷα
1220 519 1539 591 σκιρτήσας,
1580 522 1610 575 ὁ
1636 520 1732 574 τοῦ
1764 522 1945 576 ἀσπα-

2048 534 2263 579 sanctus
2288 542 2320 579 a
2347 525 2664 581 nativitate.’
2688 525 2919 583 Perinde
2942 537 3006 583 ac
3033 528 3102 592 si,
3128 529 3275 600 quod
3303 531 3446 601 apud
3473 532 3630 592 ιστο-

365 606 505 676 σμοῦ
532 608 633 678 τῆς
650 608 852 679 μητρὸς
880 609 973 663 τοῦ
994 611 1198 683 Κυρίου
1218 612 1317 683 τὴν
1346 614 1530 683 φωνὴν
1553 615 1611 667 ὲν
1631 614 1945 683 ἀγαλλιάσει

362 696 670 770 δεξάμενος,
698 700 791 753 καὶ
811 701 974 765 αὐτὸς
990 702 1056 757 ἂν
1076 704 1162 774 εῖη
1183 706 1248 758 ὲκ
1267 707 1530 778 γεπητῆς
1556 706 1731 775 ἅγιος,
1763 706 1946 771 καθὼς

363 790 396 855 ἡ
423 787 517 841 τοῦ
591 788 818 857 ἀγγέλου
873 792 1001 861 περὶ
1042 793 1206 848 αὑτοῦ
1242 794 1435 866 μηνύει
1467 798 1644 869 φωνὴ,
1679 797 1941 867 λέγουσα-

363 877 475 930 Και
498 879 848 948 Πνεύματος
870 881 1043 950 ἁγίου
1062 885 1481 951 πλησθήσεται
1509 888 1595 942 ἔτι
1615 888 1683 943 ἐκ
1711 891 1946 957 κοιλίας

360 968 601 1036 μητρός.
642 968 781 1023 Ἀλλ’
811 972 1009 1041 ἐπάγει
1032 974 1130 1027 καὶ
1161 975 1319 1029 τοῦτο
1342 980 1457 1041 τοῖς
1474 979 1784 1049 εἰρημένοις
1806 997 1820 1012 ·
1849 983 1945 1047 Τίς

360 1060 677 1128 ἀδίδακτος
698 1066 926 1132 σοφός;
954 1066 1141 1137 Ἡμεῖς
1162 1067 1327 1140 δὲτὴν
1358 1070 1422 1122 ἐκ
1448 1070 1542 1123 τοῦ
1573 1069 1707 1124 Θεοῦ
1732 1073 1942 1142 σοφίαν,

359 1150 482 1221 ἥτις
501 1154 647 1205 ἐστὶν
675 1154 704 1207 ό
731 1155 985 1225 Χριστὸς,
1015 1156 1137 1226 ούχὶ
1164 1157 1437 1227 διδακτὴν,
1468 1159 1604 1214 ἀλλά
1635 1160 1945 1234 διδακτικὴν

361 1237 500 1295 εἷναί
525 1260 703 1313 φαμεν
728 1261 741 1274 ·
776 1244 877 1316 τὴν
921 1246 978 1299 δὲ
1042 1247 1340 1304 ἑνωθεῖσαν
1390 1253 1457 1321 τῇ
1499 1250 1620 1323 θείᾳ
1658 1254 1821 1325 σοφίᾳ
1844 1255 1945 1326 τῆς

365 1334 565 1404 σαρκὸς
585 1336 741 1407 ἡμῶν
782 1339 993 1409 μοῖραν,
1023 1341 1087 1393 ὲκ
1118 1342 1348 1413 μετοχῆς
1375 1342 1629 1408 δέξασθαι
1653 1345 1714 1399 τὸ
1742 1347 1946 1416 ἀγαθὸν

359 1424 460 1495 τῆς
483 1426 674 1496 σοφίας
710 1429 810 1482 οὐκ
838 1430 1276 1505 ἀμφιϐάλλομεν,
1310 1435 1621 1506 πειθόμενοι
1647 1437 1726 1509 τῷ
1762 1439 1944 1508 Εὐαγ-

361 1518 527 1588 γελίῳ
547 1519 746 1574 οὑτωσὶ
787 1522 1062 1589 διεξιόντι,
1108 1525 1192 1579 ὅτι
1249 1527 1474 1595 Ἰησοῦς
1495 1529 1563 1583 δὲ
1577 1530 1946 1599 προέκοπτεν

362 1616 590 1682 ἡλικίᾳ,
625 1616 722 1670 καί
780 1619 987 1687 σοφίᾳ,
1024 1620 1119 1673 καὶ
1150 1619 1365 1690 χάριτι.
1398 1623 1609 1695 Ὥσπερ
1644 1627 1702 1678 ὲν
1732 1626 1810 1696 τῷ
1841 1625 1947 1679 σώ-

363 1708 537 1777 ματιή
557 1708 675 1761 κατ’
695 1707 1401 1784 όλίγονπροσθήκη,τροφῆς
1415 1715 1522 1786 (16)
1539 1718 1796 1789 συνεργίᾳ
1808 1719 1947 1789 πρὸς

358 1798 420 1850 τὸ
441 1796 646 1851 τέλειον
666 1799 765 1869 τῆς
780 1798 994 1867 φύσεως
1029 1804 1293 1874 πρόεισιν,
1309 1805 1479 1870 οὓτως
1506 1810 1600 1862 καὶ
1637 1810 1771 1881 ὲντῇ
1798 1810 1942 1883 ψυχῇ

2054 616 2215 671 miam
2241 616 2504 687 scriptum
2544 627 2648 681 est,
2694 618 2994 688 ignoraret,
3044 621 3113 675 de
3142 636 3251 691 quo
3275 621 3408 676 dicit
3450 622 3631 679 Domi-

2052 723 2179 772 nus,
2220 706 2541 779 Priusquam
2584 718 2630 763 te
2661 709 2975 778 formarem,
3022 727 3089 765 ea:
3121 723 3269 767 utero
3297 715 3633 784 sancti/it:an

2052 800 2186 855 te".
2242 798 2361 855 Non
2419 800 2583 856 modo
2629 802 2774 857 enim
2827 817 2855 855 a
2900 805 3203 867 nativitate,
3258 805 3356 860 sed
3394 816 3449 861 et
3502 816 3630 863 ante

2050 890 2389 946 nativitatem
2466 893 2620 947 illum
2698 894 2988 949 sanctitate
3080 896 3368 965 praeditum
3457 897 3633 955 fuisse

2052 983 2349 1054 Scriptum
2388 985 2705 1040 testimonio
2731 986 3141 1055 comprobatur.
3174 986 3317 1053 Quin
3363 996 3417 1043 et
3444 988 3630 1045 infans

2051 1077 2142 1131 ille
2161 1076 2254 1145 qui
2277 1076 2331 1129 in
2365 1078 2559 1133 matris
2588 1086 2744 1133 utero
2772 1079 3089 1143 exsultavit,
3121 1080 3213 1149 qui
3242 1081 3626 1135 salutationem

2049 1166 2242 1223 matris
2263 1165 2478 1223 Domini
2522 1184 2645 1224 cum
2676 1169 2864 1225 laetitia
2896 1171 3228 1240 suscepit",
3266 1172 3381 1241 ipse
3408 1187 3630 1242 quoque

2051 1274 2082 1314 a
2112 1259 2396 1315 nativitate
2422 1269 2647 1317 sanctus
2670 1262 2903 1328 exstitit,
2932 1262 3390 1332 quemadmodum
3427 1264 3633 1334 angeli-

2050 1363 2149 1404 cus
2181 1364 2361 1405 sermo
2394 1350 2462 1405 de
2492 1352 2612 1419 ipso
2653 1350 2897 1405 declarat
2925 1351 3014 1407 his
3060 1352 3284 1409 verbis:
3316 1352 3386 1407 Et
3421 1355 3631 1423 Spiritu

2051 1449 2237 1494 sancto
2295 1441 2584 1510 replebitur
2636 1440 2808 1495 adhuc
2864 1457 2930 1496 ex
2977 1451 3126 1496 utero
3176 1445 3367 1499 matris
3426 1462 3535 1499 sua:
3557 1446 3627 1500 ⁸⁸.

2053 1527 2160 1583 Sed
2207 1537 2262 1584 et
2299 1530 2435 1585 illud
2484 1530 2647 1586 dictis
2693 1530 2856 1584 modo
2903 1531 3093 1586 relatis
3136 1533 3447 1603 subiungit:
3496 1534 3631 1600 Quis

2050 1621 2287 1690 sapiens,
2335 1622 2439 1677 nisi
2472 1622 2655 1676 doctus
2680 1621 2885 1691 fuerit?
2914 1624 2982 1676 At
3011 1637 3111 1678 nos
3153 1621 3247 1679 Dei
3280 1625 3630 1694 sapientiam,

2051 1728 2173 1783 quae
2208 1712 2464 1770 Christus
2509 1724 2614 1782 est,
2661 1730 2770 1769 non
2817 1715 2888 1770 ab
2935 1715 3042 1770 alio
3088 1716 3343 1785 qquiam
3374 1714 3628 1771 edoctam

2052 1803 2245 1872 fuisse,
2292 1804 2389 1861 sed
2430 1805 2568 1861 alios
2606 1805 2838 1861 docendi
2886 1814 3155 1876 potestate
3184 1807 3468 1878 praditam
3502 1823 3630 1863 esse

360 1891 393 1960 ἡ
428 1889 519 1943 ἐπὶ
562 1889 625 1944 τὸ
667 1891 876 1945 τέλειον
912 1893 1011 1965 τῆς
1057 1897 1248 1964 σοφίας
1283 1897 1511 1969 πρόοδος
1550 1900 1618 1954 δι’
1662 1902 1945 1973 ἀσκήσεως

2050 1894 2318 1963 dicimus;
2357 1910 2479 1951 eam
2524 1911 2656 1952 vero
2694 1898 2881 1954 carnis
2915 1905 3119 1953 nostra:
3150 1901 3477 1969 portionem,
3508 1914 3633 1969 quae

357 1984 471 2045 τοῖς
495 1984 736 2054 μετιοῦσι
765 1988 1130 2057 προστίθεται.
1157 1991 1272 2057 Τίς,
1310 1993 1949 2065 φησὶν,ὲνέξιουσίᾳτὰ

358 2073 468 2127 τοῦ
515 2074 662 2129 Θεοῦ
715 2076 1134 2148 ἐργαζόμενος;
1194 2082 1323 2147 Πῶς
1360 2086 1794 2158 κατασμικρύνει
1832 2092 1947 2155 τοῖς

360 2164 639 2235 βρεφικοῖς
699 2168 1093 2241 ἐπιχειρήμασι
1156 2172 1256 2244 τὴν
1292 2174 1566 2246 ἄφραστον
1608 2178 1701 2231 τοῦ
1738 2180 1944 2251 Κυρίου

361 2256 756 2326 μεγαλειότητα
779 2274 793 2325 ;
828 2258 901 2311 Τὸ
931 2259 1039 2331 γάρ
1067 2261 1125 2314 ὲν
1153 2260 1371 2335 ἐξουσίᾳ
1397 2266 1464 2320 τά
1492 2265 1586 2319 τοῦ
1617 2266 1752 2321 Θεοῦ
1776 2271 1948 2324 ποιεῖν
1982 2327 1995 2339 ,

360 2346 453 2399 καὶ
482 2346 787 2417 ἀνθρώπων
818 2351 938 2403 ἐστὶ
976 2351 1296 2424 ἠξιωμένων
1328 2356 1439 2424 (17)
1468 2357 1617 2423 θείας
1642 2360 1944 2432 δυνάμεως,

357 2433 469 2501 οἷος
498 2435 566 2510 ἦν
585 2441 613 2494 ό
639 2440 824 2505 Ἠλίας
837 2442 957 2497 κατ’
984 2444 1233 2509 ἐξουσίαν
1254 2448 1426 2512 ἀνιείς
1445 2468 1501 2503 τε
1524 2451 1618 2505 καὶ
1639 2453 1947 2509 ἀποκλείων

371 2533 484 2594 τοῖς
513 2531 821 2605 ἀνθρώποις
877 2536 970 2590 τὸν
1021 2537 1247 2610 ὄμϐρον,
1288 2541 1401 2613 πῦρ
1434 2544 1656 2611 ἐπάγων
1685 2547 1798 2610 τοῖς
1845 2546 1947 2600 ὑπο

359 2623 640 2690 εναντίοις,
672 2627 936 2697 γεωργῶν
990 2629 1049 2681 ἐν
1094 2629 1174 2700 τῷ
1223 2633 1451 2704 κεράμῳ
1478 2635 1537 2688 τὸ
1572 2636 1820 2709 ἄλευρον,
1845 2640 1947 2693 ’καὶ

360 2713 546 2786 βρύειν
572 2716 744 2770 ποιῶν
769 2719 827 2771 ὲν
862 2719 941 2789 τῷ
974 2721 1244 2795 καμψάκῃ
1272 2724 1380 2795 (18)
1409 2727 1469 2780 τὸ
1491 2726 1687 2794 ἔλαιον,
1726 2730 1822 2783 καὶ
1858 2731 1947 2786 διὰ

357 2810 821 2880 προσφυσήματος
878 2810 957 2882 τῷ
989 2813 1183 2885 ἀψύχῳ
1224 2815 1367 2889 ζωὴν
1420 2819 1800 2890 χαριζόμενος,
1849 2823 1946 2876 καὶ

357 2898 458 2951 ὅσα
480 2898 611 2953 ἄλλα
665 2903 792 2973 περὶ
823 2903 988 2957 αὐτοῦ
1019 2906 1047 2958 ὁ
1098 2906 1258 2977 λόγος
1315 2911 1554 2980 κατέχει.
1593 2912 1755 2965 Ὥστε
1795 2913 1945 2967 οὐδὲν

358 2995 498 3067 ὑπὲρ
520 2995 826 3068 ἄνθρωπον,
856 2999 918 3052 τὸ
944 3000 1002 3052 ὲν
1032 3001 1249 3074 ἐξουσίᾳ
1275 3002 1368 3057 τοῦ
1393 3005 1529 3058 Θεοῦ
1562 3008 1734 3058 ποιεῖν
1763 3023 1815 3061 τι
1838 3006 1945 3061 τῶν

358 3087 651 3157 θαυμάτων
679 3090 743 3143 ὲκ
791 3090 940 3155 θείας
987 3091 1270 3164 δυνάμεως
1293 3111 1307 3126 ·
1348 3096 1485 3149 ἀλλὰ
1516 3097 1576 3151 τὸ
1602 3098 1765 3151 αὑτὸν
1807 3096 1945 3154 εἶναι

356 3177 456 3248 τὴν
477 3178 847 3251 ὑπερέχουσαν
881 3180 1129 3253 δύναμιν.
1165 3183 1344 3255 Ὅπερ
1380 3185 1443 3256 δὴ
1488 3187 1580 3239 καὶ
1629 3187 1761 3257 παρ’
1788 3189 1942 3259 ἡμῶν

2048 1986 2251 2042 divinae
2296 1987 2590 2058 Sapientia:
2636 1989 2789 2043 unita
2821 1996 2927 2050 est,
2975 1987 3255 2059 sapientiae
3296 1989 3498 2044 bonum
3534 2004 3633 2059 per

2048 2079 2522 2151 participationem
2576 2080 2889 2149 suscepisse
2918 2096 3027 2135 non
3077 2080 3413 2139 dubitamus.
3451 2079 3631 2134 Evan-

2049 2172 2175 2243 gelii
2212 2173 2538 2229 auctoritate
2568 2172 2712 2236 freti,
2749 2174 2864 2227 haec
2890 2172 2957 2229 de
2984 2172 3113 2228 Jesu
3142 2172 3441 2233 narrantis.
3470 2170 3628 2226 Jesus

2049 2274 2227 2320 autem
2273 2264 2581 2333 proﬁciebat
2630 2273 2805 2329 artate,
2856 2273 2905 2318 et
2953 2264 3217 2331 sapientia
3261 2272 3311 2316 et
3362 2263 3625 2332 gratia“.

2050 2356 2183 2411 Nam
2220 2356 2388 2412 veluti
2430 2356 2482 2410 in
2520 2365 2711 2411 nostro
2736 2370 2964 2427 corpore
3006 2356 3263 2425 paulatim
3305 2353 3509 2409 factum
3545 2354 3631 2409 in-

2047 2459 2385 2505 crementum
2414 2449 2521 2503 cibi
2556 2462 2723 2518 opcra
2749 2447 2814 2502 ad
2851 2454 3058 2502 natura:
3087 2445 3477 2517 perfectionem
3500 2462 3633 2518 pro-

2046 2541 2213 2607 cedit,
2263 2541 2338 2595 ita
2367 2549 2423 2596 et
2463 2542 2518 2595 in
2567 2541 2750 2595 anima
2791 2540 3190 2596 exercitatione
3219 2538 3278 2592 lit
3304 2546 3363 2593 ut
3396 2540 3489 2609 qui
3539 2554 3635 2594 sa-

2046 2633 2265 2702 pientiae
2291 2632 2475 2687 studio
2507 2639 2784 2695 tenentur,
2827 2630 2892 2684 ad
2928 2629 3139 2701 apicem
3169 2630 3290 2700 ejus
3321 2630 3631 2700 fastigium--

2045 2741 2151 2795 que
2179 2724 2619 2796 progrediantur.
2659 2723 2813 2789 Quis,
2864 2723 3061 2792 inquit,
3106 2736 3175 2775 ex
3200 2730 3478 2791 potestate,
3510 2738 3637 2792 quur

2047 2818 2145 2872 Dei
2180 2827 2303 2871 sunt
2332 2817 2621 2887 operatur?
2655 2815 2941 2882 Quomodo
2972 2814 3273 2885 puerilibus
3292 2816 3636 2885 argumentis

2047 2910 2373 2966 ineﬂ‘abilem
2426 2908 2636 2963 Domini
2692 2908 3120 2978 magnitudinem
3158 2908 3453 2978 dvprimit?
3491 2907 3624 2960 Nam

2044 3019 2110 3057 ex
2154 3009 2421 3072 potestate
2452 3015 2574 3069 qute
2619 2999 2712 3052 Dei
2762 3005 2892 3052 sunt
2928 2996 3126 3057 facere,
3173 3012 3362 3051 eorum
3409 3011 3633 3064 quoque

2045 3093 2326 3147 hominum
2374 3099 2459 3145 est
2489 3090 2580 3159 qui
2612 3089 2797 3142 divina
2825 3089 3028 3142 virtute
3077 3088 3227 3157 digni
3274 3087 3443 3141 habiti
3476 3095 3631 3151 sunt,

2046 3185 2355 3256 cujusmodi
2390 3190 2511 3239 erat
2542 3182 2711 3248 Elias,
2761 3181 2853 3253 qui
2895 3196 2995 3251 pro
3028 3182 3255 3235 arbitrio
3293 3180 3488 3234 cadere
3529 3180 3631 3232 lto-

358 3268 453 3323 καὶ
472 3269 622 3341 παρὰ
642 3271 860 3326 πάντων
871 3274 982 3327 τῶν
1004 3276 1061 3327 ὲν
1087 3273 1317 3347 ἀληθείᾳ
1336 3276 1642 3349 δεξαμένων
1666 3278 1757 3331 τὸν
1786 3277 1940 3348 λόγον

2050 3277 2289 3332 minibus
2335 3284 2499 3345 atque
2541 3288 2759 3329 cessare
2812 3271 2942 3328 fecit
2989 3273 3252 3343 pluviam,
3300 3270 3392 3341 qui
3446 3271 3629 3341 ignem

357 3359 736 3417 πεπίστευται.

2048 3369 2277 3426 immisit
2318 3367 2373 3422 in
2408 3367 2613 3427 hostes,
2657 3371 2714 3419 et
2754 3363 2808 3417 in
2850 3376 2981 3417 vase
3027 3361 3173 3416 fictili
3223 3362 3456 3415 farinam
3488 3361 3629 3415 mira

356 3457 748 3525 agricolatione
776 3460 1181 3531 multiplicavit,
1213 3461 1308 3532 qui
1351 3471 1564 3519 scatere
1589 3464 1719 3521 fecit
1748 3468 1928 3522 oleum
1969 3468 2025 3522 in
2070 3465 2286 3538 lccytho
2325 3472 2380 3517 et
2412 3460 2591 3515 alllatu
2664 3460 2829 3515 vitam
2895 3466 3115 3512 mortuo
3153 3456 3384 3527 largitus
3425 3465 3532 3522 est,
3572 3462 3628 3507 et

359 3561 625 3623 quotquot
663 3556 769 3609 alia
796 3555 863 3611 de
886 3557 1083 3627 ipsoin
1111 3559 1284 3613 sacris
1310 3560 1522 3629 paginis
1554 3566 1931 3617 narrantur“.
1973 3562 2337 3629 Quamobrem
2372 3557 2509 3612 nihil
2541 3569 2707 3624 supra
2748 3552 3045 3616 hominem,
3084 3551 3130 3606 si
3172 3551 3295 3621 quis
3362 3548 3459 3604 Dei
3532 3564 3628 3619 po-

359 3653 557 3700 testate
584 3647 867 3714 prteditus,
901 3648 1121 3718 aliquod
1148 3650 1473 3705 miraculum
1513 3668 1579 3706 ex
1610 3653 1793 3707 divina
1821 3655 2024 3709 virtute
2063 3661 2349 3723 operetur;
2398 3647 2493 3702 sed
2570 3644 2703 3700 illud
2746 3659 2873 3699 vere
2938 3656 3105 3712 supra
3191 3642 3491 3706 hominem,
3568 3648 3628 3693 ut

359 3740 483 3808 quis
532 3739 603 3795 sit
645 3740 878 3808 ipsamet
922 3740 1094 3806 prima
1144 3741 1466 3812 czeterisque
1512 3743 1636 3798 aliis
1690 3745 1943 3813 superior
1980 3750 2240 3812 potestas.
2283 3736 2441 3805 Quod
2484 3735 2703 3806 quidem
2744 3748 2868 3788 cum
2903 3746 2933 3785 a
2997 3731 3158 3786 nobis
3199 3739 3313 3785 tum
3362 3732 3432 3787 ab
3505 3732 3632 3787 aliis

357 3830 637 3893 omnibus,
666 3832 758 3901 qui
786 3831 839 3884 in
868 3832 1099 3885 veritate
1121 3832 1349 3886 verbum
1382 3831 1477 3889 Dei
1512 3834 1843 3904 suscipiunt,
1870 3834 1938 3887 de
1975 3831 2197 3896 Christo
2225 3828 2456 3881 Domino
2480 3825 2742 3880 creditur.

427 3924 538 3996 Τὴν
580 3925 639 3978 δὲ
682 3924 1012 3993 ἀδιανοήτως
1045 3923 1210 3977 αὐτοῦ
1249 3925 1637 3996 προστεθεῖσαν
1661 3928 1772 3990 τοῖς
1797 3927 1945 3996 είρη-

2122 3918 2316 3975 XXIX.
2370 3916 2545 3971 Porro
2575 3930 2700 3968 cum
2737 3913 3028 3967 obscuram
3070 3917 3125 3965 et
3154 3910 3631 3980 incomprehensi-

332 4062 336 4069 λ
361 4016 541 4085 μένοις
564 4015 847 4087 διαίρεσιν,
871 4015 946 4078 ὼς
966 4015 1026 4068 ού
1055 4016 1261 4085 πρέπον
1289 4018 1422 4086 ἡμῖν
1445 4015 1505 4070 ὃν
1527 4016 1587 4069 τὸ
1615 4016 1757 4070 κατά
1782 4034 1945 4069 σπου-

2048 4014 2211 4068 bilem
2257 4026 2422 4082 quam
2452 4007 2702 4077 adjungit
2731 4004 3140 4059 distinctionem
3180 4003 3405 4058 minime
3435 4003 3627 4059 deceat

356 4106 450 4177 δὴν
472 4105 786 4175 διελέγχειν,
824 4107 941 4168 ταῖς
990 4104 1220 4168 ἐννοίαις
1244 4104 1352 4159 τῶν
1392 4106 1769 4177 ἐπιστημόνων
1804 4123 1945 4179 παρ-

2048 4118 2148 4159 nos
2199 4101 2515 4156 accuratius
2558 4098 2869 4160 confutare,
2906 4096 3056 4149 illam
3091 4094 3379 4148 doctorum
3409 4094 3625 4163 judicio

358 4200 579 4270 ήσομεν.
604 4198 668 4250 Τί
699 4198 808 4268 γάρ
835 4196 1083 4267 βούλεται
1126 4197 1381 4268 αύτῷιτὸ,
1410 4197 1658 4268 Διαιρῶν
1691 4198 1809 4268 μὲν
1832 4199 1945 4268 τὴν

2048 4197 2466 4252 examinandam
2511 4193 2886 4260 relinquemus
2958 4187 3098 4253 Quid
3151 4187 3299 4241 enim
3348 4187 3453 4243 sibi
3507 4190 3627 4244 vult

356 4290 663 4360 ἐνέργειαν
700 4289 852 4344 κατὰ
886 4290 1104 4358 σάρκα,
1142 4289 1365 4355 ἐξισῶν
1393 4288 1461 4343 δὲ
1494 4290 1645 4343 κατὰ
1681 4289 1937 4359 πνεῦμα.

360 4386 535 4456 Ὅπερ
565 4384 809 4455 ἐπήγαγε
844 4385 910 4454 τῇ
935 4382 1274 4453 Εὑαγγελικῇ
1303 4385 1451 4454 φωνῇ
1476 4385 1540 4454 τῇ
1576 4382 1827 4457 λεγούσῃ,
1855 4385 1937 4437 ὅτι

2046 4288 2202 4349 illud,
2262 4287 2603 4355 Distinguens
2651 4280 2861 4351 quidem
2911 4280 3270 4348 operationem
3332 4282 3623 4335 secundant

2044 4399 2297 4447 carnem;
2335 4395 2619 4450 extequans
2657 4392 2774 4430 vero
2808 4373 3094 4429 secundum
3136 4373 3384 4442 spiritum
3411 4376 3436 4431 2
3468 4374 3625 4443 Quod

370 4477 423 4528 Ὀ
445 4476 646 4543 Πατήρ
677 4492 797 4544 μου
827 4473 938 4541 ἕως
971 4474 1103 4543 ἄρτι
1149 4474 1466 4545 ἐργάζεται,
1509 4475 1671 4544 κάγὼ
1708 4474 1942 4545 ἐργάζο-

2048 4477 2254 4531 dictum
2310 4474 2461 4530 hisce
2508 4467 2787 4540 Evangelii
2846 4467 3029 4522 verbis
3084 4467 3405 4537 subjunxit,
3460 4466 3626 4522 Pater

354 4584 480 4636 μαι.
514 4566 682 4630 Εῐτις
709 4566 822 4638 ἔχει
848 4566 1077 4639 δύναμιν
1108 4567 1243 4638 πρὸς
1281 4569 1379 4638 τὴν
1410 4566 1520 4619 τῶν
1545 4568 1784 4637 ἀνοήτων
1818 4584 1943 4621 συν-

360 4658 606 4729 ηγορίαν,
645 4659 983 4713 συνιστάσθω
1028 4658 1106 4730 τῷ
1146 4658 1289 4730 λόγῳ
1320 4658 1412 4712 καὶ
1458 4658 1682 4727 λεγέτω,
1717 4659 1772 4713 τί
1805 4659 1941 4713 νοῶν

361 4752 555 4819 ἐπάγει
579 4754 690 4815 τοῖς
716 4750 1023 4822 εἰρημένοις
1058 4751 1220 4805 πάλιν
1263 4750 1324 4804 τὸ
1367 4752 1571 4823 ὅμοιον,
1610 4752 1809 4805 οὑτωσὶ¹
1847 4752 1942 4806 καὶ

2050 4584 2194 4623 meus
2247 4580 2410 4635 usque
2463 4561 2619 4616 modo
2657 4568 2927 4629 operatur,
2973 4567 3023 4613 et
3070 4574 3164 4627 ego
3211 4574 3398 4627 operor
3440 4559 3519 4615 ⁸³.
3566 4560 3625 4616 Si

2048 4658 2174 4728 quis
2214 4656 2505 4710 stultorum
2546 4651 2800 4722 cogitatis
2836 4648 3201 4720 patrocinium
3239 4649 3480 4720 praebere
3532 4666 3627 4721 po.

2050 4751 2122 4804 tis
2167 4757 2273 4811 est,
2329 4744 2461 4800 huic
2525 4742 2852 4814 astipuletur
2902 4741 3143 4796 sermoni
3203 4749 3257 4796 et
3311 4742 3456 4796 dicat
3516 4759 3625 4813 quo

2049 4856 2213 4898 sensu
2272 4840 2454 4894 allatis
2514 4836 2678 4891 modo
2723 4835 2888 4891 dictis
2932 4834 3134 4889 similia
3187 4835 3384 4890 iterum
3438 4836 3623 4896 addat,

2050 4946 2174 5002 quae
2206 4931 2275 4985 ad
2308 4928 2533 4983 verbum
2570 4927 2645 4981 ita
2676 4942 2735 4982 se
2767 4925 2993 4990 habent,
3028 4925 3625 4997 Quiquidemrinquit.

357 4842 458 4914 τὴν
494 4842 635 4908 λέξιν
658 4842 768 4913 (19)
792 4841 940 4913 ἔχον·
966 4843 1146 4910 Ὅπερ
1169 4842 1312 4911 ἔχει,
1344 4843 1499 4914 φησὶ,
1525 4842 1632 4911 τὴν
1664 4843 1734 4897 ἐν
1757 4843 1941 4898 δυνά-

355 4951 452 5002 μει
501 4934 688 4987 πάλιν
734 4933 1003 5001 ἰσότητα,
1059 4933 1155 4986 καὶ
1201 4933 1317 5001 τὴν
1369 4933 1521 4988 κατά
1574 4933 1775 5003 σάρκα
1831 4935 1943 5003 τῆς

359 5025 660 5093 ἐνεργείας
704 5023 1019 5093 διαίρεσιν,
1070 5027 1197 5080 καθ’
1231 5024 1332 5093 ἢν,
1371 5028 1555 5097 φησὶν,
1591 5029 1665 5081 οὐ
1714 5027 1945 5093 πάντας

2048 5025 2098 5079 in
2153 5032 2413 5093 potestate
2463 5036 2649 5074 rursus
2682 5018 3043 5089 equalitatem
3096 5020 3312 5085 obtinet,
3343 5031 3393 5074 et
3433 5019 3628 5074 distin-

358 5116 773 5184 ἐζωποίησεν,
802 5117 963 5171 ἀλλά
1008 5134 1196 5184 τινας,
1240 5118 1347 5184 οὒς
1387 5119 1711 5187 ἠθέλησεν.
1758 5120 1945 5190 Ἡμεῖς

2048 5117 2268 5171 ctionem
2304 5114 2629 5184 operationis
2665 5110 2951 5167 secundum
2998 5128 3232 5175 carnem,
3268 5128 3393 5177 qua,
3423 5112 3624 5181 inquit,

360 5209 470 5279 γὰρ
496 5209 606 5279 (20)
633 5208 731 5280 τὴν
761 5208 940 5278 ἁπλῆν
968 5227 1027 5262 τε
1070 5210 1165 5263 καὶ
1192 5210 1564 5286 ἀκατάσκευον
1605 5211 1945 5281 ἐξειληφότες

2048 5226 2150 5264 non
2187 5225 2364 5263 omnes
2417 5207 2721 5276 uivi/icavit,
2765 5204 2855 5259 sed
2904 5204 3208 5272 nonnullos,
3252 5222 3382 5276 quos
3438 5206 3623 5260 voluit.

360 5298 459 5370 τῆς
483 5297 630 5363 θείας
656 5299 877 5372 Γραφῆς
901 5299 1156 5363 διάνοιαν,
1184 5299 1356 5365 οὕτως
1396 5302 1523 5372 περὶ
1559 5300 1667 5354 τῶν
1723 5301 1945 5373 εἰρημέ-

2048 5298 2157 5355 Nos
2179 5300 2325 5355 enim
2357 5298 2659 5368 simplicem
2682 5305 2737 5351 et
2770 5297 2991 5351 obvium
3031 5312 3098 5351 ex
3122 5296 3311 5352 divina
3341 5297 3624 5367 Scriptura

435 5473 479 5504 ⁷⁸
504 5472 617 5531 Jer.
644 5489 684 5539 ι,
708 5474 761 5528 5.
837 5477 883 5511 '°
910 5474 1040 5533 Luc.
1081 5494 1118 5543 ι,
1153 5478 1243 5533 ΔΙ.
1319 5479 1365 5510 ⁸ο
1408 5477 1538 5533 ibid.
1572 5479 1661 5533 15.
1735 5479 1778 5511 ἠ
1823 5477 1945 5534 Luc.

362 5544 408 5577 ⁸³
435 5543 595 5599 Joan.
634 5562 689 5613 v,
714 5545 806 5602 17.

2050 5517 2064 5542 ,
2101 5475 2189 5531 52.
2267 5478 2313 5511 ⁸³
2343 5474 2409 5530 Ill
2440 5472 2575 5544 Reg.
2611 5487 2747 5538 xvu,
2779 5473 2863 5537 il,
2890 5489 3010 5544 sqq.
3041 5491 3057 5543 ;
3092 5471 3159 5527 IV
3182 5472 3314 5543 Reg.
3339 5490 3376 5538 ι,
3408 5473 3474 5528 10
3497 5490 3623 5548 sqq.

2054 5707 2236 5755 textus
2269 5699 2453 5770 habet,
2493 5699 2737 5770 καψάκῃ.

2126 5770 2240 5843 (l9)
2267 5769 2507 5843 _Videtur
2533 5772 2621 5824 hic
2649 5769 3124 5843 legendum,_xaca
3152 5770 3251 5843 τὴν
3278 5771 3445 5839 λέξιν.

2123 5837 2236 5913 (20)
2264 5839 2341 5896 Ita
2368 5857 2549 5908 corn;
2581 5837 2733 5911 prius
2757 5850 2895 5908 erat,
2928 5837 3078 5912 οἶμαι
3110 5837 3237 5914 γάρ.

462 5701 547 5785 19)
576 5699 717 5785 9°"
750 5704 832 5785 τῇ
854 5703 956 5785 τῆς
976 5703 1199 5785 τροφῆς·

464 5772 550 5843 Π)
578 5771 736 5843 (ἷγοιτ.
762 5771 869 5825 τῶν
891 5771 1229 5843 ἠξιωμένων.

466 5842 552 5913 i8)
616 5842 693 5897 Ita
748 5841 932 5908 corn;
988 5841 1167 5911 antea,
1206 5842 1510 5916 καμψάκει.
1548 5841 1716 5899 Sacer
1762 5849 1946 5897 tamen
