  <div class='ocr_page' id='page_1' title='image "/cluster/home/n/w/nwhite01/storage/ocr_20150623/45/nnc1.0046978445/605.png"; bbox 0 0 4120 6394; ppageno 0'>
   <div class='ocr_carea' id='block_1_1' title="bbox 498 425 634 483">
    <p class='ocr_par' dir='ltr' id='par_1_1' title="bbox 498 425 634 483">
     <span class='ocr_line' id='line_1_1' title="bbox 498 425 634 483; baseline 0.007 -3"><span class='ocrx_word' id='word_1_1' title='bbox 498 425 634 483; x_wconf 71' lang='lat'><strong>“87</strong></span> 
     </span>
    </p>
   </div>
   <div class='ocr_carea' id='block_1_2' title="bbox 1767 428 2194 485">
    <p class='ocr_par' dir='ltr' id='par_1_2' title="bbox 1767 428 2194 485">
     <span class='ocr_line' id='line_1_2' title="bbox 1767 428 2194 485; baseline 0 -3"><span class='ocrx_word' id='word_1_2' title='bbox 1767 430 1823 483; x_wconf 83' lang='lat' dir='ltr'><strong>S.</strong></span> <span class='ocrx_word' id='word_1_3' title='bbox 1865 428 2194 485; x_wconf 65' lang='lat' dir='ltr'><strong>GREGOIHI</strong></span> 
     </span>
    </p>
   </div>
   <div class='ocr_carea' id='block_1_3' title="bbox 2256 423 3743 484">
    <p class='ocr_par' dir='ltr' id='par_1_3' title="bbox 2256 423 3743 484">
     <span class='ocr_line' id='line_1_3' title="bbox 2256 423 3743 484; baseline 0.001 -2"><span class='ocrx_word' id='word_1_4' title='bbox 2256 427 2550 484; x_wconf 78' lang='lat' dir='ltr'><strong>NYSSENI</strong></span> <span class='ocrx_word' id='word_1_5' title='bbox 3604 423 3743 483; x_wconf 64' lang='lat'><strong>“$8</strong></span> 
     </span>
    </p>
   </div>
   <div class='ocr_carea' id='block_1_4' title="bbox 500 535 2069 611">
    <p class='ocr_par' dir='ltr' id='par_1_4' title="bbox 500 539 2059 611">
     <span class='ocr_line' id='line_1_4' title="bbox 500 539 2059 611; baseline -0.001 -14"><span class='ocrx_word' id='word_1_6' title='bbox 500 556 723 597; x_wconf 82' lang='lat' dir='ltr'><strong>sensum</strong></span> <span class='ocrx_word' id='word_1_7' title='bbox 757 539 1128 605; x_wconf 82' lang='lat' dir='ltr'><strong>desumentes,</strong></span> <span class='ocrx_word' id='word_1_8' title='bbox 1169 540 1241 594; x_wconf 89' lang='lat' dir='ltr'><strong>ita</strong></span> <span class='ocrx_word' id='word_1_9' title='bbox 1292 540 1359 595; x_wconf 88' lang='lat' dir='ltr'><strong>de</strong></span> <span class='ocrx_word' id='word_1_10' title='bbox 1392 540 1513 611; x_wconf 75' lang='lat' dir='ltr'><strong>eius</strong></span> <span class='ocrx_word' id='word_1_11' title='bbox 1554 541 1715 597; x_wconf 92' lang='lat' dir='ltr'><strong>dictis</strong></span> <span class='ocrx_word' id='word_1_12' title='bbox 1744 543 2059 605; x_wconf 74' lang='lat' dir='ltr'><strong>statuimus,</strong></span> 
     </span>
    </p>
   </div>
   <div class='ocr_carea' id='block_1_5' title="bbox 2174 535 3742 611">
    <p class='ocr_par' dir='ltr' id='par_1_5' title="bbox 2174 535 3742 611">
     <span class='ocr_line' id='line_1_5' title="bbox 2174 535 3742 611; baseline -0.003 -18"><span class='ocrx_word' id='word_1_13' title='bbox 2174 559 2271 593; x_wconf 80' lang='grc' dir='ltr'><strong>νων</strong></span> <span class='ocrx_word' id='word_1_14' title='bbox 2314 541 2647 609; x_wconf 77' lang='grc' dir='ltr'>γινώσκομεν</span> <span class='ocrx_word' id='word_1_15' title='bbox 2692 540 2834 611; x_wconf 71' lang='grc'>(21)·</span> <span class='ocrx_word' id='word_1_16' title='bbox 2865 541 2939 593; x_wconf 77' lang='grc' dir='ltr'><strong>ὅτ’</strong></span> <span class='ocrx_word' id='word_1_17' title='bbox 2968 541 3034 594; x_wconf 78' lang='grc' dir='ltr'>ἂν</span> <span class='ocrx_word' id='word_1_18' title='bbox 3087 540 3180 593; x_wconf 70' lang='grc' dir='ltr'>τοῦ</span> <span class='ocrx_word' id='word_1_19' title='bbox 3219 538 3422 604; x_wconf 83' lang='grc' dir='ltr'>Κυρίου</span> <span class='ocrx_word' id='word_1_20' title='bbox 3461 535 3742 603; x_wconf 71' lang='grc' dir='ltr'><strong>διεξιόντος</strong></span> 
     </span>
    </p>
   </div>
   <div class='ocr_carea' id='block_1_6' title="bbox 500 633 2062 704">
    <p class='ocr_par' dir='ltr' id='par_1_6' title="bbox 500 633 2062 704">
     <span class='ocr_line' id='line_1_6' title="bbox 500 633 2062 704; baseline -0.001 -15"><span class='ocrx_word' id='word_1_21' title='bbox 500 644 558 689; x_wconf 92' lang='lat' dir='ltr'><strong>ut</strong></span> <span class='ocrx_word' id='word_1_22' title='bbox 606 650 729 688; x_wconf 90' lang='lat' dir='ltr'><strong>cum</strong></span> <span class='ocrx_word' id='word_1_23' title='bbox 777 633 1061 687; x_wconf 90' lang='lat' dir='ltr'><strong>Dominum</strong></span> <span class='ocrx_word' id='word_1_24' title='bbox 1108 634 1162 687; x_wconf 90' lang='lat' dir='ltr'><strong>in</strong></span> <span class='ocrx_word' id='word_1_25' title='bbox 1212 634 1327 688; x_wconf 69' lang='lat' dir='ltr'><strong>haec</strong></span> <span class='ocrx_word' id='word_1_26' title='bbox 1360 636 1526 688; x_wconf 87' lang='lat' dir='ltr'><strong>verba</strong></span> <span class='ocrx_word' id='word_1_27' title='bbox 1562 635 1867 704; x_wconf 85' lang='lat' dir='ltr'><strong>loquentem</strong></span> <span class='ocrx_word' id='word_1_28' title='bbox 1902 635 2062 688; x_wconf 88' lang='lat' dir='ltr'><strong>audi-</strong></span> 
     </span>
    </p>
   </div>
   <div class='ocr_carea' id='block_1_7' title="bbox 499 723 2062 792">
    <p class='ocr_par' dir='ltr' id='par_1_7' title="bbox 499 723 2062 792">
     <span class='ocr_line' id='line_1_7' title="bbox 499 723 2062 792; baseline 0 -15"><span class='ocrx_word' id='word_1_29' title='bbox 499 740 620 778; x_wconf 90' lang='lat' dir='ltr'><strong>mus</strong></span> <span class='ocrx_word' id='word_1_30' title='bbox 637 725 702 785; x_wconf 65' lang='lat'><strong>“,</strong></span> <span class='ocrx_word' id='word_1_31' title='bbox 730 723 895 775; x_wconf 82' lang='lat' dir='ltr'><strong>Pater</strong></span> <span class='ocrx_word' id='word_1_32' title='bbox 927 726 1150 776; x_wconf 77' lang='lat' dir='ltr'><strong>suscitat</strong></span> <span class='ocrx_word' id='word_1_33' title='bbox 1178 732 1411 777; x_wconf 85' lang='lat' dir='ltr'><strong>mortuos</strong></span> <span class='ocrx_word' id='word_1_34' title='bbox 1440 734 1488 777; x_wconf 88' lang='lat' dir='ltr'><strong>et</strong></span> <span class='ocrx_word' id='word_1_35' title='bbox 1513 725 1764 792; x_wconf 80' lang='lat' dir='ltr'><strong>viviﬁcat,</strong></span> <span class='ocrx_word' id='word_1_36' title='bbox 1794 734 1842 777; x_wconf 91' lang='lat' dir='ltr'><strong>et</strong></span> <span class='ocrx_word' id='word_1_37' title='bbox 1868 723 2062 787; x_wconf 84' lang='lat' dir='ltr'><strong>Filius,</strong></span> 
     </span>
    </p>
   </div>
   <div class='ocr_carea' id='block_1_8' title="bbox 497 814 2064 883">
    <p class='ocr_par' dir='ltr' id='par_1_8' title="bbox 497 814 2064 883">
     <span class='ocr_line' id='line_1_8' title="bbox 497 814 2064 883; baseline 0 -16"><span class='ocrx_word' id='word_1_38' title='bbox 497 829 625 882; x_wconf 76' lang='lat' dir='ltr'><strong>quos</strong></span> <span class='ocrx_word' id='word_1_39' title='bbox 675 814 782 867; x_wconf 80' lang='lat' dir='ltr'><strong>vult</strong></span> <span class='ocrx_word' id='word_1_40' title='bbox 819 814 1066 881; x_wconf 79' lang='lat' dir='ltr'><strong>viviﬁcal,</strong></span> <span class='ocrx_word' id='word_1_41' title='bbox 1112 816 1223 868; x_wconf 71' lang='lat' dir='ltr'><strong>hmc</strong></span> <span class='ocrx_word' id='word_1_42' title='bbox 1257 828 1365 867; x_wconf 92' lang='lat' dir='ltr'><strong>non</strong></span> <span class='ocrx_word' id='word_1_43' title='bbox 1401 815 1475 867; x_wconf 89' lang='lat' dir='ltr'><strong>ita</strong></span> <span class='ocrx_word' id='word_1_44' title='bbox 1526 814 1881 883; x_wconf 90' lang='lat' dir='ltr'><strong>accipiamus,</strong></span> <span class='ocrx_word' id='word_1_45' title='bbox 1918 831 1981 869; x_wconf 90' lang='lat' dir='ltr'><strong>ac</strong></span> <span class='ocrx_word' id='word_1_46' title='bbox 2018 815 2064 869; x_wconf 89' lang='lat' dir='ltr'><strong>si</strong></span> 
     </span>
    </p>
   </div>
   <div class='ocr_carea' id='block_1_9' title="bbox 499 904 2066 977">
    <p class='ocr_par' dir='ltr' id='par_1_9' title="bbox 499 904 2066 977">
     <span class='ocr_line' id='line_1_9' title="bbox 499 904 2066 977; baseline 0.003 -20"><span class='ocrx_word' id='word_1_47' title='bbox 499 906 665 974; x_wconf 81' lang='lat' dir='ltr'><strong>aliqui</strong></span> <span class='ocrx_word' id='word_1_48' title='bbox 702 920 732 958; x_wconf 89' lang='lat' dir='ltr'><strong>a</strong></span> <span class='ocrx_word' id='word_1_49' title='bbox 761 904 1071 958; x_wconf 91' lang='lat' dir='ltr'><strong>viviﬁcante</strong></span> <span class='ocrx_word' id='word_1_50' title='bbox 1119 907 1396 959; x_wconf 87' lang='lat' dir='ltr'><strong>voluntate</strong></span> <span class='ocrx_word' id='word_1_51' title='bbox 1427 907 1768 973; x_wconf 85' lang='lat' dir='ltr'><strong>rcjiciantur,</strong></span> <span class='ocrx_word' id='word_1_52' title='bbox 1803 906 1896 961; x_wconf 89' lang='lat' dir='ltr'><strong>sed</strong></span> <span class='ocrx_word' id='word_1_53' title='bbox 1929 922 2066 977; x_wconf 91' lang='lat' dir='ltr'><strong>quo-</strong></span> 
     </span>
    </p>
   </div>
   <div class='ocr_carea' id='block_1_10' title="bbox 498 997 2068 1067">
    <p class='ocr_par' dir='ltr' id='par_1_10' title="bbox 498 997 2068 1067">
     <span class='ocr_line' id='line_1_10' title="bbox 498 997 2068 1067; baseline 0.003 -17"><span class='ocrx_word' id='word_1_54' title='bbox 498 1013 644 1050; x_wconf 80' lang='lat' dir='ltr'><strong>niam</strong></span> <span class='ocrx_word' id='word_1_55' title='bbox 696 998 877 1050; x_wconf 90' lang='lat' dir='ltr'><strong>omnia</strong></span> <span class='ocrx_word' id='word_1_56' title='bbox 916 1013 1039 1067; x_wconf 64' lang='lat' dir='ltr'><strong>qua:</strong></span> <span class='ocrx_word' id='word_1_57' title='bbox 1078 997 1259 1053; x_wconf 83' lang='lat' dir='ltr'><strong>Patris</strong></span> <span class='ocrx_word' id='word_1_58' title='bbox 1294 1006 1440 1059; x_wconf 84' lang='lat' dir='ltr'><strong>sunt.</strong></span> <span class='ocrx_word' id='word_1_59' title='bbox 1498 997 1619 1051; x_wconf 89' lang='lat' dir='ltr'><strong>Filii</strong></span> <span class='ocrx_word' id='word_1_60' title='bbox 1674 1014 1890 1067; x_wconf 90' lang='lat' dir='ltr'><strong>quoque</strong></span> <span class='ocrx_word' id='word_1_61' title='bbox 1944 1015 2068 1054; x_wconf 83' lang='lat' dir='ltr'><strong>esse</strong></span> 
     </span>
    </p>
   </div>
   <div class='ocr_carea' id='block_1_11' title="bbox 500 1085 2063 1157">
    <p class='ocr_par' dir='ltr' id='par_1_11' title="bbox 500 1085 2063 1157">
     <span class='ocr_line' id='line_1_11' title="bbox 500 1085 2063 1157; baseline -0.001 -17"><span class='ocrx_word' id='word_1_62' title='bbox 500 1089 813 1157; x_wconf 85' lang='lat' dir='ltr'><strong>accepimus</strong></span> <span class='ocrx_word' id='word_1_63' title='bbox 853 1097 904 1139; x_wconf 84' lang='lat' dir='ltr'><strong>et</strong></span> <span class='ocrx_word' id='word_1_64' title='bbox 935 1088 1234 1152; x_wconf 85' lang='lat' dir='ltr'><strong>credimus,</strong></span> <span class='ocrx_word' id='word_1_65' title='bbox 1261 1089 1381 1141; x_wconf 90' lang='lat' dir='ltr'><strong>ideo</strong></span> <span class='ocrx_word' id='word_1_66' title='bbox 1409 1099 1461 1141; x_wconf 93' lang='lat' dir='ltr'><strong>et</strong></span> <span class='ocrx_word' id='word_1_67' title='bbox 1506 1085 1683 1142; x_wconf 88' lang='lat' dir='ltr'><strong>Patris</strong></span> <span class='ocrx_word' id='word_1_68' title='bbox 1708 1088 2063 1152; x_wconf 79' lang='lat' dir='ltr'><strong>voluntatem,</strong></span> 
     </span>
    </p>
   </div>
   <div class='ocr_carea' id='block_1_12' title="bbox 501 1177 2067 1248">
    <p class='ocr_par' dir='ltr' id='par_1_12' title="bbox 501 1177 2067 1248">
     <span class='ocr_line' id='line_1_12' title="bbox 501 1177 2067 1248; baseline 0.001 -19"><span class='ocrx_word' id='word_1_69' title='bbox 501 1187 753 1245; x_wconf 89' lang='lat' dir='ltr'><strong>tanquam</strong></span> <span class='ocrx_word' id='word_1_70' title='bbox 788 1177 1002 1229; x_wconf 67' lang='lat' dir='ltr'><strong>illorum</strong></span> <span class='ocrx_word' id='word_1_71' title='bbox 1048 1177 1291 1231; x_wconf 89' lang='lat' dir='ltr'><strong>omnium</strong></span> <span class='ocrx_word' id='word_1_72' title='bbox 1352 1194 1541 1239; x_wconf 90' lang='lat' dir='ltr'><strong>unum,</strong></span> <span class='ocrx_word' id='word_1_73' title='bbox 1575 1178 1627 1231; x_wconf 91' lang='lat' dir='ltr'><strong>in</strong></span> <span class='ocrx_word' id='word_1_74' title='bbox 1663 1177 1802 1231; x_wconf 86' lang='lat' dir='ltr'><strong>Filio</strong></span> <span class='ocrx_word' id='word_1_75' title='bbox 1843 1180 2067 1248; x_wconf 81' lang='lat' dir='ltr'><strong>conspi-</strong></span> 
     </span>
    </p>
   </div>
   <div class='ocr_carea' id='block_1_13' title="bbox 498 1267 2067 1338">
    <p class='ocr_par' dir='ltr' id='par_1_13' title="bbox 498 1267 2067 1338">
     <span class='ocr_line' id='line_1_13' title="bbox 498 1267 2067 1338; baseline 0.002 -17"><span class='ocrx_word' id='word_1_76' title='bbox 498 1270 695 1323; x_wconf 73' lang='lat' dir='ltr'><strong>cimus.</strong></span> <span class='ocrx_word' id='word_1_77' title='bbox 753 1267 807 1321; x_wconf 91' lang='lat' dir='ltr'><strong>Si</strong></span> <span class='ocrx_word' id='word_1_78' title='bbox 868 1268 1034 1338; x_wconf 83' lang='lat' dir='ltr'><strong>igitur</strong></span> <span class='ocrx_word' id='word_1_79' title='bbox 1095 1270 1149 1323; x_wconf 90' lang='lat' dir='ltr'><strong>in</strong></span> <span class='ocrx_word' id='word_1_80' title='bbox 1214 1268 1351 1323; x_wconf 87' lang='lat' dir='ltr'><strong>Filio</strong></span> <span class='ocrx_word' id='word_1_81' title='bbox 1405 1268 1585 1323; x_wconf 87' lang='lat' dir='ltr'><strong>Patris</strong></span> <span class='ocrx_word' id='word_1_82' title='bbox 1653 1271 1907 1325; x_wconf 88' lang='lat' dir='ltr'><strong>voluntas</strong></span> <span class='ocrx_word' id='word_1_83' title='bbox 1952 1280 2067 1336; x_wconf 89' lang='lat' dir='ltr'><strong>est,</strong></span> 
     </span>
    </p>
   </div>
   <div class='ocr_carea' id='block_1_14' title="bbox 498 1357 2070 1429">
    <p class='ocr_par' dir='ltr' id='par_1_14' title="bbox 498 1357 2070 1429">
     <span class='ocr_line' id='line_1_14' title="bbox 498 1357 2070 1429; baseline 0.004 -19"><span class='ocrx_word' id='word_1_84' title='bbox 498 1357 658 1411; x_wconf 86' lang='lat' dir='ltr'><strong>Pater</strong></span> <span class='ocrx_word' id='word_1_85' title='bbox 710 1370 912 1423; x_wconf 86' lang='lat' dir='ltr'><strong>autem,</strong></span> <span class='ocrx_word' id='word_1_86' title='bbox 941 1360 1400 1428; x_wconf 85' lang='lat' dir='ltr'><strong>quemadmodum</strong></span> <span class='ocrx_word' id='word_1_87' title='bbox 1439 1362 1516 1413; x_wconf 88' lang='lat' dir='ltr'><strong>ait</strong></span> <span class='ocrx_word' id='word_1_88' title='bbox 1543 1362 1838 1429; x_wconf 86' lang='lat' dir='ltr'><strong>Apostolus</strong></span> <span class='ocrx_word' id='word_1_89' title='bbox 1854 1364 1921 1425; x_wconf 80' lang='grc'><strong>⁸⁵,</strong></span> <span class='ocrx_word' id='word_1_90' title='bbox 1944 1361 2070 1417; x_wconf 77' lang='lat' dir='ltr'><strong>Om~</strong></span> 
     </span>
    </p>
   </div>
   <div class='ocr_carea' id='block_1_15' title="bbox 498 1450 2068 1520">
    <p class='ocr_par' dir='ltr' id='par_1_15' title="bbox 498 1450 2068 1520">
     <span class='ocr_line' id='line_1_15' title="bbox 498 1450 2068 1520; baseline 0.004 -20"><span class='ocrx_word' id='word_1_91' title='bbox 498 1466 587 1514; x_wconf 78' lang='lat' dir='ltr'><strong>nes</strong></span> <span class='ocrx_word' id='word_1_92' title='bbox 628 1450 731 1501; x_wconf 76' lang='lat' dir='ltr'><strong>rult</strong></span> <span class='ocrx_word' id='word_1_93' title='bbox 770 1451 944 1503; x_wconf 78' lang='lat' dir='ltr'><strong>salvos</strong></span> <span class='ocrx_word' id='word_1_94' title='bbox 992 1451 1129 1517; x_wconf 80' lang='lat' dir='ltr'><strong>ﬁeri,</strong></span> <span class='ocrx_word' id='word_1_95' title='bbox 1163 1461 1211 1504; x_wconf 85' lang='lat' dir='ltr'><strong>et</strong></span> <span class='ocrx_word' id='word_1_96' title='bbox 1238 1450 1307 1503; x_wconf 87' lang='lat' dir='ltr'><strong>ad</strong></span> <span class='ocrx_word' id='word_1_97' title='bbox 1340 1452 1659 1520; x_wconf 86' lang='lat' dir='ltr'><strong>agnitionem</strong></span> <span class='ocrx_word' id='word_1_98' title='bbox 1710 1453 1944 1506; x_wconf 76' lang='lat' dir='ltr'><strong>veritatis</strong></span> <span class='ocrx_word' id='word_1_99' title='bbox 1981 1469 2068 1507; x_wconf 84' lang='lat' dir='ltr'><strong>ve-</strong></span> 
     </span>
    </p>
   </div>
   <div class='ocr_carea' id='block_1_16' title="bbox 500 1539 2069 1613">
    <p class='ocr_par' dir='ltr' id='par_1_16' title="bbox 500 1539 2069 1613">
     <span class='ocr_line' id='line_1_16' title="bbox 500 1539 2069 1613; baseline 0.006 -24"><span class='ocrx_word' id='word_1_100' title='bbox 500 1543 645 1600; x_wconf 79' lang='lat' dir='ltr'><strong>nire;</strong></span> <span class='ocrx_word' id='word_1_101' title='bbox 678 1539 918 1607; x_wconf 80' lang='lat' dir='ltr'><strong>profecto</strong></span> <span class='ocrx_word' id='word_1_102' title='bbox 950 1542 1043 1609; x_wconf 87' lang='lat' dir='ltr'><strong>qui</strong></span> <span class='ocrx_word' id='word_1_103' title='bbox 1078 1550 1277 1595; x_wconf 79' lang='lat' dir='ltr'><strong>cuncta</strong></span> <span class='ocrx_word' id='word_1_104' title='bbox 1300 1541 1476 1595; x_wconf 82' lang='lat' dir='ltr'><strong>Patris</strong></span> <span class='ocrx_word' id='word_1_105' title='bbox 1512 1543 1755 1612; x_wconf 83' lang='lat' dir='ltr'><strong>possidet</strong></span> <span class='ocrx_word' id='word_1_106' title='bbox 1785 1551 2069 1613; x_wconf 90' lang='lat' dir='ltr'><strong>totumque</strong></span> 
     </span>
    </p>
   </div>
   <div class='ocr_carea' id='block_1_17' title="bbox 500 1630 2070 1699">
    <p class='ocr_par' dir='ltr' id='par_1_17' title="bbox 500 1630 2070 1699">
     <span class='ocr_line' id='line_1_17' title="bbox 500 1630 2070 1699; baseline 0.004 -17"><span class='ocrx_word' id='word_1_107' title='bbox 500 1631 553 1682; x_wconf 88' lang='lat' dir='ltr'><strong>in</strong></span> <span class='ocrx_word' id='word_1_108' title='bbox 592 1648 648 1682; x_wconf 73' lang='lat' dir='ltr'><strong>se</strong></span> <span class='ocrx_word' id='word_1_109' title='bbox 679 1631 795 1699; x_wconf 91' lang='lat' dir='ltr'><strong>ipso</strong></span> <span class='ocrx_word' id='word_1_110' title='bbox 828 1630 1040 1685; x_wconf 87' lang='lat' dir='ltr'><strong>Patrem</strong></span> <span class='ocrx_word' id='word_1_111' title='bbox 1072 1632 1256 1697; x_wconf 81' lang='lat' dir='ltr'><strong>habet,</strong></span> <span class='ocrx_word' id='word_1_112' title='bbox 1292 1634 1515 1686; x_wconf 90' lang='lat' dir='ltr'><strong>omnino</strong></span> <span class='ocrx_word' id='word_1_113' title='bbox 1549 1650 1654 1686; x_wconf 92' lang='lat' dir='ltr'><strong>una</strong></span> <span class='ocrx_word' id='word_1_114' title='bbox 1695 1650 1819 1688; x_wconf 90' lang='lat' dir='ltr'><strong>eum</strong></span> <span class='ocrx_word' id='word_1_115' title='bbox 1858 1637 2070 1691; x_wconf 71' lang='lat' dir='ltr'><strong>caeteris</strong></span> 
     </span>
    </p>
   </div>
   <div class='ocr_carea' id='block_1_18' title="bbox 501 1720 2073 1793">
    <p class='ocr_par' dir='ltr' id='par_1_18' title="bbox 501 1720 2073 1793">
     <span class='ocr_line' id='line_1_18' title="bbox 501 1720 2073 1793; baseline 0.005 -20"><span class='ocrx_word' id='word_1_116' title='bbox 501 1720 676 1774; x_wconf 83' lang='lat' dir='ltr'><strong>Patris</strong></span> <span class='ocrx_word' id='word_1_117' title='bbox 716 1723 798 1776; x_wconf 92' lang='lat' dir='ltr'><strong>sui</strong></span> <span class='ocrx_word' id='word_1_118' title='bbox 846 1724 1033 1783; x_wconf 90' lang='lat' dir='ltr'><strong>bonis,</strong></span> <span class='ocrx_word' id='word_1_119' title='bbox 1096 1724 1149 1776; x_wconf 90' lang='lat' dir='ltr'><strong>in</strong></span> <span class='ocrx_word' id='word_1_120' title='bbox 1185 1724 1368 1793; x_wconf 86' lang='lat' dir='ltr'><strong>seipso</strong></span> <span class='ocrx_word' id='word_1_121' title='bbox 1414 1726 1657 1779; x_wconf 87' lang='lat' dir='ltr'><strong>salvandi</strong></span> <span class='ocrx_word' id='word_1_122' title='bbox 1686 1727 1848 1780; x_wconf 88' lang='lat' dir='ltr'><strong>etiam</strong></span> <span class='ocrx_word' id='word_1_123' title='bbox 1884 1726 2073 1781; x_wconf 86' lang='lat' dir='ltr'><strong>volun-</strong></span> 
     </span>
    </p>
   </div>
   <div class='ocr_carea' id='block_1_19' title="bbox 500 1813 2067 1885">
    <p class='ocr_par' dir='ltr' id='par_1_19' title="bbox 500 1813 2067 1885">
     <span class='ocr_line' id='line_1_19' title="bbox 500 1813 2067 1885; baseline 0.006 -21"><span class='ocrx_word' id='word_1_124' title='bbox 500 1820 669 1865; x_wconf 85' lang='lat' dir='ltr'><strong>tatem</strong></span> <span class='ocrx_word' id='word_1_125' title='bbox 716 1813 901 1867; x_wconf 85' lang='lat' dir='ltr'><strong>habet.</strong></span> <span class='ocrx_word' id='word_1_126' title='bbox 956 1814 1011 1867; x_wconf 90' lang='lat' dir='ltr'><strong>Si</strong></span> <span class='ocrx_word' id='word_1_127' title='bbox 1046 1814 1228 1883; x_wconf 87' lang='lat' dir='ltr'><strong>itaque</strong></span> <span class='ocrx_word' id='word_1_128' title='bbox 1262 1816 1362 1869; x_wconf 90' lang='lat' dir='ltr'><strong>hac</strong></span> <span class='ocrx_word' id='word_1_129' title='bbox 1391 1816 1629 1885; x_wconf 88' lang='lat' dir='ltr'><strong>perfecta</strong></span> <span class='ocrx_word' id='word_1_130' title='bbox 1652 1819 1932 1873; x_wconf 86' lang='lat' dir='ltr'><strong>voluntate</strong></span> <span class='ocrx_word' id='word_1_131' title='bbox 1961 1835 2067 1873; x_wconf 89' lang='lat' dir='ltr'><strong>non</strong></span> 
     </span>
    </p>
   </div>
   <div class='ocr_carea' id='block_1_20' title="bbox 499 1904 2066 1981">
    <p class='ocr_par' dir='ltr' id='par_1_20' title="bbox 499 1904 2066 1981">
     <span class='ocr_line' id='line_1_20' title="bbox 499 1904 2066 1981; baseline 0.007 -26"><span class='ocrx_word' id='word_1_132' title='bbox 499 1914 669 1963; x_wconf 88' lang='lat' dir='ltr'><strong>caret,</strong></span> <span class='ocrx_word' id='word_1_133' title='bbox 718 1904 1066 1965; x_wconf 78' lang='lat' dir='ltr'><strong>manifestum</strong></span> <span class='ocrx_word' id='word_1_134' title='bbox 1116 1921 1340 1974; x_wconf 88' lang='lat' dir='ltr'><strong>prorsus</strong></span> <span class='ocrx_word' id='word_1_135' title='bbox 1388 1915 1491 1969; x_wconf 88' lang='lat' dir='ltr'><strong>est,</strong></span> <span class='ocrx_word' id='word_1_136' title='bbox 1546 1924 1641 1964; x_wconf 92' lang='lat' dir='ltr'><strong>eos</strong></span> <span class='ocrx_word' id='word_1_137' title='bbox 1691 1924 1880 1965; x_wconf 90' lang='lat' dir='ltr'><strong>omnes</strong></span> <span class='ocrx_word' id='word_1_138' title='bbox 1927 1925 2066 1981; x_wconf 90' lang='lat' dir='ltr'><strong>quos</strong></span> 
     </span>
    </p>
   </div>
   <div class='ocr_carea' id='block_1_21' title="bbox 498 1993 2068 2069">
    <p class='ocr_par' dir='ltr' id='par_1_21' title="bbox 498 1993 2068 2069">
     <span class='ocr_line' id='line_1_21' title="bbox 498 1993 2068 2069; baseline 0.007 -23"><span class='ocrx_word' id='word_1_139' title='bbox 498 1993 658 2048; x_wconf 82' lang='lat' dir='ltr'><strong>Pater</strong></span> <span class='ocrx_word' id='word_1_140' title='bbox 700 1997 969 2059; x_wconf 78' lang='lat' dir='ltr'><strong>viviﬁcari</strong></span> <span class='ocrx_word' id='word_1_141' title='bbox 1026 1999 1161 2059; x_wconf 90' lang='lat' dir='ltr'><strong>vult,</strong></span> <span class='ocrx_word' id='word_1_142' title='bbox 1217 1999 1392 2067; x_wconf 87' lang='lat' dir='ltr'><strong>ipsum</strong></span> <span class='ocrx_word' id='word_1_143' title='bbox 1454 2016 1673 2069; x_wconf 90' lang='lat' dir='ltr'><strong>quoque</strong></span> <span class='ocrx_word' id='word_1_144' title='bbox 1707 2002 1984 2057; x_wconf 87' lang='lat' dir='ltr'><strong>viviﬁcare</strong></span> <span class='ocrx_word' id='word_1_145' title='bbox 2014 2012 2068 2057; x_wconf 86' lang='lat' dir='ltr'><strong>et</strong></span> 
     </span>
    </p>
   </div>
   <div class='ocr_carea' id='block_1_22' title="bbox 499 2086 2066 2148">
    <p class='ocr_par' dir='ltr' id='par_1_22' title="bbox 499 2086 2066 2148">
     <span class='ocr_line' id='line_1_22' title="bbox 499 2086 2066 2148; baseline 0.006 -9"><span class='ocrx_word' id='word_1_146' title='bbox 499 2086 737 2140; x_wconf 87' lang='lat' dir='ltr'><strong>beneﬁca</strong></span> <span class='ocrx_word' id='word_1_147' title='bbox 790 2087 845 2142; x_wconf 88' lang='lat' dir='ltr'><strong>in</strong></span> <span class='ocrx_word' id='word_1_148' title='bbox 894 2088 1142 2145; x_wconf 79' lang='lat' dir='ltr'><strong>homines</strong></span> <span class='ocrx_word' id='word_1_149' title='bbox 1200 2091 1478 2145; x_wconf 86' lang='lat' dir='ltr'><strong>voluntate</strong></span> <span class='ocrx_word' id='word_1_150' title='bbox 1531 2090 1692 2146; x_wconf 87' lang='lat' dir='ltr'><strong>Patre</strong></span> <span class='ocrx_word' id='word_1_151' title='bbox 1754 2094 2066 2148; x_wconf 87' lang='lat' dir='ltr'><strong>inferiorem</strong></span> 
     </span>
    </p>
   </div>
   <div class='ocr_carea' id='block_1_23' title="bbox 498 2180 2069 2249">
    <p class='ocr_par' dir='ltr' id='par_1_23' title="bbox 498 2180 2069 2249">
     <span class='ocr_line' id='line_1_23' title="bbox 498 2180 2069 2249; baseline 0.007 -22"><span class='ocrx_word' id='word_1_152' title='bbox 498 2190 608 2228; x_wconf 87' lang='lat' dir='ltr'><strong>non</strong></span> <span class='ocrx_word' id='word_1_153' title='bbox 651 2192 809 2240; x_wconf 90' lang='lat' dir='ltr'><strong>esse,</strong></span> <span class='ocrx_word' id='word_1_154' title='bbox 863 2186 922 2230; x_wconf 87' lang='lat' dir='ltr'><strong>ut</strong></span> <span class='ocrx_word' id='word_1_155' title='bbox 980 2180 1314 2248; x_wconf 86' lang='lat' dir='ltr'><strong>Apollinaris</strong></span> <span class='ocrx_word' id='word_1_156' title='bbox 1368 2189 1574 2243; x_wconf 84' lang='lat' dir='ltr'><strong>censet,</strong></span> <span class='ocrx_word' id='word_1_157' title='bbox 1632 2183 1759 2236; x_wconf 91' lang='lat' dir='ltr'><strong>dum</strong></span> <span class='ocrx_word' id='word_1_158' title='bbox 1807 2185 1903 2249; x_wconf 89' lang='lat' dir='ltr'><strong>ait,</strong></span> <span class='ocrx_word' id='word_1_159' title='bbox 1960 2200 2069 2238; x_wconf 89' lang='lat' dir='ltr'><strong>non</strong></span> 
     </span>
    </p>
   </div>
   <div class='ocr_carea' id='block_1_24' title="bbox 498 2266 2068 2336">
    <p class='ocr_par' dir='ltr' id='par_1_24' title="bbox 498 2266 2068 2336">
     <span class='ocr_line' id='line_1_24' title="bbox 498 2266 2068 2336; baseline 0.006 -19"><span class='ocrx_word' id='word_1_160' title='bbox 498 2279 711 2328; x_wconf 89' lang='lat' dir='ltr'><strong>omnes,</strong></span> <span class='ocrx_word' id='word_1_161' title='bbox 748 2266 841 2320; x_wconf 91' lang='lat' dir='ltr'><strong>sed</strong></span> <span class='ocrx_word' id='word_1_162' title='bbox 898 2268 1111 2336; x_wconf 83' lang='lat' dir='ltr'><strong>aliquos</strong></span> <span class='ocrx_word' id='word_1_163' title='bbox 1168 2278 1375 2322; x_wconf 90' lang='lat' dir='ltr'><strong>tantum</strong></span> <span class='ocrx_word' id='word_1_164' title='bbox 1425 2271 1622 2324; x_wconf 85' lang='lat' dir='ltr'><strong>salvari</strong></span> <span class='ocrx_word' id='word_1_165' title='bbox 1662 2272 1922 2325; x_wconf 88' lang='lat' dir='ltr'><strong>voluisse.</strong></span> <span class='ocrx_word' id='word_1_166' title='bbox 1958 2270 2068 2326; x_wconf 90' lang='lat' dir='ltr'><strong>Ne-</strong></span> 
     </span>
    </p>
   </div>
   <div class='ocr_carea' id='block_1_25' title="bbox 499 2357 2071 2426">
    <p class='ocr_par' dir='ltr' id='par_1_25' title="bbox 499 2357 2071 2426">
     <span class='ocr_line' id='line_1_25' title="bbox 499 2357 2071 2426; baseline 0.006 -18"><span class='ocrx_word' id='word_1_167' title='bbox 499 2371 606 2423; x_wconf 90' lang='lat' dir='ltr'><strong>que</strong></span> <span class='ocrx_word' id='word_1_168' title='bbox 634 2357 778 2410; x_wconf 92' lang='lat' dir='ltr'><strong>enim</strong></span> <span class='ocrx_word' id='word_1_169' title='bbox 826 2357 1010 2413; x_wconf 90' lang='lat' dir='ltr'><strong>divina</strong></span> <span class='ocrx_word' id='word_1_170' title='bbox 1061 2361 1315 2417; x_wconf 86' lang='lat' dir='ltr'><strong>voluntas</strong></span> <span class='ocrx_word' id='word_1_171' title='bbox 1350 2362 1404 2415; x_wconf 94' lang='lat' dir='ltr'><strong>in</strong></span> <span class='ocrx_word' id='word_1_172' title='bbox 1451 2376 1617 2415; x_wconf 88' lang='lat' dir='ltr'><strong>causa</strong></span> <span class='ocrx_word' id='word_1_173' title='bbox 1663 2370 1767 2426; x_wconf 88' lang='lat' dir='ltr'><strong>est,</strong></span> <span class='ocrx_word' id='word_1_174' title='bbox 1821 2378 1919 2417; x_wconf 85' lang='lat' dir='ltr'><strong>cur</strong></span> <span class='ocrx_word' id='word_1_175' title='bbox 1977 2363 2071 2417; x_wconf 87' lang='lat' dir='ltr'><strong>alii</strong></span> 
     </span>
    </p>
   </div>
   <div class='ocr_carea' id='block_1_26' title="bbox 498 2449 2069 2522">
    <p class='ocr_par' dir='ltr' id='par_1_26' title="bbox 498 2449 2069 2522">
     <span class='ocr_line' id='line_1_26' title="bbox 498 2449 2069 2522; baseline 0.003 -20"><span class='ocrx_word' id='word_1_176' title='bbox 498 2449 800 2513; x_wconf 74' lang='lat' dir='ltr'><strong>salventur,</strong></span> <span class='ocrx_word' id='word_1_177' title='bbox 854 2452 943 2503; x_wconf 91' lang='lat' dir='ltr'><strong>alii</strong></span> <span class='ocrx_word' id='word_1_178' title='bbox 974 2466 1104 2505; x_wconf 89' lang='lat' dir='ltr'><strong>vero</strong></span> <span class='ocrx_word' id='word_1_179' title='bbox 1136 2461 1377 2521; x_wconf 88' lang='lat' dir='ltr'><strong>pereant,</strong></span> <span class='ocrx_word' id='word_1_180' title='bbox 1416 2454 1659 2522; x_wconf 77' lang='lat' dir='ltr'><strong>alioquin</strong></span> <span class='ocrx_word' id='word_1_181' title='bbox 1689 2453 1756 2507; x_wconf 88' lang='lat' dir='ltr'><strong>ad</strong></span> <span class='ocrx_word' id='word_1_182' title='bbox 1794 2455 1937 2508; x_wconf 90' lang='lat' dir='ltr'><strong>illam</strong></span> <span class='ocrx_word' id='word_1_183' title='bbox 1972 2470 2069 2507; x_wconf 90' lang='lat' dir='ltr'><strong>vo-</strong></span> 
     </span>
    </p>
   </div>
   <div class='ocr_carea' id='block_1_27' title="bbox 504 2540 2065 2614">
    <p class='ocr_par' dir='ltr' id='par_1_27' title="bbox 504 2540 2065 2614">
     <span class='ocr_line' id='line_1_27' title="bbox 504 2540 2065 2614; baseline 0.004 -21"><span class='ocrx_word' id='word_1_184' title='bbox 504 2540 792 2604; x_wconf 86' lang='lat' dir='ltr'><strong>luntatem,</strong></span> <span class='ocrx_word' id='word_1_185' title='bbox 844 2550 1103 2612; x_wconf 88' lang='lat' dir='ltr'><strong>tanquam</strong></span> <span class='ocrx_word' id='word_1_186' title='bbox 1162 2544 1229 2597; x_wconf 91' lang='lat' dir='ltr'><strong>ad</strong></span> <span class='ocrx_word' id='word_1_187' title='bbox 1281 2558 1526 2607; x_wconf 89' lang='lat' dir='ltr'><strong>causam,</strong></span> <span class='ocrx_word' id='word_1_188' title='bbox 1580 2544 1773 2597; x_wconf 89' lang='lat' dir='ltr'><strong>horum</strong></span> <span class='ocrx_word' id='word_1_189' title='bbox 1831 2546 2065 2614; x_wconf 86' lang='lat' dir='ltr'><strong>perditio</strong></span> 
     </span>
    </p>
   </div>
   <div class='ocr_carea' id='block_1_28' title="bbox 498 2633 2070 2701">
    <p class='ocr_par' dir='ltr' id='par_1_28' title="bbox 498 2633 2070 2701">
     <span class='ocr_line' id='line_1_28' title="bbox 498 2633 2070 2701; baseline 0.006 -15"><span class='ocrx_word' id='word_1_190' title='bbox 498 2633 783 2688; x_wconf 89' lang='lat' dir='ltr'><strong>referenda</strong></span> <span class='ocrx_word' id='word_1_191' title='bbox 833 2646 1021 2701; x_wconf 81' lang='lat' dir='ltr'><strong>esset;</strong></span> <span class='ocrx_word' id='word_1_192' title='bbox 1098 2637 1193 2691; x_wconf 92' lang='lat' dir='ltr'><strong>sed</strong></span> <span class='ocrx_word' id='word_1_193' title='bbox 1261 2652 1327 2691; x_wconf 85' lang='lat' dir='ltr'><strong>ex</strong></span> <span class='ocrx_word' id='word_1_194' title='bbox 1394 2637 1563 2691; x_wconf 89' lang='lat' dir='ltr'><strong>libera</strong></span> <span class='ocrx_word' id='word_1_195' title='bbox 1622 2637 1903 2692; x_wconf 88' lang='lat' dir='ltr'><strong>voluntate</strong></span> <span class='ocrx_word' id='word_1_196' title='bbox 1944 2654 2070 2696; x_wconf 82' lang='lat' dir='ltr'><strong>sus-</strong></span> 
     </span>
    </p>
   </div>
   <div class='ocr_carea' id='block_1_29' title="bbox 498 2725 2072 2801">
    <p class='ocr_par' dir='ltr' id='par_1_29' title="bbox 498 2725 2072 2801">
     <span class='ocr_line' id='line_1_29' title="bbox 498 2725 2072 2801; baseline 0.005 -23"><span class='ocrx_word' id='word_1_197' title='bbox 498 2725 813 2793; x_wconf 87' lang='lat' dir='ltr'><strong>cipientium</strong></span> <span class='ocrx_word' id='word_1_198' title='bbox 884 2728 1107 2781; x_wconf 79' lang='lat' dir='ltr'><strong>verbum</strong></span> <span class='ocrx_word' id='word_1_199' title='bbox 1161 2727 1276 2792; x_wconf 89' lang='lat' dir='ltr'><strong>Dei,</strong></span> <span class='ocrx_word' id='word_1_200' title='bbox 1333 2729 1470 2783; x_wconf 86' lang='lat' dir='ltr'><strong>alios</strong></span> <span class='ocrx_word' id='word_1_201' title='bbox 1508 2729 1729 2787; x_wconf 79' lang='lat' dir='ltr'><strong>salvari.</strong></span> <span class='ocrx_word' id='word_1_202' title='bbox 1779 2730 1915 2785; x_wconf 88' lang='lat' dir='ltr'><strong>alios</strong></span> <span class='ocrx_word' id='word_1_203' title='bbox 1948 2748 2072 2801; x_wconf 87' lang='lat' dir='ltr'><strong>pcr-</strong></span> 
     </span>
    </p>
   </div>
   <div class='ocr_carea' id='block_1_30' title="bbox 498 2814 2072 2889">
    <p class='ocr_par' dir='ltr' id='par_1_30' title="bbox 498 2814 2072 2889">
     <span class='ocr_line' id='line_1_30' title="bbox 498 2814 2072 2889; baseline 0.006 -22"><span class='ocrx_word' id='word_1_204' title='bbox 498 2814 579 2871; x_wconf 86' lang='lat' dir='ltr'><strong>ire</strong></span> <span class='ocrx_word' id='word_1_205' title='bbox 628 2817 913 2887; x_wconf 81' lang='lat' dir='ltr'><strong>contingit.</strong></span> <span class='ocrx_word' id='word_1_206' title='bbox 962 2819 1032 2871; x_wconf 83' lang='lat' dir='ltr'><strong>At</strong></span> <span class='ocrx_word' id='word_1_207' title='bbox 1075 2820 1177 2873; x_wconf 91' lang='lat' dir='ltr'><strong>iste</strong></span> <span class='ocrx_word' id='word_1_208' title='bbox 1219 2820 1783 2889; x_wconf 77' lang='lat' dir='ltr'><strong>argumentationibus</strong></span> <span class='ocrx_word' id='word_1_209' title='bbox 1812 2821 1925 2875; x_wconf 84' lang='lat' dir='ltr'><strong>suis</strong></span> <span class='ocrx_word' id='word_1_210' title='bbox 1957 2822 2072 2876; x_wconf 76' lang='lat' dir='ltr'><strong>haec</strong></span> 
     </span>
    </p>
   </div>
   <div class='ocr_carea' id='block_1_31' title="bbox 498 2906 2071 2979">
    <p class='ocr_par' dir='ltr' id='par_1_31' title="bbox 498 2906 2071 2979">
     <span class='ocr_line' id='line_1_31' title="bbox 498 2906 2071 2979; baseline 0.004 -20"><span class='ocrx_word' id='word_1_211' title='bbox 498 2906 723 2977; x_wconf 89' lang='lat' dir='ltr'><strong>insuper</strong></span> <span class='ocrx_word' id='word_1_212' title='bbox 772 2908 942 2974; x_wconf 86' lang='lat' dir='ltr'><strong>addit,</strong></span> <span class='ocrx_word' id='word_1_213' title='bbox 992 2912 1156 2963; x_wconf 82' lang='lat' dir='ltr'><strong>Nemo</strong></span> <span class='ocrx_word' id='word_1_214' title='bbox 1178 2926 1273 2979; x_wconf 85' lang='lat' dir='ltr'><strong>pro</strong></span> <span class='ocrx_word' id='word_1_215' title='bbox 1304 2911 1528 2965; x_wconf 87' lang='lat' dir='ltr'><strong>arbitrio</strong></span> <span class='ocrx_word' id='word_1_216' title='bbox 1559 2928 1663 2965; x_wconf 16' lang='lat' dir='ltr'><strong>suo.</strong></span> <span class='ocrx_word' id='word_1_217' title='bbox 1698 2920 1937 2965; x_wconf 84' lang='lat' dir='ltr'><strong>mortuus</strong></span> <span class='ocrx_word' id='word_1_218' title='bbox 1968 2922 2071 2978; x_wconf 85' lang='lat' dir='ltr'><strong>est,</strong></span> 
     </span>
    </p>
   </div>
   <div class='ocr_carea' id='block_1_32' title="bbox 501 3004 2070 3081">
    <p class='ocr_par' dir='ltr' id='par_1_32' title="bbox 501 3004 2070 3081">
     <span class='ocr_line' id='line_1_32' title="bbox 501 3004 2070 3081; baseline 0.006 -27"><span class='ocrx_word' id='word_1_219' title='bbox 501 3014 595 3055; x_wconf 82' lang='lat' dir='ltr'><strong>aut</strong></span> <span class='ocrx_word' id='word_1_220' title='bbox 658 3006 968 3059; x_wconf 77' lang='lat' dir='ltr'><strong>resurrexit.</strong></span> <span class='ocrx_word' id='word_1_221' title='bbox 1018 3004 1185 3075; x_wconf 89' lang='lat' dir='ltr'><strong>quue</strong></span> <span class='ocrx_word' id='word_1_222' title='bbox 1231 3007 1324 3061; x_wconf 82' lang='lat' dir='ltr'><strong>ubi</strong></span> <span class='ocrx_word' id='word_1_223' title='bbox 1379 3006 1536 3071; x_wconf 82' lang='lat' dir='ltr'><strong>dixit,</strong></span> <span class='ocrx_word' id='word_1_224' title='bbox 1590 3009 1724 3062; x_wconf 88' lang='lat' dir='ltr'><strong>illud</strong></span> <span class='ocrx_word' id='word_1_225' title='bbox 1794 3010 2070 3081; x_wconf 81' lang='lat' dir='ltr'><strong>Evangelii</strong></span> 
     </span>
    </p>
   </div>
   <div class='ocr_carea' id='block_1_33' title="bbox 498 3095 2073 3167">
    <p class='ocr_par' dir='ltr' id='par_1_33' title="bbox 498 3095 2073 3167">
     <span class='ocr_line' id='line_1_33' title="bbox 498 3095 2073 3167; baseline 0.006 -21"><span class='ocrx_word' id='word_1_226' title='bbox 498 3095 679 3148; x_wconf 82' lang='lat' dir='ltr'><strong>statim</strong></span> <span class='ocrx_word' id='word_1_227' title='bbox 715 3095 942 3165; x_wconf 77' lang='lat' dir='ltr'><strong>profert,</strong></span> <span class='ocrx_word' id='word_1_228' title='bbox 980 3097 1147 3151; x_wconf 84' lang='lat' dir='ltr'><strong>Nemo</strong></span> <span class='ocrx_word' id='word_1_229' title='bbox 1174 3099 1312 3151; x_wconf 86' lang='lat' dir='ltr'><strong>tollit</strong></span> <span class='ocrx_word' id='word_1_230' title='bbox 1359 3100 1593 3152; x_wconf 88' lang='lat' dir='ltr'><strong>animam</strong></span> <span class='ocrx_word' id='word_1_231' title='bbox 1646 3117 1816 3154; x_wconf 91' lang='lat' dir='ltr'><strong>meam</strong></span> <span class='ocrx_word' id='word_1_232' title='bbox 1862 3119 1894 3155; x_wconf 93' lang='lat' dir='ltr'><strong>a</strong></span> <span class='ocrx_word' id='word_1_233' title='bbox 1957 3120 2073 3167; x_wconf 86' lang='lat' dir='ltr'><strong>me;</strong></span> 
     </span>
    </p>
   </div>
   <div class='ocr_carea' id='block_1_34' title="bbox 497 3188 2070 3259">
    <p class='ocr_par' dir='ltr' id='par_1_34' title="bbox 497 3188 2070 3259">
     <span class='ocr_line' id='line_1_34' title="bbox 497 3188 2070 3259; baseline 0.006 -20"><span class='ocrx_word' id='word_1_234' title='bbox 497 3196 806 3251; x_wconf 79' lang='lat' dir='ltr'><strong>potestatem</strong></span> <span class='ocrx_word' id='word_1_235' title='bbox 848 3188 1010 3243; x_wconf 84' lang='lat' dir='ltr'><strong>habeo</strong></span> <span class='ocrx_word' id='word_1_236' title='bbox 1055 3190 1280 3256; x_wconf 88' lang='lat' dir='ltr'><strong>ponendi</strong></span> <span class='ocrx_word' id='word_1_237' title='bbox 1310 3207 1451 3253; x_wconf 81' lang='lat' dir='ltr'><strong>eam,</strong></span> <span class='ocrx_word' id='word_1_238' title='bbox 1502 3202 1549 3245; x_wconf 90' lang='lat' dir='ltr'><strong>et</strong></span> <span class='ocrx_word' id='word_1_239' title='bbox 1575 3202 1881 3259; x_wconf 82' lang='lat' dir='ltr'><strong>potestatem</strong></span> <span class='ocrx_word' id='word_1_240' title='bbox 1908 3194 2070 3249; x_wconf 83' lang='lat' dir='ltr'><strong>habeo</strong></span> 
     </span>
    </p>
   </div>
   <div class='ocr_carea' id='block_1_35' title="bbox 499 3277 2067 3351">
    <p class='ocr_par' dir='ltr' id='par_1_35' title="bbox 499 3277 2067 3351">
     <span class='ocr_line' id='line_1_35' title="bbox 499 3277 2067 3351; baseline 0.007 -22"><span class='ocrx_word' id='word_1_241' title='bbox 499 3277 691 3330; x_wconf 82' lang='lat' dir='ltr'><strong>iterum</strong></span> <span class='ocrx_word' id='word_1_242' title='bbox 720 3279 959 3332; x_wconf 80' lang='lat' dir='ltr'><strong>sumendi</strong></span> <span class='ocrx_word' id='word_1_243' title='bbox 1001 3296 1119 3333; x_wconf 87' lang='lat' dir='ltr'><strong>eam</strong></span> <span class='ocrx_word' id='word_1_244' title='bbox 1153 3281 1219 3335; x_wconf 78' lang='grc'><strong>⁸⁸.</strong></span> <span class='ocrx_word' id='word_1_245' title='bbox 1258 3280 1495 3351; x_wconf 78' lang='lat' dir='ltr'><strong>Ecquam</strong></span> <span class='ocrx_word' id='word_1_246' title='bbox 1526 3285 1785 3349; x_wconf 88' lang='lat' dir='ltr'><strong>animam,</strong></span> <span class='ocrx_word' id='word_1_247' title='bbox 1824 3286 2067 3340; x_wconf 91' lang='lat' dir='ltr'><strong>rationa-</strong></span> 
     </span>
    </p>
   </div>
   <div class='ocr_carea' id='block_1_36' title="bbox 500 3367 2069 3445">
    <p class='ocr_par' dir='ltr' id='par_1_36' title="bbox 500 3367 2069 3445">
     <span class='ocr_line' id='line_1_36' title="bbox 500 3367 2069 3445; baseline 0.008 -25"><span class='ocrx_word' id='word_1_248' title='bbox 500 3367 699 3432; x_wconf 90' lang='lat' dir='ltr'><strong>lemne,</strong></span> <span class='ocrx_word' id='word_1_249' title='bbox 748 3384 816 3423; x_wconf 91' lang='lat' dir='ltr'><strong>an</strong></span> <span class='ocrx_word' id='word_1_250' title='bbox 871 3370 1245 3426; x_wconf 89' lang='lat' dir='ltr'><strong>irrationalem</strong></span> <span class='ocrx_word' id='word_1_251' title='bbox 1290 3373 1378 3427; x_wconf 92' lang='lat' dir='ltr'><strong>hic</strong></span> <span class='ocrx_word' id='word_1_252' title='bbox 1416 3375 1715 3442; x_wconf 80' lang='lat' dir='ltr'><strong>intelligere</strong></span> <span class='ocrx_word' id='word_1_253' title='bbox 1752 3376 2069 3445; x_wconf 83' lang='lat' dir='ltr'><strong>debeamus,</strong></span> 
     </span>
    </p>
   </div>
   <div class='ocr_carea' id='block_1_37' title="bbox 497 3459 2069 3537">
    <p class='ocr_par' dir='ltr' id='par_1_37' title="bbox 497 3459 2069 3537">
     <span class='ocr_line' id='line_1_37' title="bbox 497 3459 2069 3537; baseline 0.007 -24"><span class='ocrx_word' id='word_1_254' title='bbox 497 3474 567 3513; x_wconf 78' lang='lat' dir='ltr'><strong>ex</strong></span> <span class='ocrx_word' id='word_1_255' title='bbox 605 3459 689 3514; x_wconf 83' lang='lat' dir='ltr'><strong>his</strong></span> <span class='ocrx_word' id='word_1_256' title='bbox 709 3461 1015 3529; x_wconf 72' lang='lat' dir='ltr'><strong>quaesierim</strong></span> <span class='ocrx_word' id='word_1_257' title='bbox 1048 3463 1140 3532; x_wconf 91' lang='lat' dir='ltr'><strong>qui</strong></span> <span class='ocrx_word' id='word_1_258' title='bbox 1167 3464 1403 3517; x_wconf 88' lang='lat' dir='ltr'><strong>animam</strong></span> <span class='ocrx_word' id='word_1_259' title='bbox 1437 3467 1633 3520; x_wconf 91' lang='lat' dir='ltr'><strong>mentis</strong></span> <span class='ocrx_word' id='word_1_260' title='bbox 1658 3477 1933 3537; x_wconf 79' lang='lat' dir='ltr'><strong>expertem</strong></span> <span class='ocrx_word' id='word_1_261' title='bbox 1960 3469 2069 3525; x_wconf 90' lang='lat' dir='ltr'><strong>Deo</strong></span> 
     </span>
    </p>
   </div>
   <div class='ocr_carea' id='block_1_38' title="bbox 498 3552 2072 3623">
    <p class='ocr_par' dir='ltr' id='par_1_38' title="bbox 498 3552 2072 3623">
     <span class='ocr_line' id='line_1_38' title="bbox 498 3552 2072 3623; baseline 0.008 -19"><span class='ocrx_word' id='word_1_262' title='bbox 498 3552 783 3621; x_wconf 86' lang='lat' dir='ltr'><strong>copulant.</strong></span> <span class='ocrx_word' id='word_1_263' title='bbox 837 3552 895 3607; x_wconf 91' lang='lat' dir='ltr'><strong>Si</strong></span> <span class='ocrx_word' id='word_1_264' title='bbox 946 3554 1159 3609; x_wconf 90' lang='lat' dir='ltr'><strong>ratione</strong></span> <span class='ocrx_word' id='word_1_265' title='bbox 1205 3566 1479 3611; x_wconf 85' lang='lat' dir='ltr'><strong>carentem</strong></span> <span class='ocrx_word' id='word_1_266' title='bbox 1523 3558 1730 3623; x_wconf 89' lang='lat' dir='ltr'><strong>dicant,</strong></span> <span class='ocrx_word' id='word_1_267' title='bbox 1763 3563 1819 3614; x_wconf 93' lang='lat' dir='ltr'><strong>in</strong></span> <span class='ocrx_word' id='word_1_268' title='bbox 1852 3560 2072 3617; x_wconf 89' lang='lat' dir='ltr'><strong>Christo</strong></span> 
     </span>
    </p>
   </div>
   <div class='ocr_carea' id='block_1_39' title="bbox 497 3642 2069 3713">
    <p class='ocr_par' dir='ltr' id='par_1_39' title="bbox 497 3642 2069 3713">
     <span class='ocr_line' id='line_1_39' title="bbox 497 3642 2069 3713; baseline 0.008 -19"><span class='ocrx_word' id='word_1_269' title='bbox 497 3642 803 3708; x_wconf 84' lang='lat' dir='ltr'><strong>iumentum</strong></span> <span class='ocrx_word' id='word_1_270' title='bbox 840 3644 1021 3698; x_wconf 87' lang='lat' dir='ltr'><strong>dicent</strong></span> <span class='ocrx_word' id='word_1_271' title='bbox 1044 3661 1188 3709; x_wconf 89' lang='lat' dir='ltr'><strong>esse,</strong></span> <span class='ocrx_word' id='word_1_272' title='bbox 1220 3662 1330 3701; x_wconf 91' lang='lat' dir='ltr'><strong>non</strong></span> <span class='ocrx_word' id='word_1_273' title='bbox 1360 3648 1669 3713; x_wconf 90' lang='lat' dir='ltr'><strong>hominem;</strong></span> <span class='ocrx_word' id='word_1_274' title='bbox 1701 3651 1787 3705; x_wconf 92' lang='lat' dir='ltr'><strong>sin</strong></span> <span class='ocrx_word' id='word_1_275' title='bbox 1826 3653 2069 3707; x_wconf 89' lang='lat' dir='ltr'><strong>rationa-</strong></span> 
     </span>
    </p>
   </div>
   <div class='ocr_carea' id='block_1_40' title="bbox 499 3732 2071 3812">
    <p class='ocr_par' dir='ltr' id='par_1_40' title="bbox 499 3732 2071 3812">
     <span class='ocr_line' id='line_1_40' title="bbox 499 3732 2071 3812; baseline 0.006 -24"><span class='ocrx_word' id='word_1_276' title='bbox 499 3732 629 3797; x_wconf 90' lang='lat' dir='ltr'><strong>lem,</strong></span> <span class='ocrx_word' id='word_1_277' title='bbox 663 3734 796 3803; x_wconf 91' lang='lat' dir='ltr'><strong>quid</strong></span> <span class='ocrx_word' id='word_1_278' title='bbox 825 3736 971 3790; x_wconf 92' lang='lat' dir='ltr'><strong>aliud</strong></span> <span class='ocrx_word' id='word_1_279' title='bbox 1002 3745 1194 3805; x_wconf 88' lang='lat' dir='ltr'><strong>putant</strong></span> <span class='ocrx_word' id='word_1_280' title='bbox 1231 3752 1353 3793; x_wconf 90' lang='lat' dir='ltr'><strong>esse</strong></span> <span class='ocrx_word' id='word_1_281' title='bbox 1380 3738 1642 3794; x_wconf 88' lang='lat' dir='ltr'><strong>rationem</strong></span> <span class='ocrx_word' id='word_1_282' title='bbox 1673 3756 1834 3812; x_wconf 90' lang='lat' dir='ltr'><strong>quam</strong></span> <span class='ocrx_word' id='word_1_283' title='bbox 1873 3744 2071 3799; x_wconf 79' lang='lat' dir='ltr'><strong>mentis</strong></span> 
     </span>
    </p>
   </div>
   <div class='ocr_carea' id='block_1_41' title="bbox 502 3825 2070 3896">
    <p class='ocr_par' dir='ltr' id='par_1_41' title="bbox 502 3825 2070 3896">
     <span class='ocr_line' id='line_1_41' title="bbox 502 3825 2070 3896; baseline 0.006 -18"><span class='ocrx_word' id='word_1_284' title='bbox 502 3825 887 3895; x_wconf 81' lang='lat' dir='ltr'><strong>agitationem,</strong></span> <span class='ocrx_word' id='word_1_285' title='bbox 946 3843 1042 3881; x_wconf 89' lang='lat' dir='ltr'><strong>seu</strong></span> <span class='ocrx_word' id='word_1_286' title='bbox 1093 3828 1521 3896; x_wconf 79' lang='lat' dir='ltr'><strong>cogitationem?</strong></span> <span class='ocrx_word' id='word_1_287' title='bbox 1569 3829 1704 3885; x_wconf 82' lang='lat' dir='ltr'><strong>Nam</strong></span> <span class='ocrx_word' id='word_1_288' title='bbox 1762 3834 1898 3885; x_wconf 87' lang='lat' dir='ltr'><strong>ratio</strong></span> <span class='ocrx_word' id='word_1_289' title='bbox 1960 3850 2070 3889; x_wconf 92' lang='lat' dir='ltr'><strong>non</strong></span> 
     </span>
    </p>
   </div>
   <div class='ocr_carea' id='block_1_42' title="bbox 501 3918 2071 3989">
    <p class='ocr_par' dir='ltr' id='par_1_42' title="bbox 501 3918 2071 3989">
     <span class='ocr_line' id='line_1_42' title="bbox 501 3918 2071 3989; baseline 0.006 -20"><span class='ocrx_word' id='word_1_290' title='bbox 501 3924 587 3969; x_wconf 87' lang='lat' dir='ltr'><strong>est</strong></span> <span class='ocrx_word' id='word_1_291' title='bbox 625 3932 726 3971; x_wconf 85' lang='lat' dir='ltr'><strong>vox</strong></span> <span class='ocrx_word' id='word_1_292' title='bbox 758 3918 992 3972; x_wconf 89' lang='lat' dir='ltr'><strong>obscura</strong></span> <span class='ocrx_word' id='word_1_293' title='bbox 1024 3927 1116 3972; x_wconf 92' lang='lat' dir='ltr'><strong>aut</strong></span> <span class='ocrx_word' id='word_1_294' title='bbox 1150 3920 1552 3989; x_wconf 77' lang='lat' dir='ltr'><strong>signiﬁcatione</strong></span> <span class='ocrx_word' id='word_1_295' title='bbox 1580 3938 1771 3989; x_wconf 87' lang='lat' dir='ltr'><strong>vacua,</strong></span> <span class='ocrx_word' id='word_1_296' title='bbox 1807 3926 1901 3979; x_wconf 89' lang='lat' dir='ltr'><strong>sed</strong></span> <span class='ocrx_word' id='word_1_297' title='bbox 1919 3942 2071 3981; x_wconf 90' lang='lat' dir='ltr'><strong>men-</strong></span> 
     </span>
    </p>
   </div>
   <div class='ocr_carea' id='block_1_43' title="bbox 501 4008 2068 4073">
    <p class='ocr_par' dir='ltr' id='par_1_43' title="bbox 501 4008 2068 4073">
     <span class='ocr_line' id='line_1_43' title="bbox 501 4008 2068 4073; baseline 0.008 -14"><span class='ocrx_word' id='word_1_298' title='bbox 501 4008 573 4061; x_wconf 90' lang='lat' dir='ltr'><strong>tis</strong></span> <span class='ocrx_word' id='word_1_299' title='bbox 616 4016 800 4063; x_wconf 88' lang='lat' dir='ltr'><strong>motus</strong></span> <span class='ocrx_word' id='word_1_300' title='bbox 836 4009 1049 4063; x_wconf 88' lang='lat' dir='ltr'><strong>initium</strong></span> <span class='ocrx_word' id='word_1_301' title='bbox 1102 4018 1186 4065; x_wconf 89' lang='lat' dir='ltr'><strong>est</strong></span> <span class='ocrx_word' id='word_1_302' title='bbox 1238 4027 1301 4065; x_wconf 91' lang='lat' dir='ltr'><strong>ac</strong></span> <span class='ocrx_word' id='word_1_303' title='bbox 1346 4012 1763 4067; x_wconf 86' lang='lat' dir='ltr'><strong>fundamentum</strong></span> <span class='ocrx_word' id='word_1_304' title='bbox 1816 4017 2068 4073; x_wconf 88' lang='lat' dir='ltr'><strong>rationis.</strong></span> 
     </span>
    </p>
   </div>
   <div class='ocr_carea' id='block_1_44' title="bbox 500 4094 2070 4176">
    <p class='ocr_par' dir='ltr' id='par_1_44' title="bbox 500 4094 2070 4176">
     <span class='ocr_line' id='line_1_44' title="bbox 500 4094 2070 4176; baseline 0.008 -27"><span class='ocrx_word' id='word_1_305' title='bbox 500 4094 681 4160; x_wconf 87' lang='lat' dir='ltr'><strong>Quare</strong></span> <span class='ocrx_word' id='word_1_306' title='bbox 728 4098 821 4165; x_wconf 92' lang='lat' dir='ltr'><strong>qui</strong></span> <span class='ocrx_word' id='word_1_307' title='bbox 870 4100 1190 4153; x_wconf 90' lang='lat' dir='ltr'><strong>rationalem</strong></span> <span class='ocrx_word' id='word_1_308' title='bbox 1236 4102 1473 4155; x_wconf 90' lang='lat' dir='ltr'><strong>animam</strong></span> <span class='ocrx_word' id='word_1_309' title='bbox 1504 4102 1659 4168; x_wconf 88' lang='lat' dir='ltr'><strong>dicit,</strong></span> <span class='ocrx_word' id='word_1_310' title='bbox 1698 4119 1818 4159; x_wconf 90' lang='lat' dir='ltr'><strong>eam</strong></span> <span class='ocrx_word' id='word_1_311' title='bbox 1853 4122 2070 4176; x_wconf 90' lang='lat' dir='ltr'><strong>quoque</strong></span> 
     </span>
    </p>
   </div>
   <div class='ocr_carea' id='block_1_45' title="bbox 501 4188 2069 4265">
    <p class='ocr_par' dir='ltr' id='par_1_45' title="bbox 501 4188 2069 4265">
     <span class='ocr_line' id='line_1_45' title="bbox 501 4188 2069 4265; baseline 0.006 -23"><span class='ocrx_word' id='word_1_312' title='bbox 501 4188 851 4259; x_wconf 79' lang='lat' dir='ltr'><strong>cogitationis</strong></span> <span class='ocrx_word' id='word_1_313' title='bbox 910 4201 1217 4260; x_wconf 87' lang='lat' dir='ltr'><strong>compotem</strong></span> <span class='ocrx_word' id='word_1_314' title='bbox 1273 4192 1509 4261; x_wconf 80' lang='lat' dir='ltr'><strong>fatetur;</strong></span> <span class='ocrx_word' id='word_1_315' title='bbox 1578 4196 1835 4265; x_wconf 81' lang='lat' dir='ltr'><strong>cogitatio</strong></span> <span class='ocrx_word' id='word_1_316' title='bbox 1887 4206 2069 4253; x_wconf 90' lang='lat' dir='ltr'><strong>autem</strong></span> 
     </span>
    </p>
   </div>
   <div class='ocr_carea' id='block_1_46' title="bbox 2169 629 3743 702">
    <p class='ocr_par' dir='ltr' id='par_1_46' title="bbox 2169 629 3743 702">
     <span class='ocr_line' id='line_1_46' title="bbox 2169 629 3743 702; baseline -0.003 -17"><span class='ocrx_word' id='word_1_317' title='bbox 2169 632 2508 700; x_wconf 87' lang='grc' dir='ltr'>ἀκούσωμεν,</span> <span class='ocrx_word' id='word_1_318' title='bbox 2532 633 2613 685; x_wconf 81' lang='grc' dir='ltr'><strong>ὅτι</strong></span> <span class='ocrx_word' id='word_1_319' title='bbox 2654 632 2706 683; x_wconf 91' lang='grc' dir='ltr'>Ὀ</span> <span class='ocrx_word' id='word_1_320' title='bbox 2731 632 2931 701; x_wconf 84' lang='grc' dir='ltr'>Πατὴρ</span> <span class='ocrx_word' id='word_1_321' title='bbox 2955 632 3162 702; x_wconf 67' lang='grc' dir='ltr'>ὲγεῲει</span> <span class='ocrx_word' id='word_1_322' title='bbox 3195 631 3337 697; x_wconf 82' lang='grc' dir='ltr'>τοὺς</span> <span class='ocrx_word' id='word_1_323' title='bbox 3367 630 3615 697; x_wconf 79' lang='grc' dir='ltr'>νεκροὺς</span> <span class='ocrx_word' id='word_1_324' title='bbox 3647 629 3743 681; x_wconf 74' lang='grc' dir='ltr'><strong>καί</strong></span> 
     </span>
    </p>
   </div>
   <div class='ocr_carea' id='block_1_47' title="bbox 2170 720 3742 791">
    <p class='ocr_par' dir='ltr' id='par_1_47' title="bbox 2170 720 3742 791">
     <span class='ocr_line' id='line_1_47' title="bbox 2170 720 3742 791; baseline -0.001 -16"><span class='ocrx_word' id='word_1_325' title='bbox 2170 722 2446 787; x_wconf 83' lang='grc' dir='ltr'><strong>ζωοποιεῖ,</strong></span> <span class='ocrx_word' id='word_1_326' title='bbox 2491 723 2587 776; x_wconf 71' lang='grc' dir='ltr'>καὶ</span> <span class='ocrx_word' id='word_1_327' title='bbox 2622 726 2655 777; x_wconf 85' lang='grc' dir='ltr'>ὁ</span> <span class='ocrx_word' id='word_1_328' title='bbox 2691 724 2822 789; x_wconf 73' lang='grc' dir='ltr'><strong>Υἱὸς</strong></span> <span class='ocrx_word' id='word_1_329' title='bbox 2857 724 2965 789; x_wconf 71' lang='grc' dir='ltr'><strong>οὓς</strong></span> <span class='ocrx_word' id='word_1_330' title='bbox 2996 724 3153 779; x_wconf 77' lang='grc' dir='ltr'>θέλει</span> <span class='ocrx_word' id='word_1_331' title='bbox 3204 722 3480 785; x_wconf 77' lang='grc' dir='ltr'><strong>ζωοποιεῖ,</strong></span> <span class='ocrx_word' id='word_1_332' title='bbox 3523 723 3620 791; x_wconf 82' lang='grc' dir='ltr'><strong>οὐχ</strong></span> <span class='ocrx_word' id='word_1_333' title='bbox 3668 720 3742 783; x_wconf 81' lang='grc' dir='ltr'>ὥς</span> 
     </span>
    </p>
   </div>
   <div class='ocr_carea' id='block_1_48' title="bbox 2168 809 3743 880">
    <p class='ocr_par' dir='ltr' id='par_1_48' title="bbox 2168 809 3743 880">
     <span class='ocr_line' id='line_1_48' title="bbox 2168 809 3743 880; baseline 0.001 -20"><span class='ocrx_word' id='word_1_334' title='bbox 2168 825 2329 861; x_wconf 88' lang='grc' dir='ltr'>τινων</span> <span class='ocrx_word' id='word_1_335' title='bbox 2366 809 2815 880; x_wconf 79' lang='grc' dir='ltr'>ὰποϐαλλομένων</span> <span class='ocrx_word' id='word_1_336' title='bbox 2858 810 2951 864; x_wconf 83' lang='grc' dir='ltr'>τοῦ</span> <span class='ocrx_word' id='word_1_337' title='bbox 3006 811 3267 875; x_wconf 80' lang='grc' dir='ltr'>ζωοποιοῦ</span> <span class='ocrx_word' id='word_1_338' title='bbox 3316 810 3635 880; x_wconf 75' lang='grc' dir='ltr'><strong>θελήματος,</strong></span> <span class='ocrx_word' id='word_1_339' title='bbox 3680 813 3743 862; x_wconf 88' lang='grc' dir='ltr'>ὲκ</span> 
     </span>
    </p>
   </div>
   <div class='ocr_carea' id='block_1_49' title="bbox 2168 894 3744 969">
    <p class='ocr_par' dir='ltr' id='par_1_49' title="bbox 2168 894 3744 969">
     <span class='ocr_line' id='line_1_49' title="bbox 2168 894 3744 969; baseline 0.003 -22"><span class='ocrx_word' id='word_1_340' title='bbox 2168 894 2356 947; x_wconf 82' lang='grc' dir='ltr'>τούτου</span> <span class='ocrx_word' id='word_1_341' title='bbox 2400 894 2658 965; x_wconf 74' lang='grc' dir='ltr'>νοοῦμενο</span> <span class='ocrx_word' id='word_1_342' title='bbox 2710 898 2825 950; x_wconf 80' lang='grc' dir='ltr'>ἀλλ’</span> <span class='ocrx_word' id='word_1_343' title='bbox 2870 900 3055 969; x_wconf 78' lang='grc' dir='ltr'>ἐπειδὴ</span> <span class='ocrx_word' id='word_1_344' title='bbox 3080 900 3254 953; x_wconf 77' lang='grc' dir='ltr'>πάντα</span> <span class='ocrx_word' id='word_1_345' title='bbox 3289 899 3356 951; x_wconf 76' lang='grc' dir='ltr'>τὰ</span> <span class='ocrx_word' id='word_1_346' title='bbox 3401 899 3493 953; x_wconf 81' lang='grc' dir='ltr'><strong>τοῦ</strong></span> <span class='ocrx_word' id='word_1_347' title='bbox 3535 901 3744 968; x_wconf 68' lang='grc' dir='ltr'>[ἰατρὸς</span> 
     </span>
    </p>
   </div>
   <div class='ocr_carea' id='block_1_50' title="bbox 2168 983 3745 1061">
    <p class='ocr_par' dir='ltr' id='par_1_50' title="bbox 2168 983 3745 1061">
     <span class='ocr_line' id='line_1_50' title="bbox 2168 983 3745 1061; baseline 0.002 -22"><span class='ocrx_word' id='word_1_348' title='bbox 2168 986 2261 1039; x_wconf 83' lang='grc' dir='ltr'>τοῦ</span> <span class='ocrx_word' id='word_1_349' title='bbox 2292 987 2421 1039; x_wconf 87' lang='grc' dir='ltr'><strong>Υἱοῦ</strong></span> <span class='ocrx_word' id='word_1_350' title='bbox 2446 983 2584 1041; x_wconf 80' lang='grc' dir='ltr'>εἶναι</span> <span class='ocrx_word' id='word_1_351' title='bbox 2614 990 2705 1043; x_wconf 79' lang='grc' dir='ltr'><strong>καὶ</strong></span> <span class='ocrx_word' id='word_1_352' title='bbox 2727 988 3039 1059; x_wconf 72' lang='grc' dir='ltr'>ἠκούσαμεν</span> <span class='ocrx_word' id='word_1_353' title='bbox 3064 992 3156 1045; x_wconf 79' lang='grc' dir='ltr'><strong>καὶ</strong></span> <span class='ocrx_word' id='word_1_354' title='bbox 3185 991 3531 1061; x_wconf 78' lang='grc' dir='ltr'><strong>πιστεύομεν,</strong></span> <span class='ocrx_word' id='word_1_355' title='bbox 3562 991 3745 1061; x_wconf 85' lang='grc' dir='ltr'>δηλον-</span> 
     </span>
    </p>
   </div>
   <div class='ocr_carea' id='block_1_51' title="bbox 2170 1078 3741 1151">
    <p class='ocr_par' dir='ltr' id='par_1_51' title="bbox 2170 1078 3741 1151">
     <span class='ocr_line' id='line_1_51' title="bbox 2170 1078 3741 1151; baseline 0.002 -21"><span class='ocrx_word' id='word_1_356' title='bbox 2170 1078 2251 1130; x_wconf 84' lang='grc' dir='ltr'>ότι</span> <span class='ocrx_word' id='word_1_357' title='bbox 2286 1079 2381 1132; x_wconf 79' lang='grc' dir='ltr'>καὶ</span> <span class='ocrx_word' id='word_1_358' title='bbox 2424 1079 2485 1131; x_wconf 85' lang='grc' dir='ltr'>τὸ</span> <span class='ocrx_word' id='word_1_359' title='bbox 2532 1079 2739 1149; x_wconf 82' lang='grc' dir='ltr'>θέλημα</span> <span class='ocrx_word' id='word_1_360' title='bbox 2780 1081 2873 1133; x_wconf 81' lang='grc' dir='ltr'>τοῦ</span> <span class='ocrx_word' id='word_1_361' title='bbox 2912 1082 3142 1151; x_wconf 84' lang='grc' dir='ltr'>Πατρὸς,</span> <span class='ocrx_word' id='word_1_362' title='bbox 3171 1083 3245 1146; x_wconf 87' lang='grc' dir='ltr'>ὡς</span> <span class='ocrx_word' id='word_1_363' title='bbox 3278 1082 3335 1135; x_wconf 79' lang='grc' dir='ltr'>ἒν</span> <span class='ocrx_word' id='word_1_364' title='bbox 3366 1084 3472 1135; x_wconf 81' lang='grc' dir='ltr'><strong>τῶν</strong></span> <span class='ocrx_word' id='word_1_365' title='bbox 3504 1083 3741 1141; x_wconf 80' lang='grc' dir='ltr'>πάντων.</span> 
     </span>
    </p>
   </div>
   <div class='ocr_carea' id='block_1_52' title="bbox 2171 1172 3745 1245">
    <p class='ocr_par' dir='ltr' id='par_1_52' title="bbox 2171 1172 3745 1245">
     <span class='ocr_line' id='line_1_52' title="bbox 2171 1172 3745 1245; baseline 0.001 -22"><span class='ocrx_word' id='word_1_366' title='bbox 2171 1173 2228 1224; x_wconf 82' lang='grc' dir='ltr'>ὲν</span> <span class='ocrx_word' id='word_1_367' title='bbox 2257 1172 2333 1242; x_wconf 83' lang='grc' dir='ltr'><strong>τῷ</strong></span> <span class='ocrx_word' id='word_1_368' title='bbox 2378 1173 2492 1243; x_wconf 59' lang='lat' dir='ltr'><strong>rte</strong></span> <span class='ocrx_word' id='word_1_369' title='bbox 2537 1174 2873 1243; x_wconf 85' lang='grc' dir='ltr'>καθορῶμεν.</span> <span class='ocrx_word' id='word_1_370' title='bbox 2927 1176 2989 1228; x_wconf 80' lang='grc' dir='ltr'>Εἰ</span> <span class='ocrx_word' id='word_1_371' title='bbox 3032 1172 3125 1229; x_wconf 79' lang='grc' dir='ltr'><strong>οὖν</strong></span> <span class='ocrx_word' id='word_1_372' title='bbox 3171 1176 3279 1244; x_wconf 70' lang='lat'><strong>(22)</strong></span> <span class='ocrx_word' id='word_1_373' title='bbox 3334 1179 3389 1229; x_wconf 82' lang='grc' dir='ltr'><strong>ὲν</strong></span> <span class='ocrx_word' id='word_1_374' title='bbox 3430 1174 3507 1245; x_wconf 83' lang='grc' dir='ltr'>τῷ</span> <span class='ocrx_word' id='word_1_375' title='bbox 3544 1172 3657 1243; x_wconf 77' lang='grc' dir='ltr'><strong>Υἱῷ</strong></span> <span class='ocrx_word' id='word_1_376' title='bbox 3684 1174 3745 1226; x_wconf 79' lang='grc' dir='ltr'><strong>τὸ</strong></span> 
     </span>
    </p>
   </div>
   <div class='ocr_carea' id='block_1_53' title="bbox 2171 1264 3749 1339">
    <p class='ocr_par' dir='ltr' id='par_1_53' title="bbox 2171 1264 3749 1339">
     <span class='ocr_line' id='line_1_53' title="bbox 2171 1264 3749 1339; baseline -0.003 -20"><span class='ocrx_word' id='word_1_377' title='bbox 2171 1269 2437 1338; x_wconf 72' lang='grc' dir='ltr'>πατρικὸν</span> <span class='ocrx_word' id='word_1_378' title='bbox 2466 1270 2579 1321; x_wconf 80' lang='grc' dir='ltr'>ἐστι</span> <span class='ocrx_word' id='word_1_379' title='bbox 2613 1269 2823 1339; x_wconf 84' lang='grc' dir='ltr'>θέλημα</span> <span class='ocrx_word' id='word_1_380' title='bbox 2846 1284 2857 1296; x_wconf 86' lang='grc'><strong>·</strong></span> <span class='ocrx_word' id='word_1_381' title='bbox 2887 1271 2915 1321; x_wconf 90' lang='lat'><strong>6</strong></span> <span class='ocrx_word' id='word_1_382' title='bbox 2954 1267 3010 1320; x_wconf 84' lang='grc' dir='ltr'><strong>δὲ</strong></span> <span class='ocrx_word' id='word_1_383' title='bbox 3047 1266 3252 1337; x_wconf 85' lang='grc' dir='ltr'>Πατὴρ,</span> <span class='ocrx_word' id='word_1_384' title='bbox 3288 1264 3469 1328; x_wconf 85' lang='grc' dir='ltr'>καθώς</span> <span class='ocrx_word' id='word_1_385' title='bbox 3515 1281 3677 1335; x_wconf 81' lang='grc' dir='ltr'>φησιν</span> <span class='ocrx_word' id='word_1_386' title='bbox 3717 1266 3749 1315; x_wconf 98' lang='lat'><strong>6</strong></span> 
     </span>
    </p>
   </div>
   <div class='ocr_carea' id='block_1_54' title="bbox 2185 1355 3747 1425">
    <p class='ocr_par' dir='ltr' id='par_1_54' title="bbox 2185 1355 3747 1425">
     <span class='ocr_line' id='line_1_54' title="bbox 2185 1355 3747 1425; baseline -0.004 -12"><span class='ocrx_word' id='word_1_387' title='bbox 2185 1358 2522 1425; x_wconf 84' lang='grc' dir='ltr'>Ἀπόστολος,</span> <span class='ocrx_word' id='word_1_388' title='bbox 2553 1359 2789 1425; x_wconf 79' lang='grc' dir='ltr'><em>Πάντας</em></span> <span class='ocrx_word' id='word_1_389' title='bbox 2827 1358 2986 1413; x_wconf 79' lang='grc' dir='ltr'>θέλει</span> <span class='ocrx_word' id='word_1_390' title='bbox 3028 1356 3312 1424; x_wconf 84' lang='grc' dir='ltr'>σωθῆναι,</span> <span class='ocrx_word' id='word_1_391' title='bbox 3357 1356 3453 1408; x_wconf 80' lang='grc' dir='ltr'>καὶ</span> <span class='ocrx_word' id='word_1_392' title='bbox 3498 1358 3585 1421; x_wconf 78' lang='grc' dir='ltr'><strong>είς</strong></span> <span class='ocrx_word' id='word_1_393' title='bbox 3622 1355 3747 1408; x_wconf 75' lang='grc' dir='ltr'>ἐπί·</span> 
     </span>
    </p>
   </div>
   <div class='ocr_carea' id='block_1_55' title="bbox 2171 1444 3743 1523">
    <p class='ocr_par' dir='ltr' id='par_1_55' title="bbox 2171 1444 3743 1523">
     <span class='ocr_line' id='line_1_55' title="bbox 2171 1444 3743 1523; baseline -0.004 -18"><span class='ocrx_word' id='word_1_394' title='bbox 2171 1466 2396 1523; x_wconf 72' lang='grc' dir='ltr'>γνωσιν</span> <span class='ocrx_word' id='word_1_395' title='bbox 2436 1452 2719 1519; x_wconf 77' lang='grc' dir='ltr'><strong>ἀληθείας</strong></span> <span class='ocrx_word' id='word_1_396' title='bbox 2756 1450 2981 1504; x_wconf 79' lang='grc' dir='ltr'><strong>ἐλθεῖν·</strong></span> <span class='ocrx_word' id='word_1_397' title='bbox 3022 1448 3221 1519; x_wconf 83' lang='grc' dir='ltr'>δηλαδὴ</span> <span class='ocrx_word' id='word_1_398' title='bbox 3270 1448 3298 1498; x_wconf 88' lang='grc' dir='ltr'>ὁ</span> <span class='ocrx_word' id='word_1_399' title='bbox 3346 1450 3521 1499; x_wconf 79' lang='grc' dir='ltr'>πάντα</span> <span class='ocrx_word' id='word_1_400' title='bbox 3552 1446 3619 1499; x_wconf 81' lang='grc' dir='ltr'>τὰ</span> <span class='ocrx_word' id='word_1_401' title='bbox 3649 1444 3743 1499; x_wconf 78' lang='grc' dir='ltr'>τοῦ</span> 
     </span>
    </p>
   </div>
   <div class='ocr_carea' id='block_1_56' title="bbox 2172 1539 3745 1616">
    <p class='ocr_par' dir='ltr' id='par_1_56' title="bbox 2172 1539 3745 1616">
     <span class='ocr_line' id='line_1_56' title="bbox 2172 1539 3745 1616; baseline -0.003 -19"><span class='ocrx_word' id='word_1_402' title='bbox 2172 1545 2385 1615; x_wconf 83' lang='grc' dir='ltr'>Πατρὸς</span> <span class='ocrx_word' id='word_1_403' title='bbox 2412 1545 2768 1616; x_wconf 78' lang='grc' dir='ltr'>κεκτημένος,</span> <span class='ocrx_word' id='word_1_404' title='bbox 2790 1543 2885 1597; x_wconf 74' lang='grc' dir='ltr'>καὶ</span> <span class='ocrx_word' id='word_1_405' title='bbox 2920 1543 3037 1595; x_wconf 85' lang='grc' dir='ltr'>ὅλον</span> <span class='ocrx_word' id='word_1_406' title='bbox 3067 1542 3203 1612; x_wconf 77' lang='grc' dir='ltr'>ἔχων</span> <span class='ocrx_word' id='word_1_407' title='bbox 3227 1541 3283 1592; x_wconf 82' lang='grc' dir='ltr'>ὲν</span> <span class='ocrx_word' id='word_1_408' title='bbox 3318 1539 3494 1609; x_wconf 78' lang='grc' dir='ltr'>ἑαυτῷ</span> <span class='ocrx_word' id='word_1_409' title='bbox 3516 1540 3605 1593; x_wconf 81' lang='grc' dir='ltr'><strong>τὸν</strong></span> <span class='ocrx_word' id='word_1_410' title='bbox 3634 1541 3745 1592; x_wconf 90' lang='grc' dir='ltr'><strong>Πα-</strong></span> 
     </span>
    </p>
   </div>
   <div class='ocr_carea' id='block_1_57' title="bbox 2172 1631 3747 1707">
    <p class='ocr_par' dir='ltr' id='par_1_57' title="bbox 2172 1631 3747 1707">
     <span class='ocr_line' id='line_1_57' title="bbox 2172 1631 3747 1707; baseline -0.004 -17"><span class='ocrx_word' id='word_1_411' title='bbox 2172 1638 2324 1707; x_wconf 81' lang='grc' dir='ltr'>τέρα,</span> <span class='ocrx_word' id='word_1_412' title='bbox 2365 1637 2484 1690; x_wconf 83' lang='grc' dir='ltr'>ὅλον</span> <span class='ocrx_word' id='word_1_413' title='bbox 2530 1636 2640 1706; x_wconf 75' lang='grc' dir='ltr'>ἔχει</span> <span class='ocrx_word' id='word_1_414' title='bbox 2681 1638 2895 1697; x_wconf 80' lang='grc' dir='ltr'>πάντως</span> <span class='ocrx_word' id='word_1_415' title='bbox 2944 1637 3001 1687; x_wconf 86' lang='grc' dir='ltr'>ὲν</span> <span class='ocrx_word' id='word_1_416' title='bbox 3042 1632 3216 1704; x_wconf 79' lang='grc' dir='ltr'>ἑαυτῷ</span> <span class='ocrx_word' id='word_1_417' title='bbox 3253 1631 3389 1704; x_wconf 87' lang='grc' dir='ltr'>μετὰ</span> <span class='ocrx_word' id='word_1_418' title='bbox 3428 1632 3534 1685; x_wconf 85' lang='grc' dir='ltr'>τῶν</span> <span class='ocrx_word' id='word_1_419' title='bbox 3574 1632 3747 1687; x_wconf 86' lang='grc' dir='ltr'>ἄλλων</span> 
     </span>
    </p>
   </div>
   <div class='ocr_carea' id='block_1_58' title="bbox 2171 1724 3744 1799">
    <p class='ocr_par' dir='ltr' id='par_1_58' title="bbox 2171 1724 3744 1799">
     <span class='ocr_line' id='line_1_58' title="bbox 2171 1724 3744 1799; baseline -0.004 -16"><span class='ocrx_word' id='word_1_420' title='bbox 2171 1731 2278 1783; x_wconf 82' lang='grc' dir='ltr'><strong>τῶν</strong></span> <span class='ocrx_word' id='word_1_421' title='bbox 2308 1729 2400 1783; x_wconf 85' lang='grc' dir='ltr'>τοῦ</span> <span class='ocrx_word' id='word_1_422' title='bbox 2427 1730 2639 1799; x_wconf 81' lang='grc' dir='ltr'>Πατρὸς</span> <span class='ocrx_word' id='word_1_423' title='bbox 2663 1727 2899 1797; x_wconf 80' lang='grc' dir='ltr'><strong>ἀγαθῶν,</strong></span> <span class='ocrx_word' id='word_1_424' title='bbox 2932 1728 3021 1781; x_wconf 71' lang='grc' dir='ltr'><strong>καὶ</strong></span> <span class='ocrx_word' id='word_1_425' title='bbox 3054 1726 3113 1778; x_wconf 85' lang='grc' dir='ltr'><strong>τὸ</strong></span> <span class='ocrx_word' id='word_1_426' title='bbox 3139 1728 3400 1796; x_wconf 90' lang='grc' dir='ltr'>σωτήριον</span> <span class='ocrx_word' id='word_1_427' title='bbox 3424 1726 3653 1795; x_wconf 62' lang='grc' dir='ltr'>θέλημαέ</span> <span class='ocrx_word' id='word_1_428' title='bbox 3683 1724 3744 1777; x_wconf 76' lang='grc' dir='ltr'><strong>Εἰ</strong></span> 
     </span>
    </p>
   </div>
   <div class='ocr_carea' id='block_1_59' title="bbox 2172 1817 3743 1888">
    <p class='ocr_par' dir='ltr' id='par_1_59' title="bbox 2172 1817 3743 1888">
     <span class='ocr_line' id='line_1_59' title="bbox 2172 1817 3743 1888; baseline -0.004 -14"><span class='ocrx_word' id='word_1_429' title='bbox 2172 1817 2264 1874; x_wconf 78' lang='grc' dir='ltr'>οὖν</span> <span class='ocrx_word' id='word_1_430' title='bbox 2296 1823 2394 1875; x_wconf 77' lang='grc' dir='ltr'><strong>οὐκ</strong></span> <span class='ocrx_word' id='word_1_431' title='bbox 2423 1821 2773 1875; x_wconf 86' lang='grc' dir='ltr'>ἀπολείπεται</span> <span class='ocrx_word' id='word_1_432' title='bbox 2814 1820 2904 1873; x_wconf 80' lang='grc' dir='ltr'>τοῦ</span> <span class='ocrx_word' id='word_1_433' title='bbox 2945 1819 3149 1871; x_wconf 79' lang='grc' dir='ltr'>τελείου</span> <span class='ocrx_word' id='word_1_434' title='bbox 3184 1817 3501 1888; x_wconf 81' lang='grc' dir='ltr'>θελήματος,</span> <span class='ocrx_word' id='word_1_435' title='bbox 3534 1818 3743 1879; x_wconf 80' lang='grc' dir='ltr'>πάντως</span> 
     </span>
    </p>
   </div>
   <div class='ocr_carea' id='block_1_60' title="bbox 2170 1909 3744 1982">
    <p class='ocr_par' dir='ltr' id='par_1_60' title="bbox 2170 1909 3744 1982">
     <span class='ocr_line' id='line_1_60' title="bbox 2170 1909 3744 1982; baseline -0.004 -17"><span class='ocrx_word' id='word_1_436' title='bbox 2170 1912 2327 1981; x_wconf 80' lang='grc' dir='ltr'>δῆλον</span> <span class='ocrx_word' id='word_1_437' title='bbox 2354 1914 2435 1966; x_wconf 87' lang='grc' dir='ltr'>ὄτι</span> <span class='ocrx_word' id='word_1_438' title='bbox 2466 1912 2558 1976; x_wconf 84' lang='grc' dir='ltr'><strong>οὓς</strong></span> <span class='ocrx_word' id='word_1_439' title='bbox 2589 1914 2616 1965; x_wconf 90' lang='lat'><strong>6</strong></span> <span class='ocrx_word' id='word_1_440' title='bbox 2646 1912 2834 1982; x_wconf 83' lang='grc' dir='ltr'>Πατὴρ</span> <span class='ocrx_word' id='word_1_441' title='bbox 2866 1911 3007 1963; x_wconf 81' lang='grc' dir='ltr'>θέλει</span> <span class='ocrx_word' id='word_1_442' title='bbox 3033 1910 3433 1980; x_wconf 79' lang='grc' dir='ltr'>ξωοποιηθῆναι</span> <span class='ocrx_word' id='word_1_443' title='bbox 3464 1909 3556 1962; x_wconf 73' lang='grc' dir='ltr'><strong>καὶ</strong></span> <span class='ocrx_word' id='word_1_444' title='bbox 3588 1909 3744 1971; x_wconf 82' lang='grc' dir='ltr'>αὐτὸς</span> 
     </span>
    </p>
   </div>
   <div class='ocr_carea' id='block_1_61' title="bbox 2172 1999 3739 2072">
    <p class='ocr_par' dir='ltr' id='par_1_61' title="bbox 2172 1999 3739 2072">
     <span class='ocr_line' id='line_1_61' title="bbox 2172 1999 3739 2072; baseline -0.004 -15"><span class='ocrx_word' id='word_1_445' title='bbox 2172 2004 2443 2068; x_wconf 82' lang='grc' dir='ltr'>ζωοποιεῖ,</span> <span class='ocrx_word' id='word_1_446' title='bbox 2480 2006 2575 2056; x_wconf 89' lang='grc' dir='ltr'><strong>ούκ</strong></span> <span class='ocrx_word' id='word_1_447' title='bbox 2619 2003 3000 2072; x_wconf 79' lang='grc' dir='ltr'>ἐλαττούμενος</span> <span class='ocrx_word' id='word_1_448' title='bbox 3046 2003 3103 2054; x_wconf 82' lang='grc' dir='ltr'>ὲν</span> <span class='ocrx_word' id='word_1_449' title='bbox 3143 2001 3219 2071; x_wconf 81' lang='grc' dir='ltr'>τῷ</span> <span class='ocrx_word' id='word_1_450' title='bbox 3256 1999 3615 2072; x_wconf 77' lang='grc' dir='ltr'>φιλανθρώπῳ</span> <span class='ocrx_word' id='word_1_451' title='bbox 3657 2000 3739 2052; x_wconf 76' lang='grc' dir='ltr'>θε‹</span> 
     </span>
    </p>
   </div>
   <div class='ocr_carea' id='block_1_62' title="bbox 2171 2091 3746 2170">
    <p class='ocr_par' dir='ltr' id='par_1_62' title="bbox 2171 2091 3746 2170">
     <span class='ocr_line' id='line_1_62' title="bbox 2171 2091 3746 2170; baseline -0.006 -18"><span class='ocrx_word' id='word_1_452' title='bbox 2171 2100 2390 2170; x_wconf 85' lang='grc' dir='ltr'>λήματι,</span> <span class='ocrx_word' id='word_1_453' title='bbox 2427 2096 2608 2159; x_wconf 81' lang='grc' dir='ltr'>καθώς</span> <span class='ocrx_word' id='word_1_454' title='bbox 2643 2114 2803 2165; x_wconf 79' lang='grc' dir='ltr'>φησιν</span> <span class='ocrx_word' id='word_1_455' title='bbox 2833 2098 2861 2148; x_wconf 90' lang='grc' dir='ltr'>ὁ</span> <span class='ocrx_word' id='word_1_456' title='bbox 2901 2094 3289 2163; x_wconf 82' lang='grc' dir='ltr'>Ἀπολινάριος,</span> <span class='ocrx_word' id='word_1_457' title='bbox 3321 2095 3401 2146; x_wconf 83' lang='grc' dir='ltr'><strong>ὅτι</strong></span> <span class='ocrx_word' id='word_1_458' title='bbox 3438 2092 3586 2155; x_wconf 79' lang='grc' dir='ltr'>τινὰς</span> <span class='ocrx_word' id='word_1_459' title='bbox 3623 2091 3746 2161; x_wconf 74' lang='grc' dir='ltr'><strong>ἠθέ-</strong></span> 
     </span>
    </p>
   </div>
   <div class='ocr_carea' id='block_1_63' title="bbox 2170 2183 3745 2261">
    <p class='ocr_par' dir='ltr' id='par_1_63' title="bbox 2170 2183 3745 2261">
     <span class='ocr_line' id='line_1_63' title="bbox 2170 2183 3745 2261; baseline -0.005 -17"><span class='ocrx_word' id='word_1_460' title='bbox 2170 2191 2351 2261; x_wconf 78' lang='grc' dir='ltr'>λησεν,</span> <span class='ocrx_word' id='word_1_461' title='bbox 2389 2189 2447 2242; x_wconf 74' lang='grc' dir='ltr'><strong>οὗ</strong></span> <span class='ocrx_word' id='word_1_462' title='bbox 2489 2189 2691 2251; x_wconf 82' lang='grc' dir='ltr'>πάντας</span> <span class='ocrx_word' id='word_1_463' title='bbox 2740 2187 3137 2258; x_wconf 66' lang='grc' dir='ltr'>ζωποιηθῆναι</span> <span class='ocrx_word' id='word_1_464' title='bbox 3170 2185 3300 2256; x_wconf 69' lang='grc'><strong>(25).</strong></span> <span class='ocrx_word' id='word_1_465' title='bbox 3337 2185 3410 2238; x_wconf 74' lang='grc' dir='ltr'><strong>Οὐ</strong></span> <span class='ocrx_word' id='word_1_466' title='bbox 3459 2186 3567 2254; x_wconf 81' lang='grc' dir='ltr'><strong>γὰρ</strong></span> <span class='ocrx_word' id='word_1_467' title='bbox 3596 2183 3745 2254; x_wconf 81' lang='grc' dir='ltr'>παρὰ</span> 
     </span>
    </p>
   </div>
   <div class='ocr_carea' id='block_1_64' title="bbox 2171 2274 3741 2351">
    <p class='ocr_par' dir='ltr' id='par_1_64' title="bbox 2171 2274 3741 2351">
     <span class='ocr_line' id='line_1_64' title="bbox 2171 2274 3741 2351; baseline -0.006 -16"><span class='ocrx_word' id='word_1_468' title='bbox 2171 2283 2266 2351; x_wconf 81' lang='grc' dir='ltr'><strong>τὴν</strong></span> <span class='ocrx_word' id='word_1_469' title='bbox 2294 2280 2387 2335; x_wconf 76' lang='grc' dir='ltr'><strong>τοῦ</strong></span> <span class='ocrx_word' id='word_1_470' title='bbox 2439 2278 2699 2351; x_wconf 84' lang='grc' dir='ltr'>κυριακοῦ</span> <span class='ocrx_word' id='word_1_471' title='bbox 2734 2277 3034 2347; x_wconf 82' lang='grc' dir='ltr'>θελήματος</span> <span class='ocrx_word' id='word_1_472' title='bbox 3058 2277 3234 2330; x_wconf 79' lang='grc' dir='ltr'>αἰτίαν</span> <span class='ocrx_word' id='word_1_473' title='bbox 3264 2279 3311 2328; x_wconf 79' lang='grc' dir='ltr'><strong>οἱ</strong></span> <span class='ocrx_word' id='word_1_474' title='bbox 3344 2276 3440 2345; x_wconf 82' lang='grc' dir='ltr'><strong>μὲν</strong></span> <span class='ocrx_word' id='word_1_475' title='bbox 3466 2274 3741 2339; x_wconf 79' lang='grc' dir='ltr'>σώζονται,</span> 
     </span>
    </p>
   </div>
   <div class='ocr_carea' id='block_1_65' title="bbox 2170 2365 3746 2438">
    <p class='ocr_par' dir='ltr' id='par_1_65' title="bbox 2170 2365 3746 2438">
     <span class='ocr_line' id='line_1_65' title="bbox 2170 2365 3746 2438; baseline -0.006 -12"><span class='ocrx_word' id='word_1_476' title='bbox 2170 2375 2216 2425; x_wconf 83' lang='lat' dir='ltr'><strong>oi</strong></span> <span class='ocrx_word' id='word_1_477' title='bbox 2247 2373 2303 2425; x_wconf 80' lang='grc' dir='ltr'>δὲ</span> <span class='ocrx_word' id='word_1_478' title='bbox 2328 2371 2679 2425; x_wconf 73' lang='grc' dir='ltr'>ἀπόλλυνταιο</span> <span class='ocrx_word' id='word_1_479' title='bbox 2710 2368 2741 2438; x_wconf 83' lang='grc' dir='ltr'>ἢ</span> <span class='ocrx_word' id='word_1_480' title='bbox 2786 2368 2927 2422; x_wconf 76' lang='grc' dir='ltr'>οὕτω</span> <span class='ocrx_word' id='word_1_481' title='bbox 2962 2370 3012 2437; x_wconf 77' lang='grc' dir='ltr'>γ’</span> <span class='ocrx_word' id='word_1_482' title='bbox 3042 2368 3107 2422; x_wconf 88' lang='grc' dir='ltr'><strong>ἂν</strong></span> <span class='ocrx_word' id='word_1_483' title='bbox 3156 2370 3233 2430; x_wconf 81' lang='grc' dir='ltr'><strong>εἰς</strong></span> <span class='ocrx_word' id='word_1_484' title='bbox 3282 2369 3454 2419; x_wconf 83' lang='grc' dir='ltr'>ἐκεῖνο</span> <span class='ocrx_word' id='word_1_485' title='bbox 3494 2365 3603 2434; x_wconf 62' lang='grc'><strong>(9.4)</strong></span> <span class='ocrx_word' id='word_1_486' title='bbox 3648 2366 3746 2417; x_wconf 76' lang='grc' dir='ltr'><strong>ἒπ-</strong></span> 
     </span>
    </p>
   </div>
   <div class='ocr_carea' id='block_1_66' title="bbox 2172 2455 3747 2532">
    <p class='ocr_par' dir='ltr' id='par_1_66' title="bbox 2172 2455 3747 2532">
     <span class='ocr_line' id='line_1_66' title="bbox 2172 2455 3747 2532; baseline -0.005 -16"><span class='ocrx_word' id='word_1_487' title='bbox 2172 2462 2309 2517; x_wconf 85' lang='grc' dir='ltr'>ανίοι</span> <span class='ocrx_word' id='word_1_488' title='bbox 2359 2465 2392 2532; x_wconf 88' lang='grc' dir='ltr'><strong>ή</strong></span> <span class='ocrx_word' id='word_1_489' title='bbox 2436 2462 2541 2513; x_wconf 81' lang='grc' dir='ltr'>τῶν</span> <span class='ocrx_word' id='word_1_490' title='bbox 2592 2460 2976 2530; x_wconf 78' lang='grc' dir='ltr'>ἀπολλυμένων</span> <span class='ocrx_word' id='word_1_491' title='bbox 3037 2459 3218 2513; x_wconf 84' lang='grc' dir='ltr'>αἰτία·</span> <span class='ocrx_word' id='word_1_492' title='bbox 3262 2457 3396 2511; x_wconf 76' lang='grc' dir='ltr'>ἀλλὰ</span> <span class='ocrx_word' id='word_1_493' title='bbox 3452 2456 3600 2526; x_wconf 76' lang='grc' dir='ltr'>παρὰ</span> <span class='ocrx_word' id='word_1_494' title='bbox 3645 2455 3747 2526; x_wconf 81' lang='grc' dir='ltr'>τὴν</span> 
     </span>
    </p>
   </div>
   <div class='ocr_carea' id='block_1_67' title="bbox 2172 2547 3750 2625">
    <p class='ocr_par' dir='ltr' id='par_1_67' title="bbox 2172 2547 3750 2625">
     <span class='ocr_line' id='line_1_67' title="bbox 2172 2547 3750 2625; baseline -0.005 -18"><span class='ocrx_word' id='word_1_495' title='bbox 2172 2554 2488 2625; x_wconf 84' lang='grc' dir='ltr'>προαίρεσιν</span> <span class='ocrx_word' id='word_1_496' title='bbox 2517 2551 2625 2605; x_wconf 81' lang='grc' dir='ltr'>τῶν</span> <span class='ocrx_word' id='word_1_497' title='bbox 2662 2552 2963 2622; x_wconf 77' lang='grc' dir='ltr'>δεχομένων</span> <span class='ocrx_word' id='word_1_498' title='bbox 3004 2550 3095 2603; x_wconf 84' lang='grc' dir='ltr'><strong>τὸν</strong></span> <span class='ocrx_word' id='word_1_499' title='bbox 3141 2550 3314 2617; x_wconf 85' lang='grc' dir='ltr'>λόγον,</span> <span class='ocrx_word' id='word_1_500' title='bbox 3365 2548 3649 2617; x_wconf 73' lang='grc' dir='ltr'>συμϐαίνει</span> <span class='ocrx_word' id='word_1_501' title='bbox 3684 2547 3750 2599; x_wconf 82' lang='grc' dir='ltr'>τὺ</span> 
     </span>
    </p>
   </div>
   <div class='ocr_carea' id='block_1_68' title="bbox 2174 2640 3747 2715">
    <p class='ocr_par' dir='ltr' id='par_1_68' title="bbox 2174 2640 3747 2715">
     <span class='ocr_line' id='line_1_68' title="bbox 2174 2640 3747 2715; baseline -0.005 -16"><span class='ocrx_word' id='word_1_502' title='bbox 2174 2646 2439 2710; x_wconf 80' lang='grc' dir='ltr'>σώζεσθαί</span> <span class='ocrx_word' id='word_1_503' title='bbox 2490 2663 2641 2709; x_wconf 83' lang='grc' dir='ltr'>τινας</span> <span class='ocrx_word' id='word_1_504' title='bbox 2690 2645 2723 2715; x_wconf 83' lang='grc' dir='ltr'>ἦ</span> <span class='ocrx_word' id='word_1_505' title='bbox 2788 2643 3139 2697; x_wconf 75' lang='grc' dir='ltr'>ἀπόλλυσθαι.</span> <span class='ocrx_word' id='word_1_506' title='bbox 3186 2644 3243 2695; x_wconf 86' lang='grc' dir='ltr'>Ὀ</span> <span class='ocrx_word' id='word_1_507' title='bbox 3307 2641 3364 2694; x_wconf 81' lang='grc' dir='ltr'>δὲ</span> <span class='ocrx_word' id='word_1_508' title='bbox 3427 2640 3747 2711; x_wconf 84' lang='grc' dir='ltr'>προστίθησι</span> 
     </span>
    </p>
   </div>
   <div class='ocr_carea' id='block_1_69' title="bbox 2169 2732 3749 2803">
    <p class='ocr_par' dir='ltr' id='par_1_69' title="bbox 2169 2732 3749 2803">
     <span class='ocr_line' id='line_1_69' title="bbox 2169 2732 3749 2803; baseline -0.005 -11"><span class='ocrx_word' id='word_1_509' title='bbox 2169 2744 2289 2803; x_wconf 86' lang='grc' dir='ltr'>ταῖς</span> <span class='ocrx_word' id='word_1_510' title='bbox 2335 2740 2719 2799; x_wconf 81' lang='grc' dir='ltr'>κατασκευαῖς,</span> <span class='ocrx_word' id='word_1_511' title='bbox 2768 2737 2849 2788; x_wconf 88' lang='grc' dir='ltr'><strong>ὃτι</strong></span> <span class='ocrx_word' id='word_1_512' title='bbox 2897 2734 3102 2801; x_wconf 78' lang='grc' dir='ltr'>Οὐδείς</span> <span class='ocrx_word' id='word_1_513' title='bbox 3156 2734 3283 2788; x_wconf 83' lang='grc' dir='ltr'>κατ’</span> <span class='ocrx_word' id='word_1_514' title='bbox 3314 2733 3602 2797; x_wconf 81' lang='grc' dir='ltr'>ἐξουσίαν</span> <span class='ocrx_word' id='word_1_515' title='bbox 3638 2732 3749 2786; x_wconf 75' lang='grc' dir='ltr'><strong>ἀπ-</strong></span> 
     </span>
    </p>
   </div>
   <div class='ocr_carea' id='block_1_70' title="bbox 2170 2824 3749 2895">
    <p class='ocr_par' dir='ltr' id='par_1_70' title="bbox 2170 2824 3749 2895">
     <span class='ocr_line' id='line_1_70' title="bbox 2170 2824 3749 2895; baseline -0.006 -12"><span class='ocrx_word' id='word_1_516' title='bbox 2170 2829 2403 2892; x_wconf 81' lang='grc' dir='ltr'>έθανεν,</span> <span class='ocrx_word' id='word_1_517' title='bbox 2446 2828 2483 2894; x_wconf 74' lang='grc' dir='ltr'><strong>ἢ</strong></span> <span class='ocrx_word' id='word_1_518' title='bbox 2532 2827 2758 2893; x_wconf 80' lang='grc' dir='ltr'>ἀνέστη</span> <span class='ocrx_word' id='word_1_519' title='bbox 2796 2825 2929 2895; x_wconf 69' lang='grc'>(25).</span> <span class='ocrx_word' id='word_1_520' title='bbox 2974 2828 3082 2879; x_wconf 75' lang='grc' dir='ltr'><strong>Καὶ</strong></span> <span class='ocrx_word' id='word_1_521' title='bbox 3126 2825 3282 2879; x_wconf 82' lang='grc' dir='ltr'>τοῦτο</span> <span class='ocrx_word' id='word_1_522' title='bbox 3330 2824 3516 2885; x_wconf 73' lang='grc' dir='ltr'>εἰπὼν,</span> <span class='ocrx_word' id='word_1_523' title='bbox 3556 2824 3749 2890; x_wconf 76' lang='grc' dir='ltr'>ἐπάγει</span> 
     </span>
    </p>
   </div>
   <div class='ocr_carea' id='block_1_71' title="bbox 2170 2913 3750 2991">
    <p class='ocr_par' dir='ltr' id='par_1_71' title="bbox 2170 2913 3750 2991">
     <span class='ocr_line' id='line_1_71' title="bbox 2170 2913 3750 2991; baseline -0.005 -17"><span class='ocrx_word' id='word_1_524' title='bbox 2170 2921 2268 2991; x_wconf 85' lang='grc' dir='ltr'>τὴν</span> <span class='ocrx_word' id='word_1_525' title='bbox 2298 2919 2391 2973; x_wconf 79' lang='grc' dir='ltr'>τοῦ</span> <span class='ocrx_word' id='word_1_526' title='bbox 2430 2919 2763 2987; x_wconf 77' lang='grc' dir='ltr'>Εὑαγγελίου</span> <span class='ocrx_word' id='word_1_527' title='bbox 2809 2918 3012 2987; x_wconf 78' lang='grc' dir='ltr'>φωνὴν,</span> <span class='ocrx_word' id='word_1_528' title='bbox 3062 2917 3144 2977; x_wconf 78' lang='grc' dir='ltr'><strong>τὸ,</strong></span> <span class='ocrx_word' id='word_1_529' title='bbox 3178 2917 3386 2980; x_wconf 78' lang='grc' dir='ltr'>Οὐδεὶς</span> <span class='ocrx_word' id='word_1_530' title='bbox 3433 2916 3581 2983; x_wconf 85' lang='grc' dir='ltr'>αἴρει</span> <span class='ocrx_word' id='word_1_531' title='bbox 3636 2913 3750 2979; x_wconf 80' lang='grc' dir='ltr'>τὴν</span> 
     </span>
    </p>
   </div>
   <div class='ocr_carea' id='block_1_72' title="bbox 2170 3004 3749 3080">
    <p class='ocr_par' dir='ltr' id='par_1_72' title="bbox 2170 3004 3749 3080">
     <span class='ocr_line' id='line_1_72' title="bbox 2170 3004 3749 3080; baseline -0.008 -15"><span class='ocrx_word' id='word_1_532' title='bbox 2170 3010 2382 3080; x_wconf 66' lang='grc' dir='ltr'>ψυχήν</span> <span class='ocrx_word' id='word_1_533' title='bbox 2425 3028 2541 3078; x_wconf 85' lang='grc' dir='ltr'><strong>μου</strong></span> <span class='ocrx_word' id='word_1_534' title='bbox 2576 3010 2676 3063; x_wconf 79' lang='grc' dir='ltr'><strong>ἀπ’</strong></span> <span class='ocrx_word' id='word_1_535' title='bbox 2722 3007 2886 3077; x_wconf 85' lang='grc' dir='ltr'><strong>ἐμοῦ’</strong></span> <span class='ocrx_word' id='word_1_536' title='bbox 2920 3007 3209 3071; x_wconf 76' lang='grc' dir='ltr'><strong>ἐξουσίαν</strong></span> <span class='ocrx_word' id='word_1_537' title='bbox 3246 3006 3359 3076; x_wconf 65' lang='grc'><strong>(⁸26)</strong></span> <span class='ocrx_word' id='word_1_538' title='bbox 3398 3006 3514 3075; x_wconf 83' lang='grc' dir='ltr'><strong>ἔχω</strong></span> <span class='ocrx_word' id='word_1_539' title='bbox 3563 3004 3749 3059; x_wconf 79' lang='grc' dir='ltr'>θεῖναι</span> 
     </span>
    </p>
   </div>
   <div class='ocr_carea' id='block_1_73' title="bbox 2172 3094 3747 3171">
    <p class='ocr_par' dir='ltr' id='par_1_73' title="bbox 2172 3094 3747 3171">
     <span class='ocr_line' id='line_1_73' title="bbox 2172 3094 3747 3171; baseline -0.005 -14"><span class='ocrx_word' id='word_1_540' title='bbox 2172 3102 2386 3171; x_wconf 81' lang='grc' dir='ltr'>αὐτὴν,</span> <span class='ocrx_word' id='word_1_541' title='bbox 2433 3102 2529 3155; x_wconf 75' lang='grc' dir='ltr'>καὶ</span> <span class='ocrx_word' id='word_1_542' title='bbox 2573 3100 2862 3165; x_wconf 77' lang='grc' dir='ltr'><strong>ἐξουσίαν</strong></span> <span class='ocrx_word' id='word_1_543' title='bbox 2904 3099 3020 3168; x_wconf 76' lang='grc' dir='ltr'><strong>ἔχω</strong></span> <span class='ocrx_word' id='word_1_544' title='bbox 3066 3098 3250 3152; x_wconf 80' lang='grc' dir='ltr'>πάλιν</span> <span class='ocrx_word' id='word_1_545' title='bbox 3295 3098 3499 3151; x_wconf 78' lang='grc' dir='ltr'>λαϐεῖν</span> <span class='ocrx_word' id='word_1_546' title='bbox 3535 3094 3747 3161; x_wconf 77' lang='grc' dir='ltr'>αὐτήν.</span> 
     </span>
    </p>
   </div>
   <div class='ocr_carea' id='block_1_74' title="bbox 2175 3189 3752 3266">
    <p class='ocr_par' dir='ltr' id='par_1_74' title="bbox 2175 3189 3752 3266">
     <span class='ocr_line' id='line_1_74' title="bbox 2175 3189 3752 3266; baseline -0.006 -18"><span class='ocrx_word' id='word_1_547' title='bbox 2175 3194 2287 3266; x_wconf 69' lang='lat'><strong>(27)</strong></span> <span class='ocrx_word' id='word_1_548' title='bbox 2320 3194 2486 3247; x_wconf 80' lang='grc' dir='ltr'>Ποίαν</span> <span class='ocrx_word' id='word_1_549' title='bbox 2540 3192 2717 3263; x_wconf 76' lang='grc' dir='ltr'>ψυχὴν</span> <span class='ocrx_word' id='word_1_550' title='bbox 2744 3233 2757 3256; x_wconf 90' lang='grc'><strong>,</strong></span> <span class='ocrx_word' id='word_1_551' title='bbox 2814 3191 3037 3260; x_wconf 84' lang='grc' dir='ltr'>λογικὴν</span> <span class='ocrx_word' id='word_1_552' title='bbox 3081 3191 3114 3260; x_wconf 81' lang='grc' dir='ltr'>ἦ</span> <span class='ocrx_word' id='word_1_553' title='bbox 3169 3190 3390 3258; x_wconf 79' lang='grc' dir='ltr'>ἇλογονς</span> <span class='ocrx_word' id='word_1_554' title='bbox 3436 3189 3643 3258; x_wconf 81' lang='grc' dir='ltr'>εἴποιμι</span> <span class='ocrx_word' id='word_1_555' title='bbox 3682 3189 3752 3242; x_wconf 83' lang='grc' dir='ltr'>ἂν</span> 
     </span>
    </p>
   </div>
   <div class='ocr_carea' id='block_1_75' title="bbox 2178 3277 3751 3354">
    <p class='ocr_par' dir='ltr' id='par_1_75' title="bbox 2178 3277 3751 3354">
     <span class='ocr_line' id='line_1_75' title="bbox 2178 3277 3751 3354; baseline -0.003 -17"><span class='ocrx_word' id='word_1_556' title='bbox 2178 3284 2315 3354; x_wconf 83' lang='grc' dir='ltr'>πρὸς</span> <span class='ocrx_word' id='word_1_557' title='bbox 2350 3284 2474 3345; x_wconf 84' lang='grc' dir='ltr'>τοὺς</span> <span class='ocrx_word' id='word_1_558' title='bbox 2506 3281 2603 3353; x_wconf 85' lang='grc' dir='ltr'>τὴν</span> <span class='ocrx_word' id='word_1_559' title='bbox 2629 3282 2851 3351; x_wconf 85' lang='grc' dir='ltr'>ἀνόητον</span> <span class='ocrx_word' id='word_1_560' title='bbox 2889 3280 3063 3351; x_wconf 77' lang='grc' dir='ltr'>ψυχὴν</span> <span class='ocrx_word' id='word_1_561' title='bbox 3096 3278 3172 3349; x_wconf 81' lang='grc' dir='ltr'>τῷ</span> <span class='ocrx_word' id='word_1_562' title='bbox 3209 3278 3325 3349; x_wconf 83' lang='grc' dir='ltr'>Θεῷ</span> <span class='ocrx_word' id='word_1_563' title='bbox 3357 3277 3751 3348; x_wconf 82' lang='grc' dir='ltr'>συνορίζοντας.</span> 
     </span>
    </p>
   </div>
   <div class='ocr_carea' id='block_1_76' title="bbox 2178 3367 3751 3442">
    <p class='ocr_par' dir='ltr' id='par_1_76' title="bbox 2178 3367 3751 3442">
     <span class='ocr_line' id='line_1_76' title="bbox 2178 3367 3751 3442; baseline -0.004 -15"><span class='ocrx_word' id='word_1_564' title='bbox 2178 3375 2241 3427; x_wconf 87' lang='grc' dir='ltr'><strong>Εἰ</strong></span> <span class='ocrx_word' id='word_1_565' title='bbox 2270 3374 2459 3440; x_wconf 87' lang='grc' dir='ltr'>ἄλογόν</span> <span class='ocrx_word' id='word_1_566' title='bbox 2491 3391 2641 3441; x_wconf 78' lang='grc' dir='ltr'>φασι,</span> <span class='ocrx_word' id='word_1_567' title='bbox 2675 3373 2866 3442; x_wconf 85' lang='grc' dir='ltr'>κτῆνος</span> <span class='ocrx_word' id='word_1_568' title='bbox 2912 3370 3125 3441; x_wconf 77' lang='grc' dir='ltr'>ἐροῦσιν</span> <span class='ocrx_word' id='word_1_569' title='bbox 3156 3367 3293 3424; x_wconf 75' lang='grc' dir='ltr'>εῖναι</span> <span class='ocrx_word' id='word_1_570' title='bbox 3335 3370 3461 3440; x_wconf 75' lang='grc' dir='ltr'>περὶ</span> <span class='ocrx_word' id='word_1_571' title='bbox 3500 3369 3591 3422; x_wconf 83' lang='grc' dir='ltr'><strong>τὸν</strong></span> <span class='ocrx_word' id='word_1_572' title='bbox 3614 3371 3751 3439; x_wconf 79' lang='grc' dir='ltr'>Χρι-</span> 
     </span>
    </p>
   </div>
   <div class='ocr_carea' id='block_1_77' title="bbox 2181 3460 3755 3532">
    <p class='ocr_par' dir='ltr' id='par_1_77' title="bbox 2181 3460 3755 3532">
     <span class='ocr_line' id='line_1_77' title="bbox 2181 3460 3755 3532; baseline -0.004 -15"><span class='ocrx_word' id='word_1_573' title='bbox 2181 3465 2325 3527; x_wconf 84' lang='grc' dir='ltr'>στὸν,</span> <span class='ocrx_word' id='word_1_574' title='bbox 2352 3465 2445 3516; x_wconf 76' lang='grc' dir='ltr'>καὶ</span> <span class='ocrx_word' id='word_1_575' title='bbox 2478 3464 2576 3516; x_wconf 80' lang='grc' dir='ltr'><strong>οὐκ</strong></span> <span class='ocrx_word' id='word_1_576' title='bbox 2602 3462 2910 3532; x_wconf 82' lang='grc' dir='ltr'>ἄνθρωπον·</span> <span class='ocrx_word' id='word_1_577' title='bbox 2944 3464 2991 3514; x_wconf 87' lang='grc' dir='ltr'>εἱ</span> <span class='ocrx_word' id='word_1_578' title='bbox 3022 3461 3076 3514; x_wconf 80' lang='grc' dir='ltr'>δὲ</span> <span class='ocrx_word' id='word_1_579' title='bbox 3109 3461 3345 3532; x_wconf 80' lang='grc' dir='ltr'>λογικὴν,</span> <span class='ocrx_word' id='word_1_580' title='bbox 3375 3460 3427 3513; x_wconf 87' lang='grc' dir='ltr'><strong>τί</strong></span> <span class='ocrx_word' id='word_1_581' title='bbox 3453 3461 3577 3514; x_wconf 80' lang='grc' dir='ltr'>ἄλλο</span> <span class='ocrx_word' id='word_1_582' title='bbox 3604 3460 3755 3529; x_wconf 78' lang='grc' dir='ltr'>παρὰ</span> 
     </span>
    </p>
   </div>
   <div class='ocr_carea' id='block_1_78' title="bbox 2177 3552 3756 3624">
    <p class='ocr_par' dir='ltr' id='par_1_78' title="bbox 2177 3552 3756 3624">
     <span class='ocr_line' id='line_1_78' title="bbox 2177 3552 3756 3624; baseline -0.003 -17"><span class='ocrx_word' id='word_1_583' title='bbox 2177 3554 2269 3607; x_wconf 85' lang='grc' dir='ltr'><strong>τὸν</strong></span> <span class='ocrx_word' id='word_1_584' title='bbox 2307 3554 2461 3621; x_wconf 87' lang='grc' dir='ltr'>λόγον</span> <span class='ocrx_word' id='word_1_585' title='bbox 2510 3556 2609 3624; x_wconf 80' lang='grc' dir='ltr'>τὴν</span> <span class='ocrx_word' id='word_1_586' title='bbox 2650 3554 2886 3607; x_wconf 84' lang='grc' dir='ltr'>διάνοιαν</span> <span class='ocrx_word' id='word_1_587' title='bbox 2930 3553 3162 3618; x_wconf 79' lang='grc' dir='ltr'>οἶονται;</span> <span class='ocrx_word' id='word_1_588' title='bbox 3195 3554 3267 3605; x_wconf 75' lang='grc' dir='ltr'><strong>Οὐ</strong></span> <span class='ocrx_word' id='word_1_589' title='bbox 3298 3552 3406 3622; x_wconf 81' lang='grc' dir='ltr'><strong>γὰρ</strong></span> <span class='ocrx_word' id='word_1_590' title='bbox 3437 3552 3587 3623; x_wconf 81' lang='grc' dir='ltr'>φωνὴ</span> <span class='ocrx_word' id='word_1_591' title='bbox 3619 3552 3756 3620; x_wconf 68' lang='grc' dir='ltr'>ἄση-</span> 
     </span>
    </p>
   </div>
   <div class='ocr_carea' id='block_1_79' title="bbox 2181 3646 3757 3717">
    <p class='ocr_par' dir='ltr' id='par_1_79' title="bbox 2181 3646 3757 3717">
     <span class='ocr_line' id='line_1_79' title="bbox 2181 3646 3757 3717; baseline -0.002 -17"><span class='ocrx_word' id='word_1_592' title='bbox 2181 3664 2277 3717; x_wconf 87' lang='grc' dir='ltr'><strong>μος</strong></span> <span class='ocrx_word' id='word_1_593' title='bbox 2311 3648 2340 3698; x_wconf 88' lang='grc' dir='ltr'>ὁ</span> <span class='ocrx_word' id='word_1_594' title='bbox 2375 3646 2530 3715; x_wconf 89' lang='grc' dir='ltr'>λόγος</span> <span class='ocrx_word' id='word_1_595' title='bbox 2562 3648 2727 3712; x_wconf 74' lang='grc' dir='ltr'>ἐστὶν,</span> <span class='ocrx_word' id='word_1_596' title='bbox 2756 3646 2889 3700; x_wconf 83' lang='grc' dir='ltr'>ἀλλὰ</span> <span class='ocrx_word' id='word_1_597' title='bbox 2923 3648 3190 3717; x_wconf 87' lang='grc' dir='ltr'>νοήματος</span> <span class='ocrx_word' id='word_1_598' title='bbox 3222 3646 3451 3715; x_wconf 89' lang='grc' dir='ltr'>κίνησις,</span> <span class='ocrx_word' id='word_1_599' title='bbox 3485 3646 3623 3716; x_wconf 78' lang='grc' dir='ltr'>ἀρχὴ</span> <span class='ocrx_word' id='word_1_600' title='bbox 3660 3646 3757 3698; x_wconf 75' lang='grc' dir='ltr'><strong>καὶ</strong></span> 
     </span>
    </p>
   </div>
   <div class='ocr_carea' id='block_1_80' title="bbox 2171 3736 3755 3808">
    <p class='ocr_par' dir='ltr' id='par_1_80' title="bbox 2171 3736 3755 3808">
     <span class='ocr_line' id='line_1_80' title="bbox 2171 3736 3755 3808; baseline -0.002 -18"><span class='ocrx_word' id='word_1_601' title='bbox 2171 3738 2423 3802; x_wconf 80' lang='grc' dir='ltr'>ὑπόθεσις</span> <span class='ocrx_word' id='word_1_602' title='bbox 2468 3737 2563 3791; x_wconf 80' lang='grc' dir='ltr'>τοῦ</span> <span class='ocrx_word' id='word_1_603' title='bbox 2603 3739 2761 3806; x_wconf 85' lang='grc' dir='ltr'>λόγου</span> <span class='ocrx_word' id='word_1_604' title='bbox 2799 3740 3025 3808; x_wconf 88' lang='grc' dir='ltr'>γίνεται.</span> <span class='ocrx_word' id='word_1_605' title='bbox 3068 3737 3274 3790; x_wconf 73' lang='grc' dir='ltr'>Οὐκοῦν</span> <span class='ocrx_word' id='word_1_606' title='bbox 3317 3740 3345 3790; x_wconf 90' lang='lat'><strong>6</strong></span> <span class='ocrx_word' id='word_1_607' title='bbox 3388 3736 3606 3804; x_wconf 78' lang='grc' dir='ltr'>λογικὴν</span> <span class='ocrx_word' id='word_1_608' title='bbox 3652 3736 3755 3803; x_wconf 74' lang='grc' dir='ltr'><strong>ψυ-</strong></span> 
     </span>
    </p>
   </div>
   <div class='ocr_carea' id='block_1_81' title="bbox 2171 3828 3758 3900">
    <p class='ocr_par' dir='ltr' id='par_1_81' title="bbox 2171 3828 3758 3900">
     <span class='ocr_line' id='line_1_81' title="bbox 2171 3828 3758 3900; baseline -0.001 -20"><span class='ocrx_word' id='word_1_609' title='bbox 2171 3828 2272 3900; x_wconf 83' lang='grc' dir='ltr'>χὴν</span> <span class='ocrx_word' id='word_1_610' title='bbox 2301 3828 2493 3896; x_wconf 85' lang='grc' dir='ltr'>εἰπὼν,</span> <span class='ocrx_word' id='word_1_611' title='bbox 2527 3831 2621 3881; x_wconf 77' lang='grc' dir='ltr'><strong>καὶ</strong></span> <span class='ocrx_word' id='word_1_612' title='bbox 2664 3828 3003 3899; x_wconf 83' lang='grc' dir='ltr'>διανοητικὴν</span> <span class='ocrx_word' id='word_1_613' title='bbox 3048 3828 3427 3899; x_wconf 81' lang='grc' dir='ltr'>ὼμολόγησεν’</span> <span class='ocrx_word' id='word_1_614' title='bbox 3467 3829 3500 3897; x_wconf 88' lang='grc' dir='ltr'>ἡ</span> <span class='ocrx_word' id='word_1_615' title='bbox 3547 3828 3604 3880; x_wconf 82' lang='grc' dir='ltr'>δὲ</span> <span class='ocrx_word' id='word_1_616' title='bbox 3639 3828 3758 3879; x_wconf 79' lang='grc' dir='ltr'>διά.-</span> 
     </span>
    </p>
   </div>
   <div class='ocr_carea' id='block_1_82' title="bbox 2172 3918 3756 3992">
    <p class='ocr_par' dir='ltr' id='par_1_82' title="bbox 2172 3918 3756 3992">
     <span class='ocr_line' id='line_1_82' title="bbox 2172 3918 3756 3992; baseline -0.001 -17"><span class='ocrx_word' id='word_1_617' title='bbox 2172 3938 2308 3985; x_wconf 88' lang='grc' dir='ltr'>νοια,</span> <span class='ocrx_word' id='word_1_618' title='bbox 2336 3921 2428 3973; x_wconf 82' lang='grc' dir='ltr'>νοῦ</span> <span class='ocrx_word' id='word_1_619' title='bbox 2463 3920 2671 3991; x_wconf 86' lang='grc' dir='ltr'>κίνησίς</span> <span class='ocrx_word' id='word_1_620' title='bbox 2702 3922 2816 3974; x_wconf 77' lang='grc' dir='ltr'>ἐστι</span> <span class='ocrx_word' id='word_1_621' title='bbox 2846 3921 2940 3974; x_wconf 77' lang='grc' dir='ltr'><strong>καὶ</strong></span> <span class='ocrx_word' id='word_1_622' title='bbox 2983 3921 3252 3992; x_wconf 79' lang='grc' dir='ltr'>ἐνέργεια.</span> <span class='ocrx_word' id='word_1_623' title='bbox 3302 3918 3426 3983; x_wconf 84' lang='grc' dir='ltr'><strong>Πῶς</strong></span> <span class='ocrx_word' id='word_1_624' title='bbox 3470 3920 3534 3972; x_wconf 84' lang='grc' dir='ltr'><strong>ἂν</strong></span> <span class='ocrx_word' id='word_1_625' title='bbox 3566 3922 3594 3972; x_wconf 91' lang='lat'><strong>6</strong></span> <span class='ocrx_word' id='word_1_626' title='bbox 3631 3922 3756 3983; x_wconf 78' lang='grc' dir='ltr'>νοῦς</span> 
     </span>
    </p>
   </div>
   <div class='ocr_carea' id='block_1_83' title="bbox 2176 4011 3757 4083">
    <p class='ocr_par' dir='ltr' id='par_1_83' title="bbox 2176 4011 3757 4083">
     <span class='ocr_line' id='line_1_83' title="bbox 2176 4011 3757 4083; baseline 0 -20"><span class='ocrx_word' id='word_1_627' title='bbox 2176 4012 2250 4082; x_wconf 87' lang='grc' dir='ltr'>μὴ</span> <span class='ocrx_word' id='word_1_628' title='bbox 2295 4011 2485 4082; x_wconf 84' lang='grc' dir='ltr'>παρὼν</span> <span class='ocrx_word' id='word_1_629' title='bbox 2516 4014 2879 4082; x_wconf 78' lang='grc' dir='ltr'>ὲνεργήσειεν,</span> <span class='ocrx_word' id='word_1_630' title='bbox 2911 4014 3067 4083; x_wconf 83' lang='grc' dir='ltr'>εἴπερ</span> <span class='ocrx_word' id='word_1_631' title='bbox 3100 4012 3364 4081; x_wconf 85' lang='grc' dir='ltr'>ἀμέτοχον</span> <span class='ocrx_word' id='word_1_632' title='bbox 3401 4012 3495 4064; x_wconf 82' lang='grc' dir='ltr'>τοῦ</span> <span class='ocrx_word' id='word_1_633' title='bbox 3525 4011 3617 4064; x_wconf 83' lang='grc' dir='ltr'>νοῦ</span> <span class='ocrx_word' id='word_1_634' title='bbox 3656 4011 3757 4080; x_wconf 83' lang='grc' dir='ltr'>τὴν</span> 
     </span>
    </p>
   </div>
   <div class='ocr_carea' id='block_1_84' title="bbox 2173 4103 3757 4176">
    <p class='ocr_par' dir='ltr' id='par_1_84' title="bbox 2173 4103 3757 4176">
     <span class='ocr_line' id='line_1_84' title="bbox 2173 4103 3757 4176; baseline -0.001 -18"><span class='ocrx_word' id='word_1_635' title='bbox 2173 4106 2268 4159; x_wconf 74' lang='grc' dir='ltr'>τοῦ</span> <span class='ocrx_word' id='word_1_636' title='bbox 2314 4106 2517 4176; x_wconf 85' lang='grc' dir='ltr'>Κυρίου</span> <span class='ocrx_word' id='word_1_637' title='bbox 2546 4105 2722 4175; x_wconf 76' lang='grc' dir='ltr'>ψυχὴν</span> <span class='ocrx_word' id='word_1_638' title='bbox 2764 4104 3112 4174; x_wconf 77' lang='grc' dir='ltr'>διορίζοιντο;</span> <span class='ocrx_word' id='word_1_639' title='bbox 3149 4104 3310 4155; x_wconf 85' lang='grc' dir='ltr'>Ὥστε</span> <span class='ocrx_word' id='word_1_640' title='bbox 3350 4104 3397 4156; x_wconf 85' lang='grc' dir='ltr'><strong>εί</strong></span> <span class='ocrx_word' id='word_1_641' title='bbox 3440 4103 3616 4173; x_wconf 68' lang='grc' dir='ltr'>ψυχὴν</span> <span class='ocrx_word' id='word_1_642' title='bbox 3640 4103 3757 4172; x_wconf 79' lang='grc' dir='ltr'>ἔχει</span> 
     </span>
    </p>
   </div>
   <div class='ocr_carea' id='block_1_85' title="bbox 2175 4195 3758 4268">
    <p class='ocr_par' dir='ltr' id='par_1_85' title="bbox 2175 4195 3758 4268">
     <span class='ocr_line' id='line_1_85' title="bbox 2175 4195 3758 4268; baseline -0.001 -19"><span class='ocrx_word' id='word_1_643' title='bbox 2175 4198 2203 4249; x_wconf 89' lang='grc' dir='ltr'>ὁ</span> <span class='ocrx_word' id='word_1_644' title='bbox 2229 4198 2453 4268; x_wconf 87' lang='grc' dir='ltr'>Κύριος,</span> <span class='ocrx_word' id='word_1_645' title='bbox 2499 4199 2566 4268; x_wconf 84' lang='grc' dir='ltr'>ἦν</span> <span class='ocrx_word' id='word_1_646' title='bbox 2612 4197 2729 4251; x_wconf 85' lang='grc' dir='ltr'>κατ’</span> <span class='ocrx_word' id='word_1_647' title='bbox 2772 4196 3017 4261; x_wconf 78' lang='grc' dir='ltr'>ἐξουσίαν</span> <span class='ocrx_word' id='word_1_648' title='bbox 3059 4195 3151 4248; x_wconf 74' lang='grc' dir='ltr'><strong>καὶ</strong></span> <span class='ocrx_word' id='word_1_649' title='bbox 3195 4195 3459 4264; x_wconf 78' lang='grc' dir='ltr'>λαμϐάνει</span> <span class='ocrx_word' id='word_1_650' title='bbox 3493 4196 3588 4249; x_wconf 73' lang='grc' dir='ltr'><strong>καὶ</strong></span> <span class='ocrx_word' id='word_1_651' title='bbox 3616 4197 3758 4249; x_wconf 53' lang='lat' dir='ltr'><strong>tino—-</strong></span> 
     </span>
    </p>
   </div>
   <div class='ocr_carea' id='block_1_86' title="bbox 505 4280 2069 4361">
    <p class='ocr_par' dir='ltr' id='par_1_86' title="bbox 505 4280 2065 4352">
     <span class='ocr_line' id='line_1_86' title="bbox 505 4280 2065 4352; baseline 0.008 -21"><span class='ocrx_word' id='word_1_652' title='bbox 505 4280 702 4334; x_wconf 90' lang='lat' dir='ltr'><strong>mentis</strong></span> <span class='ocrx_word' id='word_1_653' title='bbox 748 4289 831 4335; x_wconf 91' lang='lat' dir='ltr'><strong>est</strong></span> <span class='ocrx_word' id='word_1_654' title='bbox 885 4289 1064 4335; x_wconf 88' lang='lat' dir='ltr'><strong>motus</strong></span> <span class='ocrx_word' id='word_1_655' title='bbox 1119 4293 1173 4337; x_wconf 93' lang='lat' dir='ltr'><strong>et</strong></span> <span class='ocrx_word' id='word_1_656' title='bbox 1230 4286 1496 4352; x_wconf 89' lang='lat' dir='ltr'><strong>operatio.</strong></span> <span class='ocrx_word' id='word_1_657' title='bbox 1549 4286 1833 4351; x_wconf 83' lang='lat' dir='ltr'><strong>Quomodo</strong></span> <span class='ocrx_word' id='word_1_658' title='bbox 1885 4298 2065 4343; x_wconf 90' lang='lat' dir='ltr'><strong>autem</strong></span> 
     </span>
    </p>
   </div>
   <div class='ocr_carea' id='block_1_87' title="bbox 2174 4280 3757 4361">
    <p class='ocr_par' dir='ltr' id='par_1_87' title="bbox 2174 4285 3757 4359">
     <span class='ocr_line' id='line_1_87' title="bbox 2174 4285 3757 4359; baseline -0.002 -19"><span class='ocrx_word' id='word_1_659' title='bbox 2174 4287 2399 4351; x_wconf 84' lang='grc' dir='ltr'>τίθεται,</span> <span class='ocrx_word' id='word_1_660' title='bbox 2431 4288 2606 4359; x_wconf 68' lang='grc' dir='ltr'>ψυχὴν</span> <span class='ocrx_word' id='word_1_661' title='bbox 2653 4289 2709 4341; x_wconf 86' lang='grc' dir='ltr'><strong>δὲ</strong></span> <span class='ocrx_word' id='word_1_662' title='bbox 2752 4288 2812 4340; x_wconf 84' lang='grc' dir='ltr'>οὐ</span> <span class='ocrx_word' id='word_1_663' title='bbox 2861 4287 3103 4359; x_wconf 85' lang='grc' dir='ltr'>κτηνώδη</span> <span class='ocrx_word' id='word_1_664' title='bbox 3135 4292 3228 4341; x_wconf 70' lang='grc' dir='ltr'><strong>καὶ</strong></span> <span class='ocrx_word' id='word_1_665' title='bbox 3255 4288 3463 4354; x_wconf 79' lang='grc' dir='ltr'>ἄλογον,</span> <span class='ocrx_word' id='word_1_666' title='bbox 3494 4285 3627 4339; x_wconf 81' lang='grc' dir='ltr'>ἀλλὰ</span> <span class='ocrx_word' id='word_1_667' title='bbox 3659 4286 3757 4338; x_wconf 71' lang='grc' dir='ltr'>τοῦ</span> 
     </span>
    </p>
   </div>
   <div class='ocr_carea' id='block_1_88' title="bbox 503 4370 2066 4443">
    <p class='ocr_par' dir='ltr' id='par_1_88' title="bbox 503 4370 2066 4443">
     <span class='ocr_line' id='line_1_88' title="bbox 503 4370 2066 4443; baseline 0.007 -23"><span class='ocrx_word' id='word_1_668' title='bbox 503 4384 660 4423; x_wconf 90' lang='lat' dir='ltr'><strong>mens</strong></span> <span class='ocrx_word' id='word_1_669' title='bbox 715 4386 837 4439; x_wconf 66' lang='lat' dir='ltr'><strong>qua:</strong></span> <span class='ocrx_word' id='word_1_670' title='bbox 868 4386 974 4424; x_wconf 93' lang='lat' dir='ltr'><strong>non</strong></span> <span class='ocrx_word' id='word_1_671' title='bbox 1005 4370 1212 4436; x_wconf 88' lang='lat' dir='ltr'><strong>aderat,</strong></span> <span class='ocrx_word' id='word_1_672' title='bbox 1253 4376 1596 4443; x_wconf 88' lang='lat' dir='ltr'><strong>operationes</strong></span> <span class='ocrx_word' id='word_1_673' title='bbox 1627 4392 1755 4432; x_wconf 91' lang='lat' dir='ltr'><strong>suas</strong></span> <span class='ocrx_word' id='word_1_674' title='bbox 1786 4378 2066 4442; x_wconf 86' lang='lat' dir='ltr'><strong>edidisset,</strong></span> 
     </span>
    </p>
   </div>
   <div class='ocr_carea' id='block_1_89' title="bbox 503 4460 2070 4523">
    <p class='ocr_par' dir='ltr' id='par_1_89' title="bbox 503 4460 2070 4523">
     <span class='ocr_line' id='line_1_89' title="bbox 503 4460 2070 4523; baseline 0.005 -9"><span class='ocrx_word' id='word_1_675' title='bbox 503 4460 551 4514; x_wconf 79' lang='lat' dir='ltr'><strong>si</strong></span> <span class='ocrx_word' id='word_1_676' title='bbox 594 4460 804 4515; x_wconf 88' lang='lat' dir='ltr'><strong>Domini</strong></span> <span class='ocrx_word' id='word_1_677' title='bbox 853 4463 1086 4517; x_wconf 91' lang='lat' dir='ltr'><strong>animam</strong></span> <span class='ocrx_word' id='word_1_678' title='bbox 1132 4474 1313 4519; x_wconf 92' lang='lat' dir='ltr'><strong>mente</strong></span> <span class='ocrx_word' id='word_1_679' title='bbox 1359 4465 1673 4520; x_wconf 89' lang='lat' dir='ltr'><strong>destitutam</strong></span> <span class='ocrx_word' id='word_1_680' title='bbox 1713 4468 1887 4523; x_wconf 88' lang='lat' dir='ltr'><strong>fuisse</strong></span> <span class='ocrx_word' id='word_1_681' title='bbox 1927 4470 2070 4523; x_wconf 83' lang='lat' dir='ltr'><strong>afﬁr-</strong></span> 
     </span>
    </p>
   </div>
   <div class='ocr_carea' id='block_1_90' title="bbox 2177 4372 3760 4449">
    <p class='ocr_par' dir='ltr' id='par_1_90' title="bbox 2177 4372 3760 4449">
     <span class='ocr_line' id='line_1_90' title="bbox 2177 4372 3760 4449; baseline -0.003 -17"><span class='ocrx_word' id='word_1_682' title='bbox 2177 4380 2519 4449; x_wconf 87' lang='grc' dir='ltr'>ἀνθρωπίνου</span> <span class='ocrx_word' id='word_1_683' title='bbox 2559 4378 2944 4449; x_wconf 84' lang='grc' dir='ltr'>συγκρίματος,</span> <span class='ocrx_word' id='word_1_684' title='bbox 2975 4378 3311 4447; x_wconf 85' lang='grc' dir='ltr'>ὁμολογεῖται</span> <span class='ocrx_word' id='word_1_685' title='bbox 3342 4378 3557 4441; x_wconf 86' lang='grc' dir='ltr'>πάντως</span> <span class='ocrx_word' id='word_1_686' title='bbox 3588 4378 3645 4429; x_wconf 82' lang='grc' dir='ltr'>ἐν</span> <span class='ocrx_word' id='word_1_687' title='bbox 3678 4372 3760 4442; x_wconf 75' lang='grc' dir='ltr'>τῷ</span> 
     </span>
    </p>
   </div>
   <div class='ocr_carea' id='block_1_91' title="bbox 2176 4465 3649 4542">
    <p class='ocr_par' dir='ltr' id='par_1_91' title="bbox 2176 4465 3649 4542">
     <span class='ocr_line' id='line_1_91' title="bbox 2176 4465 3649 4542; baseline -0.001 -19"><span class='ocrx_word' id='word_1_688' title='bbox 2176 4469 2519 4541; x_wconf 82' lang='grc' dir='ltr'>ἀνθρωπίνην</span> <span class='ocrx_word' id='word_1_689' title='bbox 2546 4470 2964 4542; x_wconf 81' lang='grc' dir='ltr'>προσειληφέναι</span> <span class='ocrx_word' id='word_1_690' title='bbox 2998 4471 3088 4523; x_wconf 79' lang='grc' dir='ltr'><strong>καὶ</strong></span> <span class='ocrx_word' id='word_1_691' title='bbox 3126 4470 3469 4542; x_wconf 81' lang='grc' dir='ltr'>διανοητικὴν</span> <span class='ocrx_word' id='word_1_692' title='bbox 3495 4465 3649 4522; x_wconf 79' lang='grc' dir='ltr'>εἶναι.</span> 
     </span>
    </p>
   </div>
   <div class='ocr_carea' id='block_1_92' title="bbox 504 4551 3750 4633">
    <p class='ocr_par' dir='ltr' id='par_1_92' title="bbox 504 4551 3750 4633">
     <span class='ocr_line' id='line_1_92' title="bbox 504 4551 3750 4633; baseline 0.005 -32"><span class='ocrx_word' id='word_1_693' title='bbox 504 4551 767 4604; x_wconf 88' lang='lat' dir='ltr'><strong>maverit?</strong></span> <span class='ocrx_word' id='word_1_694' title='bbox 801 4551 986 4622; x_wconf 87' lang='lat' dir='ltr'><strong>Itaque</strong></span> <span class='ocrx_word' id='word_1_695' title='bbox 1032 4553 1077 4609; x_wconf 91' lang='lat' dir='ltr'><strong>si</strong></span> <span class='ocrx_word' id='word_1_696' title='bbox 1127 4553 1391 4609; x_wconf 87' lang='lat' dir='ltr'><strong>Dominus</strong></span> <span class='ocrx_word' id='word_1_697' title='bbox 1437 4558 1672 4610; x_wconf 88' lang='lat' dir='ltr'><strong>animam</strong></span> <span class='ocrx_word' id='word_1_698' title='bbox 1714 4558 1874 4612; x_wconf 89' lang='lat' dir='ltr'><strong>habet</strong></span> <span class='ocrx_word' id='word_1_699' title='bbox 1904 4574 2068 4627; x_wconf 89' lang='lat' dir='ltr'><strong>quam</strong></span> <span class='ocrx_word' id='word_1_700' title='bbox 2096 4575 2204 4629; x_wconf 71' lang='lat' dir='ltr'><strong>&#39;pro</strong></span> <span class='ocrx_word' id='word_1_701' title='bbox 2248 4575 2348 4614; x_wconf 89' lang='lat' dir='ltr'><strong>suo</strong></span> <span class='ocrx_word' id='word_1_702' title='bbox 2395 4561 2628 4615; x_wconf 88' lang='lat' dir='ltr'><strong>arbitrio</strong></span> <span class='ocrx_word' id='word_1_703' title='bbox 2670 4569 2724 4615; x_wconf 90' lang='lat' dir='ltr'><strong>et</strong></span> <span class='ocrx_word' id='word_1_704' title='bbox 2767 4563 2934 4617; x_wconf 91' lang='lat' dir='ltr'><strong>sumit</strong></span> <span class='ocrx_word' id='word_1_705' title='bbox 2983 4570 3040 4617; x_wconf 87' lang='lat' dir='ltr'><strong>et</strong></span> <span class='ocrx_word' id='word_1_706' title='bbox 3082 4563 3261 4632; x_wconf 92' lang='lat' dir='ltr'><strong>ponit,</strong></span> <span class='ocrx_word' id='word_1_707' title='bbox 3339 4579 3569 4633; x_wconf 88' lang='lat' dir='ltr'><strong>eamque</strong></span> <span class='ocrx_word' id='word_1_708' title='bbox 3639 4579 3750 4617; x_wconf 87' lang='lat' dir='ltr'><strong>non</strong></span> 
     </span>
    </p>
   </div>
   <div class='ocr_carea' id='block_1_93' title="bbox 502 4640 3757 4725">
    <p class='ocr_par' dir='ltr' id='par_1_93' title="bbox 502 4640 3757 4725">
     <span class='ocr_line' id='line_1_93' title="bbox 502 4640 3757 4725; baseline 0.005 -32"><span class='ocrx_word' id='word_1_709' title='bbox 502 4655 533 4693; x_wconf 90' lang='lat' dir='ltr'><strong>e</strong></span> <span class='ocrx_word' id='word_1_710' title='bbox 573 4640 841 4708; x_wconf 85' lang='lat' dir='ltr'><strong>pecudum</strong></span> <span class='ocrx_word' id='word_1_711' title='bbox 875 4658 1073 4711; x_wconf 81' lang='lat' dir='ltr'><strong>genere</strong></span> <span class='ocrx_word' id='word_1_712' title='bbox 1107 4651 1160 4698; x_wconf 89' lang='lat' dir='ltr'><strong>et</strong></span> <span class='ocrx_word' id='word_1_713' title='bbox 1191 4644 1585 4708; x_wconf 86' lang='lat' dir='ltr'><strong>irrationalem.</strong></span> <span class='ocrx_word' id='word_1_714' title='bbox 1615 4646 1709 4702; x_wconf 86' lang='lat' dir='ltr'><strong>sed</strong></span> <span class='ocrx_word' id='word_1_715' title='bbox 1739 4649 2070 4705; x_wconf 82' lang='lat' dir='ltr'><strong>conditionis</strong></span> <span class='ocrx_word' id='word_1_716' title='bbox 2107 4652 2360 4705; x_wconf 70' lang='lat' dir='ltr'><strong>humanae</strong></span> <span class='ocrx_word' id='word_1_717' title='bbox 2402 4652 2601 4705; x_wconf 78' lang='lat' dir='ltr'><strong>fatetur</strong></span> <span class='ocrx_word' id='word_1_718' title='bbox 2644 4668 2799 4721; x_wconf 88' lang='lat' dir='ltr'><strong>esse;</strong></span> <span class='ocrx_word' id='word_1_719' title='bbox 2847 4656 3159 4709; x_wconf 86' lang='lat' dir='ltr'><strong>necessario</strong></span> <span class='ocrx_word' id='word_1_720' title='bbox 3234 4656 3589 4725; x_wconf 83' lang='lat' dir='ltr'><strong>consequitur</strong></span> <span class='ocrx_word' id='word_1_721' title='bbox 3652 4655 3757 4709; x_wconf 86' lang='lat' dir='ltr'><strong>hu-</strong></span> 
     </span>
    </p>
   </div>
   <div class='ocr_carea' id='block_1_94' title="bbox 503 4734 2582 4811">
    <p class='ocr_par' dir='ltr' id='par_1_94' title="bbox 503 4734 2582 4811">
     <span class='ocr_line' id='line_1_94' title="bbox 503 4734 2582 4811; baseline 0.008 -29"><span class='ocrx_word' id='word_1_722' title='bbox 503 4746 722 4784; x_wconf 89' lang='lat' dir='ltr'><strong>manam</strong></span> <span class='ocrx_word' id='word_1_723' title='bbox 764 4734 1001 4788; x_wconf 85' lang='lat' dir='ltr'><strong>animam</strong></span> <span class='ocrx_word' id='word_1_724' title='bbox 1038 4750 1067 4788; x_wconf 89' lang='lat' dir='ltr'><strong>a</strong></span> <span class='ocrx_word' id='word_1_725' title='bbox 1109 4734 1330 4791; x_wconf 88' lang='lat' dir='ltr'><strong>Christo</strong></span> <span class='ocrx_word' id='word_1_726' title='bbox 1359 4750 1691 4809; x_wconf 88' lang='lat' dir='ltr'><strong>assumptam</strong></span> <span class='ocrx_word' id='word_1_727' title='bbox 1723 4747 1903 4795; x_wconf 91' lang='lat' dir='ltr'><strong>mente</strong></span> <span class='ocrx_word' id='word_1_728' title='bbox 1948 4742 2233 4811; x_wconf 63' lang='lat' dir='ltr'><strong>praeditam</strong></span> <span class='ocrx_word' id='word_1_729' title='bbox 2282 4745 2582 4798; x_wconf 81' lang='lat' dir='ltr'><strong>exstitisse.</strong></span> 
     </span>
    </p>
   </div>
   <div class='ocr_carea' id='block_1_95' title="bbox 573 4886 1019 4954">
    <p class='ocr_par' dir='ltr' id='par_1_95' title="bbox 573 4886 1019 4954">
     <span class='ocr_line' id='line_1_95' title="bbox 573 4886 1019 4954; baseline 0.004 -12"><span class='ocrx_word' id='word_1_730' title='bbox 573 4887 620 4918; x_wconf 75' lang='grc'><strong>⁸⁸</strong></span> <span class='ocrx_word' id='word_1_731' title='bbox 646 4886 806 4943; x_wconf 84' lang='lat' dir='ltr'><strong>Joan.</strong></span> <span class='ocrx_word' id='word_1_732' title='bbox 844 4906 895 4954; x_wconf 91' lang='lat' dir='ltr'><strong>v,</strong></span> <span class='ocrx_word' id='word_1_733' title='bbox 930 4889 1019 4944; x_wconf 74' lang='lat'><strong>2|.</strong></span> 
     </span>
    </p>
   </div>
   <div class='ocr_carea' id='block_1_96' title="bbox 576 5069 2074 5149">
    <p class='ocr_par' dir='ltr' id='par_1_96' title="bbox 576 5069 2074 5149">
     <span class='ocr_line' id='line_1_96' title="bbox 576 5069 2074 5149; baseline 0.005 -26"><span class='ocrx_word' id='word_1_734' title='bbox 576 5069 687 5139; x_wconf 69' lang='lat'><strong>(2|)</strong></span> <span class='ocrx_word' id='word_1_735' title='bbox 721 5069 871 5149; x_wconf 73' lang='lat' dir='ltr'><strong>Licet</strong></span> <span class='ocrx_word' id='word_1_736' title='bbox 896 5073 948 5126; x_wconf 91' lang='lat' dir='ltr'><strong>in</strong></span> <span class='ocrx_word' id='word_1_737' title='bbox 975 5072 1094 5127; x_wconf 80' lang='lat' dir='ltr'><strong>Vat.</strong></span> <span class='ocrx_word' id='word_1_738' title='bbox 1131 5075 1253 5129; x_wconf 85' lang='lat' dir='ltr'><strong>cod.</strong></span> <span class='ocrx_word' id='word_1_739' title='bbox 1284 5077 1376 5139; x_wconf 84' lang='lat' dir='ltr'><strong>sit,</strong></span> <span class='ocrx_word' id='word_1_740' title='bbox 1410 5076 1581 5141; x_wconf 76' lang='grc' dir='ltr'>οὕτως</span> <span class='ocrx_word' id='word_1_741' title='bbox 1606 5078 1756 5149; x_wconf 74' lang='grc' dir='ltr'>παρὰ</span> <span class='ocrx_word' id='word_1_742' title='bbox 1784 5078 1891 5131; x_wconf 82' lang='grc' dir='ltr'>τῶν</span> <span class='ocrx_word' id='word_1_743' title='bbox 1922 5080 2074 5149; x_wconf 85' lang='grc' dir='ltr'>εἰρη-</span> 
     </span>
    </p>
   </div>
   <div class='ocr_carea' id='block_1_97' title="bbox 511 5139 2071 5215">
    <p class='ocr_par' dir='ltr' id='par_1_97' title="bbox 511 5139 2071 5215">
     <span class='ocr_line' id='line_1_97' title="bbox 511 5139 2071 5215; baseline 0.005 -23"><span class='ocrx_word' id='word_1_744' title='bbox 511 5139 685 5215; x_wconf 64' lang='grc' dir='ltr'>μένων</span> <span class='ocrx_word' id='word_1_745' title='bbox 741 5142 1101 5215; x_wconf 71' lang='grc' dir='ltr'>γινώσκομεν,</span> <span class='ocrx_word' id='word_1_746' title='bbox 1150 5162 1258 5213; x_wconf 89' lang='lat' dir='ltr'><strong>quo</strong></span> <span class='ocrx_word' id='word_1_747' title='bbox 1317 5159 1477 5215; x_wconf 86' lang='lat' dir='ltr'><strong>paelo</strong></span> <span class='ocrx_word' id='word_1_748' title='bbox 1530 5139 1848 5202; x_wconf 76' lang='lat' dir='ltr'><strong>vertendum</strong></span> <span class='ocrx_word' id='word_1_749' title='bbox 1903 5139 2071 5209; x_wconf 77' lang='lat' dir='ltr'><strong>esset,</strong></span> 
     </span>
    </p>
   </div>
   <div class='ocr_carea' id='block_1_98' title="bbox 503 5207 2078 5285">
    <p class='ocr_par' dir='ltr' id='par_1_98' title="bbox 503 5207 2078 5285">
     <span class='ocr_line' id='line_1_98' title="bbox 503 5207 2078 5285; baseline 0.005 -22"><span class='ocrx_word' id='word_1_750' title='bbox 503 5207 622 5270; x_wconf 88' lang='lat' dir='ltr'><strong>Nos</strong></span> <span class='ocrx_word' id='word_1_751' title='bbox 664 5207 829 5285; x_wconf 83' lang='lat' dir='ltr'><strong>enim,</strong></span> <span class='ocrx_word' id='word_1_752' title='bbox 888 5207 1018 5276; x_wconf 43' lang='lat' dir='ltr'><strong>etei,</strong></span> <span class='ocrx_word' id='word_1_753' title='bbox 1071 5207 1218 5269; x_wconf 76' lang='lat' dir='ltr'><strong>secus</strong></span> <span class='ocrx_word' id='word_1_754' title='bbox 1270 5207 1331 5269; x_wconf 69' lang='lat' dir='ltr'><strong>ac</strong></span> <span class='ocrx_word' id='word_1_755' title='bbox 1393 5219 1718 5285; x_wconf 77' lang='lat' dir='ltr'><strong>Apollinaris</strong></span> <span class='ocrx_word' id='word_1_756' title='bbox 1746 5219 1966 5281; x_wconf 84' lang='lat' dir='ltr'><strong>censuit,</strong></span> <span class='ocrx_word' id='word_1_757' title='bbox 1998 5207 2078 5271; x_wconf 84' lang='lat' dir='ltr'><strong>ita</strong></span> 
     </span>
    </p>
   </div>
   <div class='ocr_carea' id='block_1_99' title="bbox 505 5284 2075 5344">
    <p class='ocr_par' dir='ltr' id='par_1_99' title="bbox 505 5284 2075 5344">
     <span class='ocr_line' id='line_1_99' title="bbox 505 5284 2075 5344; baseline 0.003 -7"><span class='ocrx_word' id='word_1_758' title='bbox 505 5284 811 5343; x_wconf 80' lang='lat' dir='ltr'><strong>statuimus.</strong></span> <span class='ocrx_word' id='word_1_759' title='bbox 854 5293 909 5335; x_wconf 87' lang='lat' dir='ltr'><strong>ut</strong></span> <span class='ocrx_word' id='word_1_760' title='bbox 944 5300 1084 5344; x_wconf 83' lang='lat' dir='ltr'><strong>cum,</strong></span> <span class='ocrx_word' id='word_1_761' title='bbox 1121 5296 1224 5339; x_wconf 85' lang='lat' dir='ltr'><strong>etc.</strong></span> <span class='ocrx_word' id='word_1_762' title='bbox 1264 5303 1398 5341; x_wconf 73' lang='lat' dir='ltr'><strong>tuos</strong></span> <span class='ocrx_word' id='word_1_763' title='bbox 1437 5298 1615 5341; x_wconf 89' lang='lat' dir='ltr'><strong>tamen</strong></span> <span class='ocrx_word' id='word_1_764' title='bbox 1676 5289 2075 5342; x_wconf 89' lang='lat' dir='ltr'><strong>emendandum</strong></span> 
     </span>
    </p>
   </div>
   <div class='ocr_carea' id='block_1_100' title="bbox 503 5354 2075 5428">
    <p class='ocr_par' dir='ltr' id='par_1_100' title="bbox 503 5354 2075 5428">
     <span class='ocr_line' id='line_1_100' title="bbox 503 5354 2075 5428; baseline 0.001 -19"><span class='ocrx_word' id='word_1_765' title='bbox 503 5368 627 5409; x_wconf 87' lang='lat' dir='ltr'><strong>esse</strong></span> <span class='ocrx_word' id='word_1_766' title='bbox 656 5354 987 5428; x_wconf 76' lang='lat' dir='ltr'><strong>putavimus,</strong></span> <span class='ocrx_word' id='word_1_767' title='bbox 1012 5354 1183 5428; x_wconf 72' lang='grc' dir='ltr'>οὕτως</span> <span class='ocrx_word' id='word_1_768' title='bbox 1203 5374 1277 5428; x_wconf 65' lang='lat' dir='ltr'><strong>fita</strong></span> <span class='ocrx_word' id='word_1_769' title='bbox 1289 5359 1340 5425; x_wconf 70' lang='lat' dir='ltr'><strong>pit</strong></span> <span class='ocrx_word' id='word_1_770' title='bbox 1364 5358 1469 5410; x_wconf 82' lang='grc' dir='ltr'><strong>τῶν</strong></span> <span class='ocrx_word' id='word_1_771' title='bbox 1492 5358 1795 5428; x_wconf 73' lang='grc' dir='ltr'>εἰρημένων</span> <span class='ocrx_word' id='word_1_772' title='bbox 1820 5357 2075 5424; x_wconf 84' lang='grc' dir='ltr'>γινώσκο-</span> 
     </span>
    </p>
   </div>
   <div class='ocr_carea' id='block_1_101' title="bbox 510 5424 2077 5498">
    <p class='ocr_par' dir='ltr' id='par_1_101' title="bbox 510 5424 2077 5498">
     <span class='ocr_line' id='line_1_101' title="bbox 510 5424 2077 5498; baseline 0.004 -22"><span class='ocrx_word' id='word_1_773' title='bbox 510 5442 630 5493; x_wconf 89' lang='grc' dir='ltr'>μεν,</span> <span class='ocrx_word' id='word_1_774' title='bbox 676 5439 797 5498; x_wconf 74' lang='lat' dir='ltr'><strong>cum</strong></span> <span class='ocrx_word' id='word_1_775' title='bbox 828 5424 930 5477; x_wconf 90' lang='lat' dir='ltr'><strong>ista</strong></span> <span class='ocrx_word' id='word_1_776' title='bbox 969 5426 1129 5479; x_wconf 90' lang='lat' dir='ltr'><strong>lectio</strong></span> <span class='ocrx_word' id='word_1_777' title='bbox 1163 5424 1374 5495; x_wconf 87' lang='lat' dir='ltr'><strong>planior</strong></span> <span class='ocrx_word' id='word_1_778' title='bbox 1403 5424 1563 5498; x_wconf 82' lang='lat' dir='ltr'><strong>atque</strong></span> <span class='ocrx_word' id='word_1_779' title='bbox 1601 5424 1954 5483; x_wconf 75' lang='lat' dir='ltr'><strong>commodior</strong></span> <span class='ocrx_word' id='word_1_780' title='bbox 1998 5430 2077 5483; x_wconf 88' lang='lat' dir='ltr'><strong>al-</strong></span> 
     </span>
    </p>
   </div>
   <div class='ocr_carea' id='block_1_102' title="bbox 509 5493 1674 5549">
    <p class='ocr_par' dir='ltr' id='par_1_102' title="bbox 509 5493 1674 5549">
     <span class='ocr_line' id='line_1_102' title="bbox 509 5493 1674 5549; baseline -0.001 -2"><span class='ocrx_word' id='word_1_781' title='bbox 509 5504 623 5549; x_wconf 84' lang='lat' dir='ltr'><strong>tera</strong></span> <span class='ocrx_word' id='word_1_782' title='bbox 664 5493 929 5546; x_wconf 87' lang='lat' dir='ltr'><strong>videatur.</strong></span> <span class='ocrx_word' id='word_1_783' title='bbox 1163 5493 1178 5495; x_wconf 65' lang='grc'><strong><em>“</em></strong></span> <span class='ocrx_word' id='word_1_784' title='bbox 1476 5493 1491 5498; x_wconf 79' lang='grc'><em>’</em></span> <span class='ocrx_word' id='word_1_785' title='bbox 1666 5524 1674 5530; x_wconf 68' lang='grc' dir='ltr'><strong><em>ι</em></strong></span> 
     </span>
    </p>
   </div>
   <div class='ocr_carea' id='block_1_103' title="bbox 577 5562 1438 5631">
    <p class='ocr_par' dir='ltr' id='par_1_103' title="bbox 577 5562 1438 5631">
     <span class='ocr_line' id='line_1_103' title="bbox 577 5562 1438 5631; baseline 0.006 -15"><span class='ocrx_word' id='word_1_786' title='bbox 577 5562 688 5631; x_wconf 71' lang='lat'><strong>(29.)</strong></span> <span class='ocrx_word' id='word_1_787' title='bbox 719 5563 797 5616; x_wconf 83' lang='lat' dir='ltr'><strong>Ita</strong></span> <span class='ocrx_word' id='word_1_788' title='bbox 830 5579 1009 5628; x_wconf 79' lang='lat' dir='ltr'><strong>corr.;</strong></span> <span class='ocrx_word' id='word_1_789' title='bbox 1040 5571 1219 5627; x_wconf 70' lang='lat' dir='ltr'><strong>antea,</strong></span> <span class='ocrx_word' id='word_1_790' title='bbox 1250 5565 1301 5617; x_wconf 91' lang='grc' dir='ltr'><strong>τί</strong></span> <span class='ocrx_word' id='word_1_791' title='bbox 1326 5563 1438 5622; x_wconf 65' lang='grc' dir='ltr'>οἷν.</span> 
     </span>
    </p>
   </div>
   <div class='ocr_carea' id='block_1_104' title="bbox 598 5633 1273 5703">
    <p class='ocr_par' dir='ltr' id='par_1_104' title="bbox 598 5633 1273 5703">
     <span class='ocr_line' id='line_1_104' title="bbox 598 5633 1273 5703; baseline 0.003 -18"><span class='ocrx_word' id='word_1_792' title='bbox 598 5633 690 5701; x_wconf 70' lang='grc'><strong>25)</strong></span> <span class='ocrx_word' id='word_1_793' title='bbox 725 5633 881 5688; x_wconf 89' lang='lat' dir='ltr'><strong>Corr.</strong></span> <span class='ocrx_word' id='word_1_794' title='bbox 920 5633 1273 5703; x_wconf 72' lang='grc' dir='ltr'>ζωοποιῆσαι.</span> 
     </span>
    </p>
   </div>
   <div class='ocr_carea' id='block_1_105' title="bbox 599 5703 1442 5771">
    <p class='ocr_par' dir='ltr' id='par_1_105' title="bbox 599 5703 1442 5771">
     <span class='ocr_line' id='line_1_105' title="bbox 599 5703 1442 5771; baseline 0.002 -13"><span class='ocrx_word' id='word_1_795' title='bbox 599 5703 690 5771; x_wconf 64' lang='lat'><strong>24)</strong></span> <span class='ocrx_word' id='word_1_796' title='bbox 721 5706 798 5759; x_wconf 85' lang='lat' dir='ltr'><strong>Ita</strong></span> <span class='ocrx_word' id='word_1_797' title='bbox 828 5720 1004 5767; x_wconf 85' lang='lat' dir='ltr'><strong>corr.;</strong></span> <span class='ocrx_word' id='word_1_798' title='bbox 1037 5714 1193 5758; x_wconf 79' lang='lat' dir='ltr'><strong>antea</strong></span> <span class='ocrx_word' id='word_1_799' title='bbox 1220 5708 1442 5761; x_wconf 77' lang='grc' dir='ltr'>ἐκεῖνον.</span> 
     </span>
    </p>
   </div>
   <div class='ocr_carea' id='block_1_106' title="bbox 604 5775 1252 5845">
    <p class='ocr_par' dir='ltr' id='par_1_106' title="bbox 604 5775 1252 5845">
     <span class='ocr_line' id='line_1_106' title="bbox 604 5775 1252 5845; baseline 0.002 -17"><span class='ocrx_word' id='word_1_800' title='bbox 721 5776 876 5845; x_wconf 64' lang='lat' dir='ltr'><strong>(Sorr.</strong></span> <span class='ocrx_word' id='word_1_801' title='bbox 907 5776 1000 5845; x_wconf 78' lang='grc' dir='ltr'>καὶ</span> <span class='ocrx_word' id='word_1_802' title='bbox 1034 5775 1252 5845; x_wconf 83' lang='grc' dir='ltr'>ἀνέστη.</span> 
     </span>
    </p>
   </div>
   <div class='ocr_carea' id='block_1_107' title="bbox 604 5843 1293 5916">
    <p class='ocr_par' dir='ltr' id='par_1_107' title="bbox 604 5843 1293 5916">
     <span class='ocr_line' id='line_1_107' title="bbox 604 5843 1293 5916; baseline 0.004 -21"><span class='ocrx_word' id='word_1_803' title='bbox 604 5843 695 5916; x_wconf 76' lang='grc'>26)</span> <span class='ocrx_word' id='word_1_804' title='bbox 724 5844 879 5900; x_wconf 89' lang='lat' dir='ltr'><strong>Corr.</strong></span> <span class='ocrx_word' id='word_1_805' title='bbox 902 5844 995 5911; x_wconf 72' lang='grc' dir='ltr'>καὶ</span> <span class='ocrx_word' id='word_1_806' title='bbox 1028 5843 1293 5911; x_wconf 75' lang='grc' dir='ltr'>ἐξουσίαν.</span> 
     </span>
    </p>
   </div>
   <div class='ocr_carea' id='block_1_108' title="bbox 1096 4890 2141 4964">
    <p class='ocr_par' dir='ltr' id='par_1_108' title="bbox 1096 4890 2141 4964">
     <span class='ocr_line' id='line_1_108' title="bbox 1096 4890 2141 4964; baseline 0.007 -19"><span class='ocrx_word' id='word_1_807' title='bbox 1096 4890 1141 4923; x_wconf 80' lang='grc'><strong>⁸⁵</strong></span> <span class='ocrx_word' id='word_1_808' title='bbox 1172 4892 1191 4945; x_wconf 86' lang='grc'><strong>1</strong></span> <span class='ocrx_word' id='word_1_809' title='bbox 1220 4891 1458 4949; x_wconf 86' lang='lat' dir='ltr'><strong>Timotli.</strong></span> <span class='ocrx_word' id='word_1_810' title='bbox 1492 4912 1552 4960; x_wconf 85' lang='lat' dir='ltr'><strong>It,</strong></span> <span class='ocrx_word' id='word_1_811' title='bbox 1579 4896 1633 4951; x_wconf 75' lang='grc'><strong>4.</strong></span> <span class='ocrx_word' id='word_1_812' title='bbox 1710 4897 1755 4927; x_wconf 75' lang='grc'><strong>³⁸</strong></span> <span class='ocrx_word' id='word_1_813' title='bbox 1781 4895 1936 4951; x_wconf 84' lang='lat' dir='ltr'><strong>Joan.</strong></span> <span class='ocrx_word' id='word_1_814' title='bbox 1967 4914 2020 4964; x_wconf 84' lang='lat' dir='ltr'><strong>x,</strong></span> <span class='ocrx_word' id='word_1_815' title='bbox 2056 4897 2141 4952; x_wconf 86' lang='lat' dir='ltr'><strong>l8.</strong></span> 
     </span>
    </p>
   </div>
   <div class='ocr_carea' id='block_1_109' title="bbox 2256 5075 3755 5148">
    <p class='ocr_par' dir='ltr' id='par_1_109' title="bbox 2256 5075 3755 5148">
     <span class='ocr_line' id='line_1_109' title="bbox 2256 5075 3755 5148; baseline 0 -17"><span class='ocrx_word' id='word_1_816' title='bbox 2256 5078 2367 5148; x_wconf 70' lang='lat'><strong>(27)</strong></span> <span class='ocrx_word' id='word_1_817' title='bbox 2400 5076 2465 5133; x_wconf 86' lang='lat' dir='ltr'><strong>Et</strong></span> <span class='ocrx_word' id='word_1_818' title='bbox 2491 5079 2594 5132; x_wconf 90' lang='lat' dir='ltr'><strong>ista</strong></span> <span class='ocrx_word' id='word_1_819' title='bbox 2618 5077 2847 5148; x_wconf 86' lang='lat' dir='ltr'><strong>Nysseni</strong></span> <span class='ocrx_word' id='word_1_820' title='bbox 2877 5078 3042 5133; x_wconf 88' lang='lat' dir='ltr'><strong>verba</strong></span> <span class='ocrx_word' id='word_1_821' title='bbox 3071 5093 3247 5146; x_wconf 89' lang='lat' dir='ltr'><strong>usque</strong></span> <span class='ocrx_word' id='word_1_822' title='bbox 3296 5078 3361 5131; x_wconf 88' lang='lat' dir='ltr'><strong>ad</strong></span> <span class='ocrx_word' id='word_1_823' title='bbox 3401 5077 3559 5148; x_wconf 84' lang='lat' dir='ltr'><strong>ﬁnem</strong></span> <span class='ocrx_word' id='word_1_824' title='bbox 3586 5075 3755 5145; x_wconf 78' lang='lat' dir='ltr'><strong>hujus</strong></span> 
     </span>
    </p>
   </div>
   <div class='ocr_carea' id='block_1_110' title="bbox 2183 5146 3754 5218">
    <p class='ocr_par' dir='ltr' id='par_1_110' title="bbox 2183 5146 3754 5218">
     <span class='ocr_line' id='line_1_110' title="bbox 2183 5146 3754 5218; baseline -0.001 -16"><span class='ocrx_word' id='word_1_825' title='bbox 2183 5146 2397 5218; x_wconf 84' lang='lat' dir='ltr'><strong>capitis,</strong></span> <span class='ocrx_word' id='word_1_826' title='bbox 2426 5146 2704 5203; x_wconf 81' lang='lat' dir='ltr'><strong>nonnullis</strong></span> <span class='ocrx_word' id='word_1_827' title='bbox 2732 5151 2958 5204; x_wconf 86' lang='lat' dir='ltr'><strong>resectis</strong></span> <span class='ocrx_word' id='word_1_828' title='bbox 2979 5149 3062 5203; x_wconf 85' lang='lat' dir='ltr'><strong>vel</strong></span> <span class='ocrx_word' id='word_1_829' title='bbox 3086 5146 3616 5214; x_wconf 74' lang='lat' dir='ltr'><strong>mutatis,Panopliaz</strong></span> <span class='ocrx_word' id='word_1_830' title='bbox 3638 5164 3754 5202; x_wconf 83' lang='lat' dir='ltr'><strong>su:e</strong></span> 
     </span>
    </p>
   </div>
   <div class='ocr_carea' id='block_1_111' title="bbox 2184 5218 3757 5289">
    <p class='ocr_par' dir='ltr' id='par_1_111' title="bbox 2184 5218 3757 5289">
     <span class='ocr_line' id='line_1_111' title="bbox 2184 5218 3757 5289; baseline -0.002 -17"><span class='ocrx_word' id='word_1_831' title='bbox 2184 5221 2415 5274; x_wconf 86' lang='lat' dir='ltr'><strong>inseruit</strong></span> <span class='ocrx_word' id='word_1_832' title='bbox 2442 5219 2769 5289; x_wconf 86' lang='lat' dir='ltr'><strong>Euthymius</strong></span> <span class='ocrx_word' id='word_1_833' title='bbox 2814 5219 3123 5289; x_wconf 82' lang='lat' dir='ltr'><strong>Zigabenus</strong></span> <span class='ocrx_word' id='word_1_834' title='bbox 3158 5220 3277 5271; x_wconf 86' lang='lat' dir='ltr'><strong>loco</strong></span> <span class='ocrx_word' id='word_1_835' title='bbox 3304 5219 3561 5288; x_wconf 90' lang='lat' dir='ltr'><strong>superius</strong></span> <span class='ocrx_word' id='word_1_836' title='bbox 3612 5218 3757 5270; x_wconf 86' lang='lat' dir='ltr'><strong>indi-</strong></span> 
     </span>
    </p>
   </div>
   <div class='ocr_carea' id='block_1_112' title="bbox 2184 5289 3751 5359">
    <p class='ocr_par' dir='ltr' id='par_1_112' title="bbox 2184 5289 3751 5359">
     <span class='ocr_line' id='line_1_112' title="bbox 2184 5289 3751 5359; baseline -0.003 -17"><span class='ocrx_word' id='word_1_837' title='bbox 2184 5299 2309 5359; x_wconf 68' lang='lat' dir='ltr'><strong>cato</strong></span> <span class='ocrx_word' id='word_1_838' title='bbox 2349 5305 2469 5359; x_wconf 83' lang='lat' dir='ltr'><strong>pag.</strong></span> <span class='ocrx_word' id='word_1_839' title='bbox 2514 5292 2637 5354; x_wconf 74' lang='grc'><strong>527,</strong></span> <span class='ocrx_word' id='word_1_840' title='bbox 2676 5306 2820 5343; x_wconf 89' lang='lat' dir='ltr'><strong>vers.</strong></span> <span class='ocrx_word' id='word_1_841' title='bbox 2874 5290 2961 5359; x_wconf 9' lang='lat' dir='ltr'><strong>Ab,</strong></span> <span class='ocrx_word' id='word_1_842' title='bbox 2991 5291 3109 5343; x_wconf 83' lang='lat' dir='ltr'><strong>istis</strong></span> <span class='ocrx_word' id='word_1_843' title='bbox 3152 5305 3294 5357; x_wconf 87' lang='lat' dir='ltr'><strong>ergo.</strong></span> <span class='ocrx_word' id='word_1_844' title='bbox 3321 5292 3376 5342; x_wconf 93' lang='lat' dir='ltr'><strong>In</strong></span> <span class='ocrx_word' id='word_1_845' title='bbox 3409 5289 3532 5359; x_wconf 88' lang='lat' dir='ltr'><strong>cod.</strong></span> <span class='ocrx_word' id='word_1_846' title='bbox 3570 5296 3751 5359; x_wconf 83' lang='lat' dir='ltr'><strong>autem</strong></span> 
     </span>
    </p>
   </div>
   <div class='ocr_carea' id='block_1_113' title="bbox 2186 5355 3762 5430">
    <p class='ocr_par' dir='ltr' id='par_1_113' title="bbox 2186 5355 3762 5430">
     <span class='ocr_line' id='line_1_113' title="bbox 2186 5355 3762 5430; baseline -0.002 -20"><span class='ocrx_word' id='word_1_847' title='bbox 2186 5358 2308 5412; x_wconf 86' lang='lat' dir='ltr'><strong>Vat.</strong></span> <span class='ocrx_word' id='word_1_848' title='bbox 2345 5355 2564 5429; x_wconf 73' lang='lat' dir='ltr'><strong>legitur,</strong></span> <span class='ocrx_word' id='word_1_849' title='bbox 2608 5358 3033 5430; x_wconf 77' lang='grc' dir='ltr'>ποίανψυχικὴν,</span> <span class='ocrx_word' id='word_1_850' title='bbox 3063 5355 3305 5426; x_wconf 81' lang='grc' dir='ltr'>λογικὴν,</span> <span class='ocrx_word' id='word_1_851' title='bbox 3356 5359 3389 5429; x_wconf 87' lang='grc' dir='ltr'>ἦ</span> <span class='ocrx_word' id='word_1_852' title='bbox 3436 5358 3627 5426; x_wconf 69' lang='grc' dir='ltr'>ἄλογον</span> <span class='ocrx_word' id='word_1_853' title='bbox 3652 5355 3762 5430; x_wconf 73' lang='grc' dir='ltr'>ςεῖ</span> 
     </span>
    </p>
   </div>
   <div class='ocr_carea' id='block_1_114' title="bbox 2182 5428 3754 5501">
    <p class='ocr_par' dir='ltr' id='par_1_114' title="bbox 2182 5428 3754 5501">
     <span class='ocr_line' id='line_1_114' title="bbox 2182 5428 3754 5501; baseline -0.001 -20"><span class='ocrx_word' id='word_1_854' title='bbox 2182 5445 2301 5491; x_wconf 86' lang='grc' dir='ltr'><strong>πως</strong></span> <span class='ocrx_word' id='word_1_855' title='bbox 2336 5428 2463 5499; x_wconf 83' lang='grc' dir='ltr'>μίαν</span> <span class='ocrx_word' id='word_1_856' title='bbox 2494 5432 2628 5501; x_wconf 83' lang='grc' dir='ltr'>πρὸς</span> <span class='ocrx_word' id='word_1_857' title='bbox 2649 5428 2799 5493; x_wconf 85' lang='grc' dir='ltr'>τούς,</span> <span class='ocrx_word' id='word_1_858' title='bbox 2831 5428 2935 5484; x_wconf 86' lang='lat' dir='ltr'><strong>etc.</strong></span> <span class='ocrx_word' id='word_1_859' title='bbox 2956 5428 3124 5501; x_wconf 15' lang='lat' dir='ltr'><strong>iCorr.</strong></span> <span class='ocrx_word' id='word_1_860' title='bbox 3158 5428 3430 5497; x_wconf 81' lang='lat' dir='ltr'><strong>postrema</strong></span> <span class='ocrx_word' id='word_1_861' title='bbox 3453 5432 3565 5501; x_wconf 65' lang='lat' dir='ltr'><strong>haec</strong></span> <span class='ocrx_word' id='word_1_862' title='bbox 3589 5428 3754 5501; x_wconf 74' lang='lat' dir='ltr'><strong>verba</strong></span> 
     </span>
    </p>
   </div>
   <div class='ocr_carea' id='block_1_115' title="bbox 2183 5497 3756 5567">
    <p class='ocr_par' dir='ltr' id='par_1_115' title="bbox 2183 5497 3756 5567">
     <span class='ocr_line' id='line_1_115' title="bbox 2183 5497 3756 5567; baseline -0.003 -15"><span class='ocrx_word' id='word_1_863' title='bbox 2183 5497 2676 5554; x_wconf 53' lang='lat' dir='ltr'><strong>emcn&#39;danda&#39;esse</strong></span> <span class='ocrx_word' id='word_1_864' title='bbox 2708 5502 2925 5554; x_wconf 89' lang='lat' dir='ltr'><strong>censuit</strong></span> <span class='ocrx_word' id='word_1_865' title='bbox 2954 5500 3055 5553; x_wconf 91' lang='lat' dir='ltr'><strong>hoc</strong></span> <span class='ocrx_word' id='word_1_866' title='bbox 3086 5510 3265 5566; x_wconf 84' lang='lat' dir='ltr'><strong>pacto.</strong></span> <span class='ocrx_word' id='word_1_867' title='bbox 3289 5501 3498 5567; x_wconf 80' lang='grc' dir='ltr'>είποιμι</span> <span class='ocrx_word' id='word_1_868' title='bbox 3527 5500 3592 5551; x_wconf 87' lang='grc' dir='ltr'>ἂν</span> <span class='ocrx_word' id='word_1_869' title='bbox 3618 5497 3756 5566; x_wconf 61' lang='grc' dir='ltr'>πρὸς</span> 
     </span>
    </p>
   </div>
   <div class='ocr_carea' id='block_1_116' title="bbox 2185 5566 3753 5644">
    <p class='ocr_par' dir='ltr' id='par_1_116' title="bbox 2185 5566 3753 5644">
     <span class='ocr_line' id='line_1_116' title="bbox 2185 5566 3753 5644; baseline -0.002 -23"><span class='ocrx_word' id='word_1_870' title='bbox 2185 5566 2332 5631; x_wconf 84' lang='grc' dir='ltr'>τούς,</span> <span class='ocrx_word' id='word_1_871' title='bbox 2386 5586 2547 5638; x_wconf 90' lang='lat' dir='ltr'><strong>quam</strong></span> <span class='ocrx_word' id='word_1_872' title='bbox 2599 5571 2886 5644; x_wconf 79' lang='lat' dir='ltr'><strong>lectionem</strong></span> <span class='ocrx_word' id='word_1_873' title='bbox 2931 5570 3177 5644; x_wconf 82' lang='lat' dir='ltr'><strong>sequitur</strong></span> <span class='ocrx_word' id='word_1_874' title='bbox 3207 5570 3379 5644; x_wconf 38' lang='lat' dir='ltr'><strong>etiam.</strong></span> <span class='ocrx_word' id='word_1_875' title='bbox 3409 5566 3753 5644; x_wconf 43' lang='lat' dir='ltr'><strong>Euthymius,</strong></span> 
     </span>
    </p>
   </div>
   <div class='ocr_carea' id='block_1_117' title="bbox 2188 5636 3759 5710">
    <p class='ocr_par' dir='ltr' id='par_1_117' title="bbox 2188 5636 3759 5710">
     <span class='ocr_line' id='line_1_117' title="bbox 2188 5636 3759 5710; baseline -0.001 -19"><span class='ocrx_word' id='word_1_876' title='bbox 2188 5636 2540 5710; x_wconf 67' lang='lat' dir='ltr'><strong>acpracterea</strong></span> <span class='ocrx_word' id='word_1_877' title='bbox 2565 5656 2661 5705; x_wconf 85' lang='lat' dir='ltr'><strong>pro</strong></span> <span class='ocrx_word' id='word_1_878' title='bbox 2692 5640 2948 5710; x_wconf 75' lang='grc' dir='ltr'>ψυχικήν,</span> <span class='ocrx_word' id='word_1_879' title='bbox 2973 5636 3134 5694; x_wconf 79' lang='lat' dir='ltr'><strong>habet</strong></span> <span class='ocrx_word' id='word_1_880' title='bbox 3164 5648 3313 5710; x_wconf 82' lang='lat' dir='ltr'><strong>recte</strong></span> <span class='ocrx_word' id='word_1_881' title='bbox 3354 5636 3759 5710; x_wconf 42' lang='lat' dir='ltr'><strong>«luxﬁv.&quot;Le-,:it</strong></span> 
     </span>
    </p>
   </div>
   <div class='ocr_carea' id='block_1_118' title="bbox 2188 5706 3759 5782">
    <p class='ocr_par' dir='ltr' id='par_1_118' title="bbox 2188 5706 3759 5782">
     <span class='ocr_line' id='line_1_118' title="bbox 2188 5706 3759 5782; baseline 0 -23"><span class='ocrx_word' id='word_1_882' title='bbox 2188 5706 2332 5782; x_wconf 74' lang='lat' dir='ltr'><strong>enim</strong></span> <span class='ocrx_word' id='word_1_883' title='bbox 2362 5710 2522 5782; x_wconf 7' lang='grc' dir='ltr'>,ποίαν</span> <span class='ocrx_word' id='word_1_884' title='bbox 2551 5706 2727 5781; x_wconf 72' lang='grc' dir='ltr'>ψυχὴν</span> <span class='ocrx_word' id='word_1_885' title='bbox 2762 5706 2944 5780; x_wconf 64' lang='grc' dir='ltr'>λέγετε</span> <span class='ocrx_word' id='word_1_886' title='bbox 2978 5712 3119 5781; x_wconf 74' lang='grc' dir='ltr'>ἔχειν</span> <span class='ocrx_word' id='word_1_887' title='bbox 3166 5707 3259 5761; x_wconf 84' lang='grc' dir='ltr'><strong>τὸν</strong></span> <span class='ocrx_word' id='word_1_888' title='bbox 3297 5706 3500 5782; x_wconf 82' lang='grc' dir='ltr'>Κύριον</span> <span class='ocrx_word' id='word_1_889' title='bbox 3547 5706 3759 5775; x_wconf 74' lang='grc' dir='ltr'>εἴποιμι</span> 
     </span>
    </p>
   </div>
   <div class='ocr_carea' id='block_1_119' title="bbox 2190 5778 3671 5849">
    <p class='ocr_par' dir='ltr' id='par_1_119' title="bbox 2190 5778 3671 5849">
     <span class='ocr_line' id='line_1_119' title="bbox 2190 5778 3671 5849; baseline 0.011 -20"><span class='ocrx_word' id='word_1_890' title='bbox 2190 5778 2255 5830; x_wconf 81' lang='grc' dir='ltr'>ἂν</span> <span class='ocrx_word' id='word_1_891' title='bbox 2280 5781 2411 5849; x_wconf 72' lang='grc' dir='ltr'>πρὸς</span> <span class='ocrx_word' id='word_1_892' title='bbox 2434 5780 2577 5847; x_wconf 83' lang='grc' dir='ltr'>τούς,</span> <span class='ocrx_word' id='word_1_893' title='bbox 2606 5778 2711 5837; x_wconf 79' lang='lat' dir='ltr'><strong>etc.</strong></span> <span class='ocrx_word' id='word_1_894' title='bbox 2834 5778 2842 5780; x_wconf 20' lang='lat' dir='ltr'>V</span> <span class='ocrx_word' id='word_1_895' title='bbox 3008 5778 3038 5781; x_wconf 33' lang='lat' dir='ltr'>ﬂ</span> <span class='ocrx_word' id='word_1_896' title='bbox 3387 5778 3399 5782; x_wconf 38' lang='grc'>⁷</span> <span class='ocrx_word' id='word_1_897' title='bbox 3666 5798 3671 5803; x_wconf 84' lang='grc'><strong>’</strong></span> 
     </span>
    </p>
   </div>
  </div>
