4120 6394
347 411 480 469 “39

1510 408 1882 467 ADVERSUS
1919 406 2430 464 APOLLINAREM.

3455 403 3598 462 “90

412 530 599 585 Ταῦτα
627 530 794 584 εἰπὼν
836 531 935 584 ὅσα
978 529 1106 601 περ).
1147 527 1242 583 τοῦ
1282 529 1480 584 κόκκου
1509 532 1642 601 φησὶ
1665 530 1758 584 τοῦ
1790 532 1921 583 ἀπο-

2094 526 2263 582 ΧΧἈ.
2304 526 2475 582 Porro
2511 541 2575 581 ea
2614 541 2735 597 qua:
2780 525 2847 580 de
2895 540 3067 595 grano
3118 523 3271 589 dicit,
3300 523 3446 594 quod
3480 538 3594 578 πηοσ-

346 624 669 694 θνήσκοντος
714 624 809 677 καὶ
846 622 1015 687 οὕτως
1066 625 1204 695 μετὰ
1253 624 1510 676 πλειόνων
1548 623 1762 676 κόκκων
1794 623 1926 675 ἀνα-

346 715 751 778 ϐλαστάνοντος,
785 715 970 785 ἐπειδὴ
1000 715 1136 785 πρὸς
1173 715 1330 786 ἡμῶν
1373 717 1486 767 ἐστι
1532 714 1624 767 καὶ
1658 715 1750 769 τὸν
1787 713 1926 784 ἡμέ-

344 824 501 878 τερον
528 807 732 875 βεϐαιοί
759 806 936 875 λόγον,
972 805 1112 860 ἑκὼν
1158 806 1558 879 ὑπερϐήσομαι.
1601 804 1697 867 Τίς
1742 804 1853 874 γὰρ
1899 806 1928 858 6

350 902 704 973 ἀποθνήσκων
748 902 966 967 κόκκος,
1014 900 1111 952 καὶ
1161 899 1239 967 τῷ
1286 899 1398 969 ἰδίῳ
1440 899 1539 967 τῆς
1580 897 1929 960 ἀναστάσεως

350 998 541 1065 στάχυϊ
570 995 803 1065 σωρείαν
844 995 1060 1047 κόκκων
1096 995 1152 1045 ἐν
1201 992 1380 1061 ἐαυτῷ
1425 991 1782 1061 συνεγείρων;
1814 991 1927 1043 Οὐκ

348 1083 500 1157 οἶμαί
532 1105 652 1141 τινα
679 1086 928 1140 τοσοῦτον
955 1084 1062 1139 τῶν
1096 1084 1252 1136 θείων
1281 1082 1565 1152 δογμάτων
1592 1079 1730 1135 εἶναι
1757 1081 1930 1152 ἀμύη-

348 1196 460 1244 τον,
484 1179 559 1242 ὡς
596 1179 669 1248 μὴ
718 1178 845 1248 περ).
882 1177 973 1230 τὸν
1017 1177 1301 1246 ἄνθρωπον
1342 1175 1403 1227 τὸ
1433 1174 1573 1227 κατά
1602 1173 1774 1236 πάθος
1806 1173 1928 1243 βλέ-

351 1288 475 1323 πειν
517 1269 627 1339 (28)
681 1268 996 1339 μυστήριον.
1045 1265 1337 1330 Ἀπόδειξις
1380 1264 1435 1317 δὲ
1485 1262 1578 1317 τοῦ
1643 1263 1800 1331 λόγου
1844 1262 1926 1327 τὸ,

351 1363 445 1417 καὶ
484 1362 632 1431 ἡμᾶς
666 1358 1122 1428 συναποθνήσκειν
1169 1357 1337 1427 αὐτῷ,
1381 1356 1475 1409 καὶ
1508 1353 1925 1417 συνθάπτεσθαι,

351 1454 444 1507 καὶ
477 1450 900 1521 συνεγείρεσθαι.
949 1447 1090 1519 Πρὸς
1128 1447 1237 1517 γὰρ
1277 1446 1336 1499 τὸ
1377 1446 1633 1517 ὁμογενὲς
1665 1445 1819 1517 ῥᾳδία
1845 1444 1932 1513 γί-

351 1562 500 1598 νεται
527 1545 636 1606 τοῖς
676 1540 1017 1611 βουλομένοις
1046 1541 1077 1608 ἡ
1112 1538 1339 1608 μίμησις
1360 1554 1373 1568 ·
1408 1538 1500 1590 τοῦ
1533 1538 1589 1591 δὲ
1619 1536 1929 1609 ὑπερϐεϐη-

352 1636 506 1698 κότος
540 1636 573 1704 ὴ
602 1634 857 1704 ὁμοίωσις
885 1631 1112 1700 ἄπορος’
1144 1629 1281 1682 ὥστε
1325 1630 1371 1682 εἰ
1420 1629 1513 1699 μὲν
1542 1629 1677 1697 σάρξ
1717 1629 1862 1679 ἐστιν
1893 1628 1925 1697 ἡ

353 1722 632 1774 ὑποστᾶσα
660 1720 749 1771 τὸν
780 1719 1024 1781 θάνατον,
1054 1716 1146 1769 καὶ
1178 1718 1325 1787 ἡμᾶς
1350 1719 1475 1780 τοὺς
1508 1720 1564 1770 ὲν
1605 1717 1767 1786 σαρκ)⁵
1796 1716 1931 1779 ζῶν-

353 1829 469 1875 τας,
499 1808 858 1880 εὐκολώτερον
896 1809 960 1861 ἂν
999 1808 1082 1875 εἴη
1127 1806 1466 1878 μιμήσασθαι
1493 1807 1569 1877 τῷ
1598 1808 1810 1876 θανάτῳ
1838 1807 1930 1859 τὸν

355 1903 600 1957 θάνατον.
633 1902 694 1955 Εἰ
732 1901 788 1954 δὲ
819 1900 1007 1971 θεότης
1041 1900 1288 1971 τέθνηκε,
1320 1900 1436 1962 πῶς
1467 1897 1926 1968 συντεθνηξόμεθα
1956 1886 1997 1939 Β

353 1995 402 2045 οἱ
435 1994 490 2045 ὲν
523 1991 705 2061 σαρκὶ,
733 1992 797 2059 τῇ
833 1989 1080 2059 θεότητι;
1112 1988 1281 2058 Σαρκ)⁹
1312 1988 1447 2058 σὰρξ
1474 1986 1924 2057 συναποθνήσκει,

355 2085 450 2137 καὶ
482 2083 868 2152 συνεγείρεται.
896 2080 1155 2151 Θεότητος
1175 2081 1233 2133 δὲ
1258 2078 1415 2133 τοῦτο
1434 2078 1724 2149 παθούσης,
1748 2078 1928 2141 καθὼς

368 2174 734 2244 ’Λπολινάριος
789 2172 1069 2242 βούλεται,
1127 2172 1290 2235 ἄλλας
1347 2171 1603 2241 θεότητας
1654 2172 1927 2239 ἐπιζητεῖν

358 2270 643 2339 προσήκει,
692 2267 749 2319 αἶ
803 2264 1244 2335 συντεθνήξονται
1306 2264 1400 2316 καὶ
1442 2265 1929 2333 συναναστήσονται

354 2363 421 2431 τῇ
460 2360 689 2429 θεότητι·
737 2356 850 2423 (29)
882 2355 1069 2425 ὥσπερ
1110 2354 1217 2424 γὰρ
1256 2354 1489 2423 Χριστὸς
1543 2354 1776 2407 ἀπέθανε
1836 2354 1929 2406 καὶ

357 2454 577 2522 ἀνέστη,
632 2449 801 2511 οὕτως
846 2448 939 2501 καὶ
994 2448 1175 2514 ἡμεῖς,
1222 2446 1384 2516 φησὶν
1432 2446 1460 2496 6
1496 2444 1828 2507 Ἀπόστολος.
1865 2443 1929 2497 Τί

355 2546 506 2607 ὄντες
539 2545 697 2614 ἡμεῖς
732 2540 871 2594 κατά
906 2540 1000 2611 τὴν
1035 2538 1241 2591 ἑαυτῶν
1274 2537 1467 2606 φύσιν;
1516 2536 1633 2589 θεία
1680 2535 1926 2606 δύναμις,

357 2637 391 2707 ἢ
426 2633 565 2705 αἷμα
579 2635 671 2687 καὶ
693 2632 847 2703 σὰρξ,
871 2629 1049 2693 καθώς
1082 2630 1294 2699 φησινὴ
1318 2628 1504 2699 Γραφή
1542 2628 1684 2698 (50);
1711 2626 1803 2679 Διὸ
1843 2644 1931 2679 κε-

360 2728 683 2797 κοινώνηκεν
716 2726 865 2794 ἡμῖν,
901 2721 1055 2793 ἡμῶν
1085 2720 1291 2784 ἕνεκεν,
1325 2719 1523 2789 σαρκός
1556 2720 1648 2772 κα).
1682 2718 1926 2787 αἵματος,

358 2824 386 2875 ὁ
410 2820 474 2872 δι’
506 2819 650 2889 ἡμᾶς
680 2814 799 2868 καθ’
829 2814 977 2883 ἡμᾶς
1015 2811 1321 2879 γενόμενος.
1352 2809 1558 2861 Οὐκοῦν
1602 2808 1739 2876 ὅπερ
1772 2809 1933 2877 ἡμεῖς

361 2917 525 2984 ἐσμεν
563 2910 681 2964 κατ’
710 2906 912 2968 οὐσίαν,
947 2905 1041 2957 καὶ
1077 2904 1105 2955 6
1154 2903 1291 2973 ὑπὲρ
1329 2901 1484 2973 ἡμῶν
1531 2898 1815 2953 ἀποθανὼν
1843 2893 1930 2968 ἦν,

360 3000 424 3060 οὗ
465 3006 746 3076 πρόκειται
778 3002 889 3062 τοῖς
933 2996 1246 3067 ὁμογενέσιν
1276 2998 1309 3065 ἡ
1350 2994 1598 3064 μίμησις.
1643 2991 1934 3055 Ἀπόδειξις

358 3098 417 3151 δὲ
444 3096 545 3166 τῆς
574 3093 821 3154 ἀσεϐείας
848 3089 941 3143 τοῦ
983 3088 1140 3156 λόγου
1172 3086 1262 3139 τοῦ
1297 3085 1491 3155 θνητὴν
1526 3082 1935 3145 ἀποδεικνύντος

1051 3182 1069 3207 ι

2024 619 2213 674 rieudo
2253 620 2324 673 ita
2378 618 2594 673 demum
2630 632 2755 671 cum
2796 619 2881 671 sui
2917 616 3369 685 multiplicatione
3414 616 3595 684 repul-

2025 711 2159 765 lulat
2190 711 2257 771 ⁸⁷,
2287 709 2726 780 quandoquidem
2754 725 2855 780 pro
2894 709 3052 763 nobis
3088 708 3294 762 faciunt
3324 716 3596 763 nostram-

2024 818 2130 872 que
2194 802 2411 855 ﬁrmant
2463 803 2814 864 sententiam,
2864 800 3061 855 lubens
3117 807 3399 869 praetereo.
3454 800 3591 865 Quid

2024 897 2168 951 enim
2208 902 2293 950 est
2355 895 2598 949 moriens
2651 908 2908 962 granum,
2962 902 3017 947 et
3058 906 3156 946 sua
3207 906 3314 960 qua
3356 892 3596 961 resurgit

2028 988 2178 1057 Spica
2231 1002 2485 1041 acervum
2538 999 2833 1053 granorum
2874 984 2928 1036 in
2976 982 3162 1052 seipso
3224 982 3387 1037 simul
3421 982 3596 1036 susci-

2024 1078 2182 1131 tans?
2209 1076 2326 1131 Non
2367 1078 2604 1131 arbitror
2635 1076 2941 1145 quempiam
2984 1089 3156 1145 usque
3182 1075 3315 1129 adeo
3348 1074 3595 1145 ignarum

2026 1170 2336 1225 divinorum
2380 1170 2693 1240 dogmatum
2736 1183 2881 1229 esse,
2917 1176 2976 1220 ut
3019 1168 3071 1221 in
3104 1167 3443 1220 humanitate
3471 1181 3599 1235 pas-

2028 1265 2201 1319 sionis
2246 1263 2565 1333 mysterium
2611 1261 2968 1331 adimpletum
3012 1260 3183 1315 fuisse
3231 1274 3340 1313 uon
3392 1259 3595 1315 videat.

2027 1354 2200 1423 Hujus
2251 1363 2432 1409 autem
2478 1354 2799 1409 assertiouis
2840 1354 3043 1408 veritas
3091 1353 3218 1407 inde
3269 1351 3595 1417 ostenditur,

2028 1447 2173 1518 quod
2197 1463 2296 1502 nos
2320 1446 2747 1500 commoriamur
2765 1460 2889 1499 cum
2914 1446 3058 1515 ipso,
3094 1452 3147 1499 et
3163 1444 3598 1513 consepeliamur

2027 1550 2081 1595 et
2119 1540 2279 1595 simul
2309 1553 2675 1607 resurgamus.
2696 1536 2829 1590 Nam
2861 1552 2923 1591 ea
2955 1552 3075 1606 qua:
3108 1535 3352 1604 ejusdem
3384 1534 3599 1603 generis

2031 1641 2179 1693 sunt,
2232 1631 2389 1685 facile
2431 1642 2514 1685 est
2551 1631 2859 1685 volentibus
2896 1629 3131 1694 imitari;
3181 1630 3250 1684 iis
3298 1643 3429 1682 vero
3478 1642 3600 1697 quae

2032 1724 2193 1792 longe
2224 1727 2663 1793 supereminent,
2702 1722 2793 1775 vix
2823 1736 2886 1776 ac
2916 1737 2984 1775 ne
3014 1722 3100 1775 vix
3130 1720 3347 1790 quidem
3378 1735 3441 1773 ea
3478 1734 3600 1789 quae

2032 1814 2306 1869 inferioris
2354 1821 2484 1868 sunt
2524 1822 2731 1867 naturae
2773 1812 3065 1867 assimilari
3096 1819 3345 1880 possunt.
3392 1808 3599 1875 Quam-

2030 1904 2215 1959 obrem
2260 1904 2307 1959 si
2352 1918 2482 1958 caro
2542 1910 2626 1958 est
2678 1917 2798 1972 quae
2835 1912 3062 1956 mortem
3107 1900 3388 1963 sustinuit,
3438 1900 3598 1954 nobis

2029 1997 2193 2051 etiam
2240 1995 2332 2065 qui
2377 1996 2432 2049 in
2478 2010 2645 2050 carne
2687 1995 2943 2057 vivimus,
2999 1992 3214 2048 facilius
3261 1993 3449 2061 utique
3493 1991 3599 2045 erit

2030 2094 2203 2141 morte
2254 2097 2481 2141 mortem
2519 2087 2744 2141 imitari.
2784 2084 2879 2140 Sin
2917 2101 3046 2140 vero
3091 2085 3352 2139 divinitas
3386 2091 3598 2138 mortua

2029 2190 2133 2238 est.
2190 2181 2464 2249 quomodo
2500 2180 2931 2234 commoricmur
2961 2179 3237 2233 divinitati
3280 2182 3374 2248 qui
3414 2177 3599 2232 carnci

2030 2270 2259 2324 smnus?
2290 2270 2432 2323 Caro
2470 2284 2574 2323 una
2619 2285 2740 2323 cmn
2777 2285 2941 2324 carne
2969 2269 3218 2335 moritur,
3248 2276 3303 2323 et
3333 2283 3441 2322 una
3474 2283 3598 2322 cum

2030 2376 2195 2414 carne
2247 2361 2506 2431 resurgit.
2541 2361 2596 2415 Si
2648 2371 2825 2414 autem
2856 2360 3137 2425 divinitas,
3180 2368 3236 2413 ut
3270 2361 3601 2429 Apollinaris

2029 2452 2164 2514 vult,
2192 2452 2243 2504 id
2276 2468 2436 2521 passa
2463 2452 2555 2515 sit,
2580 2453 2712 2506 alias
2742 2451 3345 2520 divinitatesinquirere
3366 2460 3602 2520 Oportet,

2031 2557 2154 2611 quas
2209 2558 2317 2596 una
2367 2559 2491 2597 cum
2537 2544 2823 2597 divinitate
2850 2546 3160 2597 moriantur
3189 2551 3244 2596 et
3280 2551 3600 2613 resurgant:

2032 2648 2157 2686 nam
2201 2635 2344 2689 sicut
2368 2635 2623 2689 Christus
2665 2643 2914 2690 mortuus
2951 2644 3028 2689 est
3067 2643 3122 2689 et
3167 2636 3486 2697 resurrexit,
3521 2634 3604 2690 sic

2032 2731 2086 2777 et
2133 2739 2255 2787 nos,
2302 2725 2483 2793 inquit
2522 2725 2819 2795 Apostolus
2868 2725 2933 2779 ⁸⁸.
2978 2723 3120 2791 Quid
3161 2740 3262 2779 nos
3298 2724 3602 2779 secundum

2033 2820 2285 2867 naturam
2342 2824 2585 2870 nostram
2637 2816 2871 2870 smnus?
2921 2816 3184 2869 Divinane
3224 2817 3489 2885 potentia,
3534 2831 3605 2870 an

2035 2906 2258 2974 sanguis
2289 2914 2343 2959 et
2370 2921 2519 2969 caro,
2570 2917 2627 2961 ut
2671 2905 2953 2977 Scriptura
3007 2907 3179 2961 dicit?
3240 2907 3605 2972 Quamobrem

2034 2998 2455 3051 communicavit
2478 2997 2657 3061 nobis,
2688 2999 2859 3051 nostri
2888 3013 3076 3061 causa,
3107 3014 3273 3051 carne
3302 3006 3354 3052 et
3386 2998 3611 3067 sangui-

2036 3102 2130 3149 ne,
2185 3089 2277 3157 qui
2304 3099 2522 3159 propter
2551 3106 2650 3145 nos
2696 3090 2890 3146 similis
2921 3090 3080 3144 nobis
3112 3091 3287 3145 factus
3322 3100 3423 3145 est.
3453 3090 3608 3156 Quod

359 3190 456 3259 τὴν
490 3188 736 3257 θεότητα,
768 3182 898 3236 αὐτὸ
934 3181 994 3234 τὸ
1049 3182 1105 3231 ὲν
1135 3182 1265 3249 ἡμῖν
1295 3180 1476 3240 αὐτοῖς
1502 3178 1802 3246 γινόμενον.
1847 3177 1934 3229 Ἐν

2037 3196 2166 3251 ergo
2195 3198 2296 3236 nos
2326 3198 2517 3237 sumus
2540 3182 2847 3238 secundum
2872 3182 3192 3247 essentiam,
3216 3184 3267 3237 id
3300 3186 3463 3239 etiam
3494 3194 3611 3240 erat

361 3280 468 3351 γὰρ
493 3277 570 3349 τῷ
592 3274 755 3345 κοινῷ
782 3274 890 3326 τῶν
922 3270 1223 3342 ἀνθρώπων
1255 3269 1466 3338 θανάτῳ
1515 3269 1568 3322 τί
1608 3269 1671 3321 τὸ
1703 3267 1939 3337 ἀποθνῆ-

363 3370 490 3423 σκόν
518 3371 652 3433 ἐστι,
688 3366 780 3420 καὶ
812 3364 1200 3435 φθειρόμενονς
1230 3362 1364 3431 Οὐχὶ
1409 3361 1543 3432 σὰρξ
1592 3362 1687 3431 μὲν
1728 3363 1808 3424 εἰς
1838 3360 1938 3431 τὴν

363 3461 466 3531 γῆν
494 3458 801 3522 ἀναλύεται,
832 3458 860 3509 6
891 3456 948 3509 δὲ
977 3455 1100 3517 νοῦς
1132 3456 1197 3523 τῇ
1229 3452 1371 3522 ψυχῇ
1399 3451 1723 3522 παραμένει,
1753 3450 1861 3503 οὐδ’
1880 3452 1938 3503 ἐν

362 3558 430 3625 τῇ
470 3547 921 3624 μεταστάσειτοῦ
969 3547 1215 3611 σώματος
1268 3544 1405 3614 πρὸς
1432 3543 1491 3595 τὸ
1537 3538 1672 3596 εἶναι
1706 3542 1933 3611 βλαπτόσ

369 3661 525 3714 μενος
551 3659 565 3708 ;
596 3642 903 3711 Τεκμήριον
934 3636 991 3689 δὲ
1039 3637 1121 3689 ὅτι
1164 3634 1434 3705 μέμνηται
1474 3632 1583 3685 τῶν
1611 3632 1749 3702 ὑπὲρ
1777 3631 1880 3702 γῆς
1913 3632 1941 3683 6

366 3732 635 3794 πλούσιος,
691 3729 785 3782 καὶ
831 3728 998 3780 δεῖται
1044 3724 1137 3776 τοῦ
1178 3721 1427 3791 Ἀϐραὰμ
1476 3721 1604 3792 περὶ
1646 3719 1756 3773 τῶν
1802 3720 1942 3773 κατὰ

365 3824 519 3893 γένος
550 3822 660 3890 (51)
694 3817 1050 3887 συνημμένων
1087 3813 1255 3884 αὐτῷ.
1298 3814 1467 3866 Τοῦτο
1505 3812 1562 3865 δὲ
1613 3813 1712 3865 οὐκ
1756 3813 1821 3867 ἄν
1858 3829 1944 3875 τις

365 3915 549 3978 ἀνοίας
597 3914 758 3973 εἴποι,
808 3910 887 3973 τὸ,
944 3907 1131 3977 ἐπειδὴ
1175 3905 1236 3958 τὸ
1298 3904 1419 3958 καθ’
1472 3904 1661 3957 ἑαυτὸν
1705 3905 1944 3972 ἄφυκτον

368 4009 545 4078 ἔγνω,
588 4004 843 4076 πρόνοιάν
891 4018 1012 4054 τινα
1061 4000 1169 4052 τῶν
1225 3996 1545 4067 ἐπιτηδείων
1595 3997 1940 4068 ποιήσασθαι.

368 4100 431 4152 Et
458 4098 634 4150 τοίνυν
668 4096 697 4146 6
722 4093 987 4165 ἡμέτερος
1014 4089 1135 4153 νοῦς
1159 4088 1400 4159 διαμένει
1430 4089 1524 4142 καὶ
1553 4087 1688 4157 μετὰ
1719 4088 1944 4141 θάνατον

369 4189 585 4257 ἀπαθής
633 4203 693 4239 τε
743 4184 836 4240 καὶ
869 4182 1236 4245 ἀναλλοίωτος,
1274 4180 1391 4244 πῶς
1432 4180 1578 4243 εἰκὸς
1621 4181 1711 4233 τὸν
1754 4197 1945 4251 τριτη-

374 4282 558 4351 μόριον
605 4280 807 4333 ἐκεῖνον
842 4275 936 4328 τοῦ
980 4273 1351 4343 Ἀπολιναρίου
1394 4273 1525 4325 Θεὸν
1569 4274 1657 4325 τὸν
1693 4272 1944 4343 σαρκώδη

372 4372 597 4425 θάνατον
643 4370 928 4439 ὑπομεῖναι
971 4366 1119 4436 (52);
1166 4364 1289 4428 Πῶς
1344 4364 1679 4418 ἀποθανόντα
1720 4362 1856 4434 {(55)
1910 4364 1942 4434 ἢ

370 4463 493 4513 τίνα
533 4459 732 4529 τρόπον
779 4454 1065 4527 παθόντα],
1110 4454 1207 4526 τὴν
1254 4454 1345 4507 τοῦ
1396 4453 1625 4506 θανάτου
1670 4453 1943 4517 διάλυσιν;

2043 3275 2089 3328 is
2118 3275 2209 3344 qui
2252 3290 2349 3343 pro
2388 3275 2547 3329 nobis
2583 3283 2833 3329 mortuus
2862 3282 2964 3340 est,
2993 3275 3152 3342 cujus
3184 3276 3415 3329 imitatio
3452 3278 3611 3331 nobis

2041 3365 2132 3434 qui
2186 3365 2432 3433 ejusdem
2479 3381 2541 3419 ac
2597 3366 2714 3435 ipse
2759 3367 2972 3435 generis
3007 3381 3219 3429 smnus,
3269 3369 3608 3437 proponitur,

2042 3454 2212 3510 Porro
2255 3456 2591 3526 impietatem
2648 3457 2927 3525 opinionis
2983 3472 3103 3526 quae
3156 3458 3440 3511 mortalem
3492 3473 3615 3514 esse

2044 3547 2385 3601 divinitatem
2418 3549 2635 3612 asserit,
2665 3548 2718 3600 id
2744 3548 2891 3617 quod
2918 3549 3077 3603 nobis
3109 3549 3242 3618 ipsis
3274 3565 3373 3603 usu
3411 3551 3613 3614 evenit,

2045 3641 2191 3693 clare
2244 3640 2603 3693 demonstrat.
2654 3637 2795 3704 Quid
2844 3640 2991 3693 enim
3046 3648 3130 3694 est
3169 3640 3310 3694 illud
3363 3642 3507 3709 quod
3560 3642 3615 3695 in

2047 3732 2327 3783 communi
2378 3730 2659 3783 hominum
2711 3738 2885 3783 morte
2930 3729 3130 3783 occidit
3169 3739 3333 3799 atque
3372 3745 3614 3785 carrum-

2047 3824 2236 3893 pitur?
2288 3822 2479 3877 Nonne
2541 3838 2673 3876 caro
2706 3823 2923 3892 quidem
2974 3825 3026 3877 in
3055 3834 3254 3877 terram
3287 3827 3614 3893 resolvitur;

2048 3929 2201 3967 mens
2241 3921 2421 3967 autem
2455 3928 2578 3965 cum
2615 3913 2798 3966 anima
2843 3921 3143 3981 permanet,
3182 3928 3358 3982 neque
3402 3915 3455 3967 in
3487 3929 3615 3968 cor-

2047 4004 2197 4072 poris
2230 4002 2614 4066 dissolutione,
2644 4007 2906 4071 quantum
2932 4002 2997 4055 ad
3029 4002 3325 4056 essentiam
3360 4004 3616 4072 pertinet,

2049 4093 2308 4154 laeditur?
2350 4092 2490 4147 Huic
2529 4101 2710 4147 autem
2759 4093 2839 4148 rei
2882 4100 3201 4162 argumento
3241 4103 3324 4148 est
3354 4094 3497 4164 quod
3526 4109 3619 4149 eo-

2046 4201 2167 4240 rum
2198 4185 2292 4256 qui
2320 4184 2499 4239 adhuc
2531 4186 2583 4239 in
2617 4185 2777 4240 terris
2804 4186 3094 4241 exstabant
3123 4186 3277 4241 dives
3304 4186 3395 4240 ille
3427 4187 3618 4240 memi-

2048 4279 2149 4341 nit,
2181 4286 2547 4347 precaturque
2579 4276 2852 4330 Abraham
2895 4292 2994 4345 pro
3025 4277 3111 4331 his
3141 4278 3235 4347 qui
3284 4278 3386 4332 sibi
3420 4293 3619 4347 genere

2049 4369 2328 4438 conjuncti
2368 4376 2546 4423 erant.
2589 4366 2840 4423 Profecto
2881 4369 3132 4423 amentiae
3163 4384 3321 4421 nemo
3351 4370 3620 4437 ascripse-

2050 4462 2123 4514 rit
2168 4460 2313 4529 quod
2367 4460 2606 4529 aliquam
2638 4460 3070 4529 propinquorum
3102 4469 3154 4514 et
3181 4460 3619 4513 necessariorum

372 4552 561 4604 Οὐδενὶ
588 4549 695 4620 γάρ
730 4548 839 4601 τῶν
885 4548 1100 4601 πάντων
1143 4545 1205 4598 τὸ
1248 4544 1483 4597 τοιοῦτον
1531 4544 1823 4612 ἄγνωστον,
1865 4544 1935 4596 ὅτι

2052 4566 2240 4605 curam
2282 4560 2453 4620 gerat,
2501 4560 2783 4620 postquam
2815 4551 2882 4605 de
2914 4552 3079 4606 rebus
3124 4552 3241 4605 suis
3290 4558 3469 4603 actum
3500 4566 3622 4607 esse

373 4643 598 4706 θάνατός
648 4643 763 4694 ἐστι
816 4640 992 4710 ψυχῆς
1049 4638 1143 4691 καὶ
1180 4636 1430 4709 σώματος
1473 4639 1506 4707 ἡ
1564 4638 1659 4690 ἀπ’
1706 4637 1946 4708 ἀλλήλων

372 4734 658 4800 διάζευξις,
687 4732 823 4803 αὐτὴ
861 4731 916 4785 δὲ
960 4733 993 4800 ή
1028 4729 1194 4801 ψυχὴ,
1226 4731 1320 4783 κα)⁸
1364 4731 1397 4799 ἡ
1440 4729 1648 4783 διάνοια
1692 4731 1810 4794 πῶς
1853 4730 1945 4799 ἀφ’

373 4825 571 4895 ἑαυτῆς
604 4823 903 4895 μερίζεται,
940 4823 1025 4875 ἵνα
1058 4822 1151 4874 καὶ
1181 4819 1319 4890 αὐτὴ
1344 4820 1456 4890 (54)
1489 4819 1579 4873 τὸν
1611 4820 1835 4872 θάνατον
1863 4820 1949 4873 δὲ-

376 4916 571 4987 limat;
611 4914 675 4967 Εἰ
699 4910 793 4968 οὖν
823 4913 1171 4976 ἀνεπίδεκτος
1205 4913 1238 4981 ἡ
1267 4911 1509 4982 ἡμετέρα
1549 4911 1695 4982 ψυχὴ
1732 4911 1825 4964 τοῦ
1855 4911 1949 4965 θα-

373 5008 557 5069 νάτου,
580 5005 697 5068 πῶς
720 5005 932 5075 δέχεται
954 5002 1203 5066 θάνατον,
1236 5000 1546 5054 εἰπάτωσαν
1570 5002 1619 5054 οἱ
1648 5003 1726 5065 εἰς
1757 5005 1951 5073 μοῖραν

373 5100 463 5152 τὸν
486 5099 714 5170 Χριστὸν
737 5096 1177 5169 κερματίζοντες.

2052 4643 2327 4713 cognovit.
2376 4641 2429 4696 Si
2481 4643 2642 4713 igitur
2684 4658 2839 4697 mens
2889 4650 3072 4697 nostra
3130 4642 3268 4697 citra
3327 4641 3620 4696 detrimen-

2056 4746 2172 4789 tum
2199 4736 2389 4797 ullum,
2422 4744 2517 4788 aut
2562 4735 2943 4800 mutationem,
2976 4741 3099 4804 post
3142 4742 3372 4787 mortem
3406 4748 3623 4801 quoque

2055 4832 2353 4897 permanet,
2404 4826 2677 4894 quomodo
2703 4835 3129 4880 consentaneum
3173 4832 3256 4879 est
3290 4824 3621 4893 tripartitum

2054 4917 2209 4969 illum
2243 4915 2573 4986 Apollinaris
2605 4914 2772 4970 Deum
2808 4916 2992 4970 carnis
3026 4923 3251 4968 mortem
3295 4911 3623 4983 oppetiisse?

2052 5008 2302 5074 Quonam
2345 5018 2506 5079 pacto
2551 5016 2800 5063 mortuus
2844 5015 2950 5070 est,
3002 5008 3088 5062 vel
3129 5022 3191 5060 ex
3230 5013 3405 5059 morte
3437 5005 3619 5059 disso-

2056 5099 2315 5152 lutionem
2349 5110 2434 5155 est
2463 5100 2695 5169 passus?
2726 5098 3005 5153 Neminem
3033 5098 3175 5152 enim
3213 5114 3440 5166 prorsus
3465 5098 3619 5157 latet,

376 5201 603 5245 mortem
659 5205 783 5245 esse
835 5197 1076 5243 mutuam
1120 5188 1317 5242 anima;
1372 5194 1428 5244 et
1494 5186 1743 5257 corporis
1808 5189 2243 5257 separationem;
2295 5193 2411 5261 ipsa
2466 5200 2647 5246 autem
2696 5192 2879 5245 anima
2925 5198 2979 5246 et
3025 5207 3200 5253 meus,
3265 5190 3540 5261 quomodo
3591 5206 3622 5244 a

446 5350 489 5381 ⁸⁷
519 5348 675 5403 Joan.
701 5345 909 5413 xn,24.
986 5344 1032 5377 ⁸⁸
1066 5342 1237 5399 lCor.
1277 5359 1375 5408 xv;
1420 5341 1442 5396 Ι
1473 5341 1666 5397 Thess.
1704 5358 1778 5405 Iv,
1807 5341 1890 5397 H.

450 5506 732 5571 (9.8)Corr.
758 5506 820 5557 τὸ
860 5504 1078 5558 κατὰτὸ
1110 5504 1279 5566 πάθος
1328 5500 1563 5571 βλέπειν,
1606 5509 1766 5553 antea
1810 5506 1949 5561 erat,

376 5577 437 5631 τὸ
469 5577 607 5627 κατὰ
661 5577 827 5638 πάθος
858 5576 1061 5641 βλέπει.

450 5646 563 5710 (“2.9)
586 5643 647 5697 Et
680 5648 825 5699 hunc
858 5638 1056 5698 locum
1094 5659 1268 5712 usque
1291 5639 1356 5694 ad
1394 5640 1553 5694 linem
1605 5638 1771 5705 huius
1804 5638 1956 5704 capi-

378 5719 472 5780 tis,

380 5802 501 5858 pag:
534 5786 654 5858 ἓξὲξ),
690 5786 741 5837 iu
767 5789 889 5858 line.

452 5847 565 5919 ξ’δο)
603 5856 784 5909 Secuti
829 5871 1020 5910 sumus
1053 5869 1194 5910 corr.
1243 5850 1701 5919 emendationem,
1753 5847 1952 5919 liutliy-

558 5716 843 5768 uibusdam
895 5725 1076 5769 tamen
1124 5711 1370 5775 resectis,
1424 5712 1745 5778 Eutliymius
1797 5711 1961 5760 I'cl‘ett

2061 5498 2172 5569 mio
2195 5511 2412 5569 quoque
2445 5497 2726 5564 probatam
2749 5513 2771 5569 :7
2796 5511 2917 5549 nam
2950 5498 3003 5550 in
3033 5503 3182 5550 textu
3215 5506 3300 5551 est
3318 5499 3620 5569 ἐπιγραφή.

2132 5568 2245 5637 (51)
2271 5568 2426 5621 Curr.
2458 5569 2599 5619 κατὰ
2624 5569 2683 5618 τὸ
2713 5568 2887 5634 γένος.

2133 5639 2247 5703 (5‘2)
2282 5637 2439 5690 (lorr.
2475 5637 2894 5705 θάνατοναύτὸν
2928 5637 3234 5705 ὑπομεῖναι.

2133 5709 2243 5776 (δῆ)
2280 5705 2672 5761 Verbaunciu's
2710 5704 2914 5758 inclusa
2946 5704 3086 5759 corr.
3112 5707 3381 5776 suppevit,
3419 5725 3433 5738 ·

2133 5779 2242 5849 (54)
2273 5778 2425 5832 Corr.
2462 5781 2554 5829 καὶ
2590 5793 2643 5826 εν
2675 5778 2830 5844 αὐτῇ.
