4120 6394
522 393 654 448 H9!

1769 388 1827 442 S.
1870 386 2193 443 GRECORII
2217 386 2506 442 NYSSENI

3634 384 3768 439 “9?.

516 506 808 575 semetipsa
859 504 1214 574 disiungitur,
1272 511 1331 556 ut
1377 511 1430 557 et
1481 502 1598 572 ipsa
1649 509 1881 556 mortem
1948 500 2255 569 suscipiat?
2328 500 2385 554 Si
2442 501 2607 570 igitur
2677 502 2857 555 anima
2921 510 3110 558 nostra
3164 500 3355 555 mortis
3405 513 3577 569 capax
3658 515 3765 553 non

516 610 620 663 est,
671 595 947 667 quomodo
994 604 1229 650 mortem
1280 594 1524 663 recipere
1573 595 1767 664 possit,
1825 593 2012 648 dicant
2048 590 2127 644 illi
2165 591 2257 660 qui
2313 591 2592 646 Christum
2630 592 2685 647 in
2723 594 2905 662 plures
2960 592 3239 647 dissecant
3293 597 3498 660 partes.

586 690 779 745 XXXI.
816 689 917 743 Sed
960 688 1263 751 turbantur,
1297 687 1494 755 inquit,
1555 684 1847 754 inﬁdelium
1880 693 2083 754 pertur-

2262 682 2374 751 (55;
2423 684 2597 739 Ἀλλὰ
2642 684 3064 752 ταράσσονται,
3116 683 3265 753 φησὶ,
3313 681 3428 749 τὴν
3482 678 3599 734 τῶν
3636 680 3777 733 dxi-

515 782 745 835 batione.
784 781 1063 834 Adversus
1092 795 1193 832 nos
1223 776 1572 829 contumeliis
1618 777 1810 838 utitur,
1838 775 2089 830 turbatos

512 874 761 929 infideles
796 888 900 927 nos
930 886 1133 926 vocans
1163 871 1255 940 qui
1292 871 1599 939 evangelica
1631 869 1723 922 illa
1756 868 1918 922 verba
1949 867 2086 922 citra

513 981 745 1021 examen
790 963 1117 1033 accipimus,
1155 960 1214 1015 Si
1240 961 1487 1029 possibile
1515 970 1613 1024 est,
1667 966 1901 1013 transeat
1947 975 1981 1011 a
2006 973 2088 1011 me

512 1058 657 1111 calix
686 1059 784 1111 iste
812 1073 831 1120 ;
860 1066 1219 1110 verumtamen
1255 1072 1358 1107 non
1381 1070 1519 1118 mea,
1556 1053 1646 1106 sed
1706 1062 1797 1105 tua
1844 1051 2085 1105 voluntas

512 1151 608 1216 [iat
644 1148 710 1199 ⁸³.
747 1145 842 1199 His
871 1156 1052 1199 autem
1096 1160 1194 1197 sua
1220 1144 1441 1214 propria
1476 1143 1723 1212 adjungit
1752 1142 1936 1206 verba,
1965 1157 2087 1211 qua:

510 1240 585 1292 ita
621 1254 680 1293 se
708 1238 913 1291 habent
942 1254 955 1289 :
995 1235 1060 1288 Et
1091 1252 1192 1289 non
1223 1234 1590 1300 recordamur,
1640 1235 1735 1295 ait,
1765 1234 2086 1289 voluntatem

512 1331 647 1383 hanc
673 1346 794 1392 non,
825 1330 959 1382 sicut
983 1328 1084 1394 ipsi
1112 1335 1321 1395 putant,
1346 1328 1536 1381 terreni
1558 1326 1784 1379 hominis
1814 1327 2085 1395 propriam

510 1423 708 1474 dictam
732 1421 922 1490 fuisse,
960 1417 1051 1473 sed
1084 1420 1201 1483 Dei,
1229 1420 1318 1489 qui
1343 1419 1407 1474 de
1433 1418 1560 1473 coelo
1589 1416 1877 1472 descendit.
1920 1418 2085 1483 Quis-

508 1530 632 1569 nam
665 1515 768 1568 tale
796 1520 1167 1567 commentum
1200 1526 1438 1581 unquam
1463 1511 1724 1581 protulit?
1744 1509 1860 1564 Non
1889 1509 2084 1566 horum

508 1608 745 1676 aliquem
772 1605 898 1659 dico
939 1604 1032 1673 qui
1094 1605 1164 1657 ob
1196 1603 1443 1658 haeresim
1479 1602 1719 1657 damnati
1762 1602 1935 1665 fuere,
1988 1602 2084 1658 sed

508 1714 610 1752 nec
640 1699 816 1768 ipsutn
851 1695 1112 1750 falsitatis
1136 1704 1299 1766 atque
1343 1694 1611 1748 mendacii
1644 1702 1853 1763 patrem
1877 1694 2084 1765 aliquid

507 1791 825 1845 atlinvcnire
871 1803 1034 1858 posse
1081 1788 1340 1851 arbitror,
1400 1785 1543 1855 quod
1607 1786 1932 1841 atrociorem
1972 1786 2081 1851 bis,

505 1900 627 1954 qua:
656 1881 990 1952 Apollinaris
1022 1880 1246 1949 protulit
1286 1878 1679 1947 blasphemiam
1708 1894 1819 1949 pra}
1841 1894 1901 1934 se
1921 1878 2079 1933 ferat.

2187 788 2349 827 στων
2377 774 2666 843 ταραχήν.
2703 775 2839 828 Καθ’
2861 774 3017 845 ἡμῶν
3055 774 3252 845 χρῆται
3280 776 3345 844 τῇ
3384 772 3639 842 λοιδορίᾳ,
3669 789 3766 823 τα-

2190 866 2555 936 ρασσομένους
2599 868 2694 920 καὶ
2734 867 2993 929 ἀπίστους
3035 864 3321 919 ἀποκαλῶν
3353 864 3479 927 τούς
3510 866 3577 935 τῇ
3603 862 3766 930 εὐαγ-

2185 960 2375 1031 γελικῇ
2405 963 2556 1031 φωνῇ
2604 960 2972 1025 ἀνεξετάστως
3002 960 3388 1031 προσέχοντας,
3415 959 3449 1029 ἦ
3480 973 3663 1026 φησιν,
3699 960 3769 1014 El

2186 1052 2464 1113 δυνατὸν,
2493 1054 2832 1129 παρελθέτω
2862 1053 2926 1106 τὸ
2952 1054 3238 1120 ποτήριον
3259 1050 3433 1105 τοῦτο
3459 1049 3560 1103 ἀπ’
3586 1048 3754 1117 ἐμοῦ·

2185 1145 2354 1212 πλὴν
2394 1144 2480 1213 μὴ
2528 1144 2593 1198 τὸ
2643 1144 2816 1213 ἐμὸν,
2872 1144 3033 1199 ἀλλὰ
3085 1143 3151 1196 τὸ
3205 1142 3322 1196 σὸν
3361 1141 3623 1210 γενέσθω
3673 1133 3769 1193 66-

2183 1242 2363 1306 λημα.
2396 1236 2615 1301 Τούτοις
2647 1236 2704 1289 δὲ
2733 1234 3052 1307 προστίθησι
3074 1235 3173 1305 τὴν
3205 1233 3338 1287 ἰδίαν
3368 1231 3510 1298 λέξιν
3540 1230 3767 1301 ἔχουσαν

2184 1329 2357 1393 οὕτως
2374 1347 2387 1361 ο
2408 1330 2516 1383 Καὶ
2538 1330 2609 1383 οὐ
2625 1328 3093 1398 μνημονεύουσι,
3130 1326 3313 1395 φησὶν,
3336 1324 3425 1378 ὅτι
3450 1323 3515 1376 τὸ
3540 1326 3767 1391 θέλημα

2183 1422 2359 1477 τοῦτο
2397 1422 2552 1475 ἴδιον
2590 1421 2818 1490 εἴρηται
2862 1422 2974 1473 οὐκ
3018 1419 3329 1485 ἀνθρώπου
3369 1416 3476 1471 τοῦ
3514 1415 3583 1469 ἐκ
3632 1413 3763 1485 γῆς,

2184 1513 2378 1581 καθὼς
2432 1514 2600 1568 αὐτοὶ
2654 1510 3015 1581 νομίζουσιν,
3068 1510 3230 1566 ἀλλὰ
3287 1509 3394 1564 τοῦ
3454 1509 3601 1563 Θεοῦ
3656 1507 3764 1562 τοῦ

2185 1604 2550 1671 καταϐάντος
2578 1604 2648 1669 ἐξ
2673 1603 2952 1672 οὐρανοῦ.
2987 1604 3052 1657 Τί
3084 1604 3150 1657 ὃν
3180 1602 3389 1674 ἐξεύροι
3416 1620 3499 1667 τις
3527 1599 3764 1655 τοιοῦτον

2182 1700 2356 1751 εἰπεῖν
2383 1714 2397 1762 ;
2426 1698 2500 1750 Οὐ
2538 1696 2679 1766 λέγω
2723 1697 2925 1750 τούτων
2962 1696 3084 1749 τινὰ
3121 1696 3228 1749 τῶν
3267 1696 3358 1749 ἐπὶ
3395 1695 3602 1764 αἱρέσει
3630 1712 3763 1748 κατ-

2182 1789 2538 1858 εγνωσμένων
2559 1806 2573 1820 ·
2610 1788 2724 1842 ἀλλ’
2755 1788 2863 1863 οὐδ’
2892 1789 3053 1843 αὐτὸν
3098 1784 3253 1860 οἶμαι
3296 1789 3385 1841 τὸν
3417 1787 3669 1851 ἀσεϐείας
3702 1804 3761 1839 τε

2184 1884 2279 1936 καὶ
2304 1882 2396 1935 τοῦ
2429 1882 2658 1952 ψεύδους
2684 1882 2897 1953 πατέρα
2924 1883 3102 1953 εὑρεῖν
3132 1898 3184 1934 τι
3220 1881 3328 1933 τῶν
3357 1878 3659 1951 εἰρημένων
3684 1878 3760 1940 είς

507 1978 764 2037 Putasne,
793 1988 914 2043 quae
964 1972 1206 2041 loquitur
1250 1981 1500 2026 nostrum
1547 1988 1609 2027 ea
1649 1973 1971 2042 scriptorem
2002 1974 2083 2026 in-

2188 1974 2535 2045 βλασφημίαν
2580 1974 2894 2045 δεινότερον.
2924 1968 2992 2027 *Α
3006 1991 3071 2043 ρα
3104 1969 3241 2026 οἶδεν
3282 1975 3311 2025 ό
3351 1970 3681 2041 λογογράφος
3726 1969 3761 2023 ἃ

505 2068 751 2139 tclligere
770 2066 792 2120 ?
811 2066 972 2129 Deus,
1001 2066 1093 2134 qui
1135 2080 1165 2119 e
1187 2065 1328 2119 cmlo
1360 2064 1660 2125 descendit,
1684 2066 1958 2134 propriam
1995 2063 2078 2118 di-

505 2160 755 2215 vinitatis
800 2159 1136 2213 voluntatem
1196 2156 1623 2220 circumscribit,
1682 2163 1736 2209 et
1802 2170 1913 2210 non
1964 2156 2081 2209 vult

503 2252 663 2315 ellici,
695 2251 841 2321 quod
889 2250 978 2303 illa
1030 2249 1162 2302 vult.
1193 2246 1333 2318 Ergo
1386 2248 1617 2302 diversae
1660 2254 1787 2300 sunt
1820 2246 2000 2301 Patris
2026 2253 2081 2301 et

503 2342 626 2398 Filii
658 2344 993 2396 voluntates.
1021 2338 1309 2405 Quomodo
1359 2353 1491 2408 ergo
1539 2339 1642 2392 erit
1679 2338 1989 2394 communis
2023 2338 2080 2392 in

502 2446 737 2502 utroque
792 2433 1088 2486 voluntas?
1126 2429 1247 2497 Quo
1310 2439 1469 2501 pacto
1503 2430 1749 2486 eamdem
1812 2444 1934 2485 esse
1980 2444 2082 2483 na-

510 2538 692 2583 turam
757 2542 824 2581 ex
899 2526 1240 2578 voluntatum
1323 2522 1644 2576 diversitate
1708 2519 2079 2576 demonstrari

504 2619 745 2691 poterit?
800 2616 1037 2670 Necesse
1108 2615 1252 2670 enim
1321 2629 1549 2683 prorsus
1610 2621 1695 2668 est
1742 2613 2076 2667 voluntatem

504 2725 817 2782 congruere
875 2716 1125 2768 naturae,
1181 2706 1326 2761 sicut
1378 2706 1577 2760 alicubi
1650 2705 1911 2759 Dominus
1978 2706 2077 2771 ait,

507 2803 627 2859 Non
692 2811 864 2871 potest
922 2801 1081 2853 arbor
1116 2799 1249 2853 bona
1302 2799 1472 2853 malos
1504 2799 1731 2867 ﬂuctus,
1768 2815 1931 2869 neque
1983 2816 2080 2851 ar-

502 2898 597 2950 bor
644 2895 787 2948 mala
842 2894 1000 2947 bonos
1052 2891 1255 2961 fructus
1312 2891 1576 2959 facere”.
1632 2889 1850 2943 Natura:
1897 2900 2077 2945 autem

502 2985 716 3040 fructus
737 2993 821 3038 est
864 2981 1164 3036 voluntatis
1190 2980 1550 3049 propositum,
1576 2979 1651 3032 ita
1684 2987 1744 3032 ut
1777 2979 1930 3034 bona:
1952 2979 2079 3048 qui-

498 3079 620 3131 dem
682 3076 905 3137 bonttm,
966 3074 1120 3125 mala:
1171 3087 1299 3125 vero
1365 3073 1438 3126 sit
1500 3070 1726 3126 malum.
1783 3069 1840 3124 Si
1896 3071 2080 3140 itaque

498 3171 748 3224 diversus
794 3167 848 3220 in
885 3167 1042 3219 Patre
1089 3174 1143 3218 et
1196 3162 1339 3217 Filio
1378 3162 1675 3217 voluntatis
1716 3172 1798 3216 est
1842 3161 2076 3226 fructus,

499 3259 817 3316 necessario
840 3258 1113 3311 diversam
1150 3272 1275 3311 esse
1334 3254 1622 3324 utriusque
1665 3261 1916 3308 naturam
1948 3271 2081 3309 con-

2186 2066 2480 2134 φθέγγεται
2504 2082 2518 2130 ;
2552 2065 2608 2117 '0
2634 2066 2767 2129 Θεὸς
2791 2064 2848 2130 ἐξ
2875 2063 3101 2135 οὐρανοῦ
3133 2061 3376 2126 καταϐὰς
3408 2062 3467 2115 τὸ
3512 2061 3639 2114 ἴδιον
3665 2059 3760 2125 τῆς

2187 2158 2439 2229 θεότητος
2473 2158 2682 2230 θέλημα
2712 2158 3163 2232 παραγράφεται,
3194 2158 3287 2211 καί⁸
3316 2158 3376 2210 οὐ
3414 2156 3657 2227 βούλεται
3684 2157 3760 2216 εἰς

2185 2251 2345 2320 ἔργον
2380 2250 2574 2314 ἐλθεῖν,
2606 2253 2742 2322 ὅπερ
2770 2251 3036 2320 βούλεται.
3068 2250 3277 2304 Οὐκοῦν
3322 2248 3645 2320 μεμέρισται
3667 2246 3757 2298 τοῦ

2186 2342 2317 2396 Υίοῦ
2360 2342 2570 2397 καὶτοῦ
2601 2346 2815 2416 Πατρὸς
2853 2345 2922 2398 τὰ
2953 2344 3250 2415 θελήματα.
3280 2344 3387 2397 Καὶ
3428 2341 3542 2404 πῶς
3580 2340 3648 2394 ἂν
3678 2338 3761 2408 εἴη

2186 2436 2362 2490 κοινὸν
2389 2437 2473 2487 ἐπ’
2502 2437 2825 2508 ἀμφοτέρων
2872 2437 2933 2491 τὸ
2971 2436 3215 2505 θέλημα;
3250 2433 3375 2497 Πῶς
3412 2433 3455 2486 δ’
3499 2433 3564 2486 ἂν
3601 2432 3635 2503 ἡ
3668 2430 3764 2500 τῆς

2186 2528 2401 2597 φύσεως
2442 2529 2704 2600 ταυτότης
2750 2533 2816 2601 τῇ
2854 2530 3085 2601 διαφορᾷ
3130 2530 3237 2583 τῶν
3288 2528 3607 2598 θελημάτων
3663 2529 3762 2597 ἑμ-

2185 2621 2458 2689 φαίνοιτο;
2522 2622 2759 2692 Ἀνάγκη
2812 2621 2922 2693 γὰρ
2982 2623 3132 2675 πᾶσα
3177 2620 3467 2691 σύνδρομον
3519 2616 3655 2674 εἷναι
3697 2623 3761 2689 τῇ

2186 2711 2345 2782 φύσει
2369 2713 2467 2783 τὴν
2500 2711 2771 2783 βούλησιν,
2812 2712 2992 2776 καθώς
3030 2712 3161 2785 φησί
3206 2730 3308 2766 που
3354 2714 3383 2765 6
3425 2711 3648 2783 Κύριος,
3682 2713 3764 2765 οὐ

2185 2807 2433 2861 δύναται
2454 2804 2705 2873 δένδρον
2725 2805 2916 2859 καλὸν
2937 2806 3204 2873 καρποὺς
3226 2804 3527 2872 πονηροὺς
3549 2802 3759 2864 ποιεῖν,

2185 2900 2328 2955 οὐδὲ
2359 2899 2611 2967 δένδρον
2656 2899 2893 2967 σαπρὸν
2938 2897 3202 2966 καρποὺς
3239 2895 3498 2967 ἀγαθοὺς
3537 2895 3757 2949 ποιεῖν·

2185 2994 2395 3066 καρπὸς
2419 2993 2463 3046 δ’
2497 2991 2563 3045 ἂν
2595 2991 2678 3063 εἴη
2709 2990 2920 3060 φύσεως
2947 2992 2980 3061 ἡ
3015 2990 3349 3062 προαίρεσις,
3376 2988 3516 3042 ὥστε
3554 2988 3761 3058 ἀγαθῆς

2189 3086 2287 3157 μὲν
2329 3082 2539 3153 ἀγαθὴν
2582 3082 2691 3152 (56)
2731 3078 2891 3145 εἶναι,
2940 3081 3115 3150 κακῆς
3161 3080 3219 3132 δὲ
3263 3080 3533 3149 τοιαύτην.
3568 3081 3633 3133 Et
3672 3075 3763 3133 οὗν

2185 3179 2440 3248 διάφορος
2484 3176 2577 3229 ἐπὶ
2624 3174 2836 3247 Πατρός
2880 3174 2991 3243 (⁸57)
3021 3173 3116 3226 καὶ
3155 3172 3295 3226 Υίοῦ
3339 3173 3368 3225 6
3423 3172 3633 3243 καρπὸς
3670 3172 3762 3225 τοῦ

2187 3273 2505 3342 θελήματος,
2538 3269 2790 3338 διάφορον
2832 3266 2890 3331 ἐξ
2933 3266 3173 3337 ἀνάγκης
3204 3258 3343 3319 εἶναι
3382 3266 3476 3318 καὶ
3506 3265 3605 3335 τὴν
3637 3265 3764 3317 ἑκα-

506 3358 752 3409 litentur.
786 3354 897 3408 Cur
930 3350 1095 3423 igitur
1130 3356 1479 3419 oppugnatur
1522 3348 1721 3402 Arius?
1743 3347 1853 3401 Cur
1884 3348 1948 3401 ad
1970 3348 2077 3403 Ett-

2184 3365 2351 3434 τέρων
2390 3362 2550 3431 φύσιν
2582 3359 2903 3431 ὁμολογοῦσι
2947 3358 3079 3429 (58).
3130 3358 3194 3409 Τί
3235 3353 3327 3411 οὖν
3376 3356 3685 3428 πολεμεῖται
3734 3356 3763 3407 6

501 3448 745 3503 nomimn
772 3461 877 3500 non
916 3444 1203 3503 accedunt,
1235 3440 1329 3511 qui
1365 3440 1546 3495 Patris
1569 3451 1621 3495 et
1647 3439 1770 3494 Filii
1817 3452 2071 3494 naturam

2182 3457 2434 3525 ’Apatog;
2471 3453 2536 3506 Τί
2566 3452 2621 3505 δὲ
2650 3452 2749 3504 οὐκ
2779 3448 3134 3519 αὐτομολοῦσι
3172 3449 3307 3518 πρὸς
3337 3451 3427 3501 τὸν
3455 3447 3715 3518 Εὐνόμιον
3744 3466 3759 3513 ;

497 3539 773 3597 dividens,
809 3536 972 3592 simul
1006 3550 1129 3590 cum
1172 3544 1371 3588 natura
1416 3533 1751 3586 voluntatem
1778 3531 1996 3597 dividit,
2023 3541 2076 3586 et

2184 3546 2237 3610 ὃς
2264 3544 2486 3617 διαιρῶν
2515 3543 2609 3597 τοῦ
2640 3542 2852 3614 Πατρός
2892 3559 2950 3595 τε
2993 3542 3086 3594 καὶ
3125 3541 3217 3593 τοῦ
3262 3541 3391 3594 Υἱοῦ
3434 3540 3532 3610 τὴν
3580 3540 3759 3609 φύσιν,

494 3649 563 3686 cx
580 3647 650 3685 eo
667 3628 1015 3698 potissimum
1032 3626 1348 3681 eorumdem
1369 3623 1688 3677 substantia:
1700 3622 2076 3677 diversitatem

2184 3638 2467 3708 συντέμνει
2502 3636 2615 3705 (39)
2644 3638 2709 3707 τῇ
2742 3634 2899 3703 φύσει
2931 3633 3029 3704 τὴν
3067 3632 3341 3703 βούλησιν,
3371 3633 3463 3685 καὶ
3490 3633 3577 3686 διὰ
3602 3632 3761 3686 τοῦτο

496 3723 722 3781 astruit,
745 3721 875 3789 quia
902 3720 1029 3773 dum
1064 3716 1382 3772 inferiorem
1406 3714 1850 3784 subjectumque,
1882 3730 2079 3784 nempe

2186 3729 2419 3799 μάλιστα
2462 3725 2854 3789 κατασκευάζει
2892 3724 2952 3778 τὸ
2996 3727 3094 3795 τῆς
3145 3724 3332 3785 οὐσίας
3358 3723 3653 3795 ἀλλότριον,
3681 3724 3759 3794 τῷ

500 3814 718 3876 Filium,
748 3828 777 3865 a
835 3810 1061 3882 praelato
1110 3815 1418 3877 cunctaque
1467 3807 1788 3869 excellente,
1835 3806 1940 3860 hoc
1993 3816 2079 3862 est

2184 3814 2544 3883 ὐποόεὸηκότι
2577 3814 2711 3885 πρὸς
2738 3815 2798 3866 τὸ
2838 3812 3069 3885 προέχον
3112 3809 3497 3882 συνδιασχίζων
3538 3811 3629 3865 τὸν
3660 3812 3759 3883 τῆς

500 3906 680 3966 Patre,
720 3910 963 3975 separat,
1019 3903 1192 3972 ipsam
1219 3917 1440 3973 quoque
1475 3900 1782 3956 divinitatis
1808 3900 2076 3957 rationem

2184 3906 2432 3978 θεότητος
2459 3906 2637 3976 λόγον.

497 3998 659 4055 simul
687 3993 982 4066 tliscerpit?

568 4087 782 4147 XXXII.
819 4087 928 4142 Sed
956 4086 1105 4157 quod
1133 4087 1203 4141 ab
1234 4101 1300 4140 eo
1329 4084 1539 4139 dictum
1580 4091 1667 4138 est
1700 4084 1895 4138 iterum
1929 4099 2076 4153 repe-

2247 4092 2416 4144 Πάλιν
2453 4091 2509 4144 δὲ
2556 4091 2617 4144 τὺ
2671 4091 2798 4161 παρ’
2838 4089 3001 4142 αὐτοῦ
3055 4089 3214 4159 ῥηθὲν
3253 4087 3628 4158 ἀναλάϐωμεν.
3673 4089 3757 4141 Οὐ

496 4192 695 4238 tamus.
731 4180 854 4235 Non
876 4180 1246 4244 recordanlur,
1275 4180 1374 4241 ait,
1417 4178 1740 4232 voluntatem
1769 4178 1903 4231 hanc
1944 4195 2071 4242 non,

2184 4185 2619 4252 ωπημονεύουσι
2653 4182 2788 4252 (40),
2835 4184 3017 4252 φησὶν,
3059 4181 3148 4235 ὅτι
3193 4181 3258 4234 τὸ
3308 4180 3535 4248 θέλημα
3581 4178 3758 4232 τοῦτο

496 4275 632 4328 sicut
661 4274 760 4341 ipsi
811 4282 1020 4341 putant,
1072 4272 1261 4325 terreni
1309 4270 1536 4324 hominis
1569 4270 1842 4338 propriam
1870 4270 2071 4323 dictam

2184 4273 2331 4326 ίδιον
2355 4274 2602 4341 εἴρηται,
2646 4275 2757 4326 οὐκ
2800 4272 3111 4341 ἀνθρώπου
3144 4272 3251 4326 τοῦ
3284 4272 3351 4326 ἐκ
3397 4271 3529 4341 τῆς,
3563 4271 3755 4336 καθὼς

494 4368 680 4437 fuisse,
716 4364 808 4420 sed
855 4364 971 4429 Dei,
1006 4365 1095 4434 qui
1127 4363 1190 4417 de
1233 4362 1360 4417 coelo
1409 4362 1696 4417 descendit.
1732 4363 1806 4418 De
1834 4378 2069 4433 quanam

2184 4364 2341 4417 αὐτοὶ
2375 4363 2737 4432 νομίζουσιν,
2764 4363 2925 4418 ἀλλὰ
2956 4363 3102 4418 Θεοῦ
3130 4364 3236 4419 τοῦ
3283 4363 3649 4428 καταϐάντος
3684 4363 3755 4427 ἐξ

496 4460 778 4513 voluntate
808 4457 1049 4525 scriptor
1075 4466 1264 4511 noster
1305 4455 1591 4525 loquitur?
1628 4454 1703 4510 De
1729 4471 1790 4510 ea
1820 4454 2068 4525 profecto

2184 4455 2457 4522 οὐρανοῦ.
2502 4456 2659 4508 Ποῖον
2706 4453 2915 4525 θέλημα
2986 4456 3150 4527 φησὶν
3190 4457 3219 4509 6
3267 4456 3638 4524 λογογράφοςς
3686 4457 3752 4509 Ὀ

492 4566 657 4620 quam
689 4548 955 4602 Dominus
984 4548 1098 4601 ﬁeri
1133 4562 1243 4601 non
1267 4546 1404 4608 vult,
1437 4546 1566 4599 dum
1596 4544 1662 4599 ad
1712 4544 1928 4601 Patrem
1965 4546 2065 4611 ait,

2184 4545 2421 4615 βούλεται
2457 4545 2657 4617 δηλαδὴ
2690 4547 2801 4616 (Al)
2837 4546 2909 4618 μὴ
2947 4548 3195 4615 γενέσθαι
3239 4547 3267 4597 ὁ
3306 4548 3529 4619 Κύριος,
3578 4548 3752 4614 λέγων

496 4608 621 4692 Ιλίοη
650 4653 767 4690 mea
821 4636 1087 4698 voluntas,
1136 4634 1227 4690 sed
1281 4644 1370 4687 tua
1415 4636 1511 4703 ﬁat
1544 4635 1610 4687 ⁹¹.
1643 4632 1969 4704 lntelligitne
2011 4608 2065 4688 in

2184 4608 2309 4708 πρὸς
2349 4637 2440 4690 τὸν
2476 4608 2716 4706 ῐίατέρα,
3014 4638 3161 4707 ἐμὸν
3206 4608 3452 4707 θέλημα.
3483 4608 3751 4692 αλλὰ-τὸ

492 4727 709 4798 qualem
737 4742 872 4781 suus
913 4740 1093 4780 sermo
1127 4724 1613 4780 contradictionem
1668 4723 1913 4779 incidat?
1956 4727 2067 4795 Ap-

2184 4729 2281 4782 Τὸν
2310 4729 2588 4799 γενέσθω.
2613 4723 2682 4780 τΑ
2694 4745 2759 4799 pa
2789 4728 3032 4799 συνίησιν
3056 4730 3144 4799 οἵᾳ
3171 4730 3583 4802 περιπέπτωκεν
3602 4730 3750 4800 αὐτῷ

491 4821 822 4892 propinquat
864 4820 1086 4890 passio,
1149 4828 1203 4873 et
1255 4818 1504 4890 proditor
1546 4834 1672 4874 cum
1728 4827 2062 4874 armatorum

2184 4822 2193 4871 ἱ
2250 4818 2408 4883 λόγος
2455 4819 2566 4889 (42)
2619 4820 2985 4888 ὲναντιὸτητι;
3029 4820 3264 4888 Ἐγγίζει
3302 4821 3364 4873 τὸ
3413 4821 3602 4884 πάθος,
3660 4822 3748 4872 καὶ

492 4912 843 4967 multitudine
869 4910 1261 4982 prOpemodnm
1314 4903 1832 4981 imminel,tumque
1874 4911 2067 4982 hujus-

2184 4910 2287 4963 ἱσον
2313 4908 2464 4964 οὔπω
2504 4909 2686 4980 μέλλει
2719 4910 2830 4979 (45)
2870 4913 2898 4964 ό
2948 4910 3215 4982 προδότης
3259 4910 3578 4980 ἐφίστασθαι
3613 4912 3747 4981 μετὰ

489 5005 637 5059 modi
680 5004 925 5074 precatio
962 5005 1037 5058 lit.
1074 5002 1179 5070 Qui
1214 5002 1288 5057 ita
1308 5006 1657 5072 deprecatur,
1688 5003 1923 5059 homone
1951 5011 2060 5067 est,

2184 5003 2258 5058 τοῦ
2294 5001 2547 5073 πλήθους,
2578 5003 2672 5057 καὶ
2714 5003 2835 5056 τότε
2872 5004 3081 5072 γίνεται
3133 5005 3167 5075 ὴ
3205 5003 3425 5073 τοιαύτη
3472 5004 3625 5076 εὐχή.
3687 5003 3745 5055 '0

561 5181 608 5211 ”
641 5179 773 5233 Luc.
805 5197 936 5242 ιιιιιι,
962 5180 1052 5235 42.
1129 5181 1175 5212 ⁹⁰
1205 5178 1393 5234 Matth.
1428 5196 1523 5245 vn,
1556 5182 1642 5235 i8.
1719 5182 1761 5212 "
1800 5180 1932 5235 Luc.
1966 5198 2103 5246 χχιι,
2139 5181 2229 5237 42.

562 5357 673 5428 ('55)
698 5356 872 5427 Caput
903 5357 1007 5412 hoc
1035 5373 1156 5412 cum
1193 5360 1463 5427 sequenti,
1495 5359 1768 5428 integrum
1822 5358 2049 5414 refertur

489 5426 632 5481 inter
650 5426 871 5499 Patrum
902 5428 1217 5483 testimonia
1262 5426 1329 5485 de
1365 5430 1573 5499 duplici
1613 5426 1673 5483 in
1710 5429 1930 5484 Christo
1963 5446 2058 5485 vo-

490 5499 716 5569 luntate,
751 5498 816 5550 ab
865 5499 1164 5569 apostolica
1216 5500 1346 5553 sede
1383 5498 1460 5553 ad
1486 5509 1693 5554 sextam
1745 5500 2057 5569 generalem

488 5568 683 5636 synod.
721 5568 1069 5630 transmissa,
1106 5569 1161 5623 in
1197 5570 1355 5637 cujus
1391 5572 1607 5624 actione
1653 5568 1865 5624 decima
1914 5572 2057 5623 reci-

486 5644 696 5709 tantur,
729 5646 782 5693 et
811 5638 876 5691 ad
917 5640 1234 5709 patriarchii
1286 5640 1880 5709 Constantinopolitani
1934 5640 2057 5696 cod.

483 5707 861 5762 conferuntur.

559 5777 673 5850 (ξεῖ)
708 5778 782 5850 [ta
818 5782 869 5833 in
898 5780 1078 5833 editis.
1102 5779 1221 5833 Vat.
1259 5795 1388 5835 vero
1422 5781 1546 5835 cod.
1577 5781 1701 5850 legit
1733 5780 1957 5850 ἀγαθόν.

557 5847 671 5919 (37)
701 5847 859 5906 Corr.
894 5851 1104 5915 Πατρός
1136 5868 1194 5904 τε
1224 5852 1320 5906 καὶ
1355 5851 1504 5904 Υἱοῦ.
1633 5847 1654 5850 “
1784 5847 1811 5891 “.

2158 5358 2347 5483 logi),
2385 5358 2545 5415 Corr.
2580 5362 2997 5434 ὁμολογήσουσι.
3036 5359 3200 5415 Sexta
3245 5364 3437 5434 synod.
3478 5364 3559 5417 δεῖ
3608 5366 3741 5435 6p:-

2193 5447 2368 5498 ογειν.

2379 5500 2535 5574 ροιτ.
2576 5501 2968 5573 συνδιατέμνει.
3013 5506 3091 5560 Ita
3113 5514 3165 5561 et
3192 5512 3343 5561 sexta
3372 5504 3591 5574 synod..

2376 5569 2543 5647 ξομε
2569 5574 2760 5647 synod.
2790 5569 2882 5627 καὶ
2908 5577 2969 5628 οὐ
3006 5569 3421 5647 μνημονεύουσι,
3454 5585 3511 5626 ut
3546 5590 3735 5645 supra.

2374 5639 2535 5716 §exta
2569 5639 2763 5716 Synod.
2802 5660 2907 5716 non
2940 5639 3259 5701 habet-adv.
3298 5646 3525 5716 δηλαδή.

2238 5709 2351 5786 (62)
2383 5709 2546 5764 Sexta
2578 5709 2769 5786 synod.
2807 5714 2935 5786 ποίᾳ
2961 5717 3248 5773 πέπτωκεν
3277 5709 3435 5772 αὐτοῦ
3476 5709 3504 5770 ό
3556 5716 3735 5784 λόγος,

2169 5787 2223 5834 et
2248 5780 2327 5851 pall
2364 5796 2535 5851 marg.
2569 5780 2738 5851 αὐτῷ.

2054 5910 2092 5939 ,κ
2239 5849 2350 5920 (i5)
2385 5848 2542 5904 Cori'.
2571 5848 2700 5905 ὅσον
2721 5854 2777 5906 δὲ
2813 5854 3013 5925 μέλλει,
