4120 6394
381 329 521 386 1195

1514 334 1643 389 ADV
1659 334 1889 391 ERSUS
1928 334 2437 417 APOLLINAREM.

3512 338 3653 393 ίιςι

374 448 685 516 εὐχόμενος,
720 447 1002 519 ἄνθρωπος
1034 450 1067 521 ἦ
1095 448 1225 513 Θεός
1251 466 1265 514 ;
1299 452 1359 503 Εἰ
1398 450 1529 504 Θεὸν
1558 447 1697 507 εἶναι
1728 453 1840 523 (44)
1879 453 1970 507 τὸν

2075 472 2141 509 an
2192 456 2375 512 Deus?
2419 456 2474 510 Si
2510 455 2675 511 Deum
2711 471 2835 512 esse
2868 455 2961 526 qui
3002 456 3326 527 deprecatur
3346 455 3649 517 existimat,

373 537 664 609 εὐχόμενον
702 540 892 606 οἴεται,
924 542 1051 613 ἴσην
1085 541 1234 612 αὐτῷ
1284 542 1421 614 πρὸς
1470 545 1596 608 τοὺς
1647 545 1968 616 ἀνθρώπους

372 631 534 700 ἐνορᾷ
577 629 675 700 τὴν
715 630 1019 686 ἀσθένειαν.
1061 632 1184 695 Πῶς
1210 628 1303 686 οὖν
1350 632 1501 699 Θεὸς,
1554 635 1716 705 μηδὲν
1757 635 1968 689 οἴκοθεν

372 722 575 791 ἀγαθὸν
621 722 782 793 ἔχων,
839 723 973 777 ἀλλά
1028 725 1129 794 τῆς
1186 726 1592 797 ὑπερκειμένης
1655 728 1970 798 συμμαχίας

372 816 656 886 δεόμενος;
697 814 831 871 Εἶτα
862 817 957 870 κα).
995 818 1111 882 πῶς
1159 819 1557 887 καταγινώσκει
1593 823 1626 891 ἡ
1656 820 1845 891 θεότης
1872 821 1967 876 τοῦ

376 909 506 964 ἰδίου
570 909 908 980 θελήματος;
958 909 1184 978 ’Λγαθὸν
1237 908 1304 982 ἦν
1369 912 1401 983 ἢ
1456 914 1666 977 κακὸν,
1717 914 1745 967 '6
1800 915 1966 984 ἠϐού-

374 1003 494 1055 λετο
528 1001 636 1071 (45)
664 1018 677 1065 ;
720 1002 781 1054 Εί
822 1002 920 1072 μὲν
951 1001 1059 1072 γὰρ
1094 1002 1318 1070 ἀγαθὸν,
1351 1003 1437 1057 διὰ
1478 1004 1530 1057 τί
1559 1006 1657 1059 οὐκ
1689 1009 1768 1070 είς
1795 1008 1969 1079 πέρας

374 1094 563 1161 ἄγεται
600 1092 628 1144 ὃ
660 1092 917 1161 ’ἠϐούλετο
954 1092 1062 1163 (46)
1090 1110 1103 1157 ;
1130 1095 1192 1146 Εἰ
1220 1094 1274 1146 δὲ
1325 1096 1513 1159 κακὸν,
1547 1096 1684 1167 [(47)
1714 1098 1799 1162 τίς
1828 1099 1964 1171 πρὸς

374 1184 436 1236 τὸ
466 1182 657 1255 κακὸν]
710 1187 775 1254 τῇ
809 1183 1020 1254 θεότητι
1058 1186 1090 1256 ἠ
1122 1186 1425 1253 οίκείωσις;
1462 1188 1613 1242 Ἀλλ’
1646 1190 1956 1262 ὃπερέφην,

375 1273 456 1325 ὅτι
493 1274 553 1325 οὺ
588 1274 829 1343 συνίησιν
860 1273 969 1343 (68)
1001 1275 1079 1337 είς
1114 1274 1173 1327 τὸ
1203 1276 1444 1329 ἐναντίον
1483 1280 1829 1350 περιτρέπων
1873 1278 1964 1331 τὸν

375 1363 552 1433 λόγον.
595 1365 657 1416 Εἰ
704 1364 811 1434 γὰρ
855 1365 947 1418 τοῦ
992 1366 1327 1435 Μονογενοῦς
1362 1371 1475 1422 ἐστι
1511 1369 1646 1423 Θεοῦ
1681 1373 1712 1442 ἡ
1749 1370 1897 1441 φωνὴ
1930 1373 1963 1441 ἡ

375 1454 627 1521 λέγουσα,
668 1454 762 1522 Μὴ
799 1455 865 1509 τὸ
908 1456 1054 1527 ἐμὸν
1089 1456 1319 1527 θέλημα
1362 1460 1641 1528 γενέσθω.
1688 1462 1851 1515 ἀλλὰ
1897 1461 1964 1514 τὸ

374 1545 511 1605 σὸν.
539 1546 698 1608 αὐτὸς
720 1548 748 1599 6
775 1547 930 1615 λόγος
964 1549 1093 1619 περὶ
1136 1550 1346 1615 ἑαυτὸν,
1380 1552 1465 1604 ἀε)⁵
1516 1553 1604 1606 διά
1641 1570 1782 1616 τινος
1808 1554 1963 1605 ἐναν-

376 1632 621 1701 τιὸτητος
667 1634 956 1706 στρέφεται
994 1637 1127 1707 (49),
1175 1640 1267 1691 καὶ
1310 1641 1545 1712 οὐδαμοῦ
1592 1643 1653 1695 τὸ
1702 1642 1964 1714 στάσιμον

377 1724 509 1795 ἔχει.
550 1724 609 1779 Ὁ
636 1726 745 1797 γὰρ
781 1728 855 1798 μὴ
887 1726 1207 1799 βουλόμενος
1235 1731 1349 1803 (50)
1380 1732 1439 1785 τὸ
1473 1734 1601 1786 ἴδιον
1631 1734 1839 1806 θέλημα
1870 1752 1963 1804 γε·

377 1815 584 1881 νέσθαι,
633 1817 765 1870 αὐτὸ
823 1818 980 1871 τοῦτο
1033 1821 1143 1891 (51)
1190 1822 1437 1892 βούλεται
1488 1825 1724 1889 πάντως,
1774 1825 1833 1878 τὸ
1890 1826 1963 1898 μὴ
1995 1807 2038 1862 Β

377 1909 690 1975 γενέσθαιὸ
730 1911 993 1981 βούλεται.
1042 1915 1164 1978 Πῶς
1214 1911 1307 1969 οὖν
1353 1919 1385 1987 ή
1432 1919 1565 1991 εὐχὴ
1610 1919 1746 1990 πρὸς
1794 1921 1967 1991 πέρας

380 2002 680 2072 ἀχθήσεται
711 2003 977 2071 λέγοντος,
1015 2008 1093 2060 ὅτι
1131 2008 1300 2061 Τοῦτο
1346 2010 1483 2063 θέλω
1515 2011 1600 2063 ἵνα
1643 2013 1671 2064 ὃ
1712 2012 1849 2066 θέλω
1892 2014 1968 2084 μὴ

380 2093 643 2163 γένηται;
675 2096 819 2166 Πρὸς
863 2099 1171 2152 τούναντίον
1218 2101 1433 2164 πάντως
1466 2100 1556 2154 τοῦ
1599 2104 1968 2175 σπουδαζομέ-

381 2200 471 2237 νου
504 2185 613 2253 (52)
648 2190 1131 2260 περιτραπήσεται,
1164 2192 1256 2244 καὶ
1294 2194 1634 2264 ἀμηχανήσει
1679 2194 1801 2248 καθ’
1842 2197 1971 2250 ἑκά-

380 2294 537 2345 τερον
580 2279 609 2330 6
652 2278 750 2349 τῆς
790 2280 1042 2350 τοιαύτης
1084 2285 1289 2337 ἐπαΐων
1331 2285 1514 2356 εὐχῆς.
1551 2287 1726 2358 Ὅπερ
1770 2288 1877 2360 γὰρ
1904 2289 1971 2342 ἂν

380 2370 605 2440 ποιήσῃ,
636 2372 771 2442 πρὸς
818 2373 879 2425 τὸ
933 2374 1226 2447 ἀϐούλητον
1270 2377 1347 2446 τῷ
1400 2378 1676 2450 εὐχομένω
1722 2382 1973 2452 περιτρέ-

383 2478 474 2513 πει
506 2462 602 2533 τὴν
634 2462 871 2516 ἔκϐασιν.
924 2467 1143 2537 Ποιήσει
1184 2469 1242 2521 τὸ
1270 2468 1516 2542 βούλημα
1552 2472 1663 2531 (53)
1697 2472 1788 2524 τοῦ
1818 2474 1973 2543 εὐχο-

386 2553 587 2623 μένου;
632 2554 832 2626 Ἀλλ’ή
879 2557 1010 2627 εὐχή
1060 2561 1174 2611 ἐστι
1225 2560 1284 2611 τὸ
1327 2560 1400 2631 μὴ
1435 2563 1684 2628 γενέσθαι
1723 2563 1757 2616 ἂ
1792 2564 1973 2633 βούλε-

384 2662 470 2698 ται
501 2646 632 2715 (54).
671 2646 757 2717 Μὴ
802 2649 1014 2718 ποιήσει
1042 2649 1150 2719 (55)
1187 2650 1214 2702 ὃ
1247 2651 1529 2720 postem;
1570 2654 1726 2708 Ἀλλὰ
1758 2660 1785 2709 6
1824 2658 1975 2727 εύχό-

389 2752 546 2803 μενος
588 2738 832 2808 βούλεται
871 2739 1119 2806 γενέσθαι
1160 2741 1308 2812 αύτῷ
1335 2743 1468 2812 (56),
1509 2744 1537 2796 ὃ
1580 2747 1652 2815 μὴ
1696 2746 1971 2815 βούλεται·

385 2826 524 2879 ὥστε
565 2829 708 2883 κατά
743 2832 919 2883 πάντα
963 2831 1161 2902 τρόπον
1209 2834 1386 2903 πάντη
1432 2836 1974 2908 μεταλαμϐανόμενον

387 2916 679 2985 ἀπατήσει
730 2919 790 2971 τὺ
835 2920 1032 2989 νόημα,
1094 2922 1225 2974 αὐτὸ
1290 2924 1466 2993 ἐαυτῷ
1507 2927 1833 2995 μαχόμενον,
1881 2930 1975 2981 καὶ

388 3006 476 3073 ὑφ’
527 3007 718 3061 ἑαυτοῦ
763 3010 1211 3082 καθαιρούμενον.
1262 3016 1374 3085 Τῆς
1416 3017 1479 3089 δὴ
1534 3020 1790 3091 τοιαύτης
1836 3023 1977 3077 κατά

386 3098 476 3197 τόν
498 3097 1009 3197 *λόγον-ἀμηχανίας
1059 3104 1156 3173 μία
1198 3108 1414 3197 ,γένοιτο
1462 3108 1527 3160 ἂν
1571 3112 1910 3180 παραμυθία,
1941 3117 1975 3185 ἡ
2004 3141 2046 3197 C

387 3188 592 3258 ἀληθὴς
618 3189 709 3242 τοῦ
752 3194 1048 3263 μυστηρίου
1092 3196 1370 3265 ὁμολογία,
1414 3198 1494 3252 ὅτι
1541 3201 1601 3253 τὸ
1648 3203 1745 3270 μὲν
1775 3203 1975 3276 δειλιᾷν

389 3279 524 3351 πρὸς
576 3281 636 3332 τὸ
690 3282 880 3345 πάθος.
931 3285 1033 3354 τῆς
1093 3286 1439 3361 ἀνθρωπίνης
1500 3292 1781 3358 ἀσθενείας
1834 3297 1974 3362 ἐστὶ,

389 3370 568 3433 καθώς
601 3389 731 3442 φησι
781 3375 874 3427 καὶ
918 3376 946 3427 6
990 3378 1211 3447 Κύριος,
1273 3380 1342 3433 Τὸ
1398 3382 1632 3452 πνεῦμα
1672 3386 1977 3455 πρόθυμον

388 3459 541 3516 εἶναι
585 3466 763 3536 λέγων
813 3467 1042 3535 ἀσθενῆ
1084 3468 1153 3521 δὲ
1196 3470 1310 3538 τὴν
1349 3473 1573 3540 σάρκα·
1603 3475 1663 3529 τὸ
1700 3476 1755 3529 δὲ
1791 3478 1979 3548 ἀνέχε-

392 3554 513 3609 σθαι
581 3556 691 3625 (57)
726 3557 787 3611 τὸ
837 3558 897 3622 ἐξ
942 3562 1250 3631 οἰκονομίας
1301 3565 1492 3627 πάθος,
1542 3570 1639 3636 τῆς
1682 3568 1827 3631 θείας
1860 3571 1979 3623 ἐστὶ

391 3647 485 3699 καὶ
538 3645 731 3717 βουλῆς
785 3650 879 3702 καὶ
925 3650 1224 3721 δυνάμεως.
1268 3655 1485 3728 Ἐπειδὴ
1530 3658 1707 3711 τοίνυν
1753 3660 1879 3720 ἀλλο
1918 3662 1978 3714 τὸ

391 3736 726 3807 ἀνθρώπινον
751 3738 996 3812 βούλημα
1027 3742 1158 3811 (58),
1185 3746 1278 3797 καὶ
1306 3745 1366 3797 τὸ
1395 3746 1535 3801 θεῖον
1565 3749 1691 3802 ἄλλο
1712 3791 1725 3814 ,
1756 3751 1980 3820 φθέγγε-

389 3843 481 3881 ται
515 3829 624 3897 (59)
678 3830 796 3899 μὲν,
845 3832 921 3894 ὡς
973 3834 1037 3885 ὲκ
1088 3835 1180 3888 τοῦ
1230 3837 1537 3907 ἀνθρώπου,
1586 3842 1648 3894 τὸ
1690 3844 1789 3913 τῆς
1819 3845 1978 3898 ἀσθε-

392 3918 537 3982 νείας
578 3919 691 3989 (60)
742 3921 841 3991 τῆς
893 3922 1104 3991 φύσεως
1159 3928 1483 4000 πρόσφορον,
1532 3931 1561 3983 6
1609 3931 1676 3984 τά
1738 3934 1978 4004 ἡμέτερα

395 4010 541 4081 πάθη
580 4013 1032 4084 οἰκειωσάμενος·
1085 4018 1278 4085 ὲπάγει
1329 4020 1386 4072 δὲ
1436 4021 1535 4092 τὴν
1576 4022 1833 4094 δευτέραν
1867 4043 1979 4092 φω-

393 4104 511 4174 νὴν,
540 4103 601 4156 τὸ
628 4105 830 4177 ὑψηλόν
867 4125 926 4160 τε
964 4109 1056 4162 καὶ
1102 4109 1400 4181 θεοπρεπὲς
1440 4113 1687 4185 βούλημα
1727 4115 1977 4185 κυρωθῆ-

392 4211 480 4247 ναι
529 4196 679 4267 παρὰ
726 4197 787 4249 τὸ
831 4197 1166 4268 ἀνθρώπινον
1205 4203 1345 4273 ὑπὲρ
1388 4204 1487 4273 τῆς
1527 4204 1637 4258 τῶν
1671 4204 1975 4278 ἀνθρώπων

466 4374 511 4404 ”
545 4374 741 4429 Matth.
785 4390 934 4440 τινι,
982 4375 1073 4431 Η.

468 4569 578 4639 (44)
609 4568 765 4623 Corr.
799 4569 987 4638 ἣΘεὸν
1020 4565 1184 4633 εἶναι,
1213 4577 1268 4624 et
1307 4586 1456 4635 mox,
1486 4570 1519 4640 ἢ
1550 4571 1695 4640 ἴσην.

470 4640 584 4709 (45)
608 4640 764 4693 Corr.
792 4640 1061 4693 ἐϐούλετο.

470 4706 579 4777 (46)
607 4710 764 4765 Corr.
784 4710 812 4762 ὃ
836 4710 1104 4774 ἐϐούλετο,
1134 4719 1195 4764 ιιι
1218 4724 1408 4778 supra.
1438 4707 1562 4763 Haec
1594 4718 1775 4763 tamen
1807 4706 1973 4761 verba

398 4781 592 4835 desunt
610 4779 829 4848 quidem
864 4781 915 4833 in
942 4781 1160 4850 vulgato
1191 4791 1354 4835 sexta;
1371 4780 1562 4849 synod.
1585 4780 1779 4839 Grzeco
1796 4784 1970 4841 textu;

401 4852 493 4906 sed
537 4850 807 4905 habentur
839 4850 893 4903 in
932 4850 1123 4903 Latina
1156 4851 1326 4905 veteri
1362 4850 1636 4904 versione.

472 4921 583 4990 (47)
606 4920 735 4985 Quae
766 4921 1132 4976 semicirculis
1159 4919 1520 4975 includuntur
1549 4917 1737 4990 addita
1773 4926 1905 4973 sunt
1936 4932 1967 4971 a

400 4988 545 5047 corr.
566 4988 1013 5061 'ct_reperiuutur
1041 4991 1337 5061 quoquein
1366 4997 1517 5045 sexta
1540 4988 1751 5061 synod.

472 5062 585 5133 (4,8)
615 5058 984 5133 Vetusisextm
1032 5058 1488 5133 synodLatinus
1536 5058 1767 5133 interpr.
1789 5058 1969 5133 vertit:

402 5131 504 5186 Sed
530 5131 667 5201 quod
697 5132 833 5194 dixi,
859 5133 976 5200 quis
994 5130 1097 5185 non
1124 5132 1394 5199 intelligit,
1413 5130 1623 5201 quodin
1647 5130 1977 5201 contrarium

402 5197 756 5255 circu'mvertit
786 5197 938 5255 illam
955 5218 1243 5256 sermonem
1270 5197 1381 5256 ?'ac
1405 5201 1451 5255 si
1489 5200 1677 5255 Grzece
1708 5209 1873 5258 esset.
1893 5197 1980 5262 τίς

400 5273 462 5325 οὐ
492 5273 756 5341 συνίησιν,
784 5281 914 5336 etc.;
966 5273 1059 5328 sed
1088 5272 1333 5339 ejusdem
1388 5271 1579 5341 synod.
1617 5278 1800 5325 textus
1831 5269 1979 5325 Grac-

403 5358 501 5396 cus
549 5357 671 5395 cum
706 5342 825 5396 Vat.
852 5344 976 5399 eod.
1008 5344 1241 5396 lectione
1272 5342 1594 5396 concordat.

476 5412 583 5480 (49)
612 5410 667 5463 In
698 5421 848 5467 textu
881 5411 1004 5466 Vat.
1038 5414 1161 5466 cod.
1202 5413 1416 5481 legitur,
1474 5411 1602 5480 περὶ
1650 5409 1845 5463 ἑαυτοῦ
1892 5410 1979 5463 ἀεὶ

402 5481 489 5534 διά
515 5498 660 5552 τινος
697 5484 985 5552 γράφεται.
1025 5481 1183 5537 Corr.
1229 5482 1561 5545 emendavit,
1609 5482 1739 5551 περὶ
1788 5482 1979 5533 ἑαυτὸν

403 5553 504 5622 ἀεὶί
543 5551 630 5604 διά
681 5551 826 5616 τινος
873 5554 1244 5619 ἐναντιότητος
1291 5552 1584 5622 γράφεται,
1609 5562 1663 5607 et
1715 5554 1769 5605 in
1804 5568 1975 5619 marg.

405 5621 530 5674 add.
566 5638 656 5691 γρ.
692 5624 783 5675 καὶ
809 5624 1082 5692 στέφεται.
1117 5623 1286 5677 Nobis
1314 5621 1444 5677 huic
1487 5633 1772 5690 postremae
1820 5624 1977 5676 simio

409 5692 512 5764 lem
551 5692 835 5745 lectionem
863 5732 877 5752 ,
915 5711 1035 5761 qua:
1066 5695 1121 5748 in
1162 5701 1313 5748 sexta
1361 5695 1527 5747 etiam
1574 5694 1767 5764 synod.
1824 5694 1980 5750 exhi-

407 5760 588 5831 betur,
620 5773 805 5831 utpote
829 5760 1137 5827 clariorem,
1173 5764 1326 5831 sequi
1354 5765 1532 5820 visum
1558 5760 1661 5819 cSt.

733 5859 996 5920 ΡΑτιιοι..
1047 5858 1167 5919 Gtt.
1198 5857 1392 5919 XLV.

2074 565 2257 619 parem
2314 550 2367 603 in
2405 549 2525 617 ipso
2565 549 2994 604 imbecillitatem
3038 557 3204 615 atque
3246 550 3302 601 in
3333 546 3651 601 hominibus

2074 641 2363 710 conspicit.
2423 641 2710 706 Quomodo
2744 641 2910 712 igitur
2952 639 3058 695 erit
3104 638 3270 703 Deus,
3308 640 3401 708 qui
3438 639 3647 692 nullum

2070 746 2134 785 ex
2163 746 2221 783 se
2254 729 2372 799 ipso
2402 729 2601 783 bomnn
2639 729 2816 791 habet,
2852 729 2946 783 sed
2980 744 3219 798 superno
3262 728 3471 782 auxilio
3507 728 3649 780 ΞιιιΙι-

2070 822 2196 891 get?
2226 821 2433 877 Deinde
2461 821 2734 890 quomodo
2777 821 3039 875 divinitas
3087 823 3363 891 prapriam
3398 822 3650 873 volunta-

2068 923 2175 968 tem
2235 914 2526 982 reprobat?
2561 913 2843 967 Bonumne
2898 921 3037 975 erat,
3105 927 3174 966 an
3216 914 3443 974 malum,
3499 910 3645 980 quod

2066 1005 2393 1062 volebat?Si
2425 1007 2571 1062 enim
2621 1007 2847 1067 bonum,
2869 1020 2969 1058 cur
2984 1004 3050 1057 ad
3082 1004 3286 1058 exitum
3335 1000 3649 1072 perducitur

2068 1098 2213 1168 quod
2235 1096 2487 1152 volebat?
2505 1096 2560 1150 Si
2590 1112 2719 1149 vero
2738 1096 2964 1158 malum,
2985 1108 3231 1161 quaenam
3251 1108 3373 1146 cum
3392 1092 3535 1145 malo
3561 1091 3646 1145 di-

2066 1191 2278 1245 vinitati
2302 1189 2618 1258 conjunctio
2656 1186 2983 1241 intercedit?
3001 1184 3129 1244 Sed,
3156 1183 3302 1253 quod
3333 1191 3492 1237 antea
3508 1182 3643 1244 dixi,

2069 1295 2175 1335 non
2212 1279 2597 1333 animadvertit
2630 1292 2826 1331 anetor
2855 1277 2907 1330 in
2948 1276 3293 1328 contrarium
3319 1288 3384 1326 ac
3410 1274 3649 1327 intendit

2067 1387 2291 1427 sensum
2326 1384 2637 1425 sermonem
2674 1384 2833 1422 suum
2887 1368 3153 1422 converti.
3191 1366 3401 1434 Quippe
3439 1365 3482 1419 si
3513 1364 3648 1419 Uni-

2066 1463 2235 1533 geniti
2281 1460 2375 1516 Dei
2410 1478 2513 1514 vox
2551 1468 2657 1523 est,
2689 1476 2809 1528 quae
2841 1460 2976 1512 dicit
3018 1478 3031 1513 :
3071 1456 3196 1512 Non
3252 1475 3367 1510 utea
3402 1458 3646 1511 voluntas

2063 1558 2181 1626 ﬁat,
2213 1556 2302 1609 sed
2346 1565 2456 1618 tua,
2491 1570 2673 1608 sermo
2700 1553 2801 1607 iste
2831 1552 3221 1605 contrarietate
3247 1550 3480 1620 quadam
3503 1566 3649 1604 εει-ι

2067 1665 2163 1720 per
2198 1648 2251 1701 in
2278 1649 2518 1716 scipsnm
2554 1647 2782 1700 vertitur
2806 1652 2860 1698 et
2908 1645 3223 1699 nullatenus
3258 1644 3363 1698 sibi
3405 1652 3645 1697 constat.

2067 1738 2169 1805 Qui
2196 1739 2340 1792 enim
2370 1753 2478 1790 non
2510 1736 2623 1789 vult
2665 1736 2940 1805 propriam
2995 1736 3332 1788 voluntatem
3367 1734 3503 1797 ﬁeri,
3546 1735 3648 1788 hoc

2068 1830 2245 1899 ipsum
2294 1828 2408 1880 vult
2464 1827 2710 1889 omnino,
2770 1825 2995 1891 utquod
3050 1826 3167 1877 vult
3200 1824 3253 1879 id
3288 1841 3636 1895 nequaquam

2071 1906 2178 1973 liat.
2212 1916 2499 1983 Quomodo
2547 1931 2678 1983 ergo
2708 1914 2962 1969 cﬂ'eclum
2998 1917 3257 1971 sortietur
3286 1919 3528 1985 precatio
3561 1918 3647 1970 di-

2068 2011 2275 2067 centis:
2304 2011 2420 2062 lloc
2448 2009 2589 2070 volo,
2625 2015 2684 2061 ut
2706 2007 2853 2078 quod
2874 2009 2995 2061 volo
3024 2024 3133 2061 non
3169 2010 3298 2061 liat?
3323 2008 3466 2063 Sane
3495 2010 3641 2062 circa

2069 2102 2406 2155 contrarium
2440 2115 2667 2168 prorsus
2702 2100 2750 2153 ei
2780 2097 2924 2167 quod
2968 2098 3201 2152 intendit
3229 2100 3476 2168 precatio
3514 2114 3649 2151 ver-

2071 2193 2301 2257 sabitur,
2331 2202 2385 2245 et
2408 2192 2553 2245 circa
2583 2200 2877 2259 utrumque
2903 2189 3183 2242 haesitabit
3208 2191 3300 2258 qui
3338 2189 3650 2257 liujusmodi

2073 2298 2261 2353 preces
2281 2281 2524 2334 exaudit.
2546 2279 2822 2349 Quidquid
2854 2280 3000 2333 enim
3029 2277 3242 2343 fecerit,
3279 2294 3495 2347 semper
3526 2293 3650 2346 prc-

2072 2378 2250 2427 cantis
2274 2374 2541 2426 voluntati
2574 2374 2893 2426 contrarius
2925 2372 3029 2425 erit
3060 2379 3309 2425 eventus.
3339 2366 3525 2422 Faciet
3555 2385 3651 2422 vo-

2076 2465 2339 2517 lunlalem
2369 2464 2623 2518 orantis?
2657 2462 2764 2518 Sed
2788 2464 2875 2517 hic
2904 2471 3025 2515 orat
3051 2472 3107 2515 nt
3132 2461 3355 2515 minnue
3391 2460 3478 2512 liat
3506 2458 3651 2528 quid

2074 2557 2210 2609 vult.
2253 2554 2371 2608 Non
2414 2555 2579 2609 faciet
2602 2554 2748 2624 quod
2778 2554 2926 2608 vult?
2968 2552 3072 2607 Sed
3104 2553 3196 2623 qui
3235 2558 3376 2613 orat,
3406 2551 3511 2605 sibi
3538 2552 3654 2603 vult

2078 2649 2187 2703 ﬁeri
2236 2648 2382 2718 quod
2440 2664 2549 2701 non
2588 2647 2741 2711 vult;
2804 2647 2877 2698 ita
2930 2655 2986 2699 ut
3018 2659 3349 2715 quocunque
3383 2644 3565 2705 modo,
3598 2651 3655 2698 et

2074 2754 2401 2811 quocunque
2433 2754 2597 2793 sensu
2630 2738 2954 2806 accipiatur,
2993 2750 3276 2807 nunquam
3306 2735 3427 2806 ejus
3453 2750 3653 2790 sensus

2075 2832 2380 2893 constabit,
2433 2845 2559 2884 cum
2617 2828 2833 2883 sibimet
2869 2837 3151 2897 repugnet,
3182 2839 3236 2881 et
3274 2842 3308 2881 a
3359 2826 3656 2896 semetipso

2076 2925 2411 2978 destruatur.
2444 2919 2615 2974 Porro
2666 2921 2978 2988 perplexam
3014 2920 3150 2975 adeo
3182 2919 3457 2974 sermonis
3487 2919 3656 2987 hujus

2078 3015 2484 3085 ambiguitatem
2548 3014 2822 3084 explicare
2870 3010 3252 3066 tantummodo
3297 3012 3494 3080 poterit
3524 3026 3655 3064 vrra

2082 3107 2321 3178 mysterii
2358 3106 2661 3171 confessio,
2694 3105 2838 3174 quod
2876 3120 3067 3172 nempe
3096 3103 3408 3172 passionem
3433 3100 3657 3171 quidem

2080 3199 2397 3261 formidare,
2426 3199 2678 3259 humanm
2725 3196 3120 3250 imbecillitatis
3168 3204 3275 3255 est,
3300 3194 3442 3247 sicut
3489 3191 3655 3244 etiam

2077 3293 2153 3346 ait
2188 3291 2474 3354 DOIninlIS,
2533 3295 2778 3362 spiritum
2843 3298 3141 3356 promptum
3201 3300 3314 3339 esse
3369 3281 3557 3336 dicens
3586 3280 3655 3343 ",

2076 3404 2289 3442 carnem
2318 3392 2496 3438 autem
2526 3385 2830 3453 inﬁrmam;
2884 3374 3113 3430 suﬂerre
3145 3389 3274 3428 vero
3308 3374 3554 3428 eamdem
3588 3388 3656 3428 ex

2078 3473 2486 3543 dispensatione
2517 3470 2851 3540 passionem,
2879 3468 3048 3522 divini
3078 3466 3297 3521 consilii
3343 3473 3508 3535 atque
3540 3464 3639 3518 vir-

2081 3565 2212 3619 tutis
2238 3572 2341 3617 est.
2373 3562 2641 3628 Quoniam
2674 3560 2841 3630 igitur
2870 3560 2976 3613 alia
3002 3567 3084 3612 est
3114 3557 3353 3611 humana
3376 3555 3658 3619 voluntas,

2080 3658 2185 3710 alia
2217 3670 2346 3710 vero
2383 3654 2602 3717 divina;
2641 3653 2731 3719 qui
2770 3651 3023 3721 proprias
3078 3649 3185 3703 sibi
3235 3647 3368 3701 fecit
3422 3646 3661 3701 inﬁrmi-

2082 3760 2223 3804 tates
2249 3755 2487 3811 nostras,
2526 3744 2768 3813 loquitur
2794 3744 3015 3813 quidem
3047 3749 3107 3795 ut
3147 3741 3309 3794 homo
3356 3755 3479 3808 qua:
3504 3740 3661 3792 infir-

2081 3840 2257 3894 mitati
2288 3843 2632 3906 congruunt;
2659 3834 2942 3904 subjungit
2970 3848 3101 3887 vero
3141 3832 3449 3901 posteriora
3496 3829 3659 3885 verba

2080 3931 2284 4000 quibus
2319 3927 2607 3983 sublimem
2651 3924 2873 3993 Dcoque
2934 3924 3156 3991 dignam
3198 3923 3532 3976 voluntatem
3566 3936 3663 3990 po-

2078 4024 2189 4078 tius
2222 4035 2385 4090 quam
2420 4020 2750 4079 humanam,
2814 4023 3038 4085 prepter
3093 4014 3326 4067 salutem
3377 4013 3660 4066 hominum

2079 4122 2253 4170 ratam
2285 4110 2471 4165 haberi
2507 4110 2640 4162 vult.
2686 4107 2820 4169 Nam
2851 4124 2976 4161 cum
3027 4106 3188 4171 dixit,
3223 4107 3345 4159 Non
3390 4123 3523 4165 mea,
3557 4104 3662 4157 hu-

2078 4220 2298 4261 manam
2351 4203 2437 4257 his
2482 4202 2663 4256 verbis
2723 4200 3088 4269 signiﬁcavit;
3144 4215 3269 4253 eum
3322 4207 3503 4251 autem
3534 4196 3665 4252 sub-

2010 4562 2063 4622 D
2084 4638 2129 4642 __
2163 4568 2277 4639 (50)
2304 4571 2377 4625 Ita
2409 4588 2552 4625 corr.
2581 4582 2633 4626 et
2668 4573 2861 4642 synod.
2892 4582 3044 4628 sexta
3075 4590 3090 4639 ;
3121 4572 3262 4627 male
3282 4572 3335 4625 in
3359 4580 3508 4626 textu
3537 4572 3666 4627 cod.

2084 4638 2208 4713 Vat.
2242 4638 2288 4693 ει
2309 4643 2416 4713 γὰρ
2436 4638 2777 4713 βουλόμενος.

2154 4710 2265 4779 (51)
2310 4710 2491 4765 Ethic
2532 4710 2704 4767 secuti
2742 4729 2937 4767 smnus
2964 4713 3174 4780 antiqui
3207 4727 3354 4765 corr.
3395 4720 3449 4766 et
3496 4721 3665 4768 sexta:

2081 4780 2276 4849 synod.
2312 4782 2641 4849 lectionem;
2674 4799 2796 4837 nam
2830 4784 2883 4837 in
2917 4782 3037 4836 Vat.
3068 4783 3193 4837 cod.
3222 4792 3370 4836 textu
3402 4791 3487 4837 est
3516 4783 3665 4850 γίνε-

2079 4865 2188 4903 ται.

2152 4919 2265 4989 (52)
2298 4919 2373 4974 Ita
2406 4937 2549 4975 corr.
2572 4932 2625 4975 et
2659 4930 2811 4976 sexta
2858 4923 3093 4992 synod.;
3126 4920 3221 4977 sed
3270 4921 3323 4975 in
3361 4919 3481 4975 Vat.
3535 4922 3659 4979 cod.

2078 4998 2227 5062 textu
2259 4992 2473 5062 legitur,
2502 4993 2562 5045 τὸ
2600 4992 3055 5062 σπουδαζόμενον.

2083 5060 2263 5133 .,155)
2294 5061 2452 5116 COI‘I‘.
2484 5062 2545 5114 τὸ
2595 5061 2841 5131 θέλημα;
2877 5060 3051 5118 sexta
3107 5062 3305 5133 synod.
3355 5062 3559 5133 ποιήσῃ
3601 5076 3664 5115 το

2078 5128 2309 5215 mare:

2152 5200 2264 5272 (5t)
2306 5201 2364 5272 ln
2397 5210 2548 5256 sexta
2588 5202 2786 5272 synod.
2825 5202 2853 5254 6
2881 5201 3159 5272 βούληται.

2151 5271 2265 5345 (55)
2297 5271 2454 5345 _Corr.
2491 5279 2545 5325 et
2577 5271 2743 5345 sexta
2767 5274 2961 5343 synod.
2995 5271 3069 5344 μὴ
3101 5273 3320 5345 nomen.

2152 5342 2263 5409 (56)
2297 5341 2351 5394 In
2385 5350 2539 5397 sexta
2571 5342 2769 5413 synod.
2800 5341 3008 5411 legitur
3038 5341 3184 5396 αὑτό.

2153 5412 2266 5484 (57)
2298 5415 2354 5484 Ill
2390 5412 3175 5484 εθιῑαεγηούηἀναδέχεσθαι.

2153 5483 2266 5551 (58)
2302 5482 2461 5554 Carr.
2505 5482 2737 5553 θέλημα.
2766 5482 2842 5537 Ita
2861 5495 2926 5554 ret
2950 5482 3105 5538 sexta
3140 5483 3335 5554 synod.

2152 5549 2265 5621 (59)
2295 5549 2653 5624 ,φθέγγεταιη
2676 5584 2745 5624 τέ-
2775 5553 2883 5624 ᾼδιά
2946 5554 3072 5624 τὴν,
3103 5549 3387 5607 κοινωνίαν
3418 5551 3523 5624 τῆς
3555 5549 3659 5624 φύ-

2084 5640 2243 5685 σεως.
2286 5623 2413 5677 Ηαξο
2446 5620 2640 5678 recitat
2674 5622 2731 5677 S.
2762 5620 3013 5679 Joannes
3062 5623 3435 5678 Damascenus
3478 5620 3564 5676 lib.
3595 5620 3670 5673 De

2078 5695 2242 5749 duab.
2278 5692 2514 5756 volunt.,
2548 5709 2668 5762 cap.
2698 5695 2791 5761 '55,
2821 5711 2950 5764 opp.
2993 5704 3125 5747 tom.
3160 5692 3201 5751 Ι,
3236 5710 3357 5761 pag.
3385 5692 3510 5757 548,
3536 5706 3658 5762 sqq.

2160 5765 2271 5835 (60)
2302 5764 2376 5817 T6
2411 5765 2509 5837 τῆς
2540 5765 2664 5820 ἀσθ.
2691 5763 2943 5821 Damasc.
2982 5765 3043 5819 τὸ
3069 5766 3131 5835 τῇ
3168 5763 3447 5827 ἀσθενείᾳ.

3261 5856 3340 5918 38
