4120 6394
459 237 481 291 l
495 235 599 296 I95

1697 238 1753 294 S.
1797 239 2127 299 CREGORII
2162 245 2451 302 NYSSENI

3608 251 3749 308 “96

388 382 391 383 ν
454 358 660 428 junxit,
704 357 838 424 Tua,
897 357 1342 427 conjunctionem
1398 359 1705 415 divinitatis
1758 378 1871 418 sua:
1916 381 2040 420 cum

2163 369 2420 442 ςωτηρίας
2470 369 2661 425 θέλων.
2706 370 2765 424 Ὀ
2797 372 2905 444 γὰρ
2956 369 3149 439 εἰπὼν,
3180 371 3277 439 Μὴ
3325 370 3391 424 τὸ
3423 370 3535 443 (61)
3581 373 3744 441 ἐμίν.

464 452 629 506 Patre
677 452 973 515 denotavit,
1005 452 1059 505 in
1092 466 1198 520 qua
1237 452 1387 505 nulla
1418 461 1504 507 est
1550 455 1851 511 voluntatis
1891 458 2039 512 diffe-

458 544 632 596 rentia
672 542 742 597 ob
763 544 1206 597 communionem
1258 552 1505 611 naturze;
1545 562 1671 599 nam
1703 562 1827 601 cum
1859 547 2042 605 Patris

457 634 797 689 voluntatem
825 634 981 695 dixit,
1016 632 1137 687 Filii
1171 650 1392 705 quoque
1414 637 1751 691 voluntatem
1786 639 2042 710 designa-

457 726 558 781 vit.
594 724 722 780 Haec
764 734 946 781 autem
1004 733 1089 780 est
1144 742 1336 781 omnes
1378 728 1625 784 homines
1674 731 1808 785 velle
1863 732 2045 789 salvos

460 822 576 875 ﬁeri
630 828 685 875 et
742 819 809 873 ad
871 820 1239 888 cognitionem
1285 821 1535 875 veritatis
1595 824 1781 878 venire
1801 825 1870 888 9³,
1900 825 2047 894 quod

460 911 619 964 aliter
651 910 765 964 ﬁeri
812 924 921 963 non
960 918 1191 979 poterat,
1246 911 1354 964 nisi
1408 919 1585 967 morte
1612 913 1893 983 absorpta,
1924 932 2047 985 qua:

460 1002 528 1056 ad
581 1003 747 1056 vitam
796 1003 1087 1070 pervenire
1119 1002 1509 1071 praepediebat.
1567 1003 1804 1059 Humilia
1862 1016 2044 1061 autem

459 1092 713 1147 humana:
770 1092 1082 1147 formidinis
1145 1094 1308 1147 verba
1362 1104 1527 1163 atque
1574 1095 1891 1151 affectiones
1938 1098 2042 1153 sibi

463 1186 691 1239 aseiscit
745 1183 1032 1247 Dominus,
1066 1192 1124 1237 ut
1155 1186 1410 1239 ostendat
1455 1202 1581 1240 vere
1629 1187 1683 1241 in
1723 1190 1905 1259 seipso
1958 1206 2057 1245 vo-

461 1273 728 1325 luntatem
784 1280 1027 1325 nostram
1072 1272 1351 1333 habuisse,
1401 1288 1467 1327 ex
1516 1274 1862 1331 aﬂectionum
1909 1294 2059 1333 com-

462 1366 727 1418 lllllllIOlle
750 1365 1048 1418 humanam
1081 1366 1133 1418 in
1170 1382 1228 1420 se
1255 1375 1505 1420 naturam
1539 1384 1661 1424 ESSE
1703 1372 2057 1428 conﬁrmans.

2144 461 2206 513 τὸ
2233 461 2569 531 ἀνθρώπινον
2614 463 2692 533 τῷ
2738 463 2879 533 λόγῳ
2933 465 3196 535 ὲσήμανε.
3246 463 3509 533 Προσθεὶς
3554 462 3633 527 δὲ,
3676 464 3747 516 ’1‘6

2151 550 2287 615 σὸν,
2322 552 2486 619 ἔδειξε
2534 552 2642 623 (62)
2685 554 2745 606 τὸ
2796 553 3031 622 συναφὲς
3078 554 3177 624 τῆς
3222 553 3416 605 ἑαυτοῦ
3467 552 3602 623 πρὸς
3658 554 3750 605 τὸν

2152 643 2373 712 Πατέρα
2416 644 2683 713 θεότητος,
2732 640 2799 717 ἦς
2846 646 3071 715 οὐδεμία
3120 645 3421 715 θελήματος
3470 646 3585 697 ὲστι
3635 644 3750 698 δια-

2155 734 2297 801 φορᾶ
2330 734 2418 787 διὰ
2445 735 2542 805 τὴν
2569 737 2849 790 κοινωνίαν
2873 738 2971 807 τῆς
3000 737 3212 806 φύσεως
3231 752 3245 765 ’
3276 736 3338 789 τὸ
3365 735 3474 806 γὰρ
3506 735 3616 803 (65)
3647 734 3745 788 τοῦ

2156 822 2370 894 Πατρὸς
2421 826 2590 880 εἰπὼν
2620 827 2852 899 θέλημα,
2888 829 2980 881 καὶ
3026 826 3086 879 τὸ
3128 825 3221 880 τοῦ
3257 826 3388 879 Υίοῦ
3427 827 3744 893 ἐνεδείξατο.

2155 913 2325 968 Τοῦτο
2351 916 2408 969 δέ
2436 919 2549 970 ἐστι
2603 918 2662 972 τὸ
2691 922 2895 983 πάντας
2935 917 3255 990 ἀνθρώπους
3282 916 3455 971 θέλειν
3488 918 3748 987 σωθῆναι,

2152 1005 2247 1056 καὶ
2294 1005 2375 1069 είς
2436 1006 2731 1075 ἐπίγνωσιν
2776 1009 3034 1079 ἀληθείας
3094 1007 3295 1060 ὲλθεῖνο
3349 1009 3486 1077 ὅπερ
3541 1008 3641 1061 οὐκ
3681 1004 3749 1078 ἦν

2153 1096 2328 1160 ἄλλως
2362 1098 2633 1166 γενέσθαι,
2671 1099 2745 1170 μὴ
2782 1101 2875 1154 τοῦ
2908 1100 3138 1153 θανάτου
3183 1100 3581 1164 καταποθέντος
3611 1101 3743 1169 (64).

2167 1191 2261 1243 τοῦ
2300 1192 2435 1262 πρὸς
2480 1192 2577 1261 τὴν
2613 1189 2756 1263 ζωὴν
2785 1193 3180 1257 ἐμποδίζοντος.
3204 1191 3283 1243 Τά
3306 1191 3361 1242 δὲ
3386 1191 3616 1244 ταπεινὰ
3638 1191 3748 1261 (65)

2166 1282 2265 1350 τῆς
2302 1281 2645 1353 ἀνθρωπίνης
2669 1283 2869 1345 δειλίας
2899 1282 2991 1333 καὶ
3023 1282 3264 1351 ῥήματα,
3307 1281 3402 1333 καὶ
3449 1280 3620 1343 πάθος
3669 1282 3748 1333 oi—

2169 1372 2410 1426 κειοῦται
2444 1376 2471 1425 6
2510 1372 2732 1443 Κύριος,
2770 1372 2982 1435 δεικνὺς
3008 1372 3090 1424 ὅτι
3147 1370 3342 1441 ἀληθὲς
3380 1369 3492 1441 (66)
3521 1366 3587 1440 ἦν
3620 1370 3748 1440 περὶ

459 1456 622 1508 αὐτὸν
661 1456 721 1507 τὸ
748 1455 1039 1526 ἡμέτερον,
1083 1458 1147 1509 ὲκ
1172 1458 1269 1528 τῆς
1299 1458 1407 1511 τῶν
1435 1460 1774 1531 παθημάτων
1814 1467 2095 1529 κοινωνίας
2122 1466 2218 1537 τὴν
2285 1465 2444 1534 φύσιν
2510 1466 2864 1536 πιστούμενος
2883 1506 2899 1523 .

531 1566 771 1620 XXXIII.
818 1568 997 1636 Atqui,
1048 1570 1123 1621 ait
1171 1570 1523 1639 Apollinaris.
1578 1577 1771 1628 terreni
1815 1577 2044 1632 hominis
2080 1581 2121 1634 Β

462 1676 564 1713 non
592 1668 728 1719 erat,
762 1660 897 1713 sicut
925 1660 1027 1727 ipsi
1079 1670 1289 1727 putant,
1327 1663 1466 1732 quod
1496 1666 1548 1716 in
1580 1665 1696 1733 ejus
1730 1668 1921 1721 unione
1964 1686 2051 1722 as-

463 1760 731 1817 sumptum
780 1751 977 1819 fuerat,
1020 1754 1108 1804 sed
1156 1750 1274 1814 Dei,
1328 1755 1421 1822 qui
1472 1755 1536 1808 de
1585 1757 1711 1809 εωίο
1763 1758 2048 1813 descendit.

464 1841 524 1895 In
559 1840 645 1895 his
671 1849 851 1895 autem
883 1842 1068 1897 verbis
1100 1844 1433 1899 elocutionis
1460 1844 1713 1901 defectus
1753 1857 1805 1902 et
1846 1852 2053 1903 obscu-

465 1933 603 1986 ritas
631 1933 793 1986 eilicit
848 1942 905 1987 ut
938 1934 1031 2003 qui
1087 1934 1235 1987 nuda
1290 1936 1455 1989 verba
1521 1938 1775 2005 attendit,
1809 1942 2055 1996 auctoris

465 2034 704 2079 mentem
758 2041 867 2080 nou
907 2035 1256 2095 assequatur,
1295 2027 1405 2080 nisi
1438 2029 1584 2097 quod
1619 2033 1897 2087 sermonis
1923 2048 2059 2086 eon-

468 2114 707 2176 fusione,
751 2117 871 2185 ejus
898 2132 1093 2171 sensus
1119 2133 1185 2171 ex
1223 2125 1338 2171 toto
1399 2134 1512 2173 non
1553 2121 1887 2175 occultatur.
1934 2119 2058 2176 Non

466 2218 588 2261 sunt
624 2210 817 2262 terreni
847 2210 1095 2274 hominis,
1120 2210 1316 2279 inquit,
1345 2228 1491 2263 voces
1520 2212 1628 2265 illa:
1644 2229 1760 2281 qua:
1793 2213 2056 2267 humanas

468 2300 741 2367 passiones
758 2300 1079 2367 exprimunt,
1106 2299 1196 2352 sed
1218 2299 1313 2353 Dei
1324 2301 1413 2371 qui
1432 2301 1495 2353 de
1508 2301 1636 2354 coelo
1666 2301 1955 2357 descendit.
1983 2304 2059 2358 Ex

470 2389 556 2442 his
589 2403 712 2458 quae
760 2390 1024 2443 hactenus
1064 2390 1335 2458 diximus,
1398 2400 1545 2461 patet
1593 2395 1960 2462 Apollinarem
2006 2398 2061 2450 in

471 2480 527 2535 id
579 2495 747 2534 unum
804 2481 1107 2544 intendere,
1152 2494 1209 2537 ut
1267 2486 1479 2539 scilicet
1530 2486 1875 2542 divinitatem
1938 2505 2066 2559 pas-

472 2574 688 2628 sibilem
712 2590 836 2630 esse
866 2576 1227 2631 demonstret.
1263 2576 1384 2631 Mox
1412 2579 1709 2635 locutionis
1746 2582 2064 2636 absurdita-

471 2671 523 2717 te
559 2664 757 2718 mentis
812 2678 925 2718 sua:
973 2681 1134 2720 sensa
1199 2666 1523 2734 confundit;
1583 2685 1709 2722 nam
1774 2678 2063 2741 postquam

2231 1581 2384 1633 Ἀλλ’
2415 1581 2525 1633 οὐκ
2568 1576 2668 1649 ἦν,
2728 1579 2893 1649 φησὶν
2922 1581 2950 1632 6
2996 1577 3398 1647 Ἀπολινάριος,
3429 1576 3745 1642 ἀνθρώπου

2154 1674 2260 1724 τοῦ
2288 1673 2356 1725 ἐκ
2406 1671 2539 1742 γῆς,
2569 1673 2647 1738 ὡς
2674 1672 2845 1726 αὐτοὶ
2883 1670 3211 1741 νομίζουσι,
3240 1670 3401 1723 ἀλλὰ
3449 1668 3593 1722 Θεοῦ
3636 1667 3743 1720 τοῦ

2154 1760 2521 1828 καταϐάντος
2541 1761 2611 1825 ἐξ
2635 1762 2915 1830 οὐρανοῦ,
2940 1762 3002 1814 τὸ
3016 1764 3102 1826 είς
3117 1760 3337 1813 ἕνωσιν
3360 1758 3545 1812 αὐτοῦ
3562 1770 3746 1825 προσ-

2153 1847 2531 1916 ειλημμένον.
2579 1850 2666 1901 Ἐν
2699 1848 2907 1912 τούτοις
2951 1849 3043 1911 δὲ,
3076 1849 3136 1901 τὸ
3172 1849 3269 1918 μὲν
3316 1847 3502 1901 ἄτονόν
3556 1865 3616 1900 τε
3649 1848 3744 1900 καὶ

2157 1937 2465 2005 ἀσήμαντον
2490 1937 2589 2007 τῆς
2620 1938 2915 2008 ἑρμηνείας
2937 1939 3176 2009 παράγει
3199 1938 3299 2007 τῆς
3327 1938 3467 1989 κατά
3498 1938 3586 1990 τὸν
3613 1936 3740 1990 νοῦν

2158 2027 2476 2091 ἀκολουθίας
2527 2029 2617 2081 τὸν
2662 2029 2774 2098 (67)
2820 2031 2932 2092 τοῖς
2993 2029 3401 2101 γεγραμμένοις
3455 2029 3741 2099 ἑπόμενον,

2160 2120 2299 2190 πλὴν
2338 2121 2397 2172 οὺ
2432 2121 2711 2185 παντελῶς
2757 2122 3172 2193 ἀποκέκρυπται
3207 2124 3240 2192 ἡ
3280 2121 3488 2175 διάνοια
3525 2124 3590 2191 τῇ
3628 2121 3744 2191 (68)

2162 2211 2420 2281 συγχύσει
2449 2212 2550 2281 τῆς
2577 2210 2795 2275 λέξεως.
2825 2214 2946 2265 Οὺκ
2977 2212 3310 2279 ἀνθρώπου,
3352 2213 3505 2282 φησὶ,
3539 2212 3641 2265 τοῦ
3674 2212 3745 2265 ἐκ

2162 2302 2274 2372 γῆς
2296 2303 2451 2354 είσιν
2480 2303 2539 2353 αἱ
2566 2300 2907 2369 περιπαθεῖς
2928 2300 3148 2353 ἐκεῖναι
3172 2301 3382 2369 φωναὶ,
3414 2301 3574 2355 ἀλλὰ
3597 2300 3747 2354 Θεοῦ

2162 2395 2267 2448 τοῦ
2304 2390 2670 2457 καταϐάντος
2710 2392 2778 2456 ἐξ
2818 2392 3097 2460 οὐρανοῦ.
3132 2393 3311 2463 Μέχρι
3357 2392 3545 2446 τούτου
3588 2394 3747 2463 δῆλον

2163 2486 2227 2537 ὲκ
2282 2483 2390 2535 τῶν
2440 2483 2745 2555 εἰρημένων
2808 2483 2867 2536 τὸ
2915 2483 3180 2553 βούλημα,
3229 2484 3310 2536 ὅτι
3370 2483 3469 2553 τὴν
3516 2483 3749 2554 θεότητα

2165 2576 2387 2646 ἐμπαθῆ
2440 2570 2576 2628 εἶναι
2631 2575 3049 2638 κατασκευάζει.
3102 2571 3233 2627 Εἶτα
3279 2577 3468 2645 συγχεῖ
3510 2577 3573 2644 τῇ
3624 2576 3749 2629 ἀτο-

2166 2668 2266 2740 πία
2295 2667 2406 2739 (69)
2438 2669 2536 2738 τῆς
2575 2667 2777 2734 λέξεως
2820 2668 2920 2737 τὴν
2953 2668 3213 2721 διάνοιαν.
3264 2665 3450 2719 Εἰπὼν
3481 2665 3611 2736 γάρ,
3664 2665 3749 2717 ὅτι

471 2753 632 2818 dixit,
668 2753 766 2807 Dei
788 2755 877 2824 qui
900 2754 963 2808 de
990 2755 1116 2809 calo
1146 2755 1437 2822 descendit,
1468 2762 1654 2815 statim
1678 2762 1884 2827 subdit,
1912 2762 2059 2829 Quod

2170 2760 2317 2813 Θεοῦ
2349 2759 2454 2813 τοῦ
2489 2758 2853 2824 καταϐάντος
2883 2757 2951 2821 ἐξ
2980 2757 3272 2825 οὐρανῶν,
3307 2756 3631 2827 προστίθησι
3662 2756 3745 2821 τὸ,

470 2848 526 2899 in
557 2845 672 2915 ejus
702 2848 948 2900 unionem
990 2859 1318 2917 assumptum
1356 2852 1550 2919 fuerat.
1589 2852 1720 2918 Quae
1760 2855 1925 2909 verba
1956 2872 2059 2911 non

2169 2852 2275 2913 Εἰς
2302 2848 2523 2903 ἕνωσιν
2544 2849 2729 2903 αὐτοῦ
2762 2847 3303 2917 προσειλημμένον.
3345 2847 3432 2911 Ὠς
3456 2849 3522 2902 ἄν
3544 2865 3628 2912 τις
3656 2849 3750 2900 ἐπὶ

471 2954 634 2993 nemo
657 2940 879 2993 clariori
912 2957 1076 2996 sensu
1097 2943 1331 2999 reddens
1362 2946 1719 3008 dixerit,Non
1749 2958 1863 3000 erat
1894 2947 2056 3003 homo

2163 2940 2223 2993 τὸ
2253 2940 2586 3012 σαφέστερον
2623 2941 2938 3011 μεταϐαλὼν
2976 2943 3086 3013 (70)
3116 2943 3259 2995 εἴποι
3310 2940 3399 2995 τὸν
3450 2941 3604 3009 λόγον
3641 2941 3745 3003 ὃτι,

472 3030 567 3097 qui
602 3030 943 3099 loquebatur,
976 3030 1071 3086 sed
1108 3032 1249 3086 Deus
1287 3049 1381 3103 per
1418 3036 2056 3108 homiuemloqucbatur,

2163 3035 2275 3087 Οὐκ
2308 3033 2590 3104 ἄνθρωπος
2633 3029 2701 3104 ἦν
2741 3036 2768 3087 6
2815 3032 3011 3097 λαλῶν,
3055 3032 3189 3085 ἀλλά
3232 3032 3362 3095 Θεὸς
3395 3031 3484 3085 διὰ
3516 3031 3606 3084 τοῦ
3654 3034 3750 3083 άν-

472 3119 567 3191 qui
598 3122 651 3174 in
689 3122 773 3176 sui
820 3124 995 3192 ipsius
1037 3122 1293 3178 unionem
1327 3126 1472 3194 quod
1506 3126 1804 3195 apparebat
1841 3142 2057 3183 assum-

2165 3124 2384 3193 θρώπου
2411 3123 2729 3192 ἐφθέγγετο,
2763 3125 2791 3176 6
2820 3126 2898 3187 είς
2934 3125 3032 3193 τὴν
3064 3121 3257 3176 ἑαυτοῦ
3292 3123 3485 3175 ἕνωσιν
3516 3122 3751 3193 προσλα-

472 3220 677 3281 pserat.
703 3212 989 3267 Undenam
1024 3214 1193 3283 igitur
1225 3223 1548 3283 assumptus
1581 3214 1685 3269 fuit
1729 3217 1891 3270 homo
1931 3217 2059 3271 ille?

2163 3214 2273 3268 εὼν
2299 3214 2361 3267 τὸ
2395 3214 2735 3284 φαινόμενον.
2767 3211 2937 3266 Πόθεν
2968 3210 3059 3267 οὖν
3094 3213 3446 3284 προσελήφθη
3478 3214 3750 3282 Olﬁus?-

474 3300 552 3355 Ex
585 3304 775 3357 terra?
802 3303 987 3374 Negat.
1021 3307 1090 3358 At
1112 3307 1159 3360 si
1190 3306 1243 3359 in
1279 3306 1440 3361 caelis
1464 3307 1700 3371 exstitit,
1735 3324 1801 3362 ex
1824 3308 2059 3363 homini-

2163 3323 2251 3369 νος
2280 3306 2308 3358 6
2340 3304 2621 3376 ἄνθρωπος
2646 3323 2662 3371 ;
2698 3306 2792 3357 Ἐκ
2814 3304 2916 3374 γῆς
2942 3322 2955 3369 ;
2989 3304 3063 3357 Οῡ
3090 3322 3273 3376 φησιν.
3310 3304 3397 3357 Ἐν
3420 3305 3663 3374 οὐρανοῖς
3689 3304 3749 3356 δὲ

474 3395 582 3451 bus
611 3410 719 3449 non
748 3404 851 3451 est.
878 3395 1139 3467 Superest
1158 3398 1341 3466 itaque
1373 3408 1430 3450 ut
1462 3399 1613 3452 nullo
1642 3416 1707 3453 ex
1746 3400 1869 3453 loco
1898 3400 2059 3456 adve-

2163 3398 2473 3466 γενὸμενος,
2505 3396 2808 3467 ἀνθρώπων
2837 3395 2947 3465 (72)
2971 3397 3070 3448 οὐκ
3100 3395 3234 3448 ἐστι.
3264 3397 3522 3447 Λείπεται
3552 3394 3613 3447 τὸ
3642 3412 3750 3464 μη·
3830 3408 3833 3415 ’

474 3486 625 3541 uisse
646 3485 836 3552 dicat;
874 3500 981 3556 qua
1033 3502 1157 3541 cum
1186 3489 1491 3543 assertione
1542 3489 1707 3542 simul
1765 3492 2060 3554 astruitur,

476 3577 736 3646 opinione
761 3578 1156 3642 tantummodo,
1184 3594 1292 3632 nou
1328 3580 1556 3634 veritate
1596 3582 1877 3637 exstitisse
1917 3581 2061 3650 quod

476 3668 814 3739 apparebat:
873 3669 1019 3738 quod
1085 3671 1231 3724 enim
1261 3688 1328 3725 ex
1388 3673 1538 3725 nullo
1579 3673 1703 3727 loco
1729 3684 1837 3739 est,
1874 3674 1926 3728 id
1962 3689 2065 3730 nec

477 3774 707 3829 prorsus
732 3762 974 3818 exsistit.
1000 3759 1163 3832 Atqui
1192 3777 1257 3817 ex
1296 3761 1382 3817 his
1402 3778 1523 3833 qua:
1546 3763 1829 3836 subjuugit
1857 3766 2063 3832 verbis,

478 3851 755 3906 hominem
787 3852 939 3906 illum
986 3868 1017 3907 e
1076 3853 1217 3907 cado
1242 3852 1597 3910 descendisse
1654 3856 1809 3910 dicit.
1834 3854 1896 3909 Et
1930 3871 2066 3912 sane

479 3937 535 3994 in
558 3945 704 3993 terra
739 3938 951 3993 exstitit
984 3938 1172 4004 Maria,
1202 3947 1256 3995 et
1297 3940 1351 3994 in
1375 3949 1519 3995 terra
1536 3943 1798 4011 spelunca
1829 3946 2065 4011 exstitit,

478 4037 758 4085 terrenum
799 4038 854 4084 et
871 4046 1131 4100 praesepe.
1166 4032 1453 4098 Quomodo
1481 4048 1613 4103 ergo
1665 4034 1753 4088 hic
1790 4036 2069 4090 hominem

476 4136 509 4175 e
569 4122 712 4176 cmlo
762 4121 817 4175 in
901 4128 1103 4175 terram
1159 4120 1416 4176 deducit?
1490 4122 1625 4177 Nam
1670 4140 1793 4178 cum
1888 4127 2071 4181 omnis

480 4209 764 4282 Scriptura
834 4210 1068 4266 fateatur
1141 4210 1442 4283 Virginem,
1512 4222 1754 4282 partum,
1822 4230 2068 4281 carnem,

2170 3487 2403 3557 δαμόθεν
2437 3486 2633 3556 λέγειν,
2659 3480 2703 3554 ᾧ
2735 3484 3326 3554 συγκατασκευάζεται,
3359 3486 3418 3539 τὸ
3447 3486 3667 3554 δόκησιν
3688 3485 3750 3537 τὸ

2168 3580 2489 3649 φαινόμενον
2523 3574 2682 3642 εἶναι,
2711 3580 2806 3632 καὶ
2832 3580 2930 3631 οὐκ
2959 3578 3214 3649 ἀλήθειαν
3232 3596 3245 3609 ο
3283 3579 3343 3631 τὸ
3366 3577 3473 3648 γὰρ
3507 3577 3751 3646 μηδαμὸι

2169 3670 2260 3723 θεν
2295 3669 2374 3729 ὃν,
2398 3670 2517 3722 οὐδέ
2544 3672 2689 3723 ἐστιν
2720 3670 2876 3732 ὅλως.
2916 3669 3052 3721 Ἀλλ’
3083 3669 3141 3735 ἐξ
3168 3662 3242 3723 ὧν
3266 3668 3533 3740 παρέθετο
3554 3668 3748 3761 λόγων,

2170 3761 2228 3826 ἐξ
2262 3760 2491 3832 οὐρανοῦ
2522 3761 2958 3832 καταϐεϐηκέναι
3000 3762 3090 3815 τὸν
3122 3760 3407 3832 ἄνθρωπον
3440 3760 3615 3829 λέγει.
3640 3761 3750 3811 Καὶ

2174 3854 2279 3926 μὴν
2319 3854 2415 3907 ἐπὶ
2449 3856 2551 3925 γῆς
2598 3856 2630 3925 ἡ
2679 3856 2888 3925 Μαρία,
2920 3855 3013 3907 καὶ
3042 3856 3100 3908 ἐν
3126 3857 3196 3925 γῇ
3228 3855 3288 3906 τὸ
3337 3854 3620 3923 σπήλαιον,
3653 3853 3751 3905 καὶ

2172 3948 2332 4018 γηΐνη
2363 3948 2397 4018 ἡ
2429 3948 2622 4018 φάτνη.
2669 3947 2779 4000 Καὶ
2811 3947 2927 4009 πῶς
2956 3949 3087 4017 ἡμῖν
3114 3945 3276 4008 αὐτὸς
3307 3946 3417 4014 (75)
3460 3943 3749 4015 οὐρανόθεν

2172 4036 2455 4108 ἄνθρωπον
2485 4037 2576 4090 ἐπὶ
2605 4038 2702 4107 τὴν
2741 4040 2844 4107 γῆν
2887 4036 3217 4107 μετοικίζει;
3253 4036 3441 4105 Πάσης
3478 4036 3586 4105 γὰρ
3614 4036 3749 4104 ὀμο-

2172 4129 2438 4201 λογούσης
2456 4130 2677 4203 Γραφῆς
2695 4130 2792 4200 τὴν
2814 4129 3211 4200 Παρθένον,τὸν
3232 4129 3407 4190 τόκον,
3432 4126 3528 4197 τὴν
3552 4126 3750 4193 σάρκα,

2174 4220 2243 4274 τά
2273 4222 2579 4291 σπάργανα,
2606 4223 2703 4291 τὴν
2738 4219 2924 4291 θηλὴν,
2956 4220 3052 4290 τὴν
3090 4220 3317 4291 φάτνην,
3348 4219 3448 4289 τὴν
3475 4217 3751 4287 ἀνθρωπί-

480 4302 704 4365 fascias,
765 4303 971 4371 ubera,
1036 4319 1283 4374 praesepe
1356 4320 1682 4375 omnemque
1736 4315 2059 4378 apparatum

2174 4331 2271 4384 νην
2300 4313 2610 4382 διασκευὴν,
2643 4305 2797 4375 οὗτος
2839 4311 3014 4364 πάντα
3057 4309 3394 4374 καταλιπὼν,
3433 4310 3620 4381 ἕτερον
3652 4308 3750 4363 ἄν·

479 4394 816 4460 humanum;
851 4394 940 4449 hic
979 4395 1238 4449 omnibus
1268 4395 1391 4451 istis
1423 4396 1665 4466 rejectis,
1698 4399 1865 4452 alium
1907 4399 2067 4455 nobis

481 4486 745 4557 conﬁngit
777 4487 1051 4543 hominem
1083 4488 1333 4558 cujusvis
1366 4490 1595 4562 originis
1632 4501 1911 4562 expertem
1950 4494 2071 4548 nul-

481 4577 640 4647 laque.
665 4577 923 4633 aliinitate
951 4593 1073 4633 cum
1102 4587 1298 4634 natura
1337 4589 1525 4636 nostra
1548 4582 1922 4649 conjunctum.

551 4667 792 4725 XXXIV.
829 4669 1002 4725 Porro
1040 4672 1287 4726 convicia
1318 4672 1410 4727 illa
1462 4689 1584 4743 quae
1635 4674 1751 4730 suis
1802 4678 2071 4732 sermoni-

482 4759 591 4814 bus
644 4760 859 4826 inserit,
897 4770 1051 4818 ratus
1108 4763 1382 4834 dogmatis
1409 4765 1495 4819 sui
1519 4764 1815 4823 falsitatem
1851 4769 2067 4824 veritati

554 4935 647 4987 "l
681 4932 923 4991 Timoth.
960 4953 1022 5001 ll,
1056 4942 1109 4995 4.

556 5090 668 5166 )
694 5091 851 5166 (Sorr.
894 5092 975 5145 ὄτι
1002 5095 1076 5163 μὴ
1105 5092 1186 5166 τό,
1210 5093 1729 5166 θιᾲῐηοιηὲσήμῃνε.

556 5162 668 5233 (li?)
704 5163 759 5233 lu
785 5170 939 5215 sexta
973 5162 1167 5233 Synod.
1197 5164 1291 5217 ml.
1330 5164 1518 5230 ἔδειξε.

564 5231 677 5304 (65)
710 5229 783 5304 _lu
812 5240 968 5285 sexta
1000 5229 1195 5304 synod.
1229 5237 1257 5287 6
1284 5236 1414 5304 γάρ.

560 5300 673 5369 (64)
709 5301 786 5354 Ita
817 5318 961 5357 corr.
1002 5300 1155 5378 legit.
1186 5303 1262 5378 lla
1291 5300 1544 5361 et'sexta
1580 5306 1798 5378 synod.,
1828 5323 1949 5378 qua:
1984 5316 2071 5362 ta-

486 5386 613 5425 men
644 5386 741 5439 pro
783 5373 1187 5437 καταποθέντος
1244 5377 1406 5431 habet
1438 5373 1963 5445 καταγωνισθέντος.
2009 5378 2066 5434 In

487 5438 614 5494 Vat.
661 5451 843 5494 autem
896 5443 1020 5497 cod.
1072 5454 1234 5500 antea
1266 5446 1500 5503 eratcui)
1520 5447 1756 5503 θανάτω.

601 5480 614 5511 .
642 5458 843 5511 autem
896 5458 1020 5497 cou.
1072 5458 1234 5500 antea
1266 5458 1405 5511 erat,
1422 5464 1500 5511 τῳ
1520 5458 1756 5511 θανάτῳ.

499 5465 614 5494 vat.
661 5465 843 5494 uuwm
896 5465 1020 5497 cuu.
1072 5465 1234 5500 antea
1266 5465 1500 5517 erat,':tp
1520 5465 1756 5520 υανατῳ.

488 5510 674 5650 ῥ,(65)
708 5512 768 5565 In
791 5520 943 5566 sexta
983 5515 1177 5585 synod.
1220 5516 1281 5570 τὸ
1307 5516 1365 5569 δὲ
1393 5518 1668 5579 ταπεινόν,
1694 5528 1748 5571 et
1787 5532 1938 5581 mox,
1974 5518 2069 5571 καὶ¹

525 5596 661 5650 ημα.

525 5596 640 5650 ημα

563 5619 857 5721 (66)(301τ.
883 5651 1122 5724 ἀληθῶς,
1164 5663 1327 5726 atque
1356 5656 1427 5710 ita
1464 5657 1665 5733 legisse
1714 5657 1928 5714 videtur
1967 5674 2067 5714 ve-

1603 5810 1637 5846 τί

2176 4405 2393 4477 θρωπον
2441 4405 2663 4477 ἄρριζον
2709 4404 2804 4458 καὶ
2846 4403 3097 4473 ἀσυναφῆ
3145 4403 3281 4475 πρὸς
3328 4404 3425 4476 τὴν
3477 4402 3751 4473 ἡμετέραν

2176 4498 2337 4568 φύσιν
2369 4497 2704 4551 άναπλάσσει
2734 4496 2813 4567 τῷ
2845 4496 3007 4566 λόγῳ.

2261 4676 2401 4729 Ἀλλ’
2431 4676 2560 4738 ὅσας
2610 4673 2697 4727 διὰ
2733 4673 2898 4744 μέσου
2928 4672 3193 4744 λοιδορίας
3235 4675 3349 4737 τοῖς
3387 4672 3566 4741 λόγοις
3611 4689 3750 4743 συμ-

2177 4769 2412 4834 πλέκων,
2433 4767 2521 4822 διὰ
2553 4765 2756 4819 τούτων
2779 4765 2950 4819 οἴεται
2975 4764 3264 4837 κρατύνειν
3285 4765 3382 4837 τὴν
3402 4765 3630 4819 ἀτοπίαν
3656 4765 3750 4819 τοῦ

2179 5108 2268 5153 tus
2306 5096 2503 5168 synod.
2547 5097 2929 5168 sextaeinterp.
2982 5094 3110 5153 licet
3143 5096 3198 5151 in
3228 5094 3462 5166 vulgatis
3506 5094 3751 5163 ejusdem

2181 5166 2587 5237 exemplaribus
2623 5169 2694 5221 sit
2725 5166 2944 5235 ἀληθές.

2248 5235 2361 5308 (67)
2396 5237 2473 5290 lta
2500 5252 2642 5292 corr.
2672 5255 2687 5303 ;
2714 5244 2872 5289 antea
2897 5235 2979 5289 τό.

2249 5307 2361 5374 (68)
2386 5309 2543 5361 (Zorr.
2568 5308 2625 5360 ἐν
2657 5310 2745 5377 τῇ.

2249 5377 2362 5444 (69)
2385 5378 2544 5431 Corr.
2569 5378 2777 5447 ἀτονία.

2251 5448 2366 5512 (70)
2394 5450 2468 5500 Ita
2498 5443 2849 5510 corr.;antea
2891 5444 3193 5514 legebatur,
3228 5443 3566 5515 μεταλαϐών.

2252 5518 2365 5587 (71)
2396 5517 2473 5571 Ita
2499 5532 2668 5587 corr.;
2701 5518 2754 5570 in
2779 5515 2902 5569 cod.
2939 5524 3051 5587 est,
3076 5514 3464 5586 προσελείφθη.

2274 5585 2360 5653 72)
2379 5585 2687 5658 Legendqu
2722 5587 2936 5643 videtur
2964 5585 3268 5658 ἄνθρωπος.

2277 5650 2363 5728 75)
2387 5650 2541 5713 Οοῖτ.
2571 5650 2747 5720 οὗτος.
